2230 2663
437 180 40 32 28
867 177 250 33 Statsutskottets
1146 175 167 34 Utlåtande
1335 175 63 32 N:o
1430 176 72 33 150.

394 263 122 35 såsom
547 258 162 39 ämbets-
738 258 90 38 eller
854 258 242 50 tjänstemän.
1152 256 136 38 Likväl
1311 261 132 46 syntes
1462 255 178 49 samtliga
1659 254 210 38 nämndens
1888 254 102 37 leda-

394 319 124 32 möter
545 313 91 37 böra
664 311 248 38 tillerkännas
941 310 83 38 icke
1052 310 109 49 blott,
1190 312 124 35 såsom
1346 311 94 35 1907
1472 312 60 34 års
1561 307 131 51 kungl.
1723 307 144 50 förslag
1894 321 96 36 upp-

393 366 99 50 tagit
538 365 234 38 beträffande
816 363 530 48 vattenfallskommissionen,
1391 361 309 48 reseersättning,
1741 365 90 32 utan
1878 360 113 38 äfven

395 419 332 50 dagtraktamente
770 418 122 49 enligt
931 416 336 50 resereglementet
1297 416 61 37 för
1385 414 206 38 inställelse
1619 414 63 37 vid
1711 413 279 37 sammanträde

394 472 85 37 med
521 471 191 38 nämnden
751 471 70 37 och
863 469 184 50 styrelsen
1089 472 20 34 å
1138 482 126 24 annan
1293 474 58 32 ort
1378 473 49 32 än
1456 467 69 38 den
1555 467 66 37 där
1649 467 45 36 de
1722 479 91 24 vore
1840 466 151 38 bosatta

395 525 91 37 eler
528 525 67 37 där
635 523 45 38 de
722 524 57 36 till
821 523 93 50 följd
958 522 39 37 af
1030 521 175 39 särskildt
1232 520 282 51 tjänsteärende
1542 519 91 38 eller
1660 519 121 37 under
1809 524 182 32 semester

395 577 202 51 uppehölle
625 577 71 48 sig.

523 630 86 37 Med
650 629 73 38 den
756 628 235 39 omfattande
1019 628 254 48 verksamhet,
1303 627 74 37 den
1405 625 219 50 föreslagna
1653 625 187 49 styrelsen
1869 624 122 37 skulle

394 684 152 35 komma
587 687 55 31 att
683 682 154 46 erhålla,
876 681 126 36 kunde
1031 681 83 35 icke
1142 680 160 48 undgås,
1333 684 55 31 att
1416 679 75 35 den
1518 679 56 34 till
1602 678 66 36 sitt
1695 677 147 36 biträde
1870 679 121 33 måste

395 735 112 37 hafva
538 733 228 38 åtminstone
795 735 64 35 två
886 733 243 50 tjänstemän.

525 786 131 38 Såsom
699 787 101 36 förut
840 785 227 37 framhållits
1109 784 120 37 skulle
1262 782 471 38 vattenverksdirektören
1761 781 130 37 utöfva
1920 780 72 37 den

394 839 161 38 ledande
578 839 300 46 verksamheten,
898 838 13 36 i
931 837 157 37 hvilken
1109 836 194 50 egenskap
1324 836 64 36 det
1408 835 208 36 tillkomme
1634 834 138 37 honom
1793 834 32 49 ej
1847 832 146 37 mindre

396 898 55 31 att
491 897 91 45 taga
622 891 166 37 initiativ
829 891 59 36 till
920 890 70 37 och
1017 890 12 36 i
1058 894 95 32 stort
1181 889 83 37 sedt
1291 892 175 46 uppgöra
1493 887 132 50 planer
1652 886 57 37 till
1736 885 257 51 bebyggande

396 946 34 36 af
472 944 208 48 vattenfall,
722 944 238 49 regleringar
1002 943 39 36 af
1078 943 101 48 sjöar
1212 941 72 37 och
1312 940 242 49 vattendrag,
1583 939 149 37 förvärf
1756 939 41 36 af
1823 938 172 37 enskilda

395 997 195 50 tillhöriga
630 996 210 41 vattenfall,
884 1009 80 24 som
1005 995 118 37 borde
1156 994 59 38 för
1248 999 55 32 ett
1330 994 124 36 bättre
1481 991 335 51 tillgodogörande
1844 991 150 37 förenas

395 1051 86 36 med
509 1056 125 31 staten
662 1050 103 36 förut
793 1049 195 48 tillhöriga
1016 1048 77 48 fall,
1123 1052 49 32 än
1200 1047 114 37 äfven
1343 1051 54 32 att
1426 1045 86 38 med
1539 1044 339 50 uppmärksamhet
1901 1044 93 49 följa

395 1102 218 51 respektive
643 1101 300 51 anläggningars
971 1100 266 51 bebyggande,
1267 1096 143 40 skötsel
1439 1098 70 37 och
1537 1097 102 37 drift.

524 1155 139 36 Härtill
703 1154 162 46 komme,
910 1159 65 42 att,
1018 1154 46 36 då
1091 1153 122 36 under
1241 1152 189 49 styrelsen
1458 1150 113 36 äfven
1599 1150 120 36 skulle
1746 1149 136 48 läggas
1910 1151 85 34 vårt

395 1206 293 47 kanalväsende,
720 1219 45 24 en
793 1206 83 36 icke
904 1205 111 50 ringa
1043 1203 340 52 uppmärksamhet
1411 1205 119 34 måste
1550 1207 120 44 ägnas
1692 1203 37 35 åt
1749 1200 246 51 planeringar

397 1260 70 37 och
507 1259 334 49 undersökningar
870 1258 86 37 med
984 1258 150 48 hänsyn
1162 1257 59 37 till
1249 1257 74 37 den
1350 1255 226 48 utveckling
1604 1254 209 37 detsamma
1841 1253 13 36 i
1881 1253 114 36 fram-

395 1312 117 47 tiden,
556 1316 54 32 att
651 1312 98 36 sluta
790 1311 97 37 efter
928 1310 202 37 utländska
1171 1309 231 45 föredömen,
1445 1307 125 36 kunde
1612 1306 152 37 komma
1792 1310 55 32 att
1874 1305 50 37 få.
1980 1305 16 36 I

396 1365 101 36 detta
531 1364 179 36 afseende
739 1363 125 36 kunde
894 1363 144 36 erinras
1066 1363 142 46 därom,
1239 1367 55 31 att
1321 1359 402 48 Trollhättestyrelsen
1751 1357 86 37 med
1866 1358 129 36 anled-

395 1417 96 48 ning
533 1416 42 37 af
603 1416 135 37 remiss
766 1415 83 37 från
879 1415 141 49 Kungl.
1050 1415 109 49 Maj:t
1187 1414 117 37 redan
1333 1425 90 24 vore
1452 1411 198 50 sysselsatt
1678 1410 86 37 med
1792 1409 202 50 vidlyftiga

397 1469 153 36 arbeten
591 1468 60 37 för
691 1468 249 50 uppgörande
983 1468 40 36 af
1061 1467 144 49 förslag
1233 1466 58 37 till
1319 1463 235 51 utvidgning
1582 1463 71 37 och
1681 1462 248 50 ombyggnad
1959 1464 41 35 af

396 1520 211 37 Trollhätte
648 1521 124 47 kanal,
815 1520 147 37 hvilket
1004 1520 127 37 arbete
1172 1519 117 37 redan
1321 1523 90 44 toge
1446 1530 48 24 en
1526 1516 174 49 betydlig
1728 1515 229 37 arbetskraft
1985 1515 12 35 i

396 1569 174 58 anspråk.
742 1588 2 2 |

525 1626 142 36 Härtill
694 1626 163 45 komme,
879 1629 55 32 att
953 1624 468 38 vattenverksdirektören
1441 1622 60 37 för
1520 1626 55 33 ett
1593 1621 138 49 riktigt
1750 1620 247 50 uppfyllande

398 1678 41 36 af
477 1679 66 36 sitt
583 1678 189 50 uppdrag,
815 1678 79 36 ofta
935 1679 120 35 måste
1083 1677 119 37 vistas
1230 1679 48 47 på
1306 1688 114 25 resor.
1476 1674 129 38 Under
1633 1673 73 37 alla
1733 1672 263 38 förhållanden

400 1733 119 35 måste
548 1731 63 37 det
638 1730 217 49 naturligen
883 1729 132 48 tillses,
1047 1735 54 32 att
1120 1729 64 38 vid
1203 1729 95 37 hans
1318 1729 179 36 frånvaro
1516 1727 83 36 från
1619 1725 220 38 Stockholm
1859 1726 139 36 funnes

398 1783 167 49 tillgång
592 1783 58 37 till
679 1796 47 24 en
745 1783 223 49 kompetent
987 1796 151 36 person,
1160 1795 81 24 som
1262 1782 47 36 då
1328 1780 126 37 kunde
1474 1784 194 44 emottaga
1687 1778 73 37 den
1780 1778 217 37 besökande

401 1835 254 37 allmänheten
684 1835 70 37 och
782 1835 113 37 hafva
923 1834 133 50 tillsyn
1085 1838 19 34 å
1133 1835 45 36 de
1205 1833 162 51 löpande
1396 1832 231 49 göromålen.

529 1888 78 36 Allt
635 1888 104 36 detta
766 1887 125 37 talade
921 1887 122 50 enligt
1071 1887 45 37 de
1145 1886 262 48 sakkunnigas
1430 1884 249 51 uppfattning
1698 1884 57 36 för
1775 1888 54 32 att
1848 1888 150 32 vatten-

400 1939 332 38 verksdirektören
773 1939 64 37 vid
877 1939 57 37 sin
976 1940 82 36 sida
1091 1942 120 34 måste
1239 1938 115 37 hafva
1382 1943 56 31 ett
1464 1937 173 37 tekniskt
1664 1936 146 37 bildadt
1837 1936 159 47 biträde,

399 1989 115 40 hvars
542 1992 177 50 uppdrag
747 1993 64 36 det
839 1992 121 37 skulle
987 1992 119 37 blifva
1136 1996 55 32 att
1217 1990 220 37 handhafva
1465 1990 74 36 den
1566 1994 84 32 rent
1677 1988 188 47 tekniska,
1894 2001 105 24 mera

401 2044 231 50 detaljerade
659 2044 257 49 utredningen
945 2044 103 37 såväl
1077 2043 235 38 beträffande
1339 2043 133 49 planer
1500 2042 71 37 och
1590 2040 330 49 kostnadsförslag
1940 2040 59 37 för

400 2096 257 50 bebyggande
701 2097 40 36 af
781 2101 144 32 statens
967 2109 100 37 egna
1107 2095 212 47 vattenfall,
1361 2108 81 23 som
1484 2094 70 37 ock
1593 2094 62 37 vid
1683 2093 250 50 uppgörande
1962 2092 40 36 af

401 2149 130 48 planer
560 2150 55 35 till
644 2149 298 49 sjöregleringar
971 2149 69 37 och
1060 2149 167 46 kanaler,
1249 2148 116 48 inköp
1386 2147 41 36 af
1444 2146 173 37 enskilda
1635 2146 197 48 tillhöriga
1851 2149 147 32 vatten-

401 2201 79 47 fall,
521 2201 295 49 utarrendering
859 2202 39 36 af
924 2201 144 50 energi,
1099 2200 294 48 framdragande
1422 2199 40 36 af
1487 2199 128 36 därför
1643 2197 248 49 erforderliga
1919 2197 79 36 led-

402 2253 138 50 ningar
568 2268 47 23 m.
646 2268 48 23 m.
760 2252 132 38 Gifvet
930 2267 91 24 vore
1063 2253 123 48 också,
1231 2257 54 33 att
1314 2252 122 37 denne
1473 2250 222 38 biträdande
1733 2250 177 49 ingenjör
1939 2249 60 37 för
