<?xml version="1.0" encoding="UTF-8"?>
<alto xmlns="http://www.loc.gov/standards/alto/ns-v3#" xmlns:xlink="http://www.w3.org/1999/xlink" xmlns:xsi="http://www.w3.org/2001/XMLSchema-instance" xsi:schemaLocation="http://www.loc.gov/standards/alto/ns-v3# http://www.loc.gov/alto/v3/alto-3-0.xsd">
	<Description>
		<MeasurementUnit>pixel</MeasurementUnit>
		<sourceImageInformation>
			<fileName>/tmp/tess_v3ssoa4d_input.PNG</fileName>
		</sourceImageInformation>
		<OCRProcessing ID="OCR_0">
			<ocrProcessingStep>
				<processingSoftware>
					<softwareName>tesseract 5.3.0</softwareName>
				</processingSoftware>
			</ocrProcessingStep>
		</OCRProcessing>
	</Description>
	<Layout>
		<Page WIDTH="1882" HEIGHT="2802" PHYSICAL_IMG_NR="0" ID="page_0">
			<PrintSpace HPOS="0" VPOS="0" WIDTH="1882" HEIGHT="2802">
				<ComposedBlock ID="cblock_0" HPOS="104" VPOS="616" WIDTH="127" HEIGHT="26">
					<TextBlock ID="block_0" HPOS="104" VPOS="616" WIDTH="127" HEIGHT="26">
						<TextLine ID="line_0" HPOS="104" VPOS="616" WIDTH="127" HEIGHT="26">
							<String ID="string_0" HPOS="104" VPOS="616" WIDTH="127" HEIGHT="26" WC="0.95" CONTENT="Utskottet."/>
						</TextLine>
					</TextBlock>
				</ComposedBlock>
				<ComposedBlock ID="cblock_1" HPOS="276" VPOS="177" WIDTH="1071" HEIGHT="34">
					<TextBlock ID="block_1" HPOS="276" VPOS="177" WIDTH="1071" HEIGHT="34">
						<TextLine ID="line_1" HPOS="276" VPOS="177" WIDTH="1071" HEIGHT="34">
							<String ID="string_1" HPOS="276" VPOS="177" WIDTH="18" HEIGHT="29" WC="0.96" CONTENT="8"/><SP WIDTH="424" VPOS="177" HPOS="294"/>
							<String ID="string_2" HPOS="718" VPOS="181" WIDTH="275" HEIGHT="30" WC="0.92" CONTENT="Statsutskottets"/><SP WIDTH="21" VPOS="181" HPOS="993"/>
							<String ID="string_3" HPOS="1014" VPOS="180" WIDTH="175" HEIGHT="31" WC="0.96" CONTENT="utlåtande"/><SP WIDTH="21" VPOS="180" HPOS="1189"/>
							<String ID="string_4" HPOS="1210" VPOS="191" WIDTH="41" HEIGHT="19" WC="0.96" CONTENT="nr"/><SP WIDTH="25" VPOS="191" HPOS="1251"/>
							<String ID="string_5" HPOS="1276" VPOS="182" WIDTH="71" HEIGHT="28" WC="0.95" CONTENT="254."/>
						</TextLine>
					</TextBlock>
				</ComposedBlock>
				<ComposedBlock ID="cblock_2" HPOS="276" VPOS="263" WIDTH="1506" HEIGHT="290">
					<TextBlock ID="block_2" HPOS="276" VPOS="263" WIDTH="1506" HEIGHT="206">
						<TextLine ID="line_2" HPOS="276" VPOS="263" WIDTH="1505" HEIGHT="39">
							<String ID="string_6" HPOS="276" VPOS="264" WIDTH="11" HEIGHT="32" WC="0.86" CONTENT="j"/><SP WIDTH="19" VPOS="264" HPOS="287"/>
							<String ID="string_7" HPOS="306" VPOS="266" WIDTH="69" HEIGHT="30" WC="0.96" CONTENT="hur"/><SP WIDTH="21" VPOS="266" HPOS="375"/>
							<String ID="string_8" HPOS="396" VPOS="268" WIDTH="70" HEIGHT="28" WC="0.95" CONTENT="stor"/><SP WIDTH="17" VPOS="268" HPOS="466"/>
							<String ID="string_9" HPOS="483" VPOS="264" WIDTH="238" HEIGHT="38" WC="0.93" CONTENT="utsträckning"/><SP WIDTH="19" VPOS="264" HPOS="721"/>
							<String ID="string_10" HPOS="740" VPOS="265" WIDTH="107" HEIGHT="30" WC="0.91" CONTENT="rövad"/><SP WIDTH="21" VPOS="265" HPOS="847"/>
							<String ID="string_11" HPOS="868" VPOS="265" WIDTH="167" HEIGHT="35" WC="0.96" CONTENT="egendom"/><SP WIDTH="19" VPOS="265" HPOS="1035"/>
							<String ID="string_12" HPOS="1054" VPOS="263" WIDTH="80" HEIGHT="32" WC="0.93" CONTENT="från"/><SP WIDTH="22" VPOS="263" HPOS="1134"/>
							<String ID="string_13" HPOS="1156" VPOS="264" WIDTH="350" HEIGHT="36" WC="0.91" CONTENT="ockupationsländer"/><SP WIDTH="21" VPOS="264" HPOS="1506"/>
							<String ID="string_14" HPOS="1527" VPOS="265" WIDTH="86" HEIGHT="30" WC="0.96" CONTENT="förts"/><SP WIDTH="19" VPOS="265" HPOS="1613"/>
							<String ID="string_15" HPOS="1632" VPOS="264" WIDTH="51" HEIGHT="31" WC="0.93" CONTENT="till"/><SP WIDTH="20" VPOS="264" HPOS="1683"/>
							<String ID="string_16" HPOS="1703" VPOS="265" WIDTH="78" HEIGHT="30" WC="0.91" CONTENT="Sve-"/>
						</TextLine>
						<TextLine ID="line_3" HPOS="276" VPOS="306" WIDTH="1505" HEIGHT="37">
							<String ID="string_17" HPOS="276" VPOS="307" WIDTH="82" HEIGHT="36" WC="0.96" CONTENT="rige."/><SP WIDTH="23" VPOS="307" HPOS="358"/>
							<String ID="string_18" HPOS="381" VPOS="307" WIDTH="66" HEIGHT="31" WC="0.96" CONTENT="Vid"/><SP WIDTH="22" VPOS="307" HPOS="447"/>
							<String ID="string_19" HPOS="469" VPOS="306" WIDTH="123" HEIGHT="32" WC="0.96" CONTENT="sådant"/><SP WIDTH="21" VPOS="306" HPOS="592"/>
							<String ID="string_20" HPOS="613" VPOS="306" WIDTH="219" HEIGHT="31" WC="0.96" CONTENT="förhållande"/><SP WIDTH="21" VPOS="306" HPOS="832"/>
							<String ID="string_21" HPOS="853" VPOS="308" WIDTH="39" HEIGHT="29" WC="0.96" CONTENT="är"/><SP WIDTH="20" VPOS="308" HPOS="892"/>
							<String ID="string_22" HPOS="912" VPOS="307" WIDTH="56" HEIGHT="30" WC="0.96" CONTENT="det"/><SP WIDTH="20" VPOS="307" HPOS="968"/>
							<String ID="string_23" HPOS="988" VPOS="306" WIDTH="270" HEIGHT="37" WC="0.96" CONTENT="uppenbarligen"/><SP WIDTH="23" VPOS="306" HPOS="1258"/>
							<String ID="string_24" HPOS="1281" VPOS="307" WIDTH="172" HEIGHT="36" WC="0.95" CONTENT="vanskligt"/><SP WIDTH="21" VPOS="307" HPOS="1453"/>
							<String ID="string_25" HPOS="1474" VPOS="309" WIDTH="50" HEIGHT="28" WC="0.96" CONTENT="att"/><SP WIDTH="20" VPOS="309" HPOS="1524"/>
							<String ID="string_26" HPOS="1544" VPOS="308" WIDTH="161" HEIGHT="29" WC="0.93" CONTENT="närmare"/><SP WIDTH="19" VPOS="308" HPOS="1705"/>
							<String ID="string_27" HPOS="1724" VPOS="307" WIDTH="57" HEIGHT="30" WC="0.92" CONTENT="be-"/>
						</TextLine>
						<TextLine ID="line_4" HPOS="276" VPOS="346" WIDTH="1506" HEIGHT="39">
							<String ID="string_28" HPOS="276" VPOS="349" WIDTH="112" HEIGHT="31" WC="0.96" CONTENT="räkna"/><SP WIDTH="24" VPOS="349" HPOS="388"/>
							<String ID="string_29" HPOS="412" VPOS="349" WIDTH="49" HEIGHT="30" WC="0.95" CONTENT="till"/><SP WIDTH="23" VPOS="349" HPOS="461"/>
							<String ID="string_30" HPOS="484" VPOS="349" WIDTH="106" HEIGHT="30" WC="0.96" CONTENT="vilket"/><SP WIDTH="20" VPOS="349" HPOS="590"/>
							<String ID="string_31" HPOS="610" VPOS="349" WIDTH="125" HEIGHT="36" WC="0.96" CONTENT="belopp"/><SP WIDTH="24" VPOS="349" HPOS="735"/>
							<String ID="string_32" HPOS="759" VPOS="349" WIDTH="100" HEIGHT="31" WC="0.95" CONTENT="dessa"/><SP WIDTH="23" VPOS="349" HPOS="859"/>
							<String ID="string_33" HPOS="882" VPOS="349" WIDTH="230" HEIGHT="36" WC="0.95" CONTENT="ersättningar"/><SP WIDTH="21" VPOS="349" HPOS="1112"/>
							<String ID="string_34" HPOS="1133" VPOS="349" WIDTH="109" HEIGHT="30" WC="0.96" CONTENT="under"/><SP WIDTH="24" VPOS="349" HPOS="1242"/>
							<String ID="string_35" HPOS="1266" VPOS="348" WIDTH="204" HEIGHT="37" WC="0.93" CONTENT="budgetåret"/><SP WIDTH="26" VPOS="348" HPOS="1470"/>
							<String ID="string_36" HPOS="1496" VPOS="346" WIDTH="142" HEIGHT="33" WC="0.92" CONTENT="1945/46"/><SP WIDTH="24" VPOS="346" HPOS="1638"/>
							<String ID="string_37" HPOS="1662" VPOS="350" WIDTH="120" HEIGHT="30" WC="0.96" CONTENT="kunna"/>
						</TextLine>
						<TextLine ID="line_5" HPOS="277" VPOS="390" WIDTH="1504" HEIGHT="37">
							<String ID="string_38" HPOS="277" VPOS="390" WIDTH="143" HEIGHT="31" WC="0.96" CONTENT="komma"/><SP WIDTH="18" VPOS="390" HPOS="420"/>
							<String ID="string_39" HPOS="438" VPOS="393" WIDTH="49" HEIGHT="28" WC="0.96" CONTENT="att"/><SP WIDTH="16" VPOS="393" HPOS="487"/>
							<String ID="string_40" HPOS="503" VPOS="390" WIDTH="125" HEIGHT="37" WC="0.96" CONTENT="uppgå."/><SP WIDTH="19" VPOS="390" HPOS="628"/>
							<String ID="string_41" HPOS="647" VPOS="391" WIDTH="57" HEIGHT="30" WC="0.96" CONTENT="Ett"/><SP WIDTH="18" VPOS="391" HPOS="704"/>
							<String ID="string_42" HPOS="722" VPOS="391" WIDTH="127" HEIGHT="36" WC="0.96" CONTENT="belopp"/><SP WIDTH="20" VPOS="391" HPOS="849"/>
							<String ID="string_43" HPOS="869" VPOS="400" WIDTH="41" HEIGHT="21" WC="0.96" CONTENT="av"/><SP WIDTH="20" VPOS="400" HPOS="910"/>
							<String ID="string_44" HPOS="930" VPOS="392" WIDTH="14" HEIGHT="28" WC="0.95" CONTENT="1"/><SP WIDTH="16" VPOS="392" HPOS="944"/>
							<String ID="string_45" HPOS="960" VPOS="391" WIDTH="64" HEIGHT="30" WC="0.96" CONTENT="000"/><SP WIDTH="14" VPOS="391" HPOS="1024"/>
							<String ID="string_46" HPOS="1038" VPOS="391" WIDTH="66" HEIGHT="30" WC="0.96" CONTENT="000"/><SP WIDTH="17" VPOS="391" HPOS="1104"/>
							<String ID="string_47" HPOS="1121" VPOS="392" WIDTH="128" HEIGHT="29" WC="0.96" CONTENT="kronor"/><SP WIDTH="18" VPOS="392" HPOS="1249"/>
							<String ID="string_48" HPOS="1267" VPOS="400" WIDTH="101" HEIGHT="27" WC="0.96" CONTENT="synes"/><SP WIDTH="19" VPOS="400" HPOS="1368"/>
							<String ID="string_49" HPOS="1387" VPOS="390" WIDTH="189" HEIGHT="31" WC="0.95" CONTENT="emellertid"/><SP WIDTH="15" VPOS="390" HPOS="1576"/>
							<String ID="string_50" HPOS="1591" VPOS="391" WIDTH="85" HEIGHT="30" WC="0.93" CONTENT="böra"/><SP WIDTH="18" VPOS="391" HPOS="1676"/>
							<String ID="string_51" HPOS="1694" VPOS="400" WIDTH="87" HEIGHT="27" WC="0.91" CONTENT="upp-"/>
						</TextLine>
						<TextLine ID="line_6" HPOS="278" VPOS="432" WIDTH="542" HEIGHT="37">
							<String ID="string_52" HPOS="278" VPOS="436" WIDTH="97" HEIGHT="33" WC="0.96" CONTENT="tagas"/><SP WIDTH="16" VPOS="436" HPOS="375"/>
							<String ID="string_53" HPOS="391" VPOS="432" WIDTH="56" HEIGHT="31" WC="0.96" CONTENT="för"/><SP WIDTH="17" VPOS="432" HPOS="447"/>
							<String ID="string_54" HPOS="464" VPOS="433" WIDTH="99" HEIGHT="31" WC="0.96" CONTENT="dessa"/><SP WIDTH="20" VPOS="433" HPOS="563"/>
							<String ID="string_55" HPOS="583" VPOS="433" WIDTH="237" HEIGHT="36" WC="0.96" CONTENT="ersättningar."/>
						</TextLine>
					</TextBlock>
					<TextBlock ID="block_3" HPOS="278" VPOS="474" WIDTH="1502" HEIGHT="79">
						<TextLine ID="line_7" HPOS="321" VPOS="474" WIDTH="1459" HEIGHT="37">
							<String ID="string_56" HPOS="321" VPOS="475" WIDTH="165" HEIGHT="36" WC="0.95" CONTENT="Samtliga"/><SP WIDTH="22" VPOS="475" HPOS="486"/>
							<String ID="string_57" HPOS="508" VPOS="484" WIDTH="48" HEIGHT="21" WC="0.96" CONTENT="nu"/><SP WIDTH="22" VPOS="484" HPOS="556"/>
							<String ID="string_58" HPOS="578" VPOS="474" WIDTH="266" HEIGHT="37" WC="0.96" CONTENT="ifrågavarande"/><SP WIDTH="25" VPOS="474" HPOS="844"/>
							<String ID="string_59" HPOS="869" VPOS="476" WIDTH="118" HEIGHT="35" WC="0.95" CONTENT="anslag"/><SP WIDTH="25" VPOS="476" HPOS="987"/>
							<String ID="string_60" HPOS="1012" VPOS="475" WIDTH="96" HEIGHT="30" WC="0.96" CONTENT="torde"/><SP WIDTH="23" VPOS="475" HPOS="1108"/>
							<String ID="string_61" HPOS="1131" VPOS="475" WIDTH="84" HEIGHT="30" WC="0.96" CONTENT="böra"/><SP WIDTH="24" VPOS="475" HPOS="1215"/>
							<String ID="string_62" HPOS="1239" VPOS="478" WIDTH="170" HEIGHT="33" WC="0.96" CONTENT="upptagas"/><SP WIDTH="24" VPOS="478" HPOS="1409"/>
							<String ID="string_63" HPOS="1433" VPOS="474" WIDTH="114" HEIGHT="31" WC="0.92" CONTENT="såsom"/><SP WIDTH="27" VPOS="474" HPOS="1547"/>
							<String ID="string_64" HPOS="1574" VPOS="474" WIDTH="206" HEIGHT="37" WC="0.92" CONTENT="förslagsan-"/>
						</TextLine>
						<TextLine ID="line_8" HPOS="278" VPOS="517" WIDTH="82" HEIGHT="36">
							<String ID="string_65" HPOS="278" VPOS="517" WIDTH="82" HEIGHT="36" WC="0.96" CONTENT="slag."/>
						</TextLine>
					</TextBlock>
				</ComposedBlock>
				<ComposedBlock ID="cblock_3" HPOS="278" VPOS="608" WIDTH="1505" HEIGHT="694">
					<TextBlock ID="block_4" HPOS="278" VPOS="608" WIDTH="1505" HEIGHT="694">
						<TextLine ID="line_9" HPOS="325" VPOS="608" WIDTH="1457" HEIGHT="37">
							<String ID="string_66" HPOS="325" VPOS="609" WIDTH="171" HEIGHT="29" WC="0.95" CONTENT="Utskottet"/><SP WIDTH="38" VPOS="609" HPOS="496"/>
							<String ID="string_67" HPOS="534" VPOS="608" WIDTH="54" HEIGHT="30" WC="0.95" CONTENT="får"/><SP WIDTH="34" VPOS="608" HPOS="588"/>
							<String ID="string_68" HPOS="622" VPOS="609" WIDTH="122" HEIGHT="35" WC="0.95" CONTENT="erinra,"/><SP WIDTH="28" VPOS="609" HPOS="744"/>
							<String ID="string_69" HPOS="772" VPOS="613" WIDTH="49" HEIGHT="26" WC="0.95" CONTENT="att"/><SP WIDTH="36" VPOS="613" HPOS="821"/>
							<String ID="string_70" HPOS="857" VPOS="612" WIDTH="228" HEIGHT="28" WC="0.93" CONTENT="sammansatt"/><SP WIDTH="25" VPOS="612" HPOS="1085"/>
							<String ID="string_71" HPOS="1110" VPOS="609" WIDTH="141" HEIGHT="30" WC="0.92" CONTENT="utrikes-"/><SP WIDTH="28" VPOS="609" HPOS="1251"/>
							<String ID="string_72" HPOS="1279" VPOS="608" WIDTH="65" HEIGHT="31" WC="0.96" CONTENT="och"/><SP WIDTH="27" VPOS="608" HPOS="1344"/>
							<String ID="string_73" HPOS="1371" VPOS="609" WIDTH="108" HEIGHT="30" WC="0.93" CONTENT="första"/><SP WIDTH="25" VPOS="609" HPOS="1479"/>
							<String ID="string_74" HPOS="1504" VPOS="609" WIDTH="188" HEIGHT="36" WC="0.92" CONTENT="lagutskott"/><SP WIDTH="28" VPOS="609" HPOS="1692"/>
							<String ID="string_75" HPOS="1720" VPOS="618" WIDTH="62" HEIGHT="21" WC="0.93" CONTENT="nu-"/>
						</TextLine>
						<TextLine ID="line_10" HPOS="279" VPOS="658" WIDTH="1503" HEIGHT="38">
							<String ID="string_76" HPOS="279" VPOS="667" WIDTH="97" HEIGHT="22" WC="0.95" CONTENT="mera"/><SP WIDTH="27" VPOS="667" HPOS="376"/>
							<String ID="string_77" HPOS="403" VPOS="659" WIDTH="163" HEIGHT="37" WC="0.95" CONTENT="tillstyrkt"/><SP WIDTH="26" VPOS="659" HPOS="566"/>
							<String ID="string_78" HPOS="592" VPOS="660" WIDTH="120" HEIGHT="35" WC="0.95" CONTENT="Kungl."/><SP WIDTH="27" VPOS="660" HPOS="712"/>
							<String ID="string_79" HPOS="739" VPOS="658" WIDTH="120" HEIGHT="37" WC="0.96" CONTENT="Maj:ts"/><SP WIDTH="25" VPOS="658" HPOS="859"/>
							<String ID="string_80" HPOS="884" VPOS="659" WIDTH="129" HEIGHT="37" WC="0.96" CONTENT="förslag"/><SP WIDTH="24" VPOS="659" HPOS="1013"/>
							<String ID="string_81" HPOS="1037" VPOS="659" WIDTH="52" HEIGHT="30" WC="0.96" CONTENT="till"/><SP WIDTH="23" VPOS="659" HPOS="1089"/>
							<String ID="string_82" HPOS="1112" VPOS="660" WIDTH="55" HEIGHT="36" WC="0.96" CONTENT="lag"/><SP WIDTH="22" VPOS="660" HPOS="1167"/>
							<String ID="string_83" HPOS="1189" VPOS="669" WIDTH="58" HEIGHT="21" WC="0.96" CONTENT="om"/><SP WIDTH="26" VPOS="669" HPOS="1247"/>
							<String ID="string_84" HPOS="1273" VPOS="659" WIDTH="244" HEIGHT="31" WC="0.96" CONTENT="återställande"/><SP WIDTH="25" VPOS="659" HPOS="1517"/>
							<String ID="string_85" HPOS="1542" VPOS="669" WIDTH="43" HEIGHT="20" WC="0.96" CONTENT="av"/><SP WIDTH="22" VPOS="669" HPOS="1585"/>
							<String ID="string_86" HPOS="1607" VPOS="659" WIDTH="69" HEIGHT="30" WC="0.96" CONTENT="viss"/><SP WIDTH="26" VPOS="659" HPOS="1676"/>
							<String ID="string_87" HPOS="1702" VPOS="658" WIDTH="80" HEIGHT="31" WC="0.96" CONTENT="från"/>
						</TextLine>
						<TextLine ID="line_11" HPOS="279" VPOS="708" WIDTH="1504" HEIGHT="38">
							<String ID="string_88" HPOS="279" VPOS="711" WIDTH="190" HEIGHT="34" WC="0.96" CONTENT="ockuperat"/><SP WIDTH="19" VPOS="711" HPOS="469"/>
							<String ID="string_89" HPOS="488" VPOS="710" WIDTH="83" HEIGHT="29" WC="0.93" CONTENT="land"/><SP WIDTH="23" VPOS="710" HPOS="571"/>
							<String ID="string_90" HPOS="594" VPOS="710" WIDTH="214" HEIGHT="30" WC="0.91" CONTENT="härrörande"/><SP WIDTH="25" VPOS="710" HPOS="808"/>
							<String ID="string_91" HPOS="833" VPOS="710" WIDTH="168" HEIGHT="35" WC="0.96" CONTENT="egendom"/><SP WIDTH="20" VPOS="710" HPOS="1001"/>
							<String ID="string_92" HPOS="1021" VPOS="710" WIDTH="164" HEIGHT="30" WC="0.96" CONTENT="ävensom"/><SP WIDTH="21" VPOS="710" HPOS="1185"/>
							<String ID="string_93" HPOS="1206" VPOS="709" WIDTH="130" HEIGHT="37" WC="0.96" CONTENT="förslag"/><SP WIDTH="20" VPOS="709" HPOS="1336"/>
							<String ID="string_94" HPOS="1356" VPOS="710" WIDTH="52" HEIGHT="30" WC="0.95" CONTENT="till"/><SP WIDTH="24" VPOS="710" HPOS="1408"/>
							<String ID="string_95" HPOS="1432" VPOS="711" WIDTH="55" HEIGHT="34" WC="0.95" CONTENT="lag"/><SP WIDTH="22" VPOS="711" HPOS="1487"/>
							<String ID="string_96" HPOS="1509" VPOS="719" WIDTH="57" HEIGHT="21" WC="0.96" CONTENT="om"/><SP WIDTH="22" VPOS="719" HPOS="1566"/>
							<String ID="string_97" HPOS="1588" VPOS="710" WIDTH="151" HEIGHT="30" WC="0.93" CONTENT="kontroll"/><SP WIDTH="23" VPOS="710" HPOS="1739"/>
							<String ID="string_98" HPOS="1762" VPOS="708" WIDTH="21" HEIGHT="31" WC="0.93" CONTENT="å"/>
						</TextLine>
						<TextLine ID="line_12" HPOS="278" VPOS="760" WIDTH="1504" HEIGHT="37">
							<String ID="string_99" HPOS="278" VPOS="760" WIDTH="69" HEIGHT="31" WC="0.96" CONTENT="viss"/><SP WIDTH="24" VPOS="760" HPOS="347"/>
							<String ID="string_100" HPOS="371" VPOS="760" WIDTH="162" HEIGHT="30" WC="0.96" CONTENT="utländsk"/><SP WIDTH="22" VPOS="760" HPOS="533"/>
							<String ID="string_101" HPOS="555" VPOS="761" WIDTH="167" HEIGHT="35" WC="0.93" CONTENT="egendom"/><SP WIDTH="25" VPOS="761" HPOS="722"/>
							<String ID="string_102" HPOS="747" VPOS="770" WIDTH="44" HEIGHT="20" WC="0.92" CONTENT="m."/><SP WIDTH="26" VPOS="770" HPOS="791"/>
							<String ID="string_103" HPOS="817" VPOS="770" WIDTH="45" HEIGHT="21" WC="0.93" CONTENT="m."/><SP WIDTH="24" VPOS="770" HPOS="862"/>
							<String ID="string_104" HPOS="886" VPOS="760" WIDTH="126" HEIGHT="37" WC="0.96" CONTENT="Anslag"/><SP WIDTH="22" VPOS="760" HPOS="1012"/>
							<String ID="string_105" HPOS="1034" VPOS="761" WIDTH="97" HEIGHT="29" WC="0.96" CONTENT="torde"/><SP WIDTH="22" VPOS="761" HPOS="1131"/>
							<String ID="string_106" HPOS="1153" VPOS="760" WIDTH="119" HEIGHT="31" WC="0.96" CONTENT="därför"/><SP WIDTH="23" VPOS="760" HPOS="1272"/>
							<String ID="string_107" HPOS="1295" VPOS="761" WIDTH="85" HEIGHT="31" WC="0.96" CONTENT="böra"/><SP WIDTH="23" VPOS="761" HPOS="1380"/>
							<String ID="string_108" HPOS="1403" VPOS="760" WIDTH="136" HEIGHT="31" WC="0.95" CONTENT="anvisas"/><SP WIDTH="23" VPOS="760" HPOS="1539"/>
							<String ID="string_109" HPOS="1562" VPOS="760" WIDTH="52" HEIGHT="31" WC="0.96" CONTENT="till"/><SP WIDTH="20" VPOS="760" HPOS="1614"/>
							<String ID="string_110" HPOS="1634" VPOS="760" WIDTH="69" HEIGHT="32" WC="0.92" CONTENT="den"/><SP WIDTH="23" VPOS="760" HPOS="1703"/>
							<String ID="string_111" HPOS="1726" VPOS="769" WIDTH="56" HEIGHT="21" WC="0.92" CONTENT="en-"/>
						</TextLine>
						<TextLine ID="line_13" HPOS="279" VPOS="810" WIDTH="1504" HEIGHT="38">
							<String ID="string_112" HPOS="279" VPOS="810" WIDTH="60" HEIGHT="37" WC="0.96" CONTENT="ligt"/><SP WIDTH="25" VPOS="810" HPOS="339"/>
							<String ID="string_113" HPOS="364" VPOS="811" WIDTH="41" HEIGHT="30" WC="0.96" CONTENT="de"/><SP WIDTH="25" VPOS="811" HPOS="405"/>
							<String ID="string_114" HPOS="430" VPOS="811" WIDTH="194" HEIGHT="36" WC="0.96" CONTENT="föreslagna"/><SP WIDTH="25" VPOS="811" HPOS="624"/>
							<String ID="string_115" HPOS="649" VPOS="811" WIDTH="143" HEIGHT="36" WC="0.95" CONTENT="lagarna"/><SP WIDTH="24" VPOS="811" HPOS="792"/>
							<String ID="string_116" HPOS="816" VPOS="811" WIDTH="224" HEIGHT="36" WC="0.95" CONTENT="erforderliga"/><SP WIDTH="24" VPOS="811" HPOS="1040"/>
							<String ID="string_117" HPOS="1064" VPOS="811" WIDTH="175" HEIGHT="31" WC="0.96" CONTENT="nämnden"/><SP WIDTH="24" VPOS="811" HPOS="1239"/>
							<String ID="string_118" HPOS="1263" VPOS="814" WIDTH="91" HEIGHT="28" WC="0.96" CONTENT="samt"/><SP WIDTH="26" VPOS="814" HPOS="1354"/>
							<String ID="string_119" HPOS="1380" VPOS="811" WIDTH="57" HEIGHT="31" WC="0.96" CONTENT="för"/><SP WIDTH="21" VPOS="811" HPOS="1437"/>
							<String ID="string_120" HPOS="1458" VPOS="811" WIDTH="68" HEIGHT="30" WC="0.96" CONTENT="den"/><SP WIDTH="23" VPOS="811" HPOS="1526"/>
							<String ID="string_121" HPOS="1549" VPOS="811" WIDTH="234" HEIGHT="37" WC="0.96" CONTENT="organisation"/>
						</TextLine>
						<TextLine ID="line_14" HPOS="279" VPOS="861" WIDTH="1503" HEIGHT="37">
							<String ID="string_122" HPOS="279" VPOS="861" WIDTH="66" HEIGHT="31" WC="0.96" CONTENT="och"/><SP WIDTH="21" VPOS="861" HPOS="345"/>
							<String ID="string_123" HPOS="366" VPOS="861" WIDTH="42" HEIGHT="30" WC="0.96" CONTENT="de"/><SP WIDTH="22" VPOS="861" HPOS="408"/>
							<String ID="string_124" HPOS="430" VPOS="861" WIDTH="186" HEIGHT="31" WC="0.96" CONTENT="kostnader"/><SP WIDTH="22" VPOS="861" HPOS="616"/>
							<String ID="string_125" HPOS="638" VPOS="861" WIDTH="11" HEIGHT="30" WC="0.95" CONTENT="i"/><SP WIDTH="20" VPOS="861" HPOS="649"/>
							<String ID="string_126" HPOS="669" VPOS="862" WIDTH="119" HEIGHT="36" WC="0.96" CONTENT="övrigt,"/><SP WIDTH="22" VPOS="862" HPOS="788"/>
							<String ID="string_127" HPOS="810" VPOS="871" WIDTH="75" HEIGHT="21" WC="0.95" CONTENT="som"/><SP WIDTH="22" VPOS="871" HPOS="885"/>
							<String ID="string_128" HPOS="907" VPOS="871" WIDTH="43" HEIGHT="21" WC="0.96" CONTENT="av"/><SP WIDTH="19" VPOS="871" HPOS="950"/>
							<String ID="string_129" HPOS="969" VPOS="861" WIDTH="258" HEIGHT="37" WC="0.92" CONTENT="lagstiftningen"/><SP WIDTH="20" VPOS="861" HPOS="1227"/>
							<String ID="string_130" HPOS="1247" VPOS="862" WIDTH="210" HEIGHT="31" WC="0.91" CONTENT="föranledas."/><SP WIDTH="34" VPOS="862" HPOS="1457"/>
							<String ID="string_131" HPOS="1491" VPOS="861" WIDTH="52" HEIGHT="31" WC="0.96" CONTENT="Då"/><SP WIDTH="22" VPOS="861" HPOS="1543"/>
							<String ID="string_132" HPOS="1565" VPOS="862" WIDTH="57" HEIGHT="30" WC="0.96" CONTENT="det"/><SP WIDTH="17" VPOS="862" HPOS="1622"/>
							<String ID="string_133" HPOS="1639" VPOS="861" WIDTH="143" HEIGHT="36" WC="0.96" CONTENT="givetvis"/>
						</TextLine>
						<TextLine ID="line_15" HPOS="279" VPOS="911" WIDTH="1503" HEIGHT="38">
							<String ID="string_134" HPOS="279" VPOS="911" WIDTH="78" HEIGHT="31" WC="0.96" CONTENT="icke"/><SP WIDTH="17" VPOS="911" HPOS="357"/>
							<String ID="string_135" HPOS="374" VPOS="922" WIDTH="48" HEIGHT="20" WC="0.96" CONTENT="nu"/><SP WIDTH="18" VPOS="922" HPOS="422"/>
							<String ID="string_136" HPOS="440" VPOS="912" WIDTH="39" HEIGHT="30" WC="0.96" CONTENT="är"/><SP WIDTH="15" VPOS="912" HPOS="479"/>
							<String ID="string_137" HPOS="494" VPOS="911" WIDTH="134" HEIGHT="37" WC="0.96" CONTENT="möjligt"/><SP WIDTH="19" VPOS="911" HPOS="628"/>
							<String ID="string_138" HPOS="647" VPOS="914" WIDTH="49" HEIGHT="28" WC="0.96" CONTENT="att"/><SP WIDTH="16" VPOS="914" HPOS="696"/>
							<String ID="string_139" HPOS="712" VPOS="912" WIDTH="150" HEIGHT="31" WC="0.96" CONTENT="bedöma"/><SP WIDTH="16" VPOS="912" HPOS="862"/>
							<String ID="string_140" HPOS="878" VPOS="912" WIDTH="11" HEIGHT="30" WC="0.96" CONTENT="i"/><SP WIDTH="16" VPOS="912" HPOS="889"/>
							<String ID="string_141" HPOS="905" VPOS="912" WIDTH="116" HEIGHT="30" WC="0.96" CONTENT="vilken"/><SP WIDTH="19" VPOS="912" HPOS="1021"/>
							<String ID="string_142" HPOS="1040" VPOS="911" WIDTH="210" HEIGHT="38" WC="0.93" CONTENT="omfattning"/><SP WIDTH="15" VPOS="911" HPOS="1250"/>
							<String ID="string_143" HPOS="1265" VPOS="912" WIDTH="111" HEIGHT="31" WC="0.93" CONTENT="rövad"/><SP WIDTH="16" VPOS="912" HPOS="1376"/>
							<String ID="string_144" HPOS="1392" VPOS="912" WIDTH="167" HEIGHT="37" WC="0.96" CONTENT="egendom"/><SP WIDTH="21" VPOS="912" HPOS="1559"/>
							<String ID="string_145" HPOS="1580" VPOS="911" WIDTH="78" HEIGHT="31" WC="0.93" CONTENT="från"/><SP WIDTH="19" VPOS="911" HPOS="1658"/>
							<String ID="string_146" HPOS="1677" VPOS="912" WIDTH="105" HEIGHT="30" WC="0.92" CONTENT="ocku-"/>
						</TextLine>
						<TextLine ID="line_16" HPOS="279" VPOS="962" WIDTH="1503" HEIGHT="37">
							<String ID="string_147" HPOS="279" VPOS="962" WIDTH="306" HEIGHT="36" WC="0.91" CONTENT="pationsländerna"/><SP WIDTH="18" VPOS="962" HPOS="585"/>
							<String ID="string_148" HPOS="603" VPOS="962" WIDTH="86" HEIGHT="31" WC="0.96" CONTENT="förts"/><SP WIDTH="17" VPOS="962" HPOS="689"/>
							<String ID="string_149" HPOS="706" VPOS="962" WIDTH="51" HEIGHT="31" WC="0.96" CONTENT="till"/><SP WIDTH="17" VPOS="962" HPOS="757"/>
							<String ID="string_150" HPOS="774" VPOS="962" WIDTH="136" HEIGHT="37" WC="0.96" CONTENT="Sverige"/><SP WIDTH="16" VPOS="962" HPOS="910"/>
							<String ID="string_151" HPOS="926" VPOS="964" WIDTH="120" HEIGHT="29" WC="0.96" CONTENT="kunna"/><SP WIDTH="18" VPOS="964" HPOS="1046"/>
							<String ID="string_152" HPOS="1064" VPOS="963" WIDTH="42" HEIGHT="30" WC="0.96" CONTENT="de"/><SP WIDTH="16" VPOS="963" HPOS="1106"/>
							<String ID="string_153" HPOS="1122" VPOS="963" WIDTH="79" HEIGHT="30" WC="0.95" CONTENT="med"/><SP WIDTH="16" VPOS="963" HPOS="1201"/>
							<String ID="string_154" HPOS="1217" VPOS="962" WIDTH="259" HEIGHT="31" WC="0.96" CONTENT="återställandet"/><SP WIDTH="17" VPOS="962" HPOS="1476"/>
							<String ID="string_155" HPOS="1493" VPOS="972" WIDTH="43" HEIGHT="21" WC="0.96" CONTENT="av"/><SP WIDTH="18" VPOS="972" HPOS="1536"/>
							<String ID="string_156" HPOS="1554" VPOS="963" WIDTH="113" HEIGHT="30" WC="0.93" CONTENT="denna"/><SP WIDTH="17" VPOS="963" HPOS="1667"/>
							<String ID="string_157" HPOS="1684" VPOS="970" WIDTH="98" HEIGHT="29" WC="0.91" CONTENT="egen-"/>
						</TextLine>
						<TextLine ID="line_17" HPOS="279" VPOS="1011" WIDTH="1502" HEIGHT="39">
							<String ID="string_158" HPOS="279" VPOS="1012" WIDTH="83" HEIGHT="31" WC="0.95" CONTENT="dom"/><SP WIDTH="26" VPOS="1012" HPOS="362"/>
							<String ID="string_159" HPOS="388" VPOS="1011" WIDTH="164" HEIGHT="32" WC="0.96" CONTENT="förenade"/><SP WIDTH="25" VPOS="1011" HPOS="552"/>
							<String ID="string_160" HPOS="577" VPOS="1013" WIDTH="235" HEIGHT="31" WC="0.96" CONTENT="kostnaderna"/><SP WIDTH="22" VPOS="1013" HPOS="812"/>
							<String ID="string_161" HPOS="834" VPOS="1023" WIDTH="48" HEIGHT="21" WC="0.96" CONTENT="nu"/><SP WIDTH="25" VPOS="1023" HPOS="882"/>
							<String ID="string_162" HPOS="907" VPOS="1014" WIDTH="122" HEIGHT="30" WC="0.96" CONTENT="endast"/><SP WIDTH="24" VPOS="1014" HPOS="1029"/>
							<String ID="string_163" HPOS="1053" VPOS="1013" WIDTH="268" HEIGHT="37" WC="0.96" CONTENT="approximativt"/><SP WIDTH="23" VPOS="1013" HPOS="1321"/>
							<String ID="string_164" HPOS="1344" VPOS="1013" WIDTH="176" HEIGHT="30" WC="0.96" CONTENT="bedömas."/><SP WIDTH="36" VPOS="1013" HPOS="1520"/>
							<String ID="string_165" HPOS="1556" VPOS="1013" WIDTH="74" HEIGHT="31" WC="0.95" CONTENT="Vad"/><SP WIDTH="29" VPOS="1013" HPOS="1630"/>
							<String ID="string_166" HPOS="1659" VPOS="1013" WIDTH="122" HEIGHT="36" WC="0.94" CONTENT="Kungl."/>
						</TextLine>
						<TextLine ID="line_18" HPOS="281" VPOS="1061" WIDTH="1502" HEIGHT="39">
							<String ID="string_167" HPOS="281" VPOS="1061" WIDTH="102" HEIGHT="38" WC="0.94" CONTENT="Maj:t"/><SP WIDTH="17" VPOS="1061" HPOS="383"/>
							<String ID="string_168" HPOS="400" VPOS="1063" WIDTH="178" HEIGHT="36" WC="0.96" CONTENT="därvidlag"/><SP WIDTH="17" VPOS="1063" HPOS="578"/>
							<String ID="string_169" HPOS="595" VPOS="1063" WIDTH="176" HEIGHT="36" WC="0.96" CONTENT="föreslagit"/><SP WIDTH="18" VPOS="1063" HPOS="771"/>
							<String ID="string_170" HPOS="789" VPOS="1073" WIDTH="101" HEIGHT="27" WC="0.96" CONTENT="synes"/><SP WIDTH="20" VPOS="1073" HPOS="890"/>
							<String ID="string_171" HPOS="910" VPOS="1064" WIDTH="166" HEIGHT="30" WC="0.96" CONTENT="utskottet"/><SP WIDTH="18" VPOS="1064" HPOS="1076"/>
							<String ID="string_172" HPOS="1094" VPOS="1064" WIDTH="84" HEIGHT="30" WC="0.93" CONTENT="böra"/><SP WIDTH="18" VPOS="1064" HPOS="1178"/>
							<String ID="string_173" HPOS="1196" VPOS="1064" WIDTH="177" HEIGHT="36" WC="0.91" CONTENT="godtagas."/><SP WIDTH="21" VPOS="1064" HPOS="1373"/>
							<String ID="string_174" HPOS="1394" VPOS="1064" WIDTH="79" HEIGHT="30" WC="0.96" CONTENT="Med"/><SP WIDTH="17" VPOS="1064" HPOS="1473"/>
							<String ID="string_175" HPOS="1490" VPOS="1063" WIDTH="168" HEIGHT="31" WC="0.93" CONTENT="avseende"/><SP WIDTH="18" VPOS="1063" HPOS="1658"/>
							<String ID="string_176" HPOS="1676" VPOS="1063" WIDTH="21" HEIGHT="31" WC="0.90" CONTENT="å"/><SP WIDTH="20" VPOS="1063" HPOS="1697"/>
							<String ID="string_177" HPOS="1717" VPOS="1063" WIDTH="66" HEIGHT="31" WC="0.96" CONTENT="den"/>
						</TextLine>
						<TextLine ID="line_19" HPOS="279" VPOS="1113" WIDTH="1503" HEIGHT="37">
							<String ID="string_178" HPOS="279" VPOS="1113" WIDTH="162" HEIGHT="31" WC="0.96" CONTENT="närmare"/><SP WIDTH="18" VPOS="1113" HPOS="441"/>
							<String ID="string_179" HPOS="459" VPOS="1113" WIDTH="277" HEIGHT="37" WC="0.96" CONTENT="organisationen"/><SP WIDTH="19" VPOS="1113" HPOS="736"/>
							<String ID="string_180" HPOS="755" VPOS="1124" WIDTH="44" HEIGHT="20" WC="0.96" CONTENT="av"/><SP WIDTH="20" VPOS="1124" HPOS="799"/>
							<String ID="string_181" HPOS="819" VPOS="1114" WIDTH="42" HEIGHT="30" WC="0.96" CONTENT="de"/><SP WIDTH="18" VPOS="1114" HPOS="861"/>
							<String ID="string_182" HPOS="879" VPOS="1114" WIDTH="250" HEIGHT="36" WC="0.96" CONTENT="myndigheter,"/><SP WIDTH="20" VPOS="1114" HPOS="1129"/>
							<String ID="string_183" HPOS="1149" VPOS="1124" WIDTH="74" HEIGHT="21" WC="0.95" CONTENT="som"/><SP WIDTH="20" VPOS="1124" HPOS="1223"/>
							<String ID="string_184" HPOS="1243" VPOS="1115" WIDTH="99" HEIGHT="30" WC="0.93" CONTENT="skola"/><SP WIDTH="21" VPOS="1115" HPOS="1342"/>
							<String ID="string_185" HPOS="1363" VPOS="1114" WIDTH="188" HEIGHT="31" WC="0.91" CONTENT="handhava"/><SP WIDTH="23" VPOS="1114" HPOS="1551"/>
							<String ID="string_186" HPOS="1574" VPOS="1114" WIDTH="65" HEIGHT="30" WC="0.93" CONTENT="här"/><SP WIDTH="17" VPOS="1114" HPOS="1639"/>
							<String ID="string_187" HPOS="1656" VPOS="1113" WIDTH="126" HEIGHT="37" WC="0.91" CONTENT="ifråga-"/>
						</TextLine>
						<TextLine ID="line_20" HPOS="280" VPOS="1163" WIDTH="1503" HEIGHT="40">
							<String ID="string_188" HPOS="280" VPOS="1164" WIDTH="153" HEIGHT="31" WC="0.96" CONTENT="varande"/><SP WIDTH="23" VPOS="1164" HPOS="433"/>
							<String ID="string_189" HPOS="456" VPOS="1164" WIDTH="182" HEIGHT="39" WC="0.96" CONTENT="uppgifter,"/><SP WIDTH="26" VPOS="1164" HPOS="638"/>
							<String ID="string_190" HPOS="664" VPOS="1165" WIDTH="64" HEIGHT="30" WC="0.96" CONTENT="har"/><SP WIDTH="27" VPOS="1165" HPOS="728"/>
							<String ID="string_191" HPOS="755" VPOS="1165" WIDTH="123" HEIGHT="36" WC="0.76" CONTENT="Kungl."/><SP WIDTH="25" VPOS="1165" HPOS="878"/>
							<String ID="string_192" HPOS="903" VPOS="1163" WIDTH="117" HEIGHT="38" WC="0.94" CONTENT="Maj:ts"/><SP WIDTH="28" VPOS="1163" HPOS="1020"/>
							<String ID="string_193" HPOS="1048" VPOS="1164" WIDTH="130" HEIGHT="37" WC="0.96" CONTENT="förslag"/><SP WIDTH="24" VPOS="1164" HPOS="1178"/>
							<String ID="string_194" HPOS="1202" VPOS="1165" WIDTH="76" HEIGHT="30" WC="0.96" CONTENT="icke"/><SP WIDTH="24" VPOS="1165" HPOS="1278"/>
							<String ID="string_195" HPOS="1302" VPOS="1165" WIDTH="84" HEIGHT="35" WC="0.96" CONTENT="givit"/><SP WIDTH="23" VPOS="1165" HPOS="1386"/>
							<String ID="string_196" HPOS="1409" VPOS="1165" WIDTH="165" HEIGHT="30" WC="0.96" CONTENT="utskottet"/><SP WIDTH="23" VPOS="1165" HPOS="1574"/>
							<String ID="string_197" HPOS="1597" VPOS="1164" WIDTH="186" HEIGHT="36" WC="0.96" CONTENT="anledning"/>
						</TextLine>
						<TextLine ID="line_21" HPOS="281" VPOS="1214" WIDTH="1501" HEIGHT="37">
							<String ID="string_198" HPOS="281" VPOS="1214" WIDTH="50" HEIGHT="30" WC="0.90" CONTENT="till"/><SP WIDTH="37" VPOS="1214" HPOS="331"/>
							<String ID="string_199" HPOS="368" VPOS="1214" WIDTH="138" HEIGHT="31" WC="0.90" CONTENT="särskilt"/><SP WIDTH="23" VPOS="1214" HPOS="506"/>
							<String ID="string_200" HPOS="529" VPOS="1215" WIDTH="186" HEIGHT="30" WC="0.95" CONTENT="uttalande."/><SP WIDTH="40" VPOS="1215" HPOS="715"/>
							<String ID="string_201" HPOS="755" VPOS="1215" WIDTH="181" HEIGHT="35" WC="0.95" CONTENT="Utskottet,"/><SP WIDTH="27" VPOS="1215" HPOS="936"/>
							<String ID="string_202" HPOS="963" VPOS="1224" WIDTH="74" HEIGHT="21" WC="0.96" CONTENT="som"/><SP WIDTH="24" VPOS="1224" HPOS="1037"/>
							<String ID="string_203" HPOS="1061" VPOS="1214" WIDTH="100" HEIGHT="31" WC="0.95" CONTENT="alltså"/><SP WIDTH="26" VPOS="1214" HPOS="1161"/>
							<String ID="string_204" HPOS="1187" VPOS="1215" WIDTH="188" HEIGHT="36" WC="0.95" CONTENT="tillstyrker"/><SP WIDTH="24" VPOS="1215" HPOS="1375"/>
							<String ID="string_205" HPOS="1399" VPOS="1215" WIDTH="121" HEIGHT="36" WC="0.96" CONTENT="Kungl."/><SP WIDTH="28" VPOS="1215" HPOS="1520"/>
							<String ID="string_206" HPOS="1548" VPOS="1214" WIDTH="117" HEIGHT="37" WC="0.93" CONTENT="Maj:ts"/><SP WIDTH="30" VPOS="1214" HPOS="1665"/>
							<String ID="string_207" HPOS="1695" VPOS="1215" WIDTH="87" HEIGHT="30" WC="0.92" CONTENT="före-"/>
						</TextLine>
						<TextLine ID="line_22" HPOS="280" VPOS="1265" WIDTH="675" HEIGHT="37">
							<String ID="string_208" HPOS="280" VPOS="1265" WIDTH="153" HEIGHT="31" WC="0.96" CONTENT="varande"/><SP WIDTH="16" VPOS="1265" HPOS="433"/>
							<String ID="string_209" HPOS="449" VPOS="1265" WIDTH="223" HEIGHT="37" WC="0.96" CONTENT="proposition,"/><SP WIDTH="19" VPOS="1265" HPOS="672"/>
							<String ID="string_210" HPOS="691" VPOS="1265" WIDTH="55" HEIGHT="30" WC="0.93" CONTENT="får"/><SP WIDTH="15" VPOS="1265" HPOS="746"/>
							<String ID="string_211" HPOS="761" VPOS="1265" WIDTH="194" HEIGHT="36" WC="0.83" CONTENT="hemställa,"/>
						</TextLine>
					</TextBlock>
				</ComposedBlock>
				<ComposedBlock ID="cblock_4" HPOS="589" VPOS="1344" WIDTH="1195" HEIGHT="294">
					<TextBlock ID="block_5" HPOS="591" VPOS="1344" WIDTH="1191" HEIGHT="92">
						<TextLine ID="line_23" HPOS="632" VPOS="1344" WIDTH="1150" HEIGHT="42">
							<String ID="string_212" HPOS="632" VPOS="1352" WIDTH="49" HEIGHT="28" WC="0.96" CONTENT="att"/><SP WIDTH="21" VPOS="1352" HPOS="681"/>
							<String ID="string_213" HPOS="702" VPOS="1350" WIDTH="185" HEIGHT="35" WC="0.96" CONTENT="riksdagen"/><SP WIDTH="22" VPOS="1350" HPOS="887"/>
							<String ID="string_214" HPOS="909" VPOS="1348" WIDTH="57" HEIGHT="31" WC="0.95" CONTENT="må"/><SP WIDTH="23" VPOS="1348" HPOS="966"/>
							<String ID="string_215" HPOS="989" VPOS="1349" WIDTH="56" HEIGHT="31" WC="0.95" CONTENT="för"/><SP WIDTH="21" VPOS="1349" HPOS="1045"/>
							<String ID="string_216" HPOS="1066" VPOS="1348" WIDTH="200" HEIGHT="37" WC="0.93" CONTENT="budgetåret"/><SP WIDTH="24" VPOS="1348" HPOS="1266"/>
							<String ID="string_217" HPOS="1290" VPOS="1344" WIDTH="139" HEIGHT="42" WC="0.92" CONTENT="1945/46"/><SP WIDTH="23" VPOS="1344" HPOS="1429"/>
							<String ID="string_218" HPOS="1452" VPOS="1350" WIDTH="110" HEIGHT="30" WC="0.96" CONTENT="under"/><SP WIDTH="23" VPOS="1350" HPOS="1562"/>
							<String ID="string_219" HPOS="1585" VPOS="1348" WIDTH="110" HEIGHT="37" WC="0.93" CONTENT="tredje"/><SP WIDTH="25" VPOS="1348" HPOS="1695"/>
							<String ID="string_220" HPOS="1720" VPOS="1349" WIDTH="62" HEIGHT="31" WC="0.90" CONTENT="hu-"/>
						</TextLine>
						<TextLine ID="line_24" HPOS="591" VPOS="1399" WIDTH="977" HEIGHT="37">
							<String ID="string_221" HPOS="591" VPOS="1400" WIDTH="167" HEIGHT="30" WC="0.91" CONTENT="vudtiteln"/><SP WIDTH="19" VPOS="1400" HPOS="758"/>
							<String ID="string_222" HPOS="777" VPOS="1400" WIDTH="121" HEIGHT="30" WC="0.96" CONTENT="anvisa"/><SP WIDTH="21" VPOS="1400" HPOS="898"/>
							<String ID="string_223" HPOS="919" VPOS="1399" WIDTH="155" HEIGHT="37" WC="0.93" CONTENT="följande"/><SP WIDTH="19" VPOS="1399" HPOS="1074"/>
							<String ID="string_224" HPOS="1093" VPOS="1399" WIDTH="281" HEIGHT="37" WC="0.91" CONTENT="förslagsanslag,"/><SP WIDTH="19" VPOS="1399" HPOS="1374"/>
							<String ID="string_225" HPOS="1393" VPOS="1399" WIDTH="175" HEIGHT="37" WC="0.96" CONTENT="nämligen"/>
						</TextLine>
					</TextBlock>
					<TextBlock ID="block_6" HPOS="633" VPOS="1446" WIDTH="840" HEIGHT="40">
						<TextLine ID="line_25" HPOS="633" VPOS="1446" WIDTH="840" HEIGHT="40">
							<String ID="string_226" HPOS="633" VPOS="1446" WIDTH="33" HEIGHT="40" WC="0.95" CONTENT="a)"/><SP WIDTH="27" VPOS="1446" HPOS="666"/>
							<String ID="string_227" HPOS="693" VPOS="1450" WIDTH="52" HEIGHT="31" WC="0.93" CONTENT="till"/><SP WIDTH="25" VPOS="1450" HPOS="745"/>
							<String ID="string_228" HPOS="770" VPOS="1449" WIDTH="401" HEIGHT="32" WC="0.91" CONTENT="Restitutionsnämnden"/><SP WIDTH="21" VPOS="1449" HPOS="1171"/>
							<String ID="string_229" HPOS="1192" VPOS="1451" WIDTH="41" HEIGHT="29" WC="0.95" CONTENT="50"/><SP WIDTH="12" VPOS="1451" HPOS="1233"/>
							<String ID="string_230" HPOS="1245" VPOS="1451" WIDTH="63" HEIGHT="29" WC="0.95" CONTENT="000"/><SP WIDTH="26" VPOS="1451" HPOS="1308"/>
							<String ID="string_231" HPOS="1334" VPOS="1450" WIDTH="139" HEIGHT="36" WC="0.95" CONTENT="kronor,"/>
						</TextLine>
					</TextBlock>
					<TextBlock ID="block_7" HPOS="632" VPOS="1497" WIDTH="809" HEIGHT="40">
						<TextLine ID="line_26" HPOS="632" VPOS="1497" WIDTH="809" HEIGHT="40">
							<String ID="string_232" HPOS="632" VPOS="1497" WIDTH="37" HEIGHT="40" WC="0.91" CONTENT="b)"/><SP WIDTH="27" VPOS="1497" HPOS="669"/>
							<String ID="string_233" HPOS="696" VPOS="1501" WIDTH="50" HEIGHT="30" WC="0.93" CONTENT="till"/><SP WIDTH="24" VPOS="1501" HPOS="746"/>
							<String ID="string_234" HPOS="770" VPOS="1500" WIDTH="350" HEIGHT="37" WC="0.84" CONTENT="Flyktkapitalbyrån"/><SP WIDTH="23" VPOS="1500" HPOS="1120"/>
							<String ID="string_235" HPOS="1143" VPOS="1502" WIDTH="60" HEIGHT="29" WC="0.96" CONTENT="160"/><SP WIDTH="14" VPOS="1502" HPOS="1203"/>
							<String ID="string_236" HPOS="1217" VPOS="1501" WIDTH="63" HEIGHT="30" WC="0.96" CONTENT="000"/><SP WIDTH="21" VPOS="1501" HPOS="1280"/>
							<String ID="string_237" HPOS="1301" VPOS="1501" WIDTH="140" HEIGHT="35" WC="0.96" CONTENT="kronor,"/>
						</TextLine>
					</TextBlock>
					<TextBlock ID="block_8" HPOS="589" VPOS="1551" WIDTH="1195" HEIGHT="87">
						<TextLine ID="line_27" HPOS="632" VPOS="1551" WIDTH="1152" HEIGHT="40">
							<String ID="string_238" HPOS="632" VPOS="1551" WIDTH="29" HEIGHT="40" WC="0.89" CONTENT="c)"/><SP WIDTH="31" VPOS="1551" HPOS="661"/>
							<String ID="string_239" HPOS="692" VPOS="1551" WIDTH="52" HEIGHT="31" WC="0.96" CONTENT="till"/><SP WIDTH="19" VPOS="1551" HPOS="744"/>
							<String ID="string_240" HPOS="763" VPOS="1551" WIDTH="240" HEIGHT="38" WC="0.95" CONTENT="Ersättningar"/><SP WIDTH="18" VPOS="1551" HPOS="1003"/>
							<String ID="string_241" HPOS="1021" VPOS="1551" WIDTH="57" HEIGHT="37" WC="0.96" CONTENT="för"/><SP WIDTH="20" VPOS="1551" HPOS="1078"/>
							<String ID="string_242" HPOS="1098" VPOS="1553" WIDTH="67" HEIGHT="32" WC="0.96" CONTENT="viss"/><SP WIDTH="20" VPOS="1553" HPOS="1165"/>
							<String ID="string_243" HPOS="1185" VPOS="1551" WIDTH="80" HEIGHT="37" WC="0.96" CONTENT="från"/><SP WIDTH="23" VPOS="1551" HPOS="1265"/>
							<String ID="string_244" HPOS="1288" VPOS="1551" WIDTH="188" HEIGHT="37" WC="0.96" CONTENT="ockuperat"/><SP WIDTH="20" VPOS="1551" HPOS="1476"/>
							<String ID="string_245" HPOS="1496" VPOS="1552" WIDTH="84" HEIGHT="31" WC="0.93" CONTENT="land"/><SP WIDTH="21" VPOS="1552" HPOS="1580"/>
							<String ID="string_246" HPOS="1601" VPOS="1552" WIDTH="183" HEIGHT="30" WC="0.91" CONTENT="härröran-"/>
						</TextLine>
						<TextLine ID="line_28" HPOS="589" VPOS="1601" WIDTH="595" HEIGHT="37">
							<String ID="string_247" HPOS="589" VPOS="1601" WIDTH="41" HEIGHT="31" WC="0.96" CONTENT="de"/><SP WIDTH="26" VPOS="1601" HPOS="630"/>
							<String ID="string_248" HPOS="656" VPOS="1603" WIDTH="167" HEIGHT="35" WC="0.96" CONTENT="egendom"/><SP WIDTH="28" VPOS="1603" HPOS="823"/>
							<String ID="string_249" HPOS="851" VPOS="1603" WIDTH="15" HEIGHT="30" WC="0.94" CONTENT="1"/><SP WIDTH="16" VPOS="1603" HPOS="866"/>
							<String ID="string_250" HPOS="882" VPOS="1602" WIDTH="63" HEIGHT="31" WC="0.96" CONTENT="000"/><SP WIDTH="13" VPOS="1602" HPOS="945"/>
							<String ID="string_251" HPOS="958" VPOS="1602" WIDTH="65" HEIGHT="31" WC="0.96" CONTENT="000"/><SP WIDTH="24" VPOS="1602" HPOS="1023"/>
							<String ID="string_252" HPOS="1047" VPOS="1603" WIDTH="137" HEIGHT="30" WC="0.96" CONTENT="kronor."/>
						</TextLine>
					</TextBlock>
				</ComposedBlock>
				<ComposedBlock ID="cblock_5" HPOS="328" VPOS="1703" WIDTH="563" HEIGHT="36">
					<TextBlock ID="block_9" HPOS="328" VPOS="1703" WIDTH="563" HEIGHT="36">
						<TextLine ID="line_29" HPOS="328" VPOS="1703" WIDTH="563" HEIGHT="36">
							<String ID="string_253" HPOS="328" VPOS="1703" WIDTH="200" HEIGHT="31" WC="0.96" CONTENT="Stockholm"/><SP WIDTH="21" VPOS="1703" HPOS="528"/>
							<String ID="string_254" HPOS="549" VPOS="1704" WIDTH="66" HEIGHT="30" WC="0.96" CONTENT="den"/><SP WIDTH="21" VPOS="1704" HPOS="615"/>
							<String ID="string_255" HPOS="636" VPOS="1705" WIDTH="37" HEIGHT="28" WC="0.95" CONTENT="21"/><SP WIDTH="24" VPOS="1705" HPOS="673"/>
							<String ID="string_256" HPOS="697" VPOS="1703" WIDTH="76" HEIGHT="36" WC="0.96" CONTENT="juni"/><SP WIDTH="26" VPOS="1703" HPOS="773"/>
							<String ID="string_257" HPOS="799" VPOS="1704" WIDTH="92" HEIGHT="30" WC="0.95" CONTENT="1945."/>
						</TextLine>
					</TextBlock>
				</ComposedBlock>
				<ComposedBlock ID="cblock_6" HPOS="781" VPOS="1853" WIDTH="504" HEIGHT="37">
					<TextBlock ID="block_10" HPOS="781" VPOS="1853" WIDTH="504" HEIGHT="37">
						<TextLine ID="line_30" HPOS="781" VPOS="1853" WIDTH="504" HEIGHT="37">
							<String ID="string_258" HPOS="781" VPOS="1853" WIDTH="47" HEIGHT="31" WC="0.93" CONTENT="På"/><SP WIDTH="25" VPOS="1853" HPOS="828"/>
							<String ID="string_259" HPOS="853" VPOS="1854" WIDTH="267" HEIGHT="30" WC="0.91" CONTENT="statsutskottets"/><SP WIDTH="23" VPOS="1854" HPOS="1120"/>
							<String ID="string_260" HPOS="1143" VPOS="1855" WIDTH="142" HEIGHT="35" WC="0.95" CONTENT="vägnar:"/>
						</TextLine>
					</TextBlock>
				</ComposedBlock>
				<ComposedBlock ID="cblock_7" HPOS="836" VPOS="1953" WIDTH="388" HEIGHT="31">
					<TextBlock ID="block_11" HPOS="836" VPOS="1953" WIDTH="388" HEIGHT="31">
						<TextLine ID="line_31" HPOS="836" VPOS="1953" WIDTH="388" HEIGHT="31">
							<String ID="string_261" HPOS="836" VPOS="1954" WIDTH="29" HEIGHT="30" WC="0.89" CONTENT="J."/><SP WIDTH="26" VPOS="1954" HPOS="865"/>
							<String ID="string_262" HPOS="891" VPOS="1954" WIDTH="36" HEIGHT="30" WC="0.82" CONTENT="B."/><SP WIDTH="26" VPOS="1954" HPOS="927"/>
							<String ID="string_263" HPOS="953" VPOS="1953" WIDTH="271" HEIGHT="31" WC="0.94" CONTENT="JOHANSSON."/>
						</TextLine>
					</TextBlock>
				</ComposedBlock>
				<ComposedBlock ID="cblock_8" HPOS="326" VPOS="2195" WIDTH="666" HEIGHT="26">
					<TextBlock ID="block_12" HPOS="326" VPOS="2195" WIDTH="666" HEIGHT="26">
						<TextLine ID="line_32" HPOS="326" VPOS="2195" WIDTH="666" HEIGHT="26">
							<String ID="string_264" HPOS="326" VPOS="2196" WIDTH="195" HEIGHT="24" WC="0.95" CONTENT="Närvarande:"/><SP WIDTH="20" VPOS="2196" HPOS="521"/>
							<String ID="string_265" HPOS="541" VPOS="2204" WIDTH="28" HEIGHT="17" WC="0.96" CONTENT="se"/><SP WIDTH="21" VPOS="2204" HPOS="569"/>
							<String ID="string_266" HPOS="590" VPOS="2196" WIDTH="89" HEIGHT="24" WC="0.93" CONTENT="under"/><SP WIDTH="20" VPOS="2196" HPOS="679"/>
							<String ID="string_267" HPOS="699" VPOS="2195" WIDTH="159" HEIGHT="25" WC="0.91" CONTENT="utlåtandet"/><SP WIDTH="22" VPOS="2195" HPOS="858"/>
							<String ID="string_268" HPOS="880" VPOS="2203" WIDTH="34" HEIGHT="16" WC="0.96" CONTENT="nr"/><SP WIDTH="19" VPOS="2203" HPOS="914"/>
							<String ID="string_269" HPOS="933" VPOS="2196" WIDTH="59" HEIGHT="24" WC="0.95" CONTENT="253."/>
						</TextLine>
					</TextBlock>
				</ComposedBlock>
			</PrintSpace>
		</Page>
	</Layout>
</alto>
