1890 2842
272 162 19 30 8
652 169 121 31 Första
798 171 239 36 lagutskottets
1063 172 176 30 utlåtande
1263 182 42 21 nr
1333 174 47 29 40.

277 251 53 35 gel
355 251 109 30 skulle
489 253 113 36 prästs
627 253 227 31 ämbetsbrott
878 255 166 30 bedömas
1071 265 42 20 av
1138 256 221 37 domkapitel,
1385 267 79 20 men
1490 257 81 31 från
1594 258 114 31 denna
1735 270 47 20 re-

277 301 53 36 gel
346 301 114 31 skulle
479 304 100 34 göras
599 304 179 36 undantag
798 305 56 30 för
873 305 90 31 vissa
981 307 102 35 brott,
1103 307 94 30 vilka
1217 317 80 20 vore
1317 307 223 37 förbrytelser
1558 309 136 30 mindre
1713 314 70 26 mot

277 352 154 36 kyrkans
458 353 44 30 än
525 357 73 27 mot
624 357 127 28 statens
777 356 234 36 rättsordning
1036 358 65 29 och
1128 357 119 30 därför
1270 359 108 29 borde
1401 359 120 30 kunna
1544 363 171 33 upptagas
1742 370 41 20 av

279 403 162 37 världslig
465 404 76 30 rätt.

322 452 49 31 På
400 455 214 35 grundvalen
646 465 42 20 av
717 457 224 30 kommitténs
969 458 258 36 framställning
1256 460 219 30 utarbetades
1503 469 125 27 genom
1660 461 121 36 Kunel.

278 503 118 36 Maj:ts
418 504 135 37 försorg
577 509 47 27 ett
645 506 130 37 förslag
797 507 10 29 i
832 508 126 36 ämnet,
981 509 65 29 och
1070 509 108 29 sedan
1205 510 82 29 1878
1309 508 56 32 års
1387 511 206 36 kyrkomöte
1617 520 78 21 vars
1719 515 63 33 ytt-

276 555 109 30 rande
408 555 219 31 inhämtades
653 557 142 36 vidtagit
820 558 188 36 ändringar
1035 559 10 29 i
1071 559 91 31 vissa
1187 560 96 30 deltar
1310 570 43 20 av
1377 560 164 37 förslaget
1567 565 90 26 samt
1682 562 100 30 dessa

276 605 188 37 ändringar
487 607 99 30 blivit
612 617 42 20 av
681 608 121 36 Kungl.
832 609 102 36 Maj:t
959 610 196 35 godkända,
1184 610 188 31 framlades
1397 612 148 29 berörda
1572 612 132 36 förslag
1729 621 52 27 ge-

276 665 82 21 nom
378 657 117 36 kungl.
518 658 216 36 proposition
758 659 56 30 för
837 660 84 29 1879
944 659 54 31 års
1023 660 149 36 riksdag.
1218 661 238 36 Lagutskottet
1477 662 184 37 tillstyrkte
1682 663 99 30 bifall

276 707 50 29 till
355 708 269 36 propositionen,
654 710 65 29 och
747 710 10 29 i
787 710 150 36 enlighet
965 711 147 30 härmed
1139 712 102 29 utföll
1271 712 109 30 första
1408 713 223 30 kammarens
1659 714 121 30 beslut.

274 757 118 31 Andra
413 759 204 30 kammaren
642 760 156 30 däremot
820 761 117 36 avslog
960 761 66 30 den
1050 762 165 36 paragraf
1238 762 10 30 i
1272 763 173 35 förslaget,
1469 773 74 20 som
1568 764 213 30 innefattade

275 808 260 31 bestämmelser
558 810 10 29 i
594 810 94 30 vilka
714 809 70 31 mål
810 811 213 37 domkapitel
1050 813 65 29 och
1143 813 10 29 i
1179 813 92 30 vilka
1300 813 162 37 världslig
1488 815 69 29 rätt
1582 815 110 29 skulle
1718 815 63 36 äga

275 862 49 27 att
345 859 116 36 döma,
484 870 44 20 en
549 859 131 37 utgång
704 871 74 20 som
803 862 152 30 berodde
976 861 112 38 därpå
1111 866 50 27 att
1185 863 254 37 domkapitlens
1463 865 172 29 domsrätt
1658 873 122 27 genom

275 910 41 29 de
338 919 42 21 av
400 911 223 35 kyrkomötet
644 912 161 36 vidtagna
827 913 235 36 ändringarna
1084 913 124 37 ansågs
1229 915 45 29 ha
1294 914 98 30 blivit
1409 914 57 31 för
1485 914 95 37 långt
1602 916 177 29 utsträckt.

319 960 98 31 Efter
441 961 57 30 det
519 960 126 38 frågan
669 961 100 32 alltså
793 963 55 30 för
872 963 67 30 den
963 963 132 37 gången
1120 964 155 36 förfallit,
1299 966 77 29 blev
1398 966 205 30 densamma
1629 966 11 29 i
1665 966 114 30 anled-

274 1011 82 36 ning
376 1021 43 21 av
437 1012 136 30 enskild
595 1013 131 30 motion
748 1013 147 31 föremål
916 1014 54 30 för
991 1015 212 36 behandling
1224 1025 42 20 av
1290 1016 83 29 1883
1393 1014 55 32 års
1468 1017 217 35 kyrkomöte,
1706 1026 74 20 som

274 1062 9 29 i
308 1062 163 31 skrivelse
495 1063 51 29 till
571 1063 123 36 Kungl.
722 1064 100 36 Maj:t
846 1065 215 36 hemställde,
1088 1069 50 26 att
1162 1064 159 38 åtgärder
1345 1065 106 31 måtte
1474 1067 156 36 vidtagas
1654 1067 54 30 för
1732 1071 48 26 att

273 1116 136 27 snarast
429 1113 135 37 möjligt
583 1114 127 30 bereda
732 1115 94 30 kraft
848 1125 42 20 av
910 1116 55 35 lag
988 1115 35 31 åt
1040 1119 49 27 ett
1108 1116 189 30 skrivelsen
1316 1117 133 35 bifogat
1469 1117 130 36 förslag
1621 1118 10 29 i
1653 1118 127 35 ämnet,

271 1163 277 37 huvudsakligen
570 1166 365 30 överensstämmande
957 1167 79 29 med
1059 1167 56 30 det
1138 1177 42 20 av
1204 1168 82 29 1878
1311 1166 55 31 års
1389 1169 206 35 kyrkomöte
1619 1172 159 32 antagna.

314 1214 72 30 Mot
405 1215 55 30 det
478 1215 147 30 sålunda
644 1216 193 36 framlagda
854 1216 162 36 förslaget
1035 1218 199 30 anmärktes
1255 1218 188 30 emellertid
1462 1218 56 30 vid
1540 1219 77 29 dess
1635 1219 140 35 gransk-

268 1265 83 36 ning
371 1265 97 30 inom
489 1265 123 37 högsta
634 1266 203 36 domstolen,
860 1271 49 26 att
931 1268 54 29 det
1007 1277 81 21 vore
1109 1268 135 30 mindre
1266 1268 317 31 tillfredsställande
1604 1268 172 31 såtillvida

270 1324 74 21 som
365 1315 106 37 enligt
493 1316 194 31 detsamma
710 1317 144 30 straffen
879 1316 53 31 för
954 1316 172 38 åtskilliga
1149 1318 221 37 förbrytelser
1393 1328 42 21 av
1456 1321 106 34 präst,
1586 1320 92 30 vilka
1701 1319 75 31 icke

270 1365 146 37 anginge
444 1367 88 29 hans
562 1367 159 36 kyrkliga
752 1367 135 30 ämbete
927 1371 84 27 utan
1036 1369 101 29 rörde
1167 1369 86 30 hans
1281 1368 192 38 befattning
1503 1369 115 31 såsom
1647 1373 127 27 statens

269 1416 227 38 ämbetsman,
525 1417 111 30 skulle
662 1418 210 29 bestämmas
900 1418 10 29 i
936 1419 168 35 kyrkolag
1130 1420 66 29 och
1224 1420 211 30 domsrätten
1463 1420 11 30 i
1501 1420 70 30 mål
1598 1420 178 36 angående

268 1466 131 31 sådana
434 1466 222 38 förbrytelser
690 1468 197 31 tillkomma
924 1469 41 30 de
1000 1469 158 36 kyrkliga
1194 1470 296 36 myndigheterna,
1525 1471 248 36 domkapitlen.

268 1517 176 36 Förslaget
466 1518 68 30 fick
561 1518 119 31 därför
703 1519 153 36 undergå
879 1520 241 36 omarbetning
1142 1520 54 31 för
1218 1520 110 30 bättre
1351 1521 272 36 genomförande
1644 1531 42 20 av
1709 1522 65 29 den

267 1568 237 36 grundsatsen,
528 1572 49 27 att
599 1569 121 30 endast
744 1570 226 30 ämbetsbrott
993 1580 42 20 av
1061 1571 217 30 uteslutande
1301 1572 80 29 eller
1403 1572 210 36 väsentligen
1638 1572 136 36 kyrklig

268 1621 51 27 art
337 1618 106 30 borde
461 1619 166 30 hemfalla
646 1620 108 30 under
772 1620 65 30 den
854 1620 158 37 kyrkliga
1032 1620 361 38 strafflagstiftningen
1410 1623 65 29 och
1494 1622 278 37 jurisdiktionen.

269 1668 164 31 Området
459 1669 54 30 för
539 1670 114 30 denna
679 1670 214 37 lagstiftning
916 1672 66 29 och
1010 1671 224 36 jurisdiktion
1260 1672 76 30 blev
1363 1672 200 37 härigenom
1594 1673 179 36 väsentligt

266 1718 193 32 inskränkt.
513 1720 55 30 Att
601 1719 215 38 fullständigt
845 1722 203 35 genomföra
1078 1722 147 30 berörda
1253 1723 183 35 grundsats
1466 1723 123 36 ansågs
1621 1724 150 30 emeller-

268 1769 47 30 tid
345 1770 109 30 under
483 1770 198 31 dåvarande
711 1770 242 31 förhållanden
982 1772 75 30 icke
1089 1782 81 20 vara
1200 1773 142 37 möjligt.
1397 1774 98 30 Inom
1524 1775 122 35 högsta
1677 1775 94 29 dom-

267 1821 109 29 stolen
403 1820 180 31 framhölls
612 1824 49 27 att
688 1821 52 31 för
769 1821 123 31 sådant
918 1822 162 31 ändamål
1108 1823 106 30 bland
1242 1827 106 26 annat
1374 1824 111 30 skulle
1511 1824 185 31 erfordras.
1724 1827 48 27 att

266 1879 81 21 man
371 1870 92 31 förut
487 1871 81 31 eller
591 1872 174 36 samtidigt
788 1866 121 36 skrede
931 1872 51 30 till
1006 1882 41 21 en
1074 1873 201 37 fullständig
1298 1874 149 31 revision
1469 1883 42 21 av
1532 1875 161 36 gällande
1715 1875 55 30 be-

265 1921 214 30 stämmelser
501 1930 57 21 om
583 1922 41 30 de
647 1923 80 30 med
747 1923 247 35 prästämbetet
1016 1922 232 38 förknippade
1272 1924 213 37 åligganden.

309 1970 165 32 Yttrande
493 1972 219 31 inhämtades
735 1973 150 30 härefter
907 1973 79 30 från
1010 1974 82 30 1888
1116 1974 54 30 års
1192 1974 205 37 kyrkomöte
1417 1985 75 20 som
1514 1975 85 31 fann
1622 1976 147 30 avvikel-

265 2031 100 21 serna
388 2021 80 31 från
494 2022 56 30 det
575 2023 146 36 tidigare
749 2022 163 38 förslaget
937 2024 11 30 i
974 2024 190 30 allmänhet
1190 2034 81 21 vara
1298 2026 243 36 välgrundade,
1571 2027 65 29 och
1665 2027 106 30 sedan

263 2072 121 36 högsta
407 2072 192 31 domstolen
621 2073 132 31 lämnat
775 2077 84 27 utan
881 2075 232 37 anmärkning
1136 2074 106 38 några
1266 2077 131 29 smärre
1419 2076 187 37 ändringar
1629 2086 74 21 som
1726 2076 45 37 på

264 2123 236 35 kyrkomötets
527 2123 255 38 framställning
808 2125 166 36 vidtogos,
1002 2125 77 30 blev
1105 2125 57 31 det
1187 2125 146 32 sålunda
1359 2127 222 31 omarbetade
1608 2127 162 36 förslaget

264 2172 147 36 förelagt
437 2174 82 29 1889
544 2173 57 31 års
625 2174 150 36 riksdag.
801 2175 239 36 Lagutskottet
1064 2176 91 29 hade
1179 2176 84 30 intet
1287 2180 49 26 att
1360 2177 113 30 erinra
1498 2181 73 27 mot
1596 2178 174 36 förslaget,

262 2224 65 29 och
357 2224 191 31 detsamma
575 2224 116 32 bifölls
720 2226 10 29 i
757 2225 90 31 båda
875 2226 197 36 kamrarna,
1101 2226 147 31 varefter
1277 2227 229 31 förenämnda
1533 2229 55 35 lag
1613 2228 13 31 i
1654 2230 114 29 ämnet

261 2273 210 32 utfärdades.

306 2324 64 31 Vid
393 2326 83 30 1903
496 2325 53 31 års
571 2326 140 36 riksdag
732 2327 138 30 väcktes
893 2337 42 20 en
956 2327 132 31 motion
1113 2324 56 39 (II:
1186 2324 69 40 34),
1276 2328 73 30 vari
1369 2328 222 31 hemställdes
1613 2332 49 27 att
1682 2329 86 29 riks-

262 2375 110 36 dagen
390 2375 105 31 måtte
514 2376 134 30 besluta
668 2380 48 27 att
735 2376 11 30 i
765 2377 163 30 skrivelse
947 2377 52 30 till
1018 2377 123 37 Kungl.
1163 2377 101 38 Maj:t
1284 2378 149 36 anhålla,
1455 2382 48 27 att
1523 2379 123 36 Kungl.
1668 2378 99 37 Maj:t

261 2425 77 30 ville
363 2425 68 31 låta
454 2427 186 30 verkställa
663 2437 41 20 en
730 2428 240 37 omarbetning
993 2437 42 21 av
1064 2429 83 29 1889
1171 2428 55 31 års
1249 2429 54 36 lag
1327 2429 10 30 i
1361 2429 88 36 syfte
1476 2433 48 26 att
1548 2428 221 33 beträffande

261 2475 93 31 såväl
381 2476 408 32 straffbestämmelserna
814 2488 74 20 som
916 2479 113 30 forum
1056 2478 53 30 för
1135 2479 69 30 åtal
1229 2481 82 34 göra
1336 2481 96 34 präst
1458 2480 10 30 i
1494 2479 98 37 fråga
1618 2488 56 21 om
1700 2480 66 30 alla
