1860 2800
546 171 260 27 Bankoutskottets
827 169 150 27 utlåtande
997 177 34 18 nr
1056 169 41 25 16.
1533 163 37 29 13

78 253 121 30 Denna
227 253 264 39 protokollstext
519 253 39 28 är
586 249 256 39 genomgående
869 248 137 30 skriven
1035 247 77 30 med
1141 255 134 21 samma
1304 243 162 35 handstil,
1496 252 74 21 var-

79 297 136 39 igenom
238 306 43 21 en
305 296 132 39 ganska
459 296 102 30 exakt
584 294 192 38 beräkning
799 303 43 21 av
866 293 66 30 den
957 291 219 38 omfattning,
1201 289 67 30 den
1294 289 109 30 skulle
1427 288 109 30 kräva
1561 287 10 29 i

79 343 107 39 tryck,
208 344 39 29 är
266 342 119 39 möjlig
404 345 49 27 att
472 342 93 37 göra.
597 339 184 30 Verkställt
801 337 252 39 avskriftsprov
1072 336 65 30 har
1157 334 131 31 således
1309 333 82 39 givit
1411 333 57 29 vid
1487 332 83 30 han-

79 387 75 37 den,
178 391 50 27 att
249 390 113 27 texten
385 387 9 29 i
417 385 148 31 avskrift
587 385 157 29 kommer
768 387 49 27 att
839 382 96 31 bestå
958 391 43 21 av
1027 381 92 30 1035
1145 380 102 34 sidor,
1272 377 222 32 alldenstund
1516 375 56 32 två

78 432 314 31 handskriftssidor
419 440 152 29 rymmas
595 429 45 39 på
667 438 43 20 en
737 427 251 31 avskriftssida.
1018 425 51 31 Då
1096 424 58 31 två
1181 424 119 38 dylika
1328 426 175 26 motsvara
1531 430 42 21 en

80 476 184 39 trycksida,
298 477 110 29 skulle
442 475 130 30 således
610 475 91 29 1035
736 471 260 32 avskriftssidor
1028 471 108 29 kräva
1170 470 61 29 517
1267 467 195 39 trycksidar
1493 466 81 30 eller

80 533 40 20 ca
139 519 87 34 32!/2
247 523 73 29 ark.
342 521 125 30 Härtill
487 521 64 29 bör
568 537 44 4 —
631 520 9 28 i
661 519 107 30 likhet
789 517 79 30 med
885 517 67 30 vad
973 525 75 21 som
1068 515 144 38 tidigare
1233 514 89 30 skett
1339 530 45 4 —
1404 512 98 38 fogas
1522 515 50 26 ut-

81 576 133 30 rymme
240 567 56 30 för
321 565 289 40 kapitelrubriker
642 563 43 38 (d.
714 573 30 20 v.
772 573 25 20 s.
826 561 158 31 rubriker
1011 560 55 30 för
1093 560 41 30 de
1163 559 93 30 olika
1284 552 289 47 sammanträdes-

80 611 182 39 dagarna),
287 615 107 31 noter,
418 610 202 37 mellanslag
643 609 65 29 och
732 617 69 29 nya
824 606 151 39 stycken.
1012 605 99 30 Detta
1135 607 174 35 utrymme
1332 601 171 30 beräknas
1524 599 50 31 till

81 667 40 21 ca
141 658 42 29 40
203 657 94 30 sidor
316 657 81 29 eller
417 652 64 33 2!/2
501 654 173 39 tryckark.
708 652 125 30 Härtill
854 653 142 28 komma
1014 649 143 38 bilagor.
1179 648 197 37 Allmogens
1398 646 176 30 allmänna

80 702 133 34 besvär,
239 701 110 30 vilkas
372 700 90 39 plats
486 699 107 29 bland
614 697 181 38 bilagorna
819 697 11 29 i
854 696 41 30 de
919 695 57 30 två
999 694 109 30 första
1128 693 139 30 banden
1292 702 44 20 av
1360 692 65 29 här
1449 689 125 39 ifråga-

81 746 153 30 varande
256 744 219 40 publikation
499 746 128 27 ansetts
651 742 177 39 självklar,
852 741 61 30 äro
938 738 188 32 emellertid
1151 738 56 29 för
1231 737 114 29 denna
1369 735 139 38 riksdag
1532 750 44 5 —

81 791 126 30 liksom
227 790 56 31 för
307 791 82 29 1734
411 789 55 31 års
486 807 45 3 —
550 787 138 31 införda
710 787 10 29 i
742 786 110 38 själva
873 784 217 40 protokollet.
1125 783 64 29 Det
1207 785 173 35 utrymme
1400 780 107 30 bland
1526 778 49 31 bi-

82 836 154 37 lagorna,
262 844 76 21 som
362 833 203 39 härigenom
587 832 67 30 blir
678 830 113 39 ledigt,
818 828 107 32 måste
951 829 89 30 dock
1065 846 44 3 —
1132 827 127 30 liksom
1284 826 97 29 fallet
1406 823 88 31 varit
1519 822 57 31 vid

86 882 82 29 1734
195 880 55 31 års
277 880 140 37 riksdag
443 896 44 5 —
512 882 95 34 tagas
634 877 8 29 i
668 875 154 39 anspråk
845 875 55 29 för
926 874 123 38 Kungl.
1079 872 118 39 Maj:ts
1224 870 188 31 resolution
1438 868 46 40 på
1509 868 66 30 All-

84 933 140 31 mogens
245 925 132 29 besvär.
399 942 45 3 —
464 924 37 29 T.
524 932 30 20 o.
578 932 43 19 m.
648 922 79 29 1731
753 920 56 31 års
830 919 140 38 riksdag
993 927 80 21 vore
1095 917 99 30 dessa
1216 915 205 38 aktstycken
1442 913 135 39 tryckta

84 971 8 29 i
115 971 36 29 ÅA.
178 971 36 29 ÅA.
240 979 68 20 von
333 968 212 30 Stiernmans
571 966 134 30 relativt
729 963 262 40 lättillgängliga
1016 960 218 41 publikation
1262 960 95 35 >Alla
1380 958 197 38 riksdagars

84 1017 65 28 och
170 1015 133 29 mötens
325 1012 168 30 besluth>.
580 1010 160 30 Nämnda
761 1009 115 38 bilaga
897 1008 136 38 utgöres
1056 1016 41 21 av
1123 1007 60 29 114
1206 1003 322 32 handskriftssidor.
1563 1001 14 30 I

84 1059 190 30 allmänhet
296 1067 100 21 svara
419 1061 49 26 tre
492 1056 130 30 sådana
646 1059 71 26 mot
739 1054 57 30 två
819 1051 268 36 avskriftssidor,
1111 1050 119 31 varför
1252 1050 113 29 denna
1385 1048 115 38 bilaga
1522 1047 55 30 be-

85 1105 128 29 räknas
240 1105 141 28 komma
408 1105 49 27 att
482 1102 108 29 kräva
616 1101 41 29 38
683 1098 204 39 trycksidor.
928 1097 67 30 För
1019 1096 118 38 övriga
1163 1095 135 37 bilagor
1324 1092 57 31 må
1406 1093 172 29 beräknas

88 1150 59 28 122
174 1147 94 31 sidor
291 1148 82 29 eller
398 1145 227 30 tillsammans
655 1145 38 29 10
719 1142 173 39 tryckark.
930 1142 66 29 För
1021 1140 161 38 volymen
1207 1138 120 38 nödigt
1348 1145 139 31 person-
1513 1135 65 30 och

85 1192 206 38 sakregister
314 1192 96 29 torde
433 1190 85 30 böra
542 1189 172 30 beräknas
739 1188 50 30 till
814 1191 49 26 tre
887 1185 174 39 tryckark.
1098 1185 12 29 I
1136 1184 52 30 sin
1212 1183 116 30 helhet
1353 1182 110 30 skulle
1487 1180 91 38 voly-

86 1248 78 20 men
189 1237 131 30 således
343 1237 142 29 komma
509 1239 49 26 att
581 1235 139 37 utgöras
745 1243 42 20 av
813 1233 63 29 768
901 1231 92 30 sidor
1014 1231 81 29 eller
1118 1230 42 29 48
1184 1228 175 39 tryckark.

131 1280 418 39 Avskriftskostnaderna,
573 1278 199 30 beräknade
795 1277 86 29 efter
903 1277 131 29 kronor
1057 1275 89 29 2:50
1170 1274 9 29 i
1205 1273 151 34 timmen,
1382 1271 105 29 vilket
1509 1269 70 39 pris

86 1328 7 29 i
121 1326 207 30 riksarkivet
353 1325 218 30 verksamma
598 1322 261 31 avskriverskor
884 1329 144 22 numera
1054 1317 141 36 erhålla,
1222 1317 199 38 kalkyleras
1447 1314 45 40 på
1516 1314 63 30 föl-

87 1372 103 39 jande
220 1372 76 29 sätt.
338 1371 50 29 De
418 1370 97 29 2070
542 1367 359 31 handskriftssidorna
930 1364 264 40 protokollstext
1226 1362 105 35 torde,
1363 1360 45 31 då
1438 1361 19 29 8
1488 1359 93 31 sidor

87 1418 120 28 kunna
228 1414 207 30 medhinnas
456 1423 62 29 per
539 1413 126 34 timme,
688 1412 110 29 kräva
821 1420 41 20 en
883 1409 48 31 tid
953 1419 43 20 av
1017 1409 64 29 259
1103 1407 141 30 timmar
1267 1407 81 29 eller
1369 1415 42 20 en
1432 1403 149 31 kostnad

87 1471 42 20 av
154 1461 64 29 648
242 1461 139 28 kronor.
419 1457 244 31 Motsvarande
687 1456 150 29 kostnad
861 1454 55 30 för
939 1453 123 37 Kungl.
1088 1452 119 37 Maj:ts
1232 1449 188 31 resolution
1444 1448 45 39 på
1515 1448 65 30 All-

88 1513 141 30 mogens
253 1504 124 29 besvär
397 1502 173 30 beräknas
595 1501 49 29 till
670 1502 41 28 48
735 1501 139 28 kronor.
913 1498 202 38 Kalkyleras
1140 1496 119 37 övriga
1284 1495 135 37 bilagor
1444 1493 49 30 till
1518 1492 63 30 244

88 1548 260 32 avskriftssidor
379 1546 75 39 (122
479 1545 220 40 trycksidor),
728 1544 96 30 torde
851 1543 98 30 deras
975 1541 230 31 avskrivande
1231 1540 108 29 kräva
1365 1548 43 20 en
1434 1537 148 30 kostnad

89 1604 41 21 av
156 1596 41 28 80
224 1594 139 29 kronor.
403 1590 406 31 Avskriftskostnaderna
834 1588 55 30 för
917 1586 215 31 1738—1739
1160 1585 56 30 års
1242 1584 174 39 protokoll
1443 1583 65 29 och
1533 1581 48 30 bi-

89 1640 96 36 lagor
207 1638 111 30 skulle
340 1636 130 31 således
494 1635 227 30 tillsammans
743 1633 123 38 belöpa
889 1632 49 38 sig
960 1631 50 30 till
1033 1632 62 28 776
1118 1630 139 29 kronor.

134 1682 441 32 Redaktörskostnaderna:
598 1679 66 29 För
685 1679 41 29 de
747 1679 41 29 45
811 1677 178 30 textarken
1010 1676 172 29 beräknas
1205 1674 61 30 175
1288 1673 130 29 kronor
1439 1681 61 29 per
1520 1671 62 30 ark

90 1728 81 30 eller
197 1727 229 30 tillsammans
456 1726 94 29 7875
578 1725 138 28 kronor.
757 1721 239 30 Kostnaderna
1023 1720 55 30 för
1105 1720 41 29 de
1173 1723 50 25 tre
1251 1717 251 38 registerarken
1527 1715 55 30 be-

90 1774 79 37 löpa
187 1773 49 38 sig
256 1772 50 30 till
326 1772 62 29 500
407 1771 130 29 kronor
555 1779 60 29 per
633 1769 63 29 ark
716 1768 81 29 eller
818 1767 226 29 tillsammans
1066 1766 12 28 1
1097 1765 63 29 500
1181 1765 139 28 kronor.
1343 1762 48 29 De
1412 1770 170 21 samman-

90 1817 102 37 lagda
216 1814 415 32 redaktörskostnaderna
659 1814 121 35 utgöra
808 1810 129 31 således
963 1810 96 30 9375
1087 1809 139 29 kronor.

138 1860 466 40 Tryckningskostnaderna:
641 1857 115 37 Enligt
789 1856 128 36 begärd
954 1853 254 39 tryckerioffert
1243 1851 78 30 från
1356 1850 167 38 Almqvist
1557 1849 26 29 &

92 1906 161 29 Wiksells
273 1903 428 40 boktryckeriaktiebolag,
724 1902 62 28 där
806 1899 205 38 föregående
1032 1899 94 29 delar
1146 1907 42 19 av
1208 1895 272 31 Bondeståndets
1500 1894 84 29 riks-

91 1950 260 38 dagsprotokoll
375 1948 139 38 tryckts,
536 1948 90 28 hava
650 1943 434 40 tryckningskostnaderna
1106 1942 187 29 beräknats
1316 1939 86 30 efter
1427 1939 57 29 171
1507 1939 77 29 kro-

92 2005 64 20 nor
176 2005 61 28 per
262 1993 157 37 16-sidigt
441 1991 173 39 tryckark.
650 1992 67 28 För
740 1990 40 29 de
804 1990 40 29 45
867 1987 194 30 textarkens
1084 1985 183 39 tryckning
1290 1984 110 29 skulle
1422 1984 41 28 de
1486 1981 99 31 alltså

92 2040 116 38 uppgå
233 2040 48 29 till
309 2039 94 29 7695
429 2039 138 28 kronor.
605 2036 67 29 För
697 2033 247 38 registerarken
972 2032 206 29 tillkommer
1202 2039 42 20 en
1270 2029 148 29 kostnad
1445 2038 41 19 av
1508 2028 77 28 kro-

94 2095 63 19 nor
187 2086 89 28 9:35
307 2094 60 28 per
397 2083 83 33 sida,
512 2081 100 30 alltså
642 2090 59 28 per
732 2079 163 38 tryckark
930 2078 54 28 171
1008 2075 35 34 +
1064 2077 72 28 149:
1159 2076 34 28 60
1208 2087 41 11 =
1265 2075 75 28 320:
1362 2074 46 28 60.
1441 2073 67 28 För
1539 2076 47 25 tre

93 2130 118 38 dylika
230 2130 63 28 ark
311 2128 65 29 blir
396 2127 130 30 således
545 2126 104 38 priset
667 2126 130 27 kronor
815 2124 77 28 961:
908 2123 51 28 80.
992 2120 121 30 Härtill
1133 2121 159 28 kommer
1308 2118 55 29 för
1382 2117 203 38 protokolls-

95 2178 112 25 texten
229 2173 191 29 kostnaden
445 2171 53 29 för
520 2180 24 19 s.
567 2170 31 28 k.
621 2168 143 29 levande
786 2166 247 31 kolumntitlar,
1058 2165 31 29 d.
1113 2174 28 19 v.
1165 2174 24 19 s.
1214 2162 118 30 rubrik
1356 2162 19 29 å
1399 2161 93 38 varje
1513 2160 73 30 sida

95 2219 76 28 med
198 2216 137 38 uppgift
360 2226 56 19 om
442 2215 119 28 datum
589 2214 53 28 för
669 2210 257 30 sammanträde
951 2211 7 28 i
986 2208 107 37 fråga.
1133 2208 106 29 Dessa
1267 2205 239 29 kolumntitlar
1531 2204 54 29 be-

96 2263 126 28 räknas
243 2262 106 34 draga
372 2270 40 19 en
432 2259 148 29 kostnad
601 2268 41 19 av
662 2259 129 27 kronor
813 2256 87 28 3:50
923 2264 59 28 per
1004 2252 171 38 tryckark,
1198 2251 99 30 alltså
1321 2251 52 28 för
1395 2251 40 27 35
1457 2249 129 29 sådana

95 2307 128 28 kronor
250 2305 141 29 122:50.

144 2350 63 29 För
226 2350 131 35 omslag
381 2349 74 27 med
480 2347 167 36 titeltryck
671 2346 45 28 till
739 2354 39 19 en
802 2343 147 38 upplaga
972 2341 43 38 på
1039 2342 62 28 500
1123 2340 175 37 exemplar
1319 2338 170 28 beräknas
1511 2337 75 28 kro-

97 2405 61 19 nor
183 2395 54 27 50:
252 2410 53 13 —.

144 2439 192 28 Härutöver
357 2437 172 28 beräknar
551 2433 178 39 tryckeriet
757 2431 197 37 förhöjning
978 2431 53 28 för
1052 2433 96 25 noter
1171 2428 77 29 med
1270 2429 129 27 kronor
1420 2427 88 28 3:25
1529 2434 60 30 per

98 2482 295 31 sammanräknad
414 2481 52 28 hel
492 2480 82 28 sida.
608 2480 64 27 Om
695 2488 40 19 av
757 2478 40 27 de
818 2474 62 31 2!/2
902 2476 72 29 ark,
998 2484 73 19 som
1090 2483 88 19 ovan
1201 2471 185 30 beräknats
1409 2470 53 29 för
1485 2474 103 29 noter,
