<?xml version="1.0" encoding="UTF-8"?>
<alto xmlns="http://www.loc.gov/standards/alto/ns-v3#" xmlns:xlink="http://www.w3.org/1999/xlink" xmlns:xsi="http://www.w3.org/2001/XMLSchema-instance" xsi:schemaLocation="http://www.loc.gov/standards/alto/ns-v3# http://www.loc.gov/alto/v3/alto-3-0.xsd">
	<Description>
		<MeasurementUnit>pixel</MeasurementUnit>
		<sourceImageInformation>
			<fileName>/tmp/tess_7cvsqdh2_input.PNG</fileName>
		</sourceImageInformation>
		<OCRProcessing ID="OCR_0">
			<ocrProcessingStep>
				<processingSoftware>
					<softwareName>tesseract 5.3.0</softwareName>
				</processingSoftware>
			</ocrProcessingStep>
		</OCRProcessing>
	</Description>
	<Layout>
		<Page WIDTH="1876" HEIGHT="2782" PHYSICAL_IMG_NR="0" ID="page_0">
			<PrintSpace HPOS="0" VPOS="0" WIDTH="1876" HEIGHT="2782">
				<ComposedBlock ID="cblock_0" HPOS="493" VPOS="146" WIDTH="1136" HEIGHT="49">
					<TextBlock ID="block_0" HPOS="493" VPOS="146" WIDTH="1136" HEIGHT="49">
						<TextLine ID="line_0" HPOS="493" VPOS="146" WIDTH="1136" HEIGHT="49">
							<String ID="string_0" HPOS="493" VPOS="154" WIDTH="406" HEIGHT="41" WC="0.90" CONTENT="Bevillningsutskottets"/><SP WIDTH="20" VPOS="154" HPOS="899"/>
							<String ID="string_1" HPOS="919" VPOS="152" WIDTH="220" HEIGHT="32" WC="0.95" CONTENT="betänkande"/><SP WIDTH="18" VPOS="152" HPOS="1139"/>
							<String ID="string_2" HPOS="1157" VPOS="162" WIDTH="43" HEIGHT="20" WC="0.95" CONTENT="nr"/><SP WIDTH="18" VPOS="162" HPOS="1200"/>
							<String ID="string_3" HPOS="1218" VPOS="151" WIDTH="51" HEIGHT="30" WC="0.96" CONTENT="45."/><SP WIDTH="324" VPOS="151" HPOS="1269"/>
							<String ID="string_4" HPOS="1593" VPOS="146" WIDTH="36" HEIGHT="30" WC="0.96" CONTENT="41"/>
						</TextLine>
					</TextBlock>
				</ComposedBlock>
				<ComposedBlock ID="cblock_1" HPOS="132" VPOS="231" WIDTH="1515" HEIGHT="1722">
					<TextBlock ID="block_1" HPOS="132" VPOS="231" WIDTH="1501" HEIGHT="131">
						<TextLine ID="line_1" HPOS="175" VPOS="231" WIDTH="1458" HEIGHT="46">
							<String ID="string_5" HPOS="175" VPOS="243" WIDTH="29" HEIGHT="30" WC="0.68" CONTENT="9,"/><SP WIDTH="25" VPOS="243" HPOS="204"/>
							<String ID="string_6" HPOS="229" VPOS="241" WIDTH="215" HEIGHT="31" WC="0.96" CONTENT="kvantiteten"/><SP WIDTH="24" VPOS="241" HPOS="444"/>
							<String ID="string_7" HPOS="468" VPOS="240" WIDTH="112" HEIGHT="30" WC="0.93" CONTENT="under"/><SP WIDTH="23" VPOS="240" HPOS="580"/>
							<String ID="string_8" HPOS="603" VPOS="236" WIDTH="406" HEIGHT="41" WC="0.91" CONTENT="deklarationsperioden"/><SP WIDTH="24" VPOS="236" HPOS="1009"/>
							<String ID="string_9" HPOS="1033" VPOS="236" WIDTH="55" HEIGHT="29" WC="0.96" CONTENT="för"/><SP WIDTH="24" VPOS="236" HPOS="1088"/>
							<String ID="string_10" HPOS="1112" VPOS="234" WIDTH="96" HEIGHT="39" WC="0.95" CONTENT="varje"/><SP WIDTH="24" VPOS="234" HPOS="1208"/>
							<String ID="string_11" HPOS="1232" VPOS="232" WIDTH="242" HEIGHT="31" WC="0.93" CONTENT="motorfordon"/><SP WIDTH="24" VPOS="232" HPOS="1474"/>
							<String ID="string_12" HPOS="1498" VPOS="231" WIDTH="135" HEIGHT="30" WC="0.92" CONTENT="förbru-"/>
						</TextLine>
						<TextLine ID="line_2" HPOS="132" VPOS="273" WIDTH="1501" HEIGHT="50">
							<String ID="string_13" HPOS="132" VPOS="286" WIDTH="68" HEIGHT="30" WC="0.93" CONTENT="kad"/><SP WIDTH="18" VPOS="286" HPOS="200"/>
							<String ID="string_14" HPOS="218" VPOS="284" WIDTH="198" HEIGHT="39" WC="0.91" CONTENT="brännolja,"/><SP WIDTH="20" VPOS="284" HPOS="416"/>
							<String ID="string_15" HPOS="436" VPOS="282" WIDTH="159" HEIGHT="31" WC="0.96" CONTENT="fördelad"/><SP WIDTH="19" VPOS="282" HPOS="595"/>
							<String ID="string_16" HPOS="614" VPOS="281" WIDTH="45" HEIGHT="41" WC="0.96" CONTENT="på"/><SP WIDTH="20" VPOS="281" HPOS="659"/>
							<String ID="string_17" HPOS="679" VPOS="280" WIDTH="93" HEIGHT="30" WC="0.96" CONTENT="olika"/><SP WIDTH="20" VPOS="280" HPOS="772"/>
							<String ID="string_18" HPOS="792" VPOS="279" WIDTH="74" HEIGHT="40" WC="0.96" CONTENT="slag"/><SP WIDTH="20" VPOS="279" HPOS="866"/>
							<String ID="string_19" HPOS="886" VPOS="288" WIDTH="42" HEIGHT="21" WC="0.91" CONTENT="av"/><SP WIDTH="17" VPOS="288" HPOS="928"/>
							<String ID="string_20" HPOS="945" VPOS="276" WIDTH="199" HEIGHT="40" WC="0.91" CONTENT="brännolja,"/><SP WIDTH="21" VPOS="276" HPOS="1144"/>
							<String ID="string_21" HPOS="1165" VPOS="276" WIDTH="65" HEIGHT="30" WC="0.96" CONTENT="och"/><SP WIDTH="19" VPOS="276" HPOS="1230"/>
							<String ID="string_22" HPOS="1249" VPOS="276" WIDTH="67" HEIGHT="29" WC="0.93" CONTENT="den"/><SP WIDTH="21" VPOS="276" HPOS="1316"/>
							<String ID="string_23" HPOS="1337" VPOS="274" WIDTH="87" HEIGHT="30" WC="0.92" CONTENT="härå"/><SP WIDTH="18" VPOS="274" HPOS="1424"/>
							<String ID="string_24" HPOS="1442" VPOS="273" WIDTH="191" HEIGHT="40" WC="0.92" CONTENT="belöpande"/>
						</TextLine>
						<TextLine ID="line_3" HPOS="132" VPOS="328" WIDTH="154" HEIGHT="34">
							<String ID="string_25" HPOS="132" VPOS="328" WIDTH="154" HEIGHT="34" WC="0.96" CONTENT="skatten;"/>
						</TextLine>
					</TextBlock>
					<TextBlock ID="block_2" HPOS="134" VPOS="358" WIDTH="1500" HEIGHT="96">
						<TextLine ID="line_4" HPOS="178" VPOS="358" WIDTH="1456" HEIGHT="47">
							<String ID="string_26" HPOS="178" VPOS="371" WIDTH="29" HEIGHT="30" WC="0.95" CONTENT="3."/><SP WIDTH="26" VPOS="371" HPOS="207"/>
							<String ID="string_27" HPOS="233" VPOS="371" WIDTH="68" HEIGHT="30" WC="0.96" CONTENT="den"/><SP WIDTH="26" VPOS="371" HPOS="301"/>
							<String ID="string_28" HPOS="327" VPOS="369" WIDTH="215" HEIGHT="33" WC="0.96" CONTENT="körsträcka,"/><SP WIDTH="30" VPOS="369" HPOS="542"/>
							<String ID="string_29" HPOS="572" VPOS="376" WIDTH="74" HEIGHT="21" WC="0.96" CONTENT="som"/><SP WIDTH="28" VPOS="376" HPOS="646"/>
							<String ID="string_30" HPOS="674" VPOS="367" WIDTH="79" HEIGHT="29" WC="0.96" CONTENT="med"/><SP WIDTH="27" VPOS="367" HPOS="753"/>
							<String ID="string_31" HPOS="780" VPOS="365" WIDTH="98" HEIGHT="40" WC="0.96" CONTENT="varje"/><SP WIDTH="27" VPOS="365" HPOS="878"/>
							<String ID="string_32" HPOS="905" VPOS="364" WIDTH="127" HEIGHT="30" WC="0.91" CONTENT="fordon"/><SP WIDTH="27" VPOS="364" HPOS="1032"/>
							<String ID="string_33" HPOS="1059" VPOS="361" WIDTH="252" HEIGHT="41" WC="0.90" CONTENT="tillryggalagts"/><SP WIDTH="27" VPOS="361" HPOS="1311"/>
							<String ID="string_34" HPOS="1338" VPOS="360" WIDTH="110" HEIGHT="30" WC="0.92" CONTENT="under"/><SP WIDTH="28" VPOS="360" HPOS="1448"/>
							<String ID="string_35" HPOS="1476" VPOS="358" WIDTH="158" HEIGHT="32" WC="0.92" CONTENT="deklara-"/>
						</TextLine>
						<TextLine ID="line_5" HPOS="134" VPOS="405" WIDTH="1200" HEIGHT="49">
							<String ID="string_36" HPOS="134" VPOS="412" WIDTH="270" HEIGHT="42" WC="0.89" CONTENT="tionsperioden,"/><SP WIDTH="22" VPOS="412" HPOS="404"/>
							<String ID="string_37" HPOS="426" VPOS="411" WIDTH="175" HEIGHT="40" WC="0.97" CONTENT="uppdelad"/><SP WIDTH="21" VPOS="411" HPOS="601"/>
							<String ID="string_38" HPOS="622" VPOS="409" WIDTH="44" HEIGHT="40" WC="0.96" CONTENT="på"/><SP WIDTH="21" VPOS="409" HPOS="666"/>
							<String ID="string_39" HPOS="687" VPOS="408" WIDTH="151" HEIGHT="39" WC="0.96" CONTENT="körning"/><SP WIDTH="21" VPOS="408" HPOS="838"/>
							<String ID="string_40" HPOS="859" VPOS="407" WIDTH="79" HEIGHT="30" WC="0.96" CONTENT="med"/><SP WIDTH="21" VPOS="407" HPOS="938"/>
							<String ID="string_41" HPOS="959" VPOS="406" WIDTH="65" HEIGHT="30" WC="0.96" CONTENT="och"/><SP WIDTH="22" VPOS="406" HPOS="1024"/>
							<String ID="string_42" HPOS="1046" VPOS="407" WIDTH="85" HEIGHT="28" WC="0.96" CONTENT="utan"/><SP WIDTH="22" VPOS="407" HPOS="1131"/>
							<String ID="string_43" HPOS="1153" VPOS="405" WIDTH="181" HEIGHT="38" WC="0.96" CONTENT="släpvagn;"/>
						</TextLine>
					</TextBlock>
					<TextBlock ID="block_3" HPOS="135" VPOS="443" WIDTH="1501" HEIGHT="86">
						<TextLine ID="line_6" HPOS="176" VPOS="443" WIDTH="1460" HEIGHT="48">
							<String ID="string_44" HPOS="176" VPOS="454" WIDTH="30" HEIGHT="30" WC="0.79" CONTENT="4."/><SP WIDTH="25" VPOS="454" HPOS="206"/>
							<String ID="string_45" HPOS="231" VPOS="454" WIDTH="53" HEIGHT="30" WC="0.93" CONTENT="till"/><SP WIDTH="21" VPOS="454" HPOS="284"/>
							<String ID="string_46" HPOS="305" VPOS="451" WIDTH="299" HEIGHT="40" WC="0.92" CONTENT="brännoljedrivet"/><SP WIDTH="23" VPOS="451" HPOS="604"/>
							<String ID="string_47" HPOS="627" VPOS="449" WIDTH="127" HEIGHT="31" WC="0.96" CONTENT="fordon"/><SP WIDTH="23" VPOS="449" HPOS="754"/>
							<String ID="string_48" HPOS="777" VPOS="448" WIDTH="138" HEIGHT="30" WC="0.93" CONTENT="använd"/><SP WIDTH="23" VPOS="448" HPOS="915"/>
							<String ID="string_49" HPOS="938" VPOS="448" WIDTH="186" HEIGHT="39" WC="0.91" CONTENT="släpvagns"/><SP WIDTH="25" VPOS="448" HPOS="1124"/>
							<String ID="string_50" HPOS="1149" VPOS="444" WIDTH="414" HEIGHT="40" WC="0.91" CONTENT="registreringsnummer,"/><SP WIDTH="25" VPOS="444" HPOS="1563"/>
							<String ID="string_51" HPOS="1588" VPOS="443" WIDTH="48" HEIGHT="28" WC="0.92" CONTENT="to-"/>
						</TextLine>
						<TextLine ID="line_7" HPOS="135" VPOS="495" WIDTH="567" HEIGHT="34">
							<String ID="string_52" HPOS="135" VPOS="498" WIDTH="123" HEIGHT="30" WC="0.90" CONTENT="talvikt"/><SP WIDTH="20" VPOS="498" HPOS="258"/>
							<String ID="string_53" HPOS="278" VPOS="497" WIDTH="65" HEIGHT="30" WC="0.93" CONTENT="och"/><SP WIDTH="20" VPOS="497" HPOS="343"/>
							<String ID="string_54" HPOS="363" VPOS="495" WIDTH="227" HEIGHT="34" WC="0.91" CONTENT="maximilast;"/><SP WIDTH="22" VPOS="495" HPOS="590"/>
							<String ID="string_55" HPOS="612" VPOS="495" WIDTH="90" HEIGHT="28" WC="0.95" CONTENT="samt"/>
						</TextLine>
					</TextBlock>
					<TextBlock ID="block_4" HPOS="135" VPOS="527" WIDTH="1502" HEIGHT="178">
						<TextLine ID="line_8" HPOS="179" VPOS="527" WIDTH="1457" HEIGHT="47">
							<String ID="string_56" HPOS="179" VPOS="540" WIDTH="29" HEIGHT="30" WC="0.83" CONTENT="5."/><SP WIDTH="26" VPOS="540" HPOS="208"/>
							<String ID="string_57" HPOS="234" VPOS="541" WIDTH="67" HEIGHT="29" WC="0.96" CONTENT="den"/><SP WIDTH="21" VPOS="541" HPOS="301"/>
							<String ID="string_58" HPOS="322" VPOS="539" WIDTH="61" HEIGHT="35" WC="0.96" CONTENT="tid,"/><SP WIDTH="23" VPOS="539" HPOS="383"/>
							<String ID="string_59" HPOS="406" VPOS="546" WIDTH="74" HEIGHT="21" WC="0.96" CONTENT="som"/><SP WIDTH="22" VPOS="546" HPOS="480"/>
							<String ID="string_60" HPOS="502" VPOS="536" WIDTH="163" HEIGHT="31" WC="0.96" CONTENT="fordonet"/><SP WIDTH="20" VPOS="536" HPOS="665"/>
							<String ID="string_61" HPOS="685" VPOS="534" WIDTH="90" HEIGHT="30" WC="0.96" CONTENT="varit"/><SP WIDTH="22" VPOS="534" HPOS="775"/>
							<String ID="string_62" HPOS="797" VPOS="532" WIDTH="200" HEIGHT="41" WC="0.96" CONTENT="registrerat"/><SP WIDTH="21" VPOS="532" HPOS="997"/>
							<String ID="string_63" HPOS="1018" VPOS="531" WIDTH="45" HEIGHT="41" WC="0.96" CONTENT="på"/><SP WIDTH="22" VPOS="531" HPOS="1063"/>
							<String ID="string_64" HPOS="1085" VPOS="532" WIDTH="65" HEIGHT="30" WC="0.96" CONTENT="den"/><SP WIDTH="24" VPOS="532" HPOS="1150"/>
							<String ID="string_65" HPOS="1174" VPOS="529" WIDTH="252" HEIGHT="40" WC="0.96" CONTENT="skattskyldige"/><SP WIDTH="22" VPOS="529" HPOS="1426"/>
							<String ID="string_66" HPOS="1448" VPOS="528" WIDTH="112" HEIGHT="30" WC="0.93" CONTENT="under"/><SP WIDTH="21" VPOS="528" HPOS="1560"/>
							<String ID="string_67" HPOS="1581" VPOS="527" WIDTH="55" HEIGHT="30" WC="0.92" CONTENT="de-"/>
						</TextLine>
						<TextLine ID="line_9" HPOS="135" VPOS="570" WIDTH="1501" HEIGHT="51">
							<String ID="string_68" HPOS="135" VPOS="580" WIDTH="361" HEIGHT="41" WC="0.91" CONTENT="klarationsperioden"/><SP WIDTH="23" VPOS="580" HPOS="496"/>
							<String ID="string_69" HPOS="519" VPOS="579" WIDTH="82" HEIGHT="30" WC="0.96" CONTENT="eller"/><SP WIDTH="23" VPOS="579" HPOS="601"/>
							<String ID="string_70" HPOS="624" VPOS="578" WIDTH="147" HEIGHT="29" WC="0.96" CONTENT="brukats"/><SP WIDTH="25" VPOS="578" HPOS="771"/>
							<String ID="string_71" HPOS="796" VPOS="585" WIDTH="42" HEIGHT="21" WC="0.96" CONTENT="av"/><SP WIDTH="23" VPOS="585" HPOS="838"/>
							<String ID="string_72" HPOS="861" VPOS="576" WIDTH="130" HEIGHT="29" WC="0.96" CONTENT="honom"/><SP WIDTH="25" VPOS="576" HPOS="991"/>
							<String ID="string_73" HPOS="1016" VPOS="573" WIDTH="106" HEIGHT="41" WC="0.93" CONTENT="enligt"/><SP WIDTH="24" VPOS="573" HPOS="1122"/>
							<String ID="string_74" HPOS="1146" VPOS="572" WIDTH="269" HEIGHT="31" WC="0.91" CONTENT="interimslicens"/><SP WIDTH="24" VPOS="572" HPOS="1415"/>
							<String ID="string_75" HPOS="1439" VPOS="571" WIDTH="82" HEIGHT="29" WC="0.93" CONTENT="eller"/><SP WIDTH="25" VPOS="571" HPOS="1521"/>
							<String ID="string_76" HPOS="1546" VPOS="570" WIDTH="90" HEIGHT="29" WC="0.90" CONTENT="salu-"/>
						</TextLine>
						<TextLine ID="line_10" HPOS="137" VPOS="611" WIDTH="1500" HEIGHT="54">
							<String ID="string_77" HPOS="137" VPOS="624" WIDTH="227" HEIGHT="41" WC="0.91" CONTENT="vagnslicens,"/><SP WIDTH="22" VPOS="624" HPOS="364"/>
							<String ID="string_78" HPOS="386" VPOS="624" WIDTH="164" HEIGHT="29" WC="0.96" CONTENT="ävensom"/><SP WIDTH="20" VPOS="624" HPOS="550"/>
							<String ID="string_79" HPOS="570" VPOS="619" WIDTH="176" HEIGHT="31" WC="0.96" CONTENT="huruvida"/><SP WIDTH="20" VPOS="619" HPOS="746"/>
							<String ID="string_80" HPOS="766" VPOS="618" WIDTH="162" HEIGHT="30" WC="0.96" CONTENT="fordonet"/><SP WIDTH="19" VPOS="618" HPOS="928"/>
							<String ID="string_81" HPOS="947" VPOS="617" WIDTH="90" HEIGHT="30" WC="0.96" CONTENT="varit"/><SP WIDTH="20" VPOS="617" HPOS="1037"/>
							<String ID="string_82" HPOS="1057" VPOS="616" WIDTH="154" HEIGHT="39" WC="0.96" CONTENT="godkänt"/><SP WIDTH="21" VPOS="616" HPOS="1211"/>
							<String ID="string_83" HPOS="1232" VPOS="615" WIDTH="54" HEIGHT="29" WC="0.96" CONTENT="för"/><SP WIDTH="21" VPOS="615" HPOS="1286"/>
							<String ID="string_84" HPOS="1307" VPOS="612" WIDTH="224" HEIGHT="40" WC="0.96" CONTENT="användning"/><SP WIDTH="21" VPOS="612" HPOS="1531"/>
							<String ID="string_85" HPOS="1552" VPOS="611" WIDTH="12" HEIGHT="30" WC="0.92" CONTENT="i"/><SP WIDTH="17" VPOS="611" HPOS="1564"/>
							<String ID="string_86" HPOS="1581" VPOS="620" WIDTH="56" HEIGHT="31" WC="0.91" CONTENT="yr-"/>
						</TextLine>
						<TextLine ID="line_11" HPOS="136" VPOS="664" WIDTH="331" HEIGHT="41">
							<String ID="string_87" HPOS="136" VPOS="665" WIDTH="193" HEIGHT="40" WC="0.91" CONTENT="kesmässig"/><SP WIDTH="21" VPOS="665" HPOS="329"/>
							<String ID="string_88" HPOS="350" VPOS="664" WIDTH="117" HEIGHT="30" WC="0.95" CONTENT="trafik."/>
						</TextLine>
					</TextBlock>
					<TextBlock ID="block_5" HPOS="136" VPOS="696" WIDTH="1504" HEIGHT="178">
						<TextLine ID="line_12" HPOS="180" VPOS="696" WIDTH="1457" HEIGHT="49">
							<String ID="string_89" HPOS="180" VPOS="708" WIDTH="71" HEIGHT="30" WC="0.92" CONTENT="Har"/><SP WIDTH="21" VPOS="708" HPOS="251"/>
							<String ID="string_90" HPOS="272" VPOS="705" WIDTH="326" HEIGHT="40" WC="0.89" CONTENT="kontrollstyrelsen"/><SP WIDTH="21" VPOS="705" HPOS="598"/>
							<String ID="string_91" HPOS="619" VPOS="704" WIDTH="79" HEIGHT="30" WC="0.96" CONTENT="med"/><SP WIDTH="22" VPOS="704" HPOS="698"/>
							<String ID="string_92" HPOS="720" VPOS="704" WIDTH="78" HEIGHT="30" WC="0.96" CONTENT="stöd"/><SP WIDTH="20" VPOS="704" HPOS="798"/>
							<String ID="string_93" HPOS="818" VPOS="712" WIDTH="43" HEIGHT="21" WC="0.96" CONTENT="av"/><SP WIDTH="21" VPOS="712" HPOS="861"/>
							<String ID="string_94" HPOS="882" VPOS="701" WIDTH="125" HEIGHT="40" WC="0.95" CONTENT="Kungl."/><SP WIDTH="23" VPOS="701" HPOS="1007"/>
							<String ID="string_95" HPOS="1030" VPOS="700" WIDTH="124" HEIGHT="40" WC="0.96" CONTENT="Maj:ts"/><SP WIDTH="22" VPOS="700" HPOS="1154"/>
							<String ID="string_96" HPOS="1176" VPOS="699" WIDTH="235" HEIGHT="30" WC="0.96" CONTENT="förordnande"/><SP WIDTH="21" VPOS="699" HPOS="1411"/>
							<String ID="string_97" HPOS="1432" VPOS="698" WIDTH="133" HEIGHT="29" WC="0.93" CONTENT="lämnat"/><SP WIDTH="22" VPOS="698" HPOS="1565"/>
							<String ID="string_98" HPOS="1587" VPOS="696" WIDTH="50" HEIGHT="30" WC="0.93" CONTENT="fö-"/>
						</TextLine>
						<TextLine ID="line_13" HPOS="137" VPOS="737" WIDTH="1500" HEIGHT="44">
							<String ID="string_99" HPOS="137" VPOS="751" WIDTH="143" HEIGHT="30" WC="0.92" CONTENT="reskrift"/><SP WIDTH="20" VPOS="751" HPOS="280"/>
							<String ID="string_100" HPOS="300" VPOS="759" WIDTH="57" HEIGHT="20" WC="0.96" CONTENT="om"/><SP WIDTH="19" VPOS="759" HPOS="357"/>
							<String ID="string_101" HPOS="376" VPOS="747" WIDTH="217" HEIGHT="31" WC="0.96" CONTENT="installation"/><SP WIDTH="20" VPOS="747" HPOS="593"/>
							<String ID="string_102" HPOS="613" VPOS="756" WIDTH="41" HEIGHT="20" WC="0.96" CONTENT="av"/><SP WIDTH="20" VPOS="756" HPOS="654"/>
							<String ID="string_103" HPOS="674" VPOS="745" WIDTH="288" HEIGHT="31" WC="0.93" CONTENT="mätinstrument"/><SP WIDTH="19" VPOS="745" HPOS="962"/>
							<String ID="string_104" HPOS="981" VPOS="743" WIDTH="20" HEIGHT="31" WC="0.92" CONTENT="å"/><SP WIDTH="19" VPOS="743" HPOS="1001"/>
							<String ID="string_105" HPOS="1020" VPOS="742" WIDTH="252" HEIGHT="33" WC="0.96" CONTENT="motorfordon,"/><SP WIDTH="22" VPOS="742" HPOS="1272"/>
							<String ID="string_106" HPOS="1294" VPOS="740" WIDTH="89" HEIGHT="31" WC="0.96" CONTENT="skall"/><SP WIDTH="20" VPOS="740" HPOS="1383"/>
							<String ID="string_107" HPOS="1403" VPOS="737" WIDTH="234" HEIGHT="41" WC="0.96" CONTENT="skattskyldig"/>
						</TextLine>
						<TextLine ID="line_14" HPOS="136" VPOS="780" WIDTH="1504" HEIGHT="51">
							<String ID="string_108" HPOS="136" VPOS="801" WIDTH="82" HEIGHT="21" WC="0.96" CONTENT="vara"/><SP WIDTH="18" VPOS="801" HPOS="218"/>
							<String ID="string_109" HPOS="236" VPOS="790" WIDTH="138" HEIGHT="41" WC="0.96" CONTENT="skyldig"/><SP WIDTH="16" VPOS="790" HPOS="374"/>
							<String ID="string_110" HPOS="390" VPOS="791" WIDTH="49" HEIGHT="28" WC="0.96" CONTENT="att"/><SP WIDTH="16" VPOS="791" HPOS="439"/>
							<String ID="string_111" HPOS="455" VPOS="789" WIDTH="79" HEIGHT="30" WC="0.96" CONTENT="med"/><SP WIDTH="18" VPOS="789" HPOS="534"/>
							<String ID="string_112" HPOS="552" VPOS="787" WIDTH="265" HEIGHT="31" WC="0.96" CONTENT="deklarationen"/><SP WIDTH="16" VPOS="787" HPOS="817"/>
							<String ID="string_113" HPOS="833" VPOS="785" WIDTH="194" HEIGHT="31" WC="0.96" CONTENT="översända"/><SP WIDTH="18" VPOS="785" HPOS="1027"/>
							<String ID="string_114" HPOS="1045" VPOS="784" WIDTH="41" HEIGHT="29" WC="0.96" CONTENT="de"/><SP WIDTH="18" VPOS="784" HPOS="1086"/>
							<String ID="string_115" HPOS="1104" VPOS="782" WIDTH="176" HEIGHT="41" WC="0.96" CONTENT="uppgifter"/><SP WIDTH="19" VPOS="782" HPOS="1280"/>
							<String ID="string_116" HPOS="1299" VPOS="780" WIDTH="176" HEIGHT="40" WC="0.93" CONTENT="angående"/><SP WIDTH="16" VPOS="780" HPOS="1475"/>
							<String ID="string_117" HPOS="1491" VPOS="780" WIDTH="149" HEIGHT="30" WC="0.92" CONTENT="mätare-"/>
						</TextLine>
						<TextLine ID="line_15" HPOS="138" VPOS="827" WIDTH="944" HEIGHT="47">
							<String ID="string_118" HPOS="138" VPOS="834" WIDTH="191" HEIGHT="40" WC="0.96" CONTENT="avläsning,"/><SP WIDTH="24" VPOS="834" HPOS="329"/>
							<String ID="string_119" HPOS="353" VPOS="843" WIDTH="73" HEIGHT="20" WC="0.92" CONTENT="som"/><SP WIDTH="22" VPOS="843" HPOS="426"/>
							<String ID="string_120" HPOS="448" VPOS="829" WIDTH="327" HEIGHT="41" WC="0.92" CONTENT="kontrollstyrelsen"/><SP WIDTH="22" VPOS="829" HPOS="775"/>
							<String ID="string_121" HPOS="797" VPOS="829" WIDTH="57" HEIGHT="30" WC="0.96" CONTENT="må"/><SP WIDTH="22" VPOS="829" HPOS="854"/>
							<String ID="string_122" HPOS="876" VPOS="827" WIDTH="206" HEIGHT="32" WC="0.96" CONTENT="föreskriva."/>
						</TextLine>
					</TextBlock>
					<TextBlock ID="block_6" HPOS="843" VPOS="886" WIDTH="88" HEIGHT="37">
						<TextLine ID="line_16" HPOS="843" VPOS="886" WIDTH="88" HEIGHT="37">
							<String ID="string_123" HPOS="843" VPOS="887" WIDTH="39" HEIGHT="30" WC="0.94" CONTENT="15"/><SP WIDTH="22" VPOS="887" HPOS="882"/>
							<String ID="string_124" HPOS="904" VPOS="886" WIDTH="27" HEIGHT="37" WC="0.95" CONTENT="8."/>
						</TextLine>
					</TextBlock>
					<TextBlock ID="block_7" HPOS="138" VPOS="931" WIDTH="1502" HEIGHT="137">
						<TextLine ID="line_17" HPOS="180" VPOS="931" WIDTH="1459" HEIGHT="50">
							<String ID="string_125" HPOS="180" VPOS="943" WIDTH="206" HEIGHT="32" WC="0.92" CONTENT="Underlåter"/><SP WIDTH="22" VPOS="943" HPOS="386"/>
							<String ID="string_126" HPOS="408" VPOS="940" WIDTH="233" HEIGHT="41" WC="0.96" CONTENT="skattskyldig"/><SP WIDTH="21" VPOS="940" HPOS="641"/>
							<String ID="string_127" HPOS="662" VPOS="941" WIDTH="50" HEIGHT="28" WC="0.91" CONTENT="att"/><SP WIDTH="21" VPOS="941" HPOS="712"/>
							<String ID="string_128" HPOS="733" VPOS="939" WIDTH="121" HEIGHT="39" WC="0.91" CONTENT="avgiva"/><SP WIDTH="21" VPOS="939" HPOS="854"/>
							<String ID="string_129" HPOS="875" VPOS="935" WIDTH="220" HEIGHT="33" WC="0.96" CONTENT="deklaration"/><SP WIDTH="22" VPOS="935" HPOS="1095"/>
							<String ID="string_130" HPOS="1117" VPOS="935" WIDTH="81" HEIGHT="30" WC="0.96" CONTENT="eller"/><SP WIDTH="22" VPOS="935" HPOS="1198"/>
							<String ID="string_131" HPOS="1220" VPOS="934" WIDTH="116" HEIGHT="30" WC="0.93" CONTENT="finnes"/><SP WIDTH="22" VPOS="934" HPOS="1336"/>
							<String ID="string_132" HPOS="1358" VPOS="932" WIDTH="142" HEIGHT="40" WC="0.92" CONTENT="avgiven"/><SP WIDTH="23" VPOS="932" HPOS="1500"/>
							<String ID="string_133" HPOS="1523" VPOS="931" WIDTH="116" HEIGHT="30" WC="0.91" CONTENT="dekla-"/>
						</TextLine>
						<TextLine ID="line_18" HPOS="139" VPOS="973" WIDTH="1501" HEIGHT="51">
							<String ID="string_134" HPOS="139" VPOS="987" WIDTH="112" HEIGHT="31" WC="0.96" CONTENT="ration"/><SP WIDTH="30" VPOS="987" HPOS="251"/>
							<String ID="string_135" HPOS="281" VPOS="984" WIDTH="137" HEIGHT="40" WC="0.96" CONTENT="oriktig,"/><SP WIDTH="31" VPOS="984" HPOS="418"/>
							<String ID="string_136" HPOS="449" VPOS="985" WIDTH="80" HEIGHT="39" WC="0.93" CONTENT="äger"/><SP WIDTH="30" VPOS="985" HPOS="529"/>
							<String ID="string_137" HPOS="559" VPOS="981" WIDTH="327" HEIGHT="40" WC="0.89" CONTENT="kontrollstyrelsen"/><SP WIDTH="30" VPOS="981" HPOS="886"/>
							<String ID="string_138" HPOS="916" VPOS="978" WIDTH="175" HEIGHT="31" WC="0.96" CONTENT="fastställa"/><SP WIDTH="30" VPOS="978" HPOS="1091"/>
							<String ID="string_139" HPOS="1121" VPOS="978" WIDTH="67" HEIGHT="30" WC="0.96" CONTENT="den"/><SP WIDTH="30" VPOS="978" HPOS="1188"/>
							<String ID="string_140" HPOS="1218" VPOS="977" WIDTH="104" HEIGHT="33" WC="0.94" CONTENT="skatt,"/><SP WIDTH="32" VPOS="977" HPOS="1322"/>
							<String ID="string_141" HPOS="1354" VPOS="984" WIDTH="74" HEIGHT="21" WC="0.96" CONTENT="som"/><SP WIDTH="29" VPOS="984" HPOS="1428"/>
							<String ID="string_142" HPOS="1457" VPOS="973" WIDTH="183" HEIGHT="40" WC="0.96" CONTENT="rätteligen"/>
						</TextLine>
						<TextLine ID="line_19" HPOS="138" VPOS="1028" WIDTH="203" HEIGHT="40">
							<String ID="string_143" HPOS="138" VPOS="1030" WIDTH="88" HEIGHT="30" WC="0.94" CONTENT="skall"/><SP WIDTH="22" VPOS="1030" HPOS="226"/>
							<String ID="string_144" HPOS="248" VPOS="1028" WIDTH="93" HEIGHT="40" WC="0.96" CONTENT="utgå."/>
						</TextLine>
					</TextBlock>
					<TextBlock ID="block_8" HPOS="138" VPOS="1058" WIDTH="1504" HEIGHT="178">
						<TextLine ID="line_20" HPOS="182" VPOS="1058" WIDTH="1459" HEIGHT="51">
							<String ID="string_145" HPOS="182" VPOS="1072" WIDTH="70" HEIGHT="29" WC="0.96" CONTENT="Där"/><SP WIDTH="21" VPOS="1072" HPOS="252"/>
							<String ID="string_146" HPOS="273" VPOS="1068" WIDTH="234" HEIGHT="41" WC="0.96" CONTENT="skattskyldig"/><SP WIDTH="19" VPOS="1068" HPOS="507"/>
							<String ID="string_147" HPOS="526" VPOS="1067" WIDTH="201" HEIGHT="31" WC="0.93" CONTENT="underlåter"/><SP WIDTH="21" VPOS="1067" HPOS="727"/>
							<String ID="string_148" HPOS="748" VPOS="1066" WIDTH="122" HEIGHT="39" WC="0.93" CONTENT="avgiva"/><SP WIDTH="19" VPOS="1066" HPOS="870"/>
							<String ID="string_149" HPOS="889" VPOS="1062" WIDTH="220" HEIGHT="33" WC="0.96" CONTENT="deklaration"/><SP WIDTH="21" VPOS="1062" HPOS="1109"/>
							<String ID="string_150" HPOS="1130" VPOS="1063" WIDTH="58" HEIGHT="30" WC="0.93" CONTENT="må"/><SP WIDTH="18" VPOS="1063" HPOS="1188"/>
							<String ID="string_151" HPOS="1206" VPOS="1059" WIDTH="327" HEIGHT="40" WC="0.82" CONTENT="kontrollstyrelsen"/><SP WIDTH="19" VPOS="1059" HPOS="1533"/>
							<String ID="string_152" HPOS="1552" VPOS="1058" WIDTH="89" HEIGHT="39" WC="0.92" CONTENT="jäm-"/>
						</TextLine>
						<TextLine ID="line_21" HPOS="138" VPOS="1100" WIDTH="1502" HEIGHT="51">
							<String ID="string_153" HPOS="138" VPOS="1114" WIDTH="65" HEIGHT="37" WC="0.95" CONTENT="väl,"/><SP WIDTH="21" VPOS="1114" HPOS="203"/>
							<String ID="string_154" HPOS="224" VPOS="1113" WIDTH="44" HEIGHT="31" WC="0.96" CONTENT="då"/><SP WIDTH="21" VPOS="1113" HPOS="268"/>
							<String ID="string_155" HPOS="289" VPOS="1111" WIDTH="174" HEIGHT="31" WC="0.96" CONTENT="särskilda"/><SP WIDTH="20" VPOS="1111" HPOS="463"/>
							<String ID="string_156" HPOS="483" VPOS="1111" WIDTH="76" HEIGHT="31" WC="0.96" CONTENT="skäl"/><SP WIDTH="20" VPOS="1111" HPOS="559"/>
							<String ID="string_157" HPOS="579" VPOS="1111" WIDTH="61" HEIGHT="29" WC="0.96" CONTENT="äro"/><SP WIDTH="20" VPOS="1111" HPOS="640"/>
							<String ID="string_158" HPOS="660" VPOS="1108" WIDTH="128" HEIGHT="35" WC="0.96" CONTENT="därtill,"/><SP WIDTH="21" VPOS="1108" HPOS="788"/>
							<String ID="string_159" HPOS="809" VPOS="1106" WIDTH="158" HEIGHT="31" WC="0.96" CONTENT="meddela"/><SP WIDTH="21" VPOS="1106" HPOS="967"/>
							<String ID="string_160" HPOS="988" VPOS="1106" WIDTH="68" HEIGHT="30" WC="0.96" CONTENT="den"/><SP WIDTH="22" VPOS="1106" HPOS="1056"/>
							<String ID="string_161" HPOS="1078" VPOS="1103" WIDTH="253" HEIGHT="40" WC="0.96" CONTENT="skattskyldige"/><SP WIDTH="23" VPOS="1103" HPOS="1331"/>
							<String ID="string_162" HPOS="1354" VPOS="1102" WIDTH="126" HEIGHT="31" WC="0.95" CONTENT="förbud"/><SP WIDTH="21" VPOS="1102" HPOS="1480"/>
							<String ID="string_163" HPOS="1501" VPOS="1101" WIDTH="72" HEIGHT="30" WC="0.93" CONTENT="tills"/><SP WIDTH="20" VPOS="1101" HPOS="1573"/>
							<String ID="string_164" HPOS="1593" VPOS="1100" WIDTH="47" HEIGHT="30" WC="0.92" CONTENT="vi-"/>
						</TextLine>
						<TextLine ID="line_22" HPOS="139" VPOS="1142" WIDTH="1503" HEIGHT="49">
							<String ID="string_165" HPOS="139" VPOS="1157" WIDTH="92" HEIGHT="34" WC="0.96" CONTENT="dare,"/><SP WIDTH="20" VPOS="1157" HPOS="231"/>
							<String ID="string_166" HPOS="251" VPOS="1155" WIDTH="54" HEIGHT="30" WC="0.96" CONTENT="till"/><SP WIDTH="20" VPOS="1155" HPOS="305"/>
							<String ID="string_167" HPOS="325" VPOS="1155" WIDTH="79" HEIGHT="30" WC="0.96" CONTENT="dess"/><SP WIDTH="19" VPOS="1155" HPOS="404"/>
							<String ID="string_168" HPOS="423" VPOS="1153" WIDTH="221" HEIGHT="31" WC="0.93" CONTENT="deklaration"/><SP WIDTH="19" VPOS="1153" HPOS="644"/>
							<String ID="string_169" HPOS="663" VPOS="1150" WIDTH="157" HEIGHT="40" WC="0.92" CONTENT="avgivits,"/><SP WIDTH="22" VPOS="1150" HPOS="820"/>
							<String ID="string_170" HPOS="842" VPOS="1151" WIDTH="50" HEIGHT="28" WC="0.96" CONTENT="att"/><SP WIDTH="20" VPOS="1151" HPOS="892"/>
							<String ID="string_171" HPOS="912" VPOS="1148" WIDTH="139" HEIGHT="40" WC="0.96" CONTENT="förfoga"/><SP WIDTH="20" VPOS="1148" HPOS="1051"/>
							<String ID="string_172" HPOS="1071" VPOS="1149" WIDTH="81" HEIGHT="29" WC="0.96" CONTENT="över"/><SP WIDTH="20" VPOS="1149" HPOS="1152"/>
							<String ID="string_173" HPOS="1172" VPOS="1144" WIDTH="253" HEIGHT="35" WC="0.95" CONTENT="motorfordon,"/><SP WIDTH="21" VPOS="1144" HPOS="1425"/>
							<String ID="string_174" HPOS="1446" VPOS="1143" WIDTH="107" HEIGHT="31" WC="0.93" CONTENT="vilket"/><SP WIDTH="21" VPOS="1143" HPOS="1553"/>
							<String ID="string_175" HPOS="1574" VPOS="1142" WIDTH="68" HEIGHT="31" WC="0.92" CONTENT="dri-"/>
						</TextLine>
						<TextLine ID="line_23" HPOS="138" VPOS="1196" WIDTH="372" HEIGHT="40">
							<String ID="string_176" HPOS="138" VPOS="1208" WIDTH="58" HEIGHT="21" WC="0.92" CONTENT="ves"/><SP WIDTH="20" VPOS="1208" HPOS="196"/>
							<String ID="string_177" HPOS="216" VPOS="1198" WIDTH="79" HEIGHT="30" WC="0.93" CONTENT="med"/><SP WIDTH="19" VPOS="1198" HPOS="295"/>
							<String ID="string_178" HPOS="314" VPOS="1196" WIDTH="196" HEIGHT="40" WC="0.92" CONTENT="brännolja."/>
						</TextLine>
					</TextBlock>
					<TextBlock ID="block_9" HPOS="846" VPOS="1241" WIDTH="87" HEIGHT="38">
						<TextLine ID="line_24" HPOS="846" VPOS="1241" WIDTH="87" HEIGHT="38">
							<String ID="string_179" HPOS="846" VPOS="1243" WIDTH="39" HEIGHT="30" WC="0.95" CONTENT="16"/><SP WIDTH="21" VPOS="1243" HPOS="885"/>
							<String ID="string_180" HPOS="906" VPOS="1241" WIDTH="27" HEIGHT="38" WC="0.74" CONTENT="8."/>
						</TextLine>
					</TextBlock>
					<TextBlock ID="block_10" HPOS="141" VPOS="1289" WIDTH="1501" HEIGHT="136">
						<TextLine ID="line_25" HPOS="185" VPOS="1289" WIDTH="1457" HEIGHT="49">
							<String ID="string_181" HPOS="185" VPOS="1297" WIDTH="239" HEIGHT="41" WC="0.92" CONTENT="Skattskyldig"/><SP WIDTH="23" VPOS="1297" HPOS="424"/>
							<String ID="string_182" HPOS="447" VPOS="1298" WIDTH="89" HEIGHT="30" WC="0.96" CONTENT="skall"/><SP WIDTH="24" VPOS="1298" HPOS="536"/>
							<String ID="string_183" HPOS="560" VPOS="1295" WIDTH="179" HEIGHT="40" WC="0.95" CONTENT="samtidigt"/><SP WIDTH="22" VPOS="1295" HPOS="739"/>
							<String ID="string_184" HPOS="761" VPOS="1295" WIDTH="81" HEIGHT="31" WC="0.93" CONTENT="med"/><SP WIDTH="22" VPOS="1295" HPOS="842"/>
							<String ID="string_185" HPOS="864" VPOS="1293" WIDTH="232" HEIGHT="32" WC="0.91" CONTENT="avlämnande"/><SP WIDTH="22" VPOS="1293" HPOS="1096"/>
							<String ID="string_186" HPOS="1118" VPOS="1301" WIDTH="42" HEIGHT="21" WC="0.96" CONTENT="av"/><SP WIDTH="22" VPOS="1301" HPOS="1160"/>
							<String ID="string_187" HPOS="1182" VPOS="1290" WIDTH="219" HEIGHT="32" WC="0.96" CONTENT="deklaration"/><SP WIDTH="23" VPOS="1290" HPOS="1401"/>
							<String ID="string_188" HPOS="1424" VPOS="1289" WIDTH="139" HEIGHT="40" WC="0.93" CONTENT="erlägga"/><SP WIDTH="22" VPOS="1289" HPOS="1563"/>
							<String ID="string_189" HPOS="1585" VPOS="1297" WIDTH="57" HEIGHT="21" WC="0.93" CONTENT="en-"/>
						</TextLine>
						<TextLine ID="line_26" HPOS="141" VPOS="1326" WIDTH="1500" HEIGHT="57">
							<String ID="string_190" HPOS="141" VPOS="1342" WIDTH="61" HEIGHT="41" WC="0.96" CONTENT="ligt"/><SP WIDTH="31" VPOS="1342" HPOS="202"/>
							<String ID="string_191" HPOS="233" VPOS="1340" WIDTH="263" HEIGHT="32" WC="0.93" CONTENT="deklarationen"/><SP WIDTH="31" VPOS="1340" HPOS="496"/>
							<String ID="string_192" HPOS="527" VPOS="1339" WIDTH="181" HEIGHT="41" WC="0.91" CONTENT="upplupen"/><SP WIDTH="32" VPOS="1339" HPOS="708"/>
							<String ID="string_193" HPOS="740" VPOS="1337" WIDTH="94" HEIGHT="31" WC="0.96" CONTENT="skatt"/><SP WIDTH="32" VPOS="1337" HPOS="834"/>
							<String ID="string_194" HPOS="866" VPOS="1345" WIDTH="125" HEIGHT="32" WC="0.93" CONTENT="genom"/><SP WIDTH="30" VPOS="1345" HPOS="991"/>
							<String ID="string_195" HPOS="1021" VPOS="1334" WIDTH="194" HEIGHT="41" WC="0.93" CONTENT="insättning"/><SP WIDTH="31" VPOS="1334" HPOS="1215"/>
							<String ID="string_196" HPOS="1246" VPOS="1333" WIDTH="20" HEIGHT="30" WC="0.92" CONTENT="å"/><SP WIDTH="31" VPOS="1333" HPOS="1266"/>
							<String ID="string_197" HPOS="1297" VPOS="1326" WIDTH="344" HEIGHT="51" WC="0.89" CONTENT="kontrollstyrelsens"/>
						</TextLine>
						<TextLine ID="line_27" HPOS="141" VPOS="1383" WIDTH="273" HEIGHT="42">
							<String ID="string_198" HPOS="141" VPOS="1383" WIDTH="273" HEIGHT="42" WC="0.96" CONTENT="postgirokonto."/>
						</TextLine>
					</TextBlock>
					<TextBlock ID="block_11" HPOS="142" VPOS="1413" WIDTH="1501" HEIGHT="88">
						<TextLine ID="line_28" HPOS="185" VPOS="1413" WIDTH="1458" HEIGHT="47">
							<String ID="string_199" HPOS="185" VPOS="1427" WIDTH="13" HEIGHT="29" WC="0.96" CONTENT="I"/><SP WIDTH="20" VPOS="1427" HPOS="198"/>
							<String ID="string_200" HPOS="218" VPOS="1426" WIDTH="63" HEIGHT="30" WC="0.96" CONTENT="fall"/><SP WIDTH="21" VPOS="1426" HPOS="281"/>
							<String ID="string_201" HPOS="302" VPOS="1434" WIDTH="75" HEIGHT="21" WC="0.96" CONTENT="som"/><SP WIDTH="23" VPOS="1434" HPOS="377"/>
							<String ID="string_202" HPOS="400" VPOS="1433" WIDTH="97" HEIGHT="22" WC="0.96" CONTENT="avses"/><SP WIDTH="21" VPOS="1433" HPOS="497"/>
							<String ID="string_203" HPOS="518" VPOS="1423" WIDTH="11" HEIGHT="29" WC="0.96" CONTENT="i"/><SP WIDTH="24" VPOS="1423" HPOS="529"/>
							<String ID="string_204" HPOS="553" VPOS="1423" WIDTH="38" HEIGHT="30" WC="0.95" CONTENT="15"/><SP WIDTH="25" VPOS="1423" HPOS="591"/>
							<String ID="string_205" HPOS="616" VPOS="1421" WIDTH="15" HEIGHT="37" WC="0.75" CONTENT="8"/><SP WIDTH="24" VPOS="1421" HPOS="631"/>
							<String ID="string_206" HPOS="655" VPOS="1422" WIDTH="111" HEIGHT="30" WC="0.96" CONTENT="första"/><SP WIDTH="22" VPOS="1422" HPOS="766"/>
							<String ID="string_207" HPOS="788" VPOS="1420" WIDTH="135" HEIGHT="40" WC="0.96" CONTENT="stycket"/><SP WIDTH="21" VPOS="1420" HPOS="923"/>
							<String ID="string_208" HPOS="944" VPOS="1419" WIDTH="206" HEIGHT="30" WC="0.96" CONTENT="ankommer"/><SP WIDTH="24" VPOS="1419" HPOS="1150"/>
							<String ID="string_209" HPOS="1174" VPOS="1418" WIDTH="57" HEIGHT="29" WC="0.96" CONTENT="det"/><SP WIDTH="20" VPOS="1418" HPOS="1231"/>
							<String ID="string_210" HPOS="1251" VPOS="1417" WIDTH="45" HEIGHT="39" WC="0.93" CONTENT="på"/><SP WIDTH="21" VPOS="1417" HPOS="1296"/>
							<String ID="string_211" HPOS="1317" VPOS="1413" WIDTH="326" HEIGHT="41" WC="0.91" CONTENT="kontrollstyrelsen"/>
						</TextLine>
						<TextLine ID="line_29" HPOS="142" VPOS="1460" WIDTH="1041" HEIGHT="41">
							<String ID="string_212" HPOS="142" VPOS="1471" WIDTH="49" HEIGHT="29" WC="0.96" CONTENT="att"/><SP WIDTH="17" VPOS="1471" HPOS="191"/>
							<String ID="string_213" HPOS="208" VPOS="1468" WIDTH="195" HEIGHT="30" WC="0.96" CONTENT="bestämma"/><SP WIDTH="17" VPOS="1468" HPOS="403"/>
							<String ID="string_214" HPOS="420" VPOS="1466" WIDTH="60" HEIGHT="35" WC="0.96" CONTENT="tid,"/><SP WIDTH="18" VPOS="1466" HPOS="480"/>
							<String ID="string_215" HPOS="498" VPOS="1467" WIDTH="97" HEIGHT="29" WC="0.96" CONTENT="inom"/><SP WIDTH="19" VPOS="1467" HPOS="595"/>
							<String ID="string_216" HPOS="614" VPOS="1464" WIDTH="116" HEIGHT="30" WC="0.96" CONTENT="vilken"/><SP WIDTH="20" VPOS="1464" HPOS="730"/>
							<String ID="string_217" HPOS="750" VPOS="1464" WIDTH="138" HEIGHT="29" WC="0.96" CONTENT="skatten"/><SP WIDTH="19" VPOS="1464" HPOS="888"/>
							<String ID="string_218" HPOS="907" VPOS="1461" WIDTH="90" HEIGHT="30" WC="0.96" CONTENT="skall"/><SP WIDTH="18" VPOS="1461" HPOS="997"/>
							<String ID="string_219" HPOS="1015" VPOS="1460" WIDTH="168" HEIGHT="39" WC="0.96" CONTENT="erläggas."/>
						</TextLine>
					</TextBlock>
					<TextBlock ID="block_12" HPOS="142" VPOS="1499" WIDTH="1503" HEIGHT="177">
						<TextLine ID="line_30" HPOS="185" VPOS="1499" WIDTH="1460" HEIGHT="51">
							<String ID="string_220" HPOS="185" VPOS="1511" WIDTH="164" HEIGHT="39" WC="0.92" CONTENT="Erlägges"/><SP WIDTH="18" VPOS="1511" HPOS="349"/>
							<String ID="string_221" HPOS="367" VPOS="1509" WIDTH="74" HEIGHT="30" WC="0.96" CONTENT="icke"/><SP WIDTH="18" VPOS="1509" HPOS="441"/>
							<String ID="string_222" HPOS="459" VPOS="1509" WIDTH="139" HEIGHT="29" WC="0.96" CONTENT="skatten"/><SP WIDTH="17" VPOS="1509" HPOS="598"/>
							<String ID="string_223" HPOS="615" VPOS="1507" WIDTH="95" HEIGHT="30" WC="0.96" CONTENT="inom"/><SP WIDTH="18" VPOS="1507" HPOS="710"/>
							<String ID="string_224" HPOS="728" VPOS="1506" WIDTH="61" HEIGHT="33" WC="0.96" CONTENT="tid,"/><SP WIDTH="18" VPOS="1506" HPOS="789"/>
							<String ID="string_225" HPOS="807" VPOS="1514" WIDTH="74" HEIGHT="21" WC="0.93" CONTENT="som"/><SP WIDTH="19" VPOS="1514" HPOS="881"/>
							<String ID="string_226" HPOS="900" VPOS="1504" WIDTH="140" HEIGHT="38" WC="0.91" CONTENT="angives"/><SP WIDTH="18" VPOS="1504" HPOS="1040"/>
							<String ID="string_227" HPOS="1058" VPOS="1504" WIDTH="10" HEIGHT="30" WC="0.96" CONTENT="i"/><SP WIDTH="18" VPOS="1504" HPOS="1068"/>
							<String ID="string_228" HPOS="1086" VPOS="1503" WIDTH="111" HEIGHT="29" WC="0.96" CONTENT="första"/><SP WIDTH="19" VPOS="1503" HPOS="1197"/>
							<String ID="string_229" HPOS="1216" VPOS="1501" WIDTH="134" HEIGHT="39" WC="0.96" CONTENT="stycket"/><SP WIDTH="17" VPOS="1501" HPOS="1350"/>
							<String ID="string_230" HPOS="1367" VPOS="1500" WIDTH="82" HEIGHT="30" WC="0.96" CONTENT="eller"/><SP WIDTH="18" VPOS="1500" HPOS="1449"/>
							<String ID="string_231" HPOS="1467" VPOS="1508" WIDTH="74" HEIGHT="22" WC="0.96" CONTENT="som"/><SP WIDTH="18" VPOS="1508" HPOS="1541"/>
							<String ID="string_232" HPOS="1559" VPOS="1499" WIDTH="86" HEIGHT="29" WC="0.91" CONTENT="kon-"/>
						</TextLine>
						<TextLine ID="line_31" HPOS="142" VPOS="1536" WIDTH="1502" HEIGHT="57">
							<String ID="string_233" HPOS="142" VPOS="1552" WIDTH="252" HEIGHT="41" WC="0.90" CONTENT="trollstyrelsen"/><SP WIDTH="25" VPOS="1552" HPOS="394"/>
							<String ID="string_234" HPOS="419" VPOS="1551" WIDTH="78" HEIGHT="30" WC="0.96" CONTENT="med"/><SP WIDTH="28" VPOS="1551" HPOS="497"/>
							<String ID="string_235" HPOS="525" VPOS="1550" WIDTH="77" HEIGHT="30" WC="0.96" CONTENT="stöd"/><SP WIDTH="27" VPOS="1550" HPOS="602"/>
							<String ID="string_236" HPOS="629" VPOS="1558" WIDTH="42" HEIGHT="21" WC="0.96" CONTENT="av"/><SP WIDTH="25" VPOS="1558" HPOS="671"/>
							<String ID="string_237" HPOS="696" VPOS="1547" WIDTH="111" HEIGHT="31" WC="0.96" CONTENT="andra"/><SP WIDTH="27" VPOS="1547" HPOS="807"/>
							<String ID="string_238" HPOS="834" VPOS="1546" WIDTH="135" HEIGHT="40" WC="0.93" CONTENT="stycket"/><SP WIDTH="26" VPOS="1546" HPOS="969"/>
							<String ID="string_239" HPOS="995" VPOS="1543" WIDTH="212" HEIGHT="36" WC="0.91" CONTENT="föreskrivit,"/><SP WIDTH="28" VPOS="1543" HPOS="1207"/>
							<String ID="string_240" HPOS="1235" VPOS="1544" WIDTH="58" HEIGHT="30" WC="0.96" CONTENT="må"/><SP WIDTH="26" VPOS="1544" HPOS="1293"/>
							<String ID="string_241" HPOS="1319" VPOS="1536" WIDTH="325" HEIGHT="49" WC="0.85" CONTENT="kontrollstyrelsen"/>
						</TextLine>
						<TextLine ID="line_32" HPOS="142" VPOS="1583" WIDTH="1503" HEIGHT="49">
							<String ID="string_242" HPOS="142" VPOS="1595" WIDTH="159" HEIGHT="31" WC="0.95" CONTENT="meddela"/><SP WIDTH="22" VPOS="1595" HPOS="301"/>
							<String ID="string_243" HPOS="323" VPOS="1595" WIDTH="66" HEIGHT="29" WC="0.96" CONTENT="den"/><SP WIDTH="23" VPOS="1595" HPOS="389"/>
							<String ID="string_244" HPOS="412" VPOS="1591" WIDTH="253" HEIGHT="41" WC="0.96" CONTENT="skattskyldige"/><SP WIDTH="25" VPOS="1591" HPOS="665"/>
							<String ID="string_245" HPOS="690" VPOS="1589" WIDTH="128" HEIGHT="32" WC="0.95" CONTENT="förbud"/><SP WIDTH="24" VPOS="1589" HPOS="818"/>
							<String ID="string_246" HPOS="842" VPOS="1589" WIDTH="71" HEIGHT="30" WC="0.96" CONTENT="tills"/><SP WIDTH="23" VPOS="1589" HPOS="913"/>
							<String ID="string_247" HPOS="936" VPOS="1588" WIDTH="129" HEIGHT="33" WC="0.96" CONTENT="vidare,"/><SP WIDTH="24" VPOS="1588" HPOS="1065"/>
							<String ID="string_248" HPOS="1089" VPOS="1586" WIDTH="52" HEIGHT="31" WC="0.95" CONTENT="till"/><SP WIDTH="24" VPOS="1586" HPOS="1141"/>
							<String ID="string_249" HPOS="1165" VPOS="1587" WIDTH="79" HEIGHT="29" WC="0.96" CONTENT="dess"/><SP WIDTH="24" VPOS="1587" HPOS="1244"/>
							<String ID="string_250" HPOS="1268" VPOS="1586" WIDTH="139" HEIGHT="29" WC="0.93" CONTENT="skatten"/><SP WIDTH="24" VPOS="1586" HPOS="1407"/>
							<String ID="string_251" HPOS="1431" VPOS="1583" WIDTH="140" HEIGHT="40" WC="0.92" CONTENT="guldits,"/><SP WIDTH="24" VPOS="1583" HPOS="1571"/>
							<String ID="string_252" HPOS="1595" VPOS="1583" WIDTH="50" HEIGHT="29" WC="0.96" CONTENT="att"/>
						</TextLine>
						<TextLine ID="line_33" HPOS="142" VPOS="1628" WIDTH="1082" HEIGHT="48">
							<String ID="string_253" HPOS="142" VPOS="1638" WIDTH="137" HEIGHT="38" WC="0.96" CONTENT="förfoga"/><SP WIDTH="20" VPOS="1638" HPOS="279"/>
							<String ID="string_254" HPOS="299" VPOS="1637" WIDTH="81" HEIGHT="30" WC="0.96" CONTENT="över"/><SP WIDTH="17" VPOS="1637" HPOS="380"/>
							<String ID="string_255" HPOS="397" VPOS="1634" WIDTH="253" HEIGHT="34" WC="0.96" CONTENT="motorfordon,"/><SP WIDTH="20" VPOS="1634" HPOS="650"/>
							<String ID="string_256" HPOS="670" VPOS="1632" WIDTH="107" HEIGHT="31" WC="0.93" CONTENT="vilket"/><SP WIDTH="18" VPOS="1632" HPOS="777"/>
							<String ID="string_257" HPOS="795" VPOS="1631" WIDTH="115" HEIGHT="31" WC="0.92" CONTENT="drives"/><SP WIDTH="18" VPOS="1631" HPOS="910"/>
							<String ID="string_258" HPOS="928" VPOS="1631" WIDTH="80" HEIGHT="29" WC="0.93" CONTENT="med"/><SP WIDTH="20" VPOS="1631" HPOS="1008"/>
							<String ID="string_259" HPOS="1028" VPOS="1628" WIDTH="196" HEIGHT="40" WC="0.92" CONTENT="brännolja."/>
						</TextLine>
					</TextBlock>
					<TextBlock ID="block_13" HPOS="849" VPOS="1689" WIDTH="88" HEIGHT="37">
						<TextLine ID="line_34" HPOS="849" VPOS="1689" WIDTH="88" HEIGHT="37">
							<String ID="string_260" HPOS="849" VPOS="1690" WIDTH="37" HEIGHT="30" WC="0.94" CONTENT="17"/><SP WIDTH="23" VPOS="1690" HPOS="886"/>
							<String ID="string_261" HPOS="909" VPOS="1689" WIDTH="28" HEIGHT="37" WC="0.94" CONTENT="8."/>
						</TextLine>
					</TextBlock>
					<TextBlock ID="block_14" HPOS="144" VPOS="1736" WIDTH="1503" HEIGHT="131">
						<TextLine ID="line_35" HPOS="189" VPOS="1736" WIDTH="1457" HEIGHT="49">
							<String ID="string_262" HPOS="189" VPOS="1745" WIDTH="239" HEIGHT="40" WC="0.91" CONTENT="Skattskyldig"/><SP WIDTH="24" VPOS="1745" HPOS="428"/>
							<String ID="string_263" HPOS="452" VPOS="1746" WIDTH="38" HEIGHT="29" WC="0.93" CONTENT="är"/><SP WIDTH="26" VPOS="1746" HPOS="490"/>
							<String ID="string_264" HPOS="516" VPOS="1743" WIDTH="127" HEIGHT="41" WC="0.90" CONTENT="pliktig"/><SP WIDTH="26" VPOS="1743" HPOS="643"/>
							<String ID="string_265" HPOS="669" VPOS="1743" WIDTH="59" HEIGHT="33" WC="0.95" CONTENT="att,"/><SP WIDTH="27" VPOS="1743" HPOS="728"/>
							<String ID="string_266" HPOS="755" VPOS="1742" WIDTH="46" HEIGHT="30" WC="0.93" CONTENT="då"/><SP WIDTH="25" VPOS="1742" HPOS="801"/>
							<String ID="string_267" HPOS="826" VPOS="1739" WIDTH="328" HEIGHT="40" WC="0.91" CONTENT="kontrollstyrelsen"/><SP WIDTH="26" VPOS="1739" HPOS="1154"/>
							<String ID="string_268" HPOS="1180" VPOS="1739" WIDTH="57" HEIGHT="30" WC="0.93" CONTENT="det"/><SP WIDTH="27" VPOS="1739" HPOS="1237"/>
							<String ID="string_269" HPOS="1264" VPOS="1737" WIDTH="195" HEIGHT="41" WC="0.91" CONTENT="påfordrar,"/><SP WIDTH="27" VPOS="1737" HPOS="1459"/>
							<String ID="string_270" HPOS="1486" VPOS="1736" WIDTH="64" HEIGHT="30" WC="0.93" CONTENT="hos"/><SP WIDTH="28" VPOS="1736" HPOS="1550"/>
							<String ID="string_271" HPOS="1578" VPOS="1736" WIDTH="68" HEIGHT="38" WC="0.92" CONTENT="sty-"/>
						</TextLine>
						<TextLine ID="line_36" HPOS="144" VPOS="1778" WIDTH="1503" HEIGHT="43">
							<String ID="string_272" HPOS="144" VPOS="1789" WIDTH="112" HEIGHT="30" WC="0.95" CONTENT="relsen"/><SP WIDTH="21" VPOS="1789" HPOS="256"/>
							<String ID="string_273" HPOS="277" VPOS="1788" WIDTH="101" HEIGHT="30" WC="0.95" CONTENT="ställa"/><SP WIDTH="21" VPOS="1788" HPOS="378"/>
							<String ID="string_274" HPOS="399" VPOS="1787" WIDTH="161" HEIGHT="31" WC="0.96" CONTENT="säkerhet"/><SP WIDTH="21" VPOS="1787" HPOS="560"/>
							<String ID="string_275" HPOS="581" VPOS="1785" WIDTH="55" HEIGHT="30" WC="0.93" CONTENT="för"/><SP WIDTH="23" VPOS="1785" HPOS="636"/>
							<String ID="string_276" HPOS="659" VPOS="1785" WIDTH="157" HEIGHT="30" WC="0.92" CONTENT="skattens"/><SP WIDTH="22" VPOS="1785" HPOS="816"/>
							<String ID="string_277" HPOS="838" VPOS="1782" WIDTH="165" HEIGHT="39" WC="0.96" CONTENT="behöriga"/><SP WIDTH="19" VPOS="1782" HPOS="1003"/>
							<String ID="string_278" HPOS="1022" VPOS="1781" WIDTH="207" HEIGHT="39" WC="0.95" CONTENT="erläggande"/><SP WIDTH="22" VPOS="1781" HPOS="1229"/>
							<String ID="string_279" HPOS="1251" VPOS="1780" WIDTH="52" HEIGHT="29" WC="0.95" CONTENT="till"/><SP WIDTH="20" VPOS="1780" HPOS="1303"/>
							<String ID="string_280" HPOS="1323" VPOS="1779" WIDTH="134" HEIGHT="40" WC="0.96" CONTENT="belopp,"/><SP WIDTH="23" VPOS="1779" HPOS="1457"/>
							<String ID="string_281" HPOS="1480" VPOS="1787" WIDTH="75" HEIGHT="21" WC="0.93" CONTENT="som"/><SP WIDTH="23" VPOS="1787" HPOS="1555"/>
							<String ID="string_282" HPOS="1578" VPOS="1778" WIDTH="69" HEIGHT="38" WC="0.92" CONTENT="sty-"/>
						</TextLine>
						<TextLine ID="line_37" HPOS="145" VPOS="1828" WIDTH="502" HEIGHT="39">
							<String ID="string_283" HPOS="145" VPOS="1831" WIDTH="111" HEIGHT="30" WC="0.96" CONTENT="relsen"/><SP WIDTH="22" VPOS="1831" HPOS="256"/>
							<String ID="string_284" HPOS="278" VPOS="1830" WIDTH="116" HEIGHT="30" WC="0.96" CONTENT="finner"/><SP WIDTH="22" VPOS="1830" HPOS="394"/>
							<String ID="string_285" HPOS="416" VPOS="1828" WIDTH="231" HEIGHT="39" WC="0.96" CONTENT="erforderligt."/>
						</TextLine>
					</TextBlock>
					<TextBlock ID="block_15" HPOS="145" VPOS="1862" WIDTH="1499" HEIGHT="91">
						<TextLine ID="line_38" HPOS="188" VPOS="1862" WIDTH="1456" HEIGHT="49">
							<String ID="string_286" HPOS="188" VPOS="1873" WIDTH="123" HEIGHT="30" WC="0.93" CONTENT="Ställes"/><SP WIDTH="25" VPOS="1873" HPOS="311"/>
							<String ID="string_287" HPOS="336" VPOS="1872" WIDTH="30" HEIGHT="39" WC="0.96" CONTENT="ej"/><SP WIDTH="27" VPOS="1872" HPOS="366"/>
							<String ID="string_288" HPOS="393" VPOS="1871" WIDTH="56" HEIGHT="31" WC="0.93" CONTENT="vid"/><SP WIDTH="25" VPOS="1871" HPOS="449"/>
							<String ID="string_289" HPOS="474" VPOS="1870" WIDTH="193" HEIGHT="30" WC="0.91" CONTENT="anfordran"/><SP WIDTH="26" VPOS="1870" HPOS="667"/>
							<String ID="string_290" HPOS="693" VPOS="1869" WIDTH="109" HEIGHT="30" WC="0.96" CONTENT="sådan"/><SP WIDTH="26" VPOS="1869" HPOS="802"/>
							<String ID="string_291" HPOS="828" VPOS="1868" WIDTH="172" HEIGHT="34" WC="0.96" CONTENT="säkerhet,"/><SP WIDTH="27" VPOS="1868" HPOS="1000"/>
							<String ID="string_292" HPOS="1027" VPOS="1867" WIDTH="88" HEIGHT="29" WC="0.96" CONTENT="skall"/><SP WIDTH="25" VPOS="1867" HPOS="1115"/>
							<String ID="string_293" HPOS="1140" VPOS="1867" WIDTH="65" HEIGHT="29" WC="0.96" CONTENT="vad"/><SP WIDTH="25" VPOS="1867" HPOS="1205"/>
							<String ID="string_294" HPOS="1230" VPOS="1865" WIDTH="11" HEIGHT="30" WC="0.96" CONTENT="i"/><SP WIDTH="27" VPOS="1865" HPOS="1241"/>
							<String ID="string_295" HPOS="1268" VPOS="1865" WIDTH="38" HEIGHT="30" WC="0.90" CONTENT="15"/><SP WIDTH="28" VPOS="1865" HPOS="1306"/>
							<String ID="string_296" HPOS="1334" VPOS="1863" WIDTH="14" HEIGHT="37" WC="0.90" CONTENT="$"/><SP WIDTH="27" VPOS="1863" HPOS="1348"/>
							<String ID="string_297" HPOS="1375" VPOS="1864" WIDTH="109" HEIGHT="30" WC="0.96" CONTENT="andra"/><SP WIDTH="26" VPOS="1864" HPOS="1484"/>
							<String ID="string_298" HPOS="1510" VPOS="1862" WIDTH="134" HEIGHT="40" WC="0.96" CONTENT="stycket"/>
						</TextLine>
						<TextLine ID="line_39" HPOS="145" VPOS="1910" WIDTH="671" HEIGHT="43">
							<String ID="string_299" HPOS="145" VPOS="1916" WIDTH="77" HEIGHT="37" WC="0.95" CONTENT="sägs"/><SP WIDTH="18" VPOS="1916" HPOS="222"/>
							<String ID="string_300" HPOS="240" VPOS="1915" WIDTH="63" HEIGHT="38" WC="0.96" CONTENT="äga"/><SP WIDTH="17" VPOS="1915" HPOS="303"/>
							<String ID="string_301" HPOS="320" VPOS="1912" WIDTH="245" HEIGHT="31" WC="0.95" CONTENT="motsvarande"/><SP WIDTH="18" VPOS="1912" HPOS="565"/>
							<String ID="string_302" HPOS="583" VPOS="1910" WIDTH="233" HEIGHT="40" WC="0.95" CONTENT="tillämpning."/>
						</TextLine>
					</TextBlock>
				</ComposedBlock>
				<ComposedBlock ID="cblock_2" HPOS="851" VPOS="1966" WIDTH="87" HEIGHT="37">
					<TextBlock ID="block_16" HPOS="851" VPOS="1966" WIDTH="87" HEIGHT="37">
						<TextLine ID="line_40" HPOS="851" VPOS="1966" WIDTH="87" HEIGHT="37">
							<String ID="string_303" HPOS="851" VPOS="1967" WIDTH="39" HEIGHT="30" WC="0.95" CONTENT="18"/><SP WIDTH="21" VPOS="1967" HPOS="890"/>
							<String ID="string_304" HPOS="911" VPOS="1966" WIDTH="27" HEIGHT="37" WC="0.91" CONTENT="8."/>
						</TextLine>
					</TextBlock>
				</ComposedBlock>
				<ComposedBlock ID="cblock_3" HPOS="146" VPOS="2014" WIDTH="1504" HEIGHT="491">
					<TextBlock ID="block_17" HPOS="147" VPOS="2014" WIDTH="1499" HEIGHT="90">
						<TextLine ID="line_41" HPOS="189" VPOS="2014" WIDTH="1457" HEIGHT="47">
							<String ID="string_305" HPOS="189" VPOS="2024" WIDTH="227" HEIGHT="29" WC="0.91" CONTENT="Försummar"/><SP WIDTH="20" VPOS="2024" HPOS="416"/>
							<String ID="string_306" HPOS="436" VPOS="2022" WIDTH="114" HEIGHT="39" WC="0.96" CONTENT="någon"/><SP WIDTH="22" VPOS="2022" HPOS="550"/>
							<String ID="string_307" HPOS="572" VPOS="2022" WIDTH="51" HEIGHT="29" WC="0.93" CONTENT="att"/><SP WIDTH="19" VPOS="2022" HPOS="623"/>
							<String ID="string_308" HPOS="642" VPOS="2020" WIDTH="152" HEIGHT="29" WC="0.92" CONTENT="inbetala"/><SP WIDTH="22" VPOS="2020" HPOS="794"/>
							<String ID="string_309" HPOS="816" VPOS="2020" WIDTH="103" HEIGHT="33" WC="0.96" CONTENT="skatt,"/><SP WIDTH="22" VPOS="2020" HPOS="919"/>
							<String ID="string_310" HPOS="941" VPOS="2018" WIDTH="56" HEIGHT="30" WC="0.96" CONTENT="må"/><SP WIDTH="22" VPOS="2018" HPOS="997"/>
							<String ID="string_311" HPOS="1019" VPOS="2019" WIDTH="112" HEIGHT="29" WC="0.96" CONTENT="denna"/><SP WIDTH="23" VPOS="2019" HPOS="1131"/>
							<String ID="string_312" HPOS="1154" VPOS="2017" WIDTH="43" HEIGHT="40" WC="0.96" CONTENT="på"/><SP WIDTH="21" VPOS="2017" HPOS="1197"/>
							<String ID="string_313" HPOS="1218" VPOS="2015" WIDTH="260" HEIGHT="40" WC="0.96" CONTENT="framställning"/><SP WIDTH="21" VPOS="2015" HPOS="1478"/>
							<String ID="string_314" HPOS="1499" VPOS="2024" WIDTH="42" HEIGHT="21" WC="0.92" CONTENT="av"/><SP WIDTH="20" VPOS="2024" HPOS="1541"/>
							<String ID="string_315" HPOS="1561" VPOS="2014" WIDTH="85" HEIGHT="29" WC="0.92" CONTENT="kon-"/>
						</TextLine>
						<TextLine ID="line_42" HPOS="147" VPOS="2063" WIDTH="670" HEIGHT="41">
							<String ID="string_316" HPOS="147" VPOS="2065" WIDTH="250" HEIGHT="39" WC="0.90" CONTENT="trollstyrelsen"/><SP WIDTH="22" VPOS="2065" HPOS="397"/>
							<String ID="string_317" HPOS="419" VPOS="2064" WIDTH="213" HEIGHT="29" WC="0.93" CONTENT="omedelbart"/><SP WIDTH="21" VPOS="2064" HPOS="632"/>
							<String ID="string_318" HPOS="653" VPOS="2063" WIDTH="164" HEIGHT="28" WC="0.90" CONTENT="utmätas."/>
						</TextLine>
					</TextBlock>
					<TextBlock ID="block_18" HPOS="852" VPOS="2117" WIDTH="86" HEIGHT="36">
						<TextLine ID="line_43" HPOS="852" VPOS="2117" WIDTH="86" HEIGHT="36">
							<String ID="string_319" HPOS="852" VPOS="2118" WIDTH="37" HEIGHT="30" WC="0.86" CONTENT="19"/><SP WIDTH="23" VPOS="2118" HPOS="889"/>
							<String ID="string_320" HPOS="912" VPOS="2117" WIDTH="26" HEIGHT="36" WC="0.86" CONTENT="5."/>
						</TextLine>
					</TextBlock>
					<TextBlock ID="block_19" HPOS="146" VPOS="2164" WIDTH="1503" HEIGHT="170">
						<TextLine ID="line_44" HPOS="190" VPOS="2164" WIDTH="1459" HEIGHT="40">
							<String ID="string_321" HPOS="190" VPOS="2174" WIDTH="73" HEIGHT="29" WC="0.96" CONTENT="Den"/><SP WIDTH="25" VPOS="2174" HPOS="263"/>
							<String ID="string_322" HPOS="288" VPOS="2182" WIDTH="73" HEIGHT="21" WC="0.95" CONTENT="som"/><SP WIDTH="23" VPOS="2182" HPOS="361"/>
							<String ID="string_323" HPOS="384" VPOS="2171" WIDTH="199" HEIGHT="30" WC="0.95" CONTENT="underlåter"/><SP WIDTH="23" VPOS="2171" HPOS="583"/>
							<String ID="string_324" HPOS="606" VPOS="2172" WIDTH="49" HEIGHT="27" WC="0.96" CONTENT="att"/><SP WIDTH="22" VPOS="2172" HPOS="655"/>
							<String ID="string_325" HPOS="677" VPOS="2170" WIDTH="94" HEIGHT="29" WC="0.96" CONTENT="inom"/><SP WIDTH="24" VPOS="2170" HPOS="771"/>
							<String ID="string_326" HPOS="795" VPOS="2167" WIDTH="217" HEIGHT="31" WC="0.96" CONTENT="föreskriven"/><SP WIDTH="23" VPOS="2167" HPOS="1012"/>
							<String ID="string_327" HPOS="1035" VPOS="2168" WIDTH="50" HEIGHT="29" WC="0.93" CONTENT="tid"/><SP WIDTH="24" VPOS="2168" HPOS="1085"/>
							<String ID="string_328" HPOS="1109" VPOS="2166" WIDTH="119" HEIGHT="38" WC="0.91" CONTENT="avgiva"/><SP WIDTH="24" VPOS="2166" HPOS="1228"/>
							<String ID="string_329" HPOS="1252" VPOS="2165" WIDTH="163" HEIGHT="30" WC="0.96" CONTENT="anmälan"/><SP WIDTH="23" VPOS="2165" HPOS="1415"/>
							<String ID="string_330" HPOS="1438" VPOS="2164" WIDTH="107" HEIGHT="38" WC="0.93" CONTENT="enligt"/><SP WIDTH="23" VPOS="2164" HPOS="1545"/>
							<String ID="string_331" HPOS="1568" VPOS="2164" WIDTH="81" HEIGHT="29" WC="0.92" CONTENT="den-"/>
						</TextLine>
						<TextLine ID="line_45" HPOS="148" VPOS="2204" WIDTH="1498" HEIGHT="47">
							<String ID="string_332" HPOS="148" VPOS="2224" WIDTH="42" HEIGHT="20" WC="0.95" CONTENT="na"/><SP WIDTH="20" VPOS="2224" HPOS="190"/>
							<String ID="string_333" HPOS="210" VPOS="2214" WIDTH="205" HEIGHT="37" WC="0.96" CONTENT="förordning"/><SP WIDTH="18" VPOS="2214" HPOS="415"/>
							<String ID="string_334" HPOS="433" VPOS="2213" WIDTH="82" HEIGHT="29" WC="0.96" CONTENT="eller"/><SP WIDTH="19" VPOS="2213" HPOS="515"/>
							<String ID="string_335" HPOS="534" VPOS="2221" WIDTH="74" HEIGHT="20" WC="0.96" CONTENT="som"/><SP WIDTH="20" VPOS="2221" HPOS="608"/>
							<String ID="string_336" HPOS="628" VPOS="2212" WIDTH="9" HEIGHT="27" WC="0.96" CONTENT="i"/><SP WIDTH="21" VPOS="2212" HPOS="637"/>
							<String ID="string_337" HPOS="658" VPOS="2211" WIDTH="85" HEIGHT="29" WC="0.96" CONTENT="strid"/><SP WIDTH="19" VPOS="2211" HPOS="743"/>
							<String ID="string_338" HPOS="762" VPOS="2212" WIDTH="73" HEIGHT="27" WC="0.96" CONTENT="mot"/><SP WIDTH="19" VPOS="2212" HPOS="835"/>
							<String ID="string_339" HPOS="854" VPOS="2209" WIDTH="136" HEIGHT="33" WC="0.96" CONTENT="förbud,"/><SP WIDTH="20" VPOS="2209" HPOS="990"/>
							<String ID="string_340" HPOS="1010" VPOS="2218" WIDTH="119" HEIGHT="20" WC="0.96" CONTENT="varom"/><SP WIDTH="20" VPOS="2218" HPOS="1129"/>
							<String ID="string_341" HPOS="1149" VPOS="2208" WIDTH="9" HEIGHT="28" WC="0.96" CONTENT="i"/><SP WIDTH="23" VPOS="2208" HPOS="1158"/>
							<String ID="string_342" HPOS="1181" VPOS="2209" WIDTH="36" HEIGHT="29" WC="0.92" CONTENT="15"/><SP WIDTH="22" VPOS="2209" HPOS="1217"/>
							<String ID="string_343" HPOS="1239" VPOS="2207" WIDTH="15" HEIGHT="36" WC="0.92" CONTENT="$"/><SP WIDTH="21" VPOS="2207" HPOS="1254"/>
							<String ID="string_344" HPOS="1275" VPOS="2207" WIDTH="110" HEIGHT="29" WC="0.96" CONTENT="andra"/><SP WIDTH="19" VPOS="2207" HPOS="1385"/>
							<String ID="string_345" HPOS="1404" VPOS="2206" WIDTH="145" HEIGHT="38" WC="0.96" CONTENT="stycket,"/><SP WIDTH="22" VPOS="2206" HPOS="1549"/>
							<String ID="string_346" HPOS="1571" VPOS="2205" WIDTH="38" HEIGHT="29" WC="0.93" CONTENT="16"/><SP WIDTH="22" VPOS="2205" HPOS="1609"/>
							<String ID="string_347" HPOS="1631" VPOS="2204" WIDTH="15" HEIGHT="36" WC="0.87" CONTENT="$"/>
						</TextLine>
						<TextLine ID="line_46" HPOS="146" VPOS="2249" WIDTH="1501" HEIGHT="46">
							<String ID="string_348" HPOS="146" VPOS="2257" WIDTH="110" HEIGHT="38" WC="0.96" CONTENT="tredje"/><SP WIDTH="24" VPOS="2257" HPOS="256"/>
							<String ID="string_349" HPOS="280" VPOS="2256" WIDTH="134" HEIGHT="38" WC="0.96" CONTENT="stycket"/><SP WIDTH="23" VPOS="2256" HPOS="414"/>
							<String ID="string_350" HPOS="437" VPOS="2256" WIDTH="81" HEIGHT="28" WC="0.96" CONTENT="eller"/><SP WIDTH="27" VPOS="2256" HPOS="518"/>
							<String ID="string_351" HPOS="545" VPOS="2255" WIDTH="36" HEIGHT="28" WC="0.95" CONTENT="17"/><SP WIDTH="28" VPOS="2255" HPOS="581"/>
							<String ID="string_352" HPOS="609" VPOS="2253" WIDTH="15" HEIGHT="36" WC="0.96" CONTENT="8"/><SP WIDTH="25" VPOS="2253" HPOS="624"/>
							<String ID="string_353" HPOS="649" VPOS="2255" WIDTH="111" HEIGHT="28" WC="0.96" CONTENT="andra"/><SP WIDTH="21" VPOS="2255" HPOS="760"/>
							<String ID="string_354" HPOS="781" VPOS="2253" WIDTH="135" HEIGHT="37" WC="0.96" CONTENT="stycket"/><SP WIDTH="23" VPOS="2253" HPOS="916"/>
							<String ID="string_355" HPOS="939" VPOS="2252" WIDTH="150" HEIGHT="38" WC="0.96" CONTENT="stadgas,"/><SP WIDTH="25" VPOS="2252" HPOS="1089"/>
							<String ID="string_356" HPOS="1114" VPOS="2251" WIDTH="154" HEIGHT="38" WC="0.96" CONTENT="förfogar"/><SP WIDTH="23" VPOS="2251" HPOS="1268"/>
							<String ID="string_357" HPOS="1291" VPOS="2251" WIDTH="80" HEIGHT="28" WC="0.96" CONTENT="över"/><SP WIDTH="22" VPOS="2251" HPOS="1371"/>
							<String ID="string_358" HPOS="1393" VPOS="2249" WIDTH="254" HEIGHT="32" WC="0.96" CONTENT="motorfordon,"/>
						</TextLine>
						<TextLine ID="line_47" HPOS="148" VPOS="2291" WIDTH="1353" HEIGHT="43">
							<String ID="string_359" HPOS="148" VPOS="2299" WIDTH="105" HEIGHT="29" WC="0.93" CONTENT="vilket"/><SP WIDTH="21" VPOS="2299" HPOS="253"/>
							<String ID="string_360" HPOS="274" VPOS="2298" WIDTH="113" HEIGHT="29" WC="0.91" CONTENT="drives"/><SP WIDTH="20" VPOS="2298" HPOS="387"/>
							<String ID="string_361" HPOS="407" VPOS="2298" WIDTH="78" HEIGHT="29" WC="0.93" CONTENT="med"/><SP WIDTH="22" VPOS="2298" HPOS="485"/>
							<String ID="string_362" HPOS="507" VPOS="2296" WIDTH="196" HEIGHT="38" WC="0.91" CONTENT="brännolja,"/><SP WIDTH="23" VPOS="2296" HPOS="703"/>
							<String ID="string_363" HPOS="726" VPOS="2295" WIDTH="143" HEIGHT="30" WC="0.87" CONTENT="straffes"/><SP WIDTH="22" VPOS="2295" HPOS="869"/>
							<String ID="string_364" HPOS="891" VPOS="2295" WIDTH="77" HEIGHT="28" WC="0.96" CONTENT="med"/><SP WIDTH="22" VPOS="2295" HPOS="968"/>
							<String ID="string_365" HPOS="990" VPOS="2294" WIDTH="193" HEIGHT="37" WC="0.96" CONTENT="dagsböter,"/><SP WIDTH="22" VPOS="2294" HPOS="1183"/>
							<String ID="string_366" HPOS="1205" VPOS="2292" WIDTH="30" HEIGHT="37" WC="0.43" CONTENT="ej"/><SP WIDTH="25" VPOS="2292" HPOS="1235"/>
							<String ID="string_367" HPOS="1260" VPOS="2292" WIDTH="110" HEIGHT="29" WC="0.93" CONTENT="under"/><SP WIDTH="20" VPOS="2292" HPOS="1370"/>
							<String ID="string_368" HPOS="1390" VPOS="2291" WIDTH="111" HEIGHT="38" WC="0.92" CONTENT="tjugu."/>
						</TextLine>
					</TextBlock>
					<TextBlock ID="block_20" HPOS="148" VPOS="2330" WIDTH="1502" HEIGHT="175">
						<TextLine ID="line_48" HPOS="192" VPOS="2330" WIDTH="1458" HEIGHT="46">
							<String ID="string_369" HPOS="192" VPOS="2339" WIDTH="205" HEIGHT="30" WC="0.92" CONTENT="Underlåter"/><SP WIDTH="21" VPOS="2339" HPOS="397"/>
							<String ID="string_370" HPOS="418" VPOS="2339" WIDTH="112" HEIGHT="37" WC="0.96" CONTENT="någon"/><SP WIDTH="22" VPOS="2339" HPOS="530"/>
							<String ID="string_371" HPOS="552" VPOS="2340" WIDTH="10" HEIGHT="28" WC="0.96" CONTENT="i"/><SP WIDTH="22" VPOS="2340" HPOS="562"/>
							<String ID="string_372" HPOS="584" VPOS="2338" WIDTH="109" HEIGHT="29" WC="0.96" CONTENT="andra"/><SP WIDTH="21" VPOS="2338" HPOS="693"/>
							<String ID="string_373" HPOS="714" VPOS="2337" WIDTH="60" HEIGHT="29" WC="0.96" CONTENT="fall"/><SP WIDTH="23" VPOS="2337" HPOS="774"/>
							<String ID="string_374" HPOS="797" VPOS="2337" WIDTH="44" HEIGHT="28" WC="0.96" CONTENT="än"/><SP WIDTH="21" VPOS="2337" HPOS="841"/>
							<String ID="string_375" HPOS="862" VPOS="2345" WIDTH="46" HEIGHT="19" WC="0.96" CONTENT="nu"/><SP WIDTH="22" VPOS="2345" HPOS="908"/>
							<String ID="string_376" HPOS="930" VPOS="2336" WIDTH="93" HEIGHT="37" WC="0.96" CONTENT="sagts"/><SP WIDTH="22" VPOS="2336" HPOS="1023"/>
							<String ID="string_377" HPOS="1045" VPOS="2336" WIDTH="49" HEIGHT="28" WC="0.95" CONTENT="att"/><SP WIDTH="22" VPOS="2336" HPOS="1094"/>
							<String ID="string_378" HPOS="1116" VPOS="2334" WIDTH="149" HEIGHT="38" WC="0.95" CONTENT="fullgöra"/><SP WIDTH="21" VPOS="2334" HPOS="1265"/>
							<String ID="string_379" HPOS="1286" VPOS="2333" WIDTH="64" HEIGHT="28" WC="0.96" CONTENT="vad"/><SP WIDTH="21" VPOS="2333" HPOS="1350"/>
							<String ID="string_380" HPOS="1371" VPOS="2332" WIDTH="128" HEIGHT="29" WC="0.95" CONTENT="honom"/><SP WIDTH="23" VPOS="2332" HPOS="1499"/>
							<String ID="string_381" HPOS="1522" VPOS="2330" WIDTH="128" HEIGHT="39" WC="0.95" CONTENT="åligger"/>
						</TextLine>
						<TextLine ID="line_49" HPOS="148" VPOS="2373" WIDTH="1502" HEIGHT="46">
							<String ID="string_382" HPOS="148" VPOS="2382" WIDTH="105" HEIGHT="37" WC="0.96" CONTENT="enligt"/><SP WIDTH="18" VPOS="2382" HPOS="253"/>
							<String ID="string_383" HPOS="271" VPOS="2382" WIDTH="113" HEIGHT="28" WC="0.96" CONTENT="denna"/><SP WIDTH="19" VPOS="2382" HPOS="384"/>
							<String ID="string_384" HPOS="403" VPOS="2380" WIDTH="206" HEIGHT="37" WC="0.96" CONTENT="förordning"/><SP WIDTH="17" VPOS="2380" HPOS="609"/>
							<String ID="string_385" HPOS="626" VPOS="2379" WIDTH="81" HEIGHT="29" WC="0.95" CONTENT="eller"/><SP WIDTH="18" VPOS="2379" HPOS="707"/>
							<String ID="string_386" HPOS="725" VPOS="2379" WIDTH="77" HEIGHT="28" WC="0.96" CONTENT="med"/><SP WIDTH="21" VPOS="2379" HPOS="802"/>
							<String ID="string_387" HPOS="823" VPOS="2378" WIDTH="75" HEIGHT="29" WC="0.96" CONTENT="stöd"/><SP WIDTH="19" VPOS="2378" HPOS="898"/>
							<String ID="string_388" HPOS="917" VPOS="2387" WIDTH="41" HEIGHT="20" WC="0.96" CONTENT="av"/><SP WIDTH="17" VPOS="2387" HPOS="958"/>
							<String ID="string_389" HPOS="975" VPOS="2377" WIDTH="204" HEIGHT="29" WC="0.26" CONTENT="densamma"/><SP WIDTH="19" VPOS="2377" HPOS="1179"/>
							<String ID="string_390" HPOS="1198" VPOS="2375" WIDTH="201" HEIGHT="29" WC="0.95" CONTENT="meddelade"/><SP WIDTH="19" VPOS="2375" HPOS="1399"/>
							<String ID="string_391" HPOS="1418" VPOS="2373" WIDTH="232" HEIGHT="32" WC="0.96" CONTENT="föreskrifter,"/>
						</TextLine>
						<TextLine ID="line_50" HPOS="150" VPOS="2415" WIDTH="1500" HEIGHT="45">
							<String ID="string_392" HPOS="150" VPOS="2424" WIDTH="141" HEIGHT="30" WC="0.91" CONTENT="straffes"/><SP WIDTH="23" VPOS="2424" HPOS="291"/>
							<String ID="string_393" HPOS="314" VPOS="2424" WIDTH="76" HEIGHT="28" WC="0.96" CONTENT="med"/><SP WIDTH="24" VPOS="2424" HPOS="390"/>
							<String ID="string_394" HPOS="414" VPOS="2422" WIDTH="106" HEIGHT="33" WC="0.96" CONTENT="böter,"/><SP WIDTH="23" VPOS="2422" HPOS="520"/>
							<String ID="string_395" HPOS="543" VPOS="2422" WIDTH="101" HEIGHT="38" WC="0.96" CONTENT="högst"/><SP WIDTH="25" VPOS="2422" HPOS="644"/>
							<String ID="string_396" HPOS="669" VPOS="2420" WIDTH="191" HEIGHT="30" WC="0.96" CONTENT="trehundra"/><SP WIDTH="23" VPOS="2420" HPOS="860"/>
							<String ID="string_397" HPOS="883" VPOS="2420" WIDTH="140" HEIGHT="28" WC="0.93" CONTENT="kronor."/><SP WIDTH="24" VPOS="2420" HPOS="1023"/>
							<String ID="string_398" HPOS="1047" VPOS="2418" WIDTH="73" HEIGHT="30" WC="0.96" CONTENT="Vad"/><SP WIDTH="26" VPOS="2418" HPOS="1120"/>
							<String ID="string_399" HPOS="1146" VPOS="2427" WIDTH="44" HEIGHT="19" WC="0.96" CONTENT="nu"/><SP WIDTH="26" VPOS="2427" HPOS="1190"/>
							<String ID="string_400" HPOS="1216" VPOS="2418" WIDTH="93" HEIGHT="37" WC="0.95" CONTENT="sagts"/><SP WIDTH="26" VPOS="2418" HPOS="1309"/>
							<String ID="string_401" HPOS="1335" VPOS="2416" WIDTH="104" HEIGHT="38" WC="0.89" CONTENT="gäller"/><SP WIDTH="23" VPOS="2416" HPOS="1439"/>
							<String ID="string_402" HPOS="1462" VPOS="2416" WIDTH="89" HEIGHT="29" WC="0.96" CONTENT="dock"/><SP WIDTH="25" VPOS="2416" HPOS="1551"/>
							<String ID="string_403" HPOS="1576" VPOS="2415" WIDTH="74" HEIGHT="28" WC="0.96" CONTENT="icke"/>
						</TextLine>
						<TextLine ID="line_51" HPOS="149" VPOS="2463" WIDTH="558" HEIGHT="42">
							<String ID="string_404" HPOS="149" VPOS="2466" WIDTH="189" HEIGHT="39" WC="0.91" CONTENT="åläggande"/><SP WIDTH="23" VPOS="2466" HPOS="338"/>
							<String ID="string_405" HPOS="361" VPOS="2466" WIDTH="48" HEIGHT="28" WC="0.92" CONTENT="att"/><SP WIDTH="22" VPOS="2466" HPOS="409"/>
							<String ID="string_406" HPOS="431" VPOS="2464" WIDTH="152" HEIGHT="30" WC="0.90" CONTENT="inbetala"/><SP WIDTH="22" VPOS="2464" HPOS="583"/>
							<String ID="string_407" HPOS="605" VPOS="2463" WIDTH="102" HEIGHT="29" WC="0.96" CONTENT="skatt."/>
						</TextLine>
					</TextBlock>
				</ComposedBlock>
			</PrintSpace>
		</Page>
	</Layout>
</alto>
