2196 2662
658 207 364 43 Bevillningsutskottets
1045 209 216 35 Betänkande
1284 210 62 34 N:o
1371 211 51 32 13.
1780 213 61 31 121

428 286 123 42 Kungl.
577 287 117 42 Maj:ts
710 288 140 42 förslag.
1281 291 167 33 Utskottets
1464 290 141 43 förslag.

239 342 269 36 ofvannämnda
546 342 274 49 förutsättning,
864 347 54 33 att
945 345 74 36 han
1047 346 185 48 upplyser,
1270 349 20 32 å
1318 346 154 37 hvilken
1499 347 134 36 rörelse
1661 347 180 38 förlusten

239 399 176 44 uppstått.

344 449 77 36 Vid
449 450 206 48 beräkning
682 451 41 35 af
747 452 113 35 sådan
888 452 132 36 förlust
1048 455 58 34 må
1132 453 146 48 hänsyn
1306 453 82 37 icke
1416 457 104 44 tagas
1548 453 58 37 till
1634 455 62 35 det
1723 457 116 35 såsom

238 502 161 37 inkomst
427 504 41 35 af
492 504 71 36 fast
591 505 177 46 egendom
798 505 214 37 beskattade
1039 506 240 49 hyresvärdet
1307 507 41 36 af
1373 507 13 36 i
1405 508 161 36 rörelsen
1585 508 145 36 använd
1748 521 92 35 egen

238 556 185 48 fastighet.

344 611 69 35 Om
457 611 137 36 således
627 623 47 24 en
708 612 262 49 skattskyldig,
1000 625 77 24 som
1105 613 108 36 idkat
1240 614 280 37 diversehandel
1548 616 67 36 och
1643 615 197 37 fabriksrö-

238 663 104 46 relse,
386 664 41 35 af
464 665 160 35 handeln
667 665 80 36 haft
784 666 162 37 inkomst
974 667 41 35 af
1041 669 117 43 5,000
1187 667 145 47 kronor,
1363 681 84 23 men
1475 671 21 34 å
1523 668 316 48 fabriksrörelsen,

238 717 79 36 däri
344 718 75 35 han
448 719 161 36 användt
636 731 46 23 en
710 719 132 36 honom
877 720 178 48 tillhörig,
1086 721 58 36 till
1175 723 142 44 20,000
1347 722 135 37 kronor
1508 724 155 35 taxerad
1687 723 154 37 fabriks-

237 771 188 47 fastighet,
469 772 83 35 med
593 772 276 37 inberäknande
912 775 40 35 af
990 775 240 47 hyresvärdet
1258 778 21 33 å
1307 775 224 48 fastigheten
1563 779 114 43 1,000
1707 777 135 37 kronor

237 825 148 36 förlorat
428 827 116 42 2,500
580 825 146 46 kronor,
756 830 90 33 utan
879 830 53 33 att
960 828 178 36 förlusten
1165 829 57 35 till
1249 832 121 45 någon
1399 830 59 36 del
1486 830 75 36 kan
1589 842 105 25 anses
1722 834 118 34 såsom

237 878 284 48 kapitalförlust,
551 879 94 36 skall
674 880 73 36 han
776 881 179 47 uppgifva
987 884 115 43 1,000
1132 882 153 36 kronors
1313 883 162 37 inkomst
1503 884 41 35 af
1572 884 73 36 fast
1662 885 177 47 egendom

236 932 68 35 och
348 935 114 40 5,000
491 933 151 36 kronors
671 933 161 37 inkomst
860 934 41 36 af
925 935 290 36 handelsrörelse
1243 936 88 36 eller
1358 937 154 48 tillhopa
1542 939 116 43 6,000
1687 938 152 37 kronors

236 985 172 46 inkomst,
439 998 82 24 men
551 992 86 42 äger
665 987 82 36 från
775 988 226 36 sistnämnda
1028 989 131 47 belopp
1189 989 154 37 afräkna
1366 991 71 35 den
1460 993 47 45 på
1535 991 304 37 fabriksrörelsen

235 1039 212 47 uppkomna
474 1039 187 46 förlusten,
699 1041 6 35 i
733 1042 98 36 hvad
860 1042 121 36 denna
1007 1041 83 37 icke
1118 1048 202 31 motsvarar
1344 1043 241 48 fastighetens
1603 1045 235 48 hyresvärde,

235 1092 14 36 i
276 1092 90 49 följd
398 1093 135 37 hvaraf
557 1094 178 36 förlusten
764 1095 95 36 skall
887 1098 180 45 upptagas
1095 1096 59 36 till
1182 1096 152 38 allenast
1366 1100 115 43 1,500
1510 1098 135 37 kronor
1672 1100 67 35 och
1767 1100 72 36 den

236 1146 270 49 skattskyldige
535 1151 145 33 taxeras
708 1148 58 36 för
794 1151 118 43 4,500
941 1149 153 37 kronors
1122 1150 172 37 inkomst.

996 1260 70 33 4:0.

685 1343 198 42 Uppgifter
906 1353 59 24 om
988 1345 161 33 inkomst
1172 1344 84 34 från
1279 1346 116 40 bolag.

338 1414 100 35 Enoär
480 1414 55 37 för
577 1415 71 36 den
680 1415 174 46 inkomst,
889 1428 78 25 som
994 1417 171 48 åtnjutits
1193 1417 41 36 af
1258 1418 150 48 vanliga
1435 1418 272 49 handelsbolag,
1737 1420 101 37 kom-

232 1467 258 48 manditbolag,
533 1468 110 36 enkla
683 1469 107 47 bolag
833 1469 69 36 och
944 1471 172 44 rederier,
1154 1483 75 24 som
1258 1471 31 49 ej
1321 1477 62 31 äro
1412 1472 220 48 aktiebolag,
1661 1472 176 38 inkomst-

232 1520 98 36 skatt
357 1524 149 44 utgöres
533 1521 83 37 icke
645 1522 41 36 af
710 1522 132 49 själfva
869 1523 155 48 bolaget,
1055 1529 90 32 utan
1173 1525 41 36 af
1237 1525 45 35 de
1311 1525 181 36 särskilda
1520 1526 193 48 delägarne
1741 1527 91 45 däri,

231 1574 103 36 skola
371 1575 45 36 de
451 1576 198 47 uppgifter,
678 1588 76 24 som
783 1577 174 36 aflämnas
985 1578 58 35 till
1070 1578 153 48 ledning
1250 1578 56 37 för
1334 1580 112 35 sådan
1474 1580 181 48 taxering,
1686 1581 149 48 angifva

232 1628 70 35 den
345 1628 58 36 del
445 1629 41 35 af
523 1629 162 48 bolagets
720 1630 162 36 inkomst
909 1633 300 46 nästföregående
1238 1635 50 43 år,
1319 1645 76 24 som
1423 1633 145 48 belöper
1596 1637 46 44 på
1670 1646 46 24 en
1744 1635 92 36 hvar

232 1681 180 47 delägare,
449 1695 83 24 men
567 1683 82 36 icke
677 1684 62 35 det
766 1684 141 48 belopp,
937 1697 76 24 som
1042 1686 170 47 delägare
1239 1687 302 47 nästföregående
1571 1689 40 34 år
1639 1690 57 34 må
1724 1688 112 38 hafva

232 1734 82 36 från
342 1735 146 47 bolaget
515 1737 176 46 uppburit
718 1737 42 35 af
783 1737 174 47 inkomst,
987 1750 75 24 som
1091 1739 100 35 förut
1218 1739 41 35 af
1283 1740 144 47 bolaget
1460 1740 229 37 förvärfvats.

336 1788 176 37 Däremot
540 1789 94 35 skall
662 1790 112 35 sådan
801 1790 172 45 inkomst,
1004 1803 76 24 som
1108 1795 147 44 utgöres
1284 1793 41 35 af
1349 1793 194 47 utdelning
1570 1796 21 33 å
1618 1794 121 37 aktier
1766 1795 68 36 och

230 1840 222 46 banklotter,
481 1842 197 47 uppgifvas
719 1843 59 36 till
806 1844 61 35 det
895 1844 143 47 belopp,
1068 1856 75 25 som
1173 1845 111 36 aktie-
1313 1846 89 36 eller
1430 1847 203 46 lottägaren
1660 1848 173 37 nästföre-

230 1895 139 46 gående
411 1898 41 32 år
479 1895 14 36 i
512 1896 193 47 utdelning
746 1897 83 35 från
866 1897 112 36 aktie-
1007 1898 89 36 eller
1123 1899 245 47 bankbolaget
1396 1900 69 36 fått
1493 1900 57 36 till
1578 1900 58 48 sig
1663 1903 168 35 utanord-

230 1948 105 46 nadt;
365 1948 131 37 därvid
524 1949 194 48 iakttages,
749 1953 54 33 att
821 1951 195 47 utdelning
1036 1952 82 35 från
1138 1952 194 37 inländska
1352 1953 207 48 aktiebolag
1578 1955 67 36 och
1665 1955 168 36 enskilda

230 2001 209 49 bankbolag
465 2003 134 36 räknas
629 2006 114 33 såsom
763 2004 162 36 inkomst
944 2005 41 35 af
1001 2005 152 48 kapital,
1170 2007 130 35 medan
1318 2007 196 48 utdelning
1534 2008 82 35 från
1634 2007 198 38 utländska

232 2054 209 48 aktiebolag
468 2056 105 45 skall,
604 2059 114 34 såsom
747 2057 63 36 vid
838 2057 453 49 bevillningstaxeringen,
1320 2060 172 37 hänföras
1521 2061 57 37 till
1606 2061 162 37 inkomst
1795 2063 41 35 af

231 2108 132 35 arbete.

279 2327 71 32 Bih.
378 2328 49 32 till
453 2327 113 33 Biksd.
597 2328 84 32 Prot.
709 2329 97 32 1907.
855 2332 21 30 5
902 2330 99 32 Saml.
1051 2333 19 29 1
1095 2330 78 42 Afd.
1223 2333 45 30 12
1292 2331 95 42 Häft.
1742 2334 40 31 16
