2194 2664
648 220 364 41 Bevillmingsutskottets
1035 223 213 33 Betänkande
1270 224 65 32 N:o
1363 228 49 29 13.
1557 224 10 11 ”
1789 229 43 31 29

231 301 57 34 för
317 300 83 35 dem
429 301 11 35 i
469 300 106 37 deras
605 303 185 44 egenskap
820 303 40 35 af
884 303 302 48 fastighetsägare
1215 306 142 36 medför
1385 307 186 37 reformen
1598 309 81 35 icke
1708 309 123 46 någon

230 363 82 26 som
341 353 95 36 helst
464 354 232 47 beskattning
723 356 145 36 utöfver
896 357 72 36 den
997 358 184 46 ordinära,
1211 360 117 36 under
1356 360 61 36 det
1445 364 51 33 att
1514 362 317 46 inkomsttagarna

229 408 11 34 1
269 407 100 36 vissa
397 408 61 35 fall
487 408 111 36 blifva
626 409 155 36 föremål
810 410 57 36 för
895 422 47 25 en
971 414 103 34 extra
1102 413 244 47 beskattning.

336 460 55 36 Då
414 462 64 45 jag
505 463 200 36 emellertid
734 466 41 33 är
803 465 202 45 angelägen
1035 468 51 34 att
1110 468 92 35 söka
1231 468 208 46 undanröja
1467 469 127 45 hvarje
1623 470 132 36 hinder
1774 472 58 35 för

229 514 71 36 den
343 515 108 46 enligt
488 516 76 35 min
606 517 150 45 mening
793 518 42 35 så
864 519 211 36 önskvärda
1103 520 187 37 reformen
1318 522 71 35 och
1418 521 144 37 således
1591 524 109 35 äfven
1731 525 60 35 vill
1819 526 10 34 i

228 568 202 46 möjligaste
459 576 87 29 mån
574 572 193 34 motverka
796 571 72 36 alla
895 573 161 45 verkliga
1085 573 87 36 eller
1190 575 182 36 förmenta
1392 576 240 46 anledningar
1656 577 50 36 till
1726 579 104 35 miss-

228 622 84 45 nöje
355 622 82 36 med
474 623 485 48 öfvergångsanordningen,
1004 629 41 33 är
1079 627 71 45 det,
1182 629 170 35 särskildt
1380 640 61 25 om
1471 630 212 47 Riksdagen
1712 632 118 35 skulle

226 676 114 35 uttala
382 677 54 44 sig
478 677 134 45 därför,
648 678 78 35 min
759 679 109 35 ”afsikt
895 682 53 33 att
974 680 143 36 tillråda
1146 681 132 46 Kungl.
1309 683 103 45 Maj:t
1440 685 52 34 att
1519 683 219 46 bestämma,
1769 685 60 37 det

226 729 219 45 uppbörden
473 731 40 35 af
537 732 360 45 kronoutskylderna
924 733 49 45 på
1001 734 118 45 grund
1148 736 40 35 af
1215 736 101 36 1908
1341 736 61 36 års
1426 738 166 45 taxering
1612 738 70 36 och
1702 739 11 35 i
1733 750 95 25 sam-

226 783 100 36 band
355 784 151 36 därmed
536 784 210 37 debiterade
775 786 141 45 afgifter
945 788 92 35 skall
1066 789 217 36 verkställas
1304 789 22 36 å
1344 790 63 36 två
1426 791 400 45 uppbördsstämmor
1800 779 28 61 i

225 837 73 35 den
327 837 164 46 ordning,
509 838 283 37 ämbetsverken
812 840 193 46 föreslagit.
1037 842 104 35 Dock
1154 853 111 35 synes
1280 843 60 36 det
1354 844 74 46 mig
1442 845 127 35 kunna
1583 845 242 46 ifrågasättas,

224 893 52 33 att
303 901 48 25 en
370 891 146 46 delning
534 892 80 36 icke
635 893 62 35 må
716 894 76 44 ske,
815 894 123 36 därest
956 895 85 35 hela
1060 896 342 45 utskyldssumman
1422 898 227 46 understiger
1668 902 51 33 ett
1737 900 91 36 visst

224 944 142 36 mindre
395 945 145 45 belopp,
571 947 225 44 exempelvis
824 947 63 36 två
914 949 150 45 kronor,
1095 952 96 33 samt
1219 952 52 34 att
1299 950 60 36 det
1387 951 61 36 må
1471 952 146 36 lämnas
1634 954 192 45 skattskyl-

224 997 59 46 dig
311 1001 110 42 öppet
448 1001 52 33 att
527 999 23 35 å
578 999 72 36 den
678 1000 115 36 första
822 1002 377 44 uppbördsstämman
1228 1004 120 36 betala
1367 1004 85 36 hela
1470 1006 354 45 utskyldssumman.

331 1052 15 35 I
383 1052 60 36 sitt
470 1052 187 37 utlåtande
686 1054 112 35 hafva
822 1055 284 37 ämbetsverken
1133 1056 170 46 påpekat,
1333 1060 51 34 att
1411 1059 86 36 med
1525 1060 175 36 afseende
1728 1060 23 36 å
1779 1062 46 35 de

223 1104 290 47 bestämmelser,
558 1117 82 25 som
684 1107 206 37 innehållas
929 1109 12 35 i
977 1110 180 36 afslutade
1185 1112 172 35 kontrakt
1385 1112 191 46 angående
1604 1114 155 36 arrende
1788 1116 42 34 af

223 1159 355 46 kronoegendomar,
609 1161 181 36 särskilda
819 1162 223 37 föreskrifter
1071 1164 104 36 torde
1194 1176 90 24 vara
1303 1166 234 46 erforderliga
1556 1167 56 35 för
1632 1167 192 37 ordnande

222 1212 42 35 af
287 1213 218 45 uppbörden
534 1215 40 34 af
599 1214 123 45 dylika
749 1216 310 46 arrendeafgifter,
1090 1218 57 36 för
1175 1218 71 36 den
1274 1219 178 36 händelse
1472 1220 98 36 tiden
1590 1221 56 35 för
1665 1221 46 36 de
1731 1222 92 36 ordi-

221 1266 103 35 narie
351 1267 423 44 uppbördsstämmorna
793 1270 150 35 komme
963 1272 51 33 att
1033 1271 147 36 ändras.
1217 1272 180 36 Häröfver
1416 1273 68 35 har
1504 1274 318 46 domänstyrelsen

220 1319 211 36 sedermera
459 1321 136 44 afgifvit
622 1321 179 45 yttrande.
842 1323 132 36 Vidare
1002 1324 113 35 hafva
1143 1326 262 35 statskontoret
1434 1327 70 35 och
1533 1328 289 36 kammarrätten

219 1373 147 43 erinrat,
403 1375 51 33 att
481 1374 499 46 markegångssättningarna
1008 1378 124 35 kunde
1161 1379 92 35 böra
1281 1380 65 35 ske
1374 1380 150 45 tidigare
1553 1383 48 33 än
1629 1392 52 25 nu
1710 1382 11 35 i
1750 1383 72 35 och

219 1427 57 34 för
304 1427 226 46 utbetalning
560 1428 58 35 vid
647 1429 424 45 uppbördsstämmorna
1099 1432 41 35 af
1165 1432 45 35 de
1234 1433 253 45 ersättningar,
1509 1445 81 24 som
1611 1435 106 35 skola
1736 1436 85 45 utgå

217 1479 49 45 på
307 1480 117 45 grund
464 1481 40 35 af
528 1480 135 47 nådiga
692 1483 260 46 förordningen
984 1484 72 36 den
1086 1485 49 36 23
1161 1486 66 45 juli
1259 1486 100 36 1869
1389 1486 191 46 angående
1608 1488 213 47 förändring

217 1533 40 35 af
292 1534 244 44 grundräntor
583 1536 72 35 och
698 1537 256 36 kronotionde.
1012 1539 15 34 I
1066 1539 98 35 detta
1193 1540 136 35 ärende
1357 1540 69 36 har
1453 1542 367 46 kammarkollegium

215 1587 194 36 anbefallts
451 1591 52 32 att
544 1592 94 43 yttra
684 1590 64 45 sig,
789 1591 71 35 och
896 1592 103 35 torde
1029 1592 97 36 båda
1155 1592 109 37 dessa
1292 1593 121 46 frågor
1441 1595 196 36 framdeles
1666 1596 36 35 få
1731 1597 87 35 hän-

216 1640 140 44 skjutas
385 1641 47 35 till
464 1642 131 46 Kungl.
626 1644 122 44 Maj:ts
777 1645 207 45 pröfning.»

323 1747 14 34 I
365 1748 243 36 förevarande
637 1749 101 45 fråga
766 1750 119 36 tinner
914 1752 174 35 utskottet
1116 1752 70 45 väl,
1218 1755 50 32 att
1295 1764 50 25 nu
1371 1754 207 45 föreslagna
1598 1756 220 36 förändrade

215 1800 280 36 bestämmelser
523 1802 160 36 rörande
712 1803 333 46 beskattningsåret
1073 1806 92 35 böra
1194 1805 145 46 åtföljas
1359 1807 40 35 af
1416 1818 72 34 nya
1507 1807 229 46 stadganden
1756 1820 62 26 om

213 1853 302 45 uppbördstiden.

322 1907 66 35 Vid
431 1908 272 46 behandlingen
743 1910 40 35 af
809 1910 122 37 denna
960 1910 101 47 fråga
1090 1912 78 45 har,
1200 1912 125 36 såsom
1355 1914 39 35 af
1419 1915 399 45 statsrådsprotokollet

214 1960 170 45 framgår,
429 1961 131 36 chefen
602 1963 56 35 för
700 1963 413 45 finansdeparlementet
1155 1966 148 36 beaktat
1344 1967 45 36 de
1419 1968 245 46 olägenheter,
1695 1981 80 24 som
1808 1971 9 34 i

213 2013 200 36 allmänhet
455 2016 116 35 skulle
614 2018 101 33 möta
753 2017 55 35 för
836 2017 45 36 de
910 2018 261 46 skattskyldige
1200 2021 56 34 för
1284 2020 242 45 fullgörandet
1554 2023 117 35 under
1701 2024 114 35 öfver-

212 2065 195 46 gångsåret
438 2068 100 35 1908
568 2070 40 34 af
633 2069 72 35 den
735 2070 55 35 för
818 2070 99 36 detta
945 2070 41 36 år
1015 2072 119 35 ökade
1163 2073 274 37 skattebördan.

320 2120 67 35 Vid
427 2121 107 35 sidan
576 2123 40 34 af
655 2122 109 36 dessa
806 2123 235 45 olägenheter
1082 2125 104 35 torde
1228 2126 197 35 emellertid
1469 2127 83 35 med
1590 2129 174 35 afseende
1793 2136 23 28 å

211 2171 72 36 den
312 2172 178 36 tilltänkta
518 2175 222 35 förändrade
768 2176 291 44 uppbördstiden
1088 2178 202 36 förefinnas
1317 2179 100 35 vissa
1445 2180 116 35 andra
1590 2180 225 46 svårigheter

212 2225 40 36 af
277 2235 102 26 mera
408 2227 164 45 varaktig
600 2228 266 45 beskaffenhet,
898 2229 235 46 svårigheter,
1164 2242 81 25 som
1274 2232 81 35 icke
1383 2233 127 35 kunna
1534 2233 168 46 förbises,
1727 2237 84 33 utan

213 2279 75 36 risk
325 2281 51 33 alt
412 2280 306 37 skattereformen
752 2282 154 35 förlorar
935 2283 8 34 i
974 2284 221 37 effektivitet.
1252 2286 67 34 Det
1347 2288 41 32 är
1417 2286 183 45 nämligen
1629 2287 183 46 påtagligt,

1856 1755 149 28 Utekottete

1854 1791 139 33 yttrande.
