1894 2852
126 561 139 27 Utskottet.

319 189 21 29 4
484 189 117 32 Andra
626 191 203 33 kammarens
851 192 129 40 fjärde
1004 192 168 43 tillfälliga
1196 195 132 31 utskotts
1352 196 165 31 utlåtande
1541 196 53 31 Nr
1619 199 29 29 4.

323 278 158 37 godtagas
499 279 109 30 såsom
625 281 153 30 säkerhet
794 282 54 30 för
867 282 64 30 lån.
971 283 48 30 På
1037 293 40 20 av
1094 284 38 29 de
1150 285 211 37 sakkunniga
1380 285 140 30 anförda
1538 285 74 30 skäl
1631 285 108 30 anslöt
1757 287 51 35 sig

321 329 122 39 Kungl.
466 331 98 38 Maj:t
581 333 49 29 till
649 333 61 30 den
730 334 210 38 ståndpunkt,
959 345 69 21 som
1047 336 96 31 dessa
1163 338 124 37 intagit.
1318 338 130 31 Jämväl
1467 339 177 37 riksdagen
1663 338 146 30 biträdde

323 384 105 30 denna
455 385 200 38 ståndpunkt
681 388 60 29 och
768 389 113 37 avslog
907 391 10 27 i
943 390 156 30 samband
1125 391 134 29 härmed
1285 394 42 28 ett
1352 393 10 28 i
1388 393 204 29 motionerna
1619 392 102 30 I:291
1748 392 60 30 och

325 437 45 29 II:
384 438 60 29 442
465 439 176 31 framställt
663 441 156 37 yrkande,
844 445 45 27 att
911 443 283 38 kreditgivningen
1217 445 107 30 skulle
1347 445 134 30 omfatta
1505 448 80 27 även
1608 445 200 31 bostadshus

322 491 19 29 å
360 492 94 29 mark
473 493 154 36 upplåten
646 496 65 28 mot
731 496 150 29 tomträtt.

360 561 262 39 Bostadsfrågan
639 564 62 30 har
717 566 100 29 sedan
834 566 97 38 länge
945 576 41 21 av
1001 569 253 30 statsmakterna
1271 571 116 35 ägnats
1404 572 43 27 ett
1464 570 104 37 livligt
1584 571 148 33 intresse,
1750 570 60 29 och

323 615 197 32 omfattande
539 618 151 37 åtgärder
709 619 85 30 hava
813 622 81 28 även
912 621 77 29 från
1008 621 94 30 deras
1122 622 72 30 sida
1214 622 151 38 vidtagits
1385 624 11 28 i
1415 623 86 37 syfte
1521 625 44 28 att
1584 623 225 30 åstadkomma

322 669 302 32 tillfredsställande
648 672 230 31 förhållanden
904 674 41 37 på
970 674 253 38 ifrågavarande
1249 676 138 30 område.
1435 675 146 31 Sålunda
1605 676 140 30 fattades
1771 677 37 29 så

322 725 70 27 sent
411 732 71 21 som
503 724 37 29 år
560 725 77 30 1929
657 726 81 29 efter
758 727 177 30 verkställd
953 729 174 37 utredning
1146 728 107 31 beslut
1273 738 50 21 om
1342 729 165 30 bildandet
1528 739 40 20 av
1587 728 148 31 Svenska
1754 730 54 29 bo-

322 776 323 32 stadskreditkassan
666 780 11 28 i
698 779 86 38 syfte
804 782 45 28 att
870 781 171 37 tillgodose
1062 782 51 30 det
1132 782 220 36 kreditbehov,
1373 792 70 21 som
1465 783 194 30 åtminstone
1680 785 11 27 i
1711 783 97 37 fråga

323 837 49 21 om
392 830 330 37 egnahemsbostäder
743 833 59 30 och
824 834 132 37 vanliga
976 835 165 37 hyreshus
1162 836 109 29 kunde
1292 845 97 21 anses
1408 845 81 21 vara
1508 836 76 30 fullt
1605 837 143 36 legitimt.

360 884 125 30 Därvid
501 884 228 36 behandlades,
746 886 108 30 såsom
870 897 40 20 av
925 887 61 30 den
1002 897 83 21 ovan
1100 888 150 31 lämnade
1266 889 229 37 redogörelsen
1508 889 155 38 framgår,
1677 893 81 26 även
1771 890 37 29 de

321 937 171 37 spörsmål,
515 947 69 20 som
604 940 166 36 upptagits
791 941 10 28 i
823 940 60 30 den
904 950 46 21 nu
970 941 226 38 föreliggande
1216 944 171 33 motionen,
1410 952 73 21 men
1504 943 104 37 ansåg
1630 943 177 37 riksdagen

321 990 200 38 tillräckliga
538 992 73 29 skäl
629 993 29 36 ej
677 992 163 38 föreligga
860 996 45 27 att
922 994 194 38 tillmötesgå
1135 995 38 30 de
1191 995 181 30 framförda
1391 996 219 30 önskemålen.
1640 996 102 30 Såvitt
1760 999 47 28 ut-

321 1043 117 30 skottet
456 1044 61 30 har
534 1046 51 36 sig
603 1045 121 30 bekant
740 1046 85 30 hava
843 1047 101 30 sedan
962 1047 73 30 dess
1053 1049 78 36 inga
1148 1058 67 28 nya
1234 1050 274 36 omständigheter
1526 1050 193 34 tillkommit,
1738 1059 69 21 som

321 1096 98 31 borde
441 1098 114 30 kunna
573 1098 173 31 föranleda
767 1100 177 37 riksdagen
964 1103 45 27 att
1028 1110 46 21 nu
1093 1102 121 37 frångå
1235 1102 60 30 den
1315 1103 210 37 ståndpunkt,
1547 1112 70 21 som
1638 1103 41 30 då
1700 1105 107 36 intogs

321 1150 9 28 i
347 1149 218 32 förevarande
582 1153 189 29 avseenden.
809 1153 52 30 Då
878 1154 111 30 härtill
1007 1155 152 35 kommer,
1179 1158 44 27 att
1239 1155 385 31 bostadskreditkassans
1644 1157 163 29 verksam-

320 1203 52 30 het
391 1206 91 28 ännu
501 1207 37 27 är
556 1205 37 30 så
611 1215 55 28 ny,
686 1208 45 28 att
749 1207 178 38 tillräcklig
945 1208 186 31 erfarenhet
1149 1209 30 37 ej
1199 1209 66 29 kan
1283 1209 163 37 föreligga
1464 1209 54 30 för
1537 1212 42 28 ett
1598 1209 208 35 bedömande,

321 1257 10 27 i
352 1257 61 29 vad
434 1257 75 30 mån
530 1258 124 30 kassan
675 1259 67 30 kan
761 1260 128 30 komma
911 1263 44 27 att
975 1261 83 37 fylla
1079 1261 51 30 det
1151 1262 71 29 med
1244 1262 186 30 densamma
1452 1263 140 29 avsedda
1614 1263 192 34 ändamålet,

319 1309 61 29 har
400 1310 156 30 utskottet
577 1310 110 31 funnit
707 1314 52 35 sig
780 1313 70 30 icke
872 1313 113 30 kunna
1005 1314 167 38 tillstyrka
1192 1317 172 28 motionen.
1398 1316 129 29 Jämväl
1547 1316 143 30 flertalet
1710 1326 41 20 av
1771 1317 38 29 de

320 1365 76 27 över
415 1365 163 29 motionen
600 1365 49 29 till
668 1366 155 30 utskottet
843 1368 140 36 avgivna
1002 1368 195 36 yttrandena
1216 1368 42 37 gå
1278 1370 10 28 i
1309 1369 221 37 avstyrkande
1550 1369 156 38 riktning.

359 1417 170 39 Samtidigt
552 1428 97 21 anser
671 1421 53 35 sig
746 1420 81 29 dock
848 1421 156 29 utskottet
1024 1420 81 31 böra
1127 1421 185 35 framhålla,
1336 1424 45 28 att
1402 1423 156 30 utskottet
1580 1425 9 27 i
1613 1423 103 42 likhet
1737 1424 70 29 med

320 1472 233 30 statskontoret
576 1473 106 30 håller
704 1473 81 35 före,
809 1476 46 28 att
878 1483 40 20 en
939 1474 238 38 förutsättning
1200 1475 53 30 för
1276 1477 44 28 att
1344 1475 368 31 bostadskreditkassan
1736 1477 71 29 med

319 1535 39 20 en
379 1525 119 38 högsta
519 1529 101 34 gräns
642 1526 53 30 för
716 1526 196 38 belåningen
933 1528 20 29 å
975 1528 37 29 75
1034 1530 133 35 procent
1190 1537 41 21 av
1251 1529 241 30 vederbörande
1513 1529 173 38 fastighets
1709 1530 97 30 värde

320 1579 96 35 skall,
433 1579 109 30 såsom
560 1580 148 30 avsikten
726 1582 83 28 varit
825 1581 52 29 vid
894 1581 74 30 dess
984 1581 159 35 bildande,
1161 1582 114 30 kunna
1291 1582 172 37 tillgodose
1480 1582 135 32 behovet
1631 1593 41 20 av
1688 1584 119 29 sekun-

320 1631 167 31 därkredit
504 1633 101 30 måste
624 1643 98 20 anses
741 1643 88 25 vara,
849 1636 45 28 att
912 1634 214 38 fastighetens
1146 1635 273 38 belåningsvärde
1436 1636 181 30 fastställes
1637 1638 10 28 i
1667 1637 38 29 så
1724 1639 82 27 nära

318 1685 192 38 anslutning
529 1695 69 20 som
616 1687 127 37 möjligt
759 1687 49 29 till
826 1687 51 30 det
895 1688 147 37 verkliga
1060 1689 120 29 värdet.
1210 1687 90 32 Även
1319 1699 51 20 om
1387 1689 125 30 kassan
1531 1691 10 28 i
1559 1689 119 38 början
1697 1700 40 20 av
1754 1691 52 29 sin

317 1739 205 30 verksamhet
542 1739 66 30 helt
629 1740 159 38 naturligt
810 1743 105 28 ansett
936 1743 51 35 sig
1009 1741 80 30 böra
1112 1743 147 36 iakttaga
1281 1743 145 29 särskild
1449 1743 208 38 försiktighet
1680 1744 53 29 vid
1754 1746 52 28 sin

317 1793 251 37 kreditgivning,
591 1794 91 30 torde
705 1794 50 29 det
779 1804 79 20 vara
881 1797 46 27 att
949 1795 134 37 hoppas,
1108 1798 46 27 att
1177 1796 256 35 verksamheten,
1457 1798 11 28 i
1492 1806 123 21 samma
1639 1798 75 29 mån
1737 1807 69 21 som

317 1846 60 30 den
399 1849 100 27 växer
519 1848 51 36 sig
591 1848 159 34 starkare,
773 1848 85 29 skall
880 1848 114 30 kunna
1015 1849 128 30 komma
1165 1852 44 27 att
1230 1859 88 21 mera
1337 1850 66 30 helt
1424 1850 171 37 tillgodose
1617 1851 51 30 det
1688 1852 119 30 kredit-

317 1899 103 31 behov
442 1900 53 30 för
518 1900 296 36 bostadsändamål,
839 1911 70 20 som
932 1902 96 30 faller
1051 1904 87 28 inom
1163 1903 61 30 den
1247 1913 40 20 av
1309 1904 253 30 statsmakterna
1587 1905 52 29 vid
1664 1906 142 29 kassans

316 1954 153 30 bildande
489 1956 142 36 angivna
651 1964 121 21 ramen.

357 2008 164 30 Utskottet
542 2009 197 35 hemställer,

599 2073 45 28 att
667 2071 216 30 förevarande
905 2073 121 29 motion
1050 2072 71 30 icke
1145 2072 95 31 måtte
1265 2073 47 30 till
1337 2073 109 38 någon
1471 2074 103 30 andra
1598 2074 207 30 kammarens

558 2124 116 38 åtgärd
691 2125 182 30 föranleda.

358 2184 187 31 Stockholm
564 2186 60 29 den
643 2186 39 29 28
701 2186 84 37 april
804 2186 87 31 1931.

859 2249 48 30 På
928 2250 172 30 utskottets
1123 2253 140 35 vägnar:

875 2303 115 30 ELOF
1012 2303 237 31 LINDBERG.

353 2397 281 27 Närvarande:
659 2397 104 27 herrar
785 2397 155 42 Lindberg,
960 2397 157 34 Sandberg,
1146 2398 216 27 Wachtmeister
1383 2398 54 26 och
1459 2397 164 33 Nordkvist,
1646 2399 49 26 fru
1717 2398 90 27 Nord-

321 2441 71 25 gren
417 2435 73 24 samt
514 2433 105 26 herrar
642 2433 148 27 Svensson
814 2434 9 25 i
847 2432 184 34 Högsjöhult,
1063 2432 151 32 Waldem”,
1239 2433 67 33 Ahl,
1330 2434 142 26 Ericsson
1497 2434 9 25 i
1531 2418 123 49 Sörsjön
1679 2434 54 26 och
1758 2434 49 26 Jo-

324 2469 146 27 hansson"
493 2470 8 25 i
523 2469 165 26 Fårekulla.

358 2512 12 12 +
385 2514 29 24 Ej
432 2513 152 22 närvarande
601 2513 41 21 vid
660 2512 154 26 justeringen.
