1896 2852
297 176 18 32 8
463 176 119 31 Andra
606 176 203 31 kammarens
831 175 127 41 fjärde
983 174 167 42 tillfälliga
1173 176 133 31 utskotts
1328 175 166 32 utlåtande
1517 176 53 31 Nr
1592 178 30 29 4.

337 266 59 30 Att
423 267 47 30 all
496 275 45 27 ny
567 265 392 38 obligationsupplåning
986 265 60 30 och
1073 265 133 30 därmed
1232 265 46 29 all
1304 265 138 31 fortsatt
1469 265 212 30 verksamhet
1708 265 77 29 från

298 311 408 37 kreditorganisationens
733 310 72 29 sida
832 310 111 29 skulle
971 311 164 28 avstanna
1163 311 11 27 i
1203 310 170 29 avvaktan
1401 310 42 37 på
1472 310 175 29 resultatet
1675 318 42 20 av
1745 318 40 20 en

298 355 165 37 igångsatt
483 355 174 36 utredning
679 356 10 27 i
710 354 186 37 föreslagen
917 355 147 36 riktning
1086 354 86 29 lärer
1192 356 81 27 utan
1294 354 109 29 vidare
1424 354 51 29 stå
1496 354 95 29 klart.
1622 353 40 37 Ej
1685 353 103 29 heller

298 400 90 30 lärer
409 400 107 29 tvivel
536 399 114 30 kunna
669 399 90 34 råda,
781 400 46 28 att
848 399 74 29 icke
943 398 376 38 obligationsvillkoren
1341 398 60 29 och
1420 397 136 30 därmed
1576 398 100 29 också
1696 397 88 29 låne-

298 444 161 29 villkoren
487 444 182 34 framdeles,
698 443 81 30 efter
807 443 266 37 genomförandet
1101 452 40 20 av
1168 452 40 20 en
1237 443 139 36 ändring
1404 444 10 27 i
1442 442 104 30 sådan
1574 443 146 36 riktning
1748 451 39 20 av

297 488 143 29 kassans
464 488 241 33 konstruktion,
730 488 106 29 skulle
859 487 87 29 bliva
969 487 174 36 väsentligt
1165 496 89 20 mera
1277 487 205 36 betungande
1505 486 53 29 för
1580 486 205 37 låntagarna.

297 532 211 31 Framhållas
533 532 51 29 må
608 532 45 37 ju,
679 533 48 28 att
752 541 45 20 nu
821 531 156 38 gällande
1001 531 249 30 bestämmelser
1275 531 206 29 förestavats
1507 539 41 20 av
1575 539 132 28 omsorg
1733 539 52 20 om

298 575 211 37 låntagarna;
533 585 74 21 man
629 577 62 29 har
715 577 76 28 sökt
815 578 132 35 avväga
971 576 157 37 reglerna
1152 576 47 34 så,
1225 577 48 28 att
1297 575 202 37 låntagarna
1521 575 110 29 skulle
1655 574 129 29 erhålla

297 621 94 30 bästa
412 621 141 37 möjliga
575 621 110 30 kredit
709 621 53 29 till
784 620 257 37 förmånligaste
1064 620 136 29 villkor.

335 666 118 30 Ehuru
474 666 53 29 det
547 668 154 27 närmare
720 665 107 30 besett
847 665 56 29 väl
925 665 112 29 skulle
1058 666 74 28 visa
1153 665 56 37 sig
1229 664 170 37 praktiskt
1419 663 162 30 uteslutet
1601 664 48 28 att
1669 663 114 29 kunna

295 711 198 37 genomföra
522 710 39 29 de
589 710 180 29 förordade
798 709 229 37 ändringarna
1056 710 87 28 inom
1173 709 62 29 den
1264 707 194 31 nuvarande
1489 708 293 36 organisationens

296 764 79 26 ram,
399 756 95 30 torde
517 755 53 29 det
593 755 29 36 ej
647 763 83 21 vara
752 754 247 36 betydelselöst,
1023 755 47 28 att
1093 753 125 29 sådana
1242 753 184 36 ändringar
1450 754 81 27 över
1554 751 114 30 huvud
1691 753 92 35 taget

296 799 140 36 dryftas.
479 799 151 30 Känslan
653 808 43 20 av
720 799 149 29 ovisshet
893 799 60 29 och
977 798 178 30 osäkerhet
1179 797 93 30 torde
1296 806 83 20 vara
1403 796 110 37 ägnad
1537 798 47 27 att
1607 795 177 29 föranleda

296 854 40 20 en
352 844 213 29 avvaktande
583 844 59 29 och
658 844 203 36 misstrogen
877 843 155 36 hållning
1048 843 60 28 hos
1125 842 96 29 såväl
1238 841 225 30 lånesökande
1479 849 71 21 som
1566 840 215 37 obligations-

296 888 135 37 köpare,
456 888 103 37 något
584 897 69 20 som
678 888 149 37 givetvis
852 888 104 28 måste
981 886 139 37 menligt
1145 886 180 30 återverka
1350 886 42 36 på
1416 885 144 29 kassans
1584 885 77 29 hela
1686 884 95 29 verk-

296 933 135 30 samhet.
476 934 15 29 I
515 941 122 21 samma
659 932 75 29 mån
757 933 38 28 så
817 932 88 34 sker,
927 931 47 30 bli
999 931 100 30 också
1122 930 40 30 de
1185 930 126 30 sociala
1336 930 59 29 och
1419 929 217 30 ekonomiska
1659 928 124 36 syften,

295 986 69 21 som
383 978 127 29 kassan
527 977 62 29 har
608 978 47 28 att
674 976 96 36 fylla,
790 976 192 30 åsidosatta.

875 1036 183 31 GUNNAR
1079 1035 117 32 HUSS.

414 1082 87 31 Kurt
523 1083 197 37 Bergström.

413 1268 66 30 Till
499 1268 195 37 riksdagens
715 1267 104 30 andra
839 1267 184 30 kammares
1043 1266 107 37 fjärde
1170 1266 168 37 tillfälliga
1357 1266 134 29 utskott.

331 1339 92 30 Efter
443 1338 244 37 framställning
707 1338 75 30 från
802 1338 196 36 riksdagens
1017 1338 105 29 andra
1141 1338 184 29 kammares
1345 1337 108 37 fjärde
1472 1336 165 38 tillfälliga
1656 1337 126 30 utskott

293 1385 60 28 har
381 1386 124 28 statens
531 1383 317 38 egnahemsstyrelse
874 1383 61 30 den
963 1383 39 29 20
1030 1382 146 30 februari
1203 1382 77 30 1931
1309 1381 173 31 anbefallts
1511 1384 45 28 att
1579 1384 113 28 senast
1716 1382 64 29 den

293 1429 37 29 31
346 1438 89 20 mars
452 1428 79 30 1931
548 1429 115 36 avgiva
679 1428 151 37 yttrande
846 1430 76 27 över
937 1429 164 28 motionen
1118 1426 49 30 II:
1181 1427 59 29 239
1257 1427 167 36 angående
1436 1426 181 30 beredande
1630 1435 39 20 av
1681 1435 103 28 gynn-

292 1481 160 21 sammare
474 1473 194 29 lånevillkor
688 1472 54 30 för
764 1472 60 30 den
843 1472 213 36 kooperativa
1074 1471 415 39 byggnadsproduktionen
1509 1473 85 28 samt
1612 1470 52 30 för
1686 1479 95 28 egna-

293 1518 245 37 hemsbyggare.

333 1561 15 30 I
368 1563 178 36 anledning
564 1562 104 30 härav
688 1562 52 29 får
760 1562 338 37 egnahemsstyrelsen
1118 1561 119 29 anföra
1255 1560 155 38 följande.

332 1606 16 29 I
372 1607 165 29 motionen
562 1606 185 30 hemställes
773 1615 50 20 om
846 1607 177 37 utredning
1048 1608 11 28 i
1082 1607 110 30 vilken
1216 1607 75 30 mån
1314 1607 63 29 och
1401 1606 42 37 på
1466 1606 101 30 vilket
1589 1608 65 29 sätt
1677 1607 104 29 bättre

291 1651 206 37 möjligheter
522 1651 51 29 må
599 1652 113 29 kunna
738 1651 241 30 åstadkommas
1005 1651 53 30 för
1080 1651 62 30 den
1168 1652 211 35 kooperativa
1404 1651 375 36 bostadsproduktionen

293 1698 83 28 samt
403 1695 54 30 för
485 1696 323 38 egnahemsbyggare
836 1698 45 28 att
909 1696 41 37 på
980 1697 130 36 rimliga
1138 1696 120 30 villkor
1286 1696 126 30 erhålla
1441 1696 69 30 dels
1539 1696 244 37 byggnadskre-

292 1740 86 35 ditiv,
400 1740 72 30 dels
495 1740 153 37 belåning
670 1741 50 29 till
744 1750 39 20 en
805 1741 102 36 högre
928 1740 278 37 belåningsgräns
1229 1743 43 27 än
1295 1741 69 36 den,
1388 1750 70 20 som
1482 1743 38 27 är
1542 1740 163 30 fastställd
1728 1740 52 29 för

293 1783 146 31 Svenska
467 1784 375 37 bostadskreditkassan,
873 1785 69 30 dels
973 1786 60 29 ock
1064 1787 44 28 att
1137 1786 106 29 denna
1270 1785 155 37 belåning
1456 1785 52 30 får
1539 1785 132 30 omfatta
1697 1788 82 26 även

292 1829 125 29 sådana
439 1829 73 35 hus,
535 1838 69 20 som
625 1832 57 27 äro
702 1830 163 36 uppförda
886 1831 19 29 å
926 1833 114 27 tomter
1060 1830 70 30 med
1151 1832 150 28 tomträtt.

331 1873 351 38 Egnahemsstyrelsen
710 1884 100 20 anser
838 1876 52 36 sig
918 1875 109 29 sakna
1055 1875 57 37 fog
1141 1878 88 35 yttra
1256 1877 53 36 sig
1339 1878 75 28 över
1444 1877 105 29 andra
1576 1877 11 28 i
1615 1878 164 29 motionen

293 1918 138 29 berörda
449 1919 116 36 frågor
585 1922 41 26 än
646 1919 79 36 dem,
745 1928 69 20 som
835 1929 76 20 avse
930 1920 166 36 egnahem,
1117 1920 130 29 varmed
1268 1921 160 36 styrelsen
1449 1921 40 29 då
1508 1921 127 37 åsyftar
1655 1922 125 29 sådana

291 1962 331 37 bostadslägenheter,
650 1962 55 31 för
732 1963 91 30 vilka
848 1964 234 36 egnahemslån
1111 1965 114 29 kunna
1254 1965 138 36 beviljas
1419 1965 103 37 enligt
1551 1966 151 36 gällande
1729 1967 50 29 be-

291 2007 211 34 stämmelser,

332 2051 166 38 Styrelsen
526 2052 56 29 vill
611 2053 48 29 till
688 2063 41 19 en
757 2053 117 36 början
901 2054 113 29 erinra
1046 2064 58 25 om,
1132 2057 47 28 att
1207 2056 385 31 bostadskreditkassans
1619 2058 159 30 medelan-

289 2096 174 37 skaffning
484 2096 52 30 för
557 2097 150 38 utlåning
726 2098 78 30 sker
826 2107 113 27 genom
960 2099 156 29 emission
1139 2109 39 20 av
1200 2100 223 37 obligationer,
1446 2102 53 29 för
1518 2102 88 29 vilka
1627 2103 153 29 säkerhet

291 2140 108 31 finnes
427 2142 11 28 i
467 2142 188 37 inteckning
682 2144 13 27 i
724 2143 39 29 de
790 2142 198 37 fastigheter,
1017 2143 89 30 vilka
1133 2144 145 30 belånas.
1327 2145 114 30 Lånen
1469 2146 165 30 utlämnas
1662 2156 116 28 genom

291 2184 195 39 förmedling
509 2196 39 20 av
570 2187 274 37 länsföreningar,
864 2198 27 20 s.
914 2189 30 28 k.
967 2189 443 38 bostadskreditföreningar,
1432 2191 91 30 vilka
1544 2191 126 30 erhålla
1693 2192 85 29 låne-

290 2230 100 30 medel
422 2230 77 30 från
528 2230 365 32 bostadskreditkassan
924 2236 66 27 mot
1019 2234 152 29 säkerhet
1200 2235 11 27 i
1242 2234 409 38 fastighetsinteckningar.
1705 2236 72 30 Med

291 2274 82 30 detta
395 2278 124 34 system
542 2276 281 37 sammanhänger,
845 2281 45 26 att
912 2278 61 29 den
996 2278 146 30 enskilde
1165 2278 192 38 låntagaren
1378 2281 29 36 ej
1432 2281 67 29 kan
1521 2281 135 36 beviljas
1678 2282 100 37 bygg-

289 2319 140 31 nadslån
449 2320 117 30 förrän
585 2320 234 38 byggnaderna
839 2321 205 37 fullbordats,
1066 2324 360 37 inteckningssäkerhet
1446 2326 66 28 kan
1533 2329 163 32 presteras
1718 2327 58 29 och

291 2363 222 38 lånebeloppet
539 2365 65 29 kan
629 2366 195 29 bestämmas
848 2367 70 29 med
944 2367 131 38 hänsyn
1101 2367 48 30 till
1175 2369 213 37 byggnadens
1413 2369 126 30 storlek
1564 2370 59 29 och
1649 2370 128 31 beskaf-

290 2407 117 31 fenhet.
454 2408 211 37 Möjligheten
688 2413 46 27 att
757 2411 11 28 i
791 2410 73 30 mån
888 2420 40 21 av
950 2412 314 37 byggnadsarbetets
1287 2413 153 37 fortgång
1463 2413 205 31 utbekomma
1692 2415 87 30 lånet

290 2454 179 30 successivt
497 2453 341 40 (byggnadskreditiv)
864 2456 69 29 står
953 2456 345 38 egnahemsbyggaren
1321 2458 96 29 alltså
1439 2458 72 30 icke
1532 2461 111 34 öppen.
1686 2459 91 30 Bort-

289 2499 60 28 sett
367 2498 178 30 emellertid
563 2499 76 29 från
659 2501 96 28 sättet
764 2500 53 29 för
828 2501 361 37 medelanskaffningen
1200 2502 90 30 torde
1301 2502 478 39 bostadskreditföreningarna
