2210 2610
415 138 40 30 28
796 139 363 42 Bevillningsutskottets
1182 141 195 32 betänkande
1400 142 53 31 Nr
1475 144 51 31 53.

500 215 87 37 Med
616 217 147 48 hänsyn
795 217 55 35 till
879 217 185 48 pilsnerns
1093 231 161 36 svagare
1282 219 235 38 alkoholhalt
1544 221 97 36 hade
1662 222 44 36 de
1726 222 240 51 sakkunniga

373 267 168 36 förordat
570 268 254 48 upphävande
866 282 46 22 av
930 284 4 3 :
954 268 156 37 berörda
1146 270 148 48 förbud,
1337 272 73 36 vad
1440 273 167 48 anginge
1635 273 153 49 pilsner,
1831 276 134 35 åtmin-

369 322 106 33 stone
503 319 58 36 för
590 319 63 36 det
682 319 65 36 fall
780 325 54 30 att
870 320 282 38 vederbörande
1186 322 240 38 befälhavare
1467 324 135 49 gjorde
1644 325 282 49 framställning
1955 328 10 35 i

369 374 135 33 ämnet.
560 370 143 49 Kungl.
732 371 107 49 Maj:t
868 371 68 36 har
977 372 96 36 dock
1101 373 33 48 ej
1165 380 122 30 ansett
1315 375 224 49 tillräckliga
1568 376 82 36 skäl
1679 377 204 36 förefinnas
1913 387 51 27 utt

370 420 135 50 frångå
533 422 63 36 det
625 422 269 38 förutvarande
923 424 239 48 stadgandet.

497 474 114 35 Detta
638 474 68 36 har
734 474 178 37 föranlett
952 476 86 36 herr
1078 477 197 45 Lyckholm
1313 483 56 31 att
1408 479 11 35 i
1448 480 192 36 motionen
1674 481 23 35 I:
1722 482 70 34 191
1823 482 139 48 påyrka

369 524 116 36 sådan
513 524 166 49 ändring
719 538 47 23 av
808 528 23 34 4
873 540 124 31 mom.,
1034 533 54 30 att
1116 528 196 48 undantag
1340 530 81 36 från
1452 530 176 37 förbudet
1656 535 59 33 må
1743 546 90 23 vara
1862 534 101 35 med-

368 576 117 47 givet,
515 576 46 36 då
589 577 238 48 Konungens
858 578 411 49 befallningshavande,
1314 584 46 46 på
1403 582 278 49 framställning
1710 598 45 22 av
1782 585 181 37 vederbö-

367 627 116 36 rande
510 628 253 48 befälhavare,
793 630 188 37 meddelat
1008 631 165 37 tillstånd
1202 632 55 37 till
1285 632 291 50 ifrågavarande
1606 634 238 51 försäljning.
1887 637 75 37 TIn-

368 679 72 49 ligt
467 679 88 37 herr
582 680 230 49 Lyckholms
841 682 145 48 förslag
1013 683 120 37 skulle
1160 684 136 36 sådant
1323 685 168 36 tillstånd
1521 686 172 49 tydligen
1722 688 128 36 kunna
1876 703 87 22 avse

368 732 102 35 såväl
498 732 276 49 utminutering
802 747 80 22 som
912 734 268 50 utskänkning.

496 782 125 38 Såvitt
651 784 181 37 utskottet
860 785 145 37 kunnat
1032 787 113 48 finna,
1162 792 64 31 äro
1255 788 45 36 de
1330 789 254 48 olägenheter,
1615 803 79 23 som
1728 792 130 35 kunna
1902 792 59 35 he-

368 836 102 34 faras
515 838 125 33 såsom
687 835 93 49 följd
822 850 46 23 av
906 842 52 31 ett
985 838 259 48 eftergivande
1276 843 49 46 på
1354 841 248 36 förevarande
1630 843 132 47 punkt,
1794 848 166 31 närmust

367 887 375 48 sammanhängande
784 888 85 37 med
912 902 46 23 en
995 890 182 37 eventuell
1219 892 278 48 utminutering
1526 906 46 22 av
1600 894 140 48 pilsner
1768 895 57 35 till
1853 900 107 31 värn-

366 938 155 48 pliktigt
549 939 183 49 manskap
762 941 103 35 inom
895 941 154 36 kasern-
1078 941 91 38 eller
1208 943 285 48 lägerområdet.
1550 945 61 36 En
1640 945 234 49 obegränsad
1906 957 54 25 ut-

366 989 235 50 minutering
628 990 73 37 kan
726 992 44 48 jn
799 993 61 35 väl
889 993 132 36 tänkas
1064 994 211 37 förbunden
1305 996 83 36 med
1417 996 100 36 vissa
1545 997 120 36 risker
1693 998 81 36 från
1804 999 155 49 nykter-

365 1042 100 35 hets-
507 1042 69 36 och
622 1042 393 51 ordningssynpunkt.
1071 1045 127 50 Något
1238 1046 202 49 berättigat
1481 1049 122 36 behov
1641 1063 46 22 av
1714 1050 163 49 tillgång
1905 1050 55 37 till

364 1093 141 48 pilsner
549 1094 11 35 i
607 1094 117 38 sådan
766 1096 166 49 ordning
959 1097 104 36 torde
1092 1098 34 47 ej
1158 1098 116 36 heller
1293 1099 127 36 kunna
1449 1113 108 23 anses
1585 1101 198 49 föreligga,
1815 1102 10 35 1
1857 1103 102 46 varje

364 1144 65 36 fall
457 1145 82 36 icke
567 1146 68 36 alls
663 1146 12 36 i
704 1160 144 24 samma
876 1149 95 47 grad
1000 1162 79 23 som
1111 1149 231 37 beträffande
1369 1151 272 48 utskänkning.

492 1197 17 35 I
537 1198 227 36 sistberörda
793 1199 184 37 avseende
1006 1200 189 37 förefaller
1235 1201 64 37 det
1327 1205 80 33 åter
1434 1203 160 49 onödigt
1621 1204 83 36 hårt
1733 1213 54 28 att
1816 1206 141 36 undan-

363 1247 99 37 hålla
485 1248 289 49 ifrågavarande
802 1264 180 35 personer
1009 1265 46 23 en
1084 1259 40 29 så
1152 1266 88 36 pass
1269 1254 251 48 alkoholsvag
1540 1255 71 37 och
1640 1263 122 29 såsom
1792 1258 165 36 måltids-

363 1300 118 48 dryck
508 1301 151 35 relativt
687 1302 139 48 ofarlig
853 1316 90 23 vara
972 1316 78 23 som
1080 1304 150 48 pilsner.
1288 1305 73 36 Det
1402 1306 123 36 kunde
1554 1307 132 37 härvid
1713 1308 244 49 ifrågasättas

363 1357 54 30 att
446 1351 186 48 begränsa
660 1353 310 49 utskänkningen
998 1355 56 36 till
1082 1353 172 40 måltider
1282 1358 11 34 i
1322 1358 171 48 egentlig
1520 1359 167 48 mening.
1744 1361 73 36 Vid
1852 1366 104 31 över-

361 1403 171 49 vägande
561 1417 48 22 av
637 1405 223 37 hithörande
889 1407 327 48 omständigheter
1245 1409 68 36 har
1341 1410 185 36 utskottet
1555 1411 114 36 bland
1686 1418 117 30 annat
1820 1413 135 36 funnit.

367 1459 54 31 att
450 1468 46 23 en
525 1455 118 36 sådan
672 1461 114 42 gräns
814 1458 13 34 i
854 1458 198 48 praktiken
1081 1459 118 36 skulle
1226 1461 166 35 utesluta
1406 1461 225 50 manskapet
1646 1464 82 35 från
1745 1464 208 48 tillgången

364 1505 56 37 till
447 1506 154 48 pilsner.
659 1507 71 36 Det
771 1509 108 35 torde
907 1510 194 48 nämligen
1133 1524 88 22 vara
1250 1524 104 23 mera
1381 1513 129 46 sällan,
1540 1526 80 23 som
1650 1515 150 48 menige
1829 1530 88 22 man
1947 1518 7 34 i

359 1558 359 37 marketenterierna
746 1560 141 36 förtära
916 1574 122 23 annan
1054 1568 77 29 mat
1151 1567 44 30 än
1214 1568 91 31 t.ex.
1323 1566 224 46 smörgåsar.
1577 1565 76 36 För
1668 1571 53 31 att
1738 1568 217 47 eftergiften

358 1609 12 35 1
398 1609 109 48 fråga
536 1610 33 48 ej
600 1613 62 33 må
689 1610 101 37 bliva
818 1611 154 37 alldeles
1000 1612 199 47 illusorisk,
1229 1628 113 35 synes
1371 1616 127 36 därför
1534 1617 261 50 utskänkning
1824 1620 11 35 i
1863 1634 92 22 van-

359 1661 55 47 lig
443 1660 233 38 bemärkelse
704 1662 91 37 böra
824 1664 205 48 medgivas.
1087 1664 79 37 Och
1209 1679 115 36 synas
1367 1667 116 36 andra
1515 1671 191 45 gurantier
1739 1676 77 31 mot
1846 1672 108 35 miss-

360 1711 95 37 bruk
483 1713 31 48 ej
545 1727 92 22 vara
664 1714 213 49 behövliga,
908 1721 48 30 än
985 1722 65 39 att,
1081 1720 122 33 såsom
1245 1723 164 42 nämnts,
1438 1720 282 50 framställning
1748 1736 60 22 om
1839 1724 114 35 sådan

359 1764 260 48 utskänkning
647 1765 95 36 skall
770 1772 114 43 göras
913 1781 46 22 av
986 1768 280 38 vederbörande
1295 1770 251 48 befälhavare,
1578 1773 9 34 i
1621 1773 145 37 vilkens
1796 1775 158 36 intresse

358 1815 64 37 det
462 1816 165 48 givetvis
668 1817 170 38 kommer
881 1824 54 31 att
972 1832 98 34 vara,
1101 1826 54 30 att
1183 1834 137 35 genom
1350 1822 180 49 lämpliga
1561 1826 174 44 åtgärder
1764 1826 188 36 missbruk

357 1867 70 37 och
457 1868 231 49 oordningar
716 1869 265 38 förekommas.

486 1919 83 37 Den
598 1933 51 23 nu
678 1921 166 48 angivna
873 1923 216 36 avvikelsen
1119 1925 82 35 från
1230 1925 141 48 Kungl.
1404 1926 124 49 Maj:ts
1561 1928 146 49 förslag
1735 1943 114 35 synes
1879 1932 73 34 för-

358 1971 104 35 mellt
491 1971 89 36 böra
609 1972 137 36 ordnas
776 1976 52 44 så,
858 1979 55 30 att
941 1975 172 36 förbudet
1155 1976 10 35 i
1213 1976 248 37 förevarande
1498 1992 111 23 mom.
1644 1981 223 36 inskränkes
1897 1983 55 34 till

356 2022 287 49 ntminutering,
691 2024 69 36 och
794 2030 56 31 att
887 2026 11 35 i
943 2028 46 34 14
1017 2027 18 46 8
1065 2030 122 33 såsom
1216 2034 53 30 ett
1296 2035 87 42 nytt
1411 2043 110 23 mom.
1553 2031 32 48 «c)
1617 2032 139 37 införes
1786 2033 165 36 bestäm-

357 2074 114 36 melse
516 2087 47 22 av
610 2088 98 23 ovan
754 2082 126 43 antytt
922 2078 163 36 innehåll
1127 2092 58 23 om
1216 2080 261 50 utskänkning
1506 2095 46 23 av
1578 2084 142 47 pilsner
1747 2085 103 35 inom
1880 2085 71 35 hit-

355 2124 170 38 hörande
555 2127 190 48 områden,
786 2129 128 35 vartill
954 2130 222 48 vtterligare
1205 2132 149 36 komma
1384 2133 101 36 vissa
1512 2134 272 38 redaktionella
1814 2135 134 38 konse-

355 2176 161 37 kvenser
544 2178 10 35 1
585 2178 289 48 författningen.
