1886 2831
438 179 450 31 Konstitutionsutskottets
913 180 180 30 memorial
1116 190 41 20 nr
1184 181 38 29 18
1247 181 38 30 år
1311 181 83 30 1969
1615 180 40 29 63

174 260 60 39 ligt
254 260 361 39 byggnadskontorets
636 261 129 40 förslag
785 262 10 29 i
816 262 142 30 Sorsele.
979 262 58 29 Att
1076 271 39 30 jag
1137 263 110 29 skulle
1267 263 45 29 ha
1332 262 181 40 möjlighet
1534 264 49 27 att
1604 271 49 20 er-

173 305 94 29 hålla
295 315 42 19 en
365 306 330 38 pensionärsbostad
723 308 10 28 i
761 307 154 38 Gargnäs
945 308 166 29 samhälle
1141 309 37 28 är
1206 308 75 29 icke
1309 308 165 29 uteslutet
1502 317 79 19 men
1610 307 44 29 då

174 350 127 39 många
323 351 114 38 gamla
458 351 108 29 redan
589 352 70 29 står
681 352 10 29 i
714 352 44 29 kö
781 352 53 29 för
857 352 99 30 dessa
979 353 198 39 lägenheter
1200 353 64 29 och
1285 352 59 41 jag
1365 353 108 29 redan
1495 354 69 38 lagt
1587 352 66 29 ned

173 395 97 29 mina
291 395 184 39 tillgångar
497 396 45 39 på
564 396 55 30 det
642 396 144 39 inköpta
808 398 64 28 och
895 397 145 38 flyttade
1062 397 244 30 timmerhuset
1328 397 106 31 borde
1457 398 94 29 detta
1572 406 82 20 vara

176 440 74 29 skäl
275 442 49 27 att
347 441 128 39 bevilja
499 441 69 40 mig
591 443 47 28 ett
662 441 67 30 lån.
754 443 80 28 Man
857 442 88 29 talar
969 442 39 40 ju
1034 443 37 29 så
1094 442 72 30 ofta
1190 444 10 28 i
1223 443 83 29 våra
1329 443 105 39 dagar
1458 452 57 20 om
1539 445 49 27 att
1613 443 40 29 de

171 485 116 38 gamla
307 485 87 29 skall
416 486 36 29 få
470 486 42 29 bo
532 487 85 28 kvar
637 487 10 29 i
668 487 52 29 sin
741 487 107 39 miljö,
871 487 61 30 där
952 497 82 20 man
1053 488 95 29 trivs.
1169 488 63 40 Jag
1252 488 58 29 vill
1331 488 106 30 också
1456 488 196 34 framhålla,

173 531 49 27 att
240 529 59 40 jag
317 530 75 30 icke
411 531 114 29 kände
543 532 52 28 till
616 533 47 29 att
681 531 60 40 jag
759 531 87 30 först
867 533 111 29 skulle
996 533 46 30 ha
1060 533 172 30 inhämtat
1250 533 159 30 tillstånd
1429 535 48 28 att
1497 533 36 30 få
1552 533 103 39 flytta

173 574 111 35 huset,
314 584 56 20 om
397 576 59 39 jag
485 576 195 30 sedermera
709 577 110 30 skulle
848 578 36 29 få
912 577 156 40 påräkna
1097 577 297 40 förbättringslån.
1424 579 63 30 Det
1517 580 36 28 är
1582 579 71 28 inte

174 619 37 29 så
230 619 64 29 lätt
314 622 49 27 att
383 620 117 30 känna
519 621 52 29 till
591 621 319 30 bestämmelserna.
931 623 78 28 Men
1030 622 103 39 något
1154 622 346 39 förbättringsarbete
1520 625 37 27 är
1577 623 76 29 icke

172 663 111 31 utfört
306 664 44 39 på
375 666 124 38 stugan
522 667 85 28 utan
630 665 122 32 endast
776 666 221 40 flyttningen.

216 726 319 40 Bostadsstyrelsen
560 728 145 31 anförde
729 730 11 29 i
764 729 177 39 yttrande:

216 799 51 30 Av
293 800 256 39 handlingarna
576 803 10 28 i
614 801 140 30 ärendet
783 801 153 39 framgår
965 801 166 39 följande.
1159 802 203 39 Klaganden
1390 804 37 28 är
1456 803 83 29 född
1569 803 79 28 1901

167 845 68 28 och
256 845 101 29 änka.
378 846 78 28 Hon
476 846 62 28 har
558 846 83 39 köpt
662 848 47 27 ett
729 846 208 30 timmerhus
958 848 64 28 och
1041 847 142 39 uppfört
1205 847 193 30 detsamma
1418 848 44 39 på
1481 848 170 39 ifrågava-

170 889 108 30 rande
297 891 97 33 tomt,
416 899 73 20 som
508 891 70 29 hon
597 890 66 31 fått
683 900 74 21 som
776 891 94 39 gåva.
890 892 346 39 Låneansökningen,
1258 902 74 20 som
1350 893 120 29 inkom
1490 894 51 29 till
1561 893 90 29 läns-

170 934 322 31 bostadsnämnden
517 935 66 30 den
609 936 38 30 16
672 937 138 38 augusti
837 936 92 35 1967,
955 945 97 21 avser
1076 937 184 40 inredning
1284 948 42 19 av
1348 937 204 39 byggnaden
1578 946 73 20 som

167 979 342 38 pensionärsbostad.
536 980 203 39 Klaganden
765 981 88 29 hade
879 982 108 29 redan
1013 983 10 28 i
1050 982 68 38 maj
1150 982 82 29 1966
1259 982 186 31 inkommit
1471 983 52 29 till
1549 983 102 38 bygg-

169 1023 251 30 nadskontoret
446 1025 78 28 med
547 1025 132 39 ritning
703 1026 78 28 över
806 1026 65 29 den
895 1026 186 39 planerade
1106 1026 229 40 inredningen
1360 1028 64 28 och
1448 1028 10 29 i
1484 1027 167 30 samband

170 1068 79 30 med
273 1069 442 31 länsbostadsdirektörens
738 1071 106 29 besök
868 1072 10 28 i
902 1072 214 29 kommunen
1139 1072 68 29 den
1231 1072 38 29 25
1295 1073 69 38 maj
1394 1073 82 29 1966
1501 1073 150 38 företogs

168 1112 200 41 besiktning
391 1114 44 39 på
457 1114 327 39 byggnadsplatsen.
808 1115 129 30 Därvid
960 1115 148 31 befanns
1133 1119 48 27 att
1205 1116 131 31 arbetet
1360 1117 88 30 hade
1471 1117 179 38 påbörjats

170 1158 64 29 och
259 1160 48 27 att
332 1159 100 29 huset
457 1169 60 19 var
541 1160 109 29 under
675 1161 69 29 tak.
771 1161 153 29 Sålunda
947 1161 88 30 hade
1060 1162 113 38 grund
1197 1171 41 20 av
1261 1162 134 39 betong,
1421 1163 228 38 ytterväggar,

168 1202 105 30 nedre
302 1203 64 29 och
394 1204 79 28 övre
501 1204 163 39 bjälklag,
695 1204 182 35 undertak,
907 1207 75 37 nytt
1011 1206 143 39 plåttak,
1185 1216 67 29 nya
1281 1206 276 32 fönsterkarmar
1586 1207 64 29 och

169 1246 241 41 fönsterbågar
439 1251 88 27 samt
555 1249 115 29 brunn
697 1250 77 29 med
801 1250 244 39 betongringar
1074 1250 138 30 utförts.
1241 1252 13 28 I
1282 1252 165 29 skrivelse
1473 1252 52 29 till
1554 1252 96 28 kom-

169 1300 131 21 munen
327 1292 65 30 den
423 1294 13 28 1
465 1293 78 39 juni
573 1293 81 31 1966
683 1294 200 30 meddelade
911 1295 399 31 länsbostadsnämnden
1338 1298 49 28 att
1415 1297 130 38 statligt
1574 1297 76 29 stöd

168 1337 52 29 till
241 1337 167 40 företaget
428 1338 45 39 på
492 1339 112 38 grund
623 1339 107 29 härav
750 1340 70 29 inte
840 1340 117 30 kunde
976 1340 186 39 påräknas.

215 1382 12 28 I
246 1383 241 39 ansökningen
505 1383 62 30 har
587 1384 175 39 upptagits
782 1385 187 29 kostnader
988 1386 53 29 för
1059 1386 44 29 bl.
1123 1396 28 19 a.
1171 1386 121 39 grund,
1311 1387 126 39 väggar
1456 1388 64 28 och
1538 1387 112 38 bjälk-

169 1426 64 39 lag,
264 1426 185 41 inredning
479 1431 89 27 samt
598 1429 188 39 utvändiga
816 1430 234 39 anordningar
1080 1431 53 29 för
1162 1432 118 28 vatten
1310 1432 64 28 och
1404 1432 123 39 avlopp
1556 1432 94 28 vilka

169 1471 160 39 åtgärder
352 1472 99 40 ingår
474 1473 10 29 i
508 1473 417 32 länsbostadsnämndens
949 1475 222 40 uppräkning
1196 1485 41 20 av
1259 1476 107 30 redan
1390 1476 141 31 utförda
1555 1477 95 28 arbe-

166 1517 69 29 ten.

213 1563 416 30 Länsbostadsnämnden
651 1564 63 29 har
736 1565 10 28 i
768 1566 47 29 ett
837 1565 119 39 tillägg
977 1565 52 29 till
1053 1565 58 31 sitt
1133 1566 161 39 yttrande
1317 1565 66 31 den
1406 1566 39 30 27
1468 1567 70 39 maj
1566 1567 82 29 1968

168 1607 195 30 framhållit
385 1609 49 28 att
455 1608 177 30 nämnden
653 1609 57 29 vid
733 1610 52 29 sin
806 1610 170 39 prövning
998 1620 41 19 av
1061 1610 140 30 ärendet
1224 1613 112 28 ansett
1359 1613 49 28 att
1429 1612 41 29 de
1491 1613 11 28 i
1524 1612 125 29 ansök-

167 1652 128 38 ningen
323 1654 178 37 upptagna
529 1653 206 39 åtgärderna
762 1663 97 20 avser
887 1654 334 39 iordningställande
1249 1665 41 20 av
1318 1658 46 27 ett
1392 1656 107 30 redan
1527 1657 121 39 påbör-

166 1697 52 38 jat
237 1697 307 39 byggnadsarbete.

212 1742 320 39 Bostadsstyrelsen
565 1742 53 30 får
650 1743 79 29 med
760 1743 210 40 hänvisning
1000 1745 53 29 till
1086 1745 55 30 det
1174 1745 148 30 anförda
1354 1746 164 39 avstyrka
1549 1746 99 30 bifall

166 1786 53 29 till
239 1786 178 30 besvären.

213 1875 122 39 Kungl.
351 1876 108 39 Maj:t
478 1876 54 34 5/9
556 1877 58 34 (nr
635 1877 56 35 13)
713 1877 161 31 lämnade
892 1878 167 30 besvären
1078 1881 85 27 utan
1180 1879 110 30 bifall.

203 2000 38 32 hb)
269 1999 274 36 Tillämpningen
569 2010 41 20 av
636 2002 492 34 övergångsbestämmelserna
1152 2004 53 29 till
1230 2005 78 29 1967
1334 2005 56 29 års
1415 2005 233 29 bostadslåne-

267 2054 206 35 kungörelse

213 2127 33 30 1)
275 2126 129 30 Besvär
421 2136 42 20 av
481 2126 33 30 C.
531 2127 39 30 E.
588 2127 39 30 R.

209 2188 130 30 Genom
357 2189 113 29 beslut
489 2190 65 29 den
573 2191 39 29 23
630 2190 141 38 januari
792 2191 81 29 1958
892 2191 170 39 beviljade
1081 2192 399 31 länsbostadsnämnden
1499 2195 11 28 i
1529 2194 116 29 Stock-

164 2242 112 30 bolms
302 2243 59 30 län
387 2243 33 30 C.
447 2244 37 29 E.
511 2244 38 29 R.
576 2244 11 29 i
614 2244 192 40 Södertälje
832 2246 248 38 egnahemslån
1107 2247 54 29 för
1187 2248 47 29 ett
1262 2247 249 40 enfamiljshus
1536 2249 44 39 på
1607 2259 39 19 av

166 2296 111 29 denne
297 2296 79 29 med
396 2298 157 29 tomträtt
572 2298 197 30 innehavda
787 2300 133 28 tomten
939 2309 41 19 nr
1001 2300 17 29 2
1039 2300 10 29 i
1069 2300 173 29 kvarteret
1262 2301 214 39 Daggkåpan
1495 2302 11 29 i
1526 2301 119 30 Söder-

164 2350 95 39 tälje.

210 2404 112 29 Sedan
352 2405 38 29 R.
421 2412 123 31 genom
575 2405 256 39 köpekontrakt
862 2406 67 30 den
961 2407 15 29 7
1009 2408 193 38 september
1234 2408 82 29 1966
1348 2409 66 29 sålt
1444 2410 203 29 tomträtten

165 2458 52 28 till
241 2459 34 28 L.
298 2459 33 29 C.
354 2459 11 28 i
387 2459 191 38 Södertälje
601 2459 53 29 för
676 2469 43 19 en
740 2460 232 41 köpeskilling
994 2470 41 19 av
1059 2461 59 29 115
1134 2461 62 29 000
1219 2462 138 32 kronor,
1381 2463 115 29 anhöll
1521 2464 37 28 R.
1581 2464 64 28 och

164 2511 34 30 C.
219 2511 64 30 hos
302 2511 400 30 länsbostadsnämnden
722 2515 49 27 att
792 2513 32 30 C.
846 2513 71 29 fick
937 2513 160 40 övertaga
1117 2514 102 30 lånet.
