1886 2832
547 157 103 28 Andra
673 157 196 36 lagutskottets
893 157 148 29 memorial
1063 157 45 29 Nr
1130 157 50 29 40.
1593 156 15 29 1

780 416 61 41 Nr
871 416 70 41 40.

522 528 124 28 Ankom
671 528 49 28 till
744 529 187 37 riksdagens
956 528 104 28 kansli
1083 529 62 27 den
1169 529 17 27 6
1211 528 71 38 juni
1308 528 78 28 1940
1411 529 41 27 kl.
1477 529 18 27 2
1519 537 25 20 e.
1567 538 41 18 m.

417 621 193 37 Memorial
638 621 183 49 angående
849 621 196 49 ersättning
1074 621 35 36 åt
1128 622 222 36 kanslirådet
1367 622 113 48 Helge
1499 621 110 49 Berg-

520 683 100 47 lund,
654 682 116 36 vilken
797 683 97 36 inom
923 683 118 35 andra
1071 682 222 49 lagutskottet
1321 683 121 35 biträtt
1468 682 61 36 vid
1558 683 52 35 be-

521 743 221 49 handlingen
770 756 44 23 av
842 743 97 36 vissa
960 744 145 48 frågor.

158 844 70 32 För
250 844 212 42 behandling
477 856 40 21 av
531 845 127 42 Kungl.
675 845 117 42 Maj:ts
808 845 257 42 propositioner
1081 856 40 21 nr
1138 846 61 31 114
1215 845 174 41 angående
1405 845 204 41 kungörelse

108 906 54 20 om
196 895 212 32 hänförande
438 907 40 20 av
500 895 92 33 vissa
614 896 230 32 automobiler
867 896 54 32 till
943 896 250 42 fordonstypen
1216 896 261 41 motorredskap
1500 907 42 20 m.
1566 906 43 21 m.

106 947 89 30 samt
228 957 41 20 nr
304 946 59 32 115
396 946 80 32 med
509 946 126 42 förslag
658 947 54 31 till
734 947 203 41 förordning
960 947 173 41 angående
1156 946 232 42 yrkesmässig
1410 946 200 32 automobil-

105 996 100 32 trafik
236 1008 42 20 m.
303 1008 42 21 m.
366 997 106 41 jämte
494 997 12 31 i
529 997 215 32 sistnämnda
767 1000 98 29 ämne
891 997 117 32 väckta
1031 998 170 31 motioner
1223 998 61 31 har
1305 997 170 32 utskottet
1497 997 113 31 funnit

105 1047 158 42 lämpligt
286 1047 145 32 anmoda
454 1048 209 32 kanslirådet
686 1048 112 42 Helge
821 1048 178 42 Berglund
1016 1050 49 29 att
1079 1048 136 32 biträda
1231 1048 78 31 med
1324 1048 284 42 föredragningen

106 1109 40 20 av
179 1098 255 42 ifrågavarande
468 1098 257 42 propositioner
748 1098 64 32 och
835 1099 172 31 motioner
1030 1100 87 30 samt
1139 1098 80 32 med
1241 1099 181 31 utförande
1445 1098 93 32 inom
1561 1100 47 30 ut-

105 1149 149 32 skottets
287 1149 111 32 kansli
431 1160 42 21 av
506 1149 58 32 det
597 1150 78 31 med
708 1149 322 42 propositionernas
1057 1150 63 31 och
1144 1149 233 32 motionernas
1400 1149 210 42 behandling

104 1200 163 32 förenade
290 1201 141 31 arbetet.

160 1251 115 32 Sedan
309 1251 211 32 kanslirådet
552 1251 178 43 Berglund
762 1252 155 41 fullgjort
947 1251 58 32 det
1028 1251 126 33 honom
1179 1251 145 32 sålunda
1346 1252 158 31 lämnade
1526 1263 83 31 upp-

105 1301 127 42 draget,
260 1302 50 32 får
343 1303 179 38 utskottet,
547 1303 84 31 efter
653 1302 223 32 inhämtande
899 1314 41 20 av
962 1302 344 42 kanslideputerades
1327 1302 170 42 yttrande,
1520 1302 89 32 hem-

106 1352 109 39 ställa,

426 1406 50 30 att
509 1404 211 32 kanslirådet
753 1404 177 42 Berglund
964 1406 104 30 måtte
1101 1404 225 32 tillerkännas
1350 1406 49 30 ett
1421 1404 125 32 arvode
1569 1415 40 21 av

373 1455 63 32 600
458 1455 134 32 kronor.

159 1513 201 32 Stockholm
384 1513 67 32 den
475 1515 19 31 6
514 1514 75 42 juni
614 1515 90 31 1940.

557 1599 49 32 På
629 1599 108 32 andra
758 1599 246 42 lagutskottets
1027 1600 138 40 vägnar:

658 1684 151 33 DAYID
843 1684 213 33 NORMAN.

159 2505 118 36 Bihang
300 2507 44 28 till
366 2506 169 35 riksdagens
555 2506 142 36 protokoll
722 2506 89 28 1940.
858 2507 17 26 9
898 2506 83 28 saml.
1027 2508 20 25 2
1069 2506 63 28 avd.
1179 2506 47 29 Nr
1248 2507 48 27 40.
1473 2514 53 18 1290
1538 2514 26 18 40
