1874 2834
275 180 37 29 10
645 186 392 37 Bevillningsutskottets
1059 190 219 32 betänkande
1296 192 49 31 Nr
1373 194 28 29 6.

1645 278 9 10 o

319 267 171 31 Utskottet
515 268 57 31 vill
597 269 113 31 erinra
733 270 133 37 därom,
892 275 47 28 att
964 272 120 37 frågan
1109 284 58 20 om
1192 274 225 38 borttagande
1443 286 42 21 av
1508 278 108 30 tullen
1640 289 20 20 å
1682 279 97 30 niko-

274 317 49 31 tin
347 319 39 29 är
410 317 145 32 föremål
581 319 52 31 för
662 320 121 37 Kungl.
810 321 118 37 Maj:ts
953 324 169 37 prövning
1146 333 124 28 genom
1295 336 42 21 en
1362 336 41 21 av
1431 327 246 33 Kristianstads
1704 330 75 30 läns

278 367 370 33 fruktodlareförbund
677 371 101 36 gjord
806 372 256 38 framställning
1091 375 10 29 i
1129 376 126 37 ämnet,
1284 377 115 30 vilken
1427 378 257 38 framställning
1716 381 66 30 vad

276 418 248 37 motiveringen
548 421 171 31 beträffar
743 422 70 30 helt
837 424 309 32 överensstämmer
1170 427 80 30 med
1273 427 235 37 föreliggande
1532 430 181 32 motioner.

317 469 95 31 Efter
433 470 120 31 remiss
575 472 89 30 hava
688 472 200 32 utlåtanden
909 476 80 30 över
1011 475 145 32 berörda
1178 476 254 39 framställning
1456 480 141 36 avgivits
1620 490 40 21 av
1681 483 97 29 kom-

274 521 278 36 merskollegium
581 523 64 29 och
676 524 368 37 generaltullstyrelsen
1073 532 213 31 gemensamt
1316 530 163 30 ävensom
1510 540 40 21 av
1582 532 195 31 lantbruks-

273 571 173 36 styrelsen.
493 572 13 29 I
531 573 138 30 ärendet
693 572 179 39 föreligger
895 576 84 30 även
1002 579 46 28 ett
1071 586 40 21 av
1134 578 364 39 kommerskollegium
1522 581 78 32 från
1624 582 154 37 Sveriges

272 620 156 32 kemiska
451 621 275 33 industrikontor
749 624 170 32 infordrat
942 628 167 35 yttrande.

315 721 369 39 Kommerskollegium
713 726 64 29 och
802 727 367 37 generaltullstyrelsen
1195 730 90 31 hava
1311 731 106 31 bland
1442 737 107 26 annat
1573 734 115 31 anfört
1714 735 61 30 föl-

270 771 114 37 jande:

319 830 133 37 »Enligt
479 833 66 29 vad
571 833 262 32 ämbetsverken
860 835 172 32 inhämtat
1058 837 233 33 förekommer
1316 840 75 31 icke
1417 841 114 37 någon
1559 842 220 38 tillverkning

273 881 41 21 av
335 873 134 30 nikotin
492 873 53 31 för
565 876 217 31 närvarande
803 877 93 31 inom
917 878 125 37 landet,
1064 881 64 29 och
1151 890 83 21 man
1253 883 97 30 torde
1370 883 31 36 ej
1426 884 105 31 heller
1552 885 89 31 hava
1663 886 115 31 anled-

272 914 81 37 ning
386 919 135 33 antaga,
552 920 48 27 att
630 917 114 37 någon
776 919 107 30 sådan
913 921 220 38 tillverkning
1162 924 110 30 under
1301 927 202 30 nuvarande
1535 927 244 33 förhållanden

268 957 157 30 kommer
445 961 49 27 att
514 962 176 34 upptagas.
713 961 57 29 Ett
790 962 232 36 upphävande
1043 973 41 20 av
1104 965 106 29 tullen
1230 965 20 30 å
1268 967 134 30 nikotin
1424 977 100 27 synes
1545 970 121 31 därför
1684 972 10 29 i
1710 972 65 30 och

270 998 52 31 för
345 999 49 37 sig
417 1000 75 30 icke
516 1001 131 31 behöva
670 1002 78 36 giva
771 1004 184 37 anledning
978 1005 50 30 till
1051 1005 282 38 betänkligheter.

314 1042 152 36 Sveriges
490 1043 155 31 kemiska
668 1044 274 32 industrikontor
966 1047 62 30 har
1050 1049 189 31 emellertid
1264 1049 201 39 framhållit,
1491 1056 48 27 att
1565 1053 89 32 vissa
1678 1055 97 30 niko-

269 1083 179 37 tinhaltiga
471 1089 172 33 preparat,
667 1088 149 30 avsedda
840 1091 48 27 att
912 1090 176 30 användas
1112 1090 53 31 för
1187 1091 242 38 bekämpande
1453 1104 41 20 av
1519 1095 257 32 skadeinsekter

270 1127 63 29 och
355 1127 108 36 ohyra
484 1138 44 19 m.
550 1138 55 26 m,,
628 1128 209 32 framställas
860 1131 93 30 inom
976 1132 114 31 landet
1112 1134 64 29 och
1199 1137 47 27 att
1267 1135 55 30 det
1343 1137 200 31 nuvarande
1564 1138 212 37 tullskyddet

270 1178 78 21 vore
370 1169 174 37 behövligt
565 1170 53 31 för
640 1174 48 27 att
713 1171 298 38 framställningen
1034 1184 41 20 av
1098 1175 117 37 dylika
1237 1178 189 34 produkter
1448 1180 110 30 skulle
1579 1181 119 31 kunna
1720 1182 55 30 be-

271 1210 59 31 stå.
377 1211 115 37 Enligt
515 1212 325 32 industrikontorets
862 1216 138 36 mening
1022 1217 113 31 talade
1160 1218 86 31 även
1269 1219 90 31 vissa
1383 1220 74 31 skäl
1480 1220 54 31 för
1559 1225 47 28 att
1630 1223 67 31 alla
1720 1223 56 31 be-

266 1253 185 36 redningar
472 1264 42 20 av
535 1255 133 30 nikotin
687 1257 98 29 bleve
804 1256 174 32 likställda
1000 1259 9 29 i
1030 1259 262 32 tullhänseende
1313 1263 65 29 och
1400 1264 138 30 särskilt
1559 1266 214 30 omnämnda

268 1297 9 28 i
300 1295 91 31 förut
413 1296 147 31 berörda
583 1298 184 31 tulltaxenr
792 1299 72 31 223.

307 1338 14 30 I
346 1339 188 37 anledning
559 1349 42 21 av
621 1341 68 30 vad
715 1341 308 32 industrikontoret
1051 1342 146 32 sålunda
1225 1344 201 39 framhållit,
1454 1346 36 31 få
1512 1348 263 31 ämbetsverken

265 1380 167 35 meddela,
454 1384 49 27 att
523 1382 259 36 nikotinhaltigt
802 1392 132 28 papper
953 1385 199 31 tulltaxeras
1177 1385 114 32 såsom
1308 1388 231 36 impregnerat
1559 1400 133 27 papper
1714 1402 58 20 en-

264 1422 58 37 ligt
355 1423 186 31 tulltaxenr
574 1425 61 30 371
676 1423 193 39 (statistiskt
896 1435 41 21 nr
971 1425 75 40 841)
1085 1429 79 30 med
1184 1429 63 30 tull
1271 1439 42 21 av
1336 1431 41 30 20
1400 1431 138 37 kronor,
1561 1433 81 29 eller
1660 1432 114 32 såsom

264 1467 269 34 pappersarbete
550 1467 104 36 enligt
671 1469 185 28 tulltaxenr
874 1469 61 29 387
961 1470 191 32 (statistiskt
1171 1481 42 19 nr
1232 1471 91 36 877),
1342 1474 79 29 med
1440 1475 63 28 tull
1522 1484 41 20 av
1583 1476 40 29 50
1642 1477 130 29 kronor

262 1506 54 31 för
341 1508 60 29 100
425 1507 179 37 kilogram.
651 1508 253 40 Nikotinhaltig
927 1508 83 38 såpa
1032 1512 164 31 hänföres
1215 1512 50 31 till
1288 1513 184 32 tulltaxenr
1496 1516 173 30 268—270
1695 1516 78 38 (sta-

261 1548 125 33 tistiskt
404 1559 41 20 nr
466 1550 186 38 601—603)
679 1552 65 30 och
763 1553 155 36 belägges
940 1555 78 29 med
1041 1564 42 20 en
1106 1556 61 29 tull
1192 1564 42 21 av
1261 1557 38 29 10
1323 1556 129 32 kronor
1472 1559 81 29 eller
1580 1558 38 30 15
1644 1559 129 30 kronor

264 1591 54 30 för
350 1593 60 28 100
439 1593 170 35 kilogram
638 1594 60 30 allt
724 1594 87 30 efter
839 1605 124 20 varans
991 1597 194 30 konsistens
1216 1599 64 29 och
1311 1599 292 37 förpackningens
1632 1603 136 29 storlek.

262 1633 264 38 Nikotinhaltigt
556 1635 118 37 puder,
708 1636 245 38 nikotinhaltig
984 1638 130 36 vätska,
1148 1639 199 36 rökgubbar
1379 1642 64 29 och
1477 1643 186 36 rökpulver
1693 1643 79 30 med

262 1676 132 30 nikotin
419 1681 89 27 samt
537 1678 117 36 övriga
683 1679 118 36 dylika
825 1679 238 37 beredningar,
1095 1680 245 33 innehållande
1372 1684 144 35 nikotin,
1547 1685 84 29 falla
1661 1686 111 29 under

262 1718 331 37 samlingsrubriken
612 1720 54 30 för
683 1721 9 29 i
706 1721 169 30 tulltaxan
893 1721 30 37 ej
942 1723 137 30 särskilt
1096 1724 153 30 nämnda
1269 1725 156 31 kemiska
1445 1729 171 33 preparat,
1636 1736 41 20 nr
1697 1728 73 30 223.

304 1801 109 32 Såvitt
436 1803 268 31 ämbetsverken
724 1804 119 32 kunna
865 1806 147 31 bedöma
1033 1806 171 37 förtjänar
1226 1807 93 32 såväl
1340 1810 65 29 den
1422 1809 121 37 gjorda
1563 1811 207 30 hemställan

260 1853 56 21 om
340 1845 227 36 borttagande
591 1855 42 21 av
660 1847 107 30 tullen
794 1846 20 31 å
841 1848 134 30 nikotin
1003 1857 72 22 som
1096 1848 56 32 det
1178 1857 41 21 av
1245 1849 309 34 industrikontoret
1575 1852 195 31 framförda

260 1886 212 32 önskemålet
499 1898 56 20 om
582 1887 243 32 bibehållande
845 1898 42 22 av
911 1890 210 37 tullskyddet
1146 1891 54 31 för
1220 1891 264 38 tillverkningen
1508 1904 42 21 av
1576 1894 194 31 nikotinbe-

258 1928 184 37 redningar
462 1933 48 27 att
533 1931 153 30 beaktas.
727 1931 312 32 Industrikontoret
1060 1932 63 30 har
1144 1933 185 33 framställt
1346 1936 56 30 det
1425 1936 172 36 förslaget,
1622 1940 48 28 att
1692 1938 77 29 tull-

259 1970 103 31 frihet
383 1972 111 30 skulle
512 1972 174 37 medgivas
705 1973 55 30 för
781 1973 240 32 koncentrerat
1041 1975 144 37 nikotin,
1207 1978 140 30 varmed
1365 1979 107 30 borde
1488 1977 125 31 förstås
1631 1979 137 36 95-pro-

258 2013 111 36 centig
389 2022 92 27 vara,
505 2014 113 30 vilken
639 2014 185 38 lämpligen
846 2016 116 31 kunde
978 2019 169 34 upptagas
1170 2019 9 29 i
1202 2019 185 31 tulltaxenr
1408 2021 72 34 206,
1506 2030 74 21 som
1603 2021 166 30 omfattar

258 2054 179 37 anilinolja
458 2056 64 30 och
544 2056 88 32 vissa
649 2057 111 30 andra
780 2057 164 32 liknande
966 2059 188 37 produkter
1175 2062 79 29 med
1276 2061 179 31 tullfrihet.
1499 2063 64 31 Det
1583 2062 57 30 vill
1665 2072 103 28 synas

259 2105 72 22 som
352 2107 56 20 om
422 2102 46 27 ett
486 2097 123 32 sådant
627 2099 227 37 medgivande
868 2100 110 31 skulle
997 2102 178 36 tillgodose
1195 2102 93 31 såväl
1309 2104 277 41 fruktodlingens
1606 2114 74 21 som
1701 2106 67 30 den

258 2139 323 32 kemiskt-tekniska
614 2141 209 31 industriens
852 2143 166 30 intressen
1046 2144 10 29 i
1087 2144 229 32 förevarande
1345 2145 107 37 fråga.
1506 2147 71 30 Mot
1605 2156 42 21 en
1671 2148 96 36 dylik

257 2179 134 39 lösning
415 2181 120 31 kunna
559 2182 198 38 visserligen
783 2192 93 23 resas
904 2183 253 39 invändningar
1183 2196 41 20 ur
1250 2188 202 31 tullteknisk
1479 2189 188 36 synpunkt,
1688 2199 80 20 men

257 2223 97 30 dessa
375 2223 254 38 invändningar
650 2226 98 30 torde
765 2227 77 30 med
866 2226 136 38 hänsyn
1019 2229 49 29 till
1089 2229 41 29 de
1153 2229 177 36 intressen,
1353 2240 74 21 som
1451 2231 9 30 i
1482 2231 109 36 övrigt
1610 2231 83 35 göra
1718 2232 50 35 sig

257 2265 166 36 gällande,
442 2266 75 31 icke
541 2267 83 30 böra
648 2267 165 31 tillmätas
837 2269 195 35 avgörande
1056 2269 183 37 betydelse.

300 2306 119 38 Någon
438 2307 108 31 sådan
568 2309 147 38 ändring
736 2318 42 21 av
802 2311 187 31 tulltaxans
1010 2312 258 31 bestämmelser
1289 2314 10 30 i
1324 2313 98 38 fråga
1446 2324 56 21 om
1525 2314 240 38 beredningar,

256 2349 244 32 innehållande
517 2351 143 37 nikotin,
680 2361 75 21 som
769 2353 308 32 industrikontoret
1093 2353 190 38 ifrågasatt,
1302 2365 100 27 synes
1414 2357 88 30 dock
1519 2357 74 30 icke
1607 2365 84 23 vara
1708 2356 57 39 på-

255 2390 125 32 kallad.
426 2392 121 32 Därest
570 2394 215 31 tullfriheten
807 2396 96 30 bleve
920 2395 192 37 begränsad
1133 2396 51 31 till
1205 2399 48 29 att
1269 2398 90 35 gälla
1380 2399 121 30 endast
1523 2399 243 30 koncentrerat

255 2433 143 36 nikotin,
416 2435 139 31 komme
570 2436 104 36 enligt
686 2437 281 31 ämbetsverkens
984 2438 227 32 förmenande
1228 2440 65 30 den
1310 2441 74 29 icke
1397 2441 272 30 koncentrerade
1688 2449 76 29 pro-

255 2474 128 32 dukten
402 2476 125 31 liksom
551 2478 86 30 även
662 2478 232 37 blandningar
919 2481 65 29 och
1006 2480 238 37 beredningar,
1268 2481 219 32 innehållade
1513 2483 143 34 nikotin,
1683 2485 48 28 att
1756 2483 9 29 i
