2063 2749
298 212 38 34 16
720 217 127 33 Banko-
858 217 160 35 Utskottets
1049 219 169 34 Utlåtande
1243 220 64 34 N:o
1332 224 49 29 13.

330 296 35 47 a)
394 296 197 37 metalliska
621 297 127 38 kassan
764 299 111 49 enligt
897 301 127 36 nästfö-
1058 292 8 64 =
1079 302 200 49 lioräkning
1314 303 225 37 innestående
1572 306 123 46 medel,
1724 307 120 37 äfven-

252 348 173 48 regående
453 350 36 47 8;
1080 367 71 24 som
1181 355 38 36 af
1244 360 167 43 outtagna
1440 357 144 36 andelar
1612 359 38 35 af
1673 359 171 48 beviljade

332 402 37 47 b)
396 402 45 48 på
468 402 136 37 utrikes
632 408 54 32 ort
706 405 138 36 nedsatt
859 405 84 36 eller
959 419 62 23 un-
1075 407 267 39 kassakreditiv.

252 454 61 36 der
355 458 178 45 transport
573 456 153 36 derifrån
755 459 154 35 varande
938 460 83 47 guld

251 506 65 36 och
358 506 119 37 silfver
510 508 11 35 i
550 510 142 47 myntad
735 510 83 36 eller
860 512 161 48 omyntad

251 559 103 47 form;
384 560 63 35 och

331 611 31 51 c)
392 613 110 35 andra
530 613 63 36 hos
622 615 336 50 bankinrättningar
973 618 48 36 el-

250 665 57 35 ler.
329 665 215 37 handelshus
576 666 20 36 å
625 668 132 37 utrikes
786 674 54 31 ort
867 670 152 37 innestå-

250 717 87 36 ende
365 718 121 36 medel.

380 820 202 38 Stockholm
611 823 65 37 den
709 825 46 35 24
785 825 100 49 April
922 830 103 34 1877.

814 983 51 36 På
894 984 197 38 Utskottets
1120 991 150 44 vägnar:

887 1141 31 39 J.
947 1141 32 38 J.
1010 1143 185 37 EKMAN.

865 1612 347 40 Reservationer:

370 1713 38 36 af
439 1713 93 37 Herr
560 1712 209 39 Gumeelius:
799 1717 73 37 "De
900 1719 86 35 efter
1016 1720 70 35 min
1116 1721 223 48 uppfattning
1367 1721 257 49 betänkligaste
1666 1724 162 47 felaktig-

239 1764 147 36 heterna
414 1766 11 35 i
453 1779 45 22 nu
535 1767 165 46 gällande
728 1771 153 44 grunder
916 1771 51 35 för
1007 1772 247 37 Riksbankens
1291 1773 283 49 sedelutgifning,
1616 1776 130 35 sådana
1788 1777 40 34 de

239 1816 111 36 finnas
381 1817 175 37 bestämda
584 1820 11 34 i
625 1820 362 48 bankoreglementets
1015 1824 40 46 $$
1086 1828 19 32 5
1135 1825 64 35 och
1230 1828 32 45 6,
1292 1830 72 31 äro:

367 1874 51 31 att
446 1870 118 36 silfver
591 1875 93 32 ännu
720 1879 170 42 upptages
927 1875 112 35 såsom
1068 1877 112 46 grund
1209 1878 53 35 för
1290 1879 175 46 utgifning
1493 1879 39 35 af
1555 1880 115 35 sedlar
1698 1884 49 31 att
1776 1880 51 35 in-

239 1921 91 35 lösas
359 1922 76 35 med
466 1922 98 48 guld;

368 1977 50 32 att
445 1975 115 35 trettio
588 1976 173 36 millioner
790 1979 142 35 "sväfva
960 1980 10 34 i
998 1980 129 35 luften"
1158 1987 81 30 utan
1268 1983 156 47 angifvet
1449 1984 169 46 underlag
1645 1985 63 35 och
1732 1985 95 47 gifva

237 2024 36 35 åt
302 2025 248 37 Riksbankens
578 2028 271 49 sedelutgifning
877 2035 47 31 ett
952 2032 10 35 i
990 2032 100 36 forna
1119 2034 88 35 tider
1235 2035 56 35 må
1318 2034 117 36 hända
1453 2037 220 47 berättigadt,
1695 2049 75 23 men
1783 2036 44 48 på

243 2078 199 36 1870-talet
483 2079 202 48 visserligen
727 2084 159 34 orättvist
926 2084 85 35 sken
1042 2085 37 34 af
1102 2086 133 36 mindre
1263 2087 136 47 fasthet,
1429 2092 44 31 än
1502 2101 73 23 som
1602 2089 186 35 innefattas
1817 2089 7 34 i

244 2131 94 35 1874
366 2130 56 36 års
451 2131 171 48 banklags
646 2136 245 35 motsvarande
921 2136 259 38 bestämmelser
1207 2139 52 36 för
1288 2140 41 35 de
1357 2140 158 36 enskilda
1539 2140 162 37 bankerna
1719 2145 107 43 ;samt

365 2186 50 32 att
443 2183 111 35 såsom
583 2185 172 46 ingående
783 2188 11 34 i
823 2188 282 37 "sedelstocken"
1134 2191 144 48 origtigt
1301 2193 158 45 angifvas
1488 2193 205 36 foliomedel.

359 2234 129 47 Villigt
529 2237 251 48 medgifvande,
823 2243 50 31 att
912 2240 199 37 Utskottets
1152 2244 155 46 yrkande
1344 2244 87 36 både
1454 2245 11 34 i
1492 2245 87 35 form
1609 2245 63 36 och
1702 2246 61 34 sak
1787 2249 37 31 är

235 2285 105 47 något
368 2287 114 35 bättre
516 2292 43 31 än
590 2289 42 34 de
661 2292 200 34 nuvarande
896 2292 179 36 ohållbara
1099 2296 251 47 stadgandena,
1379 2297 55 34 må
1456 2297 63 47 jag
1548 2298 87 35 dock
1665 2297 158 46 beklaga,

234 2342 51 31 att
323 2338 56 36 det
420 2351 133 24 samma
588 2341 84 35 efter
706 2343 71 35 min
808 2345 139 46 mening
976 2349 92 31 ännu
1098 2350 39 31 är
1165 2348 179 36 behäftadt
1372 2349 75 34 med
1478 2349 194 46 väsentliga
1700 2349 124 35 brister

233 2390 24 46 (G
295 2390 99 47 fråga
436 2404 53 22 om
534 2392 111 36 silfret
686 2394 63 35 och
790 2407 53 23 om
874 2396 41 35 de
952 2398 113 34 trettio
1099 2399 243 49 millionerna),
1370 2401 139 35 hvadan
1538 2402 58 34 det
1622 2402 75 34 icke
1726 2401 96 34 torde
