1870 2820
520 129 113 28 Första
657 130 222 33 lagutskotltets
903 133 163 29 utlåtande
1090 134 47 27 Nr
1166 136 53 28 14.
1586 140 37 31 15

793 508 59 39 Nr
880 509 60 39 14.

402 654 117 28 Ankom
543 656 46 27 till
612 656 172 34 riksdagens
807 658 96 28 kansli
927 659 57 27 den
1009 661 37 26 24
1070 660 130 28 februari
1225 662 79 28 1928
1328 662 38 27 kl.
1395 664 75 27 12.30
1493 673 24 18 e.
1542 674 38 18 m.

335 776 181 33 Utlåtande
535 779 12 30 i
564 778 180 39 anledning
763 791 40 20 av
821 781 101 31 väckt
940 783 124 30 motion
1083 793 51 20 om
1154 783 222 37 upphävande
1394 795 41 21 av
1453 784 98 39 lagen
1568 797 52 20 om

554 828 190 37 upplåtelse
768 829 105 33 under
898 831 133 32 åborätt
1057 843 40 21 av
1123 834 71 30 viss
1218 833 75 38 jord
1319 834 74 32 med
1420 835 200 32 tillhörande

555 878 347 40 följdförfattningar.

157 1017 18 33 I
199 1030 39 21 en
260 1018 88 33 inom
370 1019 105 33 andra
496 1019 194 34 kammaren
713 1021 112 40 väckt,
847 1023 55 31 till
925 1023 190 38 lagutskott
1138 1025 164 33 hänvisad
1325 1026 134 41 motion,
1483 1039 39 20 nr
1545 1028 75 37 369,

109 1067 115 34 vilken
246 1068 196 34 behandlats
464 1082 42 21 av
528 1070 108 34 första
657 1071 234 42 lagutskottet,
913 1073 88 33 hava
1023 1074 116 32 herrar
1162 1075 176 33 Anderson
1359 1077 12 31 i
1396 1076 223 40 Storegården

111 1119 61 32 och
193 1120 177 33 Petersson
394 1121 12 32 i
430 1120 240 41 Lerbäcksbyn
693 1122 183 42 hemställt,
899 1127 52 29 att
976 1125 181 38 riksdagen
1178 1126 81 33 ville
1282 1127 140 40 besluta,
1447 1131 51 29 att
1521 1128 98 38 lagen

110 1169 62 33 den
190 1172 20 30 4
227 1170 72 38 juni
318 1172 85 32 1926
422 1183 51 21 om
490 1172 189 38 upplåtelse
696 1174 105 32 under
817 1174 134 33 åborätt
969 1187 43 20 av
1028 1176 70 32 viss
1116 1176 74 38 jord
1207 1178 74 32 med
1297 1178 201 33 tillhörande
1517 1179 100 38 följd-

109 1220 248 39 författningar
380 1221 89 33 skall
491 1223 151 38 upphöra
665 1227 52 29 att
741 1224 92 39 gälla
859 1226 79 31 från
963 1226 60 32 och
1047 1227 74 32 med
1147 1228 61 31 den
1233 1229 17 30 1
1275 1228 63 38 juli
1363 1230 95 38 1928,
1483 1230 60 32 och
1566 1233 51 29 att

109 1270 40 32 de
170 1270 98 39 lagar
291 1273 60 31 och
373 1272 256 41 författningar,
651 1274 13 32 i
685 1274 94 33 vilka
802 1276 106 38 sagda
931 1276 58 38 lag
1011 1276 162 34 föranlett
1195 1278 183 39 ändringar
1399 1280 60 32 och
1481 1276 135 46 tillägg,

111 1320 95 33 skola
227 1322 192 33 återställas
439 1323 12 31 i
474 1324 54 32 det
548 1324 96 33 skick
665 1325 40 32 de
725 1326 85 32 hade
832 1326 74 33 före
926 1327 179 38 åbolagens
1127 1328 188 33 införande.

154 1371 224 34 Beträffande
403 1373 39 32 de
468 1373 84 39 skäl,
578 1375 246 32 motionärerna
849 1376 116 32 anfört
988 1377 55 32 till
1068 1378 74 32 stöd
1168 1378 54 32 för
1249 1379 51 32 sin
1324 1379 211 41 hemställan,
1562 1381 56 31 får

107 1421 166 33 utskottet
293 1422 141 34 hänvisa
455 1424 54 32 till
531 1425 177 33 motionen.

154 1497 74 33 Den
254 1500 20 30 4
298 1498 73 39 juni
397 1500 85 32 1926
506 1500 198 33 utfärdades
728 1501 58 39 lag
810 1513 52 21 om
886 1502 189 39 upplåtelse
1101 1504 105 33 under
1230 1504 132 33 åborätt
1385 1517 42 20 av
1449 1506 69 32 viss
1544 1506 74 38 jord

109 1552 155 28 ävensom
290 1549 176 39 åtskilliga
489 1550 105 33 andra
619 1551 107 40 lagar,
751 1552 233 34 innefattande
1008 1566 42 20 av
1076 1554 163 39 åbolagen
1263 1555 196 34 föranledda
1484 1557 132 32 ändrin-

109 1609 64 27 gar
193 1600 12 31 i
226 1599 91 33 vissa
338 1600 257 39 författningar.
638 1602 75 32 Den
737 1604 39 31 17
798 1603 169 33 december
989 1605 84 32 1926
1096 1605 182 34 utfärdade
1299 1606 128 39 Kungl.
1449 1607 102 38 Maj:t
1570 1608 48 32 vi-

106 1649 79 33 dare
204 1649 70 33 dels
292 1662 40 20 en
349 1650 197 40 förordning
562 1653 173 38 angående
752 1654 146 38 grunder
916 1654 54 32 för
987 1655 206 38 upplåtande
1213 1656 76 33 från
1306 1657 92 32 vissa
1413 1658 201 39 kronoegen-

110 1699 115 32 domar
247 1712 43 20 av
310 1700 374 40 jordbrukslägenheter
705 1704 105 32 under
830 1704 134 33 åborätt
985 1705 106 39 enligt
1113 1706 99 38 lagen
1234 1718 51 21 om
1305 1708 189 38 upplåtelse
1514 1709 105 32 under

107 1749 134 34 åborätt
262 1762 43 21 av
323 1752 70 32 viss
413 1752 74 38 jord
509 1757 87 28 samt
615 1765 43 21 av
678 1754 383 41 egnahemslägenheter,
1084 1756 70 33 dels
1176 1769 40 20 en
1235 1757 199 39 kungörelse
1454 1760 74 32 med
1548 1759 68 33 till-

108 1799 410 41 lämpningsföreskrifter
539 1804 54 32 till
615 1804 172 40 åbolagen,
811 1806 70 32 dels
905 1806 61 32 ock
987 1819 39 20 en
1047 1807 201 38 kungörelse
1270 1809 73 32 med
1366 1805 247 47 tillämpnings-

110 1851 217 33 föreskrifter
349 1853 55 32 till
428 1854 227 38 nyssnämnda
682 1855 209 39 förordning.
940 1855 167 40 Samtliga
1132 1870 45 20 nu
1202 1859 143 32 nämnda
1371 1859 247 39 författningar

108 1902 117 33 trädde
253 1903 13 32 i
293 1903 96 33 kraft
417 1904 61 32 den
505 1906 17 30 1
551 1904 134 39 januari
715 1907 96 32 1927.
860 1906 51 33 De
937 1907 12 31 i
977 1907 225 39 nyssberörda
1229 1909 197 40 förordning
1453 1911 162 38 stadgade

106 1953 148 37 grunder
275 1953 54 33 för
347 1953 209 39 lägenheters
576 1955 207 39 upplåtande
801 1957 87 32 hava
909 1970 42 20 av
971 1958 181 39 riksdagen
1173 1960 39 31 år
1232 1961 84 32 1926
1336 1960 87 33 efter
1442 1961 113 32 därom
1574 1973 42 20 av

110 2003 130 39 Kungl.
265 2004 102 39 Maj:t
402 2005 13 32 i
440 2006 207 38 proposition
671 2018 40 20 nr
736 2008 41 31 24
802 2007 165 39 framlagt
992 2009 131 38 förslag
1160 2010 177 40 godkänts,
1361 2015 150 29 varemot
1533 2012 83 32 kun-

108 2054 191 37 görelserna
317 2056 74 31 med
408 2055 453 40 tillämpningsföreskrifter
877 2058 75 33 icke
968 2060 90 32 varit
1075 2060 141 32 föremål
1234 2061 53 32 för
1306 2061 196 39 riksdagens
1521 2068 95 33 pröv-

108 2116 93 27 ning.

152 2179 67 34 Det
243 2180 111 34 arbete
376 2182 74 33 med
472 2182 186 39 åtföljande
682 2183 190 41 kostnader,
897 2197 69 20 som
990 2185 323 35 åborättsinstitutet
1335 2188 107 39 enligt
1463 2189 65 32 vad
1550 2201 65 20 mo-

107 2230 191 34 tionärerna
320 2232 181 33 framhålla
523 2234 141 39 medför,
687 2235 93 32 torde
801 2235 211 39 väsentligen
1033 2248 83 21 vara
1140 2238 162 33 föranlett
1322 2250 43 20 av
1387 2239 229 38 stadgandena

107 2292 52 21 om
176 2282 341 40 åborättsvärdering.
557 2284 127 33 Härom
701 2285 203 34 föreskrives
920 2287 12 31 i
950 2288 19 31 3
987 2288 60 32 och
1064 2289 20 30 4
1103 2287 40 40 8$
1161 2288 12 32 i
1191 2288 237 39 förordningen
1444 2290 171 38 angående

106 2332 147 38 grunder
278 2333 54 33 för
353 2334 206 38 upplåtande
583 2347 43 21 av
648 2335 192 39 lägenheter
862 2337 102 33 bland
988 2342 113 36 annat,
1126 2343 51 28 att
1200 2339 130 39 förslag
1351 2340 55 32 till
1428 2341 187 38 upplåtelse

107 2394 43 21 av
167 2383 374 40 jordbrukslägenheter
560 2386 78 32 från
655 2386 265 39 kronoegendom
939 2388 88 33 skall
1045 2389 54 32 för
1117 2390 94 38 varje
1229 2391 104 32 sådan
1352 2391 156 39 lägenhet
1525 2392 90 32 inne-

107 2433 92 34 hålla
227 2435 179 39 utredning
433 2437 60 32 och
521 2437 168 41 yttrande,
718 2438 166 33 huruvida
911 2439 197 38 lägenheten
1135 2440 59 33 bör
1221 2441 156 39 upplåtas
1404 2443 107 31 såsom
1539 2443 75 32 åbo-

1670 1508 130 37 Åbolagen

1688 1555 34 17 m.
1740 1555 35 17 m.

1662 2190 130 30 Åborätts-

1659 2229 142 32 värdering.
