2194 2668
739 163 278 33 Bankoutskottets
1046 162 168 34 Utlåtande
1235 163 53 32 Nr
1311 165 52 31 20.
1741 163 63 33 223

382 244 237 50 Visserligen
639 244 75 36 kan
734 244 85 36 med
840 244 67 49 fog
926 249 123 44 sägas,
1071 247 66 44 att,
1158 248 68 31 när
1245 256 46 23 en
1306 243 241 49 statstjänare
1562 245 95 36 efter
1671 245 178 58 uppnådd

253 297 287 50 pensionsålder
569 296 211 38 tillerkänts
809 297 139 36 honom
976 272 371 73 författningsenligt
1374 296 284 38 tillkommande
1677 297 171 49 pension,

253 355 120 31 staten
402 350 83 36 icke
513 349 130 37 vidare
672 352 76 34 står
775 349 12 36 i
815 352 128 45 någon
971 348 229 37 förbindelse
1227 348 58 36 till
1312 349 150 36 honom.
1518 348 88 38 Men
1633 350 13 36 i
1673 363 51 22 nu
1752 349 97 37 före-

253 403 164 36 varande
458 402 66 36 fall
566 401 209 49 föreligger
817 407 54 31 ett
904 401 152 37 alldeles
1085 401 178 36 särskildt
1292 401 249 36 förhållande:
1572 402 62 37 det
1661 402 188 49 utgående

253 455 361 48 pensionsbeloppet
642 459 41 31 är
711 457 40 33 så
778 454 121 47 ringa,
929 458 54 31 att
1011 453 63 36 det
1102 466 155 23 numera
1285 455 121 34 måste
1436 466 108 23 anses
1572 457 130 46 uppgå
1729 454 32 48 ej
1783 468 66 22 ens

253 507 58 36 till
339 506 377 37 existensminimum.
772 506 68 36 Ått
868 511 124 31 staten
1021 506 46 36 då
1094 505 68 37 bör
1186 505 106 36 träda
1312 505 170 48 emellan,
1502 505 60 37 för
1582 511 54 32 att
1657 506 194 37 förhindra

254 564 54 31 att
337 560 73 36 den
437 558 273 50 pensionerade
740 558 268 48 statstjänaren
1035 558 94 36 lider
1156 558 87 47 nöd,
1272 558 108 36 torde
1408 558 37 36 få
1472 571 110 24 anses
1612 559 142 49 skäligt
1780 560 71 36 och

253 611 153 49 rimligt.
463 611 73 36 Det
578 615 41 32 är
656 611 86 36 med
770 611 124 36 denna
922 610 193 50 synpunkt
1143 611 58 35 för
1229 615 162 43 ögonen,
1421 623 81 23 som
1524 610 72 50 jag
1623 584 121 81 finner
1771 612 81 49 mig

252 663 93 36 böra
373 664 150 47 föreslå,
553 668 54 32 att
636 676 51 23 nu
715 663 290 48 ifrågavarande
1034 662 202 36 afskedade
1253 639 196 71 kronojäg
1440 676 76 23 rare
1543 663 156 37 beredes
1723 666 129 46 någon

253 716 224 36 ekonomisk
504 716 104 48 hjälp
637 692 176 59 utöfver
816 728 50 23 nu
894 714 191 49 utgående
1112 714 170 49 pension.

384 767 131 37 Såsom
545 767 273 37 statskontoret
843 767 176 49 påpekat,
1049 771 40 31 är
1117 767 69 35 här
1213 766 108 49 fråga
1349 780 60 22 om
1434 770 63 33 två
1515 780 168 36 grupper
1701 768 150 49 pensio-

253 820 140 36 nerade
434 820 269 48 kronojägare:
734 819 78 37 dels
840 819 151 48 sådana,
1021 832 82 23 som
1130 798 164 56 erhållit
1308 818 130 37 afsked
1468 819 84 36 med
1580 819 161 49 pension
1769 820 83 36 från

255 872 189 36 allmänna
484 872 382 48 indragningsstaten
907 871 57 36 till
983 848 162 72 "belopp,
1174 870 297 50 understigande
1500 872 73 36 500
1601 871 151 48 kronor,
1782 873 71 36 och

256 924 79 36 dels
364 924 140 36 sådana
531 946 50 4 —
609 926 24 34 4
661 924 57 36 till
746 924 141 36 antalet
914 945 61 24 —,
1006 936 80 24 som
1116 923 119 36 under
1264 925 40 34 år
1330 924 97 35 1908
1448 923 148 37 erhållit
1616 924 131 37 afsked
1766 924 87 37 med

254 976 175 37 afkortad
448 977 160 48 pension
627 976 85 36 från
732 976 172 48 anslaget
925 976 55 36 till
999 976 272 49 pensionering
1291 976 39 35 af
1347 976 110 36 civila
1477 976 374 49 tjänstinnehafvare.

255 1028 130 49 Något
427 1029 82 36 skäl
551 1034 55 31 att
634 1028 12 36 i
674 1028 247 37 förevarande
963 1028 215 36 hänseende
1222 1027 112 59 skilja
1374 1030 48 47 på
1458 1028 107 36 dessa
1592 1031 65 33 två
1684 1042 169 45 grupper

255 1059 122 59 finner
411 1081 70 49 jag
521 1081 83 36 icke
645 1081 200 48 föreligga.
901 1080 294 49 Kronojägarna
1222 1081 12 35 i
1262 1079 95 37 båda
1385 1093 216 36 grupperna
1630 1094 113 36 synas
1772 1081 82 49 mig

255 1133 92 37 böra
387 1133 157 37 beredas
574 1133 143 57 bidrag
745 1134 40 35 af
810 1132 220 37 statsmedel
1058 1114 57 54 till
1144 1132 72 36 den
1245 1132 149 42 storlek,
1425 1138 54 31 att
1508 1133 102 36 detta
1633 1133 118 48 jämte
1781 1134 72 36 den

255 1186 190 48 utgående
473 1198 209 37 pensionen
710 1188 61 33 må
799 1185 58 36 för
884 1185 95 36 hvar
1007 1184 70 37 och
1106 1198 45 23 en
1179 1185 129 35 kunna
1336 1187 129 46 uppgå
1492 1185 56 35 till
1577 1190 55 31 ett
1658 1185 137 50 belopp
1816 1187 41 35 af

255 1237 116 49 högst
400 1239 73 35 500
501 1238 151 36 kronor.

385 1290 69 36 Att
481 1290 75 35 låta
586 1290 102 36 detta
717 1289 134 49 bidrag
878 1292 92 46 utgå
998 1288 13 36 i
1035 1289 96 36 form
1153 1288 42 36 af
1210 1288 174 49 tilläggs-
1405 1289 90 36 eller
1514 1289 339 58 fyllnadspension,

257 1344 125 34 såsom
412 1342 274 36 statskontoret
716 1342 70 36 och
814 1318 327 72 domänstyrelsen
1170 1341 206 49 föreslagit,
1404 1341 123 36 finner
1550 1355 71 35 jag
1649 1342 205 37 emellertid

257 1394 32 48 ej
333 1394 187 49 lämpligt.
577 1394 83 35 Den
701 1394 46 36 de
789 1393 202 37 afskedade
1023 1393 282 48 kronojägarna
1332 1370 287 60 tillkommande
1646 1394 210 49 pensionen

257 1451 42 31 är
339 1446 118 36 redan
500 1459 46 23 en
586 1448 105 45 gång
733 1446 58 36 för
832 1446 72 35 alla
937 1445 173 36 bestämd
1138 1446 70 35 och
1237 1445 62 36 det
1326 1445 193 37 tilltänkta
1547 1452 106 30 extra
1682 1445 174 50 bidraget

258 1498 98 35 skall
398 1511 100 23 mera
527 1498 48 35 ha
588 1475 241 59 karaktären
859 1498 40 35 af
923 1502 54 32 ett
1005 1497 183 49 tillfälligt
1216 1497 205 37 understöd
1449 1500 49 46 på
1525 1499 126 47 grund
1680 1498 41 36 af
1745 1499 109 36 deras

258 1550 214 36 nödställda
513 1549 239 49 belägenhet.
807 1549 181 49 Bidraget
1024 1550 106 36 torde
1159 1550 33 49 ej
1222 1549 119 37 heller
1368 1555 91 30 utan
1487 1526 129 61 vidare
1644 1550 91 37 böra
1763 1554 92 46 utgå

257 1602 58 35 till
357 1603 71 35 alla
471 1602 108 36 dessa
621 1602 204 36 afskedade
866 1602 262 48 kronojägare,
1166 1607 90 31 utan
1285 1602 132 36 endast
1444 1602 12 35 i
1485 1602 72 36 den
1585 1605 87 33 mån
1700 1603 45 36 de
1773 1603 82 37 visa

259 1654 61 48 sig
360 1667 90 23 vara
483 1655 12 35 1
524 1654 118 37 behof
667 1654 117 36 däraf.
839 1653 53 37 På
920 1654 124 48 grund
1072 1653 114 37 häraf
1209 1654 121 36 finner
1353 1654 71 49 jag
1452 1654 62 36 det
1541 1654 230 50 lämpligast,
1801 1661 55 31 att

260 1706 45 36 de
347 1706 247 49 erforderliga
628 1706 149 37 medlen
804 1707 183 49 uppföras
1016 1709 20 33 å
1065 1711 103 32 extra
1197 1711 73 31 stat
1298 1706 121 37 under
1446 1707 127 36 tionde
1602 1707 254 37 hufvudtiteln

259 1761 125 34 såsom
413 1764 55 31 ett
497 1759 177 36 särskildt
703 1758 299 49 förslagsanslag
1029 1759 13 35 i
1069 1758 118 37 likhet
1214 1758 85 37 med
1329 1759 62 36 det
1420 1759 40 36 af
1485 1759 273 37 statskontoret
1777 1773 79 23 om-

260 1811 167 36 nämnda
467 1811 174 48 anslaget
682 1810 59 36 till
782 1810 184 49 tillfälligt
1007 1810 208 37 understöd
1244 1813 38 33 åt
1311 1811 202 36 afskedade
1540 1811 315 38 underofficerare

261 1863 72 36 och
360 1863 212 37 vederlikar
599 1863 66 36 vid
694 1864 138 35 armén.

390 1915 241 37 Beträffande
677 1915 62 36 det
785 1914 248 49 erforderliga
1074 1915 194 48 anslagets
1310 1915 141 37 storlek
1490 1914 138 37 tillåter
1665 1916 71 48 jag
1776 1916 80 49 mig

261 1967 157 36 hänvisa
459 1966 57 37 till
558 1967 293 36 statskontorets
893 1967 129 36 därom
1059 1967 173 36 lämnade
1261 1967 215 49 utredning.
1531 1967 121 36 Däraf
1676 1968 179 49 framgår,

262 2023 55 31 att
344 2019 61 37 för
433 2019 213 37 ändamålet
674 2019 120 37 skulle
822 2019 65 36 vid
914 2018 225 50 tidpunkten
1170 2019 57 36 för
1255 2019 221 49 afgifvande
1505 2020 41 35 af
1562 2019 294 37 statskontorets

261 2071 222 37 utlåtanden
528 2072 189 36 erfordras
763 2072 56 35 till
865 2071 73 36 den
983 2083 71 24 ena
1099 2085 177 35 gruppen
1321 2072 252 49 kronojägare
1619 2076 55 32 ett
1719 2072 137 49 belopp

263 2123 41 35 af
340 2123 118 49 högst
500 2124 113 46 5,775
656 2124 141 36 kronor
833 2123 71 37 och
932 2123 56 36 till
1018 2123 72 37 den
1123 2123 118 37 andra
1269 2137 187 45 gruppen
1469 2124 118 49 högst
1615 2126 74 34 470
1718 2124 140 37 kronor

264 2175 88 37 eller
398 2176 158 48 tillhopa
599 2176 116 48 högst
757 2177 111 45 6,245
910 2175 150 37 kronor.
1128 2176 134 48 Enligt
1304 2176 99 35 hvad
1441 2176 69 49 jag
1522 2149 225 79 ”inhämtat,
1790 2177 67 35 har

265 2228 221 47 emellertid,
529 2228 116 36 sedan
687 2227 272 37 statskontoret
1001 2241 107 36 uppg
1107 2206 135 70 jorde
1259 2228 121 36 denna
1412 2227 224 50 beräkning,
1666 2206 190 71 åtskilliga

265 2278 55 36 till
350 2280 73 36 den
450 2280 104 50 förra
581 2293 177 36 gruppen
786 2279 168 37 hörande
982 2280 253 48 kronojägare
1265 2280 128 47 aflidit,
1424 2280 150 36 hvadan
1603 2282 58 35 för
1689 2284 40 33 år
1760 2259 96 58 1910
