2177 2668
710 158 275 32 Bankoutskottets
1015 158 169 32 Utlåtande
1207 159 52 31 Nr
1281 161 52 30 20.
1719 162 61 32 189

358 235 17 36 I
417 236 71 36 den
531 236 82 36 från
655 238 69 35 och
758 238 86 36 med
874 241 39 33 år
944 240 97 34 1910
1071 239 172 48 gällande
1272 239 314 49 aflöningsstaten
1614 241 57 35 för
1699 241 123 37 landt-

229 288 259 37 mäteristaten
517 289 11 36 1
557 294 153 32 orterna
737 303 89 23 vore
856 290 189 49 stadgadt,
1075 296 54 31 att
1157 291 45 37 de
1230 291 269 38 förutvarande
1520 292 245 38 innehafvare
1787 295 41 35 af

229 340 750 52 kommissionslandtmätarebefattning,
1031 343 127 37 hvilka
1203 344 82 36 icke
1331 344 142 37 erhölle
1518 345 203 37 befordran
1766 346 57 36 till

228 393 558 50 distriktslandtmätaretjänst,
816 395 119 37 skulle
964 396 116 36 varda
1108 395 215 38 bibehållna
1350 397 64 36 vid
1443 397 72 37 den
1543 402 75 32 rätt
1646 397 58 37 till
1732 412 91 35 pen-

229 445 95 46 sion,
358 458 80 23 som
468 446 133 36 hittills
630 447 217 36 tillkommit
876 447 96 36 dem.
1008 447 243 37 Sökandenas
1279 450 256 48 pensionsrätt
1563 450 121 36 skulle
1714 451 110 36 alltså

228 496 180 37 bedömas
438 498 97 36 efter
562 498 336 37 bestämmelserna
917 499 12 36 i
949 500 139 48 nådiga
1107 499 147 38 brefvet
1274 501 73 36 den
1370 503 44 33 12
1431 501 85 48 juni
1539 503 109 35 1885.
1687 502 137 37 Häruti

228 549 255 37 föreskrefves
517 553 123 34 såsom
665 551 137 36 villkor
829 552 59 35 för
916 556 54 32 att
998 552 519 37 kommissionslandtmätare
1546 553 120 37 skulle
1694 555 130 36 kunna

227 601 246 37 tillerkännas
501 607 74 32 rätt
603 603 57 36 till
688 604 172 48 pension,
890 609 54 31 att
963 604 285 37 vederbörande
1267 605 167 36 räknade
1454 606 116 36 minst
1591 608 46 34 65
1658 606 163 38 lefnads-

228 654 70 36 och
341 655 47 35 30
417 654 196 48 tjänsteår,
643 660 55 32 att
726 656 74 36 han
829 656 120 37 under
977 670 79 23 mer
1084 661 48 31 än
1161 658 46 35 25
1239 660 39 33 år
1305 658 98 35 varit
1431 657 80 37 vice
1539 658 285 38 kommissions-

228 706 250 37 landtmätare
507 707 70 37 och
605 708 519 37 kommissionslandtmätare
1158 714 98 32 samt
1282 715 54 31 att
1355 710 76 36 han
1450 710 120 37 under
1590 711 234 37 sistnämnda

228 758 54 36 tid
310 759 97 36 varit
435 760 175 36 verksam
640 763 122 34 såsom
783 761 486 49 landtmäteritjänsteman.
1308 762 53 36 På
1380 762 126 49 grund
1527 762 41 36 af
1584 763 99 36 hvad
1703 763 121 37 hand-

227 811 176 48 lingarna
431 825 60 22 om
521 813 217 36 sökandena
765 813 184 47 utvisade,
979 814 69 35 och
1077 813 47 37 då
1150 814 266 49 pensionsrum
1443 814 114 37 bland
1587 815 45 36 de
1661 816 42 35 af
1725 818 97 34 1885

228 865 58 34 års
315 863 173 49 Riksdag
507 867 20 33 å
548 864 190 37 allmänna
765 865 380 49 indragningsstaten
1174 866 186 49 uppförda
1380 868 48 34 48
1448 867 201 49 pensioner
1669 870 20 33 å
1712 869 109 47 1,600

227 915 142 36 kronor
412 916 57 36 för
508 917 520 37 kommissionslandtmätare
1069 917 59 37 för
1168 919 234 36 närvarande
1444 932 90 23 vore
1565 919 137 49 lediga,
1733 933 88 24 vore

228 967 218 37 sökandena
475 969 109 36 alltså
611 969 237 48 berättigade
875 970 58 36 till
961 969 215 37 erhållande
1205 971 41 35 af
1272 971 116 36 sådan
1416 971 170 48 pension.

357 1019 241 38 Beträffande
614 1021 331 49 framställningen
955 1022 13 35 i
979 1022 100 36 hvad
1095 1022 73 37 den
1183 1022 129 48 afsåge
1328 1022 211 37 beredande
1555 1025 37 34 åt
1605 1024 218 37 sökandena

226 1071 44 36 af
286 1072 319 49 tilläggspension
624 1073 151 37 utöfver
793 1074 166 36 nämnda
976 1074 149 49 belopp,
1144 1076 110 43 1,600
1274 1075 151 47 kronor,
1443 1080 130 44 syntes
1593 1075 227 48 densamma,

229 1123 85 37 med
342 1124 141 37 fästadt
512 1125 176 37 afseende
717 1126 101 47 därå,
849 1131 54 31 att
932 1126 217 37 sökandena
1176 1129 48 46 på
1252 1127 126 48 grund
1408 1127 40 36 af
1472 1127 59 36 för
1559 1127 78 49 hög
1656 1128 164 37 lefnads-

229 1176 101 36 ålder
357 1176 83 37 icke
468 1177 71 36 fått
564 1177 160 49 öfvergå
743 1181 48 46 på
809 1178 73 37 den
902 1192 74 35 nya
996 1178 312 49 aflöningsstaten
1331 1178 12 36 i
1363 1179 192 49 egenskap
1577 1180 40 35 af
1634 1180 187 37 distrikts-

228 1228 263 48 landtmätare,
535 1235 98 31 samt
674 1230 57 36 till
760 1230 96 48 följd
884 1230 118 49 däraf,
1032 1234 123 33 såsom
1185 1231 40 36 af
1248 1231 430 49 landtmäteristyrelsen
1707 1233 113 35 fram-

227 1279 141 48 hållits,
393 1281 159 36 kommit
571 1282 13 35 i
604 1295 48 23 en
671 1282 233 36 beträffande
924 1282 399 48 tjänsteinkomsterna
1342 1284 248 48 synnerligen
1610 1297 211 37 ogynnsam

228 1332 223 36 ekonomisk
492 1334 195 49 ställning,
730 1348 92 22 vara
861 1335 161 49 förtjänt
1050 1335 40 36 af
1114 1335 134 49 nådigt
1277 1335 187 37 afseende.
1519 1335 303 39 Vidkommande

227 1384 179 50 beloppet
426 1386 40 35 af
482 1386 367 50 tilläggspensionen
868 1387 125 37 kunde
1009 1388 273 36 statskontoret
1297 1387 209 37 emellertid
1521 1388 83 37 icke
1620 1388 201 50 tillstyrka,

228 1443 54 30 att
324 1437 103 37 detta
468 1443 116 32 sattes
621 1441 41 34 så
694 1439 107 48 högt,
830 1452 81 23 som
940 1440 41 36 af
1005 1440 164 36 nämnda
1197 1441 158 48 styrelse
1385 1440 217 49 föreslagits
1631 1440 88 37 eller
1748 1443 73 35 800

228 1489 152 46 kronor,
411 1490 248 49 hvarigenom
688 1492 58 35 för
774 1505 47 22 en
848 1492 94 36 hvar
962 1493 41 35 af
1019 1492 216 36 sökandena
1255 1492 45 36 de
1321 1492 285 48 sammanlagda
1625 1493 197 49 pensions-

227 1542 243 36 förmånerna
512 1543 120 36 skulle
673 1544 152 36 komma
854 1549 54 31 att
936 1547 129 46 uppgå
1093 1544 56 36 till
1178 1558 142 22 samma
1346 1544 150 50 belopp,
1528 1546 110 45 2,400
1668 1545 152 48 kronor,

228 1608 81 22 som
339 1594 121 37 skulle
488 1595 115 36 hafva
630 1596 219 36 tillkommit
877 1597 150 42 honom,
1058 1609 61 23 om
1139 1597 75 35 han
1233 1601 194 31 utnämnts
1447 1597 57 35 till
1524 1596 295 37 distriktslandt-

228 1650 153 32 mätare.
422 1645 71 38 Om
514 1647 367 49 tilläggspensionen
899 1648 214 37 bestämdes
1132 1648 58 36 till
1209 1650 74 34 400
1303 1649 140 35 kronor
1463 1648 70 37 och
1554 1648 61 37 det
1635 1662 186 24 samman-

228 1698 114 47 lagda
374 1699 359 50 pensionsbeloppet
762 1700 108 36 alltså
896 1700 150 36 komme
1076 1705 54 31 att
1157 1705 136 44 utgöra
1322 1702 111 46 2,000
1461 1700 151 48 kronor,
1641 1701 87 36 ville
1757 1702 64 36 det

228 1763 116 35 synas
374 1751 284 48 statskontoret,
689 1765 78 23 som
791 1765 60 23 om
872 1752 147 48 skäliga
1039 1752 163 49 anspråk
1220 1755 49 45 på
1288 1752 242 49 godtgörelse
1552 1755 37 33 åt
1608 1753 212 49 respektive

229 1801 167 36 sökande
431 1802 58 36 för
517 1803 95 36 hans
641 1804 277 36 ofvanberörda
945 1817 276 36 ogynnsamma
1249 1804 183 48 ställning
1459 1804 13 35 i
1499 1804 236 37 förhållande
1763 1806 57 35 till

229 1853 74 36 den
331 1868 75 34 nya
435 1859 123 32 staten
584 1855 125 37 blefve
738 1856 289 49 tillgodosedda.

359 1905 130 37 Under
517 1908 158 47 erinran,
699 1913 53 31 att
770 1911 118 45 något
907 1908 209 49 stadgande
1137 1921 59 23 om
1218 1908 221 49 skyldighet
1458 1908 58 36 för
1536 1907 285 39 kommissions-

228 1958 252 36 landtmätare
523 1964 53 31 att
616 1960 64 36 vid
720 1960 179 49 uppnådd
927 1960 79 36 viss
1035 1960 253 37 lefnadsålder
1317 1960 88 49 afgå
1434 1959 83 36 från
1544 1960 168 48 tjänsten
1740 1961 81 37 icke

229 2010 147 47 funnes,
419 2011 69 36 har
529 2012 274 36 statskontoret
845 2012 180 49 slutligen
1056 2013 124 48 ifråga
1208 2026 60 23 om
1297 2026 51 22 nu
1376 2012 247 36 förevarande
1651 2013 170 37 afskeds-

229 2062 259 50 ansökningar
515 2063 204 49 hemställt,
749 2065 79 36 dels
857 2064 234 37 beträffande
1115 2065 213 48 Petersson,
1350 2069 66 42 att,
1437 2063 47 37 då
1504 2064 193 37 sökanden
1717 2065 103 50 finge

230 2120 158 43 antagas
417 2116 115 35 hafva
561 2117 155 36 anhållit
741 2129 59 24 om
822 2116 130 37 afsked
972 2117 132 36 endast
1123 2117 120 36 under
1263 2115 285 49 förutsättning,
1569 2121 55 31 att
1645 2117 175 50 tilläggs-

228 2168 160 46 pension
409 2170 19 33 å
448 2169 74 35 800
551 2168 141 37 kronor
719 2168 123 37 blefve
870 2169 141 36 honom
1031 2169 151 48 beredd,
1204 2170 274 35 statskontoret
1505 2168 59 36 för
1584 2168 58 37 sin
1662 2169 58 37 del
1739 2170 81 36 icke

229 2218 127 37 kunde
385 2224 116 32 annat
528 2224 48 33 än
605 2221 209 47 hemställa,
846 2227 53 31 att
928 2221 73 37 den
1028 2221 261 49 underdåniga
1317 2220 265 49 ansökningen
1601 2221 83 37 icke
1704 2225 116 34 måtte

297 2279 72 32 Bih.
395 2280 48 32 till
467 2280 111 33 Biksd.
603 2281 87 32 Prot.
716 2282 94 32 1910.
857 2283 20 30 6
900 2282 99 32 Saml.
1046 2283 18 30 1
1089 2282 79 41 Afd.
1216 2283 41 31 18
1280 2281 92 41 Häft.
1736 2283 40 32 25
