1900 2844
503 159 117 30 Andra
640 158 238 38 lagutskottets
898 156 178 32 utlåtande
1094 155 50 31 Nr
1168 158 50 30 24.
1598 150 18 30 3

109 245 124 31 sådant
257 245 92 35 land,
375 245 62 30 där
461 243 214 36 högertrafik
700 241 111 37 råder,
836 242 70 30 helt
930 241 155 37 plötsligt
1108 241 132 36 nödgas
1264 239 100 36 börja
1389 239 159 36 tillämpa
1573 239 42 30 de

108 288 56 31 för
190 288 115 30 denna
329 286 107 31 trafik
463 286 159 37 gällande
646 286 156 35 reglerna
832 284 76 38 (och
935 284 73 30 vice
1033 282 125 38 versa).
1199 281 53 32 Då
1276 291 144 21 numera
1447 282 168 29 länderna

108 330 79 30 med
209 329 246 31 vänstertrafik
477 328 144 31 befinna
641 328 50 37 sig
712 328 11 29 i
744 327 144 36 avgjord
909 326 186 35 minoritet,
1118 326 90 30 lärer
1230 325 56 30 det
1307 324 92 31 bliva
1422 324 101 30 dessa
1543 324 71 29 län-

108 373 70 35 der,
202 382 75 21 som
297 371 37 31 få
355 371 138 37 vidtaga
514 371 147 37 ändring
681 371 11 29 i
713 370 229 30 förevarande
963 368 207 31 hänseende.

153 457 165 31 Däremot
341 458 70 29 kan
433 457 57 30 det
511 456 31 37 ej
567 456 173 35 förnekas,
765 458 49 28 att
836 453 172 38 övergång
1031 454 50 30 till
1104 463 46 28 ny
1173 452 262 37 trafikriktning
1458 452 158 30 kommer

108 504 50 28 att
181 500 160 31 medföra
365 500 91 30 vissa
482 499 227 30 ekonomiska
733 498 265 34 konsekvenser,
1025 496 149 31 framför
1199 496 61 30 allt
1285 504 57 22 om
1366 494 250 36 förändringen

109 544 112 29 skulle
241 543 194 30 utsträckas
458 545 49 28 att
528 551 79 21 avse
630 542 87 29 även
739 540 327 38 järnvägstrafiken,
1088 538 105 37 något
1215 548 74 20 som
1312 538 88 30 dock
1422 537 77 30 icke
1520 537 96 29 torde

109 595 83 21 vara
215 585 222 35 nödvändigt.
474 584 14 30 I
514 584 191 30 Frankrike
726 586 22 28 t.
774 593 61 26 ex.,
860 592 75 21 som
959 582 114 31 städse
1095 581 77 31 haft
1193 580 223 37 högertrafik,
1441 580 175 35 tillämpas

110 627 246 31 vänstertrafik
386 627 56 30 för
472 627 242 36 järnvägarna.
758 626 78 30 Men
867 627 87 29 även
985 634 58 21 om
1073 624 250 36 förändringen
1354 623 121 30 endast
1506 622 111 30 skulle

109 671 90 36 gälla
224 679 119 21 annan
367 669 117 36 trafik,
511 669 137 30 medför
673 669 203 30 densamma
900 667 145 37 givetvis
1072 667 178 36 ansenliga
1277 665 149 37 utgifter.
1465 665 76 30 Den
1567 664 49 30 tid

110 713 66 30 och
206 713 237 35 sakkunskap,
475 721 76 21 som
579 710 80 32 stått
690 712 42 29 de
764 710 219 36 sakkunniga
1013 710 52 30 till
1094 710 100 35 buds,
1225 709 64 29 har
1321 707 189 31 emellertid
1541 706 75 30 icke

110 755 165 36 medgivit
306 764 43 20 en
379 754 187 37 utredning
597 764 42 20 av
671 752 222 38 spörsmålets
925 752 228 31 ekonomiska
1186 751 85 31 sida.
1316 750 49 31 De
1397 749 219 36 sakkunniga

109 797 91 31 hava
223 797 120 30 därför
366 814 43 4 —
430 797 112 29 ehuru
566 796 109 36 själva
699 796 117 36 livliga
837 796 200 36 anhängare
1060 804 42 21 av
1125 793 215 38 högertrafik
1361 810 45 4 —
1427 792 78 30 icke
1528 791 87 31 före-

112 840 98 36 slagit
233 838 114 38 någon
368 839 148 37 ändring
538 839 11 30 i
572 839 42 30 de
636 838 24 31 f.
683 848 34 21 n.
739 839 80 30 med
841 838 169 31 avseende
1031 836 21 32 å
1074 836 308 36 trafikriktningen
1402 835 12 30 i
1437 834 76 31 vårt
1534 834 81 30 land

111 883 160 35 gällande
295 882 165 36 reglerna.
499 881 50 31 De
574 881 219 37 sakkunniga
818 880 37 31 få
880 880 192 31 inskränka
1097 879 49 37 sig
1171 879 52 31 till
1248 882 49 27 att
1321 878 110 30 uttala
1455 878 68 29 den
1548 876 68 31 för-

110 925 235 36 hoppningen,
373 927 49 28 att
447 925 93 29 detta
567 923 188 37 spörsmåls
782 923 227 31 ekonomiska
1035 923 84 35 sida,
1147 931 76 21 som
1249 921 96 31 torde
1373 923 135 28 snarast
1532 919 85 31 böra

110 968 100 35 göras
232 967 51 30 till
303 966 147 31 föremål
472 966 56 31 för
550 967 193 35 utredning,
766 966 76 30 icke
864 966 88 30 skall
974 965 74 31 visa
1071 965 49 36 sig
1141 964 136 30 behöva
1298 963 125 30 hindra
1446 960 171 38 övergång

110 1010 51 29 till
180 1009 214 37 högertrafik
413 1009 11 30 i
444 1008 76 31 vårt
539 1009 92 30 land.

152 1077 51 30 Av
224 1077 42 30 de
290 1076 250 38 myndigheter,
565 1086 73 21 som
662 1077 136 37 yttrade
821 1076 49 38 sig
888 1077 81 29 över
994 1076 42 30 de
1061 1074 237 37 sakkunnigas
1321 1072 138 37 förslag,
1487 1071 126 31 förkla-

109 1128 83 30 rade
214 1127 51 38 sig
285 1127 42 30 de
349 1128 100 30 flesta
470 1127 143 30 förorda
633 1137 43 20 en
698 1126 171 38 övergång
889 1126 51 31 till
957 1125 226 37 högertrafik.

153 1179 15 30 I
187 1178 260 37 propositionen
466 1187 42 21 nr
531 1179 58 29 121
611 1178 51 30 till
682 1178 85 30 1930
788 1177 55 30 års
862 1177 142 36 riksdag
1024 1176 80 31 med
1121 1175 130 37 förslag
1271 1174 51 31 till
1342 1173 273 31 motorfordons-

110 1228 206 38 förordning
338 1228 64 31 och
425 1228 296 36 vägtrafikstadga
744 1227 187 31 förordade
951 1226 254 37 föredragande
1227 1222 391 39 departementschefen,

111 1279 183 32 statsrådet
327 1280 122 35 Borell,
473 1279 10 30 i
509 1280 199 36 anslutning
743 1279 51 30 till
818 1279 41 30 de
878 1276 499 36 motorfordonssakkunnigas
1402 1275 140 36 förslag,
1568 1276 49 28 att

110 1333 164 35 systemet
295 1330 79 31 med
395 1330 247 31 vänstertrafik
665 1330 70 30 tills
758 1330 117 30 vidare
900 1329 111 31 skulle
1035 1326 192 33 bibehållas
1253 1327 10 30 i
1285 1325 330 38 vägtrafikstadgan.

112 1381 389 38 Departementschefen
525 1381 165 30 framhöll
711 1380 199 36 emellertid,
936 1383 49 27 att
1006 1380 52 30 till
1081 1377 89 38 följd
1193 1387 43 21 av
1260 1378 65 30 den
1348 1377 135 30 alltmer
1507 1375 110 31 ökade

112 1432 276 31 internationella
416 1431 266 31 motortrafiken
712 1431 57 30 det
791 1430 177 31 måhända
996 1430 117 29 kunde
1142 1428 74 31 visa
1245 1428 50 37 sig
1317 1427 223 36 nödvändigt,
1569 1428 48 28 att

110 1484 88 29 även
214 1481 76 32 vårt
307 1482 82 30 land
403 1484 125 35 antoge
543 1482 66 30 den
624 1482 99 36 regel,
743 1491 74 20 som
834 1481 220 37 tillämpades
1073 1478 94 32 såväl
1183 1479 10 29 i
1212 1477 83 32 våra
1312 1477 165 31 nordiska
1494 1484 122 30 grann-

111 1533 121 31 länder
257 1542 75 21 som
355 1532 11 30 i
391 1533 109 29 större
525 1532 98 30 delen
648 1541 43 21 av
715 1532 139 36 Europa
880 1531 10 30 i
915 1531 120 36 övrigt.
1074 1527 389 38 Departementschefen
1489 1527 127 30 förkla-

111 1584 82 30 rade
208 1583 50 37 sig
275 1583 119 30 därför
413 1582 130 31 beredd
560 1585 49 28 att
622 1582 173 37 tillstyrka
814 1579 499 37 motorfordonssakkunnigas
1331 1578 218 34 hemställan,
1568 1579 49 28 att

111 1633 186 37 utredning
319 1636 135 28 snarast
478 1632 206 37 igångsattes
707 1631 177 38 angående
909 1632 42 30 de
975 1630 197 36 kostnader,
1199 1639 75 21 som
1296 1629 116 30 kunde
1433 1628 94 30 bliva
1549 1627 68 30 för-

112 1685 109 30 enade
238 1684 80 31 med
334 1683 185 31 införande
533 1693 43 20 av
592 1683 215 37 högertrafik
823 1682 10 30 i
851 1681 75 32 vårt
941 1682 93 30 land.

156 1736 14 29 I
192 1734 186 37 anledning
397 1743 43 21 av
456 1734 260 37 propositionen
733 1733 140 31 väcktes
892 1742 42 21 av
953 1733 82 29 herr
1057 1731 175 37 Nylander
1253 1730 11 30 i
1285 1728 106 32 Borås
1410 1738 43 21 en
1476 1728 141 36 motion,

113 1786 27 30 I:
164 1786 74 35 264,
261 1785 73 30 vari
352 1784 233 36 hemställdes,
610 1787 48 27 att
679 1784 185 36 riksdagen
887 1783 9 30 i
922 1782 164 31 skrivelse
1108 1781 50 30 till
1184 1781 124 36 Kungl.
1333 1779 102 38 Maj:t
1458 1780 79 29 ville
1558 1788 59 21 an-

113 1835 93 32 hålla
231 1845 58 21 om
312 1835 190 37 skyndsam
526 1834 184 38 utredning
733 1834 71 30 dels
828 1833 222 31 beträffande
1075 1833 41 29 de
1141 1831 188 30 kostnader
1351 1839 42 21 av
1418 1830 94 30 olika
1537 1829 81 37 slag,

113 1896 74 21 som
209 1887 61 29 äro
289 1886 165 30 förenade
473 1885 80 30 med
572 1884 171 37 övergång
757 1884 51 30 till
828 1883 225 37 högertrafik,
1076 1882 72 31 dels
1168 1881 221 31 beträffande
1411 1881 57 29 det
1489 1889 42 21 ur
1552 1882 66 27 tra-

113 1935 413 37 fiksäkerhetssynpunkt
543 1935 216 36 lämpligaste
777 1932 351 38 tillvägagångssättet
1145 1932 58 29 vid
1221 1931 96 37 dylik
1336 1931 219 36 omläggning
1572 1930 46 30 till

113 1986 225 37 högertrafik.

157 2037 118 30 Andra
294 2036 222 36 lagutskottet
537 2035 85 30 fann
642 2036 10 28 i
673 2034 57 31 sitt
749 2033 178 31 utlåtande
946 2043 43 20 nr
1009 2033 41 30 34
1070 2031 218 37 erforderligt
1302 2031 109 30 uttala
1429 2031 185 30 önskvärd-

114 2088 103 30 heten
238 2096 43 22 av
302 2089 48 28 att
370 2095 43 21 en
433 2085 184 37 utredning
637 2094 58 21 om
717 2082 172 39 övergång
909 2083 51 30 till
982 2082 215 37 högertrafik
1219 2082 11 29 i
1253 2080 75 32 vårt
1349 2081 82 31 land
1452 2080 170 37 igångsat-

114 2142 59 26 tes.
195 2138 66 30 Vid
281 2137 202 36 riksdagens
501 2135 212 36 behandling
734 2144 42 21 av
796 2135 141 30 ärendet
958 2133 201 37 godkändes
1179 2133 183 29 utskottets
1382 2132 180 30 uttalande
1581 2141 43 22 av

115 2189 109 30 första
240 2197 80 21 men
334 2188 155 30 däremot
506 2186 31 37 ej
557 2196 41 21 av
615 2187 109 29 andra
744 2186 213 29 kammaren.
989 2184 48 31 På
1056 2183 169 38 grundval
1245 2192 42 21 av
1303 2185 46 28 ett
1367 2183 9 29 i
1396 2182 91 31 vissa
1505 2181 116 37 frågor

114 2240 179 35 upprättat
328 2236 493 37 sammanjämkningsförslag
854 2235 159 30 biträdde
1048 2235 108 29 första
1193 2234 202 29 kammaren
1427 2233 194 30 sedermera

115 2289 111 30 andra
246 2289 221 28 kammarens
486 2288 111 28 beslut
615 2287 9 28 i
643 2285 229 30 förevarande
891 2285 64 29 del.

159 2338 65 30 Vid
247 2338 81 29 1931
351 2337 54 30 års
427 2335 140 37 riksdag
588 2336 120 30 väckte
728 2336 79 29 herr
828 2334 176 37 Nylander
1021 2333 10 29 i
1050 2332 106 31 Borås
1175 2332 91 37 ånyo
1284 2342 41 21 en
1344 2333 142 35 motion,
1505 2333 27 29 1:
1549 2333 72 35 138,

115 2389 79 30 med
212 2397 134 21 samma
367 2386 156 37 yrkande
543 2395 74 21 som
635 2385 204 30 framställts
851 2385 10 29 i
873 2384 65 30 den
951 2393 43 21 av
1003 2384 130 30 honom
1145 2383 125 30 väckta
1282 2383 175 29 motionen
1470 2382 57 30 vid
1538 2383 83 29 1930

116 2440 56 30 års
193 2439 149 34 riksdag.
388 2437 122 30 Första
532 2437 222 29 kammarens
776 2435 108 30 andra
905 2433 173 36 tillfälliga
1100 2434 133 29 utskott
1256 2432 182 38 tillstyrkte
1460 2432 9 29 i
1491 2432 132 35 avgivet
