1870 2780
256 167 44 31 16
456 169 193 32 Allmänna
663 171 416 41 beredningsutskottets
1092 174 187 32 utlåtande
1291 185 43 22 nr
1347 175 41 32 28
1402 175 42 32 år
1457 177 88 31 1957

262 275 26 30 I.
314 274 191 33 Allmänna
521 276 87 40 drag
624 277 12 31 i
651 277 296 40 urbaniseringen
964 280 67 30 och
1047 280 397 41 storstadsbildningen.

307 355 324 32 Kännetecknande
654 357 59 31 för
736 358 134 39 dagens
892 359 333 33 industrialiserade
1248 362 173 31 samhälle
1444 364 42 29 är
1507 363 108 32 bland
1637 366 112 29 annat

261 409 57 30 att
333 418 41 21 en
390 409 64 31 allt
469 410 137 31 mindre
622 411 104 31 andel
742 421 45 21 av
802 412 270 32 arbetskraften
1088 414 109 32 krävs
1214 415 60 31 för
1289 415 65 31 den
1371 416 142 32 direkta
1530 417 217 32 livsmedels-

260 462 276 38 produktionen;
561 464 450 42 jordbruksbefolkningen
1034 467 161 32 minskar
1217 469 146 31 relativt
1385 471 82 36 sett,
1492 471 65 30 och
1579 471 67 31 den
1670 472 77 30 icke

258 516 278 39 jordbrukande,
560 518 65 31 den
647 519 56 30 till
729 519 323 41 stadsnäringarna
1075 521 147 38 knutna,
1246 522 255 41 befolkningen
1524 525 97 31 ökar.
1646 525 101 31 Inom

259 569 198 31 industrien
490 571 84 31 sker
604 582 42 21 en
677 574 253 31 motsvarande
960 574 250 41 förskjutning
1231 575 83 32 från
1335 576 324 42 råvaruutvinning
1680 579 66 31 och

260 624 244 38 tungindustri
524 627 74 29 mot
618 626 143 38 lättare,
782 636 75 22 mer
876 628 502 33 konsumtionsvaruinriktad
1398 631 226 39 produktion.
1647 632 98 31 Sam-

258 677 109 39 tidigt
382 679 234 38 sysselsätter
630 680 201 31 industrien
847 690 75 22 som
939 682 122 31 heihet
1077 683 146 31 relativt
1240 686 72 29 sett
1329 684 64 31 allt
1409 685 100 31 färre
1526 686 218 37 människor,

257 731 127 30 medan
402 732 278 32 distributionen
700 735 67 30 och
787 744 116 22 annan
923 735 119 32 direkt
1062 736 292 32 servicebetonad
1372 738 231 32 verksamhet
1623 742 59 29 tar
1702 749 44 22 en

256 785 96 31 ökad
383 785 103 32 andel
520 796 45 21 av
598 788 65 30 den
697 789 203 39 mänskliga
923 789 280 32 arbetskraften.
1227 791 16 30 I
1266 791 114 31 denna
1403 791 342 33 flerdimensionella

257 839 381 41 strukturförändring
655 840 225 42 återspeglas
897 843 60 31 det
975 843 165 40 stigande
1158 844 215 32 välståndet.
1393 845 251 33 Tillsammans
1663 847 82 31 med

255 893 379 39 transportväsendets
664 895 66 31 allt
760 897 115 30 större
906 896 183 40 kapacitet
1109 898 64 31 och
1192 898 43 31 de
1257 899 112 31 ökade
1388 899 277 40 möjligheterna
1685 901 60 30 för

256 946 336 33 kraftdistribution
612 957 63 31 ger
696 949 68 31 den
785 959 43 21 en
849 950 64 32 allt
934 951 117 31 större
1073 951 112 32 frihet
1207 952 10 30 i
1239 952 106 40 fråga
1367 962 57 21 om
1445 953 210 41 bosättning
1676 955 67 30 och

255 999 397 43 företagslokalisering
674 1021 46 4 —
742 1004 212 31 motverkad
976 1005 127 31 endast
1126 1015 45 21 av
1194 1006 68 31 den
1287 1007 185 31 minskade
1496 1008 152 30 relativa
1672 1008 71 31 till-

255 1052 96 41 gång
366 1054 44 39 på
427 1055 106 31 mark
550 1065 76 22 som
642 1056 112 40 följer
770 1058 79 30 med
864 1057 432 41 befolkningstillväxten.
1315 1060 54 30 En
1386 1060 65 31 allt
1468 1061 138 31 mindre
1624 1061 55 31 del
1697 1071 47 21 av

253 1107 256 41 befolkningen
525 1109 68 31 blir
609 1110 59 31 för
683 1110 57 31 sin
758 1111 176 40 bärgning
951 1112 175 31 beroende
1143 1122 46 22 av
1205 1115 57 29 att
1278 1114 44 30 bo
1340 1113 44 40 på
1402 1113 253 41 landsbygden,
1674 1116 67 30 och

254 1169 44 22 en
315 1161 63 31 allt
396 1163 139 31 mindre
553 1164 54 30 del
625 1173 45 22 av
689 1164 200 32 industrien
907 1165 70 31 blir
995 1166 173 31 beroende
1188 1176 46 21 av
1253 1169 53 29 ett
1325 1167 78 39 läge
1423 1168 93 31 intill
1536 1167 205 32 råvarutill-

254 1214 138 41 gångar
413 1217 67 30 och
503 1217 228 31 kraftkällor.
756 1219 123 30 Denna
902 1218 114 32 frihet
1040 1220 67 30 har
1129 1220 131 31 hittills
1284 1221 84 30 över
1390 1221 66 32 allt
1479 1222 10 29 i
1513 1221 146 31 världen
1682 1231 59 21 en-

255 1269 116 39 tydigt
393 1269 203 40 utnyttjats
620 1269 50 39 så,
697 1272 58 30 att
780 1271 318 32 koncentrationen
1123 1273 55 31 till
1203 1274 444 39 tätbebyggelseområden
1673 1276 67 31 och

252 1323 349 39 storstadsregioner
614 1323 103 33 blivit
732 1324 66 32 allt
810 1334 75 22 mer
898 1325 202 32 markerad.

296 1385 68 30 Det
383 1384 99 32 finns
503 1385 11 31 i
535 1384 106 41 fråga
661 1395 58 22 om
742 1387 388 40 storstadsbildningen
1151 1389 200 38 tendenser,
1375 1399 77 22 som
1474 1391 187 31 förefaller
1682 1393 56 29 att

251 1438 48 31 ha
317 1447 42 21 en
377 1438 74 32 viss
470 1439 155 39 generell
645 1439 181 41 giltighet.
845 1441 65 31 Ett
928 1442 167 31 närmare
1115 1442 159 32 studium
1293 1453 45 21 av
1357 1444 79 31 dem
1456 1445 70 30 kan
1546 1445 129 31 väntas
1695 1454 43 30 ge

250 1500 45 22 en
309 1492 176 31 värdefull
500 1493 188 40 belysning
703 1503 47 22 av
764 1494 42 31 de
822 1494 149 38 krafter,
988 1495 232 32 ekonomiska
1236 1497 66 31 och
1318 1498 248 39 sociologiska,
1584 1507 77 22 som
1677 1498 60 41 på-

249 1545 132 31 verkar
394 1546 261 40 utvecklingen.
672 1546 126 41 Några
814 1548 154 40 punkter
983 1548 59 32 må
1058 1550 165 31 nämnas:
1245 1550 36 35 1)
1303 1551 75 31 Den
1397 1551 181 32 allmänna
1594 1552 143 31 urbani-

249 1599 278 40 seringsgraden
545 1600 188 32 förefaller
749 1603 57 30 att
824 1602 67 30 öka
909 1603 82 31 med
1009 1602 137 32 ökande
1165 1603 328 42 industrialisering
1513 1607 65 29 och
1598 1605 138 32 ökande

247 1652 176 32 välstånd.
444 1653 37 36 2)
508 1655 329 31 Koncentrationen
855 1655 55 31 till
929 1657 54 30 ett
1002 1655 93 32 fåtal
1115 1658 100 30 stora
1235 1658 269 40 stadsregioner
1523 1659 104 39 tycks
1647 1669 88 21 vara

248 1705 103 32 desto
371 1715 98 23 mera
489 1708 201 38 markerad,
712 1709 41 39 ju
774 1718 111 30 yngre
906 1710 275 32 stadsväsendet
1203 1711 11 31 i
1236 1711 120 32 landet
1377 1713 50 30 är.
1451 1713 36 35 3)
1516 1714 220 30 Koncentra-

248 1760 122 30 tionen
393 1760 189 32 förefaller
604 1761 109 32 också
737 1763 148 31 tendera
909 1766 57 29 att
988 1764 50 31 bli
1064 1766 126 37 större,
1216 1766 40 40 ju
1280 1767 136 31 mindre
1441 1767 201 40 betydande
1668 1769 67 31 den

248 1821 92 31 egna
355 1813 145 32 råvaru-
516 1815 65 31 och
597 1815 300 41 krafttillgången
913 1818 50 31 är.
980 1817 37 37 4)
1039 1819 69 30 Det
1122 1827 106 31 synes
1243 1820 121 32 finnas
1380 1823 53 29 ett
1449 1821 98 32 klart
1561 1822 175 31 samband

246 1867 130 31 mellan
392 1870 53 29 ett
461 1868 104 32 lands
580 1869 85 31 eller
680 1879 43 22 en
741 1879 118 22 annan
875 1871 454 41 ekonomiskt-geografisk
1346 1875 126 31 enhets
1489 1875 245 40 befolknings-

245 1921 54 30 tal
314 1922 65 30 och
393 1921 42 31 de
451 1923 139 30 största
606 1923 191 32 städernas
813 1924 164 33 absoluta
993 1926 145 32 storlek.
1156 1927 37 36 5)
1216 1928 70 31 Det
1301 1929 187 32 förefaller
1505 1940 77 22 som
1598 1940 57 22 om
1671 1931 62 31 det

246 1974 114 31 skulle
375 1974 87 32 råda
478 1985 44 21 en
537 1976 73 31 viss
624 1976 178 33 konstans
819 1978 94 31 inom
928 1981 53 30 ett
996 1980 84 31 land
1094 1981 131 31 mellan
1240 1983 269 32 storstädernas
1525 1985 65 30 och
1607 1985 126 39 övriga

245 2027 142 32 städers
404 2029 343 40 tillväxthastighet.

290 2090 74 30 Den
378 2090 118 31 första
512 2100 45 22 av
570 2091 103 32 dessa
688 2094 99 30 teser
801 2094 100 31 torde
915 2104 90 22 vara
1019 2095 125 32 alltför
1157 2098 185 39 uppenbar
1355 2099 59 31 för
1428 2102 55 29 att
1498 2100 137 32 behöva
1650 2102 81 30 när-

243 2150 99 23 mare
365 2144 274 39 exemplifieras.
663 2145 126 41 Några
812 2147 340 39 jämförelsesiffror
1173 2150 84 32 från
1281 2152 144 40 Sverige
1450 2155 65 30 och
1539 2154 123 31 U.S.A.
1686 2174 46 3 —

243 2195 94 32 båda
353 2197 123 31 länder
492 2207 78 22 som
587 2199 58 31 för
660 2200 56 31 sin
735 2200 428 43 livsmedelsförsörjning
1180 2205 42 30 är
1239 2205 11 30 i
1267 2207 95 29 stort
1381 2208 72 29 sett
1471 2207 196 32 oberoende
1686 2217 45 22 av

242 2250 114 31 andra
368 2252 65 30 och
446 2252 82 31 med
540 2252 11 30 i
564 2254 93 30 stort
670 2255 74 30 sett
757 2263 136 23 samma
906 2257 295 40 genomsnittliga
1215 2258 352 42 befolkningstäthet
1579 2281 45 3 —
1636 2263 93 30 skall

242 2302 91 32 dock
359 2305 164 31 anföras:
551 2306 458 43 Jordbruksbefolkningen
1034 2312 108 38 utgör
1167 2312 10 30 i
1204 2312 146 40 Sverige
1376 2323 40 22 ca
1444 2314 43 32 23
1517 2316 28 30 44
1578 2324 45 22 av
1648 2315 81 32 hela

240 2356 265 41 befolkningen,
541 2360 9 29 i
584 2360 123 32 U.S.A.
742 2362 80 31 med
854 2363 81 31 dess
957 2363 125 40 längre
1103 2364 144 41 gångna
1270 2367 394 42 välståndsutveckling
1687 2379 42 22 ca

241 2410 44 32 13
307 2412 44 37 90.
371 2412 16 29 I
405 2412 146 40 Sverige
571 2413 111 32 bodde
702 2415 114 40 enligt
835 2416 85 32 1950
940 2416 61 32 års
1020 2418 276 41 folkräkningar
1316 2421 10 30 i
1346 2422 157 31 tätorter
1523 2422 45 40 på
1587 2431 77 23 mer
1682 2424 46 30 än
