<?xml version="1.0" encoding="UTF-8"?>
<alto xmlns="http://www.loc.gov/standards/alto/ns-v3#" xmlns:xlink="http://www.w3.org/1999/xlink" xmlns:xsi="http://www.w3.org/2001/XMLSchema-instance" xsi:schemaLocation="http://www.loc.gov/standards/alto/ns-v3# http://www.loc.gov/alto/v3/alto-3-0.xsd">
	<Description>
		<MeasurementUnit>pixel</MeasurementUnit>
		<sourceImageInformation>
			<fileName>/tmp/tess_mi8gs1iw_input.PNG</fileName>
		</sourceImageInformation>
		<OCRProcessing ID="OCR_0">
			<ocrProcessingStep>
				<processingSoftware>
					<softwareName>tesseract 5.3.0</softwareName>
				</processingSoftware>
			</ocrProcessingStep>
		</OCRProcessing>
	</Description>
	<Layout>
		<Page WIDTH="1874" HEIGHT="2780" PHYSICAL_IMG_NR="0" ID="page_0">
			<PrintSpace HPOS="0" VPOS="0" WIDTH="1874" HEIGHT="2780">
				<ComposedBlock ID="cblock_0" HPOS="317" VPOS="185" WIDTH="1293" HEIGHT="44">
					<TextBlock ID="block_0" HPOS="317" VPOS="185" WIDTH="1293" HEIGHT="44">
						<TextLine ID="line_0" HPOS="317" VPOS="185" WIDTH="1293" HEIGHT="44">
							<String ID="string_0" HPOS="317" VPOS="191" WIDTH="193" HEIGHT="32" WC="0.93" CONTENT="Allmänna"/><SP WIDTH="12" VPOS="191" HPOS="510"/>
							<String ID="string_1" HPOS="522" VPOS="189" WIDTH="417" HEIGHT="40" WC="0.92" CONTENT="beredningsutskottets"/><SP WIDTH="12" VPOS="189" HPOS="939"/>
							<String ID="string_2" HPOS="951" VPOS="187" WIDTH="187" HEIGHT="32" WC="0.95" CONTENT="utlåtande"/><SP WIDTH="13" VPOS="187" HPOS="1138"/>
							<String ID="string_3" HPOS="1151" VPOS="197" WIDTH="43" HEIGHT="21" WC="0.95" CONTENT="nr"/><SP WIDTH="13" VPOS="197" HPOS="1194"/>
							<String ID="string_4" HPOS="1207" VPOS="186" WIDTH="42" HEIGHT="32" WC="0.96" CONTENT="28"/><SP WIDTH="15" VPOS="186" HPOS="1249"/>
							<String ID="string_5" HPOS="1264" VPOS="186" WIDTH="41" HEIGHT="32" WC="0.96" CONTENT="år"/><SP WIDTH="13" VPOS="186" HPOS="1305"/>
							<String ID="string_6" HPOS="1318" VPOS="186" WIDTH="88" HEIGHT="32" WC="0.95" CONTENT="1957"/><SP WIDTH="161" VPOS="186" HPOS="1406"/>
							<String ID="string_7" HPOS="1567" VPOS="185" WIDTH="43" HEIGHT="32" WC="0.95" CONTENT="23"/>
						</TextLine>
					</TextBlock>
				</ComposedBlock>
				<ComposedBlock ID="cblock_1" HPOS="122" VPOS="284" WIDTH="1487" HEIGHT="100">
					<TextBlock ID="block_1" HPOS="122" VPOS="284" WIDTH="1487" HEIGHT="100">
						<TextLine ID="line_1" HPOS="122" VPOS="284" WIDTH="1487" HEIGHT="45">
							<String ID="string_8" HPOS="122" VPOS="291" WIDTH="118" HEIGHT="30" WC="0.96" CONTENT="större"/><SP WIDTH="19" VPOS="291" HPOS="240"/>
							<String ID="string_9" HPOS="259" VPOS="289" WIDTH="221" HEIGHT="40" WC="0.96" CONTENT="omfattning"/><SP WIDTH="18" VPOS="289" HPOS="480"/>
							<String ID="string_10" HPOS="498" VPOS="289" WIDTH="45" HEIGHT="30" WC="0.96" CONTENT="än"/><SP WIDTH="19" VPOS="289" HPOS="543"/>
							<String ID="string_11" HPOS="562" VPOS="287" WIDTH="45" HEIGHT="42" WC="0.96" CONTENT="på"/><SP WIDTH="21" VPOS="287" HPOS="607"/>
							<String ID="string_12" HPOS="628" VPOS="288" WIDTH="113" HEIGHT="31" WC="0.96" CONTENT="andra"/><SP WIDTH="19" VPOS="288" HPOS="741"/>
							<String ID="string_13" HPOS="760" VPOS="287" WIDTH="73" HEIGHT="31" WC="0.96" CONTENT="håll"/><SP WIDTH="18" VPOS="287" HPOS="833"/>
							<String ID="string_14" HPOS="851" VPOS="286" WIDTH="116" HEIGHT="32" WC="0.96" CONTENT="måste"/><SP WIDTH="20" VPOS="286" HPOS="967"/>
							<String ID="string_15" HPOS="987" VPOS="286" WIDTH="63" HEIGHT="31" WC="0.96" CONTENT="dra"/><SP WIDTH="19" VPOS="286" HPOS="1050"/>
							<String ID="string_16" HPOS="1069" VPOS="286" WIDTH="97" HEIGHT="30" WC="0.96" CONTENT="fram"/><SP WIDTH="20" VPOS="286" HPOS="1166"/>
							<String ID="string_17" HPOS="1186" VPOS="284" WIDTH="215" HEIGHT="32" WC="0.96" CONTENT="trafikleder"/><SP WIDTH="19" VPOS="284" HPOS="1401"/>
							<String ID="string_18" HPOS="1420" VPOS="293" WIDTH="126" HEIGHT="30" WC="0.75" CONTENT="genom"/><SP WIDTH="20" VPOS="293" HPOS="1546"/>
							<String ID="string_19" HPOS="1566" VPOS="293" WIDTH="43" HEIGHT="21" WC="0.96" CONTENT="en"/>
						</TextLine>
						<TextLine ID="line_2" HPOS="123" VPOS="342" WIDTH="491" HEIGHT="42">
							<String ID="string_20" HPOS="123" VPOS="344" WIDTH="134" HEIGHT="40" WC="0.95" CONTENT="dyrbar"/><SP WIDTH="18" VPOS="344" HPOS="257"/>
							<String ID="string_21" HPOS="275" VPOS="344" WIDTH="97" HEIGHT="31" WC="0.96" CONTENT="äldre"/><SP WIDTH="18" VPOS="344" HPOS="372"/>
							<String ID="string_22" HPOS="390" VPOS="342" WIDTH="224" HEIGHT="41" WC="0.96" CONTENT="bebyggelse."/>
						</TextLine>
					</TextBlock>
				</ComposedBlock>
				<ComposedBlock ID="cblock_2" HPOS="122" VPOS="399" WIDTH="1490" HEIGHT="579">
					<TextBlock ID="block_2" HPOS="122" VPOS="399" WIDTH="1490" HEIGHT="579">
						<TextLine ID="line_3" HPOS="167" VPOS="399" WIDTH="1443" HEIGHT="46">
							<String ID="string_23" HPOS="167" VPOS="407" WIDTH="16" HEIGHT="30" WC="0.96" CONTENT="I"/><SP WIDTH="12" VPOS="407" HPOS="183"/>
							<String ID="string_24" HPOS="195" VPOS="405" WIDTH="107" HEIGHT="40" WC="0.96" CONTENT="fråga"/><SP WIDTH="12" VPOS="405" HPOS="302"/>
							<String ID="string_25" HPOS="314" VPOS="415" WIDTH="58" HEIGHT="22" WC="0.93" CONTENT="om"/><SP WIDTH="11" VPOS="415" HPOS="372"/>
							<String ID="string_26" HPOS="383" VPOS="406" WIDTH="366" HEIGHT="39" WC="0.90" CONTENT="varutransporterna"/><SP WIDTH="13" VPOS="406" HPOS="749"/>
							<String ID="string_27" HPOS="762" VPOS="405" WIDTH="41" HEIGHT="30" WC="0.96" CONTENT="är"/><SP WIDTH="13" VPOS="405" HPOS="803"/>
							<String ID="string_28" HPOS="816" VPOS="404" WIDTH="59" HEIGHT="31" WC="0.94" CONTENT="väl"/><SP WIDTH="12" VPOS="404" HPOS="875"/>
							<String ID="string_29" HPOS="887" VPOS="404" WIDTH="78" HEIGHT="39" WC="0.93" CONTENT="just"/><SP WIDTH="11" VPOS="404" HPOS="965"/>
							<String ID="string_30" HPOS="976" VPOS="401" WIDTH="503" HEIGHT="33" WC="0.91" CONTENT="storstadskoncentrationen"/><SP WIDTH="14" VPOS="401" HPOS="1479"/>
							<String ID="string_31" HPOS="1493" VPOS="399" WIDTH="117" HEIGHT="41" WC="0.96" CONTENT="ägnad"/>
						</TextLine>
						<TextLine ID="line_4" HPOS="123" VPOS="454" WIDTH="1486" HEIGHT="46">
							<String ID="string_32" HPOS="123" VPOS="462" WIDTH="56" HEIGHT="30" WC="0.93" CONTENT="att"/><SP WIDTH="18" VPOS="462" HPOS="179"/>
							<String ID="string_33" HPOS="197" VPOS="460" WIDTH="197" HEIGHT="40" WC="0.90" CONTENT="nedbringa"/><SP WIDTH="19" VPOS="460" HPOS="394"/>
							<String ID="string_34" HPOS="413" VPOS="459" WIDTH="114" HEIGHT="38" WC="0.96" CONTENT="dessa,"/><SP WIDTH="20" VPOS="459" HPOS="527"/>
							<String ID="string_35" HPOS="547" VPOS="460" WIDTH="66" HEIGHT="30" WC="0.96" CONTENT="och"/><SP WIDTH="20" VPOS="460" HPOS="613"/>
							<String ID="string_36" HPOS="633" VPOS="459" WIDTH="79" HEIGHT="31" WC="0.96" CONTENT="däri"/><SP WIDTH="19" VPOS="459" HPOS="712"/>
							<String ID="string_37" HPOS="731" VPOS="458" WIDTH="102" HEIGHT="31" WC="0.96" CONTENT="torde"/><SP WIDTH="19" VPOS="458" HPOS="833"/>
							<String ID="string_38" HPOS="852" VPOS="458" WIDTH="98" HEIGHT="39" WC="0.96" CONTENT="ligga"/><SP WIDTH="19" VPOS="458" HPOS="950"/>
							<String ID="string_39" HPOS="969" VPOS="466" WIDTH="43" HEIGHT="22" WC="0.96" CONTENT="en"/><SP WIDTH="19" VPOS="466" HPOS="1012"/>
							<String ID="string_40" HPOS="1031" VPOS="466" WIDTH="45" HEIGHT="22" WC="0.96" CONTENT="av"/><SP WIDTH="19" VPOS="466" HPOS="1076"/>
							<String ID="string_41" HPOS="1095" VPOS="456" WIDTH="197" HEIGHT="31" WC="0.96" CONTENT="orsakerna"/><SP WIDTH="19" VPOS="456" HPOS="1292"/>
							<String ID="string_42" HPOS="1311" VPOS="455" WIDTH="56" HEIGHT="32" WC="0.96" CONTENT="till"/><SP WIDTH="20" VPOS="455" HPOS="1367"/>
							<String ID="string_43" HPOS="1387" VPOS="455" WIDTH="42" HEIGHT="31" WC="0.96" CONTENT="de"/><SP WIDTH="20" VPOS="455" HPOS="1429"/>
							<String ID="string_44" HPOS="1449" VPOS="454" WIDTH="160" HEIGHT="31" WC="0.96" CONTENT="enskilda"/>
						</TextLine>
						<TextLine ID="line_5" HPOS="122" VPOS="508" WIDTH="1488" HEIGHT="46">
							<String ID="string_45" HPOS="122" VPOS="515" WIDTH="210" HEIGHT="39" WC="0.96" CONTENT="företagens"/><SP WIDTH="14" VPOS="515" HPOS="332"/>
							<String ID="string_46" HPOS="346" VPOS="514" WIDTH="150" HEIGHT="32" WC="0.96" CONTENT="tendens"/><SP WIDTH="15" VPOS="514" HPOS="496"/>
							<String ID="string_47" HPOS="511" VPOS="515" WIDTH="57" HEIGHT="30" WC="0.96" CONTENT="att"/><SP WIDTH="13" VPOS="515" HPOS="568"/>
							<String ID="string_48" HPOS="581" VPOS="513" WIDTH="108" HEIGHT="40" WC="0.96" CONTENT="lägga"/><SP WIDTH="16" VPOS="513" HPOS="689"/>
							<String ID="string_49" HPOS="705" VPOS="512" WIDTH="56" HEIGHT="31" WC="0.96" CONTENT="sin"/><SP WIDTH="16" VPOS="512" HPOS="761"/>
							<String ID="string_50" HPOS="777" VPOS="512" WIDTH="232" HEIGHT="31" WC="0.93" CONTENT="verksamhet"/><SP WIDTH="15" VPOS="512" HPOS="1009"/>
							<String ID="string_51" HPOS="1024" VPOS="511" WIDTH="55" HEIGHT="31" WC="0.89" CONTENT="till"/><SP WIDTH="16" VPOS="511" HPOS="1079"/>
							<String ID="string_52" HPOS="1095" VPOS="510" WIDTH="259" HEIGHT="31" WC="0.95" CONTENT="storstäderna."/><SP WIDTH="17" VPOS="510" HPOS="1354"/>
							<String ID="string_53" HPOS="1371" VPOS="508" WIDTH="239" HEIGHT="31" WC="0.96" CONTENT="Beträffande"/>
						</TextLine>
						<TextLine ID="line_6" HPOS="123" VPOS="562" WIDTH="1488" HEIGHT="46">
							<String ID="string_54" HPOS="123" VPOS="568" WIDTH="127" HEIGHT="40" WC="0.96" CONTENT="övriga"/><SP WIDTH="16" VPOS="568" HPOS="250"/>
							<String ID="string_55" HPOS="266" VPOS="568" WIDTH="263" HEIGHT="40" WC="0.96" CONTENT="anläggningar"/><SP WIDTH="17" VPOS="568" HPOS="529"/>
							<String ID="string_56" HPOS="546" VPOS="568" WIDTH="66" HEIGHT="31" WC="0.96" CONTENT="och"/><SP WIDTH="17" VPOS="568" HPOS="612"/>
							<String ID="string_57" HPOS="629" VPOS="567" WIDTH="274" HEIGHT="31" WC="0.96" CONTENT="verksamheter"/><SP WIDTH="16" VPOS="567" HPOS="903"/>
							<String ID="string_58" HPOS="919" VPOS="565" WIDTH="114" HEIGHT="40" WC="0.96" CONTENT="gäller"/><SP WIDTH="17" VPOS="565" HPOS="1033"/>
							<String ID="string_59" HPOS="1050" VPOS="566" WIDTH="56" HEIGHT="30" WC="0.96" CONTENT="att"/><SP WIDTH="17" VPOS="566" HPOS="1106"/>
							<String ID="string_60" HPOS="1123" VPOS="564" WIDTH="206" HEIGHT="31" WC="0.95" CONTENT="storstaden"/><SP WIDTH="19" VPOS="564" HPOS="1329"/>
							<String ID="string_61" HPOS="1348" VPOS="562" WIDTH="193" HEIGHT="40" WC="0.96" CONTENT="möjliggör"/><SP WIDTH="17" VPOS="562" HPOS="1541"/>
							<String ID="string_62" HPOS="1558" VPOS="563" WIDTH="53" HEIGHT="30" WC="0.95" CONTENT="ett"/>
						</TextLine>
						<TextLine ID="line_7" HPOS="124" VPOS="615" WIDTH="1488" HEIGHT="46">
							<String ID="string_63" HPOS="124" VPOS="622" WIDTH="230" HEIGHT="31" WC="0.92" CONTENT="rationellare"/><SP WIDTH="18" VPOS="622" HPOS="354"/>
							<String ID="string_64" HPOS="372" VPOS="621" WIDTH="233" HEIGHT="40" WC="0.95" CONTENT="utnyttjande"/><SP WIDTH="21" VPOS="621" HPOS="605"/>
							<String ID="string_65" HPOS="626" VPOS="630" WIDTH="45" HEIGHT="22" WC="0.96" CONTENT="av"/><SP WIDTH="20" VPOS="630" HPOS="671"/>
							<String ID="string_66" HPOS="691" VPOS="620" WIDTH="104" HEIGHT="31" WC="0.96" CONTENT="dessa"/><SP WIDTH="21" VPOS="620" HPOS="795"/>
							<String ID="string_67" HPOS="816" VPOS="620" WIDTH="66" HEIGHT="31" WC="0.96" CONTENT="och"/><SP WIDTH="20" VPOS="620" HPOS="882"/>
							<String ID="string_68" HPOS="902" VPOS="621" WIDTH="56" HEIGHT="29" WC="0.96" CONTENT="att"/><SP WIDTH="19" VPOS="621" HPOS="958"/>
							<String ID="string_69" HPOS="977" VPOS="619" WIDTH="67" HEIGHT="31" WC="0.97" CONTENT="den"/><SP WIDTH="18" VPOS="619" HPOS="1044"/>
							<String ID="string_70" HPOS="1062" VPOS="618" WIDTH="122" HEIGHT="31" WC="0.96" CONTENT="bättre"/><SP WIDTH="20" VPOS="618" HPOS="1184"/>
							<String ID="string_71" HPOS="1204" VPOS="618" WIDTH="70" HEIGHT="30" WC="0.96" CONTENT="kan"/><SP WIDTH="21" VPOS="618" HPOS="1274"/>
							<String ID="string_72" HPOS="1295" VPOS="616" WIDTH="239" HEIGHT="40" WC="0.96" CONTENT="tillgodogöra"/><SP WIDTH="21" VPOS="616" HPOS="1534"/>
							<String ID="string_73" HPOS="1555" VPOS="615" WIDTH="57" HEIGHT="39" WC="0.96" CONTENT="sig"/>
						</TextLine>
						<TextLine ID="line_8" HPOS="125" VPOS="669" WIDTH="1486" HEIGHT="39">
							<String ID="string_74" HPOS="125" VPOS="676" WIDTH="235" HEIGHT="31" WC="0.92" CONTENT="stordriftens"/><SP WIDTH="15" VPOS="676" HPOS="360"/>
							<String ID="string_75" HPOS="375" VPOS="675" WIDTH="159" HEIGHT="32" WC="0.96" CONTENT="fördelar"/><SP WIDTH="16" VPOS="675" HPOS="534"/>
							<String ID="string_76" HPOS="550" VPOS="676" WIDTH="46" HEIGHT="30" WC="0.96" CONTENT="än"/><SP WIDTH="15" VPOS="676" HPOS="596"/>
							<String ID="string_77" HPOS="611" VPOS="675" WIDTH="72" HEIGHT="31" WC="0.96" CONTENT="vad"/><SP WIDTH="15" VPOS="675" HPOS="683"/>
							<String ID="string_78" HPOS="698" VPOS="674" WIDTH="137" HEIGHT="31" WC="0.96" CONTENT="mindre"/><SP WIDTH="17" VPOS="674" HPOS="835"/>
							<String ID="string_79" HPOS="852" VPOS="673" WIDTH="199" HEIGHT="32" WC="0.96" CONTENT="samhällen"/><SP WIDTH="16" VPOS="673" HPOS="1051"/>
							<String ID="string_80" HPOS="1067" VPOS="672" WIDTH="82" HEIGHT="31" WC="0.96" CONTENT="kan."/><SP WIDTH="18" VPOS="672" HPOS="1149"/>
							<String ID="string_81" HPOS="1167" VPOS="671" WIDTH="68" HEIGHT="31" WC="0.96" CONTENT="Om"/><SP WIDTH="17" VPOS="671" HPOS="1235"/>
							<String ID="string_82" HPOS="1252" VPOS="670" WIDTH="196" HEIGHT="32" WC="0.96" CONTENT="kvaliteten"/><SP WIDTH="18" VPOS="670" HPOS="1448"/>
							<String ID="string_83" HPOS="1466" VPOS="670" WIDTH="41" HEIGHT="30" WC="0.93" CONTENT="är"/><SP WIDTH="15" VPOS="670" HPOS="1507"/>
							<String ID="string_84" HPOS="1522" VPOS="669" WIDTH="89" HEIGHT="39" WC="0.92" CONTENT="jäm-"/>
						</TextLine>
						<TextLine ID="line_9" HPOS="123" VPOS="722" WIDTH="1488" HEIGHT="47">
							<String ID="string_85" HPOS="123" VPOS="730" WIDTH="128" HEIGHT="32" WC="0.91" CONTENT="förbar"/><SP WIDTH="14" VPOS="730" HPOS="251"/>
							<String ID="string_86" HPOS="265" VPOS="731" WIDTH="42" HEIGHT="30" WC="0.96" CONTENT="är"/><SP WIDTH="14" VPOS="731" HPOS="307"/>
							<String ID="string_87" HPOS="321" VPOS="730" WIDTH="60" HEIGHT="31" WC="0.96" CONTENT="det"/><SP WIDTH="17" VPOS="730" HPOS="381"/>
							<String ID="string_88" HPOS="398" VPOS="730" WIDTH="179" HEIGHT="39" WC="0.96" CONTENT="knappast"/><SP WIDTH="14" VPOS="730" HPOS="577"/>
							<String ID="string_89" HPOS="591" VPOS="728" WIDTH="129" HEIGHT="39" WC="0.96" CONTENT="troligt"/><SP WIDTH="15" VPOS="728" HPOS="720"/>
							<String ID="string_90" HPOS="735" VPOS="729" WIDTH="56" HEIGHT="30" WC="0.96" CONTENT="att"/><SP WIDTH="15" VPOS="729" HPOS="791"/>
							<String ID="string_91" HPOS="806" VPOS="726" WIDTH="226" HEIGHT="32" WC="0.93" CONTENT="storstadens"/><SP WIDTH="16" VPOS="726" HPOS="1032"/>
							<String ID="string_92" HPOS="1048" VPOS="724" WIDTH="403" HEIGHT="40" WC="0.91" CONTENT="serviceanläggningar"/><SP WIDTH="14" VPOS="724" HPOS="1451"/>
							<String ID="string_93" HPOS="1465" VPOS="723" WIDTH="69" HEIGHT="31" WC="0.92" CONTENT="blir"/><SP WIDTH="16" VPOS="723" HPOS="1534"/>
							<String ID="string_94" HPOS="1550" VPOS="722" WIDTH="61" HEIGHT="40" WC="0.92" CONTENT="dy-"/>
						</TextLine>
						<TextLine ID="line_10" HPOS="124" VPOS="776" WIDTH="1488" HEIGHT="45">
							<String ID="string_95" HPOS="124" VPOS="793" WIDTH="81" HEIGHT="22" WC="0.96" CONTENT="rare"/><SP WIDTH="19" VPOS="793" HPOS="205"/>
							<String ID="string_96" HPOS="224" VPOS="785" WIDTH="46" HEIGHT="30" WC="0.96" CONTENT="än"/><SP WIDTH="18" VPOS="785" HPOS="270"/>
							<String ID="string_97" HPOS="288" VPOS="783" WIDTH="142" HEIGHT="32" WC="0.94" CONTENT="andras."/><SP WIDTH="19" VPOS="783" HPOS="430"/>
							<String ID="string_98" HPOS="449" VPOS="783" WIDTH="70" HEIGHT="31" WC="0.96" CONTENT="Det"/><SP WIDTH="17" VPOS="783" HPOS="519"/>
							<String ID="string_99" HPOS="536" VPOS="782" WIDTH="110" HEIGHT="31" WC="0.96" CONTENT="krävs"/><SP WIDTH="19" VPOS="782" HPOS="646"/>
							<String ID="string_100" HPOS="665" VPOS="780" WIDTH="216" HEIGHT="41" WC="0.93" CONTENT="exempelvis"/><SP WIDTH="19" VPOS="780" HPOS="881"/>
							<String ID="string_101" HPOS="900" VPOS="780" WIDTH="180" HEIGHT="31" WC="0.91" CONTENT="kolossala"/><SP WIDTH="18" VPOS="780" HPOS="1080"/>
							<String ID="string_102" HPOS="1098" VPOS="779" WIDTH="128" HEIGHT="40" WC="0.96" CONTENT="belopp"/><SP WIDTH="19" VPOS="779" HPOS="1226"/>
							<String ID="string_103" HPOS="1245" VPOS="778" WIDTH="59" HEIGHT="31" WC="0.96" CONTENT="för"/><SP WIDTH="17" VPOS="778" HPOS="1304"/>
							<String ID="string_104" HPOS="1321" VPOS="779" WIDTH="56" HEIGHT="30" WC="0.96" CONTENT="att"/><SP WIDTH="19" VPOS="779" HPOS="1377"/>
							<String ID="string_105" HPOS="1396" VPOS="777" WIDTH="112" HEIGHT="31" WC="0.91" CONTENT="ordna"/><SP WIDTH="19" VPOS="777" HPOS="1508"/>
							<String ID="string_106" HPOS="1527" VPOS="776" WIDTH="85" HEIGHT="40" WC="0.91" CONTENT="hög-"/>
						</TextLine>
						<TextLine ID="line_11" HPOS="123" VPOS="830" WIDTH="1489" HEIGHT="48">
							<String ID="string_107" HPOS="123" VPOS="838" WIDTH="130" HEIGHT="40" WC="0.92" CONTENT="gradig"/><SP WIDTH="14" VPOS="838" HPOS="253"/>
							<String ID="string_108" HPOS="267" VPOS="838" WIDTH="126" HEIGHT="40" WC="0.96" CONTENT="rening"/><SP WIDTH="14" VPOS="838" HPOS="393"/>
							<String ID="string_109" HPOS="407" VPOS="846" WIDTH="46" HEIGHT="22" WC="0.96" CONTENT="av"/><SP WIDTH="14" VPOS="846" HPOS="453"/>
							<String ID="string_110" HPOS="467" VPOS="836" WIDTH="64" HEIGHT="32" WC="0.93" CONTENT="allt"/><SP WIDTH="15" VPOS="836" HPOS="531"/>
							<String ID="string_111" HPOS="546" VPOS="835" WIDTH="328" HEIGHT="33" WC="0.92" CONTENT="Stor-Stockholms"/><SP WIDTH="16" VPOS="835" HPOS="874"/>
							<String ID="string_112" HPOS="890" VPOS="834" WIDTH="285" HEIGHT="40" WC="0.96" CONTENT="avloppsvatten,"/><SP WIDTH="19" VPOS="834" HPOS="1175"/>
							<String ID="string_113" HPOS="1194" VPOS="841" WIDTH="80" HEIGHT="22" WC="0.95" CONTENT="men"/><SP WIDTH="14" VPOS="841" HPOS="1274"/>
							<String ID="string_114" HPOS="1288" VPOS="840" WIDTH="85" HEIGHT="23" WC="0.92" CONTENT="vore"/><SP WIDTH="15" VPOS="840" HPOS="1373"/>
							<String ID="string_115" HPOS="1388" VPOS="830" WIDTH="224" HEIGHT="39" WC="0.92" CONTENT="befolkning-"/>
						</TextLine>
						<TextLine ID="line_12" HPOS="125" VPOS="884" WIDTH="1487" HEIGHT="48">
							<String ID="string_116" HPOS="125" VPOS="902" WIDTH="44" HEIGHT="22" WC="0.96" CONTENT="en"/><SP WIDTH="22" VPOS="902" HPOS="169"/>
							<String ID="string_117" HPOS="191" VPOS="892" WIDTH="168" HEIGHT="40" WC="0.96" CONTENT="utspridd"/><SP WIDTH="22" VPOS="892" HPOS="359"/>
							<String ID="string_118" HPOS="381" VPOS="890" WIDTH="46" HEIGHT="42" WC="0.96" CONTENT="på"/><SP WIDTH="24" VPOS="890" HPOS="427"/>
							<String ID="string_119" HPOS="451" VPOS="893" WIDTH="54" HEIGHT="30" WC="0.96" CONTENT="ett"/><SP WIDTH="22" VPOS="893" HPOS="505"/>
							<String ID="string_120" HPOS="527" VPOS="892" WIDTH="95" HEIGHT="30" WC="0.96" CONTENT="stort"/><SP WIDTH="25" VPOS="892" HPOS="622"/>
							<String ID="string_121" HPOS="647" VPOS="890" WIDTH="99" HEIGHT="31" WC="0.92" CONTENT="antal"/><SP WIDTH="25" VPOS="890" HPOS="746"/>
							<String ID="string_122" HPOS="771" VPOS="888" WIDTH="288" HEIGHT="37" WC="0.89" CONTENT="småsamhällen,"/><SP WIDTH="25" VPOS="888" HPOS="1059"/>
							<String ID="string_123" HPOS="1084" VPOS="887" WIDTH="116" HEIGHT="31" WC="0.95" CONTENT="skulle"/><SP WIDTH="25" VPOS="887" HPOS="1200"/>
							<String ID="string_124" HPOS="1225" VPOS="885" WIDTH="243" HEIGHT="32" WC="0.96" CONTENT="kostnaderna"/><SP WIDTH="25" VPOS="885" HPOS="1468"/>
							<String ID="string_125" HPOS="1493" VPOS="884" WIDTH="47" HEIGHT="31" WC="0.95" CONTENT="bli"/><SP WIDTH="26" VPOS="884" HPOS="1540"/>
							<String ID="string_126" HPOS="1566" VPOS="884" WIDTH="46" HEIGHT="30" WC="0.96" CONTENT="än"/>
						</TextLine>
						<TextLine ID="line_13" HPOS="126" VPOS="947" WIDTH="128" HEIGHT="31">
							<String ID="string_127" HPOS="126" VPOS="947" WIDTH="128" HEIGHT="31" WC="0.96" CONTENT="större."/>
						</TextLine>
					</TextBlock>
				</ComposedBlock>
				<ComposedBlock ID="cblock_3" HPOS="125" VPOS="1001" WIDTH="1489" HEIGHT="208">
					<TextBlock ID="block_3" HPOS="125" VPOS="1001" WIDTH="1489" HEIGHT="208">
						<TextLine ID="line_14" HPOS="169" VPOS="1001" WIDTH="1444" HEIGHT="46">
							<String ID="string_128" HPOS="169" VPOS="1009" WIDTH="80" HEIGHT="31" WC="0.96" CONTENT="Vad"/><SP WIDTH="16" VPOS="1009" HPOS="249"/>
							<String ID="string_129" HPOS="265" VPOS="1009" WIDTH="66" HEIGHT="30" WC="0.96" CONTENT="här"/><SP WIDTH="17" VPOS="1009" HPOS="331"/>
							<String ID="string_130" HPOS="348" VPOS="1009" WIDTH="104" HEIGHT="38" WC="0.96" CONTENT="sagts"/><SP WIDTH="18" VPOS="1009" HPOS="452"/>
							<String ID="string_131" HPOS="470" VPOS="1016" WIDTH="57" HEIGHT="23" WC="0.96" CONTENT="om"/><SP WIDTH="17" VPOS="1016" HPOS="527"/>
							<String ID="string_132" HPOS="544" VPOS="1006" WIDTH="264" HEIGHT="39" WC="0.96" CONTENT="investeringar"/><SP WIDTH="18" VPOS="1006" HPOS="808"/>
							<String ID="string_133" HPOS="826" VPOS="1005" WIDTH="67" HEIGHT="31" WC="0.96" CONTENT="och"/><SP WIDTH="18" VPOS="1005" HPOS="893"/>
							<String ID="string_134" HPOS="911" VPOS="1003" WIDTH="289" HEIGHT="32" WC="0.96" CONTENT="driftkostnader"/><SP WIDTH="19" VPOS="1003" HPOS="1200"/>
							<String ID="string_135" HPOS="1219" VPOS="1002" WIDTH="10" HEIGHT="30" WC="0.96" CONTENT="i"/><SP WIDTH="18" VPOS="1002" HPOS="1229"/>
							<String ID="string_136" HPOS="1247" VPOS="1001" WIDTH="207" HEIGHT="32" WC="0.96" CONTENT="storstaden"/><SP WIDTH="18" VPOS="1001" HPOS="1454"/>
							<String ID="string_137" HPOS="1472" VPOS="1009" WIDTH="63" HEIGHT="31" WC="0.93" CONTENT="ger"/><SP WIDTH="18" VPOS="1009" HPOS="1535"/>
							<String ID="string_138" HPOS="1553" VPOS="1008" WIDTH="60" HEIGHT="22" WC="0.92" CONTENT="an-"/>
						</TextLine>
						<TextLine ID="line_15" HPOS="125" VPOS="1053" WIDTH="1489" HEIGHT="50">
							<String ID="string_139" HPOS="125" VPOS="1063" WIDTH="145" HEIGHT="40" WC="0.96" CONTENT="ledning"/><SP WIDTH="12" VPOS="1063" HPOS="270"/>
							<String ID="string_140" HPOS="282" VPOS="1062" WIDTH="55" HEIGHT="31" WC="0.96" CONTENT="till"/><SP WIDTH="14" VPOS="1062" HPOS="337"/>
							<String ID="string_141" HPOS="351" VPOS="1063" WIDTH="68" HEIGHT="31" WC="0.96" CONTENT="den"/><SP WIDTH="14" VPOS="1063" HPOS="419"/>
							<String ID="string_142" HPOS="433" VPOS="1061" WIDTH="248" HEIGHT="36" WC="0.96" CONTENT="reflektionen,"/><SP WIDTH="15" VPOS="1061" HPOS="681"/>
							<String ID="string_143" HPOS="696" VPOS="1061" WIDTH="56" HEIGHT="30" WC="0.96" CONTENT="att"/><SP WIDTH="13" VPOS="1061" HPOS="752"/>
							<String ID="string_144" HPOS="765" VPOS="1057" WIDTH="290" HEIGHT="42" WC="0.95" CONTENT="uppfattningen,"/><SP WIDTH="15" VPOS="1057" HPOS="1055"/>
							<String ID="string_145" HPOS="1070" VPOS="1058" WIDTH="57" HEIGHT="30" WC="0.96" CONTENT="att"/><SP WIDTH="13" VPOS="1058" HPOS="1127"/>
							<String ID="string_146" HPOS="1140" VPOS="1056" WIDTH="106" HEIGHT="31" WC="0.96" CONTENT="dessa"/><SP WIDTH="17" VPOS="1056" HPOS="1246"/>
							<String ID="string_147" HPOS="1263" VPOS="1056" WIDTH="40" HEIGHT="31" WC="0.93" CONTENT="är"/><SP WIDTH="14" VPOS="1056" HPOS="1303"/>
							<String ID="string_148" HPOS="1317" VPOS="1053" WIDTH="297" HEIGHT="42" WC="0.58" CONTENT="oproportionellt"/>
						</TextLine>
						<TextLine ID="line_16" HPOS="126" VPOS="1108" WIDTH="1487" HEIGHT="49">
							<String ID="string_149" HPOS="126" VPOS="1118" WIDTH="105" HEIGHT="39" WC="0.96" CONTENT="höga,"/><SP WIDTH="15" VPOS="1118" HPOS="231"/>
							<String ID="string_150" HPOS="246" VPOS="1117" WIDTH="73" HEIGHT="30" WC="0.96" CONTENT="inte"/><SP WIDTH="12" VPOS="1117" HPOS="319"/>
							<String ID="string_151" HPOS="331" VPOS="1117" WIDTH="89" HEIGHT="30" WC="0.96" CONTENT="utan"/><SP WIDTH="14" VPOS="1117" HPOS="420"/>
							<String ID="string_152" HPOS="434" VPOS="1125" WIDTH="43" HEIGHT="21" WC="0.93" CONTENT="en"/><SP WIDTH="13" VPOS="1125" HPOS="477"/>
							<String ID="string_153" HPOS="490" VPOS="1114" WIDTH="239" HEIGHT="32" WC="0.91" CONTENT="verifierande"/><SP WIDTH="14" VPOS="1114" HPOS="729"/>
							<String ID="string_154" HPOS="743" VPOS="1112" WIDTH="193" HEIGHT="39" WC="0.96" CONTENT="utredning"/><SP WIDTH="13" VPOS="1112" HPOS="936"/>
							<String ID="string_155" HPOS="949" VPOS="1111" WIDTH="71" HEIGHT="31" WC="0.96" CONTENT="kan"/><SP WIDTH="14" VPOS="1111" HPOS="1020"/>
							<String ID="string_156" HPOS="1034" VPOS="1111" WIDTH="129" HEIGHT="39" WC="0.96" CONTENT="godtas"/><SP WIDTH="15" VPOS="1111" HPOS="1163"/>
							<String ID="string_157" HPOS="1178" VPOS="1119" WIDTH="78" HEIGHT="22" WC="0.96" CONTENT="som"/><SP WIDTH="13" VPOS="1119" HPOS="1256"/>
							<String ID="string_158" HPOS="1269" VPOS="1109" WIDTH="78" HEIGHT="32" WC="0.96" CONTENT="skäl"/><SP WIDTH="14" VPOS="1109" HPOS="1347"/>
							<String ID="string_159" HPOS="1361" VPOS="1108" WIDTH="60" HEIGHT="31" WC="0.96" CONTENT="för"/><SP WIDTH="13" VPOS="1108" HPOS="1421"/>
							<String ID="string_160" HPOS="1434" VPOS="1110" WIDTH="74" HEIGHT="29" WC="0.93" CONTENT="mot"/><SP WIDTH="14" VPOS="1110" HPOS="1508"/>
							<String ID="string_161" HPOS="1522" VPOS="1108" WIDTH="91" HEIGHT="30" WC="0.92" CONTENT="stor-"/>
						</TextLine>
						<TextLine ID="line_17" HPOS="126" VPOS="1167" WIDTH="665" HEIGHT="42">
							<String ID="string_162" HPOS="126" VPOS="1170" WIDTH="312" HEIGHT="39" WC="0.90" CONTENT="stadsbildningen"/><SP WIDTH="15" VPOS="1170" HPOS="438"/>
							<String ID="string_163" HPOS="453" VPOS="1168" WIDTH="140" HEIGHT="32" WC="0.96" CONTENT="riktade"/><SP WIDTH="18" VPOS="1168" HPOS="593"/>
							<String ID="string_164" HPOS="611" VPOS="1167" WIDTH="180" HEIGHT="40" WC="0.96" CONTENT="åtgärder."/>
						</TextLine>
					</TextBlock>
				</ComposedBlock>
				<ComposedBlock ID="cblock_4" HPOS="127" VPOS="1275" WIDTH="499" HEIGHT="41">
					<TextBlock ID="block_4" HPOS="127" VPOS="1275" WIDTH="499" HEIGHT="41">
						<TextLine ID="line_18" HPOS="127" VPOS="1275" WIDTH="499" HEIGHT="41">
							<String ID="string_165" HPOS="127" VPOS="1279" WIDTH="41" HEIGHT="30" WC="0.91" CONTENT="V."/><SP WIDTH="27" VPOS="1279" HPOS="168"/>
							<String ID="string_166" HPOS="195" VPOS="1278" WIDTH="214" HEIGHT="31" WC="0.92" CONTENT="Storstaden"/><SP WIDTH="14" VPOS="1278" HPOS="409"/>
							<String ID="string_167" HPOS="423" VPOS="1286" WIDTH="79" HEIGHT="22" WC="0.96" CONTENT="som"/><SP WIDTH="14" VPOS="1286" HPOS="502"/>
							<String ID="string_168" HPOS="516" VPOS="1275" WIDTH="110" HEIGHT="41" WC="0.95" CONTENT="miljö."/>
						</TextLine>
					</TextBlock>
				</ComposedBlock>
				<ComposedBlock ID="cblock_5" HPOS="126" VPOS="1340" WIDTH="1490" HEIGHT="371">
					<TextBlock ID="block_5" HPOS="126" VPOS="1340" WIDTH="1490" HEIGHT="371">
						<TextLine ID="line_19" HPOS="172" VPOS="1340" WIDTH="1444" HEIGHT="48">
							<String ID="string_169" HPOS="172" VPOS="1348" WIDTH="300" HEIGHT="40" WC="0.96" CONTENT="Uppfattningen,"/><SP WIDTH="19" VPOS="1348" HPOS="472"/>
							<String ID="string_170" HPOS="491" VPOS="1348" WIDTH="56" HEIGHT="30" WC="0.96" CONTENT="att"/><SP WIDTH="17" VPOS="1348" HPOS="547"/>
							<String ID="string_171" HPOS="564" VPOS="1346" WIDTH="207" HEIGHT="32" WC="0.96" CONTENT="storstaden"/><SP WIDTH="18" VPOS="1346" HPOS="771"/>
							<String ID="string_172" HPOS="789" VPOS="1354" WIDTH="77" HEIGHT="23" WC="0.95" CONTENT="som"/><SP WIDTH="18" VPOS="1354" HPOS="866"/>
							<String ID="string_173" HPOS="884" VPOS="1344" WIDTH="100" HEIGHT="40" WC="0.96" CONTENT="miljö"/><SP WIDTH="18" VPOS="1344" HPOS="984"/>
							<String ID="string_174" HPOS="1002" VPOS="1345" WIDTH="42" HEIGHT="30" WC="0.96" CONTENT="är"/><SP WIDTH="18" VPOS="1345" HPOS="1044"/>
							<String ID="string_175" HPOS="1062" VPOS="1345" WIDTH="118" HEIGHT="30" WC="0.96" CONTENT="sämre"/><SP WIDTH="19" VPOS="1345" HPOS="1180"/>
							<String ID="string_176" HPOS="1199" VPOS="1344" WIDTH="45" HEIGHT="30" WC="0.96" CONTENT="än"/><SP WIDTH="18" VPOS="1344" HPOS="1244"/>
							<String ID="string_177" HPOS="1262" VPOS="1342" WIDTH="138" HEIGHT="31" WC="0.96" CONTENT="mindre"/><SP WIDTH="18" VPOS="1342" HPOS="1400"/>
							<String ID="string_178" HPOS="1418" VPOS="1340" WIDTH="198" HEIGHT="32" WC="0.96" CONTENT="samhällen"/>
						</TextLine>
						<TextLine ID="line_20" HPOS="127" VPOS="1394" WIDTH="1488" HEIGHT="47">
							<String ID="string_179" HPOS="127" VPOS="1403" WIDTH="67" HEIGHT="31" WC="0.96" CONTENT="och"/><SP WIDTH="14" VPOS="1403" HPOS="194"/>
							<String ID="string_180" HPOS="208" VPOS="1402" WIDTH="210" HEIGHT="39" WC="0.96" CONTENT="landsbygd,"/><SP WIDTH="16" VPOS="1402" HPOS="418"/>
							<String ID="string_181" HPOS="434" VPOS="1402" WIDTH="68" HEIGHT="30" WC="0.96" CONTENT="har"/><SP WIDTH="12" VPOS="1402" HPOS="502"/>
							<String ID="string_182" HPOS="514" VPOS="1401" WIDTH="55" HEIGHT="31" WC="0.96" CONTENT="till"/><SP WIDTH="15" VPOS="1401" HPOS="569"/>
							<String ID="string_183" HPOS="584" VPOS="1408" WIDTH="108" HEIGHT="32" WC="0.96" CONTENT="synes"/><SP WIDTH="14" VPOS="1408" HPOS="692"/>
							<String ID="string_184" HPOS="706" VPOS="1400" WIDTH="82" HEIGHT="31" WC="0.96" CONTENT="stöd"/><SP WIDTH="14" VPOS="1400" HPOS="788"/>
							<String ID="string_185" HPOS="802" VPOS="1399" WIDTH="11" HEIGHT="30" WC="0.96" CONTENT="i"/><SP WIDTH="14" VPOS="1399" HPOS="813"/>
							<String ID="string_186" HPOS="827" VPOS="1399" WIDTH="99" HEIGHT="31" WC="0.96" CONTENT="vissa"/><SP WIDTH="15" VPOS="1399" HPOS="926"/>
							<String ID="string_187" HPOS="941" VPOS="1397" WIDTH="209" HEIGHT="32" WC="0.96" CONTENT="statistiska"/><SP WIDTH="13" VPOS="1397" HPOS="1150"/>
							<String ID="string_188" HPOS="1163" VPOS="1397" WIDTH="115" HEIGHT="30" WC="0.96" CONTENT="fakta."/><SP WIDTH="17" VPOS="1397" HPOS="1278"/>
							<String ID="string_189" HPOS="1295" VPOS="1397" WIDTH="70" HEIGHT="29" WC="0.96" CONTENT="Det"/><SP WIDTH="14" VPOS="1397" HPOS="1365"/>
							<String ID="string_190" HPOS="1379" VPOS="1395" WIDTH="72" HEIGHT="31" WC="0.96" CONTENT="kan"/><SP WIDTH="14" VPOS="1395" HPOS="1451"/>
							<String ID="string_191" HPOS="1465" VPOS="1394" WIDTH="150" HEIGHT="32" WC="0.96" CONTENT="sålunda"/>
						</TextLine>
						<TextLine ID="line_21" HPOS="126" VPOS="1448" WIDTH="1490" HEIGHT="48">
							<String ID="string_192" HPOS="126" VPOS="1456" WIDTH="177" HEIGHT="40" WC="0.96" CONTENT="åberopas"/><SP WIDTH="19" VPOS="1456" HPOS="303"/>
							<String ID="string_193" HPOS="322" VPOS="1457" WIDTH="56" HEIGHT="30" WC="0.96" CONTENT="att"/><SP WIDTH="20" VPOS="1457" HPOS="378"/>
							<String ID="string_194" HPOS="398" VPOS="1454" WIDTH="279" HEIGHT="40" WC="0.93" CONTENT="brottsligheten"/><SP WIDTH="20" VPOS="1454" HPOS="677"/>
							<String ID="string_195" HPOS="697" VPOS="1472" WIDTH="45" HEIGHT="3" WC="0.92" CONTENT="—"/><SP WIDTH="22" VPOS="1472" HPOS="742"/>
							<String ID="string_196" HPOS="764" VPOS="1453" WIDTH="66" HEIGHT="31" WC="0.96" CONTENT="och"/><SP WIDTH="21" VPOS="1453" HPOS="830"/>
							<String ID="string_197" HPOS="851" VPOS="1451" WIDTH="161" HEIGHT="41" WC="0.92" CONTENT="speciellt"/><SP WIDTH="19" VPOS="1451" HPOS="1012"/>
							<String ID="string_198" HPOS="1031" VPOS="1449" WIDTH="457" HEIGHT="41" WC="0.91" CONTENT="ungdomsbrottsligheten"/><SP WIDTH="20" VPOS="1449" HPOS="1488"/>
							<String ID="string_199" HPOS="1508" VPOS="1467" WIDTH="45" HEIGHT="3" WC="0.92" CONTENT="—"/><SP WIDTH="20" VPOS="1467" HPOS="1553"/>
							<String ID="string_200" HPOS="1573" VPOS="1448" WIDTH="43" HEIGHT="30" WC="0.96" CONTENT="är"/>
						</TextLine>
						<TextLine ID="line_22" HPOS="127" VPOS="1501" WIDTH="1489" HEIGHT="45">
							<String ID="string_201" HPOS="127" VPOS="1511" WIDTH="118" HEIGHT="31" WC="0.96" CONTENT="större"/><SP WIDTH="17" VPOS="1511" HPOS="245"/>
							<String ID="string_202" HPOS="262" VPOS="1510" WIDTH="11" HEIGHT="30" WC="0.96" CONTENT="i"/><SP WIDTH="16" VPOS="1510" HPOS="273"/>
							<String ID="string_203" HPOS="289" VPOS="1509" WIDTH="216" HEIGHT="36" WC="0.96" CONTENT="storstaden,"/><SP WIDTH="18" VPOS="1509" HPOS="505"/>
							<String ID="string_204" HPOS="523" VPOS="1510" WIDTH="56" HEIGHT="29" WC="0.95" CONTENT="att"/><SP WIDTH="16" VPOS="1510" HPOS="579"/>
							<String ID="string_205" HPOS="595" VPOS="1508" WIDTH="42" HEIGHT="31" WC="0.95" CONTENT="de"/><SP WIDTH="17" VPOS="1508" HPOS="637"/>
							<String ID="string_206" HPOS="654" VPOS="1507" WIDTH="152" HEIGHT="31" WC="0.96" CONTENT="nervösa"/><SP WIDTH="17" VPOS="1507" HPOS="806"/>
							<String ID="string_207" HPOS="823" VPOS="1505" WIDTH="259" HEIGHT="41" WC="0.96" CONTENT="sjukdomarna"/><SP WIDTH="17" VPOS="1505" HPOS="1082"/>
							<String ID="string_208" HPOS="1099" VPOS="1505" WIDTH="69" HEIGHT="30" WC="0.96" CONTENT="har"/><SP WIDTH="16" VPOS="1505" HPOS="1168"/>
							<String ID="string_209" HPOS="1184" VPOS="1504" WIDTH="116" HEIGHT="31" WC="0.96" CONTENT="större"/><SP WIDTH="17" VPOS="1504" HPOS="1300"/>
							<String ID="string_210" HPOS="1317" VPOS="1502" WIDTH="215" HEIGHT="39" WC="0.96" CONTENT="utbredning"/><SP WIDTH="18" VPOS="1502" HPOS="1532"/>
							<String ID="string_211" HPOS="1550" VPOS="1501" WIDTH="66" HEIGHT="31" WC="0.96" CONTENT="där"/>
						</TextLine>
						<TextLine ID="line_23" HPOS="127" VPOS="1555" WIDTH="1488" HEIGHT="46">
							<String ID="string_212" HPOS="127" VPOS="1565" WIDTH="67" HEIGHT="30" WC="0.96" CONTENT="och"/><SP WIDTH="21" VPOS="1565" HPOS="194"/>
							<String ID="string_213" HPOS="215" VPOS="1565" WIDTH="57" HEIGHT="30" WC="0.95" CONTENT="att"/><SP WIDTH="20" VPOS="1565" HPOS="272"/>
							<String ID="string_214" HPOS="292" VPOS="1562" WIDTH="226" HEIGHT="32" WC="0.96" CONTENT="storstadens"/><SP WIDTH="18" VPOS="1562" HPOS="518"/>
							<String ID="string_215" HPOS="536" VPOS="1561" WIDTH="160" HEIGHT="40" WC="0.96" CONTENT="manliga"/><SP WIDTH="21" VPOS="1561" HPOS="696"/>
							<String ID="string_216" HPOS="717" VPOS="1559" WIDTH="171" HEIGHT="32" WC="0.95" CONTENT="invånare"/><SP WIDTH="28" VPOS="1559" HPOS="888"/>
							<String ID="string_217" HPOS="916" VPOS="1559" WIDTH="96" HEIGHT="36" WC="0.96" CONTENT="(men"/><SP WIDTH="20" VPOS="1559" HPOS="1012"/>
							<String ID="string_218" HPOS="1032" VPOS="1559" WIDTH="33" HEIGHT="39" WC="0.95" CONTENT="ej"/><SP WIDTH="22" VPOS="1559" HPOS="1065"/>
							<String ID="string_219" HPOS="1087" VPOS="1558" WIDTH="43" HEIGHT="31" WC="0.96" CONTENT="de"/><SP WIDTH="23" VPOS="1558" HPOS="1130"/>
							<String ID="string_220" HPOS="1153" VPOS="1557" WIDTH="200" HEIGHT="39" WC="0.96" CONTENT="kvinnliga)"/><SP WIDTH="29" VPOS="1557" HPOS="1353"/>
							<String ID="string_221" HPOS="1382" VPOS="1557" WIDTH="68" HEIGHT="30" WC="0.95" CONTENT="har"/><SP WIDTH="20" VPOS="1557" HPOS="1450"/>
							<String ID="string_222" HPOS="1470" VPOS="1555" WIDTH="145" HEIGHT="31" WC="0.94" CONTENT="kortare"/>
						</TextLine>
						<TextLine ID="line_24" HPOS="129" VPOS="1608" WIDTH="1487" HEIGHT="49">
							<String ID="string_223" HPOS="129" VPOS="1618" WIDTH="179" HEIGHT="39" WC="0.96" CONTENT="livslängd"/><SP WIDTH="18" VPOS="1618" HPOS="308"/>
							<String ID="string_224" HPOS="326" VPOS="1618" WIDTH="46" HEIGHT="30" WC="0.96" CONTENT="än"/><SP WIDTH="19" VPOS="1618" HPOS="372"/>
							<String ID="string_225" HPOS="391" VPOS="1616" WIDTH="79" HEIGHT="31" WC="0.96" CONTENT="sina"/><SP WIDTH="19" VPOS="1616" HPOS="470"/>
							<String ID="string_226" HPOS="489" VPOS="1616" WIDTH="139" HEIGHT="40" WC="0.96" CONTENT="gelikar"/><SP WIDTH="18" VPOS="1616" HPOS="628"/>
							<String ID="string_227" HPOS="646" VPOS="1615" WIDTH="46" HEIGHT="41" WC="0.96" CONTENT="på"/><SP WIDTH="19" VPOS="1615" HPOS="692"/>
							<String ID="string_228" HPOS="711" VPOS="1615" WIDTH="113" HEIGHT="31" WC="0.96" CONTENT="andra"/><SP WIDTH="19" VPOS="1615" HPOS="824"/>
							<String ID="string_229" HPOS="843" VPOS="1613" WIDTH="74" HEIGHT="31" WC="0.96" CONTENT="håll"/><SP WIDTH="20" VPOS="1613" HPOS="917"/>
							<String ID="string_230" HPOS="937" VPOS="1613" WIDTH="11" HEIGHT="30" WC="0.96" CONTENT="i"/><SP WIDTH="20" VPOS="1613" HPOS="948"/>
							<String ID="string_231" HPOS="968" VPOS="1611" WIDTH="120" HEIGHT="32" WC="0.95" CONTENT="landet"/><SP WIDTH="19" VPOS="1611" HPOS="1088"/>
							<String ID="string_232" HPOS="1107" VPOS="1614" WIDTH="97" HEIGHT="29" WC="0.96" CONTENT="samt"/><SP WIDTH="20" VPOS="1614" HPOS="1204"/>
							<String ID="string_233" HPOS="1224" VPOS="1610" WIDTH="169" HEIGHT="40" WC="0.96" CONTENT="slutligen"/><SP WIDTH="20" VPOS="1610" HPOS="1393"/>
							<String ID="string_234" HPOS="1413" VPOS="1611" WIDTH="56" HEIGHT="29" WC="0.93" CONTENT="att"/><SP WIDTH="19" VPOS="1611" HPOS="1469"/>
							<String ID="string_235" HPOS="1488" VPOS="1608" WIDTH="128" HEIGHT="31" WC="0.92" CONTENT="nativi-"/>
						</TextLine>
						<TextLine ID="line_25" HPOS="129" VPOS="1669" WIDTH="532" HEIGHT="42">
							<String ID="string_236" HPOS="129" VPOS="1674" WIDTH="100" HEIGHT="29" WC="0.96" CONTENT="teten"/><SP WIDTH="16" VPOS="1674" HPOS="229"/>
							<String ID="string_237" HPOS="245" VPOS="1672" WIDTH="40" HEIGHT="31" WC="0.96" CONTENT="är"/><SP WIDTH="17" VPOS="1672" HPOS="285"/>
							<String ID="string_238" HPOS="302" VPOS="1671" WIDTH="100" HEIGHT="40" WC="0.96" CONTENT="lägre"/><SP WIDTH="16" VPOS="1671" HPOS="402"/>
							<String ID="string_239" HPOS="418" VPOS="1671" WIDTH="11" HEIGHT="30" WC="0.96" CONTENT="i"/><SP WIDTH="16" VPOS="1671" HPOS="429"/>
							<String ID="string_240" HPOS="445" VPOS="1669" WIDTH="216" HEIGHT="33" WC="0.96" CONTENT="storstaden."/>
						</TextLine>
					</TextBlock>
				</ComposedBlock>
				<ComposedBlock ID="cblock_6" HPOS="129" VPOS="1724" WIDTH="1494" HEIGHT="752">
					<TextBlock ID="block_6" HPOS="129" VPOS="1724" WIDTH="1490" HEIGHT="369">
						<TextLine ID="line_26" HPOS="173" VPOS="1724" WIDTH="1444" HEIGHT="49">
							<String ID="string_241" HPOS="173" VPOS="1732" WIDTH="466" HEIGHT="41" WC="0.84" CONTENT="Ungdomsbrottsligheten"/><SP WIDTH="23" VPOS="1732" HPOS="639"/>
							<String ID="string_242" HPOS="662" VPOS="1732" WIDTH="42" HEIGHT="30" WC="0.97" CONTENT="är"/><SP WIDTH="22" VPOS="1732" HPOS="704"/>
							<String ID="string_243" HPOS="726" VPOS="1731" WIDTH="58" HEIGHT="30" WC="0.96" CONTENT="väl"/><SP WIDTH="23" VPOS="1731" HPOS="784"/>
							<String ID="string_244" HPOS="807" VPOS="1729" WIDTH="224" HEIGHT="39" WC="0.96" CONTENT="väsentligen"/><SP WIDTH="23" VPOS="1729" HPOS="1031"/>
							<String ID="string_245" HPOS="1054" VPOS="1738" WIDTH="43" HEIGHT="21" WC="0.96" CONTENT="en"/><SP WIDTH="24" VPOS="1738" HPOS="1097"/>
							<String ID="string_246" HPOS="1121" VPOS="1727" WIDTH="96" HEIGHT="31" WC="0.96" CONTENT="form"/><SP WIDTH="23" VPOS="1727" HPOS="1217"/>
							<String ID="string_247" HPOS="1240" VPOS="1736" WIDTH="45" HEIGHT="22" WC="0.93" CONTENT="av"/><SP WIDTH="22" VPOS="1736" HPOS="1285"/>
							<String ID="string_248" HPOS="1307" VPOS="1724" WIDTH="310" HEIGHT="41" WC="0.91" CONTENT="missanpassning"/>
						</TextLine>
						<TextLine ID="line_27" HPOS="129" VPOS="1779" WIDTH="1488" HEIGHT="45">
							<String ID="string_249" HPOS="129" VPOS="1788" WIDTH="56" HEIGHT="31" WC="0.96" CONTENT="till"/><SP WIDTH="17" VPOS="1788" HPOS="185"/>
							<String ID="string_250" HPOS="202" VPOS="1787" WIDTH="192" HEIGHT="31" WC="0.95" CONTENT="samhället"/><SP WIDTH="17" VPOS="1787" HPOS="394"/>
							<String ID="string_251" HPOS="411" VPOS="1787" WIDTH="66" HEIGHT="31" WC="0.96" CONTENT="och"/><SP WIDTH="16" VPOS="1787" HPOS="477"/>
							<String ID="string_252" HPOS="493" VPOS="1786" WIDTH="60" HEIGHT="31" WC="0.96" CONTENT="det"/><SP WIDTH="17" VPOS="1786" HPOS="553"/>
							<String ID="string_253" HPOS="570" VPOS="1786" WIDTH="72" HEIGHT="30" WC="0.96" CONTENT="kan"/><SP WIDTH="17" VPOS="1786" HPOS="642"/>
							<String ID="string_254" HPOS="659" VPOS="1793" WIDTH="111" HEIGHT="31" WC="0.96" CONTENT="synas"/><SP WIDTH="16" VPOS="1793" HPOS="770"/>
							<String ID="string_255" HPOS="786" VPOS="1783" WIDTH="223" HEIGHT="40" WC="0.96" CONTENT="graverande"/><SP WIDTH="18" VPOS="1783" HPOS="1009"/>
							<String ID="string_256" HPOS="1027" VPOS="1783" WIDTH="55" HEIGHT="30" WC="0.93" CONTENT="att"/><SP WIDTH="19" VPOS="1783" HPOS="1082"/>
							<String ID="string_257" HPOS="1101" VPOS="1779" WIDTH="516" HEIGHT="41" WC="0.91" CONTENT="anpassningssvårigheterna"/>
						</TextLine>
						<TextLine ID="line_28" HPOS="129" VPOS="1831" WIDTH="1488" HEIGHT="45">
							<String ID="string_258" HPOS="129" VPOS="1842" WIDTH="43" HEIGHT="30" WC="0.96" CONTENT="är"/><SP WIDTH="11" VPOS="1842" HPOS="172"/>
							<String ID="string_259" HPOS="183" VPOS="1842" WIDTH="116" HEIGHT="30" WC="0.96" CONTENT="större"/><SP WIDTH="12" VPOS="1842" HPOS="299"/>
							<String ID="string_260" HPOS="311" VPOS="1840" WIDTH="109" HEIGHT="31" WC="0.96" CONTENT="bland"/><SP WIDTH="11" VPOS="1840" HPOS="420"/>
							<String ID="string_261" HPOS="431" VPOS="1839" WIDTH="227" HEIGHT="32" WC="0.96" CONTENT="storstadens"/><SP WIDTH="10" VPOS="1839" HPOS="658"/>
							<String ID="string_262" HPOS="668" VPOS="1838" WIDTH="157" HEIGHT="38" WC="0.96" CONTENT="ungdom"/><SP WIDTH="12" VPOS="1838" HPOS="825"/>
							<String ID="string_263" HPOS="837" VPOS="1838" WIDTH="46" HEIGHT="30" WC="0.96" CONTENT="än"/><SP WIDTH="14" VPOS="1838" HPOS="883"/>
							<String ID="string_264" HPOS="897" VPOS="1836" WIDTH="109" HEIGHT="31" WC="0.96" CONTENT="bland"/><SP WIDTH="12" VPOS="1836" HPOS="1006"/>
							<String ID="string_265" HPOS="1018" VPOS="1835" WIDTH="122" HEIGHT="31" WC="0.93" CONTENT="andra."/><SP WIDTH="14" VPOS="1835" HPOS="1140"/>
							<String ID="string_266" HPOS="1154" VPOS="1834" WIDTH="293" HEIGHT="38" WC="0.89" CONTENT="Brottslingarna"/><SP WIDTH="13" VPOS="1834" HPOS="1447"/>
							<String ID="string_267" HPOS="1460" VPOS="1833" WIDTH="42" HEIGHT="30" WC="0.93" CONTENT="är"/><SP WIDTH="11" VPOS="1833" HPOS="1502"/>
							<String ID="string_268" HPOS="1513" VPOS="1831" WIDTH="104" HEIGHT="31" WC="0.91" CONTENT="emel-"/>
						</TextLine>
						<TextLine ID="line_29" HPOS="131" VPOS="1884" WIDTH="1487" HEIGHT="46">
							<String ID="string_269" HPOS="131" VPOS="1894" WIDTH="107" HEIGHT="31" WC="0.92" CONTENT="lertid"/><SP WIDTH="14" VPOS="1894" HPOS="238"/>
							<String ID="string_270" HPOS="252" VPOS="1894" WIDTH="118" HEIGHT="31" WC="0.95" CONTENT="oftare"/><SP WIDTH="12" VPOS="1894" HPOS="370"/>
							<String ID="string_271" HPOS="382" VPOS="1893" WIDTH="56" HEIGHT="32" WC="0.95" CONTENT="till"/><SP WIDTH="13" VPOS="1893" HPOS="438"/>
							<String ID="string_272" HPOS="451" VPOS="1892" WIDTH="206" HEIGHT="32" WC="0.95" CONTENT="storstaden"/><SP WIDTH="15" VPOS="1892" HPOS="657"/>
							<String ID="string_273" HPOS="672" VPOS="1891" WIDTH="193" HEIGHT="39" WC="0.96" CONTENT="inflyttade"/><SP WIDTH="14" VPOS="1891" HPOS="865"/>
							<String ID="string_274" HPOS="879" VPOS="1891" WIDTH="45" HEIGHT="30" WC="0.96" CONTENT="än"/><SP WIDTH="14" VPOS="1891" HPOS="924"/>
							<String ID="string_275" HPOS="938" VPOS="1889" WIDTH="135" HEIGHT="31" WC="0.95" CONTENT="sådana"/><SP WIDTH="13" VPOS="1889" HPOS="1073"/>
							<String ID="string_276" HPOS="1086" VPOS="1897" WIDTH="78" HEIGHT="23" WC="0.96" CONTENT="som"/><SP WIDTH="14" VPOS="1897" HPOS="1164"/>
							<String ID="string_277" HPOS="1178" VPOS="1887" WIDTH="102" HEIGHT="31" WC="0.96" CONTENT="vuxit"/><SP WIDTH="13" VPOS="1887" HPOS="1280"/>
							<String ID="string_278" HPOS="1293" VPOS="1896" WIDTH="71" HEIGHT="30" WC="0.96" CONTENT="upp"/><SP WIDTH="14" VPOS="1896" HPOS="1364"/>
							<String ID="string_279" HPOS="1378" VPOS="1887" WIDTH="11" HEIGHT="29" WC="0.95" CONTENT="i"/><SP WIDTH="14" VPOS="1887" HPOS="1389"/>
							<String ID="string_280" HPOS="1403" VPOS="1886" WIDTH="66" HEIGHT="30" WC="0.93" CONTENT="den"/><SP WIDTH="15" VPOS="1886" HPOS="1469"/>
							<String ID="string_281" HPOS="1484" VPOS="1884" WIDTH="134" HEIGHT="40" WC="0.90" CONTENT="ifråga-"/>
						</TextLine>
						<TextLine ID="line_30" HPOS="131" VPOS="1939" WIDTH="1488" HEIGHT="47">
							<String ID="string_282" HPOS="131" VPOS="1948" WIDTH="157" HEIGHT="31" WC="0.96" CONTENT="varande"/><SP WIDTH="16" VPOS="1948" HPOS="288"/>
							<String ID="string_283" HPOS="304" VPOS="1947" WIDTH="136" HEIGHT="39" WC="0.96" CONTENT="miljön."/><SP WIDTH="17" VPOS="1947" HPOS="440"/>
							<String ID="string_284" HPOS="457" VPOS="1947" WIDTH="113" HEIGHT="30" WC="0.96" CONTENT="Deras"/><SP WIDTH="16" VPOS="1947" HPOS="570"/>
							<String ID="string_285" HPOS="586" VPOS="1944" WIDTH="227" HEIGHT="40" WC="0.96" CONTENT="svårigheter"/><SP WIDTH="18" VPOS="1944" HPOS="813"/>
							<String ID="string_286" HPOS="831" VPOS="1944" WIDTH="105" HEIGHT="39" WC="0.96" CONTENT="tycks"/><SP WIDTH="16" VPOS="1944" HPOS="936"/>
							<String ID="string_287" HPOS="952" VPOS="1942" WIDTH="106" HEIGHT="32" WC="0.95" CONTENT="alltså"/><SP WIDTH="16" VPOS="1942" HPOS="1058"/>
							<String ID="string_288" HPOS="1074" VPOS="1951" WIDTH="149" HEIGHT="22" WC="0.96" CONTENT="snarare"/><SP WIDTH="16" VPOS="1951" HPOS="1223"/>
							<String ID="string_289" HPOS="1239" VPOS="1941" WIDTH="88" HEIGHT="31" WC="0.96" CONTENT="böra"/><SP WIDTH="16" VPOS="1941" HPOS="1327"/>
							<String ID="string_290" HPOS="1343" VPOS="1940" WIDTH="199" HEIGHT="31" WC="0.96" CONTENT="tillskrivas"/><SP WIDTH="16" VPOS="1940" HPOS="1542"/>
							<String ID="string_291" HPOS="1558" VPOS="1939" WIDTH="61" HEIGHT="30" WC="0.96" CONTENT="det"/>
						</TextLine>
						<TextLine ID="line_31" HPOS="131" VPOS="1993" WIDTH="1488" HEIGHT="45">
							<String ID="string_292" HPOS="131" VPOS="2001" WIDTH="253" HEIGHT="37" WC="0.95" CONTENT="förhållandet,"/><SP WIDTH="19" VPOS="2001" HPOS="384"/>
							<String ID="string_293" HPOS="403" VPOS="2002" WIDTH="57" HEIGHT="30" WC="0.96" CONTENT="att"/><SP WIDTH="15" VPOS="2002" HPOS="460"/>
							<String ID="string_294" HPOS="475" VPOS="1999" WIDTH="206" HEIGHT="32" WC="0.96" CONTENT="storstaden"/><SP WIDTH="16" VPOS="1999" HPOS="681"/>
							<String ID="string_295" HPOS="697" VPOS="1999" WIDTH="42" HEIGHT="30" WC="0.96" CONTENT="är"/><SP WIDTH="15" VPOS="1999" HPOS="739"/>
							<String ID="string_296" HPOS="754" VPOS="2007" WIDTH="42" HEIGHT="22" WC="0.96" CONTENT="en"/><SP WIDTH="17" VPOS="2007" HPOS="796"/>
							<String ID="string_297" HPOS="813" VPOS="1998" WIDTH="60" HEIGHT="30" WC="0.96" CONTENT="för"/><SP WIDTH="16" VPOS="1998" HPOS="873"/>
							<String ID="string_298" HPOS="889" VPOS="1998" WIDTH="79" HEIGHT="30" WC="0.96" CONTENT="dem"/><SP WIDTH="16" VPOS="1998" HPOS="968"/>
							<String ID="string_299" HPOS="984" VPOS="2006" WIDTH="47" HEIGHT="30" WC="0.96" CONTENT="ny"/><SP WIDTH="15" VPOS="2006" HPOS="1031"/>
							<String ID="string_300" HPOS="1046" VPOS="1997" WIDTH="66" HEIGHT="30" WC="0.96" CONTENT="och"/><SP WIDTH="18" VPOS="1997" HPOS="1112"/>
							<String ID="string_301" HPOS="1130" VPOS="1994" WIDTH="225" HEIGHT="32" WC="0.96" CONTENT="främmande"/><SP WIDTH="16" VPOS="1994" HPOS="1355"/>
							<String ID="string_302" HPOS="1371" VPOS="1993" WIDTH="111" HEIGHT="39" WC="0.96" CONTENT="miljö,"/><SP WIDTH="19" VPOS="1993" HPOS="1482"/>
							<String ID="string_303" HPOS="1501" VPOS="1993" WIDTH="44" HEIGHT="30" WC="0.96" CONTENT="än"/><SP WIDTH="18" VPOS="1993" HPOS="1545"/>
							<String ID="string_304" HPOS="1563" VPOS="1994" WIDTH="56" HEIGHT="29" WC="0.96" CONTENT="att"/>
						</TextLine>
						<TextLine ID="line_32" HPOS="132" VPOS="2052" WIDTH="705" HEIGHT="41">
							<String ID="string_305" HPOS="132" VPOS="2056" WIDTH="68" HEIGHT="31" WC="0.96" CONTENT="den"/><SP WIDTH="18" VPOS="2056" HPOS="200"/>
							<String ID="string_306" HPOS="218" VPOS="2056" WIDTH="42" HEIGHT="30" WC="0.96" CONTENT="är"/><SP WIDTH="16" VPOS="2056" HPOS="260"/>
							<String ID="string_307" HPOS="276" VPOS="2064" WIDTH="42" HEIGHT="21" WC="0.96" CONTENT="en"/><SP WIDTH="19" VPOS="2064" HPOS="318"/>
							<String ID="string_308" HPOS="337" VPOS="2055" WIDTH="10" HEIGHT="30" WC="0.96" CONTENT="i"/><SP WIDTH="18" VPOS="2055" HPOS="347"/>
							<String ID="string_309" HPOS="365" VPOS="2055" WIDTH="67" HEIGHT="31" WC="0.96" CONTENT="och"/><SP WIDTH="17" VPOS="2055" HPOS="432"/>
							<String ID="string_310" HPOS="449" VPOS="2054" WIDTH="59" HEIGHT="31" WC="0.96" CONTENT="för"/><SP WIDTH="18" VPOS="2054" HPOS="508"/>
							<String ID="string_311" HPOS="526" VPOS="2054" WIDTH="55" HEIGHT="39" WC="0.96" CONTENT="sig"/><SP WIDTH="19" VPOS="2054" HPOS="581"/>
							<String ID="string_312" HPOS="600" VPOS="2052" WIDTH="97" HEIGHT="40" WC="0.96" CONTENT="dålig"/><SP WIDTH="19" VPOS="2052" HPOS="697"/>
							<String ID="string_313" HPOS="716" VPOS="2052" WIDTH="121" HEIGHT="31" WC="0.95" CONTENT="sådan."/>
						</TextLine>
					</TextBlock>
					<TextBlock ID="block_7" HPOS="132" VPOS="2109" WIDTH="1491" HEIGHT="367">
						<TextLine ID="line_33" HPOS="175" VPOS="2109" WIDTH="1444" HEIGHT="46">
							<String ID="string_314" HPOS="175" VPOS="2118" WIDTH="52" HEIGHT="30" WC="0.96" CONTENT="De"/><SP WIDTH="20" VPOS="2118" HPOS="227"/>
							<String ID="string_315" HPOS="247" VPOS="2117" WIDTH="152" HEIGHT="30" WC="0.93" CONTENT="nervösa"/><SP WIDTH="20" VPOS="2117" HPOS="399"/>
							<String ID="string_316" HPOS="419" VPOS="2115" WIDTH="278" HEIGHT="40" WC="0.92" CONTENT="sjukdomarnas"/><SP WIDTH="21" VPOS="2115" HPOS="697"/>
							<String ID="string_317" HPOS="718" VPOS="2115" WIDTH="100" HEIGHT="29" WC="0.96" CONTENT="stora"/><SP WIDTH="21" VPOS="2115" HPOS="818"/>
							<String ID="string_318" HPOS="839" VPOS="2112" WIDTH="220" HEIGHT="39" WC="0.96" CONTENT="omfattning"/><SP WIDTH="22" VPOS="2112" HPOS="1059"/>
							<String ID="string_319" HPOS="1081" VPOS="2112" WIDTH="71" HEIGHT="30" WC="0.95" CONTENT="kan"/><SP WIDTH="22" VPOS="2112" HPOS="1152"/>
							<String ID="string_320" HPOS="1174" VPOS="2110" WIDTH="112" HEIGHT="32" WC="0.96" CONTENT="delvis"/><SP WIDTH="20" VPOS="2110" HPOS="1286"/>
							<String ID="string_321" HPOS="1306" VPOS="2109" WIDTH="200" HEIGHT="32" WC="0.93" CONTENT="tillskrivas"/><SP WIDTH="21" VPOS="2109" HPOS="1506"/>
							<String ID="string_322" HPOS="1527" VPOS="2117" WIDTH="92" HEIGHT="21" WC="0.92" CONTENT="sam-"/>
						</TextLine>
						<TextLine ID="line_34" HPOS="132" VPOS="2161" WIDTH="1488" HEIGHT="43">
							<String ID="string_323" HPOS="132" VPOS="2179" WIDTH="59" HEIGHT="22" WC="0.96" CONTENT="ma"/><SP WIDTH="18" VPOS="2179" HPOS="191"/>
							<String ID="string_324" HPOS="209" VPOS="2169" WIDTH="236" HEIGHT="32" WC="0.95" CONTENT="förhållande."/><SP WIDTH="20" VPOS="2169" HPOS="445"/>
							<String ID="string_325" HPOS="465" VPOS="2170" WIDTH="74" HEIGHT="29" WC="0.96" CONTENT="Den"/><SP WIDTH="18" VPOS="2170" HPOS="539"/>
							<String ID="string_326" HPOS="557" VPOS="2168" WIDTH="171" HEIGHT="30" WC="0.96" CONTENT="moderna"/><SP WIDTH="19" VPOS="2168" HPOS="728"/>
							<String ID="string_327" HPOS="747" VPOS="2166" WIDTH="206" HEIGHT="31" WC="0.96" CONTENT="storstaden"/><SP WIDTH="20" VPOS="2166" HPOS="953"/>
							<String ID="string_328" HPOS="973" VPOS="2166" WIDTH="268" HEIGHT="38" WC="0.96" CONTENT="representerar"/><SP WIDTH="19" VPOS="2166" HPOS="1241"/>
							<String ID="string_329" HPOS="1260" VPOS="2173" WIDTH="42" HEIGHT="21" WC="0.96" CONTENT="en"/><SP WIDTH="20" VPOS="2173" HPOS="1302"/>
							<String ID="string_330" HPOS="1322" VPOS="2162" WIDTH="75" HEIGHT="32" WC="0.97" CONTENT="helt"/><SP WIDTH="20" VPOS="2162" HPOS="1397"/>
							<String ID="string_331" HPOS="1417" VPOS="2171" WIDTH="47" HEIGHT="30" WC="0.92" CONTENT="ny"/><SP WIDTH="19" VPOS="2171" HPOS="1464"/>
							<String ID="string_332" HPOS="1483" VPOS="2161" WIDTH="137" HEIGHT="31" WC="0.92" CONTENT="kultur-"/>
						</TextLine>
						<TextLine ID="line_35" HPOS="132" VPOS="2214" WIDTH="1489" HEIGHT="47">
							<String ID="string_333" HPOS="132" VPOS="2224" WIDTH="107" HEIGHT="36" WC="0.95" CONTENT="form,"/><SP WIDTH="23" VPOS="2224" HPOS="239"/>
							<String ID="string_334" HPOS="262" VPOS="2223" WIDTH="106" HEIGHT="31" WC="0.95" CONTENT="stadd"/><SP WIDTH="22" VPOS="2223" HPOS="368"/>
							<String ID="string_335" HPOS="390" VPOS="2223" WIDTH="11" HEIGHT="29" WC="0.95" CONTENT="i"/><SP WIDTH="23" VPOS="2223" HPOS="401"/>
							<String ID="string_336" HPOS="424" VPOS="2222" WIDTH="121" HEIGHT="39" WC="0.96" CONTENT="hastig"/><SP WIDTH="22" VPOS="2222" HPOS="545"/>
							<String ID="string_337" HPOS="567" VPOS="2221" WIDTH="216" HEIGHT="38" WC="0.96" CONTENT="utveckling."/><SP WIDTH="25" VPOS="2221" HPOS="783"/>
							<String ID="string_338" HPOS="808" VPOS="2221" WIDTH="55" HEIGHT="28" WC="0.96" CONTENT="En"/><SP WIDTH="22" VPOS="2221" HPOS="863"/>
							<String ID="string_339" HPOS="885" VPOS="2218" WIDTH="199" HEIGHT="40" WC="0.96" CONTENT="betydande"/><SP WIDTH="23" VPOS="2218" HPOS="1084"/>
							<String ID="string_340" HPOS="1107" VPOS="2217" WIDTH="57" HEIGHT="31" WC="0.96" CONTENT="del"/><SP WIDTH="24" VPOS="2217" HPOS="1164"/>
							<String ID="string_341" HPOS="1188" VPOS="2227" WIDTH="44" HEIGHT="21" WC="0.96" CONTENT="av"/><SP WIDTH="24" VPOS="2227" HPOS="1232"/>
							<String ID="string_342" HPOS="1256" VPOS="2217" WIDTH="80" HEIGHT="31" WC="0.96" CONTENT="dess"/><SP WIDTH="24" VPOS="2217" HPOS="1336"/>
							<String ID="string_343" HPOS="1360" VPOS="2215" WIDTH="170" HEIGHT="31" WC="0.96" CONTENT="invånare"/><SP WIDTH="23" VPOS="2215" HPOS="1530"/>
							<String ID="string_344" HPOS="1553" VPOS="2214" WIDTH="68" HEIGHT="30" WC="0.96" CONTENT="har"/>
						</TextLine>
						<TextLine ID="line_36" HPOS="133" VPOS="2268" WIDTH="1488" HEIGHT="47">
							<String ID="string_345" HPOS="133" VPOS="2277" WIDTH="104" HEIGHT="30" WC="0.96" CONTENT="vuxit"/><SP WIDTH="12" VPOS="2277" HPOS="237"/>
							<String ID="string_346" HPOS="249" VPOS="2285" WIDTH="70" HEIGHT="30" WC="0.96" CONTENT="upp"/><SP WIDTH="14" VPOS="2285" HPOS="319"/>
							<String ID="string_347" HPOS="333" VPOS="2276" WIDTH="96" HEIGHT="30" WC="0.96" CONTENT="inom"/><SP WIDTH="16" VPOS="2276" HPOS="429"/>
							<String ID="string_348" HPOS="445" VPOS="2275" WIDTH="64" HEIGHT="31" WC="0.96" CONTENT="och"/><SP WIDTH="14" VPOS="2275" HPOS="509"/>
							<String ID="string_349" HPOS="523" VPOS="2276" WIDTH="174" HEIGHT="37" WC="0.96" CONTENT="anpassat"/><SP WIDTH="13" VPOS="2276" HPOS="697"/>
							<String ID="string_350" HPOS="710" VPOS="2273" WIDTH="55" HEIGHT="39" WC="0.95" CONTENT="sig"/><SP WIDTH="14" VPOS="2273" HPOS="765"/>
							<String ID="string_351" HPOS="779" VPOS="2273" WIDTH="55" HEIGHT="30" WC="0.96" CONTENT="till"/><SP WIDTH="14" VPOS="2273" HPOS="834"/>
							<String ID="string_352" HPOS="848" VPOS="2272" WIDTH="142" HEIGHT="38" WC="0.96" CONTENT="miljöer"/><SP WIDTH="14" VPOS="2272" HPOS="990"/>
							<String ID="string_353" HPOS="1004" VPOS="2280" WIDTH="44" HEIGHT="21" WC="0.96" CONTENT="av"/><SP WIDTH="14" VPOS="2280" HPOS="1048"/>
							<String ID="string_354" HPOS="1062" VPOS="2272" WIDTH="112" HEIGHT="29" WC="0.96" CONTENT="annat"/><SP WIDTH="13" VPOS="2272" HPOS="1174"/>
							<String ID="string_355" HPOS="1187" VPOS="2270" WIDTH="88" HEIGHT="38" WC="0.96" CONTENT="slag,"/><SP WIDTH="16" VPOS="2270" HPOS="1275"/>
							<String ID="string_356" HPOS="1291" VPOS="2270" WIDTH="65" HEIGHT="30" WC="0.96" CONTENT="och"/><SP WIDTH="14" VPOS="2270" HPOS="1356"/>
							<String ID="string_357" HPOS="1370" VPOS="2269" WIDTH="62" HEIGHT="30" WC="0.96" CONTENT="det"/><SP WIDTH="13" VPOS="2269" HPOS="1432"/>
							<String ID="string_358" HPOS="1445" VPOS="2269" WIDTH="41" HEIGHT="29" WC="0.93" CONTENT="är"/><SP WIDTH="13" VPOS="2269" HPOS="1486"/>
							<String ID="string_359" HPOS="1499" VPOS="2268" WIDTH="122" HEIGHT="30" WC="0.92" CONTENT="natur-"/>
						</TextLine>
						<TextLine ID="line_37" HPOS="133" VPOS="2319" WIDTH="1489" HEIGHT="50">
							<String ID="string_360" HPOS="133" VPOS="2330" WIDTH="78" HEIGHT="39" WC="0.96" CONTENT="ligt,"/><SP WIDTH="20" VPOS="2330" HPOS="211"/>
							<String ID="string_361" HPOS="231" VPOS="2331" WIDTH="55" HEIGHT="29" WC="0.93" CONTENT="att"/><SP WIDTH="18" VPOS="2331" HPOS="286"/>
							<String ID="string_362" HPOS="304" VPOS="2328" WIDTH="307" HEIGHT="40" WC="0.91" CONTENT="omplanteringen"/><SP WIDTH="19" VPOS="2328" HPOS="611"/>
							<String ID="string_363" HPOS="630" VPOS="2327" WIDTH="59" HEIGHT="30" WC="0.96" CONTENT="för"/><SP WIDTH="19" VPOS="2327" HPOS="689"/>
							<String ID="string_364" HPOS="708" VPOS="2327" WIDTH="79" HEIGHT="30" WC="0.96" CONTENT="med"/><SP WIDTH="18" VPOS="2327" HPOS="787"/>
							<String ID="string_365" HPOS="805" VPOS="2326" WIDTH="57" HEIGHT="38" WC="0.93" CONTENT="sig"/><SP WIDTH="17" VPOS="2326" HPOS="862"/>
							<String ID="string_366" HPOS="879" VPOS="2323" WIDTH="481" HEIGHT="39" WC="0.91" CONTENT="omställningssvårigheter"/><SP WIDTH="19" VPOS="2323" HPOS="1360"/>
							<String ID="string_367" HPOS="1379" VPOS="2321" WIDTH="65" HEIGHT="31" WC="0.96" CONTENT="och"/><SP WIDTH="19" VPOS="2321" HPOS="1444"/>
							<String ID="string_368" HPOS="1463" VPOS="2319" WIDTH="159" HEIGHT="32" WC="0.86" CONTENT="vantriv-"/>
						</TextLine>
						<TextLine ID="line_38" HPOS="134" VPOS="2373" WIDTH="1488" HEIGHT="46">
							<String ID="string_369" HPOS="134" VPOS="2384" WIDTH="51" HEIGHT="30" WC="0.96" CONTENT="sel"/><SP WIDTH="18" VPOS="2384" HPOS="185"/>
							<String ID="string_370" HPOS="203" VPOS="2383" WIDTH="80" HEIGHT="31" WC="0.97" CONTENT="med"/><SP WIDTH="16" VPOS="2383" HPOS="283"/>
							<String ID="string_371" HPOS="299" VPOS="2383" WIDTH="151" HEIGHT="30" WC="0.96" CONTENT="nervösa"/><SP WIDTH="18" VPOS="2383" HPOS="450"/>
							<String ID="string_372" HPOS="468" VPOS="2381" WIDTH="221" HEIGHT="38" WC="0.96" CONTENT="rubbningar"/><SP WIDTH="16" VPOS="2381" HPOS="689"/>
							<String ID="string_373" HPOS="705" VPOS="2389" WIDTH="76" HEIGHT="21" WC="0.96" CONTENT="som"/><SP WIDTH="18" VPOS="2389" HPOS="781"/>
							<String ID="string_374" HPOS="799" VPOS="2379" WIDTH="101" HEIGHT="39" WC="0.95" CONTENT="följd."/><SP WIDTH="20" VPOS="2379" HPOS="900"/>
							<String ID="string_375" HPOS="920" VPOS="2377" WIDTH="244" HEIGHT="39" WC="0.96" CONTENT="Naturligtvis"/><SP WIDTH="18" VPOS="2377" HPOS="1164"/>
							<String ID="string_376" HPOS="1182" VPOS="2377" WIDTH="69" HEIGHT="29" WC="0.96" CONTENT="kan"/><SP WIDTH="19" VPOS="2377" HPOS="1251"/>
							<String ID="string_377" HPOS="1270" VPOS="2376" WIDTH="59" HEIGHT="30" WC="0.95" CONTENT="det"/><SP WIDTH="18" VPOS="2376" HPOS="1329"/>
							<String ID="string_378" HPOS="1347" VPOS="2375" WIDTH="121" HEIGHT="30" WC="0.92" CONTENT="finnas"/><SP WIDTH="18" VPOS="2375" HPOS="1468"/>
							<String ID="string_379" HPOS="1486" VPOS="2373" WIDTH="136" HEIGHT="31" WC="0.92" CONTENT="männi-"/>
						</TextLine>
						<TextLine ID="line_39" HPOS="134" VPOS="2427" WIDTH="1489" HEIGHT="49">
							<String ID="string_380" HPOS="134" VPOS="2437" WIDTH="182" HEIGHT="39" WC="0.91" CONTENT="skotyper,"/><SP WIDTH="25" VPOS="2437" HPOS="316"/>
							<String ID="string_381" HPOS="341" VPOS="2445" WIDTH="77" HEIGHT="22" WC="0.97" CONTENT="som"/><SP WIDTH="23" VPOS="2445" HPOS="418"/>
							<String ID="string_382" HPOS="441" VPOS="2437" WIDTH="78" HEIGHT="29" WC="0.96" CONTENT="rent"/><SP WIDTH="22" VPOS="2437" HPOS="519"/>
							<String ID="string_383" HPOS="541" VPOS="2433" WIDTH="306" HEIGHT="32" WC="0.96" CONTENT="konstitutionellt"/><SP WIDTH="22" VPOS="2433" HPOS="847"/>
							<String ID="string_384" HPOS="869" VPOS="2433" WIDTH="67" HEIGHT="29" WC="0.95" CONTENT="har"/><SP WIDTH="22" VPOS="2433" HPOS="936"/>
							<String ID="string_385" HPOS="958" VPOS="2431" WIDTH="118" HEIGHT="39" WC="0.96" CONTENT="dåliga"/><SP WIDTH="23" VPOS="2431" HPOS="1076"/>
							<String ID="string_386" HPOS="1099" VPOS="2429" WIDTH="309" HEIGHT="38" WC="0.96" CONTENT="förutsättningar"/><SP WIDTH="23" VPOS="2429" HPOS="1408"/>
							<String ID="string_387" HPOS="1431" VPOS="2430" WIDTH="54" HEIGHT="29" WC="0.96" CONTENT="att"/><SP WIDTH="23" VPOS="2430" HPOS="1485"/>
							<String ID="string_388" HPOS="1508" VPOS="2427" WIDTH="115" HEIGHT="31" WC="0.96" CONTENT="trivas"/>
						</TextLine>
					</TextBlock>
				</ComposedBlock>
			</PrintSpace>
		</Page>
	</Layout>
</alto>
