1912 2828
275 173 18 30 8
748 177 230 28 Statsutskottets
1000 178 149 27 utlåtande
1170 179 48 26 Nr
1243 179 66 28 103.

279 249 101 31 »eller
398 248 149 32 kommer
565 251 50 29 att
634 250 134 30 ordna».
798 250 55 31 Då
870 250 330 42 ändringsförslaget
1217 253 36 29 är
1270 254 100 38 ägnat
1390 254 47 29 att
1456 252 208 32 förekomma
1683 253 94 30 fram-

277 290 72 32 tida
366 291 130 37 tvister,
515 291 154 31 ansluter
686 291 55 42 jag
758 292 69 40 mig
844 292 55 31 till
918 292 194 32 detsamma.

328 333 211 41 Delegerade
560 334 86 31 hava
668 336 100 39 ägnat
789 334 147 32 särskild
959 335 298 41 uppmärksamhet
1279 338 34 29 åt
1336 336 118 41 frågan
1477 348 54 19 om
1554 337 58 32 det
1634 340 76 36 sätt,
1734 340 42 39 på

276 375 104 31 vilket
400 376 357 41 stadsplanefrågorna
776 376 106 32 borde
902 377 165 41 anknytas
1087 378 55 30 till
1161 378 284 41 avtalsförslaget.
1476 379 60 31 Ett
1556 379 112 32 direkt
1688 380 88 31 avtal

276 428 54 20 om
349 420 50 28 att
417 418 92 31 vissa
527 421 168 38 noggrant
714 419 144 40 angivna
878 419 62 31 och
959 419 79 31 fullt
1057 419 199 32 utarbetade
1277 420 384 42 stadsplaneändringar
1682 422 94 31 skola

277 460 215 40 genomföras
518 460 61 31 har
604 460 171 41 nämligen
802 460 73 31 icke
903 463 129 29 ansetts
1059 461 116 31 kunna
1200 462 76 30 med
1303 461 173 32 bindande
1504 463 125 31 verkan
1656 463 120 31 träffas

275 502 124 31 mellan
424 502 129 31 kronan
579 503 63 30 och
668 503 128 31 staden.
834 503 99 31 Efter
958 505 49 29 att
1032 503 87 31 hava
1145 506 159 39 övervägt
1331 505 91 31 olika
1448 505 218 41 möjligheter
1691 506 85 31 hava

276 544 201 41 delegerade
495 546 95 29 enats
609 555 54 20 om
681 546 49 29 att
747 546 149 40 upptaga
913 556 43 20 en
972 545 124 31 allmän
1113 545 239 32 bestämmelse
1371 547 115 30 därom
1503 547 11 30 1
1532 546 109 32 själva
1659 548 118 30 avtals-

276 586 165 41 förslaget
472 605 42 3 —
547 586 110 31 under
690 587 71 30 avd.
796 587 19 30 I
848 587 109 41 punkt
989 588 18 30 3
1040 606 43 4 -—
1116 590 88 28 samt
1227 589 48 30 att
1299 588 11 30 i
1334 598 42 20 en
1400 588 112 41 bilaga
1535 588 54 31 till
1613 588 163 41 förslaget

275 629 120 41 angiva
422 629 170 40 riktlinjer
619 629 54 30 för
699 629 435 41 stadsplaneändringarna.
1175 630 210 41 Härigenom
1412 632 106 36 torde,
1548 634 114 29 såsom
1690 632 85 32 dele-

275 671 122 41 gerade
422 671 195 37 framhållit,
642 671 182 41 tillräcklig
848 672 131 41 garanti
1003 673 121 30 vinnas
1150 673 53 30 för
1227 675 48 28 att
1300 673 227 41 ändringarna
1554 674 101 31 också
1681 674 94 31 skola

273 713 134 31 komma
427 713 54 31 till
502 713 109 31 stånd.
645 713 19 31 I
685 713 95 41 fråga
800 724 55 20 om
877 714 41 30 de
941 714 166 31 särskilda
1130 714 359 42 stadsplanefrågorna
1510 717 54 29 må
1585 715 191 31 emellertid

275 755 152 41 följande
446 755 205 31 framhållas.
670 755 53 31 En
741 756 55 30 del
813 766 40 20 av
871 756 41 31 de
930 755 127 32 kronan
1075 756 204 31 tillerkända
1297 757 182 31 områdena
1496 757 81 41 ingå
1593 758 54 30 för
1664 759 112 29 närva-

274 798 103 31 rande
397 798 12 30 1
428 798 221 40 stadsplanen
669 800 111 29 såsom
799 800 98 39 gator
916 798 82 31 eller
1017 798 171 32 allmänna
1206 799 136 40 platser.
1376 800 111 31 Dessa
1507 800 162 31 områden
1690 801 85 31 hava

274 840 196 40 föreslagits
498 840 95 31 skola
622 840 167 31 ombildas
817 840 55 31 till
901 842 37 29 så
965 840 133 31 kallade
1128 841 299 41 specialområden.
1469 842 212 41 Härigenom
1709 843 65 31 kan

274 882 177 41 samtidigt
470 884 18 29 å
507 893 61 20 ena
587 882 100 31 sidan
705 882 147 31 kronans
873 882 198 41 äganderätt
1090 883 55 30 till
1165 883 180 31 områdena
1365 886 138 38 tryggas
1524 887 91 28 emot
1635 885 138 31 stadens

273 924 226 41 lösningsrätt
517 924 107 41 enligt
644 923 78 42 218
757 924 298 41 stadsplanelagen
1075 925 64 31 och
1158 927 19 29 å
1196 925 103 31 andra
1319 925 100 31 sidan
1439 926 204 40 stadgandet
1663 926 12 30 i
1694 926 39 31 25
1754 926 20 41 8

272 966 334 42 byggnadsstadgan,
629 968 49 30 att
700 967 90 40 varje
812 969 87 29 tomt
920 967 85 31 skall
1026 967 87 31 hava
1136 969 99 38 gräns
1258 970 70 29 mot
1350 968 54 30 för
1426 968 124 31 allmän
1573 968 201 32 samfärdsel

273 1011 110 29 avsett
403 1009 145 37 område,
568 1008 183 42 uppfyllas.
782 1009 52 31 De
856 1009 372 41 detaljbestämmelser,
1250 1020 73 20 som
1344 1012 167 39 upptagas
1531 1010 12 30 i
1564 1010 146 41 bilagan,
1733 1012 41 39 gå

273 1051 11 30 i
308 1051 180 31 huvudsak
512 1053 36 29 ut
573 1053 44 39 på
643 1053 57 35 att,
727 1051 75 31 med
828 1051 172 41 undantag
1026 1051 54 31 för
1106 1051 41 31 de
1174 1052 160 30 områden
1361 1063 73 20 som
1461 1052 94 31 skola
1583 1054 189 39 avstängas,

273 1093 168 31 stadfästa
464 1093 64 31 vad
550 1104 74 20 som
648 1104 46 20 nu
717 1093 97 31 råder
838 1094 11 30 i
874 1093 94 40 fråga
992 1104 54 20 om
1071 1093 199 32 områdenas
1295 1094 218 41 användning
1539 1094 62 31 och
1627 1094 146 31 faktiska

272 1134 164 31 karaktär.
464 1135 52 31 De
533 1135 324 41 detaljföreskrifter
873 1137 80 35 åter,
970 1146 73 20 som
1061 1135 135 31 influtit
1212 1136 11 30 i
1240 1136 72 30 avd.
1330 1136 19 30 I
1366 1136 109 38 punkt
1490 1137 28 36 3,
1536 1138 58 29 äro
1613 1148 41 19 av
1671 1137 104 30 sådan

271 1176 248 38 beskaffenhet,
539 1179 48 28 att
605 1177 41 31 de
664 1176 72 31 icke
753 1176 115 32 kunna
884 1178 138 40 antagas
1041 1178 114 30 såsom
1168 1175 464 43 stadsplanebestämmelser.
1652 1177 122 31 Marin-

272 1219 253 41 förvaltningen
543 1219 62 31 har
623 1219 216 31 beträffande
860 1219 211 41 stadgandet,
1093 1220 50 31 att
1164 1219 153 32 enskilda
1337 1220 111 31 skulle
1469 1222 61 39 äga
1550 1222 68 29 rätt
1639 1222 49 29 att
1709 1220 64 32 till-

273 1261 111 41 fälligt
412 1261 62 31 och
501 1262 76 30 med
604 1261 131 31 mindre
760 1261 98 31 båtar
884 1261 97 41 lägga
1007 1261 55 31 till
1089 1261 59 31 vid
1174 1261 359 41 Kungsbroområdets
1561 1262 96 41 kajer
1684 1263 89 30 velat

272 1303 124 31 mellan
414 1303 97 31 ordet
530 1305 85 29 »att>
638 1303 61 31 och
717 1303 96 31 ordet
833 1303 204 41 »tillfälligt»
1058 1303 154 41 inskjuta
1230 1304 105 31 orden
1356 1304 127 41 »enligt
1501 1303 116 32 därför
1635 1304 137 31 särskilt

272 1346 179 30 utfärdade
471 1345 244 32 föreskrifter».
748 1345 210 41 Härigenom
979 1346 109 31 skulle
1110 1348 35 28 åt
1165 1346 391 31 marindistriktschefen
1577 1349 194 38 garanteras

272 1398 41 21 en
327 1388 197 40 nödvändig
537 1387 208 41 befogenhet
760 1390 49 29 att
824 1388 130 41 reglera
970 1388 56 31 det
1041 1388 77 31 från
1133 1388 146 31 kronans
1296 1388 76 31 sida
1387 1388 120 41 gjorda
1522 1388 248 41 medgivandet.

271 1430 103 30 Detta
401 1430 381 41 marinförvaltningens
810 1430 129 41 förslag
966 1441 101 30 synes
1095 1430 70 41 mig
1191 1430 82 31 böra
1300 1430 141 31 beaktas
1470 1430 62 31 och
1561 1430 66 31 den
1654 1430 118 41 ifråga-

271 1472 146 31 varande
452 1472 264 32 bestämmelsen
752 1472 115 31 därför
903 1472 200 31 formuleras
1141 1474 111 30 såsom
1289 1472 364 40 marinförvaltningen
1689 1472 83 31 före-

271 1514 110 40 slagit.

323 1556 83 31 Med
433 1556 166 31 avseende
628 1558 19 29 å
673 1556 259 32 föreskrifterna
956 1557 11 30 i
993 1556 73 31 avd.
1094 1556 19 31 I
1140 1556 108 42 punkt
1273 1557 19 30 4
1319 1556 97 31 torde
1442 1555 84 32 böra
1550 1556 130 31 lämnas
1708 1554 64 45 den

271 1598 191 41 uppgiften,
493 1600 49 29 att
572 1599 11 30 i
604 1599 41 30 33
665 1598 21 41 &
705 1610 40 19 av
765 1598 139 32 stadens
925 1598 287 41 ordningsstadga
1230 1597 215 38 bestämmes,
1467 1598 50 31 att
1535 1597 71 32 viss
1627 1596 146 40 skyldig-

270 1640 57 32 het
352 1643 50 28 att
426 1640 193 41 ombesörja
644 1641 214 41 renhållning
883 1651 41 20 av
947 1642 85 40 gata,
1058 1643 77 38 torg
1159 1640 61 31 och
1245 1650 111 21 annan
1381 1640 123 31 allmän
1529 1639 90 42 plats
1645 1639 128 42 åligger

270 1683 234 40 angränsande
529 1682 219 42 fastigheters
772 1685 109 38 ägare.

321 1725 350 41 Kammarkollegium
698 1725 60 31 har
786 1724 162 38 anmärkt,
977 1727 49 29 att
1055 1724 99 31 ordet
1185 1724 389 41 »utfyllnadsområden»
1607 1725 12 30 i
1649 1725 72 31 avd.
1753 1724 18 31 I

293 1767 84 31 unkt
392 1768 18 30 8
424 1767 106 31 borde
546 1767 139 31 utbytas
701 1769 69 29 mot
785 1767 106 31 orden
908 1767 121 31 »redan
1044 1766 150 41 utfyllda
1207 1766 190 31 områden».
1414 1766 121 31 Denna
1550 1765 222 41 anmärkning

270 1775 112 78 finner
401 1809 57 42 jag
477 1818 78 22 vara
574 1808 112 42 riktig,
708 1809 62 30 och
789 1808 165 41 förslaget
973 1818 102 31 synes
1094 1808 84 31 böra
1197 1808 121 32 ändras
1339 1808 12 31 i
1371 1807 152 42 enlighet
1542 1808 148 31 därmed.

322 1852 75 31 Mot
418 1852 302 31 bestämmelserna
740 1852 11 30 i
772 1851 73 31 avd.
867 1851 19 31 I
907 1862 40 20 av
968 1851 125 31 avtalet
1115 1862 102 30 synes
1238 1853 120 29 utöver
1380 1851 64 31 vad
1466 1862 73 20 som
1561 1851 147 40 framgår
1730 1862 40 20 av

270 1894 56 31 det
346 1905 87 20 ovan
453 1894 142 31 anförda
614 1896 112 38 någon
746 1894 135 31 erinran
901 1893 72 32 icke
992 1904 80 21 vara
1091 1895 51 29 att
1161 1895 89 39 göra.
1282 1893 80 31 Icke
1383 1893 108 31 heller
1510 1893 62 30 har
1591 1893 57 40 jag
1668 1894 102 39 något

268 1939 49 28 att
337 1936 148 31 invända
506 1939 70 28 mot
596 1936 303 31 bestämmelserna
919 1936 9 30 i
951 1935 266 41 avdelningarna
1236 1935 121 37 II-—V,
1380 1934 216 32 beträffande
1617 1934 92 31 vilka
1729 1933 40 31 de

268 1977 107 32 hörda
396 1978 282 41 myndigheterna
699 1978 71 31 icke
792 1977 184 31 framställt
995 1979 112 38 någon
1128 1976 230 39 anmärkning.

319 2021 19 30 I
359 2021 97 41 fråga
477 2031 53 20 om
551 2020 261 41 tillämpningen
834 2030 41 21 av
896 2019 301 32 bestämmelserna
1219 2020 11 29 i
1251 2019 72 31 avd.
1346 2019 52 31 VI
1419 2021 53 29 må
1493 2018 206 38 framhållas,
1722 2019 50 28 att

269 2063 120 31 staden
427 2062 91 31 intill
555 2064 37 29 år
630 2063 81 30 1938
747 2062 128 31 lämnat
901 2062 61 31 allt
987 2063 115 29 vatten
1131 2072 72 20 som
1230 2060 195 32 förbrukats
1453 2061 11 30 i
1490 2060 138 32 hushåll
1655 2060 113 42 gratis.

268 2105 161 31 Därefter
466 2105 60 31 har
564 2104 122 32 staden
725 2104 158 41 upptagit
921 2103 106 42 avgift
1067 2105 84 29 även
1191 2103 53 31 för
1282 2103 106 31 sådan
1427 2102 344 40 vattenförbrukning

269 2148 76 31 med
376 2148 39 30 16
447 2148 56 30 öre
534 2157 60 30 per
625 2146 212 31 kubikmeter
868 2146 107 40 enligt
1004 2144 158 42 gällande
1193 2146 84 30 taxa.
1319 2144 212 42 Delegerade
1561 2144 88 32 hava
1668 2145 11 30 i
1699 2153 71 32 pro-

268 2190 185 31 memorian
489 2189 131 37 uttalat,
659 2190 50 29 att
743 2188 302 32 bestämmelserna
1080 2188 12 30 i
1128 2187 182 41 avdelning
1346 2187 51 31 VI
1434 2187 96 32 skola
1555 2198 101 21 anses
1683 2186 88 43 gälla

268 2233 53 30 för
342 2232 46 31 all
410 2232 154 31 leverans
587 2242 41 20 av
650 2233 115 29 vatten
787 2230 54 31 till
865 2230 41 31 de
930 2230 202 40 fastigheter
1155 2230 63 31 och
1241 2230 245 41 anläggningar
1508 2241 73 20 som
1605 2230 163 31 förvaltas

267 2285 40 20 av
322 2273 373 41 marinförvaltningen,
711 2273 133 31 således
860 2274 84 29 även
960 2272 51 31 för
1028 2272 57 32 det
1100 2272 274 31 hushållsvatten
1390 2283 73 20 som
1479 2272 181 31 förbrukas
1677 2272 91 31 inom

266 2317 148 31 kronans
436 2316 170 31 boställen
629 2315 63 31 och
713 2315 218 31 bostadshus.
964 2314 130 31 Därvid
1116 2314 86 31 hava
1224 2313 201 41 delegerade
1448 2313 101 32 också
1572 2313 195 37 framhållit,

267 2361 49 29 att
336 2359 158 41 gällande
515 2358 216 41 reglemente,
754 2356 285 41 ordningsstadga
1061 2356 64 31 och
1146 2358 77 29 taxa
1244 2356 54 31 för
1319 2355 140 32 stadens
1481 2355 287 46 vattenlednings-

266 2400 80 31 verk
370 2401 11 30 i
405 2400 202 41 tillämpliga
633 2399 93 31 delar
750 2401 83 28 även
856 2399 86 30 hava
966 2397 169 31 avseende
1159 2400 19 28 å
1200 2397 136 47 kronan.
1375 2396 152 31 Sålunda
1550 2396 68 31 blir
1641 2395 128 30 kronan

267 2443 136 41 skyldig
425 2445 49 29 att
496 2443 135 41 erlägga
652 2442 83 41 hyra
756 2442 53 30 för
831 2440 223 41 erforderliga
1075 2441 128 30 mätare
1225 2450 92 20 inom
1339 2439 149 32 kronans
1510 2439 173 32 boställen
1706 2439 60 32 och

266 2485 210 32 bostadshus
494 2487 161 29 ävensom
674 2486 49 29 att
740 2483 113 32 betala
872 2483 228 31 kostnaderna
1120 2482 54 31 för
1192 2481 213 32 installation
1425 2492 40 20 av
1484 2481 128 32 sådana
1632 2482 134 31 mätare.
