2198 2612
181 1259 155 30 Utskottets

185 1304 142 38 yttrande.

356 147 20 30 4
854 145 250 33 Statsutskottets
1127 145 166 32 utlåtande
1317 146 53 31 Nr
1392 147 78 31 209.

355 236 134 36 tänkas
519 236 122 36 utförd
671 239 45 44 på
746 237 62 35 det
836 239 82 41 sätt,
950 239 64 41 att,
1046 237 113 35 sedan
1188 240 52 32 ett
1261 237 126 46 anslag
1407 236 56 36 för
1483 237 204 35 ändamålet
1707 249 43 24 av
1771 236 198 48 riksdagen

357 290 118 35 ställts
504 290 56 35 till
588 290 138 47 Kungl.
757 289 125 49 Maj:ts
912 290 226 47 förfogande,
1169 289 401 49 polismyndigheterna
1590 293 45 44 på
1656 294 107 41 orter,
1785 292 65 34 där
1869 291 101 35 lönn-

356 343 185 47 bränning
568 343 13 35 1
610 347 116 32 större
755 343 259 48 utsträckning
1043 344 255 44 förekommer,
1330 344 36 35 få
1395 344 56 47 sig
1480 344 172 36 anvisade
1682 345 117 35 medel
1828 344 56 36 för
1909 356 60 23 an-

357 397 178 36 ställande
578 410 43 23 av
663 401 105 32 extra
804 398 169 47 åklagare
1002 399 67 34 och
1098 397 178 47 polismän
1306 398 81 35 med
1416 398 155 36 särskild
1599 398 151 52 uppgift
1780 402 53 31 att
1863 398 107 35 efter-

357 463 114 35 spana
500 451 237 48 förbrytelser
767 455 74 33 mot
869 451 739 48 brännvinstillverkningsförordningen.
1653 451 233 36 Åtminstone
1917 452 54 35 för

357 505 98 36 vissa
496 505 60 35 län
597 506 104 35 torde
740 505 137 48 jämväl
914 506 88 35 böra
1031 506 173 35 anställas
1232 505 232 48 inspektörer
1493 506 81 35 med
1602 505 150 48 uppgift
1780 508 53 33 att
1861 506 108 43 tillse,

357 559 78 35 dels
464 562 54 32 att
544 559 273 47 lönnbränning
845 559 156 44 beivras,
1033 560 75 35 dels
1137 559 67 36 ock
1235 563 53 32 att
1317 560 444 47 nykterhetsnämnderna
1781 559 190 36 vederbör-

357 613 99 47 ligen
485 612 156 48 fullfölja
670 613 59 35 sin
759 613 235 36 verksamhet
1023 614 66 35 och
1119 616 53 33 att
1192 614 82 35 med
1293 614 65 34 råd
1378 614 67 35 och
1464 613 268 47 upplysningar
1751 613 96 35 bistå
1867 614 106 34 dessa

357 667 188 35 nämnder.
603 667 61 35 Nu
692 667 154 36 berörda
875 667 247 47 anordningar
1150 668 103 34 torde
1283 667 228 47 väsentligen
1540 668 36 34 få
1605 667 222 36 karaktären
1857 679 45 23 av
1927 679 45 23 en

358 720 405 47 försöksorganisation,
797 721 134 43 vilken,
964 722 65 34 där
1058 721 157 36 behovet
1244 721 118 35 skulle
1392 721 76 36 visa
1498 721 54 47 sig
1581 721 125 44 kräva,
1737 721 65 35 bör
1827 721 142 35 ändras.

359 775 72 35 Det
473 775 114 46 gäller
630 777 53 33 att
726 775 133 36 snabbt
888 776 68 34 och
986 774 156 47 kraftigt
1171 775 127 35 kunna
1326 774 157 48 ingripa,
1515 777 38 33 så
1583 778 54 33 att
1665 774 82 37 icke
1776 775 195 35 lönnbrän-

358 828 138 47 ningen
527 828 54 35 får
611 828 72 36 fast
713 828 63 36 fot.
835 828 59 36 Av
923 829 146 46 hänsyn
1097 828 125 35 härtill
1251 841 110 35 synes
1386 841 56 23 oss
1462 831 121 44 någon
1605 828 148 47 speciell
1772 828 201 47 utredning

358 882 13 35 i
400 884 124 33 ämnet
552 881 83 36 icke
665 883 88 35 böra
783 882 175 46 påkallas,
980 885 90 33 utan
1091 883 118 34 medel
1229 883 123 35 ställas
1373 882 56 35 till
1448 883 137 46 Kungl.
1608 882 128 48 Majt:s
1756 882 217 47 förfogande

359 938 54 33 att
440 938 89 44 utgå
557 937 113 34 redan
699 938 47 45 på
774 936 250 36 innevarande
1054 939 57 32 års
1139 936 236 47 tilläggsstat.
1430 937 100 34 Enär
1558 936 242 36 statsverkets
1821 936 88 35 fond
1929 948 44 23 av

360 990 319 46 rusdrycksmedel
707 990 119 35 under
854 990 249 36 innevarande
1133 992 39 33 år
1197 990 157 35 erhåller
1374 990 207 47 betydande
1600 990 159 36 tillskott
1778 991 69 34 och
1867 990 107 35 ända-

360 1043 108 36 målet
507 1045 82 34 med
617 1043 281 45 ifrågavarande
927 1044 128 46 anslag
1083 1043 156 36 innebär
1269 1046 53 33 ett
1350 1043 218 47 ingripande
1597 1044 58 35 till
1683 1043 289 48 rusdryckshan-

360 1097 188 47 teringens
591 1098 264 47 begränsande,
900 1109 109 36 synes
1053 1109 57 24 oss
1140 1098 60 35 det
1228 1097 281 47 ifrågavarande
1538 1097 165 47 anslaget
1732 1097 126 35 kunna
1887 1099 87 45 utgå

360 1163 43 23 ur
431 1151 508 48 rusdrycksmedelsfonden.
918 1147 23 57 >

472 1259 75 35 Det
587 1259 104 35 torde
720 1271 87 24 vara
835 1258 270 48 otvivelaktigt,
1138 1261 52 33 att
1219 1257 321 48 lönnbränningen
1569 1258 118 35 under
1715 1260 143 34 senaste
1887 1260 87 34 åren

364 1315 20 33 å
413 1312 97 36 vissa
539 1315 96 34 orter
663 1313 98 35 inom
792 1313 123 35 landet
944 1312 95 47 tagit
1068 1325 44 23 en
1142 1313 114 35 sådan
1275 1311 234 48 omfattning,
1531 1314 54 33 att
1604 1311 180 36 särskilda
1805 1312 169 47 åtgärder

361 1366 82 35 från
472 1367 61 35 det
562 1367 200 35 allmännas
792 1366 78 36 sida
897 1366 58 35 till
984 1367 215 35 hämmande
1230 1378 44 24 av
1303 1367 210 34 densamma
1533 1378 109 35 synas
1670 1378 87 23 vara
1777 1378 43 24 av
1840 1366 130 36 nöden.

361 1420 149 36 Kraven
554 1423 46 44 på
642 1433 45 23 en
731 1421 93 35 efter
866 1419 353 37 tidsförhållandena
1259 1420 181 47 anpassad
1469 1419 237 48 lagstiftning
1735 1422 46 44 på
1810 1420 163 35 området

361 1474 93 36 hava
483 1475 112 35 redan
624 1473 159 48 tidigare
812 1473 62 38 vid
902 1474 249 35 innevarande
1180 1474 152 46 riksdag
1360 1473 132 37 vunnit
1520 1473 218 44 beaktande,
1769 1474 13 35 i
1801 1474 62 35 det
1882 1473 91 36 riks-

361 1528 118 47 dagen
521 1528 110 36 bland
674 1531 115 32 annat
832 1528 106 35 fattat
967 1528 121 36 beslut
1117 1540 56 23 om
1204 1527 206 47 skärpning
1439 1540 44 23 av
1511 1528 167 47 gällande
1708 1527 264 36 straffbestäm-

360 1582 132 35 melser
522 1582 55 36 för
605 1582 134 47 olovlig
768 1581 455 48 brännvinstillverkning.
1282 1582 89 35 Men
1400 1587 91 30 även
1520 1581 128 47 frågan
1677 1594 56 23 om
1755 1582 44 35 de
1819 1582 154 34 sålunda

360 1636 259 47 straffbelagda
661 1636 258 36 förseelsernas
955 1636 257 46 upptäckande
1241 1636 68 35 och
1338 1635 197 36 beivrande
1564 1640 39 30 är
1627 1647 44 23 en
1706 1636 267 47 angelägenhet

360 1701 73 24 som
465 1702 108 34 synes
603 1690 147 46 påkalla
779 1689 304 36 statsmakternas
1113 1689 180 36 särskilda
1322 1689 336 47 uppmärksamhet.

468 1744 80 36 Mot
590 1746 63 42 att,
685 1745 118 35 såsom
846 1756 44 23 av
925 1743 270 36 motionärerna
1224 1743 188 48 påyrkats,
1443 1745 119 33 staten
1590 1743 140 35 lämnar
1759 1742 129 47 bidrag
1916 1742 57 35 till

359 1797 254 47 förstärkning
641 1810 45 23 av
716 1797 107 47 polis-
852 1798 66 34 och
948 1796 449 48 åklagarorganisationen
1427 1799 46 44 på
1502 1796 96 36 vissa
1618 1797 137 46 platser
1773 1796 97 36 inom
1892 1798 81 35 vårt

358 1851 86 36 land
474 1851 74 36 kan
577 1851 217 47 visserligen
823 1851 190 44 invändas,
1046 1855 53 32 att
1128 1852 60 35 det
1217 1851 58 36 till
1304 1850 80 36 icke
1413 1850 105 47 ringa
1547 1851 58 35 del
1634 1852 103 34 torde
1767 1863 87 23 vara
1873 1850 98 36 inom

360 1906 173 35 städerna
568 1906 67 35 och
664 1905 98 36 vissa
792 1906 80 34 med
904 1906 82 34 dem
1012 1905 212 48 jämförliga
1253 1904 199 36 samhällen
1482 1917 74 23 som
1589 1917 45 22 en
1664 1904 105 48 dylik
1798 1904 174 36 förstärk-

359 1959 90 47 ning
479 1959 150 35 framför
649 1960 66 35 allt
744 1964 40 30 är
812 1958 183 48 behövlig,
1016 1962 93 33 samt
1139 1962 53 32 att
1220 1959 248 35 kostnaderna
1498 1959 57 34 för
1579 1958 198 47 utredning
1797 1970 44 24 av
1861 1959 109 43 brott,

359 2013 194 46 begångna
581 2012 99 37 inom
711 2013 128 48 dylika
867 2013 212 44 samhällen,
1110 2018 61 30 äro
1200 2012 168 47 utgifter,
1399 2012 101 36 vilka
1520 2012 197 36 stäckande
1737 2012 13 35 i
1770 2013 99 45 regel
1888 2011 83 36 icke

360 2067 212 35 ankommer
614 2069 46 44 på
689 2067 234 36 statsverket.
981 2067 19 35 I
1034 2067 178 36 avseende
1242 2067 89 34 härå
1360 2078 106 35 synes
1496 2066 92 36 dock
1617 2066 87 36 böra
1734 2065 150 44 erinrag,
1917 2068 53 32 att

360 2122 44 34 de
447 2120 202 44 förseelser,
695 2133 123 24 varom
861 2133 50 24 nu
954 2126 40 30 är
1023 2121 112 47 fråga,
1167 2120 82 36 icke
1279 2120 129 35 endast
1435 2119 117 36 riktas
1581 2123 75 33 mot
1685 2120 71 35 den
1787 2120 184 34 allmänna

359 2174 206 48 ordningen
594 2176 46 45 på
669 2175 73 35 den
771 2176 106 46 plats,
909 2175 65 35 där
1004 2175 182 35 desamma
1215 2175 157 46 begåtts.
1424 2174 57 35 De
1501 2186 129 35 genom
1651 2172 321 47 lönnbränningen

359 2229 213 47 uppkomna
614 2227 366 37 missförhållandena
1014 2229 93 36 hava
1135 2228 187 47 nämligen
1351 2227 83 36 icke
1464 2228 128 35 endast
1621 2240 45 23 en
1703 2227 97 36 lokal
1843 2226 129 36 karak-

360 2285 67 42 tär,
459 2286 90 33 utan
578 2288 61 31 äro
668 2294 46 24 av
743 2294 45 24 en
816 2295 44 23 ur
889 2281 111 38 social
1029 2283 191 47 synpunkt
1249 2282 181 48 betydligt
1458 2281 230 48 allvarligare
1717 2281 192 36 innebörd.
