1890 2786
403 172 120 31 Andra
540 171 246 37 lagutskottets
806 170 179 31 utlåtande
1003 179 43 21 nr
1062 171 42 30 50
1121 169 40 31 år
1180 169 83 30 1963
1558 167 15 30 1

770 622 64 42 Nr
851 621 56 41 50

273 751 186 31 Utlåtande
479 751 11 31 i
507 751 189 38 anledning
714 760 42 21 av
775 750 125 31 väckta
919 749 173 31 motioner
1110 757 57 22 om
1187 746 124 38 vidgad
1330 746 69 30 rätt
1419 744 54 31 till
1490 751 90 24 rese-

447 804 197 38 ersättning
661 804 65 31 och
744 803 241 38 sjukpenning
1000 802 58 38 för
1073 809 167 31 personer
1257 799 80 31 med
1353 797 228 32 rörelseinva-

449 858 123 31 liditet:

141 974 120 31 Andra
279 974 230 38 lagutskottet
525 974 66 30 har
608 973 53 31 till
679 973 213 40 behandling
911 971 154 32 förehaft
1084 971 57 31 två
1159 970 96 31 inom
1275 969 187 36 riksdagen
1479 966 103 32 väck-

98 1029 46 37 ta,
166 1028 54 31 till
244 1028 194 38 lagutskott
459 1027 191 31 hänvisade
674 1026 183 35 motioner,
880 1035 44 20 nr
948 1025 63 30 168
1035 1025 11 30 i
1069 1023 112 31 första
1205 1024 206 29 kammaren
1435 1029 43 22 av
1500 1019 82 31 herr

98 1081 179 38 Karlsson,
303 1081 126 37 Göran,
454 1080 97 38 m.fl.
577 1081 64 29 och
666 1089 44 21 nr
736 1079 60 31 199
823 1079 10 30 i
858 1079 111 30 andra
995 1078 204 30 kammaren
1225 1085 42 21 av
1292 1075 59 31 fru
1375 1073 170 32 Eriksson
1571 1072 12 30 i

97 1135 206 39 Ängelholm
324 1143 45 22 mm.
380 1134 42 40 fl.

144 1207 14 30 I
178 1207 230 34 motionerna,
427 1206 96 30 vilka
544 1206 39 30 är
603 1205 234 37 likalydande,
857 1204 67 30 har
942 1202 209 36 hemställts,
1175 1202 71 30 »att
1267 1199 186 39 riksdagen
1474 1197 109 32 måtte

99 1260 137 33 besluta

142 1334 55 29 att
220 1331 273 38 reseersättning
516 1331 100 31 alltid
641 1330 89 31 skall
756 1330 82 38 utgå
862 1329 54 31 till
941 1329 145 38 patient,
1111 1336 75 22 som
1211 1325 147 32 besöker
1382 1321 202 41 ortopedisk

101 1385 114 31 klinik
232 1385 56 31 för
304 1385 213 38 utprovning
533 1384 66 30 och
616 1383 201 31 erhållande
834 1391 43 22 av
894 1381 218 38 ortopediskt
1128 1378 231 39 hjälpmedel;

144 1440 54 30 att
223 1437 260 38 invalidiserad,
510 1436 111 31 under
646 1436 50 31 tid
721 1435 45 31 då
792 1435 219 38 ortopediskt
1037 1432 212 39 hjälpmedel
1274 1432 39 30 är
1339 1430 171 31 inlämnat
1536 1427 57 30 för

103 1492 199 40 reparation
324 1491 65 32 och
412 1493 108 30 annat
542 1488 213 39 hjälpmedel
778 1488 75 31 icke
875 1488 214 37 disponeras,
1114 1487 89 30 skall
1225 1486 121 30 kunna
1368 1479 222 46 sjukskrivas

102 1546 65 32 och
182 1545 133 32 erhålla
329 1546 72 31 rätt
414 1545 53 31 till
482 1543 254 39 sjukpenning;
753 1544 93 29 samt

144 1601 52 29 att
216 1599 180 39 uppdraga
416 1598 36 31 åt
471 1597 259 32 vederbörande
749 1596 136 31 utskott
905 1597 52 29 att
976 1594 156 31 utforma
1152 1592 207 38 erforderlig
1379 1591 161 39 lagtext».

144 1679 225 32 Beträffande
390 1679 43 31 de
453 1678 77 32 skäl
551 1677 260 32 motionärerna
832 1675 120 32 anfört
972 1674 53 32 till
1047 1674 77 31 stöd
1146 1673 55 31 för
1222 1673 54 31 sin
1296 1671 213 32 hemställan
1529 1669 57 32 får

103 1733 182 36 utskottet,
318 1732 2 30 i
344 1732 67 30 den
434 1731 84 31 mån
544 1729 215 39 redogörelse
784 1728 121 31 därför
929 1728 77 30 icke
1030 1728 136 30 lämnas
1190 1726 12 31 i
1227 1726 57 31 det
1308 1724 169 39 följande,
1500 1723 87 32 hän-

102 1786 74 31 visa
192 1786 53 30 till
263 1785 179 31 motionen
459 1783 108 34 1:168.

147 1839 91 31 Över
263 1838 231 34 motionerna,
521 1836 104 30 såvitt
652 1835 41 30 de
720 1843 100 21 avser
846 1835 69 29 rätt
940 1833 53 30 till
1021 1832 248 37 sjukpenning,
1294 1831 66 31 har
1385 1830 171 31 utskottet
1582 1829 9 29 i

104 1894 66 30 den
193 1891 149 39 ordning
367 1891 41 31 46
434 1891 16 34 8
477 1888 356 39 riksdagsordningen
858 1886 213 31 föreskriver
1094 1886 175 30 inhämtat
1292 1884 189 39 yttranden
1506 1883 80 32 från

103 1944 359 39 medicinalstyrelsen
480 1942 65 31 och
564 1940 427 41 riksförsäkringsverket.

569 2050 159 33 Gällande
746 2048 248 33 bestämmelser
1011 2059 47 21 m.
1076 2059 47 20 m.

149 2123 117 37 Enligt
286 2120 266 33 bestämmelser
573 2120 11 30 i
606 2122 20 29 2
649 2118 146 38 kapitlet
819 2118 11 30 i
852 2118 99 37 lagen
975 2126 56 21 om
1054 2116 130 32 allmän
1205 2114 203 40 försäkring
1430 2115 67 31 har
1517 2114 71 32 för-

108 2175 126 31 säkrad
253 2175 58 30 vid
330 2173 169 38 sjukdom
521 2173 69 30 rätt
609 2172 52 30 till
681 2171 194 37 ersättning
895 2170 55 29 för
969 2169 145 37 utgifter
1133 2168 54 30 för
1206 2168 185 30 läkarvård
1411 2168 65 29 och
1496 2166 97 37 sjuk-

106 2228 152 33 husvård
283 2228 167 31 ävensom
474 2228 10 30 i
510 2224 169 32 samband
704 2224 143 30 därmed
873 2223 182 35 företagna
1080 2230 149 22 resor.
1252 2221 169 30 Närmare
1444 2220 150 31 bestäm-

106 2283 126 31 melser
248 2289 57 22 om
325 2278 271 38 reseersättning
615 2278 95 30 finns
729 2273 668 40 intagnaisjukreseförordningen.
1343 2268 56 52 Vid
1408 2272 184 31 läkarvård

105 2335 101 37 utgår
231 2334 195 35 ersättning
449 2332 123 30 endast
595 2331 13 31 i
630 2330 68 31 den
721 2329 83 31 mån
827 2328 274 32 resekostnaden
1124 2326 189 37 överstiger
1336 2328 50 29 ett
1408 2326 186 30 karensbe-

106 2388 81 38 lopp
211 2396 42 22 av
276 2387 11 31 i
312 2386 91 37 regel
428 2385 78 37 fyra
530 2385 140 30 kronor.
694 2382 76 31 Den
792 2382 39 30 är
854 2381 174 37 därjämte
1052 2379 214 32 maximerad
1288 2379 110 38 enligt
1420 2379 174 31 särskilda

102 2459 112 29 Bihang
229 2458 47 24 till
290 2456 169 30 riksdagens
474 2455 148 30 protokoll
637 2454 76 25 1963.
727 2454 15 24 9
757 2453 83 25 saml.
855 2453 16 25 2
885 2452 63 26 avd.
963 2452 40 25 Nr
1016 2452 33 24 50
