1900 2858
439 150 394 36 Jordbruksutskottets
862 153 187 33 utlåtande
1077 153 53 33 Nr
1157 153 52 32 78.
1525 156 19 30 1

758 398 58 39 Nr
845 398 60 40 78.

601 514 114 24 Ankom
734 515 43 23 till
796 515 163 32 riksdagens
978 516 91 24 kansli
1089 516 54 25 den
1166 519 27 22 11
1216 518 55 30 maj
1293 519 63 24 1931
1379 519 37 24 kl.
1436 520 15 23 4
1471 527 23 17 e.
1513 527 37 17 m.

179 605 198 32 Utlåtande
427 607 13 30 i
478 606 194 39 anledning
702 618 44 21 av
777 608 129 32 väckta
936 611 175 30 motioner
1140 611 184 37 angående
1353 614 157 31 revision
1540 623 47 22 av

381 657 370 39 jaktlagstiftningen.

1351 732 71 36 (2:a
1448 733 94 37 avd.)

121 837 376 33 Jordbruksutskottet
525 838 65 32 har
615 838 57 32 till
695 838 220 39 behandling
939 842 13 31 i
977 844 50 30 ett
1052 844 261 37 sammanhang
1339 845 159 32 förehaft
1521 847 62 31 två

79 888 100 32 inom
224 889 113 32 andra
380 889 209 33 kammaren
613 891 138 38 väckta,
777 892 58 32 till
859 893 174 32 utskottet
1057 894 196 33 hänvisade
1277 897 184 37 motioner,
1485 900 98 29 näm-

78 940 101 37 ligen

120 1002 44 21 nr
191 994 39 30 46
256 1003 46 21 av
327 994 85 30 herr
439 994 206 38 Holmgren,
672 996 80 31 vari
778 996 212 38 hemställts,
1018 1000 53 29 att
1098 999 192 36 riksdagen
1316 1002 112 30 måtte
1454 1002 13 31 i
1494 1002 88 31 skri-

77 1044 98 32 velse
204 1045 57 32 till
289 1045 134 36 Kungl.
450 1045 111 38 Maj:t
589 1047 155 37 anhålla,
773 1050 54 30 att
855 1048 135 37 Kungl.
1016 1049 110 37 Maj:t
1153 1051 87 32 ville
1268 1053 212 36 skyndsamt
1506 1055 76 31 låta

80 1115 40 3 —
142 1097 13 31 i
177 1097 244 37 huvudsaklig
443 1100 351 31 överensstämmelse
815 1101 80 31 med
914 1102 72 31 vad
1006 1102 308 37 domänstyrelsen
1335 1105 12 30 i
1369 1105 64 31 sitt
1455 1106 129 36 yrkan-

76 1148 47 31 de
141 1149 70 31 den
229 1149 38 31 31
285 1149 147 36 januari
450 1150 79 31 1925
548 1151 187 35 föreslagit
752 1170 40 4 —
811 1152 167 32 utarbeta
997 1154 136 36 förslag
1151 1155 56 31 till
1226 1156 181 32 ordnande
1424 1166 48 22 av
1491 1157 92 36 jakt-

79 1200 250 32 vårdsarbetet
350 1201 12 31 i
383 1201 124 32 landet
527 1203 66 31 och
614 1203 12 31 i
647 1203 172 32 samband
840 1204 148 33 därmed
1010 1205 56 32 till
1086 1205 190 34 införande
1297 1218 46 21 av
1364 1208 220 33 bestämmel-

77 1261 61 22 ser
164 1262 58 21 om
250 1252 218 37 erläggande
495 1264 46 21 av
568 1264 43 22 en
637 1254 311 38 jaktvårdsavgift
974 1266 75 22 som
1075 1258 132 31 villkor
1235 1259 57 31 för
1317 1262 74 30 rätt
1419 1261 53 31 att
1500 1261 84 32 idka

78 1303 83 37 jakt
187 1306 167 30 ävensom
381 1305 187 37 förelägga
593 1305 194 38 riksdagen
813 1308 42 31 de
879 1317 49 22 av
951 1308 102 33 dessa
1081 1310 146 37 förslag,
1253 1321 74 22 som
1355 1312 57 31 för
1438 1313 63 32 sitt
1529 1323 55 27 ge-

79 1356 238 33 nomförande
341 1357 165 32 erfordra
530 1357 210 38 riksdagens
763 1360 230 37 medverkan,
1020 1364 91 29 samt

119 1417 43 21 nar
182 1409 57 31 302
260 1419 46 20 av
326 1409 82 31 herr
430 1410 153 38 Edberg,
602 1421 76 21 som
696 1411 192 38 hemställt,
910 1414 54 30 att
983 1413 194 37 riksdagen
1198 1415 82 31 ville
1303 1416 12 30 i
1335 1416 172 32 skrivelse
1529 1418 57 30 till

82 1457 136 38 Kungl.
244 1459 109 37 Maj:t
379 1461 148 31 anhålla
552 1473 55 20 om
634 1473 43 20 en
704 1463 334 37 förutsättningslös
1064 1466 195 36 utredning
1283 1467 12 31 i
1321 1468 107 35 fråga
1454 1479 56 21 om
1534 1479 50 27 ny

75 1511 70 31 och
166 1511 221 32 reformerad
409 1511 233 38 lagstiftning
664 1524 56 20 om
742 1515 77 35 jakt
843 1518 92 29 samt
957 1516 199 32 sedermera
1180 1518 56 30 för
1258 1519 192 35 riksdagen
1474 1521 107 30 fram-

81 1562 110 37 lägga
212 1563 59 31 det
295 1564 146 36 förslag,
463 1565 125 31 vartill
609 1566 240 36 utredningen
869 1568 74 30 kan
967 1568 195 33 föranleda.

119 1613 238 33 Beträffande
388 1615 41 31 de
460 1616 87 36 skäl,
576 1626 76 22 som
680 1618 139 31 anförts
849 1619 58 31 till
936 1620 78 31 stöd
1044 1620 55 31 för
1130 1621 101 31 dessa
1259 1618 324 46 framställningar,

80 1665 173 32 hänvisas
278 1666 57 32 till
360 1667 234 33 motionerna.

122 1767 91 33 Över
238 1770 222 31 motionerna
487 1771 65 31 har
576 1772 174 32 utskottet
775 1775 11 30 i
812 1774 224 37 vederbörlig
1062 1775 153 37 ordning
1240 1777 178 32 inhämtat
1444 1781 138 34 yttran-

79 1820 71 31 den
173 1831 46 20 av
240 1821 318 38 domänstyrelsen,
580 1823 100 31 vilka
702 1826 115 30 såsom
839 1825 120 38 bilaga
983 1826 118 35 fogats
1125 1828 61 31 vid
1206 1828 99 32 detta
1326 1829 197 34 utlåtande.

121 1922 182 33 Utskottet
329 1924 101 31 delar
459 1924 283 34 motionärernas
770 1928 247 37 uppfattning,
1047 1932 53 29 att
1130 1930 274 33 förhållandena
1432 1935 46 35 på
1508 1934 74 36 jak-

80 1974 80 32 tens
182 1975 64 30 och
270 1975 235 35 jaktvårdens
528 1979 143 31 område
695 1979 12 30 i
731 1980 82 30 vårt
839 1979 85 32 land
947 1980 77 32 icke
1049 1983 62 29 äro
1135 1981 342 35 tillfredsställande.
1502 1986 80 30 Sär-

77 2025 90 32 skilt
193 2026 185 37 betänklig
402 2037 106 27 synes
532 2027 67 32 den
623 2028 250 39 tillbakagång
896 2042 46 20 av
967 2031 380 40 villebrådsstammen,
1372 2046 74 21 som
1471 2037 112 31 under

80 2086 126 22 senare
232 2080 39 29 år
298 2078 65 32 allt
389 2079 184 36 hastigare
599 2082 85 34 äger
710 2091 89 22 rum.
844 2082 118 32 Sedan
988 2084 84 36 lång
1100 2085 52 31 tid
1180 2086 150 32 tillbaka
1356 2088 95 31 hava
1478 2089 105 31 också

83 2129 216 32 framställts
324 2131 92 30 krav
442 2133 46 35 på
513 2132 169 36 åtgärder
709 2135 54 30 för
788 2135 335 36 åvägabringandet
1150 2148 46 20 av
1220 2147 43 23 en
1289 2139 115 31 bättre
1430 2141 154 35 ordning

81 2181 48 35 på
153 2182 100 31 detta
278 2183 153 31 område.
480 2183 237 37 Svårigheten
744 2186 53 31 att
822 2186 113 32 vinna
959 2188 143 36 enighet
1129 2191 151 31 rörande
1305 2192 136 30 sådana
1467 2193 117 35 åtgär-

82 2230 65 33 der
174 2233 67 30 har
269 2233 199 33 emellertid
499 2235 154 37 orsakat,
684 2239 53 29 att
773 2238 36 31 de
825 2236 147 38 många
1003 2240 312 36 framställningar
1345 2243 65 31 och
1441 2244 144 36 förslag,

83 2292 76 22 som
188 2285 91 30 efter
309 2285 96 31 hand
437 2286 254 38 framkommit,
721 2289 131 32 hittills
883 2289 76 31 icke
990 2291 64 31 lett
1085 2292 56 30 till
1171 2294 224 30 nämnvärda
1426 2295 159 32 resultat.

86 2332 101 33 Även
233 2335 173 32 utskottet
456 2337 66 31 har
569 2339 149 31 kommit
748 2340 55 31 till
832 2341 67 31 den
927 2342 290 36 uppfattningen,
1245 2346 52 29 att
1326 2345 187 35 lösningen
1540 2357 46 20 av

83 2385 104 32 dessa
210 2387 175 35 spörsmål
409 2388 77 31 icke
510 2390 124 36 längre
658 2390 61 31 bör
743 2392 276 36 undanskjutas.
1064 2393 82 32 Med
1169 2394 140 37 hänsyn
1335 2396 55 30 till
1417 2397 57 31 det
1499 2394 89 45 läge,

87 2437 78 31 vari
184 2438 130 35 frågan
331 2448 48 20 nu
398 2439 163 32 befinner
580 2441 65 36 sig,
664 2442 98 31 torde
780 2443 194 36 riksdagen
993 2444 84 31 böra
1097 2447 87 32 göra
1205 2446 239 33 hänvändelse
1465 2449 123 31 härom

85 2506 111 33 Bihang
218 2507 40 25 till
280 2507 167 33 riksdagens
468 2510 146 31 protokoll
637 2511 74 25 1931.
754 2514 31 23 10
804 2515 80 23 saml.
924 2516 33 23 39
977 2515 69 31 häft.
1084 2515 50 25 (Nr
1155 2515 122 26 78—79.)
1541 2523 7 21 1

1640 1946 142 24 Utskottet.
