1928 2858
479 177 399 37 Jordbruksutskottets
904 167 189 41 utlåtande
1119 173 54 33 Nr
1199 173 51 32 36.
1552 168 18 31 5

105 263 142 36 riskera,
277 263 54 30 att
352 260 174 38 ägolotten
548 259 68 31 litt.
640 258 33 31 A
696 257 112 31 skulle
830 256 98 31 bliva
950 252 252 37 överbebyggd,
1226 251 113 31 denna
1361 249 129 37 ägolott
1513 246 103 33 borde

106 315 153 32 tilldelas
286 315 39 30 så
347 313 136 37 mycket
505 310 162 37 åkerjord
690 319 73 22 som
785 309 87 30 utan
894 306 92 32 våda
1008 306 54 31 för
1084 305 66 31 den
1179 303 162 32 blivande
1364 302 107 31 lotten
1493 300 68 31 litt.
1585 300 32 31 D

104 367 114 32 kunde
242 367 68 36 ske,
333 366 90 31 samt
445 366 52 30 att
519 374 41 21 en
583 363 112 31 bättre
715 359 259 39 ägoanordning
991 358 61 31 och
1069 357 157 36 redigare
1241 355 90 31 form
1347 353 144 32 erhölles
1507 352 111 37 enligt

104 420 190 32 alternativ
317 419 46 31 II

148 472 52 32 På
223 470 272 33 föranstaltande
517 479 43 21 av
576 466 293 38 domänstyrelsen
886 465 63 31 har
965 460 454 40 uppskattningsnämnden
1436 452 181 47 verkställt

104 524 266 36 saluvärdering
393 533 46 21 av
462 522 148 31 lotterna
633 520 67 31 litt.
725 519 32 31 A
780 518 63 32 och
866 518 31 31 D
920 516 110 36 enligt
1051 513 225 33 alternativ
1304 513 51 31 II.
1401 510 136 33 Härvid
1553 510 65 31 har

105 588 42 21 en
181 577 95 32 areal
310 586 45 21 av
390 576 93 31 5.928
520 574 122 32 hektar
676 571 171 32 överförts
881 570 82 31 från
989 569 108 31 lotten
1125 567 68 31 litt.
1217 566 31 31 D
1271 565 56 32 till
1351 565 107 31 lotten
1480 563 68 31 litt.
1572 562 43 31 A.

104 631 166 31 Lotterna
303 629 67 31 litt.
406 628 33 31 A
472 627 63 32 och
569 626 68 31 litt.
673 625 31 31 D
739 623 112 32 skulle
882 622 206 36 härigenom
1115 619 147 32 omfatta
1285 619 116 30 51.204
1426 615 192 37 respektive

106 683 95 31 8.894
229 682 133 36 hektar,
385 680 108 32 under
516 679 56 31 det
594 679 51 30 att
668 678 149 30 lotterna
840 675 68 31 litt.
947 674 14 31 B
985 674 62 31 och
1070 672 27 32 C
1120 672 113 31 skulle
1256 671 91 31 hava
1369 678 133 22 samma
1524 667 94 32 areal

105 745 74 21 som
202 734 113 37 enligt
336 732 189 32 alternativ
548 731 27 31 I.

150 785 314 38 Domänstyrelsen
487 784 62 31 har
573 784 122 34 ansett,
718 782 51 30 att
791 780 209 37 egendomen
1017 777 103 32 borde
1136 776 159 36 försäljas
1310 775 77 31 med
1404 775 12 30 i
1430 773 189 32 alternativ

106 840 38 33 II
166 840 157 36 angivna
345 837 139 32 arealer.

151 889 397 40 Departementschefen
563 888 64 31 har
643 886 77 32 med
738 886 135 36 hänsyn
890 884 55 32 till
963 883 65 32 den
1044 883 198 35 förebragta
1258 880 231 36 utredningen
1505 878 118 31 funnit

106 945 191 32 alternativ
321 943 36 32 II
380 952 85 22 vara
487 943 52 30 att
560 940 194 36 föredraga.

151 1050 122 33 Såsom
307 1058 44 21 av
383 1048 66 31 den
483 1045 159 32 lämnade
677 1043 237 37 redogörelsen
944 1041 167 36 framgår,
1135 1040 93 30 hava
1249 1039 62 31 två
1332 1036 187 33 alternativ
1542 1045 82 27 upp-

108 1103 111 37 gjorts
242 1101 57 32 till
322 1100 226 37 egendomens
571 1097 186 38 styckning
779 1096 14 31 i
816 1095 78 36 fyra
916 1093 79 32 med
1018 1093 67 31 litt.
1109 1092 43 36 A,
1175 1092 41 36 B,
1239 1090 27 32 C
1289 1090 62 32 och
1370 1090 31 31 D
1417 1088 207 32 betecknade

107 1156 112 30 lotter.
265 1152 207 33 Skillnaden
495 1151 129 31 mellan
647 1150 40 31 de
710 1148 89 32 båda
821 1146 234 33 alternativen
1078 1145 114 31 består
1214 1143 87 37 däri,
1324 1144 53 30 att
1398 1141 110 37 enligt
1523 1140 102 32 alter-

108 1207 101 31 nativ
232 1206 38 31 IT
292 1205 109 32 lotten
424 1205 66 30 litt.
536 1204 11 31 A
569 1204 44 35 på
635 1199 189 34 bekostnad
846 1209 46 21 av
915 1199 108 31 lotten
1039 1198 68 31 litt.
1143 1197 12 32 D
1170 1196 99 32 ökats
1284 1194 76 33 med
1378 1194 93 31 5.928
1490 1193 133 36 hektar,

109 1259 205 37 varigenom
348 1257 67 32 den
445 1265 118 23 senare
595 1255 111 31 lotten
728 1254 137 31 komme
887 1252 54 31 att
963 1251 146 31 omfatta
1132 1259 44 21 en
1198 1248 94 32 areal
1314 1258 44 20 av
1382 1246 121 32 endast
1525 1235 96 42 8.894

109 1311 134 32 hektar.
276 1310 80 31 Med
379 1310 135 36 hänsyn
537 1307 57 32 till
619 1305 276 33 önskvärdheten
918 1305 51 30 att
992 1302 218 37 bärkraftiga
1232 1300 167 37 jordbruk
1423 1299 123 36 skapas
1561 1297 62 32 vid

108 1363 187 38 styckning
330 1372 44 21 av
409 1360 186 37 kronojord
628 1368 101 28 synes
764 1358 107 31 lotten
905 1356 68 31 litt.
1003 1356 32 31 D
1057 1355 112 36 enligt
1191 1352 189 33 alternativ
1402 1351 37 31 II
1461 1351 92 31 hava
1575 1360 50 21 er-

110 1416 103 31 hållit
240 1416 55 31 för
327 1415 85 31 liten
435 1413 104 36 areal,
562 1422 81 21 men
666 1412 46 31 då
734 1409 254 33 vederbörande
1010 1409 128 36 köpare
1162 1408 43 36 på
1235 1405 113 38 grund
1379 1415 43 20 av
1452 1403 173 32 särskilda

110 1467 295 37 omständigheter
425 1466 32 36 ej
481 1465 108 32 önska
611 1474 43 21 en
669 1463 188 37 styckning
880 1472 46 20 av
948 1460 210 37 egendomen
1181 1458 111 37 enligt
1313 1457 188 32 alternativ
1521 1455 28 36 I,
1565 1465 59 21 an-

110 1531 55 21 ser
191 1520 53 36 sig
281 1519 165 31 utskottet
476 1518 75 31 icke
577 1517 86 31 böra
689 1516 162 30 motsätta
884 1514 65 36 sig,
983 1514 51 30 att
1056 1513 13 31 i
1092 1512 93 31 detta
1219 1508 262 38 undantagsfall
1514 1508 111 37 styck-

111 1573 131 36 ningen
276 1570 203 32 verkställes
513 1569 111 36 enligt
656 1567 189 32 alternativ
880 1566 45 31 II.
972 1565 51 31 På
1057 1563 112 38 grund
1204 1563 110 31 härav
1337 1561 63 32 och
1422 1560 43 32 då
1490 1560 134 36 Kungl.

111 1625 120 36 Maj:ts
251 1624 130 35 förslag
404 1623 13 30 i
441 1622 115 36 övrigt
582 1621 76 31 icke
685 1619 194 32 föranleder
905 1619 115 36 någon
1044 1617 184 31 utskottets
1251 1615 151 35 erinran,
1426 1608 199 46 hemställer

110 1677 178 36 utskottet,

555 1754 53 30 att
630 1751 185 37 riksdagen
838 1751 58 30 må
921 1749 123 31 bifalla
1066 1748 135 36 Kungl.
1224 1746 119 37 Maj:ts
1367 1746 13 30 i
1399 1743 227 33 förevarande

513 1804 213 37 proposition
748 1803 110 31 under
882 1802 111 37 punkt
1016 1802 75 30 11:o
1113 1799 122 38 gjorda
1259 1797 270 36 framställning.

164 1910 199 32 Stockholm
387 1909 66 31 den
476 1910 41 29 24
541 1918 93 21 mars
658 1907 95 31 1931.

562 2011 49 31 På
635 2009 369 38 jordbruksutskottets
1027 2010 148 34 vägnar:

663 2105 36 33 C.
728 2105 33 33 J.
788 2102 291 35 JOHANSSON.

152 2333 198 25 Närvarande:
368 2340 28 16 se
417 2331 144 25 utlåtande
582 2338 33 16 nr
634 2331 41 23 35.

1673 1038 139 24 Utskottet.
