2180 2618
634 167 117 31 Första
775 168 219 40 lagutskottets
1017 168 169 33 utlåtande
1212 170 50 31 Nr
1288 173 51 27 17.
1768 174 16 29 17

186 247 365 48 dagsförrättningen
582 255 103 30 extra
715 250 289 48 provpredikant
1029 252 77 34 icke
1128 253 141 43 kallats,
1292 252 129 36 endast
1442 253 97 36 bliva
1560 259 51 29 ett
1632 254 153 48 onödigt

186 302 67 35 och
297 301 261 48 betydelselöst
589 303 237 48 upprepande
856 318 43 22 av
929 304 70 36 den
1031 308 19 32 å
1080 306 223 47 frågodagen
1333 308 156 46 avgivna
1520 306 263 49 förklaringen,

188 360 52 30 att
284 354 263 49 församlingen
591 357 143 46 åtnöjes
773 357 83 35 med
893 357 62 36 det
985 358 253 48 föreliggande
1268 359 186 48 förslaget.
1516 361 10 34 I
1559 361 115 35 likhet
1704 362 83 34 med

189 408 283 47 församlingens
498 408 298 50 nöjdförklaring
816 412 10 33 i
848 410 130 36 sådant
1000 411 63 36 fall
1084 412 61 36 vid
1166 413 244 35 tillsättandet
1431 427 42 22 av
1494 414 293 35 komministers-

187 460 67 36 och
284 462 453 47 kapellpredikantstjänst
757 464 106 35 torde
884 463 124 37 därför
1028 465 61 35 vid
1111 466 230 35 besättandet
1365 480 43 22 av
1430 467 355 47 kyrkoherdetjänst,

187 515 58 33 till
287 515 123 35 vilken
453 515 130 35 endast
625 529 45 21 en
709 517 160 34 sökande
908 519 140 33 anmält
1087 520 67 45 sig,
1186 518 283 48 församlingens
1506 520 282 35 underlåtenhet

188 572 53 30 att
270 570 20 32 å
320 567 222 48 frågodagen
573 569 96 34 kalla
698 574 105 31 extra
832 570 287 47 provpredikant
1149 571 88 36 böra
1267 584 104 23 anses
1401 573 73 34 lika
1505 573 83 35 med
1618 575 68 33 val.

322 619 161 38 Givetvis
527 624 127 42 måste,
695 625 39 32 så
772 628 101 30 snart
904 636 78 22 mer
1021 630 44 29 än
1105 637 44 22 en
1185 624 159 36 sökande
1373 626 131 43 finnes,
1536 628 56 34 val
1623 628 10 33 i
1663 628 124 45 vanlig

188 673 160 49 ordning
377 680 66 42 äga
472 687 96 23 rum.
627 675 71 35 Det
726 677 12 33 i
768 678 188 34 motionen
988 676 206 48 framlagda
1215 678 175 48 förslaget
1410 680 57 33 till
1489 679 137 36 ändrad
1648 680 139 48 lydelse

188 740 43 23 av
277 729 44 34 13
366 725 18 49 $
429 729 19 34 2
490 741 110 22 mom.
641 730 267 48 prästvallagen
948 730 106 36 torde
1083 730 125 36 därför
1236 745 44 22 ur
1310 731 146 36 formell
1487 734 192 47 synpunkt
1707 734 79 34 icke

187 794 85 23 vara
300 781 138 48 riktigt.

322 834 126 49 Enligt
484 834 69 37 vad
593 837 231 35 motionären
855 839 183 47 uppgivit,
1071 837 256 46 förekommer,
1359 841 223 35 åtminstone
1612 842 11 33 i
1653 854 44 22 en
1728 841 58 35 del

188 887 91 44 stift,
318 888 80 35 icke
435 887 127 36 alltför
599 890 127 43 sällan,
753 895 53 30 att
841 891 97 35 blott
967 904 44 22 en
1042 891 160 36 sökande
1231 894 164 34 anmäler
1423 895 57 45 sig
1507 895 57 33 till
1594 907 45 22 en
1669 894 118 48 ledig-

187 941 137 36 vorden
355 941 472 50 kyrkoherdebeställning.
870 942 164 37 Sålunda
1054 945 101 35 skola
1175 958 43 22 av
1238 945 273 36 nedanstående
1532 948 100 34 antal
1653 948 134 48 kyrko-

188 994 170 37 herdeval
406 993 165 49 följande
618 996 91 36 hava
761 1002 61 42 ägt
869 1011 83 22 rum
997 997 82 36 med
1124 998 129 35 endast
1296 1012 42 22 en
1383 1000 160 35 sökande
1585 1001 66 35 och
1697 1006 88 30 utan

188 1053 53 31 att
279 1053 106 31 extra
421 1048 289 49 provpredikant
747 1050 149 36 kallats:
927 1052 102 35 inom
1068 1051 237 36 Härnösands
1340 1052 80 36 stift
1449 1067 43 22 av
1522 1053 177 49 fyrtionio
1729 1056 56 34 val

189 1102 60 47 sju
289 1101 84 36 med
411 1115 45 23 en
496 1102 172 45 sökande,
709 1105 255 35 motsvarande
1001 1106 173 47 omkring
1207 1108 44 33 15
1283 1112 153 42 procent
1465 1120 43 23 av
1536 1108 84 35 hela
1649 1109 137 35 antalet

189 1156 76 43 val;
297 1157 102 34 inom
429 1156 115 36 Luleå
573 1156 81 36 stift
683 1170 43 23 av
754 1157 196 50 tjugufyra
978 1160 57 35 val
1065 1172 65 23 sex
1160 1159 84 36 med
1273 1160 129 36 endast
1429 1174 45 22 en
1496 1161 172 45 sökande,
1691 1167 94 30 mot-

188 1209 179 37 svarande
408 1211 47 34 25
496 1215 154 43 procent
688 1224 43 23 av
767 1212 83 36 hela
878 1214 193 42 antalet;
1062 1205 24 63 i
1100 1212 120 50 Visby
1250 1213 80 36 stift
1359 1227 43 24 av
1431 1214 153 37 aderton
1614 1217 57 35 val
1703 1215 82 49 fyra

189 1262 84 36 med
302 1263 132 36 endast
463 1276 44 23 en
539 1264 171 45 sökande,
742 1266 256 36 motsvarande
1028 1267 174 47 omkring
1223 1268 46 34 22
1293 1273 152 42 procent
1466 1282 42 23 av
1528 1269 84 36 hela
1633 1271 150 34 antalet.

188 1316 54 35 En
271 1317 220 48 lagändring
519 1318 13 34 i
561 1317 62 36 det
652 1331 43 23 av
724 1320 230 35 motionären
984 1322 159 46 angivna
1170 1319 113 50 syftet
1304 1333 109 36 synes
1435 1321 124 37 därför
1578 1323 206 48 ingalunda

187 1370 148 35 komma
364 1375 51 31 att
445 1371 114 35 sakna
588 1372 163 46 praktisk
780 1373 200 48 betydelse.

319 1423 130 36 Ehuru
489 1425 179 35 utskottet
705 1426 157 36 sålunda
898 1427 121 35 finner
1058 1427 70 35 den
1158 1426 208 50 föreslagna
1395 1428 206 49 ändringen
1631 1431 160 51 lämplig

185 1476 68 36 och
296 1489 44 24 av
376 1476 156 37 behovet
570 1478 181 50 påkallad,
782 1492 107 23 anser
917 1481 56 47 sig
1002 1480 179 36 utskottet
1209 1482 80 34 icke
1319 1480 57 37 för
1404 1483 226 36 närvarande
1659 1485 126 35 kunna

186 1529 205 50 framlägga
432 1530 140 49 förslag
600 1533 58 34 till
687 1531 210 50 avfattning
925 1546 44 23 av
997 1534 319 47 lagbestämmelse
1334 1537 23 34 .i
1386 1542 133 30 ämnet.
1576 1537 71 36 Det
1676 1551 108 36 synes

186 1585 178 35 utskottet
402 1585 203 48 ingalunda
643 1586 133 45 säkert,
816 1592 53 30 att
903 1586 70 37 den
1005 1586 199 47 föreskrift,
1236 1601 78 23 som
1344 1588 196 47 erfordras,
1572 1591 66 36 bör
1665 1591 119 36 inför-

185 1638 91 36 livas
319 1638 83 36 med
444 1639 127 48 lagens
617 1641 45 34 13
693 1638 30 48 $.
780 1640 72 36 Det
880 1640 106 36 torde
1016 1642 188 48 nämligen
1233 1643 126 36 kunna
1387 1643 248 49 ifrågasättas,
1666 1646 118 35 huru-

184 1691 84 37 vida
295 1692 80 36 icke
404 1697 52 30 ett
485 1692 203 48 stadgande
717 1707 43 22 av
790 1693 214 37 omförmält
1032 1695 166 36 innehåll
1227 1696 66 36 bör
1321 1696 141 37 införas
1491 1699 12 34 i
1533 1702 120 45 någon
1675 1713 43 22 av
1739 1699 43 36 de

184 1758 128 23 senare
355 1744 259 49 paragraferna
655 1748 13 34 i
710 1748 119 47 lagen.
887 1747 57 37 Då
970 1748 62 36 det
1061 1750 98 35 såväl
1188 1750 84 35 med
1301 1750 145 49 hänsyn
1476 1740 138 63 härtill
1636 1765 72 23 som
1740 1766 44 23 av

184 1798 115 37 andra
327 1799 76 36 skäl
431 1799 105 36 torde
566 1813 85 23 vara
679 1800 321 50 ändamålsenligt,
1031 1808 54 30 att
1112 1803 221 49 lagändring
1360 1805 80 35 icke
1460 1805 175 48 vidtages,
1659 1805 123 37 förrän

186 1851 129 50 frågan
356 1852 107 37 blivit
506 1852 238 50 fullständigt
780 1854 145 45 utredd,
970 1861 95 30 samt
1108 1856 120 37 denna
1257 1858 201 49 utredning
1486 1860 201 48 lämpligen
1717 1860 67 36 bör

183 1906 212 37 verkställas
433 1919 44 24 av
511 1906 137 50 Kungl.
678 1907 117 49 Maj:t,
826 1908 56 36 får
911 1910 180 35 utskottet
1119 1910 204 46 hemställa,

744 2021 53 31 att
826 2017 195 48 riksdagen
1052 2020 113 34 måtte
1193 2020 12 33 i
1235 2019 203 50 anledning
1468 2034 43 23 av
1541 2020 241 38 förevarande

611 2071 139 34 motion
780 2072 12 33 i
821 2071 174 35 skrivelse
1024 2072 58 34 till
1104 2071 136 49 Kungl.
1263 2073 105 47 Maj:t
1388 2074 157 45 anhålla,
1568 2080 53 30 att
1642 2075 138 48 Kungl.

609 2122 112 51 Maj:t
754 2125 98 44 ville,
892 2123 93 37 efter
1023 2126 196 35 verkställd
1258 2127 210 49 utredning,
1509 2129 74 34 låta
1616 2136 167 41 uppgöra

609 2177 68 35 och
707 2175 57 38 för
793 2178 194 48 riksdagen
1010 2177 204 50 framlägga
1244 2179 137 50 förslag
1411 2182 57 34 till
1489 2181 111 36 sådan
1623 2182 160 49 ändring

609 2231 12 34 i
654 2232 108 47 lagen
801 2231 70 36 den
912 2233 19 34 9
976 2232 193 36 december
1210 2235 100 34 1910
1340 2235 189 48 angående
1558 2237 224 47 tillsättning

609 2297 43 24 av
695 2286 217 48 prästerliga
948 2286 168 47 tjänster,
1156 2292 63 39 att,
1260 2287 64 37 där
1361 2288 63 36 vid
1460 2289 245 37 tillsättandet
1738 2303 44 23 av
