2206 2632
181 1256 133 25 Utskottets

184 1291 125 31 yttrande.

410 132 21 30 4
863 132 254 32 Statsutskottets
1139 131 165 33 utlåtande
1326 133 52 31 Nr
1402 133 73 31 129.

368 209 208 49 angående,
605 209 164 36 förutom
798 218 125 37 annat,
959 210 234 49 uppförande
1222 224 47 21 av
1298 211 323 47 avlöningsstaten
1649 212 57 35 för
1731 211 186 36 anstalten
1946 213 22 32 å

368 261 186 36 ordinarie
583 265 76 31 stat
686 266 99 31 samt
812 262 282 48 lönereglering
1114 262 57 35 för
1191 261 376 49 befattningshavare
1586 261 196 38 därstädes
1800 262 166 36 uttalade

368 312 213 36 dåvarande
623 312 417 48 departementschefen
1081 318 64 41 att,
1189 313 47 35 då
1271 312 538 50 löneregleringskommittén,
1838 313 127 37 vilken

368 369 142 31 ansetts
540 363 91 37 böra
658 364 112 36 höras
798 369 90 31 över
913 364 159 36 berörda
1099 364 156 49 förslag,
1284 365 57 36 för
1369 364 63 36 det
1460 365 213 36 dåvarande
1702 365 96 37 hade
1826 366 57 36 till
1903 365 63 37 be-

367 415 186 49 handling
594 428 46 23 en
680 416 141 48 mängd
863 416 130 48 frågor
1024 429 46 22 av
1099 416 244 48 synnerligen
1372 416 231 36 omfattande
1631 416 68 36 och
1729 417 238 37 brådskande

368 472 67 42 art,
464 466 245 37 kommitténs
736 467 176 49 yttrande
940 467 83 36 icke
1050 480 89 23 vore
1168 473 55 30 att
1250 473 114 31 vänta
1392 468 80 36 förr
1500 472 48 31 än
1576 470 40 34 så
1645 473 95 42 sent,
1767 473 53 31 att
1838 471 128 46 någon

368 518 119 37 utsikt
529 523 56 31 att
625 518 37 36 få
704 518 134 49 frågan
875 519 173 48 förelagd
1093 521 94 34 1917
1223 522 60 33 års
1310 519 157 49 riksdag
1495 519 81 36 icke
1603 525 131 42 syntes
1762 520 206 36 förefinnas

367 576 99 30 samt
507 576 65 40 att,
601 569 47 37 då
675 570 318 48 genomförandet
1021 584 47 22 av
1096 584 47 23 en
1171 570 285 49 lönereglering
1484 571 12 35 i
1525 571 168 48 enlighet
1720 571 84 36 med
1832 572 136 49 styrel-

368 635 87 23 sens
497 621 143 48 förslag
681 622 120 37 skulle
835 622 56 36 för
919 627 123 32 staten
1069 622 181 36 innebära
1278 636 45 23 en
1350 622 210 48 ingalunda
1587 622 197 50 obetydlig
1810 623 156 48 utgifts-

366 674 158 48 ökning,
567 679 54 31 ett
662 673 252 37 framförande
958 687 46 23 av
1032 674 183 48 förslaget
1243 688 46 22 av
1317 673 123 37 denna
1469 674 206 49 anledning
1702 677 118 33 måste
1847 674 123 36 under

367 739 51 22 nu
459 725 165 36 rådande
662 725 133 37 kristid
836 725 119 37 väcka
996 726 100 35 vissa
1136 726 316 48 betänkligheter.
1508 726 58 36 Av
1601 726 109 36 dessa
1738 726 80 36 skäl
1846 729 123 45 ansåg

367 777 424 49 departementschefen,
834 783 55 30 att
930 777 178 48 samtliga
1147 777 205 37 kostnader
1385 778 58 36 för
1471 778 184 36 anstalten
1683 778 116 36 borde
1822 777 145 48 jämväl

367 829 59 36 för
453 831 42 34 år
526 829 96 35 1918
653 829 183 36 bestridas
865 829 82 36 från
975 832 21 33 å
1024 835 104 30 extra
1156 834 75 31 stat
1260 829 184 49 beviljade
1473 829 144 49 anslag.

496 880 59 36 Då
595 880 62 37 det
698 880 258 37 förstnämnda
998 880 148 37 hindret
1182 881 207 36 emellertid
1417 894 155 23 numera
1600 880 193 47 bortfallit,
1822 881 70 36 och
1921 881 46 36 då

366 931 418 50 departementschefen
825 933 135 46 funnit,
1000 937 54 32 att
1094 932 232 49 antagandet
1354 946 45 23 av
1427 946 53 36 ny
1508 933 280 47 avlöningsstat
1815 933 58 35 för
1902 946 65 22 an-

367 984 149 47 stalten,
546 989 97 31 även
670 984 86 36 med
785 984 223 49 förhöjning
1031 998 47 22 av
1096 987 40 33 så
1154 990 86 43 gott
1258 996 80 25 som
1358 985 73 35 alla
1450 998 51 22 nu
1521 985 189 47 utgående
1733 984 234 48 avlöningar,

367 1036 107 36 torde
515 1036 130 36 kunna
685 1036 66 36 ske
778 1042 91 30 utan
898 1041 54 31 att
980 1037 168 35 medföra
1176 1039 127 46 någon
1331 1049 102 23 mera
1462 1036 182 36 avsevärd
1669 1036 296 48 utgiftsökning,

367 1087 68 37 har
463 1088 63 36 det
553 1092 109 44 synts
691 1087 428 50 departementschefen,
1149 1100 82 24 som
1260 1101 61 23 om
1348 1088 244 49 prövningen
1611 1101 47 22 av
1677 1088 291 47 ifrågavarande

367 1139 185 49 spörsmål
579 1139 82 36 icke
689 1139 58 36 för
773 1139 232 36 kostnadens
1035 1139 98 36 skull
1162 1139 114 36 borde
1304 1139 131 48 längre
1467 1140 286 48 undanskjutas.

496 1242 142 48 Kungl.
668 1243 126 48 Maj:ts
822 1242 155 48 förslag,
1006 1243 11 34 i
1045 1242 72 36 vad
1147 1243 207 35 detsamma
1378 1255 109 24 avser
1506 1243 205 36 anstaltens
1731 1243 237 49 uppförande

368 1298 21 32 å
416 1293 188 37 ordinarie
632 1299 85 40 stat,
746 1293 70 36 har
842 1294 186 36 utskottet
1056 1299 123 32 ansett
1207 1295 62 48 sig
1295 1293 89 37 böra
1411 1294 159 36 biträda.

497 1345 82 36 Vad
621 1345 165 37 härefter
822 1345 181 37 beträffar
1031 1345 45 36 de
1103 1360 46 22 av
1177 1346 141 48 Kungl.
1348 1346 107 48 Maj:t
1483 1346 218 49 föreslagna
1729 1346 154 36 lönerna
1910 1346 57 36 till

369 1397 404 48 befattningshavarna
812 1396 62 36 vid
917 1398 197 46 anstalten,
1156 1398 69 35 har
1264 1397 187 37 utskottet
1479 1397 13 36 i
1520 1397 119 37 likhet
1679 1398 83 36 med
1800 1397 167 49 departe-

368 1449 258 37 mentschefen
653 1449 84 36 icke
764 1449 144 36 kunnat
936 1448 129 50 undgå
1093 1454 56 31 att
1176 1449 103 36 finna
1307 1454 54 31 ett
1387 1449 98 36 visst
1513 1449 260 48 berättigande
1796 1450 12 35 i
1828 1449 72 37 den
1921 1463 47 23 av

368 1501 210 36 anstaltens
619 1501 158 49 styrelse
805 1500 225 37 framhållna
1058 1501 254 48 synpunkten,
1342 1506 54 31 att
1424 1502 201 35 direktören
1653 1501 68 36 har
1749 1501 69 36 och
1842 1501 126 37 säker-

367 1553 103 48 ligen
498 1553 60 35 för
585 1552 203 36 framtiden
816 1552 58 36 får
901 1558 56 30 att
984 1552 124 37 utföra
1136 1559 54 30 ett
1217 1552 233 48 nydanings-
1469 1553 70 36 och
1558 1553 411 48 organisationsarbete

368 1618 45 23 av
454 1604 117 36 sådan
611 1604 207 49 betydelse,
860 1609 55 31 att
956 1604 118 49 högre
1108 1605 180 47 avlöning
1316 1603 125 37 kunde
1469 1604 251 49 ifrågasättas.
1775 1604 193 37 Utskottet

368 1657 68 35 har
478 1656 205 36 emellertid
720 1656 82 36 icke
831 1661 124 31 ansett
983 1656 62 48 sig
1072 1656 58 36 för
1157 1655 237 37 närvarande
1423 1655 91 37 böra
1541 1655 145 37 biträda
1715 1656 71 36 den
1814 1670 46 22 av
1889 1662 80 44 sty-

368 1708 122 36 relsen
519 1707 197 36 förordade
745 1707 70 36 och
843 1721 47 22 av
918 1708 279 36 motionärerna
1226 1707 215 48 föreslagna
1469 1707 120 49 högre
1616 1708 241 48 avlöningen.

498 1759 302 36 Vidkommande
841 1759 232 48 avlöningen
1114 1760 56 35 till
1207 1760 420 45 lantbruksinspektoren
1670 1759 134 48 (tillika
1841 1759 127 37 avdel-

369 1810 386 49 ningsföreståndare)
783 1815 113 45 utgör
924 1811 221 36 densamma
1172 1811 60 36 för
1259 1810 231 37 närvarande
1518 1833 47 4 —
1595 1811 158 36 frånsett
1772 1812 198 47 pensions-

369 1863 125 48 avgift
535 1862 264 37 motsvarande
841 1862 146 49 avdrag
1018 1884 51 4 —
1098 1864 113 43 2,100
1253 1863 139 35 kronor
1428 1863 120 48 jämte
1588 1865 64 34 två
1693 1862 275 49 ålderstillägg,

369 1914 176 37 vartdera
573 1917 20 33 å
622 1915 73 35 200
725 1914 151 47 kronor,
905 1914 97 37 efter
1029 1914 218 49 respektive
1275 1914 74 36 fem
1378 1915 70 35 och
1476 1914 53 36 tio
1559 1917 49 33 år.

500 1965 192 49 Styrelsen
720 1966 68 36 har
807 1980 50 22 nu
876 1987 51 5 —
945 1966 120 36 under
1083 1966 150 36 erinran
1253 1972 54 30 att
1325 1966 72 36 den
1418 1966 86 36 med
1523 1966 288 48 ifrågavarande
1831 1966 137 36 befatt-

371 2018 257 48 ningshavare
656 2023 171 31 närmast
849 2017 221 48 jämförlige
1085 2017 435 48 jordbruksassistenten
1540 2018 63 36 vid
1624 2016 170 50 Svartsjö
1814 2020 155 46 tvångs-

371 2069 268 37 arbetsanstalt
681 2069 159 36 allenast
867 2069 97 36 hade
993 2075 54 30 att
1075 2082 109 23 svara
1212 2069 58 37 för
1293 2068 227 50 jordbruket
1547 2091 50 4 —
1625 2074 135 41 ansett,
1789 2074 55 31 att
1872 2070 96 35 lant-

370 2120 894 50 bruksinspektoren-avdelningsföreståndaren
1290 2121 63 36 vid
1381 2120 106 37 Bona
1515 2120 113 37 borde
1656 2121 144 48 åtnjuta
1829 2133 47 24 en
1904 2134 64 23 av-

370 2173 145 48 löning,
558 2185 80 24 som
681 2172 84 37 med
812 2174 73 35 500
914 2172 139 37 kronor
1086 2177 196 44 överstege
1310 2172 71 36 vad
1410 2185 81 23 som
1520 2172 173 37 bestodes
1721 2172 248 37 omförmälde
