1906 2854
351 188 232 30 Sammansatt
605 190 98 27 stats-
726 188 60 29 och
808 187 260 30 bankoutskotts
1089 185 176 30 utlåtande
1285 185 50 29 Nr
1355 188 23 25 1.
1594 187 19 30 9

116 282 86 31 egen
237 272 141 41 pension
412 288 43 4 —
492 270 172 33 likställda
688 270 78 32 med
791 269 167 32 ordinarie
982 268 337 41 befattningshavare
1344 266 109 32 under
1476 266 66 32 den
1566 266 49 32 tid

117 325 253 42 anställningen
404 324 135 33 varade.
589 324 74 32 Vad
698 325 184 30 frånvaron
919 333 42 21 av
997 325 66 28 rätt
1086 321 50 32 till
1160 321 142 41 pension
1326 320 187 32 beträffade
1536 331 80 21 vore

119 380 90 32 detta
244 378 196 41 visserligen
476 389 42 21 en
542 381 70 29 stor
635 377 188 41 olägenhet.
871 375 197 34 Emellertid
1093 376 124 39 ansåge
1242 373 372 42 departementschefen

118 434 51 41 sig
203 433 83 32 böra
321 433 109 31 erinra
465 443 55 21 om
557 434 49 29 att
640 431 120 41 frågan
790 441 55 21 om
882 428 239 43 pensionering
1154 439 42 21 av
1219 427 255 32 icke-ordinarie
1498 426 118 33 befatt-

117 487 228 42 ningshavare
369 486 103 32 sedan
496 486 100 41 länge
619 486 81 31 stått
722 486 45 40 på
790 483 257 42 dagordningen
1072 482 62 32 och
1159 481 54 33 väl
1237 482 94 32 inom
1356 492 41 21 en
1413 481 74 32 icke
1504 480 113 32 alltför

117 541 95 41 långt
247 540 160 42 avlägsen
442 539 141 33 framtid
619 539 101 32 också
754 538 95 32 torde
884 538 140 31 komma
1058 539 49 29 att
1141 537 45 30 nå
1221 536 52 31 sin
1307 535 144 41 lösning.
1501 534 115 33 Skulle

118 594 185 33 emellertid
338 595 54 31 för
426 596 114 38 någon
576 604 41 21 av
652 593 61 31 här
747 591 261 42 ifrågavarande
1043 590 337 41 befattningshavare
1415 590 121 39 frågan
1560 599 55 21 om

118 649 141 41 pension
296 648 102 32 redan
434 647 240 32 dessförinnan
709 646 91 32 bliva
835 644 136 39 aktuell,
1007 646 126 39 ansåge
1164 642 374 42 departementschefen
1565 642 52 41 sig

118 703 118 31 kunna
271 703 81 40 utgå
386 702 77 31 från
499 704 49 28 att
583 699 126 42 Kungl.
745 699 98 41 Maj:t
867 698 62 32 och
955 697 182 42 riksdagen
1161 714 42 4 —
1228 698 110 30 såsom
1364 696 103 32 redan
1493 696 88 31 skett
1605 695 10 31 i

118 756 122 32 talrika
275 755 60 32 fall
369 754 211 33 beträffande
615 752 254 33 icke-ordinarie
896 751 338 41 befattningshavare
1258 750 11 31 i
1293 752 127 29 statens
1444 750 106 40 tjänst
1573 766 43 3 —

118 810 137 32 komme
279 812 48 28 att
351 810 33 30 åt
408 809 128 31 honom
559 807 127 40 bevilja
709 806 142 33 särskild
876 805 153 42 pension.

162 863 283 41 Befattningarna
467 861 105 39 torde,
598 862 99 31 anför
721 859 372 43 departementschefen
1119 858 125 38 vidare,
1263 857 80 32 böra
1359 856 258 42 ledigförklaras

119 918 61 31 och
206 917 98 32 sökas
329 918 44 40 på
397 915 191 42 sedvanligt
612 918 78 35 sätt;
716 925 73 21 som
814 913 142 42 lämplig
980 912 258 32 mellaninstans
1255 911 94 32 torde
1366 910 251 32 humanistiska

118 971 214 32 sektionerna
348 969 58 33 vid
426 969 241 33 universiteten
684 968 10 31 i
712 967 152 43 Uppsala
880 967 61 32 och
960 966 99 32 Lund
1076 966 118 31 kunna
1210 965 104 40 tjäna.
1356 964 110 32 Sedan
1487 963 129 42 jämväl

117 1024 160 33 kanslern
312 1025 54 31 för
400 1024 103 31 rikets
540 1022 197 33 universitet
772 1024 102 39 yttrat
910 1020 51 41 sig
984 1020 11 31 i
1020 1019 147 38 ärendet,
1192 1019 95 31 torde
1312 1017 238 33 meddelandet
1573 1028 42 21 av

117 1078 229 33 förordnande
381 1077 81 32 böra
495 1077 187 32 ankomma
716 1077 44 40 på
793 1074 127 42 Kungl.
947 1073 107 41 Maj:t.
1103 1073 120 31 Därest
1248 1072 111 32 denna
1383 1071 232 41 tillsättnings-

117 1132 167 41 procedur
307 1132 136 31 komme
468 1134 49 29 att
540 1133 79 38 taga
642 1129 115 41 längre
781 1128 49 32 tid
854 1128 10 32 i
889 1127 157 42 anspråk,
1072 1130 114 38 syntes
1210 1126 123 32 hinder
1355 1125 74 32 icke
1453 1128 94 28 möta
1563 1125 53 31 för

117 1185 129 42 Kungl.
283 1185 99 41 Maj:t
416 1188 48 29 att
499 1185 86 31 efter
619 1182 269 33 vederbörandes
923 1181 151 32 hörande
1111 1181 76 31 från
1222 1180 64 32 och
1315 1179 77 32 med
1418 1179 66 31 den
1511 1180 14 30 1
1551 1178 64 41 juli

120 1241 84 31 1930
229 1239 162 33 förordna
415 1250 55 20 om
495 1237 251 42 uppehållande
770 1247 42 21 av
837 1236 64 32 den
927 1235 79 32 eller
1030 1234 41 32 de
1095 1234 151 41 tjänster,
1272 1233 61 32 där
1356 1232 122 33 sådant
1501 1232 115 31 kunde

117 1293 153 32 befinnas
294 1303 81 22 vara
399 1292 172 38 önskvärt,
596 1291 50 32 till
671 1291 74 31 dess
770 1293 48 29 att
842 1288 233 34 ovanberörda
1099 1287 203 42 tillsättning
1326 1289 56 39 ägt
1406 1297 87 21 rum.

162 1346 385 42 Departementschefen
571 1346 62 31 har
655 1345 149 31 härefter
828 1344 153 40 övergått
1004 1342 50 32 till
1071 1341 66 32 den
1154 1341 107 41 tredje
1277 1340 164 42 punkten,
1460 1340 60 31 där
1536 1339 79 32 riks-

118 1401 109 41 dagen
251 1401 85 31 fann
360 1411 41 21 en
425 1399 193 42 ytterligare
643 1398 181 40 utredning
849 1396 180 33 önskvärd.
1078 1396 74 31 Den
1177 1396 113 40 avsåg,
1316 1393 170 33 huruvida
1510 1396 46 29 ett
1579 1394 37 30 så

116 1457 84 29 stort
224 1454 92 32 antal
340 1452 346 41 befattningshavare,
712 1462 73 21 som
812 1451 83 31 1929
920 1449 202 40 föreslagits,
1146 1459 80 21 vore
1243 1446 277 42 oundgängligen
1537 1446 79 32 nöd-

117 1508 143 41 vändigt
283 1508 54 31 för
359 1506 184 42 ledningen
567 1516 43 21 av
634 1503 363 42 insamlingsarbetena
1020 1502 63 32 och
1108 1503 53 30 för
1184 1501 56 32 det
1260 1500 188 32 insamlade
1464 1500 151 32 materia-

116 1561 62 32 lets
202 1561 210 41 nödtorftiga
437 1559 221 41 bearbetning
681 1558 108 32 under
813 1556 306 41 insamlingstiden.

162 1615 77 32 Vad
274 1615 44 32 då
349 1613 400 41 ortnamnsforskningen
774 1610 195 39 beträffade,
995 1610 87 31 hade
1109 1610 83 31 1929
1218 1610 52 30 års
1294 1607 128 42 förslag
1445 1606 171 33 inneburit

117 1669 142 32 allenast
283 1668 191 32 inrättande
498 1678 43 21 av
565 1677 43 21 en
632 1665 202 41 befattning,
859 1664 11 32 i
895 1664 55 32 det
974 1662 128 42 Kungl.
1122 1662 99 41 Maj:t
1238 1662 43 31 då
1297 1660 174 42 föreslagit
1488 1671 41 21 en
1546 1671 70 31 per-

117 1723 111 40 sonlig
262 1723 106 40 tjänst
404 1721 10 32 i
442 1720 206 42 lönegraden
674 1720 81 31 B30
779 1721 35 29 åt
837 1718 164 32 docenten
1027 1716 164 41 Sahlgren
1216 1717 112 30 såsom
1352 1714 111 32 ledare
1488 1725 42 21 av
1554 1717 61 28 ort-

117 1775 434 41 namnsundersökningen.
600 1774 55 31 Nu
690 1772 147 42 förelåge
873 1782 42 21 en
950 1770 254 40 framställning
1239 1770 77 31 från
1346 1768 270 32 ortnamnskom-

118 1830 129 38 mittén,
283 1829 115 32 vilken
433 1827 254 41 framställning
721 1826 177 41 tillstyrkts
934 1836 43 21 av
1012 1824 40 32 de
1077 1823 221 32 akademiska
1321 1822 294 41 myndigheterna,

117 1894 56 21 om
206 1883 207 32 inrättandet
445 1893 43 21 av
517 1893 42 20 en
583 1881 170 41 personlig
776 1880 174 41 professur
974 1879 53 31 för
1051 1877 175 42 Sahlgren.
1275 1877 75 31 Hur
1375 1876 162 31 önskvärt
1561 1875 55 32 det

117 1942 42 26 än
185 1936 88 32 hade
297 1936 87 32 varit
408 1938 48 29 att
479 1936 54 30 för
556 1935 62 31 här
641 1933 260 41 ifrågavarande
926 1930 312 41 forskningsarbete
1262 1930 118 31 kunna
1396 1930 36 30 få
1448 1928 168 32 bibehålla

118 2001 40 21 en
195 1990 286 40 vetenskapsman
517 1999 42 21 av
584 1987 181 41 Sahlgrens
789 1985 230 32 framstående
1044 1984 63 32 och
1131 1994 42 22 av
1198 1983 66 31 alla
1288 1982 216 41 sakkunniga
1527 1981 88 41 bety-

116 2044 87 41 gade
238 2042 212 42 skicklighet,
486 2042 109 31 funne
630 2039 372 43 departementschefen
1039 2038 52 40 sig
1126 2037 86 32 dock
1245 2036 73 32 icke
1342 2036 118 31 kunna
1485 2035 132 32 biträda

117 2097 113 32 denna
254 2095 262 41 framställning.

162 2151 52 31 En
251 2150 110 32 ledare
398 2161 42 21 av
465 2147 520 40 ortnamnsundersökningarna
1009 2145 95 32 torde
1128 2144 86 32 dock
1240 2143 147 41 alltjämt
1410 2153 82 22 vara
1516 2143 100 30 erfor-

117 2204 116 41 derlig,
271 2203 62 32 och
368 2201 373 43 departementschefen
777 2201 61 31 har
870 2199 161 38 förordat,
1063 2201 49 29 att
1136 2209 40 20 en
1202 2197 93 40 dylik
1320 2196 194 40 befattning
1538 2195 77 32 med

117 2258 157 40 uppdrag
306 2256 107 32 tillika
437 2259 49 28 att
509 2266 81 21 vara
614 2254 230 32 föreståndare
868 2254 53 31 för
945 2251 309 33 ortnamnsarkivet
1277 2251 150 31 inrättas.
1476 2249 15 31 I
1516 2249 100 40 enlig-

117 2311 57 31 het
209 2310 78 31 med
323 2309 65 32 vad
423 2309 143 40 tidigare
600 2307 205 32 framhållits
838 2306 103 32 borde
965 2305 232 31 innehavaren
1222 2314 42 21 av
1289 2303 111 31 denna
1425 2302 192 40 befattning

117 2374 81 22 vara
232 2363 148 31 ledamot
408 2362 63 31 och
496 2361 202 32 sekreterare
722 2360 10 31 i
758 2358 390 33 ortnamnskommittén.
1198 2356 66 32 För
1287 2356 112 31 denna
1424 2355 192 40 befattning

117 2420 114 38 syntes
262 2433 43 3 —
330 2416 9 30 i
364 2418 74 28 vart
462 2414 60 32 fall
547 2414 49 31 till
621 2424 41 21 en
687 2413 119 40 början
831 2429 42 4 —
898 2422 41 21 en
965 2410 172 42 placering
1161 2410 9 30 i
1195 2408 206 42 lönegraden
1427 2408 26 31 B
1469 2409 41 30 28
1535 2418 81 21 vara

115 2469 186 42 lämpligen
341 2468 143 41 avvägd.
534 2465 378 43 Departementschefen
947 2465 107 30 funne
1087 2463 56 31 det
1176 2473 81 21 vara
1289 2460 253 41 ofrånkomligt,
1569 2463 48 29 att

117 2522 309 34 ortnamnsarkivet
448 2520 130 42 jämväl
603 2520 9 31 i
637 2519 262 40 fortsättningen
925 2517 97 32 bleve
1048 2516 123 41 förlagt
1195 2515 50 32 till
1271 2514 161 42 Uppsala.
