1905 2827
247 184 19 30 6
592 183 313 31 Bankoutskottets
924 183 178 31 utlåtande
1119 192 43 21 nr
1179 182 41 31 37
1238 182 39 31 år
1296 183 83 30 1969

241 275 42 21 av
310 265 187 41 riksdagen
526 265 185 41 godkända
740 266 180 30 utlåtande
955 264 176 36 (38/1968)
1166 265 80 30 över
1275 264 219 30 motionerna
1522 262 206 31 hemställde

241 320 425 30 konstitutionsutskottet
695 322 49 28 att
772 320 187 40 riksdagen
988 320 63 29 hos
1079 319 126 40 Kungl.
1234 319 105 39 Maj:t
1369 319 112 30 skulle
1509 317 142 31 anhålla
1679 318 49 29 att

243 375 267 40 ifrågavarande
525 376 172 29 motioner
712 376 113 29 skulle
840 376 218 29 överlämnas
1073 375 52 29 till
1141 373 406 41 grundlagberedningen
1562 373 55 30 för
1633 373 94 30 över-

243 430 166 38 vägande.

287 483 175 40 Styrelsen
485 483 116 30 finner
625 484 11 29 i
660 483 109 30 likhet
793 483 79 30 med
897 483 250 30 statskontoret
1172 483 56 29 det
1253 482 178 40 angeläget
1456 483 50 29 att
1530 481 198 30 erfarenhe-

241 539 100 29 terna
359 547 43 21 av
423 537 82 31 1968
526 537 56 31 års
601 537 277 31 demonstration
897 538 193 30 tillvaratas
1110 538 65 29 och
1194 537 180 30 bearbetas
1396 538 89 29 samt
1505 537 50 29 att
1575 536 67 30 den
1660 535 68 30 hit-

240 592 71 30 tills
336 592 228 40 genomförda
589 592 213 40 begränsade
829 591 231 40 utredningen
1086 601 57 21 om
1169 591 225 40 utnyttjande
1421 600 42 21 av
1489 590 88 30 ADB
1602 590 12 30 i
1639 590 88 29 riks-

244 647 218 38 dagsarbetet
481 647 132 29 avlöses
633 656 42 20 av
693 656 42 20 en
754 656 96 20 mera
869 646 220 40 djupgående
1108 646 171 30 förstudie
1298 646 78 30 med
1397 645 88 30 sikte
1504 645 46 40 på
1568 647 51 28 att
1636 645 44 29 bl.
1696 654 29 20 a.

240 701 123 30 utreda
388 701 177 30 formerna
591 701 53 30 för
668 701 212 40 bedömning
905 710 42 21 av
970 700 328 30 relevansområden
1322 710 42 20 av
1387 700 148 30 intresse
1560 699 54 30 för
1639 699 88 30 riks-

243 755 110 39 dagen
376 756 65 29 och
464 755 55 30 för
541 755 178 40 initiering
742 756 64 29 och
830 755 226 40 samordning
1079 765 42 20 av
1144 754 327 40 expertutlåtanden
1494 755 10 29 i
1528 756 48 28 ett
1599 754 127 30 ärende

241 814 90 28 samt
354 814 51 28 att
427 812 189 35 inventera,
641 811 171 30 definiera
834 812 65 29 och
923 811 169 39 avgränsa
1117 810 41 30 de
1182 809 260 36 fackområden,
1467 809 63 30 där
1555 810 172 39 expertut-

240 866 165 29 låtanden
427 867 71 28 kan
520 866 162 29 behövas.
706 866 103 28 Detta
832 866 116 28 arbete
971 865 61 29 bör
1056 864 159 29 bedrivas
1239 865 11 28 i
1275 864 140 29 samråd
1439 864 79 28 med
1543 863 184 38 grundlag-

237 918 246 41 beredningen.

283 973 227 30 Beträffande
529 973 227 40 möjligheten
775 975 49 27 att
843 972 161 30 använda
1020 972 90 29 ADB
1129 971 57 30 vid
1205 971 224 40 utvärdering
1446 980 42 20 av
1507 970 93 30 olika
1618 970 110 29 hand-

239 1027 276 40 lingsalternativ
545 1027 64 29 har
640 1027 250 29 statskontoret
919 1026 147 39 tidigare
1095 1044 45 3 -—
1167 1026 11 29 i
1209 1025 206 30 utlåtanden
1446 1026 80 29 över
1556 1024 171 30 motioner

241 1081 83 31 1964
349 1082 65 29 och
442 1081 82 30 1966
552 1083 89 28 samt
666 1081 11 29 i
703 1081 62 30 PM
793 1080 171 31 18.4.1968
990 1080 52 30 till
1070 1079 395 39 förvaltningskontoret
1492 1087 76 32 ang.
1595 1080 133 38 utnytt-

238 1136 107 40 jande
365 1145 43 21 av
425 1135 89 30 ADB
534 1136 11 29 i
564 1135 295 39 riksdagsarbetet
878 1153 45 3 —
943 1134 193 30 framhållit
1157 1136 49 28 att
1227 1134 57 29 det
1304 1134 105 29 krävs
1429 1135 48 28 ett
1497 1134 138 39 mycket
1656 1142 72 20 om-

240 1189 157 31 fattande
417 1190 116 29 arbete
552 1189 109 30 innan
681 1188 226 30 önskemålen
928 1188 181 40 härvidlag
1128 1189 70 28 kan
1218 1187 211 40 tillgodoses.
1451 1187 13 30 I
1487 1187 53 30 sin
1561 1187 165 30 skrivelse

239 1254 42 20 av
303 1243 150 30 9.4.1969
483 1244 52 34 (se
557 1243 75 34 bil.)
660 1243 102 29 anför
786 1243 250 29 statskontoret
1058 1260 45 3 —
1124 1242 111 29 under
1258 1242 211 39 hänvisning
1492 1241 52 30 till
1568 1241 67 30 den
1658 1241 69 30 för-

242 1298 306 30 söksverksamhet
570 1297 45 40 på
638 1297 157 30 området
819 1306 74 21 som
917 1297 107 29 sedan
1047 1296 88 30 flera
1159 1296 37 30 år
1219 1295 108 40 pågår
1349 1296 11 30 i
1384 1296 83 30 USA
1489 1313 45 4 —
1556 1297 50 28 att
1629 1295 96 30 tiden

239 1361 48 20 nu
305 1352 97 29 torde
420 1361 82 20 vara
521 1359 124 31 mogen
664 1351 53 29 för
737 1352 46 28 ett
802 1351 161 28 närmare
983 1350 156 29 studium
1158 1360 43 19 av
1216 1350 95 29 vilka
1329 1350 221 39 möjligheter
1570 1359 75 20 som
1663 1350 64 28 här

239 1406 143 39 erbjuds
404 1406 65 28 och
490 1405 67 29 hur
579 1405 187 39 riksdagen
790 1404 88 30 skall
901 1405 121 28 kunna
1044 1404 155 39 utnyttja
1222 1403 111 30 dessa.

286 1459 174 40 Styrelsen
479 1468 101 21 anser
599 1461 50 28 att
667 1459 94 29 detta
779 1459 140 40 projekt
936 1458 62 30 bör
1017 1460 53 28 tas
1089 1459 78 29 med
1185 1459 11 29 i
1215 1458 67 30 den
1301 1457 198 40 föreslagna
1517 1457 206 34 förstudien,

239 1514 86 29 även
343 1523 57 20 om
418 1513 115 30 denna
551 1513 106 39 enligt
677 1513 187 39 styrelsens
883 1513 141 38 mening
1043 1511 246 31 företrädesvis
1308 1512 62 30 bör
1388 1511 174 31 behandla
1580 1511 146 40 tidigare

237 1567 155 30 nämnda
417 1567 173 30 tänkbara
618 1566 264 39 användningar
910 1576 42 20 av
978 1565 99 31 ADB.

283 1621 393 39 Sammanfattningsvis
699 1621 59 29 vill
783 1620 169 39 styrelsen
976 1620 188 29 framhålla
1188 1621 50 28 att
1263 1620 169 39 styrelsen
1456 1620 116 29 finner
1596 1620 57 29 det
1677 1629 49 20 er-

239 1675 180 39 forderligt
438 1675 64 29 och
521 1674 158 40 lämpligt
699 1676 50 28 att
768 1674 41 30 de
829 1674 148 39 positiva
996 1674 286 29 erfarenheterna
1301 1674 65 29 och
1385 1674 191 29 resultaten
1596 1684 42 20 av
1659 1676 67 37 sty-

237 1729 132 29 relsens
397 1728 215 40 begränsade
639 1727 293 40 ADB-utredning
961 1737 47 20 nu
1038 1727 84 39 följs
1151 1736 71 31 upp
1252 1735 123 31 genom
1404 1729 50 28 att
1483 1737 42 20 en
1555 1727 171 30 förstudie

238 1792 56 20 om
315 1782 228 40 möjligheten
564 1784 49 27 att
634 1782 160 30 använda
815 1781 88 30 ADB
923 1782 11 29 i
956 1781 294 39 riksdagsarbetet
1273 1781 199 39 genomförs
1493 1782 11 29 i
1525 1781 201 30 huvudsak-

237 1837 47 39 lig
306 1836 345 30 överensstämmelse
674 1836 79 29 med
775 1836 67 29 vad
865 1836 250 29 statskontoret
1137 1835 11 30 i
1172 1835 58 30 sitt
1252 1835 308 30 remissuttalande
1584 1835 142 30 föresla-

238 1891 58 39 git.
317 1890 192 30 Resultatet
529 1899 42 20 av
591 1889 196 30 förstudien
807 1889 62 29 bör
889 1890 121 28 kunna
1030 1888 176 30 redovisas
1227 1888 54 30 för
1301 1888 188 40 riksdagen
1509 1889 111 29 under
1643 1889 82 30 1970

238 1944 56 30 års
316 1944 206 30 vårsession.

282 2000 74 30 Vad
379 2000 107 39 angår
509 2000 237 29 kostnaderna
769 1999 54 30 för
846 2000 66 29 den
936 1999 162 31 fortsatta
1121 1999 232 39 utredningen
1376 1999 62 30 bör
1461 1998 187 39 riksdagen
1670 1998 56 29 be-

238 2053 109 30 strida
369 2053 372 40 avlöningskostnader
765 2053 54 30 för
842 2053 65 30 den
929 2054 161 39 personal
1113 2053 95 29 inom
1232 2052 395 39 förvaltningskontoret
1651 2060 74 21 som

237 2107 177 30 erfordras
438 2107 54 30 för
516 2107 339 39 utredningsarbetet
879 2108 64 28 och
966 2107 11 29 i
1001 2107 288 29 förekommande
1313 2107 62 29 fall
1398 2115 89 21 rese-
1511 2116 45 19 m.
1571 2106 37 29 fl.
1632 2106 94 29 kost-

237 2161 108 30 nader
368 2171 74 20 som
464 2161 177 30 föranleds
663 2171 42 20 av
728 2161 222 30 studiebesök
971 2161 96 29 inom
1089 2160 251 40 utredningens
1361 2170 87 20 ram.
1472 2160 175 39 Styrelsen
1670 2169 55 20 av-

238 2225 54 20 ser
314 2217 60 33 att,
398 2225 56 20 om
476 2215 188 40 riksdagen
686 2215 71 30 inte
781 2215 63 29 har
867 2214 115 40 någon
1005 2215 139 29 erinran
1167 2214 169 35 häremot,
1360 2214 54 30 för
1438 2214 101 30 dessa
1562 2213 163 31 ändamål

237 2269 109 30 anlita
372 2269 215 40 tillgängliga
614 2269 282 40 förslagsanslag.
925 2269 194 29 Härutöver
1147 2268 226 39 erforderliga
1401 2268 112 30 medel
1541 2268 55 29 för
1624 2269 100 28 stats-

237 2323 180 30 kontorets
441 2323 221 34 medverkan,
688 2323 198 29 beräknade
910 2323 52 29 till
989 2322 61 29 110
1065 2322 62 30 000
1152 2323 62 34 kr.,
1240 2321 100 30 torde
1363 2322 105 39 enligt
1492 2322 67 29 vad
1584 2321 140 30 förvalt-

237 2377 265 39 ningskontoret
527 2377 110 29 under
661 2377 95 29 hand
779 2376 174 30 inhämtat
978 2376 11 29 i
1013 2375 405 40 finansdepartementet,
1443 2376 144 29 komma
1610 2377 49 28 att
1684 2384 41 20 av

236 2430 126 40 Kungl.
385 2430 105 40 Maj:t
514 2431 119 29 ställas
655 2431 52 29 till
731 2431 269 29 statskontorets
1023 2429 207 40 förfogande
1252 2429 88 30 efter
1362 2429 261 40 framställning
1645 2428 79 31 från

237 2484 413 39 förvaltningskontorets
682 2484 153 39 styrelse.
