<?xml version="1.0" encoding="UTF-8"?>
<alto xmlns="http://www.loc.gov/standards/alto/ns-v3#" xmlns:xlink="http://www.w3.org/1999/xlink" xmlns:xsi="http://www.w3.org/2001/XMLSchema-instance" xsi:schemaLocation="http://www.loc.gov/standards/alto/ns-v3# http://www.loc.gov/alto/v3/alto-3-0.xsd">
	<Description>
		<MeasurementUnit>pixel</MeasurementUnit>
		<sourceImageInformation>
			<fileName>/tmp/tess_ztojj3av_input.PNG</fileName>
		</sourceImageInformation>
		<OCRProcessing ID="OCR_0">
			<ocrProcessingStep>
				<processingSoftware>
					<softwareName>tesseract 5.3.0</softwareName>
				</processingSoftware>
			</ocrProcessingStep>
		</OCRProcessing>
	</Description>
	<Layout>
		<Page WIDTH="1892" HEIGHT="2778" PHYSICAL_IMG_NR="0" ID="page_0">
			<PrintSpace HPOS="0" VPOS="0" WIDTH="1892" HEIGHT="2778">
				<ComposedBlock ID="cblock_0" HPOS="276" VPOS="158" WIDTH="16" HEIGHT="29">
					<TextBlock ID="block_0" HPOS="276" VPOS="158" WIDTH="16" HEIGHT="29">
						<TextLine ID="line_0" HPOS="276" VPOS="158" WIDTH="16" HEIGHT="29">
							<String ID="string_0" HPOS="276" VPOS="158" WIDTH="16" HEIGHT="29" WC="0.13" CONTENT="[CA"/>
						</TextLine>
					</TextBlock>
				</ComposedBlock>
				<ComposedBlock ID="cblock_1" HPOS="600" VPOS="159" WIDTH="855" HEIGHT="32">
					<TextBlock ID="block_1" HPOS="600" VPOS="159" WIDTH="855" HEIGHT="32">
						<TextLine ID="line_1" HPOS="600" VPOS="159" WIDTH="855" HEIGHT="32">
							<String ID="string_1" HPOS="600" VPOS="159" WIDTH="390" HEIGHT="30" WC="0.90" CONTENT="Jordbruksutskottets"/><SP WIDTH="22" VPOS="159" HPOS="990"/>
							<String ID="string_2" HPOS="1012" VPOS="161" WIDTH="178" HEIGHT="29" WC="0.96" CONTENT="utlåtande"/><SP WIDTH="20" VPOS="161" HPOS="1190"/>
							<String ID="string_3" HPOS="1210" VPOS="170" WIDTH="43" HEIGHT="20" WC="0.96" CONTENT="nr"/><SP WIDTH="20" VPOS="170" HPOS="1253"/>
							<String ID="string_4" HPOS="1273" VPOS="162" WIDTH="18" HEIGHT="28" WC="0.96" CONTENT="6"/><SP WIDTH="20" VPOS="162" HPOS="1291"/>
							<String ID="string_5" HPOS="1311" VPOS="162" WIDTH="39" HEIGHT="29" WC="0.96" CONTENT="år"/><SP WIDTH="21" VPOS="162" HPOS="1350"/>
							<String ID="string_6" HPOS="1371" VPOS="162" WIDTH="84" HEIGHT="29" WC="0.96" CONTENT="1956"/>
						</TextLine>
					</TextBlock>
				</ComposedBlock>
				<ComposedBlock ID="cblock_2" HPOS="272" VPOS="242" WIDTH="1509" HEIGHT="2207">
					<TextBlock ID="block_2" HPOS="277" VPOS="242" WIDTH="1504" HEIGHT="244">
						<TextLine ID="line_2" HPOS="323" VPOS="242" WIDTH="1458" HEIGHT="44">
							<String ID="string_7" HPOS="323" VPOS="243" WIDTH="11" HEIGHT="28" WC="0.95" CONTENT="I"/><SP WIDTH="26" VPOS="243" HPOS="334"/>
							<String ID="string_8" HPOS="360" VPOS="242" WIDTH="164" HEIGHT="30" WC="0.96" CONTENT="skrivelse"/><SP WIDTH="25" VPOS="242" HPOS="524"/>
							<String ID="string_9" HPOS="549" VPOS="243" WIDTH="67" HEIGHT="28" WC="0.96" CONTENT="den"/><SP WIDTH="27" VPOS="243" HPOS="616"/>
							<String ID="string_10" HPOS="643" VPOS="243" WIDTH="38" HEIGHT="29" WC="0.96" CONTENT="19"/><SP WIDTH="24" VPOS="243" HPOS="681"/>
							<String ID="string_11" HPOS="705" VPOS="252" WIDTH="92" HEIGHT="20" WC="0.96" CONTENT="mars"/><SP WIDTH="27" VPOS="252" HPOS="797"/>
							<String ID="string_12" HPOS="824" VPOS="244" WIDTH="82" HEIGHT="29" WC="0.95" CONTENT="1955"/><SP WIDTH="25" VPOS="244" HPOS="906"/>
							<String ID="string_13" HPOS="931" VPOS="244" WIDTH="62" HEIGHT="28" WC="0.96" CONTENT="har"/><SP WIDTH="23" VPOS="244" HPOS="993"/>
							<String ID="string_14" HPOS="1016" VPOS="245" WIDTH="132" HEIGHT="29" WC="0.93" CONTENT="statens"/><SP WIDTH="22" VPOS="245" HPOS="1148"/>
							<String ID="string_15" HPOS="1170" VPOS="245" WIDTH="326" HEIGHT="39" WC="0.92" CONTENT="jordbruksnämnd"/><SP WIDTH="24" VPOS="245" HPOS="1496"/>
							<String ID="string_16" HPOS="1520" VPOS="246" WIDTH="165" HEIGHT="40" WC="0.93" CONTENT="framlagt"/><SP WIDTH="24" VPOS="246" HPOS="1685"/>
							<String ID="string_17" HPOS="1709" VPOS="247" WIDTH="72" HEIGHT="30" WC="0.92" CONTENT="för-"/>
						</TextLine>
						<TextLine ID="line_3" HPOS="277" VPOS="291" WIDTH="1498" HEIGHT="44">
							<String ID="string_18" HPOS="277" VPOS="291" WIDTH="73" HEIGHT="40" WC="0.96" CONTENT="slag"/><SP WIDTH="19" VPOS="291" HPOS="350"/>
							<String ID="string_19" HPOS="369" VPOS="292" WIDTH="53" HEIGHT="29" WC="0.96" CONTENT="till"/><SP WIDTH="19" VPOS="292" HPOS="422"/>
							<String ID="string_20" HPOS="441" VPOS="293" WIDTH="141" HEIGHT="29" WC="0.96" CONTENT="fortsatt"/><SP WIDTH="21" VPOS="293" HPOS="582"/>
							<String ID="string_21" HPOS="603" VPOS="294" WIDTH="77" HEIGHT="29" WC="0.96" CONTENT="stöd"/><SP WIDTH="20" VPOS="294" HPOS="680"/>
							<String ID="string_22" HPOS="700" VPOS="293" WIDTH="35" HEIGHT="30" WC="0.93" CONTENT="åt"/><SP WIDTH="18" VPOS="293" HPOS="735"/>
							<String ID="string_23" HPOS="753" VPOS="294" WIDTH="63" HEIGHT="29" WC="0.93" CONTENT="lin-"/><SP WIDTH="20" VPOS="294" HPOS="816"/>
							<String ID="string_24" HPOS="836" VPOS="294" WIDTH="65" HEIGHT="30" WC="0.92" CONTENT="och"/><SP WIDTH="19" VPOS="294" HPOS="901"/>
							<String ID="string_25" HPOS="920" VPOS="294" WIDTH="281" HEIGHT="41" WC="0.91" CONTENT="hampodlingen."/><SP WIDTH="22" VPOS="294" HPOS="1201"/>
							<String ID="string_26" HPOS="1223" VPOS="295" WIDTH="65" HEIGHT="30" WC="0.96" CONTENT="Vid"/><SP WIDTH="20" VPOS="295" HPOS="1288"/>
							<String ID="string_27" HPOS="1308" VPOS="296" WIDTH="194" HEIGHT="30" WC="0.96" CONTENT="nämndens"/><SP WIDTH="22" VPOS="296" HPOS="1502"/>
							<String ID="string_28" HPOS="1524" VPOS="297" WIDTH="166" HEIGHT="30" WC="0.96" CONTENT="skrivelse"/><SP WIDTH="21" VPOS="297" HPOS="1690"/>
							<String ID="string_29" HPOS="1711" VPOS="298" WIDTH="64" HEIGHT="30" WC="0.96" CONTENT="har"/>
						</TextLine>
						<TextLine ID="line_4" HPOS="277" VPOS="343" WIDTH="1499" HEIGHT="43">
							<String ID="string_30" HPOS="277" VPOS="343" WIDTH="113" HEIGHT="38" WC="0.94" CONTENT="fogats"/><SP WIDTH="32" VPOS="343" HPOS="390"/>
							<String ID="string_31" HPOS="422" VPOS="352" WIDTH="42" HEIGHT="20" WC="0.94" CONTENT="en"/><SP WIDTH="30" VPOS="352" HPOS="464"/>
							<String ID="string_32" HPOS="494" VPOS="344" WIDTH="234" HEIGHT="39" WC="0.96" CONTENT="promemoria"/><SP WIDTH="30" VPOS="344" HPOS="728"/>
							<String ID="string_33" HPOS="758" VPOS="344" WIDTH="179" HEIGHT="39" WC="0.96" CONTENT="angående"/><SP WIDTH="31" VPOS="344" HPOS="937"/>
							<String ID="string_34" HPOS="968" VPOS="344" WIDTH="111" HEIGHT="40" WC="0.96" CONTENT="dylikt"/><SP WIDTH="31" VPOS="344" HPOS="1079"/>
							<String ID="string_35" HPOS="1110" VPOS="346" WIDTH="77" HEIGHT="29" WC="0.96" CONTENT="stöd"/><SP WIDTH="31" VPOS="346" HPOS="1187"/>
							<String ID="string_36" HPOS="1218" VPOS="346" WIDTH="79" HEIGHT="29" WC="0.95" CONTENT="med"/><SP WIDTH="31" VPOS="346" HPOS="1297"/>
							<String ID="string_37" HPOS="1328" VPOS="346" WIDTH="131" HEIGHT="40" WC="0.96" CONTENT="bilagor"/><SP WIDTH="33" VPOS="346" HPOS="1459"/>
							<String ID="string_38" HPOS="1492" VPOS="349" WIDTH="90" HEIGHT="27" WC="0.96" CONTENT="samt"/><SP WIDTH="30" VPOS="349" HPOS="1582"/>
							<String ID="string_39" HPOS="1612" VPOS="348" WIDTH="164" HEIGHT="38" WC="0.95" CONTENT="yttrande"/>
						</TextLine>
						<TextLine ID="line_5" HPOS="277" VPOS="392" WIDTH="1497" HEIGHT="46">
							<String ID="string_40" HPOS="277" VPOS="392" WIDTH="79" HEIGHT="30" WC="0.92" CONTENT="från"/><SP WIDTH="22" VPOS="392" HPOS="356"/>
							<String ID="string_41" HPOS="378" VPOS="393" WIDTH="482" HEIGHT="40" WC="0.91" CONTENT="arbetsmarknadsstyrelsen"/><SP WIDTH="21" VPOS="393" HPOS="860"/>
							<String ID="string_42" HPOS="881" VPOS="397" WIDTH="80" HEIGHT="28" WC="0.96" CONTENT="över"/><SP WIDTH="22" VPOS="397" HPOS="961"/>
							<String ID="string_43" HPOS="983" VPOS="396" WIDTH="47" HEIGHT="29" WC="0.96" CONTENT="ett"/><SP WIDTH="21" VPOS="396" HPOS="1030"/>
							<String ID="string_44" HPOS="1051" VPOS="395" WIDTH="95" HEIGHT="30" WC="0.96" CONTENT="inom"/><SP WIDTH="22" VPOS="395" HPOS="1146"/>
							<String ID="string_45" HPOS="1168" VPOS="397" WIDTH="176" HEIGHT="29" WC="0.96" CONTENT="nämnden"/><SP WIDTH="23" VPOS="397" HPOS="1344"/>
							<String ID="string_46" HPOS="1367" VPOS="397" WIDTH="175" HEIGHT="30" WC="0.96" CONTENT="utarbetat"/><SP WIDTH="22" VPOS="397" HPOS="1542"/>
							<String ID="string_47" HPOS="1564" VPOS="398" WIDTH="131" HEIGHT="40" WC="0.96" CONTENT="förslag"/><SP WIDTH="22" VPOS="398" HPOS="1695"/>
							<String ID="string_48" HPOS="1717" VPOS="408" WIDTH="57" HEIGHT="20" WC="0.96" CONTENT="om"/>
						</TextLine>
						<TextLine ID="line_6" HPOS="277" VPOS="443" WIDTH="1208" HEIGHT="43">
							<String ID="string_49" HPOS="277" VPOS="443" WIDTH="322" HEIGHT="40" WC="0.95" CONTENT="sammanslagning"/><SP WIDTH="18" VPOS="443" HPOS="599"/>
							<String ID="string_50" HPOS="617" VPOS="453" WIDTH="43" HEIGHT="21" WC="0.92" CONTENT="av"/><SP WIDTH="19" VPOS="453" HPOS="660"/>
							<String ID="string_51" HPOS="679" VPOS="444" WIDTH="388" HEIGHT="40" WC="0.92" CONTENT="linberedningsverken"/><SP WIDTH="19" VPOS="444" HPOS="1067"/>
							<String ID="string_52" HPOS="1086" VPOS="446" WIDTH="9" HEIGHT="29" WC="0.96" CONTENT="i"/><SP WIDTH="20" VPOS="446" HPOS="1095"/>
							<String ID="string_53" HPOS="1115" VPOS="446" WIDTH="146" HEIGHT="30" WC="0.96" CONTENT="Laholm"/><SP WIDTH="20" VPOS="446" HPOS="1261"/>
							<String ID="string_54" HPOS="1281" VPOS="446" WIDTH="64" HEIGHT="31" WC="0.96" CONTENT="och"/><SP WIDTH="19" VPOS="446" HPOS="1345"/>
							<String ID="string_55" HPOS="1364" VPOS="447" WIDTH="121" HEIGHT="39" WC="0.96" CONTENT="Växjö."/>
						</TextLine>
					</TextBlock>
					<TextBlock ID="block_3" HPOS="274" VPOS="492" WIDTH="1505" HEIGHT="447">
						<TextLine ID="line_7" HPOS="321" VPOS="492" WIDTH="1458" HEIGHT="46">
							<String ID="string_56" HPOS="321" VPOS="492" WIDTH="88" HEIGHT="30" WC="0.93" CONTENT="Över"/><SP WIDTH="17" VPOS="492" HPOS="409"/>
							<String ID="string_57" HPOS="426" VPOS="493" WIDTH="390" HEIGHT="39" WC="0.91" CONTENT="jordbruksnämndens"/><SP WIDTH="20" VPOS="493" HPOS="816"/>
							<String ID="string_58" HPOS="836" VPOS="494" WIDTH="132" HEIGHT="41" WC="0.96" CONTENT="förslag"/><SP WIDTH="19" VPOS="494" HPOS="968"/>
							<String ID="string_59" HPOS="987" VPOS="495" WIDTH="73" HEIGHT="34" WC="0.96" CONTENT="har,"/><SP WIDTH="20" VPOS="495" HPOS="1060"/>
							<String ID="string_60" HPOS="1080" VPOS="495" WIDTH="88" HEIGHT="31" WC="0.96" CONTENT="efter"/><SP WIDTH="20" VPOS="495" HPOS="1168"/>
							<String ID="string_61" HPOS="1188" VPOS="496" WIDTH="134" HEIGHT="35" WC="0.96" CONTENT="remiss,"/><SP WIDTH="21" VPOS="496" HPOS="1322"/>
							<String ID="string_62" HPOS="1343" VPOS="497" WIDTH="206" HEIGHT="30" WC="0.93" CONTENT="utlåtanden"/><SP WIDTH="20" VPOS="497" HPOS="1549"/>
							<String ID="string_63" HPOS="1569" VPOS="498" WIDTH="146" HEIGHT="40" WC="0.92" CONTENT="avgivits"/><SP WIDTH="21" VPOS="498" HPOS="1715"/>
							<String ID="string_64" HPOS="1736" VPOS="508" WIDTH="43" HEIGHT="21" WC="0.96" CONTENT="av"/>
						</TextLine>
						<TextLine ID="line_8" HPOS="277" VPOS="544" WIDTH="1496" HEIGHT="45">
							<String ID="string_65" HPOS="277" VPOS="544" WIDTH="260" HEIGHT="35" WC="0.93" CONTENT="statskontoret,"/><SP WIDTH="26" VPOS="544" HPOS="537"/>
							<String ID="string_66" HPOS="563" VPOS="545" WIDTH="368" HEIGHT="40" WC="0.91" CONTENT="lantbruksstyrelsen,"/><SP WIDTH="26" VPOS="545" HPOS="931"/>
							<String ID="string_67" HPOS="957" VPOS="546" WIDTH="377" HEIGHT="40" WC="0.90" CONTENT="kommerskollegium,"/><SP WIDTH="29" VPOS="546" HPOS="1334"/>
							<String ID="string_68" HPOS="1363" VPOS="548" WIDTH="83" HEIGHT="29" WC="0.96" CONTENT="1954"/><SP WIDTH="26" VPOS="548" HPOS="1446"/>
							<String ID="string_69" HPOS="1472" VPOS="549" WIDTH="56" HEIGHT="29" WC="0.93" CONTENT="års"/><SP WIDTH="25" VPOS="549" HPOS="1528"/>
							<String ID="string_70" HPOS="1553" VPOS="549" WIDTH="220" HEIGHT="40" WC="0.90" CONTENT="öutredning,"/>
						</TextLine>
						<TextLine ID="line_9" HPOS="277" VPOS="594" WIDTH="1499" HEIGHT="45">
							<String ID="string_71" HPOS="277" VPOS="594" WIDTH="154" HEIGHT="39" WC="0.90" CONTENT="Sveriges"/><SP WIDTH="41" VPOS="594" HPOS="431"/>
							<String ID="string_72" HPOS="472" VPOS="595" WIDTH="314" HEIGHT="40" WC="0.89" CONTENT="utsädesförening,"/><SP WIDTH="43" VPOS="595" HPOS="786"/>
							<String ID="string_73" HPOS="829" VPOS="596" WIDTH="404" HEIGHT="36" WC="0.91" CONTENT="lantbruksakademien,"/><SP WIDTH="41" VPOS="596" HPOS="1233"/>
							<String ID="string_74" HPOS="1274" VPOS="598" WIDTH="448" HEIGHT="41" WC="0.91" CONTENT="hushållningssällskapen"/><SP WIDTH="42" VPOS="598" HPOS="1722"/>
							<String ID="string_75" HPOS="1764" VPOS="600" WIDTH="12" HEIGHT="29" WC="0.96" CONTENT="i"/>
						</TextLine>
						<TextLine ID="line_10" HPOS="276" VPOS="644" WIDTH="1497" HEIGHT="44">
							<String ID="string_76" HPOS="276" VPOS="644" WIDTH="228" HEIGHT="40" WC="0.96" CONTENT="Kronobergs,"/><SP WIDTH="38" VPOS="644" HPOS="504"/>
							<String ID="string_77" HPOS="542" VPOS="645" WIDTH="265" HEIGHT="36" WC="0.96" CONTENT="Kristianstads,"/><SP WIDTH="38" VPOS="645" HPOS="807"/>
							<String ID="string_78" HPOS="845" VPOS="646" WIDTH="208" HEIGHT="36" WC="0.96" CONTENT="Malmöhus,"/><SP WIDTH="38" VPOS="646" HPOS="1053"/>
							<String ID="string_79" HPOS="1091" VPOS="647" WIDTH="180" HEIGHT="36" WC="0.96" CONTENT="Hallands,"/><SP WIDTH="38" VPOS="647" HPOS="1271"/>
							<String ID="string_80" HPOS="1309" VPOS="648" WIDTH="218" HEIGHT="40" WC="0.96" CONTENT="Gävleborgs,"/><SP WIDTH="37" VPOS="648" HPOS="1527"/>
							<String ID="string_81" HPOS="1564" VPOS="649" WIDTH="209" HEIGHT="35" WC="0.96" CONTENT="Jämtlands,"/>
						</TextLine>
						<TextLine ID="line_11" HPOS="276" VPOS="695" WIDTH="1500" HEIGHT="44">
							<String ID="string_82" HPOS="276" VPOS="695" WIDTH="310" HEIGHT="31" WC="0.96" CONTENT="Västernorrlands"/><SP WIDTH="20" VPOS="695" HPOS="586"/>
							<String ID="string_83" HPOS="606" VPOS="698" WIDTH="92" HEIGHT="27" WC="0.96" CONTENT="samt"/><SP WIDTH="18" VPOS="698" HPOS="698"/>
							<String ID="string_84" HPOS="716" VPOS="696" WIDTH="167" HEIGHT="31" WC="0.96" CONTENT="Gotlands"/><SP WIDTH="20" VPOS="696" HPOS="883"/>
							<String ID="string_85" HPOS="903" VPOS="697" WIDTH="68" HEIGHT="35" WC="0.96" CONTENT="län,"/><SP WIDTH="20" VPOS="697" HPOS="971"/>
							<String ID="string_86" HPOS="991" VPOS="697" WIDTH="275" HEIGHT="30" WC="0.96" CONTENT="Riksförbundet"/><SP WIDTH="18" VPOS="697" HPOS="1266"/>
							<String ID="string_87" HPOS="1284" VPOS="698" WIDTH="64" HEIGHT="30" WC="0.96" CONTENT="Lin"/><SP WIDTH="20" VPOS="698" HPOS="1348"/>
							<String ID="string_88" HPOS="1368" VPOS="699" WIDTH="64" HEIGHT="29" WC="0.96" CONTENT="och"/><SP WIDTH="20" VPOS="699" HPOS="1432"/>
							<String ID="string_89" HPOS="1452" VPOS="699" WIDTH="139" HEIGHT="40" WC="0.96" CONTENT="hampa,"/><SP WIDTH="22" VPOS="699" HPOS="1591"/>
							<String ID="string_90" HPOS="1613" VPOS="709" WIDTH="75" HEIGHT="20" WC="0.91" CONTENT="som"/><SP WIDTH="19" VPOS="709" HPOS="1688"/>
							<String ID="string_91" HPOS="1707" VPOS="700" WIDTH="69" HEIGHT="29" WC="0.88" CONTENT="till-"/>
						</TextLine>
						<TextLine ID="line_12" HPOS="276" VPOS="745" WIDTH="1499" HEIGHT="44">
							<String ID="string_92" HPOS="276" VPOS="745" WIDTH="70" HEIGHT="30" WC="0.96" CONTENT="lika"/><SP WIDTH="18" VPOS="745" HPOS="346"/>
							<String ID="string_93" HPOS="364" VPOS="746" WIDTH="215" HEIGHT="30" WC="0.96" CONTENT="överlämnat"/><SP WIDTH="16" VPOS="746" HPOS="579"/>
							<String ID="string_94" HPOS="595" VPOS="747" WIDTH="187" HEIGHT="38" WC="0.96" CONTENT="yttranden"/><SP WIDTH="18" VPOS="747" HPOS="782"/>
							<String ID="string_95" HPOS="800" VPOS="747" WIDTH="81" HEIGHT="30" WC="0.96" CONTENT="från"/><SP WIDTH="19" VPOS="747" HPOS="881"/>
							<String ID="string_96" HPOS="900" VPOS="748" WIDTH="159" HEIGHT="39" WC="0.93" CONTENT="samtliga"/><SP WIDTH="18" VPOS="748" HPOS="1059"/>
							<String ID="string_97" HPOS="1077" VPOS="748" WIDTH="64" HEIGHT="29" WC="0.92" CONTENT="lin-"/><SP WIDTH="18" VPOS="748" HPOS="1141"/>
							<String ID="string_98" HPOS="1159" VPOS="749" WIDTH="65" HEIGHT="29" WC="0.93" CONTENT="och"/><SP WIDTH="17" VPOS="749" HPOS="1224"/>
							<String ID="string_99" HPOS="1241" VPOS="749" WIDTH="413" HEIGHT="40" WC="0.91" CONTENT="hampberedningsverk,"/><SP WIDTH="20" VPOS="749" HPOS="1654"/>
							<String ID="string_100" HPOS="1674" VPOS="750" WIDTH="101" HEIGHT="30" WC="0.91" CONTENT="Riks-"/>
						</TextLine>
						<TextLine ID="line_13" HPOS="275" VPOS="795" WIDTH="1497" HEIGHT="42">
							<String ID="string_101" HPOS="275" VPOS="795" WIDTH="188" HEIGHT="30" WC="0.96" CONTENT="förbundet"/><SP WIDTH="27" VPOS="795" HPOS="463"/>
							<String ID="string_102" HPOS="490" VPOS="796" WIDTH="273" HEIGHT="40" WC="0.96" CONTENT="Landsbygdens"/><SP WIDTH="29" VPOS="796" HPOS="763"/>
							<String ID="string_103" HPOS="792" VPOS="797" WIDTH="85" HEIGHT="34" WC="0.96" CONTENT="folk,"/><SP WIDTH="30" VPOS="797" HPOS="877"/>
							<String ID="string_104" HPOS="907" VPOS="798" WIDTH="153" HEIGHT="39" WC="0.93" CONTENT="Sveriges"/><SP WIDTH="29" VPOS="798" HPOS="1060"/>
							<String ID="string_105" HPOS="1089" VPOS="798" WIDTH="339" HEIGHT="31" WC="0.92" CONTENT="lantbruksförbund"/><SP WIDTH="29" VPOS="798" HPOS="1428"/>
							<String ID="string_106" HPOS="1457" VPOS="800" WIDTH="64" HEIGHT="30" WC="0.93" CONTENT="och"/><SP WIDTH="29" VPOS="800" HPOS="1521"/>
							<String ID="string_107" HPOS="1550" VPOS="800" WIDTH="222" HEIGHT="31" WC="0.91" CONTENT="Textilrådet."/>
						</TextLine>
						<TextLine ID="line_14" HPOS="275" VPOS="845" WIDTH="1499" HEIGHT="42">
							<String ID="string_108" HPOS="275" VPOS="845" WIDTH="212" HEIGHT="31" WC="0.89" CONTENT="Textilrådet"/><SP WIDTH="16" VPOS="845" HPOS="487"/>
							<String ID="string_109" HPOS="503" VPOS="847" WIDTH="64" HEIGHT="30" WC="0.96" CONTENT="har"/><SP WIDTH="17" VPOS="847" HPOS="567"/>
							<String ID="string_110" HPOS="584" VPOS="847" WIDTH="122" HEIGHT="30" WC="0.96" CONTENT="därvid"/><SP WIDTH="18" VPOS="847" HPOS="706"/>
							<String ID="string_111" HPOS="724" VPOS="848" WIDTH="115" HEIGHT="30" WC="0.96" CONTENT="såsom"/><SP WIDTH="19" VPOS="848" HPOS="839"/>
							<String ID="string_112" HPOS="858" VPOS="850" WIDTH="75" HEIGHT="37" WC="0.96" CONTENT="eget"/><SP WIDTH="17" VPOS="850" HPOS="933"/>
							<String ID="string_113" HPOS="950" VPOS="849" WIDTH="160" HEIGHT="38" WC="0.96" CONTENT="yttrande"/><SP WIDTH="18" VPOS="849" HPOS="1110"/>
							<String ID="string_114" HPOS="1128" VPOS="849" WIDTH="215" HEIGHT="31" WC="0.96" CONTENT="överlämnat"/><SP WIDTH="19" VPOS="849" HPOS="1343"/>
							<String ID="string_115" HPOS="1362" VPOS="852" WIDTH="47" HEIGHT="27" WC="0.96" CONTENT="ett"/><SP WIDTH="17" VPOS="852" HPOS="1409"/>
							<String ID="string_116" HPOS="1426" VPOS="851" WIDTH="80" HEIGHT="29" WC="0.96" CONTENT="från"/><SP WIDTH="20" VPOS="851" HPOS="1506"/>
							<String ID="string_117" HPOS="1526" VPOS="851" WIDTH="156" HEIGHT="30" WC="0.91" CONTENT="Svenska"/><SP WIDTH="16" VPOS="851" HPOS="1682"/>
							<String ID="string_118" HPOS="1698" VPOS="851" WIDTH="76" HEIGHT="34" WC="0.91" CONTENT="lin-,"/>
						</TextLine>
						<TextLine ID="line_15" HPOS="274" VPOS="896" WIDTH="1157" HEIGHT="43">
							<String ID="string_119" HPOS="274" VPOS="896" WIDTH="90" HEIGHT="38" WC="0.92" CONTENT="jute-"/><SP WIDTH="20" VPOS="896" HPOS="364"/>
							<String ID="string_120" HPOS="384" VPOS="896" WIDTH="64" HEIGHT="30" WC="0.93" CONTENT="och"/><SP WIDTH="21" VPOS="896" HPOS="448"/>
							<String ID="string_121" HPOS="469" VPOS="896" WIDTH="470" HEIGHT="42" WC="0.91" CONTENT="hampindustriföreningen"/><SP WIDTH="23" VPOS="896" HPOS="939"/>
							<String ID="string_122" HPOS="962" VPOS="899" WIDTH="82" HEIGHT="30" WC="0.93" CONTENT="1939"/><SP WIDTH="21" VPOS="899" HPOS="1044"/>
							<String ID="string_123" HPOS="1065" VPOS="899" WIDTH="175" HEIGHT="30" WC="0.91" CONTENT="infordrat"/><SP WIDTH="20" VPOS="899" HPOS="1240"/>
							<String ID="string_124" HPOS="1260" VPOS="900" WIDTH="171" HEIGHT="39" WC="0.96" CONTENT="yttrande."/>
						</TextLine>
					</TextBlock>
					<TextBlock ID="block_4" HPOS="275" VPOS="946" WIDTH="1501" HEIGHT="392">
						<TextLine ID="line_16" HPOS="320" VPOS="946" WIDTH="1454" HEIGHT="45">
							<String ID="string_125" HPOS="320" VPOS="947" WIDTH="12" HEIGHT="28" WC="0.96" CONTENT="I"/><SP WIDTH="22" VPOS="947" HPOS="332"/>
							<String ID="string_126" HPOS="354" VPOS="946" WIDTH="103" HEIGHT="30" WC="0.96" CONTENT="skrift"/><SP WIDTH="19" VPOS="946" HPOS="457"/>
							<String ID="string_127" HPOS="476" VPOS="947" WIDTH="65" HEIGHT="29" WC="0.96" CONTENT="den"/><SP WIDTH="22" VPOS="947" HPOS="541"/>
							<String ID="string_128" HPOS="563" VPOS="948" WIDTH="38" HEIGHT="29" WC="0.96" CONTENT="12"/><SP WIDTH="23" VPOS="948" HPOS="601"/>
							<String ID="string_129" HPOS="624" VPOS="948" WIDTH="193" HEIGHT="39" WC="0.96" CONTENT="september"/><SP WIDTH="22" VPOS="948" HPOS="817"/>
							<String ID="string_130" HPOS="839" VPOS="948" WIDTH="82" HEIGHT="30" WC="0.94" CONTENT="1955"/><SP WIDTH="20" VPOS="948" HPOS="921"/>
							<String ID="string_131" HPOS="941" VPOS="948" WIDTH="63" HEIGHT="31" WC="0.96" CONTENT="har"/><SP WIDTH="20" VPOS="948" HPOS="1004"/>
							<String ID="string_132" HPOS="1024" VPOS="950" WIDTH="235" HEIGHT="38" WC="0.96" CONTENT="ordföranden"/><SP WIDTH="21" VPOS="950" HPOS="1259"/>
							<String ID="string_133" HPOS="1280" VPOS="950" WIDTH="11" HEIGHT="29" WC="0.96" CONTENT="i"/><SP WIDTH="22" VPOS="950" HPOS="1291"/>
							<String ID="string_134" HPOS="1313" VPOS="951" WIDTH="108" HEIGHT="39" WC="0.96" CONTENT="Växjö"/><SP WIDTH="21" VPOS="951" HPOS="1421"/>
							<String ID="string_135" HPOS="1442" VPOS="950" WIDTH="332" HEIGHT="41" WC="0.96" CONTENT="stadsfullmäktige,"/>
						</TextLine>
						<TextLine ID="line_17" HPOS="276" VPOS="996" WIDTH="1498" HEIGHT="45">
							<String ID="string_136" HPOS="276" VPOS="996" WIDTH="151" HEIGHT="30" WC="0.96" CONTENT="konsuln"/><SP WIDTH="24" VPOS="996" HPOS="427"/>
							<String ID="string_137" HPOS="451" VPOS="998" WIDTH="78" HEIGHT="29" WC="0.95" CONTENT="Carl"/><SP WIDTH="19" VPOS="998" HPOS="529"/>
							<String ID="string_138" HPOS="548" VPOS="998" WIDTH="96" HEIGHT="30" WC="0.96" CONTENT="Petri"/><SP WIDTH="22" VPOS="998" HPOS="644"/>
							<String ID="string_139" HPOS="666" VPOS="997" WIDTH="115" HEIGHT="30" WC="0.96" CONTENT="såsom"/><SP WIDTH="23" VPOS="997" HPOS="781"/>
							<String ID="string_140" HPOS="804" VPOS="1000" WIDTH="241" HEIGHT="38" WC="0.96" CONTENT="representant"/><SP WIDTH="22" VPOS="1000" HPOS="1045"/>
							<String ID="string_141" HPOS="1067" VPOS="999" WIDTH="54" HEIGHT="30" WC="0.96" CONTENT="för"/><SP WIDTH="24" VPOS="999" HPOS="1121"/>
							<String ID="string_142" HPOS="1145" VPOS="1000" WIDTH="122" HEIGHT="29" WC="0.92" CONTENT="staden"/><SP WIDTH="22" VPOS="1000" HPOS="1267"/>
							<String ID="string_143" HPOS="1289" VPOS="1001" WIDTH="178" HEIGHT="29" WC="0.92" CONTENT="hemställt"/><SP WIDTH="23" VPOS="1001" HPOS="1467"/>
							<String ID="string_144" HPOS="1490" VPOS="1011" WIDTH="57" HEIGHT="20" WC="0.96" CONTENT="om"/><SP WIDTH="23" VPOS="1011" HPOS="1547"/>
							<String ID="string_145" HPOS="1570" VPOS="1002" WIDTH="131" HEIGHT="39" WC="0.96" CONTENT="förslag"/><SP WIDTH="23" VPOS="1002" HPOS="1701"/>
							<String ID="string_146" HPOS="1724" VPOS="1003" WIDTH="50" HEIGHT="29" WC="0.96" CONTENT="till"/>
						</TextLine>
						<TextLine ID="line_18" HPOS="275" VPOS="1046" WIDTH="1500" HEIGHT="45">
							<String ID="string_147" HPOS="275" VPOS="1046" WIDTH="187" HEIGHT="40" WC="0.96" CONTENT="riksdagen"/><SP WIDTH="25" VPOS="1046" HPOS="462"/>
							<String ID="string_148" HPOS="487" VPOS="1055" WIDTH="56" HEIGHT="21" WC="0.95" CONTENT="om"/><SP WIDTH="26" VPOS="1055" HPOS="543"/>
							<String ID="string_149" HPOS="569" VPOS="1047" WIDTH="134" HEIGHT="31" WC="0.95" CONTENT="sådana"/><SP WIDTH="25" VPOS="1047" HPOS="703"/>
							<String ID="string_150" HPOS="728" VPOS="1047" WIDTH="170" HEIGHT="40" WC="0.96" CONTENT="åtgärder,"/><SP WIDTH="27" VPOS="1047" HPOS="898"/>
							<String ID="string_151" HPOS="925" VPOS="1050" WIDTH="50" HEIGHT="29" WC="0.93" CONTENT="att"/><SP WIDTH="25" VPOS="1050" HPOS="975"/>
							<String ID="string_152" HPOS="1000" VPOS="1049" WIDTH="380" HEIGHT="41" WC="0.91" CONTENT="linberedningsverket"/><SP WIDTH="24" VPOS="1049" HPOS="1380"/>
							<String ID="string_153" HPOS="1404" VPOS="1052" WIDTH="11" HEIGHT="30" WC="0.96" CONTENT="i"/><SP WIDTH="25" VPOS="1052" HPOS="1415"/>
							<String ID="string_154" HPOS="1440" VPOS="1051" WIDTH="112" HEIGHT="40" WC="0.93" CONTENT="Växjö"/><SP WIDTH="24" VPOS="1051" HPOS="1552"/>
							<String ID="string_155" HPOS="1576" VPOS="1070" WIDTH="44" HEIGHT="4" WC="0.90" CONTENT="—"/><SP WIDTH="24" VPOS="1070" HPOS="1620"/>
							<String ID="string_156" HPOS="1644" VPOS="1052" WIDTH="55" HEIGHT="30" WC="0.95" CONTENT="för"/><SP WIDTH="25" VPOS="1052" HPOS="1699"/>
							<String ID="string_157" HPOS="1724" VPOS="1055" WIDTH="51" HEIGHT="28" WC="0.95" CONTENT="att"/>
						</TextLine>
						<TextLine ID="line_19" HPOS="276" VPOS="1096" WIDTH="1500" HEIGHT="37">
							<String ID="string_158" HPOS="276" VPOS="1096" WIDTH="121" HEIGHT="30" WC="0.96" CONTENT="kunna"/><SP WIDTH="23" VPOS="1096" HPOS="397"/>
							<String ID="string_159" HPOS="420" VPOS="1097" WIDTH="163" HEIGHT="30" WC="0.96" CONTENT="fortsätta"/><SP WIDTH="24" VPOS="1097" HPOS="583"/>
							<String ID="string_160" HPOS="607" VPOS="1097" WIDTH="54" HEIGHT="30" WC="0.96" CONTENT="sin"/><SP WIDTH="22" VPOS="1097" HPOS="661"/>
							<String ID="string_161" HPOS="683" VPOS="1098" WIDTH="224" HEIGHT="30" WC="0.96" CONTENT="verksamhet"/><SP WIDTH="21" VPOS="1098" HPOS="907"/>
							<String ID="string_162" HPOS="928" VPOS="1099" WIDTH="11" HEIGHT="29" WC="0.96" CONTENT="i"/><SP WIDTH="23" VPOS="1099" HPOS="939"/>
							<String ID="string_163" HPOS="962" VPOS="1100" WIDTH="153" HEIGHT="30" WC="0.96" CONTENT="nämnda"/><SP WIDTH="24" VPOS="1100" HPOS="1115"/>
							<String ID="string_164" HPOS="1139" VPOS="1101" WIDTH="77" HEIGHT="29" WC="0.93" CONTENT="stad"/><SP WIDTH="22" VPOS="1101" HPOS="1216"/>
							<String ID="string_165" HPOS="1238" VPOS="1119" WIDTH="44" HEIGHT="3" WC="0.92" CONTENT="—"/><SP WIDTH="22" VPOS="1119" HPOS="1282"/>
							<String ID="string_166" HPOS="1304" VPOS="1101" WIDTH="89" HEIGHT="30" WC="0.96" CONTENT="skall"/><SP WIDTH="21" VPOS="1101" HPOS="1393"/>
							<String ID="string_167" HPOS="1414" VPOS="1101" WIDTH="37" HEIGHT="30" WC="0.96" CONTENT="få"/><SP WIDTH="20" VPOS="1101" HPOS="1451"/>
							<String ID="string_168" HPOS="1471" VPOS="1101" WIDTH="139" HEIGHT="31" WC="0.96" CONTENT="behålla"/><SP WIDTH="22" VPOS="1101" HPOS="1610"/>
							<String ID="string_169" HPOS="1632" VPOS="1103" WIDTH="54" HEIGHT="29" WC="0.93" CONTENT="sin"/><SP WIDTH="21" VPOS="1103" HPOS="1686"/>
							<String ID="string_170" HPOS="1707" VPOS="1102" WIDTH="69" HEIGHT="31" WC="0.91" CONTENT="till-"/>
						</TextLine>
						<TextLine ID="line_20" HPOS="275" VPOS="1146" WIDTH="1498" HEIGHT="44">
							<String ID="string_171" HPOS="275" VPOS="1146" WIDTH="273" HEIGHT="40" WC="0.91" CONTENT="verkningskvot"/><SP WIDTH="19" VPOS="1146" HPOS="548"/>
							<String ID="string_172" HPOS="567" VPOS="1148" WIDTH="66" HEIGHT="29" WC="0.96" CONTENT="och"/><SP WIDTH="21" VPOS="1148" HPOS="633"/>
							<String ID="string_173" HPOS="654" VPOS="1147" WIDTH="59" HEIGHT="30" WC="0.95" CONTENT="sitt"/><SP WIDTH="20" VPOS="1147" HPOS="713"/>
							<String ID="string_174" HPOS="733" VPOS="1148" WIDTH="139" HEIGHT="40" WC="0.96" CONTENT="statliga"/><SP WIDTH="20" VPOS="1148" HPOS="872"/>
							<String ID="string_175" HPOS="892" VPOS="1149" WIDTH="77" HEIGHT="30" WC="0.96" CONTENT="stöd"/><SP WIDTH="19" VPOS="1149" HPOS="969"/>
							<String ID="string_176" HPOS="988" VPOS="1148" WIDTH="11" HEIGHT="30" WC="0.96" CONTENT="i"/><SP WIDTH="19" VPOS="1148" HPOS="999"/>
							<String ID="string_177" HPOS="1018" VPOS="1158" WIDTH="134" HEIGHT="21" WC="0.96" CONTENT="samma"/><SP WIDTH="21" VPOS="1158" HPOS="1152"/>
							<String ID="string_178" HPOS="1173" VPOS="1150" WIDTH="203" HEIGHT="40" WC="0.96" CONTENT="proportion"/><SP WIDTH="20" VPOS="1150" HPOS="1376"/>
							<String ID="string_179" HPOS="1396" VPOS="1160" WIDTH="75" HEIGHT="22" WC="0.93" CONTENT="som"/><SP WIDTH="21" VPOS="1160" HPOS="1471"/>
							<String ID="string_180" HPOS="1492" VPOS="1152" WIDTH="281" HEIGHT="30" WC="0.92" CONTENT="laholmsverket."/>
						</TextLine>
						<TextLine ID="line_21" HPOS="276" VPOS="1197" WIDTH="1499" HEIGHT="45">
							<String ID="string_181" HPOS="276" VPOS="1197" WIDTH="153" HEIGHT="29" WC="0.88" CONTENT="Häröver"/><SP WIDTH="21" VPOS="1197" HPOS="429"/>
							<String ID="string_182" HPOS="450" VPOS="1197" WIDTH="73" HEIGHT="36" WC="0.96" CONTENT="har,"/><SP WIDTH="22" VPOS="1197" HPOS="523"/>
							<String ID="string_183" HPOS="545" VPOS="1197" WIDTH="89" HEIGHT="30" WC="0.96" CONTENT="efter"/><SP WIDTH="20" VPOS="1197" HPOS="634"/>
							<String ID="string_184" HPOS="654" VPOS="1198" WIDTH="133" HEIGHT="34" WC="0.91" CONTENT="remiss,"/><SP WIDTH="20" VPOS="1198" HPOS="787"/>
							<String ID="string_185" HPOS="807" VPOS="1198" WIDTH="372" HEIGHT="40" WC="0.91" CONTENT="jordbruksnämnden"/><SP WIDTH="21" VPOS="1198" HPOS="1179"/>
							<String ID="string_186" HPOS="1200" VPOS="1200" WIDTH="127" HEIGHT="40" WC="0.96" CONTENT="avgivit"/><SP WIDTH="20" VPOS="1200" HPOS="1327"/>
							<String ID="string_187" HPOS="1347" VPOS="1200" WIDTH="179" HEIGHT="31" WC="0.96" CONTENT="utlåtande"/><SP WIDTH="22" VPOS="1200" HPOS="1526"/>
							<String ID="string_188" HPOS="1548" VPOS="1202" WIDTH="67" HEIGHT="30" WC="0.96" CONTENT="den"/><SP WIDTH="23" VPOS="1202" HPOS="1615"/>
							<String ID="string_189" HPOS="1638" VPOS="1203" WIDTH="39" HEIGHT="30" WC="0.93" CONTENT="27"/><SP WIDTH="23" VPOS="1203" HPOS="1677"/>
							<String ID="string_190" HPOS="1700" VPOS="1212" WIDTH="75" HEIGHT="30" WC="0.92" CONTENT="sep-"/>
						</TextLine>
						<TextLine ID="line_22" HPOS="276" VPOS="1246" WIDTH="1499" HEIGHT="44">
							<String ID="string_191" HPOS="276" VPOS="1246" WIDTH="132" HEIGHT="30" WC="0.92" CONTENT="tember"/><SP WIDTH="28" VPOS="1246" HPOS="408"/>
							<String ID="string_192" HPOS="436" VPOS="1248" WIDTH="92" HEIGHT="36" WC="0.96" CONTENT="1955,"/><SP WIDTH="26" VPOS="1248" HPOS="528"/>
							<String ID="string_193" HPOS="554" VPOS="1247" WIDTH="122" HEIGHT="31" WC="0.95" CONTENT="varvid"/><SP WIDTH="26" VPOS="1247" HPOS="676"/>
							<String ID="string_194" HPOS="702" VPOS="1248" WIDTH="112" HEIGHT="31" WC="0.95" CONTENT="tillika"/><SP WIDTH="25" VPOS="1248" HPOS="814"/>
							<String ID="string_195" HPOS="839" VPOS="1249" WIDTH="234" HEIGHT="30" WC="0.96" CONTENT="överlämnats"/><SP WIDTH="26" VPOS="1249" HPOS="1073"/>
							<String ID="string_196" HPOS="1099" VPOS="1251" WIDTH="49" HEIGHT="28" WC="0.96" CONTENT="ett"/><SP WIDTH="24" VPOS="1251" HPOS="1148"/>
							<String ID="string_197" HPOS="1172" VPOS="1250" WIDTH="163" HEIGHT="40" WC="0.96" CONTENT="yttrande"/><SP WIDTH="26" VPOS="1250" HPOS="1335"/>
							<String ID="string_198" HPOS="1361" VPOS="1260" WIDTH="42" HEIGHT="20" WC="0.92" CONTENT="av"/><SP WIDTH="24" VPOS="1260" HPOS="1403"/>
							<String ID="string_199" HPOS="1427" VPOS="1251" WIDTH="348" HEIGHT="31" WC="0.91" CONTENT="Lantbruksförbun-"/>
						</TextLine>
						<TextLine ID="line_23" HPOS="276" VPOS="1296" WIDTH="577" HEIGHT="42">
							<String ID="string_200" HPOS="276" VPOS="1296" WIDTH="74" HEIGHT="30" WC="0.93" CONTENT="dets"/><SP WIDTH="20" VPOS="1296" HPOS="350"/>
							<String ID="string_201" HPOS="370" VPOS="1297" WIDTH="258" HEIGHT="40" WC="0.92" CONTENT="revisionsbyrå"/><SP WIDTH="19" VPOS="1297" HPOS="628"/>
							<String ID="string_202" HPOS="647" VPOS="1298" WIDTH="206" HEIGHT="40" WC="0.96" CONTENT="aktiebolag."/>
						</TextLine>
					</TextBlock>
					<TextBlock ID="block_5" HPOS="274" VPOS="1348" WIDTH="1500" HEIGHT="535">
						<TextLine ID="line_24" HPOS="319" VPOS="1348" WIDTH="1454" HEIGHT="42">
							<String ID="string_203" HPOS="319" VPOS="1348" WIDTH="125" HEIGHT="28" WC="0.96" CONTENT="Vidare"/><SP WIDTH="32" VPOS="1348" HPOS="444"/>
							<String ID="string_204" HPOS="476" VPOS="1348" WIDTH="63" HEIGHT="29" WC="0.93" CONTENT="har"/><SP WIDTH="34" VPOS="1348" HPOS="539"/>
							<String ID="string_205" HPOS="573" VPOS="1349" WIDTH="373" HEIGHT="39" WC="0.92" CONTENT="jordbruksnämnden"/><SP WIDTH="34" VPOS="1349" HPOS="946"/>
							<String ID="string_206" HPOS="980" VPOS="1350" WIDTH="77" HEIGHT="29" WC="0.95" CONTENT="med"/><SP WIDTH="35" VPOS="1350" HPOS="1057"/>
							<String ID="string_207" HPOS="1092" VPOS="1352" WIDTH="75" HEIGHT="38" WC="0.95" CONTENT="eget"/><SP WIDTH="33" VPOS="1352" HPOS="1167"/>
							<String ID="string_208" HPOS="1200" VPOS="1351" WIDTH="161" HEIGHT="39" WC="0.96" CONTENT="yttrande"/><SP WIDTH="23" VPOS="1351" HPOS="1361"/>
							<String ID="string_209" HPOS="1384" VPOS="1352" WIDTH="67" HEIGHT="29" WC="0.96" CONTENT="den"/><SP WIDTH="24" VPOS="1352" HPOS="1451"/>
							<String ID="string_210" HPOS="1475" VPOS="1352" WIDTH="19" HEIGHT="29" WC="0.96" CONTENT="4"/><SP WIDTH="25" VPOS="1352" HPOS="1494"/>
							<String ID="string_211" HPOS="1519" VPOS="1352" WIDTH="145" HEIGHT="30" WC="0.96" CONTENT="oktober"/><SP WIDTH="27" VPOS="1352" HPOS="1664"/>
							<String ID="string_212" HPOS="1691" VPOS="1353" WIDTH="82" HEIGHT="29" WC="0.93" CONTENT="1955"/>
						</TextLine>
						<TextLine ID="line_25" HPOS="274" VPOS="1397" WIDTH="1500" HEIGHT="46">
							<String ID="string_213" HPOS="274" VPOS="1397" WIDTH="215" HEIGHT="31" WC="0.96" CONTENT="överlämnat"/><SP WIDTH="22" VPOS="1397" HPOS="489"/>
							<String ID="string_214" HPOS="511" VPOS="1399" WIDTH="73" HEIGHT="29" WC="0.96" CONTENT="dels"/><SP WIDTH="24" VPOS="1399" HPOS="584"/>
							<String ID="string_215" HPOS="608" VPOS="1409" WIDTH="43" HEIGHT="19" WC="0.96" CONTENT="en"/><SP WIDTH="23" VPOS="1409" HPOS="651"/>
							<String ID="string_216" HPOS="674" VPOS="1399" WIDTH="261" HEIGHT="41" WC="0.95" CONTENT="framställning"/><SP WIDTH="21" VPOS="1399" HPOS="935"/>
							<String ID="string_217" HPOS="956" VPOS="1410" WIDTH="42" HEIGHT="20" WC="0.96" CONTENT="av"/><SP WIDTH="23" VPOS="1410" HPOS="998"/>
							<String ID="string_218" HPOS="1021" VPOS="1401" WIDTH="167" HEIGHT="30" WC="0.93" CONTENT="Gotlands"/><SP WIDTH="21" VPOS="1401" HPOS="1188"/>
							<String ID="string_219" HPOS="1209" VPOS="1401" WIDTH="391" HEIGHT="41" WC="0.91" CONTENT="hampodlareförening"/><SP WIDTH="23" VPOS="1401" HPOS="1600"/>
							<String ID="string_220" HPOS="1623" VPOS="1412" WIDTH="31" HEIGHT="21" WC="0.92" CONTENT="u."/><SP WIDTH="24" VPOS="1412" HPOS="1654"/>
							<String ID="string_221" HPOS="1678" VPOS="1412" WIDTH="32" HEIGHT="31" WC="0.91" CONTENT="p."/><SP WIDTH="23" VPOS="1412" HPOS="1710"/>
							<String ID="string_222" HPOS="1733" VPOS="1413" WIDTH="41" HEIGHT="26" WC="0.91" CONTENT="a.,"/>
						</TextLine>
						<TextLine ID="line_26" HPOS="279" VPOS="1448" WIDTH="1495" HEIGHT="45">
							<String ID="string_223" HPOS="279" VPOS="1448" WIDTH="111" HEIGHT="39" WC="0.96" CONTENT="Visby,"/><SP WIDTH="23" VPOS="1448" HPOS="390"/>
							<String ID="string_224" HPOS="413" VPOS="1458" WIDTH="56" HEIGHT="20" WC="0.96" CONTENT="om"/><SP WIDTH="23" VPOS="1458" HPOS="469"/>
							<String ID="string_225" HPOS="492" VPOS="1449" WIDTH="224" HEIGHT="40" WC="0.96" CONTENT="förlängning"/><SP WIDTH="22" VPOS="1449" HPOS="716"/>
							<String ID="string_226" HPOS="738" VPOS="1450" WIDTH="78" HEIGHT="30" WC="0.95" CONTENT="från"/><SP WIDTH="23" VPOS="1450" HPOS="816"/>
							<String ID="string_227" HPOS="839" VPOS="1451" WIDTH="47" HEIGHT="31" WC="0.95" CONTENT="tio"/><SP WIDTH="23" VPOS="1451" HPOS="886"/>
							<String ID="string_228" HPOS="909" VPOS="1451" WIDTH="51" HEIGHT="29" WC="0.96" CONTENT="till"/><SP WIDTH="23" VPOS="1451" HPOS="960"/>
							<String ID="string_229" HPOS="983" VPOS="1451" WIDTH="40" HEIGHT="30" WC="0.96" CONTENT="20"/><SP WIDTH="22" VPOS="1451" HPOS="1023"/>
							<String ID="string_230" HPOS="1045" VPOS="1451" WIDTH="37" HEIGHT="29" WC="0.96" CONTENT="år"/><SP WIDTH="22" VPOS="1451" HPOS="1082"/>
							<String ID="string_231" HPOS="1104" VPOS="1460" WIDTH="42" HEIGHT="20" WC="0.93" CONTENT="av"/><SP WIDTH="22" VPOS="1460" HPOS="1146"/>
							<String ID="string_232" HPOS="1168" VPOS="1452" WIDTH="328" HEIGHT="40" WC="0.91" CONTENT="amorteringstiden"/><SP WIDTH="24" VPOS="1452" HPOS="1496"/>
							<String ID="string_233" HPOS="1520" VPOS="1453" WIDTH="54" HEIGHT="30" WC="0.93" CONTENT="för"/><SP WIDTH="25" VPOS="1453" HPOS="1574"/>
							<String ID="string_234" HPOS="1599" VPOS="1453" WIDTH="175" HEIGHT="40" WC="0.92" CONTENT="förening-"/>
						</TextLine>
						<TextLine ID="line_27" HPOS="275" VPOS="1499" WIDTH="1499" HEIGHT="42">
							<String ID="string_235" HPOS="275" VPOS="1507" WIDTH="42" HEIGHT="20" WC="0.96" CONTENT="en"/><SP WIDTH="27" VPOS="1507" HPOS="317"/>
							<String ID="string_236" HPOS="344" VPOS="1499" WIDTH="160" HEIGHT="29" WC="0.93" CONTENT="lämnade"/><SP WIDTH="27" VPOS="1499" HPOS="504"/>
							<String ID="string_237" HPOS="531" VPOS="1499" WIDTH="380" HEIGHT="41" WC="0.90" CONTENT="hampberedningslån"/><SP WIDTH="26" VPOS="1499" HPOS="911"/>
							<String ID="string_238" HPOS="937" VPOS="1510" WIDTH="41" HEIGHT="20" WC="0.93" CONTENT="ur"/><SP WIDTH="27" VPOS="1510" HPOS="978"/>
							<String ID="string_239" HPOS="1005" VPOS="1501" WIDTH="416" HEIGHT="40" WC="0.91" CONTENT="hemslöjdslånefonden,"/><SP WIDTH="28" VPOS="1501" HPOS="1421"/>
							<String ID="string_240" HPOS="1449" VPOS="1503" WIDTH="73" HEIGHT="30" WC="0.96" CONTENT="dels"/><SP WIDTH="28" VPOS="1503" HPOS="1522"/>
							<String ID="string_241" HPOS="1550" VPOS="1513" WIDTH="42" HEIGHT="21" WC="0.96" CONTENT="en"/><SP WIDTH="28" VPOS="1513" HPOS="1592"/>
							<String ID="string_242" HPOS="1620" VPOS="1504" WIDTH="10" HEIGHT="28" WC="0.93" CONTENT="i"/><SP WIDTH="27" VPOS="1504" HPOS="1630"/>
							<String ID="string_243" HPOS="1657" VPOS="1504" WIDTH="117" HEIGHT="29" WC="0.91" CONTENT="anled-"/>
						</TextLine>
						<TextLine ID="line_28" HPOS="275" VPOS="1549" WIDTH="1499" HEIGHT="44">
							<String ID="string_244" HPOS="275" VPOS="1549" WIDTH="83" HEIGHT="39" WC="0.96" CONTENT="ning"/><SP WIDTH="20" VPOS="1549" HPOS="358"/>
							<String ID="string_245" HPOS="378" VPOS="1549" WIDTH="108" HEIGHT="30" WC="0.95" CONTENT="härav"/><SP WIDTH="18" VPOS="1549" HPOS="486"/>
							<String ID="string_246" HPOS="504" VPOS="1549" WIDTH="101" HEIGHT="40" WC="0.95" CONTENT="gjord"/><SP WIDTH="21" VPOS="1549" HPOS="605"/>
							<String ID="string_247" HPOS="626" VPOS="1550" WIDTH="261" HEIGHT="40" WC="0.96" CONTENT="framställning"/><SP WIDTH="22" VPOS="1550" HPOS="887"/>
							<String ID="string_248" HPOS="909" VPOS="1561" WIDTH="41" HEIGHT="20" WC="0.96" CONTENT="av"/><SP WIDTH="19" VPOS="1561" HPOS="950"/>
							<String ID="string_249" HPOS="969" VPOS="1551" WIDTH="277" HEIGHT="40" WC="0.96" CONTENT="Riksförbundet"/><SP WIDTH="18" VPOS="1551" HPOS="1246"/>
							<String ID="string_250" HPOS="1264" VPOS="1553" WIDTH="64" HEIGHT="30" WC="0.96" CONTENT="Lin"/><SP WIDTH="22" VPOS="1553" HPOS="1328"/>
							<String ID="string_251" HPOS="1350" VPOS="1553" WIDTH="63" HEIGHT="29" WC="0.96" CONTENT="och"/><SP WIDTH="20" VPOS="1553" HPOS="1413"/>
							<String ID="string_252" HPOS="1433" VPOS="1554" WIDTH="129" HEIGHT="39" WC="0.96" CONTENT="hampa"/><SP WIDTH="23" VPOS="1554" HPOS="1562"/>
							<String ID="string_253" HPOS="1585" VPOS="1563" WIDTH="57" HEIGHT="21" WC="0.96" CONTENT="om"/><SP WIDTH="23" VPOS="1563" HPOS="1642"/>
							<String ID="string_254" HPOS="1665" VPOS="1554" WIDTH="109" HEIGHT="30" WC="0.96" CONTENT="sådan"/>
						</TextLine>
						<TextLine ID="line_29" HPOS="276" VPOS="1598" WIDTH="1498" HEIGHT="45">
							<String ID="string_255" HPOS="276" VPOS="1598" WIDTH="148" HEIGHT="40" WC="0.96" CONTENT="ändring"/><SP WIDTH="28" VPOS="1598" HPOS="424"/>
							<String ID="string_256" HPOS="452" VPOS="1609" WIDTH="42" HEIGHT="20" WC="0.96" CONTENT="av"/><SP WIDTH="27" VPOS="1609" HPOS="494"/>
							<String ID="string_257" HPOS="521" VPOS="1600" WIDTH="161" HEIGHT="39" WC="0.95" CONTENT="gällande"/><SP WIDTH="26" VPOS="1600" HPOS="682"/>
							<String ID="string_258" HPOS="708" VPOS="1600" WIDTH="264" HEIGHT="32" WC="0.96" CONTENT="bestämmelser"/><SP WIDTH="28" VPOS="1600" HPOS="972"/>
							<String ID="string_259" HPOS="1000" VPOS="1601" WIDTH="54" HEIGHT="31" WC="0.96" CONTENT="för"/><SP WIDTH="28" VPOS="1601" HPOS="1054"/>
							<String ID="string_260" HPOS="1082" VPOS="1602" WIDTH="58" HEIGHT="30" WC="0.96" CONTENT="lån"/><SP WIDTH="28" VPOS="1602" HPOS="1140"/>
							<String ID="string_261" HPOS="1168" VPOS="1602" WIDTH="80" HEIGHT="30" WC="0.91" CONTENT="från"/><SP WIDTH="28" VPOS="1602" HPOS="1248"/>
							<String ID="string_262" HPOS="1276" VPOS="1603" WIDTH="418" HEIGHT="40" WC="0.90" CONTENT="hemslöjdslånefonden,"/><SP WIDTH="29" VPOS="1603" HPOS="1694"/>
							<String ID="string_263" HPOS="1723" VPOS="1606" WIDTH="51" HEIGHT="30" WC="0.96" CONTENT="att"/>
						</TextLine>
						<TextLine ID="line_30" HPOS="275" VPOS="1649" WIDTH="1499" HEIGHT="45">
							<String ID="string_264" HPOS="275" VPOS="1649" WIDTH="370" HEIGHT="40" WC="0.90" CONTENT="återbetalningstiden"/><SP WIDTH="23" VPOS="1649" HPOS="645"/>
							<String ID="string_265" HPOS="668" VPOS="1650" WIDTH="54" HEIGHT="30" WC="0.96" CONTENT="för"/><SP WIDTH="21" VPOS="1650" HPOS="722"/>
							<String ID="string_266" HPOS="743" VPOS="1651" WIDTH="119" HEIGHT="40" WC="0.96" CONTENT="dylika"/><SP WIDTH="23" VPOS="1651" HPOS="862"/>
							<String ID="string_267" HPOS="885" VPOS="1651" WIDTH="59" HEIGHT="30" WC="0.96" CONTENT="lån"/><SP WIDTH="22" VPOS="1651" HPOS="944"/>
							<String ID="string_268" HPOS="966" VPOS="1653" WIDTH="127" HEIGHT="29" WC="0.96" CONTENT="ändras"/><SP WIDTH="22" VPOS="1653" HPOS="1093"/>
							<String ID="string_269" HPOS="1115" VPOS="1652" WIDTH="80" HEIGHT="30" WC="0.96" CONTENT="från"/><SP WIDTH="23" VPOS="1652" HPOS="1195"/>
							<String ID="string_270" HPOS="1218" VPOS="1653" WIDTH="101" HEIGHT="39" WC="0.95" CONTENT="högst"/><SP WIDTH="22" VPOS="1653" HPOS="1319"/>
							<String ID="string_271" HPOS="1341" VPOS="1653" WIDTH="47" HEIGHT="30" WC="0.96" CONTENT="tio"/><SP WIDTH="23" VPOS="1653" HPOS="1388"/>
							<String ID="string_272" HPOS="1411" VPOS="1654" WIDTH="38" HEIGHT="30" WC="0.95" CONTENT="år"/><SP WIDTH="22" VPOS="1654" HPOS="1449"/>
							<String ID="string_273" HPOS="1471" VPOS="1654" WIDTH="52" HEIGHT="31" WC="0.96" CONTENT="till"/><SP WIDTH="23" VPOS="1654" HPOS="1523"/>
							<String ID="string_274" HPOS="1546" VPOS="1654" WIDTH="102" HEIGHT="40" WC="0.96" CONTENT="högst"/><SP WIDTH="23" VPOS="1654" HPOS="1648"/>
							<String ID="string_275" HPOS="1671" VPOS="1656" WIDTH="41" HEIGHT="30" WC="0.96" CONTENT="20"/><SP WIDTH="23" VPOS="1656" HPOS="1712"/>
							<String ID="string_276" HPOS="1735" VPOS="1655" WIDTH="39" HEIGHT="30" WC="0.96" CONTENT="år"/>
						</TextLine>
						<TextLine ID="line_31" HPOS="275" VPOS="1700" WIDTH="1498" HEIGHT="45">
							<String ID="string_277" HPOS="275" VPOS="1701" WIDTH="90" HEIGHT="27" WC="0.96" CONTENT="samt"/><SP WIDTH="25" VPOS="1701" HPOS="365"/>
							<String ID="string_278" HPOS="390" VPOS="1708" WIDTH="56" HEIGHT="21" WC="0.95" CONTENT="om"/><SP WIDTH="26" VPOS="1708" HPOS="446"/>
							<String ID="string_279" HPOS="472" VPOS="1700" WIDTH="226" HEIGHT="40" WC="0.95" CONTENT="förlängning"/><SP WIDTH="23" VPOS="1700" HPOS="698"/>
							<String ID="string_280" HPOS="721" VPOS="1710" WIDTH="42" HEIGHT="21" WC="0.93" CONTENT="av"/><SP WIDTH="23" VPOS="1710" HPOS="763"/>
							<String ID="string_281" HPOS="786" VPOS="1701" WIDTH="371" HEIGHT="41" WC="0.91" CONTENT="återbetalningstiden"/><SP WIDTH="26" VPOS="1701" HPOS="1157"/>
							<String ID="string_282" HPOS="1183" VPOS="1703" WIDTH="52" HEIGHT="30" WC="0.96" CONTENT="till"/><SP WIDTH="25" VPOS="1703" HPOS="1235"/>
							<String ID="string_283" HPOS="1260" VPOS="1704" WIDTH="40" HEIGHT="30" WC="0.96" CONTENT="20"/><SP WIDTH="25" VPOS="1704" HPOS="1300"/>
							<String ID="string_284" HPOS="1325" VPOS="1703" WIDTH="39" HEIGHT="30" WC="0.95" CONTENT="år"/><SP WIDTH="25" VPOS="1703" HPOS="1364"/>
							<String ID="string_285" HPOS="1389" VPOS="1703" WIDTH="55" HEIGHT="31" WC="0.96" CONTENT="för"/><SP WIDTH="24" VPOS="1703" HPOS="1444"/>
							<String ID="string_286" HPOS="1468" VPOS="1705" WIDTH="108" HEIGHT="30" WC="0.96" CONTENT="redan"/><SP WIDTH="24" VPOS="1705" HPOS="1576"/>
							<String ID="string_287" HPOS="1600" VPOS="1705" WIDTH="173" HEIGHT="40" WC="0.96" CONTENT="beviljade"/>
						</TextLine>
						<TextLine ID="line_32" HPOS="275" VPOS="1749" WIDTH="1498" HEIGHT="41">
							<String ID="string_288" HPOS="275" VPOS="1749" WIDTH="56" HEIGHT="29" WC="0.96" CONTENT="lån"/><SP WIDTH="23" VPOS="1749" HPOS="331"/>
							<String ID="string_289" HPOS="354" VPOS="1749" WIDTH="82" HEIGHT="30" WC="0.96" CONTENT="från"/><SP WIDTH="22" VPOS="1749" HPOS="436"/>
							<String ID="string_290" HPOS="458" VPOS="1750" WIDTH="268" HEIGHT="40" WC="0.96" CONTENT="ifrågavarande"/><SP WIDTH="24" VPOS="1750" HPOS="726"/>
							<String ID="string_291" HPOS="750" VPOS="1751" WIDTH="95" HEIGHT="30" WC="0.93" CONTENT="fond."/><SP WIDTH="25" VPOS="1751" HPOS="845"/>
							<String ID="string_292" HPOS="870" VPOS="1753" WIDTH="154" HEIGHT="29" WC="0.91" CONTENT="Häröver"/><SP WIDTH="23" VPOS="1753" HPOS="1024"/>
							<String ID="string_293" HPOS="1047" VPOS="1752" WIDTH="64" HEIGHT="30" WC="0.93" CONTENT="har"/><SP WIDTH="22" VPOS="1752" HPOS="1111"/>
							<String ID="string_294" HPOS="1133" VPOS="1771" WIDTH="45" HEIGHT="4" WC="0.92" CONTENT="—"/><SP WIDTH="22" VPOS="1771" HPOS="1178"/>
							<String ID="string_295" HPOS="1200" VPOS="1753" WIDTH="87" HEIGHT="30" WC="0.96" CONTENT="efter"/><SP WIDTH="23" VPOS="1753" HPOS="1287"/>
							<String ID="string_296" HPOS="1310" VPOS="1753" WIDTH="122" HEIGHT="33" WC="0.93" CONTENT="remiss"/><SP WIDTH="22" VPOS="1753" HPOS="1432"/>
							<String ID="string_297" HPOS="1454" VPOS="1772" WIDTH="45" HEIGHT="4" WC="0.92" CONTENT="—"/><SP WIDTH="22" VPOS="1772" HPOS="1499"/>
							<String ID="string_298" HPOS="1521" VPOS="1755" WIDTH="252" HEIGHT="30" WC="0.96" CONTENT="statskontoret"/>
						</TextLine>
						<TextLine ID="line_33" HPOS="275" VPOS="1799" WIDTH="1497" HEIGHT="46">
							<String ID="string_299" HPOS="275" VPOS="1799" WIDTH="127" HEIGHT="39" WC="0.96" CONTENT="avgivit"/><SP WIDTH="29" VPOS="1799" HPOS="402"/>
							<String ID="string_300" HPOS="431" VPOS="1800" WIDTH="180" HEIGHT="31" WC="0.96" CONTENT="utlåtande"/><SP WIDTH="29" VPOS="1800" HPOS="611"/>
							<String ID="string_301" HPOS="640" VPOS="1802" WIDTH="66" HEIGHT="29" WC="0.96" CONTENT="den"/><SP WIDTH="30" VPOS="1802" HPOS="706"/>
							<String ID="string_302" HPOS="736" VPOS="1802" WIDTH="39" HEIGHT="29" WC="0.96" CONTENT="14"/><SP WIDTH="29" VPOS="1802" HPOS="775"/>
							<String ID="string_303" HPOS="804" VPOS="1805" WIDTH="91" HEIGHT="28" WC="0.93" CONTENT="samt"/><SP WIDTH="28" VPOS="1805" HPOS="895"/>
							<String ID="string_304" HPOS="923" VPOS="1802" WIDTH="369" HEIGHT="41" WC="0.91" CONTENT="kommerskollegium"/><SP WIDTH="28" VPOS="1802" HPOS="1292"/>
							<String ID="string_305" HPOS="1320" VPOS="1804" WIDTH="65" HEIGHT="30" WC="0.93" CONTENT="och"/><SP WIDTH="29" VPOS="1804" HPOS="1385"/>
							<String ID="string_306" HPOS="1414" VPOS="1804" WIDTH="358" HEIGHT="41" WC="0.91" CONTENT="lantbruksstyrelsen"/>
						</TextLine>
						<TextLine ID="line_34" HPOS="274" VPOS="1850" WIDTH="416" HEIGHT="33">
							<String ID="string_307" HPOS="274" VPOS="1850" WIDTH="65" HEIGHT="29" WC="0.96" CONTENT="den"/><SP WIDTH="26" VPOS="1850" HPOS="339"/>
							<String ID="string_308" HPOS="365" VPOS="1850" WIDTH="39" HEIGHT="30" WC="0.95" CONTENT="18"/><SP WIDTH="23" VPOS="1850" HPOS="404"/>
							<String ID="string_309" HPOS="427" VPOS="1851" WIDTH="144" HEIGHT="29" WC="0.95" CONTENT="oktober"/><SP WIDTH="25" VPOS="1851" HPOS="571"/>
							<String ID="string_310" HPOS="596" VPOS="1851" WIDTH="94" HEIGHT="32" WC="0.95" CONTENT="1955."/>
						</TextLine>
					</TextBlock>
					<TextBlock ID="block_6" HPOS="273" VPOS="1901" WIDTH="1501" HEIGHT="141">
						<TextLine ID="line_35" HPOS="318" VPOS="1901" WIDTH="1456" HEIGHT="44">
							<String ID="string_311" HPOS="318" VPOS="1901" WIDTH="12" HEIGHT="28" WC="0.91" CONTENT="I"/><SP WIDTH="22" VPOS="1901" HPOS="330"/>
							<String ID="string_312" HPOS="352" VPOS="1901" WIDTH="390" HEIGHT="38" WC="0.91" CONTENT="jordbruksnämndens"/><SP WIDTH="23" VPOS="1901" HPOS="742"/>
							<String ID="string_313" HPOS="765" VPOS="1903" WIDTH="166" HEIGHT="30" WC="0.96" CONTENT="skrivelse"/><SP WIDTH="23" VPOS="1903" HPOS="931"/>
							<String ID="string_314" HPOS="954" VPOS="1904" WIDTH="66" HEIGHT="29" WC="0.96" CONTENT="den"/><SP WIDTH="25" VPOS="1904" HPOS="1020"/>
							<String ID="string_315" HPOS="1045" VPOS="1904" WIDTH="38" HEIGHT="29" WC="0.96" CONTENT="19"/><SP WIDTH="24" VPOS="1904" HPOS="1083"/>
							<String ID="string_316" HPOS="1107" VPOS="1913" WIDTH="93" HEIGHT="20" WC="0.96" CONTENT="mars"/><SP WIDTH="26" VPOS="1913" HPOS="1200"/>
							<String ID="string_317" HPOS="1226" VPOS="1904" WIDTH="80" HEIGHT="30" WC="0.95" CONTENT="1955"/><SP WIDTH="24" VPOS="1904" HPOS="1306"/>
							<String ID="string_318" HPOS="1330" VPOS="1904" WIDTH="63" HEIGHT="29" WC="0.96" CONTENT="har"/><SP WIDTH="23" VPOS="1904" HPOS="1393"/>
							<String ID="string_319" HPOS="1416" VPOS="1904" WIDTH="183" HEIGHT="40" WC="0.93" CONTENT="framlagts"/><SP WIDTH="24" VPOS="1904" HPOS="1599"/>
							<String ID="string_320" HPOS="1623" VPOS="1906" WIDTH="151" HEIGHT="39" WC="0.92" CONTENT="princip-"/>
						</TextLine>
						<TextLine ID="line_36" HPOS="273" VPOS="1950" WIDTH="1499" HEIGHT="45">
							<String ID="string_321" HPOS="273" VPOS="1950" WIDTH="130" HEIGHT="40" WC="0.96" CONTENT="förslag"/><SP WIDTH="18" VPOS="1950" HPOS="403"/>
							<String ID="string_322" HPOS="421" VPOS="1952" WIDTH="222" HEIGHT="30" WC="0.96" CONTENT="beträffande"/><SP WIDTH="19" VPOS="1952" HPOS="643"/>
							<String ID="string_323" HPOS="662" VPOS="1953" WIDTH="258" HEIGHT="39" WC="0.96" CONTENT="omfattningen"/><SP WIDTH="20" VPOS="1953" HPOS="920"/>
							<String ID="string_324" HPOS="940" VPOS="1954" WIDTH="63" HEIGHT="29" WC="0.96" CONTENT="och"/><SP WIDTH="20" VPOS="1954" HPOS="1003"/>
							<String ID="string_325" HPOS="1023" VPOS="1954" WIDTH="264" HEIGHT="40" WC="0.96" CONTENT="utformningen"/><SP WIDTH="20" VPOS="1954" HPOS="1287"/>
							<String ID="string_326" HPOS="1307" VPOS="1964" WIDTH="41" HEIGHT="20" WC="0.96" CONTENT="av"/><SP WIDTH="20" VPOS="1964" HPOS="1348"/>
							<String ID="string_327" HPOS="1368" VPOS="1955" WIDTH="56" HEIGHT="29" WC="0.96" CONTENT="det"/><SP WIDTH="22" VPOS="1955" HPOS="1424"/>
							<String ID="string_328" HPOS="1446" VPOS="1955" WIDTH="137" HEIGHT="40" WC="0.96" CONTENT="statliga"/><SP WIDTH="21" VPOS="1955" HPOS="1583"/>
							<String ID="string_329" HPOS="1604" VPOS="1957" WIDTH="112" HEIGHT="31" WC="0.96" CONTENT="stödet"/><SP WIDTH="23" VPOS="1957" HPOS="1716"/>
							<String ID="string_330" HPOS="1739" VPOS="1956" WIDTH="33" HEIGHT="29" WC="0.96" CONTENT="åt"/>
						</TextLine>
						<TextLine ID="line_37" HPOS="274" VPOS="2001" WIDTH="1038" HEIGHT="41">
							<String ID="string_331" HPOS="274" VPOS="2001" WIDTH="62" HEIGHT="28" WC="0.91" CONTENT="lin-"/><SP WIDTH="21" VPOS="2001" HPOS="336"/>
							<String ID="string_332" HPOS="357" VPOS="2002" WIDTH="65" HEIGHT="29" WC="0.93" CONTENT="och"/><SP WIDTH="18" VPOS="2002" HPOS="422"/>
							<String ID="string_333" HPOS="440" VPOS="2002" WIDTH="273" HEIGHT="40" WC="0.91" CONTENT="hampodlingen"/><SP WIDTH="21" VPOS="2002" HPOS="713"/>
							<String ID="string_334" HPOS="734" VPOS="2003" WIDTH="79" HEIGHT="30" WC="0.96" CONTENT="från"/><SP WIDTH="19" VPOS="2003" HPOS="813"/>
							<String ID="string_335" HPOS="832" VPOS="2004" WIDTH="65" HEIGHT="29" WC="0.96" CONTENT="och"/><SP WIDTH="20" VPOS="2004" HPOS="897"/>
							<String ID="string_336" HPOS="917" VPOS="2005" WIDTH="77" HEIGHT="29" WC="0.96" CONTENT="med"/><SP WIDTH="24" VPOS="2005" HPOS="994"/>
							<String ID="string_337" HPOS="1018" VPOS="2005" WIDTH="82" HEIGHT="29" WC="0.95" CONTENT="1956"/><SP WIDTH="20" VPOS="2005" HPOS="1100"/>
							<String ID="string_338" HPOS="1120" VPOS="2004" WIDTH="56" HEIGHT="30" WC="0.96" CONTENT="års"/><SP WIDTH="21" VPOS="2004" HPOS="1176"/>
							<String ID="string_339" HPOS="1197" VPOS="2005" WIDTH="115" HEIGHT="29" WC="0.96" CONTENT="skörd."/>
						</TextLine>
					</TextBlock>
					<TextBlock ID="block_7" HPOS="272" VPOS="2052" WIDTH="1500" HEIGHT="331">
						<TextLine ID="line_38" HPOS="315" VPOS="2052" WIDTH="1455" HEIGHT="44">
							<String ID="string_340" HPOS="315" VPOS="2052" WIDTH="395" HEIGHT="32" WC="0.90" CONTENT="Jordbruksnämndens"/><SP WIDTH="23" VPOS="2052" HPOS="710"/>
							<String ID="string_341" HPOS="733" VPOS="2054" WIDTH="130" HEIGHT="40" WC="0.96" CONTENT="förslag"/><SP WIDTH="20" VPOS="2054" HPOS="863"/>
							<String ID="string_342" HPOS="883" VPOS="2055" WIDTH="145" HEIGHT="30" WC="0.96" CONTENT="innebär"/><SP WIDTH="20" VPOS="2055" HPOS="1028"/>
							<String ID="string_343" HPOS="1048" VPOS="2057" WIDTH="11" HEIGHT="29" WC="0.96" CONTENT="i"/><SP WIDTH="22" VPOS="2057" HPOS="1059"/>
							<String ID="string_344" HPOS="1081" VPOS="2055" WIDTH="196" HEIGHT="35" WC="0.96" CONTENT="huvudsak,"/><SP WIDTH="23" VPOS="2055" HPOS="1277"/>
							<String ID="string_345" HPOS="1300" VPOS="2057" WIDTH="49" HEIGHT="29" WC="0.96" CONTENT="att"/><SP WIDTH="22" VPOS="2057" HPOS="1349"/>
							<String ID="string_346" HPOS="1371" VPOS="2056" WIDTH="146" HEIGHT="30" WC="0.96" CONTENT="allmänt"/><SP WIDTH="22" VPOS="2056" HPOS="1517"/>
							<String ID="string_347" HPOS="1539" VPOS="2057" WIDTH="132" HEIGHT="39" WC="0.96" CONTENT="statligt"/><SP WIDTH="22" VPOS="2057" HPOS="1671"/>
							<String ID="string_348" HPOS="1693" VPOS="2058" WIDTH="77" HEIGHT="29" WC="0.96" CONTENT="stöd"/>
						</TextLine>
						<TextLine ID="line_39" HPOS="273" VPOS="2102" WIDTH="1499" HEIGHT="44">
							<String ID="string_349" HPOS="273" VPOS="2103" WIDTH="86" HEIGHT="29" WC="0.96" CONTENT="även"/><SP WIDTH="27" VPOS="2103" HPOS="359"/>
							<String ID="string_350" HPOS="386" VPOS="2102" WIDTH="10" HEIGHT="29" WC="0.96" CONTENT="i"/><SP WIDTH="28" VPOS="2102" HPOS="396"/>
							<String ID="string_351" HPOS="424" VPOS="2103" WIDTH="273" HEIGHT="40" WC="0.96" CONTENT="fortsättningen"/><SP WIDTH="29" VPOS="2103" HPOS="697"/>
							<String ID="string_352" HPOS="726" VPOS="2105" WIDTH="88" HEIGHT="29" WC="0.96" CONTENT="skall"/><SP WIDTH="30" VPOS="2105" HPOS="814"/>
							<String ID="string_353" HPOS="844" VPOS="2105" WIDTH="138" HEIGHT="29" WC="0.96" CONTENT="lämnas"/><SP WIDTH="25" VPOS="2105" HPOS="982"/>
							<String ID="string_354" HPOS="1007" VPOS="2104" WIDTH="162" HEIGHT="40" WC="0.96" CONTENT="odlingen"/><SP WIDTH="28" VPOS="2104" HPOS="1169"/>
							<String ID="string_355" HPOS="1197" VPOS="2115" WIDTH="42" HEIGHT="20" WC="0.93" CONTENT="av"/><SP WIDTH="29" VPOS="2115" HPOS="1239"/>
							<String ID="string_356" HPOS="1268" VPOS="2106" WIDTH="202" HEIGHT="39" WC="0.91" CONTENT="spånadslin"/><SP WIDTH="29" VPOS="2106" HPOS="1470"/>
							<String ID="string_357" HPOS="1499" VPOS="2107" WIDTH="64" HEIGHT="29" WC="0.96" CONTENT="och"/><SP WIDTH="29" VPOS="2107" HPOS="1563"/>
							<String ID="string_358" HPOS="1592" VPOS="2108" WIDTH="139" HEIGHT="38" WC="0.95" CONTENT="hampa,"/><SP WIDTH="31" VPOS="2108" HPOS="1731"/>
							<String ID="string_359" HPOS="1762" VPOS="2108" WIDTH="10" HEIGHT="28" WC="0.96" CONTENT="i"/>
						</TextLine>
						<TextLine ID="line_40" HPOS="274" VPOS="2154" WIDTH="1498" HEIGHT="42">
							<String ID="string_360" HPOS="274" VPOS="2154" WIDTH="86" HEIGHT="27" WC="0.96" CONTENT="stort"/><SP WIDTH="24" VPOS="2154" HPOS="360"/>
							<String ID="string_361" HPOS="384" VPOS="2154" WIDTH="65" HEIGHT="28" WC="0.96" CONTENT="sett"/><SP WIDTH="23" VPOS="2154" HPOS="449"/>
							<String ID="string_362" HPOS="472" VPOS="2154" WIDTH="246" HEIGHT="29" WC="0.95" CONTENT="motsvarande"/><SP WIDTH="20" VPOS="2154" HPOS="718"/>
							<String ID="string_363" HPOS="738" VPOS="2155" WIDTH="56" HEIGHT="29" WC="0.96" CONTENT="det"/><SP WIDTH="24" VPOS="2155" HPOS="794"/>
							<String ID="string_364" HPOS="818" VPOS="2155" WIDTH="122" HEIGHT="38" WC="0.95" CONTENT="skydd,"/><SP WIDTH="25" VPOS="2155" HPOS="940"/>
							<String ID="string_365" HPOS="965" VPOS="2164" WIDTH="73" HEIGHT="20" WC="0.96" CONTENT="som"/><SP WIDTH="22" VPOS="2164" HPOS="1038"/>
							<String ID="string_366" HPOS="1060" VPOS="2156" WIDTH="111" HEIGHT="29" WC="0.93" CONTENT="andra"/><SP WIDTH="21" VPOS="2156" HPOS="1171"/>
							<String ID="string_367" HPOS="1192" VPOS="2156" WIDTH="385" HEIGHT="40" WC="0.91" CONTENT="jordbruksprodukter"/><SP WIDTH="21" VPOS="2156" HPOS="1577"/>
							<String ID="string_368" HPOS="1598" VPOS="2158" WIDTH="11" HEIGHT="28" WC="0.93" CONTENT="i"/><SP WIDTH="25" VPOS="2158" HPOS="1609"/>
							<String ID="string_369" HPOS="1634" VPOS="2166" WIDTH="138" HEIGHT="30" WC="0.92" CONTENT="genom-"/>
						</TextLine>
						<TextLine ID="line_41" HPOS="274" VPOS="2200" WIDTH="1497" HEIGHT="46">
							<String ID="string_370" HPOS="274" VPOS="2202" WIDTH="84" HEIGHT="30" WC="0.96" CONTENT="snitt"/><SP WIDTH="19" VPOS="2202" HPOS="358"/>
							<String ID="string_371" HPOS="377" VPOS="2202" WIDTH="164" HEIGHT="39" WC="0.93" CONTENT="åtnjuter."/><SP WIDTH="21" VPOS="2202" HPOS="541"/>
							<String ID="string_372" HPOS="562" VPOS="2203" WIDTH="209" HEIGHT="40" WC="0.92" CONTENT="Giltigheten"/><SP WIDTH="20" VPOS="2203" HPOS="771"/>
							<String ID="string_373" HPOS="791" VPOS="2214" WIDTH="41" HEIGHT="20" WC="0.95" CONTENT="av"/><SP WIDTH="21" VPOS="2214" HPOS="832"/>
							<String ID="string_374" HPOS="853" VPOS="2206" WIDTH="48" HEIGHT="28" WC="0.96" CONTENT="ett"/><SP WIDTH="17" VPOS="2206" HPOS="901"/>
							<String ID="string_375" HPOS="918" VPOS="2205" WIDTH="114" HEIGHT="30" WC="0.96" CONTENT="beslut"/><SP WIDTH="18" VPOS="2205" HPOS="1032"/>
							<String ID="string_376" HPOS="1050" VPOS="2215" WIDTH="55" HEIGHT="20" WC="0.96" CONTENT="om"/><SP WIDTH="21" VPOS="2215" HPOS="1105"/>
							<String ID="string_377" HPOS="1126" VPOS="2200" WIDTH="146" HEIGHT="35" WC="0.96" CONTENT="allmänt"/><SP WIDTH="20" VPOS="2200" HPOS="1272"/>
							<String ID="string_378" HPOS="1292" VPOS="2207" WIDTH="76" HEIGHT="29" WC="0.96" CONTENT="stöd"/><SP WIDTH="19" VPOS="2207" HPOS="1368"/>
							<String ID="string_379" HPOS="1387" VPOS="2207" WIDTH="62" HEIGHT="29" WC="0.96" CONTENT="bör"/><SP WIDTH="20" VPOS="2207" HPOS="1449"/>
							<String ID="string_380" HPOS="1469" VPOS="2207" WIDTH="106" HEIGHT="39" WC="0.96" CONTENT="enligt"/><SP WIDTH="20" VPOS="2207" HPOS="1575"/>
							<String ID="string_381" HPOS="1595" VPOS="2208" WIDTH="176" HEIGHT="29" WC="0.96" CONTENT="nämnden"/>
						</TextLine>
						<TextLine ID="line_42" HPOS="273" VPOS="2251" WIDTH="1497" HEIGHT="46">
							<String ID="string_382" HPOS="273" VPOS="2251" WIDTH="29" HEIGHT="39" WC="0.96" CONTENT="ej"/><SP WIDTH="18" VPOS="2251" HPOS="302"/>
							<String ID="string_383" HPOS="320" VPOS="2252" WIDTH="45" HEIGHT="39" WC="0.96" CONTENT="på"/><SP WIDTH="17" VPOS="2252" HPOS="365"/>
							<String ID="string_384" HPOS="382" VPOS="2251" WIDTH="148" HEIGHT="31" WC="0.92" CONTENT="förhand"/><SP WIDTH="17" VPOS="2251" HPOS="530"/>
							<String ID="string_385" HPOS="547" VPOS="2253" WIDTH="268" HEIGHT="39" WC="0.91" CONTENT="tidsbegränsas."/><SP WIDTH="17" VPOS="2253" HPOS="815"/>
							<String ID="string_386" HPOS="832" VPOS="2255" WIDTH="201" HEIGHT="29" WC="0.96" CONTENT="Emellertid"/><SP WIDTH="17" VPOS="2255" HPOS="1033"/>
							<String ID="string_387" HPOS="1050" VPOS="2256" WIDTH="61" HEIGHT="29" WC="0.96" CONTENT="bör"/><SP WIDTH="18" VPOS="2256" HPOS="1111"/>
							<String ID="string_388" HPOS="1129" VPOS="2256" WIDTH="189" HEIGHT="38" WC="0.96" CONTENT="självfallet"/><SP WIDTH="16" VPOS="2256" HPOS="1318"/>
							<String ID="string_389" HPOS="1334" VPOS="2256" WIDTH="123" HEIGHT="40" WC="0.95" CONTENT="frågan"/><SP WIDTH="16" VPOS="2256" HPOS="1457"/>
							<String ID="string_390" HPOS="1473" VPOS="2267" WIDTH="56" HEIGHT="20" WC="0.95" CONTENT="om"/><SP WIDTH="18" VPOS="2267" HPOS="1529"/>
							<String ID="string_391" HPOS="1547" VPOS="2258" WIDTH="131" HEIGHT="39" WC="0.96" CONTENT="statligt"/><SP WIDTH="17" VPOS="2258" HPOS="1678"/>
							<String ID="string_392" HPOS="1695" VPOS="2259" WIDTH="75" HEIGHT="28" WC="0.96" CONTENT="stöd"/>
						</TextLine>
						<TextLine ID="line_43" HPOS="272" VPOS="2301" WIDTH="1497" HEIGHT="45">
							<String ID="string_393" HPOS="272" VPOS="2301" WIDTH="120" HEIGHT="30" WC="0.96" CONTENT="kunna"/><SP WIDTH="27" VPOS="2301" HPOS="392"/>
							<String ID="string_394" HPOS="419" VPOS="2304" WIDTH="96" HEIGHT="37" WC="0.96" CONTENT="tagas"/><SP WIDTH="27" VPOS="2304" HPOS="515"/>
							<String ID="string_395" HPOS="542" VPOS="2312" WIDTH="71" HEIGHT="31" WC="0.96" CONTENT="upp"/><SP WIDTH="28" VPOS="2312" HPOS="613"/>
							<String ID="string_396" HPOS="641" VPOS="2304" WIDTH="52" HEIGHT="29" WC="0.96" CONTENT="till"/><SP WIDTH="27" VPOS="2304" HPOS="693"/>
							<String ID="string_397" HPOS="720" VPOS="2304" WIDTH="240" HEIGHT="41" WC="0.96" CONTENT="omprövning,"/><SP WIDTH="28" VPOS="2304" HPOS="960"/>
							<String ID="string_398" HPOS="988" VPOS="2305" WIDTH="115" HEIGHT="31" WC="0.96" CONTENT="därest"/><SP WIDTH="27" VPOS="2305" HPOS="1103"/>
							<String ID="string_399" HPOS="1130" VPOS="2307" WIDTH="186" HEIGHT="39" WC="0.96" CONTENT="väsentligt"/><SP WIDTH="27" VPOS="2307" HPOS="1316"/>
							<String ID="string_400" HPOS="1343" VPOS="2308" WIDTH="152" HEIGHT="29" WC="0.96" CONTENT="ändrade"/><SP WIDTH="28" VPOS="2308" HPOS="1495"/>
							<String ID="string_401" HPOS="1523" VPOS="2308" WIDTH="246" HEIGHT="30" WC="0.96" CONTENT="förhållanden"/>
						</TextLine>
						<TextLine ID="line_44" HPOS="273" VPOS="2352" WIDTH="289" HEIGHT="31">
							<String ID="string_402" HPOS="273" VPOS="2352" WIDTH="111" HEIGHT="30" WC="0.96" CONTENT="skulle"/><SP WIDTH="22" VPOS="2352" HPOS="384"/>
							<String ID="string_403" HPOS="406" VPOS="2353" WIDTH="156" HEIGHT="30" WC="0.95" CONTENT="inträffa."/>
						</TextLine>
					</TextBlock>
					<TextBlock ID="block_8" HPOS="315" VPOS="2403" WIDTH="1455" HEIGHT="46">
						<TextLine ID="line_45" HPOS="315" VPOS="2403" WIDTH="1455" HEIGHT="46">
							<String ID="string_404" HPOS="315" VPOS="2403" WIDTH="226" HEIGHT="30" WC="0.93" CONTENT="Beträffande"/><SP WIDTH="35" VPOS="2403" HPOS="541"/>
							<String ID="string_405" HPOS="576" VPOS="2404" WIDTH="303" HEIGHT="40" WC="0.92" CONTENT="spånadslin"/><SP WIDTH="33" VPOS="2404" HPOS="879"/>
							<String ID="string_406" HPOS="912" VPOS="2406" WIDTH="144" HEIGHT="30" WC="0.96" CONTENT="innebär"/><SP WIDTH="22" VPOS="2406" HPOS="1056"/>
							<String ID="string_407" HPOS="1078" VPOS="2407" WIDTH="176" HEIGHT="39" WC="0.96" CONTENT="förslaget,"/><SP WIDTH="24" VPOS="2407" HPOS="1254"/>
							<String ID="string_408" HPOS="1278" VPOS="2409" WIDTH="50" HEIGHT="28" WC="0.96" CONTENT="att"/><SP WIDTH="20" VPOS="2409" HPOS="1328"/>
							<String ID="string_409" HPOS="1348" VPOS="2409" WIDTH="57" HEIGHT="29" WC="0.96" CONTENT="det"/><SP WIDTH="21" VPOS="2409" HPOS="1405"/>
							<String ID="string_410" HPOS="1426" VPOS="2409" WIDTH="178" HEIGHT="30" WC="0.91" CONTENT="allmänna"/><SP WIDTH="22" VPOS="2409" HPOS="1604"/>
							<String ID="string_411" HPOS="1626" VPOS="2408" WIDTH="144" HEIGHT="41" WC="0.91" CONTENT="prisstö-"/>
						</TextLine>
					</TextBlock>
				</ComposedBlock>
			</PrintSpace>
		</Page>
	</Layout>
</alto>
