2254 2677
425 186 105 27 Andra
554 184 189 27 Kammarens
767 181 164 38 Tillfälliga
957 182 124 27 Utskotts
1102 181 69 37 (N:o
1194 178 32 39 4)
1252 179 187 27 Betänkande
1464 178 55 27 N:o
1542 177 28 29 3.
1736 178 16 27 3

206 274 190 40 betryggade
422 273 52 32 vid
499 282 38 23 en
564 270 160 42 långvarig
750 269 166 40 besittning
943 268 33 32 af
1000 268 59 31 den
1082 268 78 39 jord,
1194 268 38 30 de
1259 266 173 37 innehafva,
1456 266 56 31 och
1538 266 52 31 vid
1617 264 177 41 åtnjutande

208 326 34 33 af
277 326 39 31 de
351 324 162 36 förmåner,
554 333 65 22 som
659 322 33 32 af
720 322 124 40 jordens
876 321 81 39 goda
984 320 57 31 och
1068 318 260 40 ändamålsenliga
1354 317 128 40 dikning
1509 317 56 32 och
1591 316 75 32 häfd
1692 316 105 31 kunna

208 377 139 41 härflyta,
374 377 57 32 och
458 375 48 41 då,
533 375 78 32 efter
636 371 84 35 hvad
747 372 212 33 erfarenheten
985 371 88 39 visat,
1106 371 58 31 den
1191 373 98 28 större
1316 370 74 31 eller
1418 369 118 31 mindre
1563 367 233 40 varaktigheten

209 430 33 31 af
265 429 103 32 täckta
394 429 92 30 diken
513 431 35 27 är
574 427 10 31 i
611 426 91 39 högst
727 424 172 39 väsendtlig
931 422 71 32 mån
1041 423 152 31 beroende
1220 421 33 31 af
1277 422 59 30 den
1363 421 101 39 tillsyn
1491 420 56 31 och
1575 429 128 29 omsorg,
1731 428 64 22 som

209 479 31 33 åt
267 480 91 31 deras
386 478 185 41 anläggning
598 486 103 31 egnas,
730 485 69 22 men
825 476 138 30 deremot
989 472 152 40 svårligen
1168 473 69 38 kan,
1258 472 78 31 efter
1357 471 239 40 anläggningens
1616 470 182 38 fullbordan,

207 532 89 31 äfven
328 530 52 32 vid
406 531 59 31 den
491 530 226 40 noggrannaste
744 536 55 31 syn
826 527 56 31 och
911 524 236 40 undersökning,
1178 527 127 28 utrönas
1333 522 39 41 på
1400 522 110 32 sådant
1536 524 69 36 sätt,
1633 524 45 29 att
1704 520 95 40 derpå

210 581 192 41 rättvisligen
430 582 57 31 bör
519 580 48 32 för
594 580 186 39 anläggaren
805 578 136 39 grundas
967 579 45 29 ett
1037 574 320 41 ersättningsanspråk
1384 578 63 27 mot
1473 574 126 31 Kronan
1625 573 73 31 eller
1723 572 78 31 hans

208 633 212 38 efterträdare,
447 632 80 32 helst
553 630 116 33 sådana
695 630 101 37 diken,
823 628 151 32 vårdslöst
1001 628 161 37 inrättade,
1190 630 54 27 äro
1272 630 99 27 sämre
1392 630 39 26 än
1451 625 39 31 de
1511 627 110 37 öppna,
1636 643 40 2 —
1690 623 109 40 Kongl.

211 686 87 39 Maj:t
337 686 101 29 ansett
470 681 268 43 grunddikningen
771 679 40 41 på
837 680 142 31 Kronans
1002 679 70 39 jord
1100 678 84 39 böra,
1210 678 64 30 lika
1300 677 70 31 med
1396 676 98 31 andra
1519 679 130 36 utvägar
1677 674 48 32 för
1751 674 51 31 be-

210 736 171 40 främjande
417 735 34 31 af
480 745 37 21 en
551 736 97 30 större
681 731 204 39 fruktbarhet,
910 730 30 32 få
967 731 73 31 bero
1068 729 34 31 af
1125 729 236 31 innehafvarens
1388 726 241 41 företagsamhet
1656 726 70 31 med
1753 726 50 31 be-

211 787 130 40 räkning
369 786 33 31 af
425 787 59 31 den
511 786 88 37 vinst,
627 794 66 22 som
719 783 90 32 deraf
833 783 61 31 kan
919 782 48 31 för
993 781 112 31 honom
1132 780 70 40 sjelf
1227 780 74 31 eller
1327 779 77 31 hans
1427 777 279 33 rättsinnehafvare
1728 786 76 30 upp-

211 840 131 37 komma,
370 847 68 22 men
465 841 73 28 utan
564 835 95 41 laglig
686 834 184 40 befogenhet
895 836 55 36 att,
978 832 77 32 efter
1082 830 284 41 besittningstidens
1393 830 70 38 slut,
1490 829 104 31 fordra
1611 827 192 41 godtgörelse

212 890 48 32 för
285 888 99 41 någon
411 889 50 32 del
487 889 33 31 af
545 885 379 42 anläggningskostnaden,
965 884 55 32 och
1055 886 45 29 att
1124 882 108 40 Kongl.
1261 882 87 39 Maj:t
1370 881 80 39 förty
1476 881 67 31 icke
1570 879 101 32 funnit
1697 879 67 31 skäl
1791 878 10 31 i

213 941 95 32 nåder
340 941 172 31 bestämma
543 938 103 39 sådan,
685 937 78 32 efter
789 937 76 31 visst
891 935 83 32 antal
1000 936 35 30 år
1062 934 157 32 beräknad
1245 931 362 41 ersättningsskyldighet
1633 930 48 31 för
1708 930 90 32 efter-

213 993 132 32 trädare.

347 1043 46 31 De
420 1041 118 38 hinder,
565 1041 109 39 Kongl.
702 1040 86 39 Maj:t
815 1037 129 33 sålunda
970 1039 98 29 ansett
1093 1036 166 31 förefinnas
1285 1034 47 32 för
1359 1033 230 33 bestämmande
1617 1032 33 31 af
1671 1031 134 40 skyldig-

214 1096 54 30 het
295 1094 47 32 för
368 1103 37 22 en
432 1092 198 32 tillträdande
658 1089 253 34 boställshafvare
939 1091 46 29 att
1010 1087 84 40 gifva
1120 1087 47 31 sin
1193 1086 190 32 företrädare
1417 1084 178 40 ersättning,
1629 1083 76 39 efter
1732 1083 75 31 visst

215 1145 89 32 antal
330 1144 37 32 år
394 1143 166 39 beräknad,
600 1142 48 32 för
681 1143 58 30 den
765 1141 130 32 kostnad
921 1140 61 31 han
1009 1140 60 29 kan
1095 1138 93 31 hafva
1213 1138 126 38 nedlagt
1366 1136 16 31 å
1410 1139 44 28 ett
1481 1136 101 31 bättre
1604 1134 206 40 dikningssätt

215 1201 38 27 än
295 1197 53 30 det
382 1195 10 31 i
428 1195 51 38 lag
511 1194 192 38 föreskrifna,
742 1192 93 31 hafva
860 1195 81 27 ännu
966 1190 55 31 full
1047 1189 157 40 giltighet;
1233 1189 56 31 och
1316 1188 39 31 då
1382 1187 204 31 motionärens
1612 1185 123 40 förslag,
1766 1188 45 28 att

216 1248 59 31 slik
301 1246 170 40 ersättning
498 1245 95 32 borde
620 1244 75 41 utgå
721 1243 78 32 efter
825 1252 117 22 samma
968 1240 293 40 beräkningsgrund,
1295 1248 64 22 som
1386 1238 48 31 för
1461 1237 81 39 årlig
1569 1234 238 42 byggnadsskyl-

217 1297 104 41 dighet
354 1297 97 32 finnes
493 1297 140 39 stadgad,
672 1295 189 37 förutsätter,
897 1296 46 28 att
976 1291 254 33 boställshafvare
1270 1290 98 31 skulle
1406 1289 162 39 förpligtas
1608 1290 46 29 att
1693 1285 116 42 årligen

218 1350 132 39 anlägga
390 1348 91 32 diken
522 1347 77 31 efter
634 1356 38 21 en
704 1346 101 31 bättre
838 1344 111 37 metod,
983 1348 20 27 t.
1030 1353 44 21 ex.
1103 1342 105 31 täckta
1235 1341 100 39 diken,
1364 1340 46 31 till
1436 1339 100 41 någon
1564 1339 68 38 viss,
1659 1338 11 30 i
1696 1337 115 32 förhål-

218 1401 90 31 lande
336 1400 46 31 till
409 1399 198 39 åkerjordens
634 1398 84 31 areal
743 1396 140 32 bestämd
910 1395 101 39 längd,
1038 1397 79 29 samt
1142 1392 190 41 följaktligen
1360 1392 51 31 vid
1439 1390 135 33 afträdet
1600 1398 74 23 vara
1690 1389 121 39 skyldig

218 1454 116 29 ersätta
361 1451 91 38 hvad,
479 1450 10 30 i
513 1447 192 34 förhållande
731 1448 46 31 till
803 1448 59 30 den
889 1446 46 31 tid
961 1446 61 31 han
1049 1444 139 32 innehaft
1215 1443 150 38 bostället,
1389 1442 183 32 derutinnan
1593 1441 113 38 bruste,
1729 1444 80 27 samt

220 1512 75 22 vara
334 1501 175 40 berättigad
549 1499 119 41 åtnjuta
707 1498 193 40 godtgörelse
940 1496 34 31 af
1011 1496 225 31 efterträdaren
1269 1494 47 31 för
1348 1494 168 31 verkställd
1541 1492 127 39 dikning
1693 1491 121 31 utöfver

220 1554 83 31 hvad
343 1553 112 30 honom
496 1551 49 31 för
584 1549 268 40 besittningstiden
884 1547 110 40 ålegat,
1026 1557 69 21 men
1122 1545 245 33 bestämmandet
1392 1553 108 31 genom
1528 1547 44 28 ett
1599 1543 125 31 allmänt
1750 1542 64 39 gäl-

221 1604 90 32 lande
351 1603 116 40 lagbud
507 1602 33 31 af
577 1611 37 22 en
650 1601 96 32 sådan
779 1599 175 40 skyldighet
994 1598 97 32 skulle
1133 1600 84 29 möta
1250 1595 102 32 alltför
1378 1598 84 29 stora
1490 1593 199 41 svårigheter,
1715 1593 100 31 bärle-

222 1655 101 33 dande
362 1654 46 40 sig
443 1654 65 31 dels
540 1652 69 33 från
635 1652 101 32 lokala
761 1649 212 33 förhållanden
1000 1649 56 31 och
1079 1649 85 40 jords
1191 1650 97 29 större
1315 1647 75 31 eller
1416 1646 119 31 mindre
1561 1644 181 40 lämplighet
1768 1643 47 32 för

223 1710 45 29 ett
306 1705 110 32 sådant
457 1705 216 39 dikningssätt,
712 1703 57 31 och
802 1702 66 31 dels
901 1699 67 33 från
999 1701 38 30 de
1071 1700 81 31 olika
1177 1698 331 40 dikningsmetoderna,
1536 1696 120 32 hvilkas
1682 1695 135 31 fördelar

224 1758 57 32 och
309 1756 198 40 olägenheter
534 1760 81 26 ännu
642 1758 53 28 äro
723 1754 92 31 bland
839 1752 204 40 jordbrukare
1071 1750 197 38 omtvistade;
1309 1748 34 32 så
1376 1758 90 22 anser
1490 1748 159 32 Utskottet
1675 1746 47 40 sig
1748 1746 68 31 icke

225 1809 97 31 heller
349 1808 10 31 i
389 1807 143 32 afseende
559 1805 98 40 härpå
683 1806 104 30 kunna
813 1803 123 32 biträda
961 1802 206 32 motionärens
1192 1800 123 40 förslag.

359 1859 72 31 Med
459 1858 164 39 anledning
651 1856 32 31 af
707 1856 81 31 hvad
816 1854 129 32 sålunda
971 1853 101 32 blifvit
1098 1852 132 38 anfördt,
1266 1852 56 31 och
1350 1849 39 33 då
1415 1848 103 33 härtill
1545 1848 138 31 kommer
1710 1851 45 29 att
1774 1850 45 29 ett

225 1908 211 41 underdånigt
474 1909 115 39 förslag
627 1907 47 31 till
706 1905 350 38 Civil-boställsordning
1086 1904 81 30 lärer
1206 1912 76 22 vara
1324 1902 56 31 hos
1412 1900 109 40 Kongl.
1556 1900 87 39 Maj:t
1674 1899 145 31 hvilande

225 1960 58 32 och
310 1960 74 32 bero
412 1958 41 41 på
479 1960 70 31 dess
575 1958 114 39 nådiga
715 1956 151 40 pröfning,
892 1955 177 32 hemställer
1093 1954 168 38 Utskottet,

624 2011 47 30 att
697 2008 81 31 Herr
804 2008 156 31 Johannes
986 2006 191 31 Anderssons
1204 2004 115 32 motion
1356 2003 67 31 icke
1456 2001 51 32 må
1533 2001 45 32 till
1605 2000 100 41 någon
1730 2000 90 32 Riks-

627 2061 117 39 dagens
770 2057 108 42 åtgärd
905 2057 167 32 föranleda.

428 2128 175 33 Stockholm
631 2128 59 31 den
717 2128 39 31 23
782 2126 151 32 Februari
962 2126 88 31 1869.

822 2193 45 32 På
891 2194 174 31 Utskottets
1090 2196 130 36 vägnar:

873 2257 47 40 G.
948 2256 52 40 H.
1027 2254 153 41 Stråle.
