1860 2766
426 124 404 41 Bevillningsutskottets
848 125 219 31 betänkande
1084 136 42 20 nr
1143 127 40 30 47
1200 127 39 29 år
1258 127 84 30 1964
1607 129 19 30 3

297 205 226 34 (Nuvarande
548 205 146 39 lydelse)

1070 207 226 39 (Föreslagen
1322 207 146 39 lydelse)

913 278 158 30 tillstånd
1101 278 128 30 därtill.
1260 278 112 40 Fråga
1403 288 54 20 om
1489 278 140 30 restitu-

913 323 71 30 tion
1025 323 106 40 enligt
1169 323 156 29 nämnda
1367 322 260 30 bestämmelser

911 368 126 38 prövas
1061 367 12 29 i
1095 368 95 39 varje
1213 367 145 30 särskilt
1379 367 64 39 fall
1464 376 42 21 av
1527 376 101 31 gene-

910 411 291 40 raltullstyrelsen
1222 412 92 36 eller,
1333 411 88 40 efter
1438 412 188 39 styrelsens

910 456 248 39 förordnande,
1180 456 65 30 den
1268 456 114 30 lokala
1405 455 223 40 tullmyndig-

910 501 114 29 heten.

954 545 177 39 Prövning
1154 554 43 20 av
1219 544 100 40 fråga
1345 554 55 20 om
1426 544 198 29 restitution

913 590 107 38 enligt
1047 590 19 28 6
1095 589 82 30 eller
1215 590 9 28 6
1252 599 19 20 a
1299 589 21 37 $
1347 590 206 29 ankommer
1580 589 44 39 på

910 634 379 39 generaltullstyrelsen
1320 634 92 35 eller,
1441 634 87 38 efter
1556 635 69 36 sty-

910 679 132 29 relsens
1060 679 249 38 förordnande,
1328 678 66 29 den
1413 678 114 30 lokala
1548 678 78 29 tull-

911 723 260 39 myndigheten.

849 795 64 39 38.

185 847 124 30 Idkare
328 856 41 21 av
412 865 75 3 ——
516 865 31 3 —
571 866 34 3 —
629 865 36 3 —
687 865 38 4 —
742 847 80 30 från
839 848 169 29 utlandet.

959 892 71 30 Vad
1061 892 11 29 i
1101 892 111 39 första
1243 892 136 39 stycket
1410 893 94 38 sagts
1535 890 91 31 skall

911 937 75 29 icke
1010 937 64 39 äga
1099 936 222 40 tillämpning
1345 936 10 29 i
1378 936 65 30 den
1467 935 82 30 mån
1572 936 53 30 rö-

911 980 236 31 relseidkaren
1177 980 107 40 enligt
1311 981 20 29 5
1358 980 21 36 $
1408 981 15 29 1
1452 989 106 20 mom.
1587 980 34 33 e)

910 1024 398 41 tulltaxeförordningen
1326 1024 147 40 åtnjutit
1492 1023 135 40 befriel-

909 1079 36 20 se
964 1069 80 40 från
1066 1069 64 30 tull
1148 1069 56 40 för
1223 1070 42 29 de
1284 1068 161 30 använda
1464 1068 162 30 artiklar-

908 1123 57 21 na.

183 1160 68 29 För
271 1159 110 30 andra
417 1176 27 4 —
473 1176 31 4 —
531 1178 31 4 —
592 1177 28 3 —
647 1176 32 4 —
705 1176 45 4 —
768 1158 92 31 fasta
880 1157 259 41 utrustningen.

181 1203 467 31 Varvsindustrirestitution
662 1203 59 30 må
734 1221 45 4 —
792 1221 45 4 —
848 1220 45 4 —
904 1220 46 4 —
964 1203 216 29 ovannämnt
1196 1202 83 39 slag.

184 1249 13 29 I
218 1248 99 40 fråga
366 1244 24 48 So
405 1266 33 4 —
474 1266 29 3 —
521 1265 169 5 ——-—
708 1248 66 30 och
794 1247 214 40 utrustning.

180 1294 82 29 Rätt
278 1293 51 29 till
376 1311 69 3 ——
457 1310 329 5 ———-——-—
800 1292 150 30 arbetets
966 1290 197 31 utförande.

824 1372 61 30 3a
906 1371 29 37 8.

176 1427 123 29 Idkare
314 1436 42 20 av
368 1425 314 31 verkstadsrörelse
702 1425 81 38 äger
802 1426 49 28 att

130 1471 90 30 efter
233 1471 191 30 verkställd
437 1469 169 40 byggnad,
621 1469 230 39 ombyggnad,

137 1516 210 39 reparation,
383 1515 185 38 inredning
601 1514 84 30 eller
720 1515 132 28 utrust-

135 1560 93 39 ning,
255 1559 208 30 inberäknat
489 1558 181 30 förseende
698 1557 78 30 med
800 1566 52 20 re-

134 1605 187 33 servdelar,
342 1613 43 20 av
403 1603 142 30 svenskt
565 1603 83 29 eller
667 1602 185 30 utländskt

135 1648 168 39 flygplan,
325 1648 54 29 för
399 1656 79 21 vars
499 1647 169 39 byggnad,
689 1646 162 39 ombygg-

135 1693 79 33 nad,
241 1692 210 39 reparation,
478 1691 185 39 inredning
689 1691 84 30 eller
799 1693 53 27 ut-

137 1737 163 38 rustning
319 1736 148 30 använts
488 1745 42 20 av
549 1735 130 30 honom
699 1735 79 29 från
800 1737 52 27 ut-

138 1781 116 30 landet
276 1781 138 29 införda
434 1780 210 30 materialier
665 1780 82 29 eller
768 1779 84 30 and-

139 1835 38 20 ra
209 1825 157 33 artiklar,
402 1825 138 39 åtnjuta
574 1824 201 29 restitution
810 1833 42 20 av

137 1870 64 29 tull
269 1868 583 40 (flygindustrirestitu-

140 1914 120 29 tion)
310 1914 54 29 för
400 1922 42 21 en
478 1913 244 29 motsvarande
759 1921 92 29 myc-

137 1958 130 30 kenhet
299 1957 210 30 materialier
541 1957 82 30 eller
655 1956 111 30 andra
799 1965 53 21 ar-

138 2003 104 29 tiklar
275 2012 42 20 av
348 2011 134 21 samma
515 2002 83 38 slag,
630 2001 94 30 vilka
756 2001 95 29 inom

137 2047 70 29 fem
232 2047 37 29 år
295 2047 73 29 före
392 2046 149 30 arbetets
567 2045 219 30 slutförande
810 2055 42 20 av

138 2092 129 28 honom
299 2091 127 29 införts
458 2090 79 30 från
570 2089 168 30 utlandet.
771 2090 80 30 Rätt

133 2135 52 29 till
201 2133 428 41 flygindustrirestitution
642 2133 107 40 gäller
762 2133 89 40 jäm-

138 2180 53 28 väl
225 2179 10 29 i
268 2179 169 29 avseende
469 2179 20 29 å
522 2178 221 35 materialier,
776 2187 74 20 som

948 1424 123 29 Idkare
1085 1433 42 20 av
1140 1423 315 30 verkstadsrörelse
1474 1423 80 38 äger
1573 1424 50 27 att

903 1467 90 30 efter
1005 1467 190 30 verkställd
1209 1467 170 40 byggnad,
1394 1466 228 39 ombyggnad,

908 1512 210 39 reparation,
1154 1512 187 38 inredning
1375 1512 83 28 eller
1492 1512 131 28 utrust-

906 1557 95 39 ning,
1026 1556 209 30 inberäknat
1261 1556 182 29 förseende
1469 1556 79 29 med
1572 1564 51 20 re-

908 1601 185 33 servdelar,
1113 1610 42 20 av
1175 1600 143 30 svenskt
1338 1600 83 30 eller
1440 1599 182 30 utländskt

908 1646 167 39 flygplan,
1096 1645 54 30 för
1171 1654 79 20 vars
1271 1644 170 40 byggnad,
1462 1644 160 39 ombygg-

907 1691 79 33 nad,
1014 1690 209 39 reparation,
1250 1689 185 39 inredning
1461 1689 83 29 eller
1570 1690 50 27 ut-

908 1735 164 38 rustning
1091 1734 147 29 använts
1259 1743 42 20 av
1321 1733 129 29 honom
1470 1733 79 29 från
1571 1734 51 28 ut-

909 1779 118 30 landet
1046 1778 142 30 införda
1206 1778 211 30 materialier
1437 1778 82 29 eller
1540 1777 83 30 and-

910 1832 37 21 ra
981 1823 156 33 artiklar,
1173 1822 139 40 åtnjuta
1346 1822 200 29 restitution
1582 1831 40 20 av

909 1868 64 28 tull
1040 1866 582 39 (flygindustrirestitu-

912 1911 121 33 tion)
1082 1911 53 29 för
1171 1920 42 20 en
1250 1911 244 29 motsvarande
1531 1919 91 30 myc-

910 1956 128 29 kenhet
1071 1955 210 30 materialier
1313 1955 82 29 eller
1427 1955 110 30 andra
1570 1964 52 20 ar-

912 2000 103 30 tiklar
1046 2009 42 20 av
1119 2008 134 21 samma
1286 1999 84 39 slag,
1401 1999 94 30 vilka
1527 1999 94 29 inom

909 2045 71 29 fem
1004 2044 37 29 år
1067 2044 72 30 före
1164 2044 149 30 arbetets
1339 2044 218 29 slutförande
1581 2053 41 20 av

909 2089 131 29 honom
1070 2088 127 30 införts
1229 2088 80 30 från
1342 2088 167 29 utlandet.
1543 2088 78 29 Rätt

906 2133 51 29 till
973 2132 428 39 flygindustrirestitution
1415 2132 106 39 gäller
1534 2132 88 40 jäm-

908 2177 55 29 väl
989 2177 10 29 i
1025 2176 169 30 avseende
1221 2176 19 30 å
1265 2176 156 36 artiklar,
1450 2185 73 20 som
1551 2176 70 39 gått

137 2224 72 39 gått
252 2223 174 29 förlorade
469 2223 56 29 vid
567 2222 150 30 arbetets
761 2222 91 29 utfö-
908 2221 174 29 förlorade
1105 2221 57 29 vid
1185 2221 151 29 arbetets
1360 2221 196 29 utförande.

138 2268 117 30 rande.

825 2310 59 29 Ga
907 2309 27 37 8.

182 2365 168 30 Förutom
370 2363 10 29 i
410 2380 29 5 —
468 2381 32 4 —
533 2380 34 4 —
594 2379 35 5 —
655 2380 32 3 —
717 2379 37 4 —
773 2361 205 30 avlämnade
1001 2361 157 30 föremål.

181 2408 282 30 Tullrestitution
505 2407 106 39 enligt
653 2406 198 39 punkterna
953 2405 282 30 Tullrestitution
1277 2405 106 39 enligt
1425 2405 196 39 punklerna

139 2459 48 24 a)
227 2459 34 24 —-ce)
301 2452 57 30 må
389 2452 158 39 åtnjutas
582 2451 53 29 för
672 2450 179 39 tullbelop-

910 2451 123 31 a)—c)
1072 2449 57 30 må
1160 2448 158 41 åtnjutas
1354 2449 53 29 för
1443 2449 179 40 tullbelop-
