1880 2768
476 122 124 43 Tredje
622 125 245 40 lagutskottets
888 123 180 30 utlåtande
1091 132 40 20 nr
1152 123 41 29 25
1213 122 39 29 år
1276 122 78 28 1964
1623 120 36 30 17

742 260 353 44 Remissyttrandena

220 369 217 29 Motionerna
464 366 192 39 tillstyrkes
685 375 40 20 av
753 364 217 38 Föreningen
997 362 156 39 Sveriges
1181 360 325 39 häradshövdingar
1536 359 124 29 medan

175 423 118 38 övriga
314 421 302 30 remissinstanser
639 419 117 30 ställer
779 418 51 39 sig
852 427 72 20 mer
947 417 83 30 eller
1054 416 134 29 mindre
1211 414 186 31 avvisande
1419 413 52 29 till
1495 408 165 48 motions-

176 474 181 41 yrkandet.

221 582 227 31 Beträffande
468 581 90 29 först
580 580 144 30 behovet
746 588 42 21 av
809 578 160 40 åtgärder
992 578 10 28 i
1024 577 238 32 motionernas
1285 575 90 39 syfte
1398 574 103 31 anför
1523 573 138 30 hovrät-

179 638 54 27 ten
262 636 56 39 för
346 635 123 29 Västra
497 634 138 38 Sverige
665 635 50 28 att
745 632 183 29 hovrätten
958 631 70 30 kan
1059 630 153 30 vitsorda
1242 631 51 28 att
1323 628 256 31 domstolarnas
1612 626 48 30 in-

177 688 428 40 skrivningsavdelningar
629 687 43 39 på
695 686 77 29 sina
794 685 70 30 håll
888 685 152 39 alltjämt
1064 684 132 30 brottas
1219 682 79 30 med
1321 682 92 29 vissa
1438 680 223 39 svårigheter,

178 743 42 30 då
245 743 56 30 det
325 742 105 40 gäller
453 743 51 29 att
527 741 95 30 hålla
647 740 41 30 de
712 738 220 31 föreskrivna
957 737 137 31 tiderna
1121 737 52 29 för
1199 735 221 40 expediering
1446 743 42 21 av
1512 733 149 30 inskriv-

179 796 266 40 ningsärenden.
473 795 107 39 Varje
608 792 169 41 dröjsmål
807 791 178 40 därvidlag
1013 791 50 34 är,
1091 791 78 39 sägs
1196 790 68 36 det,
1291 789 105 40 ägnat
1425 789 49 29 att
1503 787 158 30 medföra

178 850 221 39 olägenheter
428 849 55 29 för
512 847 238 32 allmänheten
780 847 67 29 och
875 846 70 29 kan
976 844 221 39 naturligtvis
1229 842 106 31 också
1366 842 37 30 få
1432 840 229 32 ekonomiska

180 904 266 29 konsekvenser.
464 902 192 29 Hovrätten
673 901 117 29 finner
808 901 50 29 att
875 899 68 31 alla
960 898 162 39 åtgärder
1141 897 118 31 därför
1277 896 61 30 bör
1356 895 187 39 övervägas
1563 895 10 30 i
1593 894 69 38 syf-

177 960 32 27 te
228 959 50 28 att
297 956 242 30 rationalisera
557 953 417 40 inskrivningsväsendet.
996 951 175 39 Styrelsen
1192 950 54 30 för
1267 949 218 39 Föreningen
1506 947 156 39 Sveriges

177 1010 251 35 stadsdomare,
455 1018 75 21 som
557 1008 134 30 erinrar
717 1016 57 20 om
800 1008 50 28 att
875 1005 261 31 motionärerna
1163 1004 156 29 närmast
1347 1011 98 22 avser
1472 1001 190 30 förhållan-

178 1065 88 29 dena
294 1063 43 40 på
364 1063 252 39 domsagornas
644 1058 479 41 inskrivningsavdelningar,
1153 1057 97 40 säger
1279 1056 51 40 sig
1359 1056 120 32 kunna
1509 1055 154 29 vitsorda

177 1119 50 28 att
247 1117 251 39 betydelselösa
519 1115 195 39 införingar
735 1113 235 30 förekommer
992 1112 87 30 även
1101 1112 11 29 i
1134 1110 307 31 rådhusrätternas
1464 1108 199 39 fastighets-

179 1171 137 33 böcker,
339 1170 89 30 dock
449 1170 30 39 ej
507 1170 9 28 i
541 1169 67 29 den
631 1167 257 39 omfattningen
912 1167 51 29 att
987 1166 42 30 de
1054 1165 100 39 utgör
1179 1164 103 39 något
1308 1163 163 39 egentligt
1495 1161 167 41 problem.

180 1225 65 28 För
268 1222 224 41 iakttagande
517 1231 43 21 av
583 1220 221 31 föreskrivna
827 1218 310 41 expeditionstider
1160 1226 102 22 anses
1286 1216 42 30 de
1352 1216 110 30 sakna
1487 1215 97 39 varje
1608 1215 54 29 be-

179 1278 141 39 tydelse.
345 1277 93 30 även
462 1285 57 23 om
544 1277 66 29 den
634 1285 42 20 av
700 1275 259 29 motionärerna
984 1272 124 30 väckta
1134 1271 123 40 frågan
1283 1270 148 30 sålunda
1457 1269 75 30 icke
1558 1269 38 29 är
1622 1278 41 20 av

179 1332 111 30 större
309 1331 73 29 vikt
401 1330 54 30 för
474 1329 302 33 rådhusrätterna,
797 1336 101 22 anser
917 1326 171 39 styrelsen
1109 1326 56 29 det
1186 1324 89 30 dock
1295 1324 179 39 angeläget
1496 1324 50 29 att
1567 1322 95 40 varje

178 1385 134 39 åtgärd,
335 1393 74 20 som
431 1384 70 29 kan
524 1383 78 30 leda
624 1382 52 29 till
700 1381 199 38 förenkling
923 1389 42 21 av
987 1379 133 30 arbetet
1143 1378 79 30 med
1246 1376 416 39 inskrivningsväsendet,

178 1438 106 29 också
307 1437 165 39 vidtages.
497 1434 218 40 Föreningen
738 1433 157 39 Sveriges
917 1431 326 39 häradshövdingar
1268 1431 38 29 är
1329 1439 81 21 ense
1436 1430 78 29 med
1540 1429 122 29 motio-

180 1492 148 29 närerna
349 1499 56 21 om
426 1491 49 29 att
498 1488 207 39 utrensning
726 1496 41 21 ur
788 1485 358 40 fastighetsböckerna
1171 1494 41 20 av
1234 1484 155 39 onyttiga
1411 1482 252 38 anteckningar

181 1545 112 29 skulle
314 1544 166 29 innebära
501 1552 42 20 en
567 1544 70 27 stor
659 1539 405 39 rationaliseringsvinst.

224 1652 74 29 Vad
317 1650 151 31 därefter
487 1650 108 39 angår
615 1647 267 41 möjligheterna
900 1648 51 28 att
970 1646 24 29 f.
1015 1655 32 20 n.
1068 1645 203 40 genomföra
1290 1645 67 29 den
1376 1653 42 21 av
1437 1643 227 29 motionärer-

182 1715 43 20 na
241 1704 155 30 önskade
415 1703 252 38 utrensningen
686 1701 134 30 erinrar
838 1700 184 30 hovrätten
1041 1699 56 39 för
1119 1699 122 29 Västra
1260 1697 137 39 Sverige
1416 1697 45 29 bl.
1482 1706 29 20 a.
1532 1705 57 21 om
1610 1696 54 30 be-

181 1758 265 30 stämmelserna
467 1757 8 28 i
499 1756 15 29 7
539 1757 15 35 $
578 1757 98 37 lagen
698 1764 56 20 om
776 1753 241 40 uppläggande
1039 1762 42 20 av
1103 1761 66 30 nya
1192 1750 312 40 fastighetsböcker
1526 1749 43 40 på
1593 1750 71 28 lan-

181 1813 56 28 det
257 1813 89 28 samt
366 1810 101 30 anför
488 1810 128 29 vidare.

226 1873 112 30 Sedan
361 1872 107 39 några
491 1871 38 29 år
552 1871 144 29 tillbaka
718 1870 106 39 gäller
849 1868 204 29 förenklade
1077 1867 108 38 regler
1210 1875 56 21 om
1290 1866 211 29 utfärdande
1525 1874 41 20 av
1591 1872 74 31 gra-

181 1916 242 31 vationsbevis.
444 1916 12 29 I
477 1916 99 39 fråga
596 1924 56 20 om
671 1914 243 38 inteckningar
935 1913 53 28 för
1010 1912 155 33 servitut,
1186 1910 256 40 nyttjanderätt
1462 1910 65 29 och
1547 1909 117 39 dylika

182 1962 177 30 förmåner
384 1961 149 29 behöver
559 1968 146 21 numera
729 1959 12 29 i
765 1957 130 31 beviset
920 1956 124 31 endast
1069 1955 191 31 antecknas
1285 1973 43 3 -—
1353 1954 155 30 förutom
1534 1953 130 30 inteck-

182 2007 144 39 ningens
347 2006 66 39 dag
433 2004 65 30 och
519 2012 161 22 nummer
699 2020 44 4 —
762 2000 291 31 beskaffenheten
1075 2009 42 21 av
1136 1999 209 40 rättigheten
1366 2000 10 28 i
1398 1998 97 30 stark
1515 1997 149 30 förkort-

182 2051 91 38 ning,
299 2052 22 28 t.
346 2060 49 19 ex.
422 2047 266 41 »vägservitut>.
711 2047 103 29 Detta
838 2045 137 30 medför
999 2043 274 40 uppenbarligen
1297 2052 41 20 en
1363 2041 302 40 arbetsbesparing

181 2096 56 28 vid
261 2094 225 29 utskrivande
510 2103 42 20 av
574 2090 306 41 gravationsbevis.
903 2089 119 30 Redan
1047 2087 245 30 dessförinnan
1315 2087 111 39 gällde
1449 2088 50 28 att
1521 2086 10 29 i
1554 2086 110 39 dylikt

181 2140 93 29 bevis
296 2139 74 29 icke
393 2138 89 30 skall
506 2138 170 38 upptagas
698 2135 92 30 vissa
813 2133 263 39 anteckningar,
1099 2133 62 29 där
1182 2132 58 30 det
1261 2131 114 30 finnes
1400 2131 195 38 uppenbart
1616 2132 48 27 att

182 2184 40 29 de
242 2183 29 38 ej
294 2182 117 30 vidare
430 2182 38 29 är
488 2190 42 21 av
548 2179 186 40 betydelse.

227 2228 47 28 De
301 2226 147 39 angivna
474 2226 159 37 reglerna
658 2223 184 38 möjliggör
867 2231 42 20 en
934 2221 70 30 viss
1032 2220 161 39 sanering
1219 2229 42 20 av
1287 2218 377 39 fastighetsböckernas

181 2270 261 38 anteckningar.
463 2268 194 38 Utredning
677 2267 71 29 kan
768 2265 148 31 sålunda
936 2264 106 30 bland
1063 2266 108 27 annat
1191 2263 61 30 ske
1272 2263 148 29 rörande
1440 2261 225 39 anteckning-

182 2323 37 21 ar
237 2323 57 20 om
313 2313 198 38 utmätning
528 2312 65 29 och
611 2310 269 40 expropriation.
906 2309 6 28 I
931 2309 65 29 den
1016 2308 82 29 mån
1116 2307 298 38 anteckningarna
1433 2306 158 28 befinnes
1610 2315 54 19 va-

182 2368 37 20 ra
241 2357 193 40 uppenbart
456 2356 251 39 betydelselösa
728 2354 70 29 kan
821 2353 39 29 de
882 2352 152 30 därefter
1056 2352 134 29 lämnas
1213 2352 84 28 utan
1318 2350 179 29 avseende.
