1932 2822
585 168 270 28 Bankoutskottets
881 165 159 27 memorial
1066 164 41 25 Nr
1133 163 45 25 65.
1590 153 37 29 19

836 242 20 39 8
881 246 52 29 27.

185 319 66 30 Till
269 316 334 40 riksgäldskontoret
619 311 194 40 inflytande
831 311 118 28 räntor
968 307 20 30 å
1006 307 57 29 lån
1082 305 79 30 från
1181 304 174 30 allmänna
1374 298 252 41 järnvägslåne-

140 373 141 35 fonden,
308 368 347 35 bibanelånefonden,
682 366 178 31 allmänna
888 358 387 43 byggnadslånefonden
1303 359 89 28 samt
1418 354 129 31 fonden
1574 352 54 30 för

140 424 267 33 låneunderstöd
434 422 98 32 skola
559 421 143 31 insättas
728 418 21 31 å
774 415 219 34 statsverkets
1020 411 221 42 giroräkning
1267 410 11 31 i
1305 407 208 33 riksbanken
1540 406 89 30 samt

141 480 10 30 i
170 478 348 39 riksgäldskontorets
539 472 231 39 räkenskaper
790 469 166 32 bokföras
975 467 20 31 å
1015 465 97 33 konti
1132 465 55 31 för
1210 463 210 31 >Inkomster
1439 470 42 21 av
1502 461 127 28 statens

141 529 207 41 produktiva
368 529 154 32 fonder».

835 590 21 41 8
881 596 51 30 28.

190 677 27 28 1.
253 674 67 31 Till
349 671 327 40 riksgäldskontoret
703 666 193 41 inflytande
923 661 386 43 kapitalavbetalningar
1335 658 21 31 å
1382 657 57 32 lån
1467 655 76 31 från
1571 654 57 31 all-

143 730 129 30 männa
286 724 373 43 järnvägslånefonden
672 723 65 31 och
753 718 345 35 bibanelånefonden,
1113 716 92 31 vilka
1221 715 141 30 härröra
1377 722 41 21 av
1433 708 197 35 lånemedel,

143 782 97 32 skola
263 781 144 31 insättas
430 778 45 42 på
500 776 344 41 riksgäldskontorets
869 771 220 41 giroräkning
1111 770 12 30 i
1146 768 208 32 riksbanken
1378 765 107 31 under
1510 764 118 30 konto:

147 814 18 57 >»
165 835 144 31 Fonden
330 834 56 30 för
406 830 268 33 återlevererade
695 828 208 31 lånemedel»
929 828 99 33 samt,
1049 824 11 30 i
1080 824 66 30 den
1167 822 83 30 mån
1271 822 42 30 de
1333 823 94 35 tagas
1449 818 11 30 i
1481 814 150 41 anspråk

143 889 55 32 för
222 888 21 31 å
267 888 182 31 riksstaten
475 885 161 32 anvisade
660 882 139 40 utgifter
820 881 51 31 till
896 878 260 41 kapitalökning
1181 885 42 22 av
1246 873 198 35 lånemedel,
1467 870 163 32 bokföras

144 942 115 31 såsom
280 941 155 30 inkomst
456 939 20 31 å
498 938 85 31 titel:
630 936 219 31 »Lånemedel:
874 929 326 40 Återbetalningar».

187 997 30 30 2.
254 995 65 31 Till
345 993 333 40 riksgäldskontoret
703 988 195 40 inflytande
923 981 393 44 kapitalavbetalningar
1341 981 20 30 å
1386 979 56 31 lån
1469 977 79 32 från
1574 975 58 31 all-

143 1052 130 30 männa
299 1046 372 43 järnvägslånefonden
698 1045 65 30 och
792 1040 344 35 bibanelånefonden,
1165 1038 93 30 vilka
1287 1036 140 31 härröra
1455 1043 42 21 av
1526 1032 106 31 andra

144 1104 275 32 statsinkomster
442 1103 45 30 än
508 1099 200 36 lånemedel,
733 1098 97 31 skola
854 1096 143 31 insättas
1019 1094 45 39 på
1085 1091 218 33 statsverkets
1326 1087 219 41 giroräkning
1569 1084 64 32 och

144 1158 166 31 bokföras
333 1156 114 32 såsom
471 1155 153 31 inkomst
646 1152 21 31 å
689 1152 84 31 titel:
802 1151 34 30 »I
862 1148 150 40 anspråk
1034 1150 103 35 tagna
1161 1142 321 42 kapitaltillgångar:
1510 1131 124 52 Övriga

145 1212 152 31 fonder.>
329 1210 49 31 På
395 1208 183 32 enahanda
592 1208 69 30 sätt
677 1205 147 32 förfares
839 1203 129 40 jämväl
984 1202 66 30 vad
1066 1200 168 31 beträffar
1249 1194 385 43 kapitalavbetalningar

145 1265 20 31 å
181 1265 58 31 lån
258 1264 79 32 från
352 1263 179 31 allmänna
548 1258 397 42 byggnadslånefonden.

839 1323 22 42 $
886 1329 52 30 29.

191 1398 122 31 Därest
334 1396 53 32 till
409 1394 330 41 riksgäldskontoret
760 1391 125 40 inflyta
908 1389 121 36 medel,
1054 1388 91 31 vilka
1169 1388 59 30 äro
1252 1389 49 28 att
1324 1384 145 31 hänföra
1492 1382 51 32 till
1565 1382 68 31 sär-

148 1451 111 32 skilda
282 1448 292 41 uppbördsmedel
598 1447 54 32 för
675 1445 105 40 något
801 1454 43 22 av
868 1445 43 30 de
934 1443 21 31 å
978 1443 182 31 riksstaten
1183 1440 52 32 till
1258 1438 167 40 utgående
1449 1436 78 32 från
1550 1434 84 32 riks-

148 1505 255 40 gäldskontoret
426 1502 162 32 anvisade
612 1499 240 41 utgiftsanslag
876 1507 42 22 av
943 1497 107 31 andra
1074 1494 274 32 statsinkomster
1370 1494 44 30 än
1436 1489 198 35 lånemedel,

148 1559 98 32 skola
262 1559 98 32 dessa
375 1556 112 34 medel
502 1555 142 32 insättas
661 1554 20 31 å
698 1553 217 31 statsverkets
933 1548 218 42 giroräkning
1167 1548 11 31 i
1194 1547 209 33 riksbanken
1419 1548 88 28 samt
1523 1544 10 31 i
1551 1543 82 31 riks-

148 1612 272 40 gäldskontorets
441 1609 233 39 räkenskaper
693 1606 165 32 bokföras
878 1605 21 31 å
919 1605 105 31 konto
1046 1603 54 31 för
1120 1603 56 30 det
1196 1600 245 41 utgiftsanslag,
1462 1598 52 32 till
1533 1598 103 31 vilket

148 1667 137 30 medlen
305 1666 97 30 höra.

194 1718 260 32 Reservationer
479 1717 21 31 å
526 1716 120 39 anslag
672 1724 41 22 av
740 1713 202 35 lånemedel,
969 1721 75 21 som
1070 1714 96 35 tagas
1194 1709 11 30 i
1232 1707 150 41 anspråk
1409 1707 20 30 å
1456 1706 182 30 riksstaten

150 1774 56 30 för
225 1772 77 32 däri
322 1771 164 32 anvisade
505 1769 141 40 utgifter
666 1778 42 21 av
729 1767 200 35 lånemedel,
952 1766 96 30 skola
1069 1763 173 31 redovisas
1264 1761 113 31 såsom
1402 1758 235 32 »Lånemedel:

151 1828 14 30 I
190 1825 153 41 anspråk
367 1828 105 36 tagna
497 1822 280 32 reservationer».

195 1880 54 31 Då
278 1881 42 30 de
348 1879 122 35 medel,
501 1887 75 21 som
604 1876 139 31 tillförts
774 1875 132 30 fonden
934 1873 55 31 för
1019 1870 266 33 återlevererade
1314 1867 198 35 lånemedel,
1543 1865 96 31 skola

151 1937 94 37 tagas
262 1934 12 31 i
290 1932 150 41 anspråk
457 1932 20 31 å
493 1932 181 30 riksstaten
691 1929 55 31 för
762 1929 73 31 däri
853 1926 161 32 anvisade
1030 1924 138 40 utgifter
1185 1926 48 30 att
1249 1923 117 31 täckas
1381 1931 42 21 av
1439 1919 199 35 lånemedel,

152 1989 98 30 skola
277 1988 42 30 de
345 1985 176 32 redovisas
550 1985 113 30 såsom
691 1983 153 30 inkomst
871 1982 55 29 för
953 1980 200 30 riksstatens
1181 1977 70 31 titel
1283 1975 235 32 »Lånemedel:
1549 1968 89 35 Åter-

152 2040 244 40 betalningar».

846 2102 20 41 $
892 2107 51 30 30.

197 2175 53 32 Då
271 2173 227 41 obligationer
520 2173 66 31 och
609 2171 277 39 räntekuponger
909 2169 55 32 för
986 2169 42 31 de
1050 2177 41 21 av
1115 2166 328 40 riksgäldskontoret
1467 2165 173 36 upptagna

153 2229 57 31 lån
241 2229 76 31 icke
347 2228 107 31 varda
486 2227 95 31 inom
612 2226 67 31 den
710 2225 55 31 för
795 2225 99 30 deras
925 2222 179 32 inlösande
1134 2220 179 32 bestämda
1344 2215 296 42 preskriptionstid

154 2284 64 30 hos
248 2282 332 39 riksgäldskontoret
611 2279 187 35 företedda,
831 2278 97 31 skola
961 2277 42 30 de
1032 2275 122 35 medel,
1186 2274 92 31 vilka
1310 2273 55 31 för
1396 2271 171 32 infriande
1598 2279 42 20 av

154 2336 130 32 sådana
308 2335 227 40 obligationer
559 2334 66 31 och
651 2332 278 39 räntekuponger
953 2329 88 31 varit
1064 2328 160 35 avsedda,
1249 2326 137 32 avföras
1411 2324 77 32 från
1514 2323 127 32 fonden

155 2390 55 32 för
233 2388 322 33 annuitetslikvider
579 2391 90 28 samt
692 2386 144 31 insättas
862 2384 21 32 å
908 2383 218 32 statsverkets
1150 2380 222 42 giroräkning
1397 2380 10 30 i
1434 2377 209 32 riksbanken

155 2445 65 31 och
243 2445 12 30 i
279 2443 347 40 riksgäldskontorets
648 2440 235 38 räkenskaper
905 2438 165 31 bokföras
1093 2436 20 31 å
1136 2435 252 31 riksstatstiteln
1415 2433 157 31 »Diverse
1595 2431 48 30 in-

157 2498 182 32 komster2.
