1934 2820
299 152 41 29 22
747 154 271 27 Bankoutskottets
1043 154 161 26 memorial
1228 154 43 26 Nr
1296 154 46 26 65.

344 234 91 31 Från
454 235 91 31 detta
564 234 119 39 anslag
701 234 97 31 skola
816 233 92 41 utgå:

344 284 32 40 a)
406 289 127 31 arvode
547 287 51 32 till
614 298 43 21 en
672 298 60 21 var
748 298 42 21 av
808 288 53 39 sju
878 287 215 40 fullmäktige
1110 287 11 31 i
1138 287 339 40 riksgäldskontoret,

299 342 85 31 efter
406 343 97 35 4,000
525 343 129 29 kronor
676 342 55 30 för
752 341 39 31 År
819 363 646 8 ....ssssseeseereese
1238 336 98 46 reser
1350 336 52 46 ste
1413 336 55 46 rer

343 396 195 31 därutöver:

338 455 33 41 b)
399 458 51 32 till
475 458 233 39 fullmäktiges
732 458 208 32 ordförande
968 450 10 51 =
994 480 470 8 ......s--sessesesersrrs

342 522 29 41 c)
401 526 51 31 till
473 526 105 31 förste
599 527 234 38 deputeraden
860 549 603 7 ..........ssss-eesesererrrrr

342 580 34 40 d)
406 584 50 31 till
475 585 106 30 andre
601 585 232 38 deputeraden
859 608 604 8 .....sssseseeesrsererrre
1322 576 34 52 rr
1365 576 101 52 reser

346 637 28 39 e)
405 637 357 40 vikariatsersättning
792 638 58 31 vid
879 642 161 27 semester
1070 640 55 29 för
1155 640 106 30 förste
1292 640 177 39 deputera-

298 692 66 30 den
382 691 105 40 enligt
505 692 264 30 bestämmelsen
789 692 11 30 i
820 688 19 41 $
860 694 19 29 9
899 702 42 21 av
961 693 92 31 detta
1073 694 215 38 reglemente,
1308 694 161 39 förslags-

295 753 55 22 EVE
367 768 1096 9 ET:

341 799 69 30 För
427 798 60 36 tid,
505 800 173 30 varunder
695 799 107 31 förste
819 800 233 39 deputeraden
1071 802 39 29 är
1127 811 43 20 av
1188 801 164 39 sjukdom
1370 800 99 32 hind-

297 852 61 30 rad
382 855 51 29 att
457 852 199 40 tjänstgöra,
684 854 86 30 skall
797 854 70 30 han
894 854 193 31 vidkännas
1112 858 47 28 ett
1183 854 285 40 tjänstledighets-

297 906 127 40 avdrag
445 916 42 21 av
509 907 20 30 8
552 906 130 33 kronor
704 906 56 32 för
782 907 75 39 dag.

341 959 220 41 Fullmäktig,
582 970 75 22 som
677 960 32 41 ej
730 963 38 30 är
788 961 113 32 bosatt
921 961 11 32 i
954 961 211 38 Stockholm,
1185 962 88 32 skall
1294 962 174 33 dessutom

297 1016 63 38 äga
388 1015 157 39 uppbära
573 1015 263 40 reseersättning
864 1016 55 31 för
947 1016 94 40 varje
1068 1026 85 27 resa,
1183 1027 74 22 som
1286 1017 70 31 han
1384 1017 85 32 efter

296 1067 140 32 kallelse
455 1068 51 31 till
524 1069 257 31 sammanträde
799 1069 168 40 företager
986 1070 78 31 från
1083 1070 53 31 sin
1156 1071 135 32 hemort
1309 1071 51 32 till
1380 1080 87 23 sam-

295 1122 295 31 manträdesorten
618 1122 65 31 och
711 1121 74 33 åter
810 1122 105 40 enligt
941 1123 43 31 de
1009 1123 159 39 grunder,
1195 1133 75 23 som
1298 1126 60 30 äro
1386 1124 81 32 eller

296 1175 105 31 varda
426 1174 180 32 bestämda
631 1175 55 32 för
712 1175 150 33 ledamot
888 1185 42 22 av
957 1176 193 41 riksdagen.

340 1228 189 41 Suppleant
549 1229 55 31 för
626 1229 207 41 fullmäktig,
854 1230 116 32 vilken
991 1231 147 32 inkallas
1160 1231 50 33 till
1231 1232 236 40 tjänstgöring,

295 1283 79 38 äger
398 1283 156 39 uppbära
579 1283 194 39 dagarvode
797 1284 65 31 och
887 1285 261 40 reseersättning
1171 1286 105 39 enligt
1299 1287 43 31 de
1366 1294 101 31 grun-

296 1335 69 37 der,
385 1345 75 22 som
478 1337 60 30 äro
558 1336 82 32 eller
658 1336 92 32 bliva
769 1337 179 32 bestämda
968 1338 55 32 för
1042 1339 151 32 ledamot
1212 1349 43 21 av
1274 1340 192 39 riksdagen.

338 1393 27 42 f)
395 1398 163 40 avlöning
575 1398 52 31 till
644 1398 172 32 ordinarie
835 1399 209 40 tjänstemän
1063 1400 57 32 vid
1139 1401 329 40 riksgäldskontoret

295 1452 66 32 och
386 1451 200 41 riksdagens
611 1453 66 32 hus
703 1453 105 40 enligt
833 1454 57 32 det
915 1463 43 22 av
984 1455 182 40 riksdagen
1192 1456 193 32 fastställda
1409 1465 57 22 av-

296 1505 356 41 löningsreglementet
669 1506 55 33 för
739 1507 340 41 befattningshavare
1094 1509 57 32 vid
1168 1509 201 41 riksdagens
1387 1512 81 31 verk

295 1561 79 31 med
390 1561 115 31 därtill
522 1562 154 31 hörande
693 1561 342 42 tjänsteförteckning
1051 1564 66 31 och
1135 1564 169 32 särskilda
1320 1565 145 32 bestäm-

295 1613 123 32 melser
434 1613 177 40 angående
627 1614 220 41 tillämpning
862 1625 43 22 av
923 1625 133 23 samma
1073 1618 215 39 reglemente,
1308 1618 157 40 förslags-

291 1675 119 40 ATISÅÄP!
433 1671 14 51 —
466 1671 51 51 occce
533 1699 6 6 6
555 1700 28 6 oe
593 1671 12 51 is
622 1700 5 6 0
653 1671 85 51 ölen
765 1671 38 51 RIE
841 1701 29 7 BS
886 1701 28 7 RR
937 1702 20 6 AE
965 1671 15 51 IA
997 1702 4 6 1
1018 1671 47 51 Räf
1080 1702 11 7 (6
1107 1671 25 51 AA
1144 1703 13 6 KR
1173 1703 28 7 TT
1218 1703 27 6 No
1281 1671 20 51 fr
1307 1671 26 51 bad
1342 1671 36 51 188
1394 1671 25 51 Be
1434 1705 10 6 a
1461 1705 6 6 a

337 1737 31 41 g)
399 1738 407 41 vikariatsersättningar,
828 1740 269 41 förslagsanslag
1124 1766 336 11 ................

336 1800 34 40 h)
402 1801 162 40 avlöning
588 1802 35 31 åt
647 1802 264 32 icke-ordinarie
934 1804 341 39 befattningshavare
1299 1805 58 31 vid
1380 1805 85 31 riks-

293 1854 257 40 gäldskontoret
572 1856 64 31 och
661 1856 200 40 riksdagens
883 1858 65 30 hus
971 1861 89 28 samt
1083 1858 187 40 ersättning
1294 1859 55 31 för
1372 1862 93 29 extra

289 1907 150 38 arbeten,
467 1908 265 42 förslagsanslag
775 1934 690 11 —.ssssosesssesesrrrsrrsrsr
1328 1903 53 52 rss
1393 1903 33 52 rr
1438 1903 30 52 ra

341 1970 22 41 i)
393 1971 182 40 pensioner
594 1972 35 31 åt
647 1972 24 31 f.
692 1973 32 30 d.
745 1973 209 39 tjänstemän
973 1974 58 31 vid
1049 1974 333 40 riksgäldskontoret
1400 1975 65 31 och

293 2025 200 40 riksdagens
511 2026 76 37 hus,
608 2027 265 40 förslagsanslag
899 2052 558 8 ..................sesesr.er>

335 2084 26 42 j)
390 2088 188 40 ersättning
604 2089 58 31 vid
689 2089 108 32 skada
825 2090 51 31 till
903 2090 86 40 följd
1015 2100 43 22 av
1086 2092 182 39 olycksfall
1296 2092 10 31 i
1335 2093 129 31 arbetet

292 2141 51 31 till
375 2142 202 39 personalen
609 2142 56 31 vid
697 2143 329 40 riksgäldskontoret
1058 2145 65 31 och
1156 2145 200 40 riksdagens
1388 2146 75 36 hus,

292 2194 104 41 enligt
421 2191 20 41 $
468 2196 40 30 74
533 2196 65 31 här
621 2197 115 30 nedan
768 2220 691 9 ..ssssssssessesseerrserrrrrr
1337 2187 35 54 rr
1384 2187 32 54 rr
1425 2187 38 54 er

335 2258 40 38 k)
393 2259 186 32 understöd
597 2259 35 32 åt
649 2261 204 31 stärbhusen
871 2261 85 32 efter
971 2262 140 31 avlidna
1128 2263 223 32 obemedlade
1367 2265 95 30 vakt-

294 2312 147 39 betjänte
471 2312 57 31 vid
558 2313 330 39 riksgäldskontoret
916 2315 86 31 efter
1031 2319 47 28 ett
1107 2316 125 39 belopp
1263 2325 61 30 per
1352 2316 38 31 år
1420 2325 43 22 av

337 2372 22 41 I)
389 2377 46 28 ett
451 2374 136 41 belopp,
606 2378 49 28 att
672 2375 86 31 efter
776 2376 233 40 fullmäktiges
1027 2377 171 40 prövning
1215 2378 179 31 användas
1413 2378 49 32 till

292 2428 187 31 understöd
504 2428 35 32 åt
563 2429 41 31 de
629 2429 11 31 i
665 2429 332 40 riksgäldskontoret
1022 2432 170 31 anställda
1219 2432 243 31 städerskorna

293 2481 57 32 vid
371 2482 172 39 sjukdom,
564 2493 43 22 av
627 2483 54 31 för
702 2483 39 32 år
761 2484 199 40 förslagsvis
988 2508 469 8 ......sss.sss-sses.c
1407 2477 52 52 ers

1504 341 50 29 kr.

1511 1693 15 15 »

1602 340 133 35 28,000:
1749 359 43 3 —

1624 456 111 36 2,000:
1749 474 41 5 —

1606 520 128 35 10,000:
1748 537 42 5 —

1624 583 109 34 3,000:
1748 601 42 5 —

1625 752 108 35 1,250:
1747 769 43 4 —

1575 1683 153 36 200,000:
1743 1700 42 5 —

1600 1747 130 34 10,000:
1743 1764 44 4 —

1649 2489 77 30 300:
1741 2506 41 3 —
