<?xml version="1.0" encoding="UTF-8"?>
<alto xmlns="http://www.loc.gov/standards/alto/ns-v3#" xmlns:xlink="http://www.w3.org/1999/xlink" xmlns:xsi="http://www.w3.org/2001/XMLSchema-instance" xsi:schemaLocation="http://www.loc.gov/standards/alto/ns-v3# http://www.loc.gov/alto/v3/alto-3-0.xsd">
	<Description>
		<MeasurementUnit>pixel</MeasurementUnit>
		<sourceImageInformation>
			<fileName>/tmp/tess_ty0bhz4h_input.PNG</fileName>
		</sourceImageInformation>
		<OCRProcessing ID="OCR_0">
			<ocrProcessingStep>
				<processingSoftware>
					<softwareName>tesseract 5.3.0</softwareName>
				</processingSoftware>
			</ocrProcessingStep>
		</OCRProcessing>
	</Description>
	<Layout>
		<Page WIDTH="1912" HEIGHT="2756" PHYSICAL_IMG_NR="0" ID="page_0">
			<PrintSpace HPOS="0" VPOS="0" WIDTH="1912" HEIGHT="2756">
				<ComposedBlock ID="cblock_0" HPOS="275" VPOS="152" WIDTH="1342" HEIGHT="40">
					<TextBlock ID="block_0" HPOS="275" VPOS="152" WIDTH="1342" HEIGHT="40">
						<TextLine ID="line_0" HPOS="275" VPOS="152" WIDTH="1342" HEIGHT="40">
							<String ID="string_0" HPOS="275" VPOS="153" WIDTH="20" HEIGHT="30" WC="0.96" CONTENT="8"/><SP WIDTH="238" VPOS="153" HPOS="295"/>
							<String ID="string_1" HPOS="533" VPOS="152" WIDTH="187" HEIGHT="31" WC="0.93" CONTENT="Allmänna"/><SP WIDTH="19" VPOS="152" HPOS="720"/>
							<String ID="string_2" HPOS="739" VPOS="153" WIDTH="398" HEIGHT="39" WC="0.90" CONTENT="beredningsutskottets"/><SP WIDTH="20" VPOS="153" HPOS="1137"/>
							<String ID="string_3" HPOS="1157" VPOS="154" WIDTH="179" HEIGHT="30" WC="0.96" CONTENT="utlåtande"/><SP WIDTH="19" VPOS="154" HPOS="1336"/>
							<String ID="string_4" HPOS="1355" VPOS="163" WIDTH="42" HEIGHT="20" WC="0.96" CONTENT="nr"/><SP WIDTH="18" VPOS="163" HPOS="1397"/>
							<String ID="string_5" HPOS="1415" VPOS="155" WIDTH="39" HEIGHT="29" WC="0.96" CONTENT="21"/><SP WIDTH="21" VPOS="155" HPOS="1454"/>
							<String ID="string_6" HPOS="1475" VPOS="154" WIDTH="38" HEIGHT="30" WC="0.96" CONTENT="år"/><SP WIDTH="20" VPOS="154" HPOS="1513"/>
							<String ID="string_7" HPOS="1533" VPOS="155" WIDTH="84" HEIGHT="29" WC="0.96" CONTENT="1962"/>
						</TextLine>
					</TextBlock>
				</ComposedBlock>
				<ComposedBlock ID="cblock_1" HPOS="964" VPOS="491" WIDTH="123" HEIGHT="35">
					<TextBlock ID="block_1" HPOS="964" VPOS="491" WIDTH="123" HEIGHT="35">
						<TextLine ID="line_1" HPOS="964" VPOS="491" WIDTH="123" HEIGHT="35">
							<String ID="string_8" HPOS="964" VPOS="491" WIDTH="52" HEIGHT="35" WC="0.95" CONTENT="Nr"/><SP WIDTH="25" VPOS="491" HPOS="1016"/>
							<String ID="string_9" HPOS="1041" VPOS="492" WIDTH="46" HEIGHT="34" WC="0.96" CONTENT="21"/>
						</TextLine>
					</TextBlock>
				</ComposedBlock>
				<ComposedBlock ID="cblock_2" HPOS="502" VPOS="589" WIDTH="1276" HEIGHT="141">
					<TextBlock ID="block_2" HPOS="502" VPOS="589" WIDTH="1276" HEIGHT="141">
						<TextLine ID="line_2" HPOS="502" VPOS="589" WIDTH="1276" HEIGHT="40">
							<String ID="string_10" HPOS="502" VPOS="589" WIDTH="184" HEIGHT="31" WC="0.95" CONTENT="Utlåtande"/><SP WIDTH="23" VPOS="589" HPOS="686"/>
							<String ID="string_11" HPOS="709" VPOS="589" WIDTH="11" HEIGHT="30" WC="0.96" CONTENT="i"/><SP WIDTH="20" VPOS="589" HPOS="720"/>
							<String ID="string_12" HPOS="740" VPOS="589" WIDTH="189" HEIGHT="40" WC="0.96" CONTENT="anledning"/><SP WIDTH="20" VPOS="589" HPOS="929"/>
							<String ID="string_13" HPOS="949" VPOS="598" WIDTH="43" HEIGHT="21" WC="0.95" CONTENT="av"/><SP WIDTH="22" VPOS="598" HPOS="992"/>
							<String ID="string_14" HPOS="1014" VPOS="590" WIDTH="101" HEIGHT="29" WC="0.96" CONTENT="väckt"/><SP WIDTH="20" VPOS="590" HPOS="1115"/>
							<String ID="string_15" HPOS="1135" VPOS="589" WIDTH="133" HEIGHT="30" WC="0.96" CONTENT="motion"/><SP WIDTH="22" VPOS="589" HPOS="1268"/>
							<String ID="string_16" HPOS="1290" VPOS="599" WIDTH="55" HEIGHT="20" WC="0.96" CONTENT="om"/><SP WIDTH="24" VPOS="599" HPOS="1345"/>
							<String ID="string_17" HPOS="1369" VPOS="589" WIDTH="187" HEIGHT="40" WC="0.95" CONTENT="utredning"/><SP WIDTH="21" VPOS="589" HPOS="1556"/>
							<String ID="string_18" HPOS="1577" VPOS="599" WIDTH="42" HEIGHT="20" WC="0.93" CONTENT="av"/><SP WIDTH="21" VPOS="599" HPOS="1619"/>
							<String ID="string_19" HPOS="1640" VPOS="590" WIDTH="138" HEIGHT="39" WC="0.92" CONTENT="möjlig-"/>
						</TextLine>
						<TextLine ID="line_3" HPOS="721" VPOS="639" WIDTH="1057" HEIGHT="41">
							<String ID="string_20" HPOS="721" VPOS="640" WIDTH="144" HEIGHT="30" WC="0.96" CONTENT="heterna"/><SP WIDTH="27" VPOS="640" HPOS="865"/>
							<String ID="string_21" HPOS="892" VPOS="642" WIDTH="52" HEIGHT="27" WC="0.96" CONTENT="att"/><SP WIDTH="28" VPOS="642" HPOS="944"/>
							<String ID="string_22" HPOS="972" VPOS="640" WIDTH="125" HEIGHT="30" WC="0.95" CONTENT="bereda"/><SP WIDTH="26" VPOS="640" HPOS="1097"/>
							<String ID="string_23" HPOS="1123" VPOS="640" WIDTH="154" HEIGHT="39" WC="0.95" CONTENT="partiellt"/><SP WIDTH="26" VPOS="640" HPOS="1277"/>
							<String ID="string_24" HPOS="1303" VPOS="640" WIDTH="195" HEIGHT="40" WC="0.96" CONTENT="arbetsföra"/><SP WIDTH="28" VPOS="640" HPOS="1498"/>
							<String ID="string_25" HPOS="1526" VPOS="639" WIDTH="214" HEIGHT="40" WC="0.96" CONTENT="anställning"/><SP WIDTH="27" VPOS="639" HPOS="1740"/>
							<String ID="string_26" HPOS="1767" VPOS="641" WIDTH="11" HEIGHT="28" WC="0.96" CONTENT="i"/>
						</TextLine>
						<TextLine ID="line_4" HPOS="722" VPOS="690" WIDTH="792" HEIGHT="40">
							<String ID="string_27" HPOS="722" VPOS="690" WIDTH="118" HEIGHT="40" WC="0.96" CONTENT="statlig"/><SP WIDTH="23" VPOS="690" HPOS="840"/>
							<String ID="string_28" HPOS="863" VPOS="691" WIDTH="65" HEIGHT="29" WC="0.93" CONTENT="och"/><SP WIDTH="23" VPOS="691" HPOS="928"/>
							<String ID="string_29" HPOS="951" VPOS="690" WIDTH="308" HEIGHT="30" WC="0.92" CONTENT="statsunderstödd"/><SP WIDTH="24" VPOS="690" HPOS="1259"/>
							<String ID="string_30" HPOS="1283" VPOS="690" WIDTH="231" HEIGHT="30" WC="0.96" CONTENT="verksamhet."/>
						</TextLine>
					</TextBlock>
				</ComposedBlock>
				<ComposedBlock ID="cblock_3" HPOS="272" VPOS="790" WIDTH="1505" HEIGHT="1708">
					<TextBlock ID="block_3" HPOS="278" VPOS="790" WIDTH="1498" HEIGHT="293">
						<TextLine ID="line_5" HPOS="323" VPOS="790" WIDTH="1453" HEIGHT="41">
							<String ID="string_31" HPOS="323" VPOS="791" WIDTH="14" HEIGHT="29" WC="0.96" CONTENT="I"/><SP WIDTH="21" VPOS="791" HPOS="337"/>
							<String ID="string_32" HPOS="358" VPOS="800" WIDTH="44" HEIGHT="21" WC="0.95" CONTENT="en"/><SP WIDTH="21" VPOS="800" HPOS="402"/>
							<String ID="string_33" HPOS="423" VPOS="791" WIDTH="97" HEIGHT="30" WC="0.95" CONTENT="inom"/><SP WIDTH="24" VPOS="791" HPOS="520"/>
							<String ID="string_34" HPOS="544" VPOS="790" WIDTH="109" HEIGHT="31" WC="0.96" CONTENT="andra"/><SP WIDTH="21" VPOS="790" HPOS="653"/>
							<String ID="string_35" HPOS="674" VPOS="791" WIDTH="206" HEIGHT="30" WC="0.96" CONTENT="kammaren"/><SP WIDTH="22" VPOS="791" HPOS="880"/>
							<String ID="string_36" HPOS="902" VPOS="791" WIDTH="104" HEIGHT="30" WC="0.96" CONTENT="väckt"/><SP WIDTH="23" VPOS="791" HPOS="1006"/>
							<String ID="string_37" HPOS="1029" VPOS="791" WIDTH="65" HEIGHT="30" WC="0.96" CONTENT="och"/><SP WIDTH="21" VPOS="791" HPOS="1094"/>
							<String ID="string_38" HPOS="1115" VPOS="792" WIDTH="52" HEIGHT="30" WC="0.96" CONTENT="till"/><SP WIDTH="24" VPOS="792" HPOS="1167"/>
							<String ID="string_39" HPOS="1191" VPOS="792" WIDTH="181" HEIGHT="29" WC="0.92" CONTENT="allmänna"/><SP WIDTH="21" VPOS="792" HPOS="1372"/>
							<String ID="string_40" HPOS="1393" VPOS="791" WIDTH="383" HEIGHT="40" WC="0.92" CONTENT="beredningsutskottet"/>
						</TextLine>
						<TextLine ID="line_6" HPOS="278" VPOS="841" WIDTH="1498" HEIGHT="36">
							<String ID="string_41" HPOS="278" VPOS="841" WIDTH="171" HEIGHT="31" WC="0.95" CONTENT="hänvisad"/><SP WIDTH="22" VPOS="841" HPOS="449"/>
							<String ID="string_42" HPOS="471" VPOS="842" WIDTH="136" HEIGHT="29" WC="0.95" CONTENT="motion"/><SP WIDTH="21" VPOS="842" HPOS="607"/>
							<String ID="string_43" HPOS="628" VPOS="842" WIDTH="45" HEIGHT="29" WC="0.91" CONTENT="II:"/><SP WIDTH="16" VPOS="842" HPOS="673"/>
							<String ID="string_44" HPOS="689" VPOS="842" WIDTH="62" HEIGHT="30" WC="0.95" CONTENT="295"/><SP WIDTH="24" VPOS="842" HPOS="751"/>
							<String ID="string_45" HPOS="775" VPOS="851" WIDTH="41" HEIGHT="21" WC="0.96" CONTENT="av"/><SP WIDTH="21" VPOS="851" HPOS="816"/>
							<String ID="string_46" HPOS="837" VPOS="841" WIDTH="123" HEIGHT="30" WC="0.96" CONTENT="herrar"/><SP WIDTH="20" VPOS="841" HPOS="960"/>
							<String ID="string_47" HPOS="980" VPOS="842" WIDTH="173" HEIGHT="29" WC="0.96" CONTENT="Mattsson"/><SP WIDTH="23" VPOS="842" HPOS="1153"/>
							<String ID="string_48" HPOS="1176" VPOS="842" WIDTH="66" HEIGHT="29" WC="0.96" CONTENT="och"/><SP WIDTH="21" VPOS="842" HPOS="1242"/>
							<String ID="string_49" HPOS="1263" VPOS="842" WIDTH="202" HEIGHT="30" WC="0.91" CONTENT="Antonsson"/><SP WIDTH="23" VPOS="842" HPOS="1465"/>
							<String ID="string_50" HPOS="1488" VPOS="842" WIDTH="213" HEIGHT="35" WC="0.91" CONTENT="hemställes,"/><SP WIDTH="25" VPOS="842" HPOS="1701"/>
							<String ID="string_51" HPOS="1726" VPOS="843" WIDTH="50" HEIGHT="29" WC="0.96" CONTENT="att"/>
						</TextLine>
						<TextLine ID="line_7" HPOS="278" VPOS="891" WIDTH="1498" HEIGHT="41">
							<String ID="string_52" HPOS="278" VPOS="891" WIDTH="187" HEIGHT="40" WC="0.96" CONTENT="riksdagen"/><SP WIDTH="25" VPOS="891" HPOS="465"/>
							<String ID="string_53" HPOS="490" VPOS="892" WIDTH="11" HEIGHT="29" WC="0.96" CONTENT="i"/><SP WIDTH="26" VPOS="892" HPOS="501"/>
							<String ID="string_54" HPOS="527" VPOS="892" WIDTH="165" HEIGHT="30" WC="0.96" CONTENT="skrivelse"/><SP WIDTH="24" VPOS="892" HPOS="692"/>
							<String ID="string_55" HPOS="716" VPOS="892" WIDTH="53" HEIGHT="30" WC="0.95" CONTENT="till"/><SP WIDTH="25" VPOS="892" HPOS="769"/>
							<String ID="string_56" HPOS="794" VPOS="892" WIDTH="126" HEIGHT="40" WC="0.94" CONTENT="Kungl."/><SP WIDTH="26" VPOS="892" HPOS="920"/>
							<String ID="string_57" HPOS="946" VPOS="892" WIDTH="106" HEIGHT="40" WC="0.96" CONTENT="Maj:t"/><SP WIDTH="25" VPOS="892" HPOS="1052"/>
							<String ID="string_58" HPOS="1077" VPOS="892" WIDTH="107" HEIGHT="31" WC="0.96" CONTENT="måtte"/><SP WIDTH="26" VPOS="892" HPOS="1184"/>
							<String ID="string_59" HPOS="1210" VPOS="892" WIDTH="142" HEIGHT="30" WC="0.96" CONTENT="anhålla"/><SP WIDTH="24" VPOS="892" HPOS="1352"/>
							<String ID="string_60" HPOS="1376" VPOS="901" WIDTH="56" HEIGHT="21" WC="0.93" CONTENT="om"/><SP WIDTH="25" VPOS="901" HPOS="1432"/>
							<String ID="string_61" HPOS="1457" VPOS="893" WIDTH="194" HEIGHT="39" WC="0.91" CONTENT="skyndsam"/><SP WIDTH="25" VPOS="893" HPOS="1651"/>
							<String ID="string_62" HPOS="1676" VPOS="893" WIDTH="100" HEIGHT="38" WC="0.92" CONTENT="pröv-"/>
						</TextLine>
						<TextLine ID="line_8" HPOS="279" VPOS="942" WIDTH="1497" HEIGHT="41">
							<String ID="string_63" HPOS="279" VPOS="942" WIDTH="84" HEIGHT="40" WC="0.96" CONTENT="ning"/><SP WIDTH="25" VPOS="942" HPOS="363"/>
							<String ID="string_64" HPOS="388" VPOS="951" WIDTH="42" HEIGHT="21" WC="0.96" CONTENT="av"/><SP WIDTH="23" VPOS="951" HPOS="430"/>
							<String ID="string_65" HPOS="453" VPOS="942" WIDTH="271" HEIGHT="40" WC="0.96" CONTENT="möjligheterna"/><SP WIDTH="25" VPOS="942" HPOS="724"/>
							<String ID="string_66" HPOS="749" VPOS="945" WIDTH="50" HEIGHT="27" WC="0.95" CONTENT="att"/><SP WIDTH="24" VPOS="945" HPOS="799"/>
							<String ID="string_67" HPOS="823" VPOS="943" WIDTH="12" HEIGHT="30" WC="0.95" CONTENT="i"/><SP WIDTH="25" VPOS="943" HPOS="835"/>
							<String ID="string_68" HPOS="860" VPOS="942" WIDTH="92" HEIGHT="30" WC="0.96" CONTENT="ökad"/><SP WIDTH="25" VPOS="942" HPOS="952"/>
							<String ID="string_69" HPOS="977" VPOS="943" WIDTH="245" HEIGHT="40" WC="0.96" CONTENT="utsträckning"/><SP WIDTH="25" VPOS="943" HPOS="1222"/>
							<String ID="string_70" HPOS="1247" VPOS="943" WIDTH="128" HEIGHT="30" WC="0.95" CONTENT="bereda"/><SP WIDTH="24" VPOS="943" HPOS="1375"/>
							<String ID="string_71" HPOS="1399" VPOS="943" WIDTH="155" HEIGHT="39" WC="0.95" CONTENT="partiellt"/><SP WIDTH="27" VPOS="943" HPOS="1554"/>
							<String ID="string_72" HPOS="1581" VPOS="943" WIDTH="195" HEIGHT="30" WC="0.96" CONTENT="arbetsföra"/>
						</TextLine>
						<TextLine ID="line_9" HPOS="278" VPOS="993" WIDTH="1498" HEIGHT="40">
							<String ID="string_73" HPOS="278" VPOS="993" WIDTH="214" HEIGHT="39" WC="0.96" CONTENT="anställning"/><SP WIDTH="22" VPOS="993" HPOS="492"/>
							<String ID="string_74" HPOS="514" VPOS="994" WIDTH="11" HEIGHT="29" WC="0.96" CONTENT="i"/><SP WIDTH="22" VPOS="994" HPOS="525"/>
							<String ID="string_75" HPOS="547" VPOS="993" WIDTH="117" HEIGHT="40" WC="0.96" CONTENT="statlig"/><SP WIDTH="21" VPOS="993" HPOS="664"/>
							<String ID="string_76" HPOS="685" VPOS="993" WIDTH="65" HEIGHT="30" WC="0.93" CONTENT="och"/><SP WIDTH="22" VPOS="993" HPOS="750"/>
							<String ID="string_77" HPOS="772" VPOS="993" WIDTH="308" HEIGHT="31" WC="0.91" CONTENT="statsunderstödd"/><SP WIDTH="20" VPOS="993" HPOS="1080"/>
							<String ID="string_78" HPOS="1100" VPOS="993" WIDTH="223" HEIGHT="32" WC="0.96" CONTENT="verksamhet"/><SP WIDTH="21" VPOS="993" HPOS="1323"/>
							<String ID="string_79" HPOS="1344" VPOS="994" WIDTH="11" HEIGHT="29" WC="0.96" CONTENT="i"/><SP WIDTH="22" VPOS="994" HPOS="1355"/>
							<String ID="string_80" HPOS="1377" VPOS="993" WIDTH="153" HEIGHT="40" WC="0.96" CONTENT="enlighet"/><SP WIDTH="22" VPOS="993" HPOS="1530"/>
							<String ID="string_81" HPOS="1552" VPOS="993" WIDTH="79" HEIGHT="30" WC="0.93" CONTENT="med"/><SP WIDTH="21" VPOS="993" HPOS="1631"/>
							<String ID="string_82" HPOS="1652" VPOS="994" WIDTH="124" HEIGHT="29" WC="0.92" CONTENT="motio-"/>
						</TextLine>
						<TextLine ID="line_10" HPOS="278" VPOS="1043" WIDTH="205" HEIGHT="40">
							<String ID="string_83" HPOS="278" VPOS="1052" WIDTH="87" HEIGHT="21" WC="0.96" CONTENT="nens"/><SP WIDTH="17" VPOS="1052" HPOS="365"/>
							<String ID="string_84" HPOS="382" VPOS="1043" WIDTH="101" HEIGHT="40" WC="0.96" CONTENT="syfte."/>
						</TextLine>
					</TextBlock>
					<TextBlock ID="block_4" HPOS="275" VPOS="1093" WIDTH="1502" HEIGHT="748">
						<TextLine ID="line_11" HPOS="324" VPOS="1093" WIDTH="1452" HEIGHT="41">
							<String ID="string_85" HPOS="324" VPOS="1094" WIDTH="13" HEIGHT="29" WC="0.96" CONTENT="I"/><SP WIDTH="26" VPOS="1094" HPOS="337"/>
							<String ID="string_86" HPOS="363" VPOS="1093" WIDTH="180" HEIGHT="30" WC="0.93" CONTENT="motionen"/><SP WIDTH="25" VPOS="1093" HPOS="543"/>
							<String ID="string_87" HPOS="568" VPOS="1093" WIDTH="214" HEIGHT="36" WC="0.91" CONTENT="framhålles,"/><SP WIDTH="27" VPOS="1093" HPOS="782"/>
							<String ID="string_88" HPOS="809" VPOS="1096" WIDTH="50" HEIGHT="28" WC="0.96" CONTENT="att"/><SP WIDTH="26" VPOS="1096" HPOS="859"/>
							<String ID="string_89" HPOS="885" VPOS="1094" WIDTH="57" HEIGHT="30" WC="0.96" CONTENT="det"/><SP WIDTH="26" VPOS="1094" HPOS="942"/>
							<String ID="string_90" HPOS="968" VPOS="1095" WIDTH="38" HEIGHT="29" WC="0.96" CONTENT="är"/><SP WIDTH="26" VPOS="1095" HPOS="1006"/>
							<String ID="string_91" HPOS="1032" VPOS="1104" WIDTH="42" HEIGHT="20" WC="0.96" CONTENT="av"/><SP WIDTH="26" VPOS="1104" HPOS="1074"/>
							<String ID="string_92" HPOS="1100" VPOS="1095" WIDTH="177" HEIGHT="39" WC="0.96" CONTENT="synnerlig"/><SP WIDTH="23" VPOS="1095" HPOS="1277"/>
							<String ID="string_93" HPOS="1300" VPOS="1095" WIDTH="76" HEIGHT="29" WC="0.96" CONTENT="vikt"/><SP WIDTH="25" VPOS="1095" HPOS="1376"/>
							<String ID="string_94" HPOS="1401" VPOS="1097" WIDTH="50" HEIGHT="28" WC="0.96" CONTENT="att"/><SP WIDTH="27" VPOS="1097" HPOS="1451"/>
							<String ID="string_95" HPOS="1478" VPOS="1095" WIDTH="41" HEIGHT="29" WC="0.96" CONTENT="de"/><SP WIDTH="25" VPOS="1095" HPOS="1519"/>
							<String ID="string_96" HPOS="1544" VPOS="1094" WIDTH="153" HEIGHT="40" WC="0.93" CONTENT="partiellt"/><SP WIDTH="26" VPOS="1094" HPOS="1697"/>
							<String ID="string_97" HPOS="1723" VPOS="1103" WIDTH="53" HEIGHT="21" WC="0.92" CONTENT="ar-"/>
						</TextLine>
						<TextLine ID="line_12" HPOS="278" VPOS="1143" WIDTH="1498" HEIGHT="41">
							<String ID="string_98" HPOS="278" VPOS="1143" WIDTH="156" HEIGHT="31" WC="0.92" CONTENT="betsföra"/><SP WIDTH="19" VPOS="1143" HPOS="434"/>
							<String ID="string_99" HPOS="453" VPOS="1146" WIDTH="12" HEIGHT="29" WC="0.96" CONTENT="i"/><SP WIDTH="20" VPOS="1146" HPOS="465"/>
							<String ID="string_100" HPOS="485" VPOS="1144" WIDTH="199" HEIGHT="40" WC="0.96" CONTENT="möjligaste"/><SP WIDTH="21" VPOS="1144" HPOS="684"/>
							<String ID="string_101" HPOS="705" VPOS="1144" WIDTH="83" HEIGHT="30" WC="0.96" CONTENT="mån"/><SP WIDTH="21" VPOS="1144" HPOS="788"/>
							<String ID="string_102" HPOS="809" VPOS="1144" WIDTH="185" HEIGHT="31" WC="0.96" CONTENT="inlemmas"/><SP WIDTH="23" VPOS="1144" HPOS="994"/>
							<String ID="string_103" HPOS="1017" VPOS="1147" WIDTH="11" HEIGHT="29" WC="0.96" CONTENT="i"/><SP WIDTH="23" VPOS="1147" HPOS="1028"/>
							<String ID="string_104" HPOS="1051" VPOS="1145" WIDTH="208" HEIGHT="30" WC="0.96" CONTENT="arbetslivet."/><SP WIDTH="23" VPOS="1145" HPOS="1259"/>
							<String ID="string_105" HPOS="1282" VPOS="1145" WIDTH="93" HEIGHT="30" WC="0.93" CONTENT="Från"/><SP WIDTH="22" VPOS="1145" HPOS="1375"/>
							<String ID="string_106" HPOS="1397" VPOS="1145" WIDTH="379" HEIGHT="30" WC="0.91" CONTENT="samhällsekonomisk"/>
						</TextLine>
						<TextLine ID="line_13" HPOS="279" VPOS="1194" WIDTH="1495" HEIGHT="41">
							<String ID="string_107" HPOS="279" VPOS="1194" WIDTH="179" HEIGHT="40" WC="0.96" CONTENT="synpunkt"/><SP WIDTH="25" VPOS="1194" HPOS="458"/>
							<String ID="string_108" HPOS="483" VPOS="1195" WIDTH="39" HEIGHT="29" WC="0.96" CONTENT="är"/><SP WIDTH="25" VPOS="1195" HPOS="522"/>
							<String ID="string_109" HPOS="547" VPOS="1195" WIDTH="56" HEIGHT="30" WC="0.96" CONTENT="det"/><SP WIDTH="23" VPOS="1195" HPOS="603"/>
							<String ID="string_110" HPOS="626" VPOS="1194" WIDTH="259" HEIGHT="41" WC="0.96" CONTENT="betydelsefullt"/><SP WIDTH="24" VPOS="1194" HPOS="885"/>
							<String ID="string_111" HPOS="909" VPOS="1198" WIDTH="50" HEIGHT="27" WC="0.96" CONTENT="att"/><SP WIDTH="25" VPOS="1198" HPOS="959"/>
							<String ID="string_112" HPOS="984" VPOS="1196" WIDTH="103" HEIGHT="30" WC="0.96" CONTENT="deras"/><SP WIDTH="23" VPOS="1196" HPOS="1087"/>
							<String ID="string_113" HPOS="1110" VPOS="1195" WIDTH="212" HEIGHT="40" WC="0.96" CONTENT="produktiva"/><SP WIDTH="24" VPOS="1195" HPOS="1322"/>
							<String ID="string_114" HPOS="1346" VPOS="1195" WIDTH="159" HEIGHT="40" WC="0.93" CONTENT="förmåga"/><SP WIDTH="23" VPOS="1195" HPOS="1505"/>
							<String ID="string_115" HPOS="1528" VPOS="1195" WIDTH="246" HEIGHT="40" WC="0.90" CONTENT="tillvaratages."/>
						</TextLine>
						<TextLine ID="line_14" HPOS="279" VPOS="1245" WIDTH="1497" HEIGHT="40">
							<String ID="string_116" HPOS="279" VPOS="1245" WIDTH="119" HEIGHT="30" WC="0.96" CONTENT="Staten"/><SP WIDTH="21" VPOS="1245" HPOS="398"/>
							<String ID="string_117" HPOS="419" VPOS="1254" WIDTH="75" HEIGHT="21" WC="0.96" CONTENT="som"/><SP WIDTH="22" VPOS="1254" HPOS="494"/>
							<String ID="string_118" HPOS="516" VPOS="1245" WIDTH="233" HEIGHT="40" WC="0.96" CONTENT="arbetsgivare"/><SP WIDTH="20" VPOS="1245" HPOS="749"/>
							<String ID="string_119" HPOS="769" VPOS="1245" WIDTH="65" HEIGHT="30" WC="0.96" CONTENT="har"/><SP WIDTH="19" VPOS="1245" HPOS="834"/>
							<String ID="string_120" HPOS="853" VPOS="1245" WIDTH="124" HEIGHT="31" WC="0.96" CONTENT="därvid"/><SP WIDTH="20" VPOS="1245" HPOS="977"/>
							<String ID="string_121" HPOS="997" VPOS="1248" WIDTH="48" HEIGHT="28" WC="0.96" CONTENT="ett"/><SP WIDTH="22" VPOS="1248" HPOS="1045"/>
							<String ID="string_122" HPOS="1067" VPOS="1246" WIDTH="141" HEIGHT="30" WC="0.96" CONTENT="särskilt"/><SP WIDTH="21" VPOS="1246" HPOS="1208"/>
							<String ID="string_123" HPOS="1229" VPOS="1255" WIDTH="138" HEIGHT="21" WC="0.93" CONTENT="ansvar."/><SP WIDTH="20" VPOS="1255" HPOS="1367"/>
							<String ID="string_124" HPOS="1387" VPOS="1245" WIDTH="179" HEIGHT="40" WC="0.90" CONTENT="Åtskilligt"/><SP WIDTH="19" VPOS="1245" HPOS="1566"/>
							<String ID="string_125" HPOS="1585" VPOS="1246" WIDTH="65" HEIGHT="29" WC="0.96" CONTENT="har"/><SP WIDTH="20" VPOS="1246" HPOS="1650"/>
							<String ID="string_126" HPOS="1670" VPOS="1245" WIDTH="106" HEIGHT="31" WC="0.96" CONTENT="också"/>
						</TextLine>
						<TextLine ID="line_15" HPOS="278" VPOS="1295" WIDTH="1497" HEIGHT="41">
							<String ID="string_127" HPOS="278" VPOS="1295" WIDTH="81" HEIGHT="30" WC="0.96" CONTENT="från"/><SP WIDTH="21" VPOS="1295" HPOS="359"/>
							<String ID="string_128" HPOS="380" VPOS="1296" WIDTH="133" HEIGHT="30" WC="0.96" CONTENT="statens"/><SP WIDTH="22" VPOS="1296" HPOS="513"/>
							<String ID="string_129" HPOS="535" VPOS="1295" WIDTH="77" HEIGHT="31" WC="0.96" CONTENT="sida"/><SP WIDTH="20" VPOS="1295" HPOS="612"/>
							<String ID="string_130" HPOS="632" VPOS="1296" WIDTH="110" HEIGHT="39" WC="0.96" CONTENT="gjorts"/><SP WIDTH="21" VPOS="1296" HPOS="742"/>
							<String ID="string_131" HPOS="763" VPOS="1296" WIDTH="56" HEIGHT="30" WC="0.96" CONTENT="för"/><SP WIDTH="20" VPOS="1296" HPOS="819"/>
							<String ID="string_132" HPOS="839" VPOS="1298" WIDTH="50" HEIGHT="28" WC="0.96" CONTENT="att"/><SP WIDTH="21" VPOS="1298" HPOS="889"/>
							<String ID="string_133" HPOS="910" VPOS="1296" WIDTH="202" HEIGHT="30" WC="0.96" CONTENT="underlätta"/><SP WIDTH="21" VPOS="1296" HPOS="1112"/>
							<String ID="string_134" HPOS="1133" VPOS="1306" WIDTH="44" HEIGHT="20" WC="0.96" CONTENT="en"/><SP WIDTH="20" VPOS="1306" HPOS="1177"/>
							<String ID="string_135" HPOS="1197" VPOS="1296" WIDTH="190" HEIGHT="40" WC="0.96" CONTENT="produktiv"/><SP WIDTH="20" VPOS="1296" HPOS="1387"/>
							<String ID="string_136" HPOS="1407" VPOS="1296" WIDTH="113" HEIGHT="30" WC="0.96" CONTENT="insats"/><SP WIDTH="23" VPOS="1296" HPOS="1520"/>
							<String ID="string_137" HPOS="1543" VPOS="1306" WIDTH="42" HEIGHT="20" WC="0.96" CONTENT="av"/><SP WIDTH="21" VPOS="1306" HPOS="1585"/>
							<String ID="string_138" HPOS="1606" VPOS="1296" WIDTH="43" HEIGHT="30" WC="0.93" CONTENT="de"/><SP WIDTH="21" VPOS="1296" HPOS="1649"/>
							<String ID="string_139" HPOS="1670" VPOS="1296" WIDTH="105" HEIGHT="40" WC="0.92" CONTENT="parti-"/>
						</TextLine>
						<TextLine ID="line_16" HPOS="277" VPOS="1345" WIDTH="1498" HEIGHT="41">
							<String ID="string_140" HPOS="277" VPOS="1345" WIDTH="60" HEIGHT="30" WC="0.92" CONTENT="ellt"/><SP WIDTH="23" VPOS="1345" HPOS="337"/>
							<String ID="string_141" HPOS="360" VPOS="1345" WIDTH="205" HEIGHT="31" WC="0.96" CONTENT="arbetsföra."/><SP WIDTH="23" VPOS="1345" HPOS="565"/>
							<String ID="string_142" HPOS="588" VPOS="1345" WIDTH="214" HEIGHT="40" WC="0.94" CONTENT="Åtgärderna"/><SP WIDTH="22" VPOS="1345" HPOS="802"/>
							<String ID="string_143" HPOS="824" VPOS="1346" WIDTH="98" HEIGHT="31" WC="0.96" CONTENT="torde"/><SP WIDTH="22" VPOS="1346" HPOS="922"/>
							<String ID="string_144" HPOS="944" VPOS="1347" WIDTH="194" HEIGHT="30" WC="0.96" CONTENT="emellertid"/><SP WIDTH="21" VPOS="1347" HPOS="1138"/>
							<String ID="string_145" HPOS="1159" VPOS="1347" WIDTH="128" HEIGHT="30" WC="0.96" CONTENT="främst"/><SP WIDTH="21" VPOS="1347" HPOS="1287"/>
							<String ID="string_146" HPOS="1308" VPOS="1347" WIDTH="47" HEIGHT="30" WC="0.96" CONTENT="ha"/><SP WIDTH="20" VPOS="1347" HPOS="1355"/>
							<String ID="string_147" HPOS="1375" VPOS="1347" WIDTH="166" HEIGHT="30" WC="0.96" CONTENT="inriktats"/><SP WIDTH="23" VPOS="1347" HPOS="1541"/>
							<String ID="string_148" HPOS="1564" VPOS="1347" WIDTH="45" HEIGHT="39" WC="0.96" CONTENT="på"/><SP WIDTH="22" VPOS="1347" HPOS="1609"/>
							<String ID="string_149" HPOS="1631" VPOS="1349" WIDTH="49" HEIGHT="29" WC="0.93" CONTENT="att"/><SP WIDTH="23" VPOS="1349" HPOS="1680"/>
							<String ID="string_150" HPOS="1703" VPOS="1356" WIDTH="72" HEIGHT="21" WC="0.91" CONTENT="om-"/>
						</TextLine>
						<TextLine ID="line_17" HPOS="276" VPOS="1396" WIDTH="1499" HEIGHT="41">
							<String ID="string_151" HPOS="276" VPOS="1396" WIDTH="139" HEIGHT="39" WC="0.96" CONTENT="placera"/><SP WIDTH="18" VPOS="1396" HPOS="415"/>
							<String ID="string_152" HPOS="433" VPOS="1405" WIDTH="178" HEIGHT="31" WC="0.96" CONTENT="personer,"/><SP WIDTH="21" VPOS="1405" HPOS="611"/>
							<String ID="string_153" HPOS="632" VPOS="1406" WIDTH="74" HEIGHT="20" WC="0.96" CONTENT="som"/><SP WIDTH="20" VPOS="1406" HPOS="706"/>
							<String ID="string_154" HPOS="726" VPOS="1397" WIDTH="112" HEIGHT="30" WC="0.96" CONTENT="under"/><SP WIDTH="20" VPOS="1397" HPOS="838"/>
							<String ID="string_155" HPOS="858" VPOS="1397" WIDTH="54" HEIGHT="30" WC="0.96" CONTENT="sin"/><SP WIDTH="21" VPOS="1397" HPOS="912"/>
							<String ID="string_156" HPOS="933" VPOS="1397" WIDTH="214" HEIGHT="40" WC="0.96" CONTENT="anställning"/><SP WIDTH="20" VPOS="1397" HPOS="1147"/>
							<String ID="string_157" HPOS="1167" VPOS="1397" WIDTH="64" HEIGHT="30" WC="0.96" CONTENT="hos"/><SP WIDTH="22" VPOS="1397" HPOS="1231"/>
							<String ID="string_158" HPOS="1253" VPOS="1400" WIDTH="115" HEIGHT="28" WC="0.96" CONTENT="staten"/><SP WIDTH="19" VPOS="1400" HPOS="1368"/>
							<String ID="string_159" HPOS="1387" VPOS="1397" WIDTH="102" HEIGHT="31" WC="0.96" CONTENT="råkat"/><SP WIDTH="21" VPOS="1397" HPOS="1489"/>
							<String ID="string_160" HPOS="1510" VPOS="1400" WIDTH="38" HEIGHT="27" WC="0.96" CONTENT="ut"/><SP WIDTH="22" VPOS="1400" HPOS="1548"/>
							<String ID="string_161" HPOS="1570" VPOS="1397" WIDTH="55" HEIGHT="30" WC="0.93" CONTENT="för"/><SP WIDTH="21" VPOS="1397" HPOS="1625"/>
							<String ID="string_162" HPOS="1646" VPOS="1397" WIDTH="129" HEIGHT="30" WC="0.92" CONTENT="arbets-"/>
						</TextLine>
						<TextLine ID="line_18" HPOS="275" VPOS="1445" WIDTH="1502" HEIGHT="42">
							<String ID="string_163" HPOS="275" VPOS="1445" WIDTH="125" HEIGHT="30" WC="0.96" CONTENT="hinder"/><SP WIDTH="21" VPOS="1445" HPOS="400"/>
							<String ID="string_164" HPOS="421" VPOS="1455" WIDTH="41" HEIGHT="21" WC="0.96" CONTENT="av"/><SP WIDTH="20" VPOS="1455" HPOS="462"/>
							<String ID="string_165" HPOS="482" VPOS="1446" WIDTH="95" HEIGHT="30" WC="0.96" CONTENT="olika"/><SP WIDTH="21" VPOS="1446" HPOS="577"/>
							<String ID="string_166" HPOS="598" VPOS="1446" WIDTH="81" HEIGHT="39" WC="0.96" CONTENT="slag,"/><SP WIDTH="21" VPOS="1446" HPOS="679"/>
							<String ID="string_167" HPOS="700" VPOS="1456" WIDTH="81" HEIGHT="20" WC="0.96" CONTENT="men"/><SP WIDTH="20" VPOS="1456" HPOS="781"/>
							<String ID="string_168" HPOS="801" VPOS="1447" WIDTH="57" HEIGHT="29" WC="0.96" CONTENT="det"/><SP WIDTH="20" VPOS="1447" HPOS="858"/>
							<String ID="string_169" HPOS="878" VPOS="1446" WIDTH="96" HEIGHT="31" WC="0.96" CONTENT="finns"/><SP WIDTH="21" VPOS="1446" HPOS="974"/>
							<String ID="string_170" HPOS="995" VPOS="1447" WIDTH="128" HEIGHT="39" WC="0.96" CONTENT="många"/><SP WIDTH="20" VPOS="1447" HPOS="1123"/>
							<String ID="string_171" HPOS="1143" VPOS="1448" WIDTH="110" HEIGHT="29" WC="0.96" CONTENT="andra"/><SP WIDTH="21" VPOS="1448" HPOS="1253"/>
							<String ID="string_172" HPOS="1274" VPOS="1448" WIDTH="153" HEIGHT="39" WC="0.95" CONTENT="partiellt"/><SP WIDTH="21" VPOS="1448" HPOS="1427"/>
							<String ID="string_173" HPOS="1448" VPOS="1448" WIDTH="196" HEIGHT="30" WC="0.96" CONTENT="arbetsföra"/><SP WIDTH="20" VPOS="1448" HPOS="1644"/>
							<String ID="string_174" HPOS="1664" VPOS="1448" WIDTH="113" HEIGHT="30" WC="0.96" CONTENT="vilkas"/>
						</TextLine>
						<TextLine ID="line_19" HPOS="277" VPOS="1496" WIDTH="1498" HEIGHT="42">
							<String ID="string_175" HPOS="277" VPOS="1496" WIDTH="213" HEIGHT="31" WC="0.96" CONTENT="arbetskraft"/><SP WIDTH="25" VPOS="1496" HPOS="490"/>
							<String ID="string_176" HPOS="515" VPOS="1496" WIDTH="106" HEIGHT="31" WC="0.96" CONTENT="borde"/><SP WIDTH="24" VPOS="1496" HPOS="621"/>
							<String ID="string_177" HPOS="645" VPOS="1497" WIDTH="122" HEIGHT="30" WC="0.96" CONTENT="kunna"/><SP WIDTH="24" VPOS="1497" HPOS="767"/>
							<String ID="string_178" HPOS="791" VPOS="1498" WIDTH="185" HEIGHT="40" WC="0.95" CONTENT="utnyttjas."/><SP WIDTH="25" VPOS="1498" HPOS="976"/>
							<String ID="string_179" HPOS="1001" VPOS="1498" WIDTH="50" HEIGHT="30" WC="0.94" CONTENT="Bl."/><SP WIDTH="27" VPOS="1498" HPOS="1051"/>
							<String ID="string_180" HPOS="1078" VPOS="1507" WIDTH="28" HEIGHT="21" WC="0.95" CONTENT="a."/><SP WIDTH="25" VPOS="1507" HPOS="1106"/>
							<String ID="string_181" HPOS="1131" VPOS="1498" WIDTH="63" HEIGHT="30" WC="0.93" CONTENT="bör"/><SP WIDTH="24" VPOS="1498" HPOS="1194"/>
							<String ID="string_182" HPOS="1218" VPOS="1498" WIDTH="279" HEIGHT="40" WC="0.92" CONTENT="deltidstjänster"/><SP WIDTH="24" VPOS="1498" HPOS="1497"/>
							<String ID="string_183" HPOS="1521" VPOS="1499" WIDTH="123" HEIGHT="29" WC="0.93" CONTENT="kunna"/><SP WIDTH="23" VPOS="1499" HPOS="1644"/>
							<String ID="string_184" HPOS="1667" VPOS="1499" WIDTH="108" HEIGHT="29" WC="0.92" CONTENT="inrät-"/>
						</TextLine>
						<TextLine ID="line_20" HPOS="276" VPOS="1547" WIDTH="1499" HEIGHT="42">
							<String ID="string_185" HPOS="276" VPOS="1548" WIDTH="55" HEIGHT="31" WC="0.96" CONTENT="tas"/><SP WIDTH="24" VPOS="1548" HPOS="331"/>
							<String ID="string_186" HPOS="355" VPOS="1547" WIDTH="12" HEIGHT="29" WC="0.96" CONTENT="i"/><SP WIDTH="26" VPOS="1547" HPOS="367"/>
							<String ID="string_187" HPOS="393" VPOS="1548" WIDTH="111" HEIGHT="29" WC="0.96" CONTENT="större"/><SP WIDTH="25" VPOS="1548" HPOS="504"/>
							<String ID="string_188" HPOS="529" VPOS="1547" WIDTH="245" HEIGHT="40" WC="0.96" CONTENT="utsträckning"/><SP WIDTH="26" VPOS="1547" HPOS="774"/>
							<String ID="string_189" HPOS="800" VPOS="1549" WIDTH="44" HEIGHT="29" WC="0.94" CONTENT="än"/><SP WIDTH="25" VPOS="1549" HPOS="844"/>
							<String ID="string_190" HPOS="869" VPOS="1548" WIDTH="137" HEIGHT="30" WC="0.91" CONTENT="hittills."/><SP WIDTH="27" VPOS="1548" HPOS="1006"/>
							<String ID="string_191" HPOS="1033" VPOS="1549" WIDTH="81" HEIGHT="29" WC="0.96" CONTENT="Man"/><SP WIDTH="24" VPOS="1549" HPOS="1114"/>
							<String ID="string_192" HPOS="1138" VPOS="1548" WIDTH="63" HEIGHT="30" WC="0.96" CONTENT="bör"/><SP WIDTH="24" VPOS="1548" HPOS="1201"/>
							<String ID="string_193" HPOS="1225" VPOS="1549" WIDTH="183" HEIGHT="30" WC="0.96" CONTENT="inventera"/><SP WIDTH="23" VPOS="1549" HPOS="1408"/>
							<String ID="string_194" HPOS="1431" VPOS="1549" WIDTH="96" HEIGHT="30" WC="0.96" CONTENT="vilka"/><SP WIDTH="25" VPOS="1549" HPOS="1527"/>
							<String ID="string_195" HPOS="1552" VPOS="1549" WIDTH="223" HEIGHT="40" WC="0.96" CONTENT="möjligheter"/>
						</TextLine>
						<TextLine ID="line_21" HPOS="276" VPOS="1597" WIDTH="1497" HEIGHT="42">
							<String ID="string_196" HPOS="276" VPOS="1597" WIDTH="58" HEIGHT="31" WC="0.96" CONTENT="det"/><SP WIDTH="22" VPOS="1597" HPOS="334"/>
							<String ID="string_197" HPOS="356" VPOS="1597" WIDTH="97" HEIGHT="31" WC="0.96" CONTENT="finns"/><SP WIDTH="22" VPOS="1597" HPOS="453"/>
							<String ID="string_198" HPOS="475" VPOS="1597" WIDTH="57" HEIGHT="31" WC="0.96" CONTENT="för"/><SP WIDTH="20" VPOS="1597" HPOS="532"/>
							<String ID="string_199" HPOS="552" VPOS="1598" WIDTH="176" HEIGHT="40" WC="0.95" CONTENT="placering"/><SP WIDTH="23" VPOS="1598" HPOS="728"/>
							<String ID="string_200" HPOS="751" VPOS="1608" WIDTH="42" HEIGHT="20" WC="0.96" CONTENT="av"/><SP WIDTH="22" VPOS="1608" HPOS="793"/>
							<String ID="string_201" HPOS="815" VPOS="1599" WIDTH="153" HEIGHT="39" WC="0.96" CONTENT="partiellt"/><SP WIDTH="24" VPOS="1599" HPOS="968"/>
							<String ID="string_202" HPOS="992" VPOS="1599" WIDTH="195" HEIGHT="30" WC="0.96" CONTENT="arbetsföra"/><SP WIDTH="22" VPOS="1599" HPOS="1187"/>
							<String ID="string_203" HPOS="1209" VPOS="1599" WIDTH="45" HEIGHT="40" WC="0.96" CONTENT="på"/><SP WIDTH="22" VPOS="1599" HPOS="1254"/>
							<String ID="string_204" HPOS="1276" VPOS="1599" WIDTH="167" HEIGHT="40" WC="0.96" CONTENT="lämpliga"/><SP WIDTH="24" VPOS="1599" HPOS="1443"/>
							<String ID="string_205" HPOS="1467" VPOS="1599" WIDTH="306" HEIGHT="40" WC="0.96" CONTENT="arbetsuppgifter."/>
						</TextLine>
						<TextLine ID="line_22" HPOS="275" VPOS="1648" WIDTH="1499" HEIGHT="41">
							<String ID="string_206" HPOS="275" VPOS="1648" WIDTH="50" HEIGHT="30" WC="0.96" CONTENT="De"/><SP WIDTH="24" VPOS="1648" HPOS="325"/>
							<String ID="string_207" HPOS="349" VPOS="1648" WIDTH="139" HEIGHT="40" WC="0.96" CONTENT="statliga"/><SP WIDTH="22" VPOS="1648" HPOS="488"/>
							<String ID="string_208" HPOS="510" VPOS="1648" WIDTH="292" HEIGHT="40" WC="0.96" CONTENT="myndigheterna"/><SP WIDTH="19" VPOS="1648" HPOS="802"/>
							<String ID="string_209" HPOS="821" VPOS="1649" WIDTH="63" HEIGHT="30" WC="0.96" CONTENT="bör"/><SP WIDTH="22" VPOS="1649" HPOS="884"/>
							<String ID="string_210" HPOS="906" VPOS="1649" WIDTH="98" HEIGHT="30" WC="0.95" CONTENT="alltid"/><SP WIDTH="22" VPOS="1649" HPOS="1004"/>
							<String ID="string_211" HPOS="1026" VPOS="1650" WIDTH="54" HEIGHT="29" WC="0.96" CONTENT="till"/><SP WIDTH="23" VPOS="1650" HPOS="1080"/>
							<String ID="string_212" HPOS="1103" VPOS="1650" WIDTH="66" HEIGHT="30" WC="0.96" CONTENT="den"/><SP WIDTH="23" VPOS="1650" HPOS="1169"/>
							<String ID="string_213" HPOS="1192" VPOS="1649" WIDTH="186" HEIGHT="40" WC="0.93" CONTENT="offentliga"/><SP WIDTH="22" VPOS="1649" HPOS="1378"/>
							<String ID="string_214" HPOS="1400" VPOS="1650" WIDTH="374" HEIGHT="39" WC="0.91" CONTENT="arbetsförmedlingen"/>
						</TextLine>
						<TextLine ID="line_23" HPOS="276" VPOS="1698" WIDTH="1499" HEIGHT="42">
							<String ID="string_215" HPOS="276" VPOS="1698" WIDTH="141" HEIGHT="30" WC="0.95" CONTENT="anmäla"/><SP WIDTH="26" VPOS="1698" HPOS="417"/>
							<String ID="string_216" HPOS="443" VPOS="1698" WIDTH="130" HEIGHT="31" WC="0.91" CONTENT="avsedd"/><SP WIDTH="26" VPOS="1698" HPOS="573"/>
							<String ID="string_217" HPOS="599" VPOS="1699" WIDTH="181" HEIGHT="40" WC="0.91" CONTENT="intagning"/><SP WIDTH="27" VPOS="1699" HPOS="780"/>
							<String ID="string_218" HPOS="807" VPOS="1709" WIDTH="43" HEIGHT="20" WC="0.96" CONTENT="av"/><SP WIDTH="25" VPOS="1709" HPOS="850"/>
							<String ID="string_219" HPOS="875" VPOS="1699" WIDTH="79" HEIGHT="30" WC="0.93" CONTENT="civil"/><SP WIDTH="27" VPOS="1699" HPOS="954"/>
							<String ID="string_220" HPOS="981" VPOS="1700" WIDTH="280" HEIGHT="39" WC="0.92" CONTENT="tjänstemanna-"/><SP WIDTH="27" VPOS="1700" HPOS="1261"/>
							<String ID="string_221" HPOS="1288" VPOS="1700" WIDTH="65" HEIGHT="30" WC="0.91" CONTENT="och"/><SP WIDTH="28" VPOS="1700" HPOS="1353"/>
							<String ID="string_222" HPOS="1381" VPOS="1700" WIDTH="312" HEIGHT="40" WC="0.90" CONTENT="arbetarpersonal,"/><SP WIDTH="29" VPOS="1700" HPOS="1693"/>
							<String ID="string_223" HPOS="1722" VPOS="1700" WIDTH="53" HEIGHT="31" WC="0.92" CONTENT="så-"/>
						</TextLine>
						<TextLine ID="line_24" HPOS="275" VPOS="1749" WIDTH="1500" HEIGHT="41">
							<String ID="string_224" HPOS="275" VPOS="1749" WIDTH="81" HEIGHT="30" WC="0.96" CONTENT="vida"/><SP WIDTH="21" VPOS="1749" HPOS="356"/>
							<String ID="string_225" HPOS="377" VPOS="1750" WIDTH="72" HEIGHT="29" WC="0.96" CONTENT="inte"/><SP WIDTH="24" VPOS="1750" HPOS="449"/>
							<String ID="string_226" HPOS="473" VPOS="1749" WIDTH="175" HEIGHT="30" WC="0.96" CONTENT="särskilda"/><SP WIDTH="21" VPOS="1749" HPOS="648"/>
							<String ID="string_227" HPOS="669" VPOS="1749" WIDTH="286" HEIGHT="31" WC="0.96" CONTENT="kvalifikationer"/><SP WIDTH="21" VPOS="1749" HPOS="955"/>
							<String ID="string_228" HPOS="976" VPOS="1750" WIDTH="117" HEIGHT="30" WC="0.95" CONTENT="krävs."/><SP WIDTH="22" VPOS="1750" HPOS="1093"/>
							<String ID="string_229" HPOS="1115" VPOS="1750" WIDTH="185" HEIGHT="31" WC="0.95" CONTENT="Nämnden"/><SP WIDTH="24" VPOS="1750" HPOS="1300"/>
							<String ID="string_230" HPOS="1324" VPOS="1750" WIDTH="55" HEIGHT="30" WC="0.96" CONTENT="för"/><SP WIDTH="22" VPOS="1750" HPOS="1379"/>
							<String ID="string_231" HPOS="1401" VPOS="1751" WIDTH="155" HEIGHT="39" WC="0.95" CONTENT="partiellt"/><SP WIDTH="24" VPOS="1751" HPOS="1556"/>
							<String ID="string_232" HPOS="1580" VPOS="1751" WIDTH="195" HEIGHT="30" WC="0.96" CONTENT="arbetsföra"/>
						</TextLine>
						<TextLine ID="line_25" HPOS="275" VPOS="1799" WIDTH="1073" HEIGHT="42">
							<String ID="string_233" HPOS="275" VPOS="1799" WIDTH="64" HEIGHT="30" WC="0.96" CONTENT="bör"/><SP WIDTH="18" VPOS="1799" HPOS="339"/>
							<String ID="string_234" HPOS="357" VPOS="1808" WIDTH="59" HEIGHT="31" WC="0.96" CONTENT="ges"/><SP WIDTH="20" VPOS="1808" HPOS="416"/>
							<String ID="string_235" HPOS="436" VPOS="1800" WIDTH="113" HEIGHT="30" WC="0.96" CONTENT="ökade"/><SP WIDTH="20" VPOS="1800" HPOS="549"/>
							<String ID="string_236" HPOS="569" VPOS="1800" WIDTH="222" HEIGHT="40" WC="0.96" CONTENT="möjligheter"/><SP WIDTH="20" VPOS="1800" HPOS="791"/>
							<String ID="string_237" HPOS="811" VPOS="1800" WIDTH="51" HEIGHT="31" WC="0.96" CONTENT="till"/><SP WIDTH="20" VPOS="1800" HPOS="862"/>
							<String ID="string_238" HPOS="882" VPOS="1800" WIDTH="154" HEIGHT="31" WC="0.96" CONTENT="initiativ"/><SP WIDTH="20" VPOS="1800" HPOS="1036"/>
							<String ID="string_239" HPOS="1056" VPOS="1801" WIDTH="64" HEIGHT="30" WC="0.97" CONTENT="och"/><SP WIDTH="20" VPOS="1801" HPOS="1120"/>
							<String ID="string_240" HPOS="1140" VPOS="1800" WIDTH="208" HEIGHT="41" WC="0.95" CONTENT="inflytande."/>
						</TextLine>
					</TextBlock>
					<TextBlock ID="block_5" HPOS="320" VPOS="1849" WIDTH="1408" HEIGHT="41">
						<TextLine ID="line_26" HPOS="320" VPOS="1849" WIDTH="1408" HEIGHT="41">
							<String ID="string_241" HPOS="320" VPOS="1849" WIDTH="229" HEIGHT="31" WC="0.96" CONTENT="Beträffande"/><SP WIDTH="22" VPOS="1849" HPOS="549"/>
							<String ID="string_242" HPOS="571" VPOS="1850" WIDTH="253" HEIGHT="40" WC="0.96" CONTENT="motiveringen"/><SP WIDTH="23" VPOS="1850" HPOS="824"/>
							<String ID="string_243" HPOS="847" VPOS="1852" WIDTH="11" HEIGHT="29" WC="0.96" CONTENT="i"/><SP WIDTH="24" VPOS="1852" HPOS="858"/>
							<String ID="string_244" HPOS="882" VPOS="1851" WIDTH="112" HEIGHT="39" WC="0.96" CONTENT="övrigt"/><SP WIDTH="24" VPOS="1851" HPOS="994"/>
							<String ID="string_245" HPOS="1018" VPOS="1851" WIDTH="56" HEIGHT="30" WC="0.96" CONTENT="får"/><SP WIDTH="23" VPOS="1851" HPOS="1074"/>
							<String ID="string_246" HPOS="1097" VPOS="1852" WIDTH="171" HEIGHT="30" WC="0.96" CONTENT="utskottet"/><SP WIDTH="23" VPOS="1852" HPOS="1268"/>
							<String ID="string_247" HPOS="1291" VPOS="1852" WIDTH="148" HEIGHT="30" WC="0.96" CONTENT="hänvisa"/><SP WIDTH="23" VPOS="1852" HPOS="1439"/>
							<String ID="string_248" HPOS="1462" VPOS="1852" WIDTH="53" HEIGHT="30" WC="0.95" CONTENT="till"/><SP WIDTH="24" VPOS="1852" HPOS="1515"/>
							<String ID="string_249" HPOS="1539" VPOS="1852" WIDTH="189" HEIGHT="30" WC="0.96" CONTENT="motionen."/>
						</TextLine>
					</TextBlock>
					<TextBlock ID="block_6" HPOS="275" VPOS="1900" WIDTH="1499" HEIGHT="81">
						<TextLine ID="line_27" HPOS="320" VPOS="1900" WIDTH="1454" HEIGHT="42">
							<String ID="string_250" HPOS="320" VPOS="1900" WIDTH="176" HEIGHT="30" WC="0.96" CONTENT="Utskottet"/><SP WIDTH="22" VPOS="1900" HPOS="496"/>
							<String ID="string_251" HPOS="518" VPOS="1900" WIDTH="66" HEIGHT="30" WC="0.96" CONTENT="har"/><SP WIDTH="19" VPOS="1900" HPOS="584"/>
							<String ID="string_252" HPOS="603" VPOS="1900" WIDTH="175" HEIGHT="32" WC="0.96" CONTENT="inhämtat"/><SP WIDTH="20" VPOS="1900" HPOS="778"/>
							<String ID="string_253" HPOS="798" VPOS="1901" WIDTH="163" HEIGHT="39" WC="0.96" CONTENT="yttrande"/><SP WIDTH="23" VPOS="1901" HPOS="961"/>
							<String ID="string_254" HPOS="984" VPOS="1902" WIDTH="82" HEIGHT="29" WC="0.96" CONTENT="över"/><SP WIDTH="21" VPOS="1902" HPOS="1066"/>
							<String ID="string_255" HPOS="1087" VPOS="1901" WIDTH="179" HEIGHT="31" WC="0.96" CONTENT="motionen"/><SP WIDTH="23" VPOS="1901" HPOS="1266"/>
							<String ID="string_256" HPOS="1289" VPOS="1902" WIDTH="80" HEIGHT="30" WC="0.93" CONTENT="från"/><SP WIDTH="23" VPOS="1902" HPOS="1369"/>
							<String ID="string_257" HPOS="1392" VPOS="1902" WIDTH="382" HEIGHT="40" WC="0.91" CONTENT="arbetsmarknadssty-"/>
						</TextLine>
						<TextLine ID="line_28" HPOS="275" VPOS="1950" WIDTH="703" HEIGHT="31">
							<String ID="string_258" HPOS="275" VPOS="1951" WIDTH="114" HEIGHT="29" WC="0.96" CONTENT="relsen"/><SP WIDTH="17" VPOS="1951" HPOS="389"/>
							<String ID="string_259" HPOS="406" VPOS="1950" WIDTH="66" HEIGHT="30" WC="0.96" CONTENT="och"/><SP WIDTH="16" VPOS="1950" HPOS="472"/>
							<String ID="string_260" HPOS="488" VPOS="1951" WIDTH="52" HEIGHT="29" WC="0.92" CONTENT="De"/><SP WIDTH="16" VPOS="1951" HPOS="540"/>
							<String ID="string_261" HPOS="556" VPOS="1950" WIDTH="166" HEIGHT="31" WC="0.91" CONTENT="vanföras"/><SP WIDTH="16" VPOS="1950" HPOS="722"/>
							<String ID="string_262" HPOS="738" VPOS="1950" WIDTH="240" HEIGHT="31" WC="0.96" CONTENT="riksförbund."/>
						</TextLine>
					</TextBlock>
					<TextBlock ID="block_7" HPOS="272" VPOS="1999" WIDTH="1502" HEIGHT="499">
						<TextLine ID="line_29" HPOS="319" VPOS="1999" WIDTH="1455" HEIGHT="45">
							<String ID="string_263" HPOS="319" VPOS="1999" WIDTH="491" HEIGHT="41" WC="0.87" CONTENT="Arbetsmarknadsstyrelsen"/><SP WIDTH="27" VPOS="1999" HPOS="810"/>
							<String ID="string_264" HPOS="837" VPOS="2001" WIDTH="102" HEIGHT="31" WC="0.96" CONTENT="anför"/><SP WIDTH="25" VPOS="2001" HPOS="939"/>
							<String ID="string_265" HPOS="964" VPOS="2002" WIDTH="46" HEIGHT="30" WC="0.95" CONTENT="bl."/><SP WIDTH="27" VPOS="2002" HPOS="1010"/>
							<String ID="string_266" HPOS="1037" VPOS="2012" WIDTH="29" HEIGHT="20" WC="0.96" CONTENT="a."/><SP WIDTH="27" VPOS="2012" HPOS="1066"/>
							<String ID="string_267" HPOS="1093" VPOS="2005" WIDTH="50" HEIGHT="28" WC="0.96" CONTENT="att"/><SP WIDTH="25" VPOS="2005" HPOS="1143"/>
							<String ID="string_268" HPOS="1168" VPOS="2012" WIDTH="43" HEIGHT="21" WC="0.93" CONTENT="en"/><SP WIDTH="26" VPOS="2012" HPOS="1211"/>
							<String ID="string_269" HPOS="1237" VPOS="2003" WIDTH="403" HEIGHT="40" WC="0.91" CONTENT="upplysningskampanj"/><SP WIDTH="30" VPOS="2003" HPOS="1640"/>
							<String ID="string_270" HPOS="1670" VPOS="2004" WIDTH="104" HEIGHT="40" WC="0.91" CONTENT="angå-"/>
						</TextLine>
						<TextLine ID="line_30" HPOS="275" VPOS="2051" WIDTH="1498" HEIGHT="41">
							<String ID="string_271" HPOS="275" VPOS="2051" WIDTH="87" HEIGHT="30" WC="0.96" CONTENT="ende"/><SP WIDTH="22" VPOS="2051" HPOS="362"/>
							<String ID="string_272" HPOS="384" VPOS="2051" WIDTH="41" HEIGHT="30" WC="0.96" CONTENT="de"/><SP WIDTH="23" VPOS="2051" HPOS="425"/>
							<String ID="string_273" HPOS="448" VPOS="2051" WIDTH="154" HEIGHT="40" WC="0.93" CONTENT="partiellt"/><SP WIDTH="23" VPOS="2051" HPOS="602"/>
							<String ID="string_274" HPOS="625" VPOS="2051" WIDTH="212" HEIGHT="32" WC="0.92" CONTENT="arbetsföras"/><SP WIDTH="23" VPOS="2051" HPOS="837"/>
							<String ID="string_275" HPOS="860" VPOS="2052" WIDTH="158" HEIGHT="40" WC="0.96" CONTENT="problem"/><SP WIDTH="24" VPOS="2052" HPOS="1018"/>
							<String ID="string_276" HPOS="1042" VPOS="2053" WIDTH="244" HEIGHT="39" WC="0.96" CONTENT="genomfördes"/><SP WIDTH="22" VPOS="2053" HPOS="1286"/>
							<String ID="string_277" HPOS="1308" VPOS="2054" WIDTH="12" HEIGHT="29" WC="0.96" CONTENT="i"/><SP WIDTH="23" VPOS="2054" HPOS="1320"/>
							<String ID="string_278" HPOS="1343" VPOS="2054" WIDTH="104" HEIGHT="29" WC="0.96" CONTENT="länen"/><SP WIDTH="23" VPOS="2054" HPOS="1447"/>
							<String ID="string_279" HPOS="1470" VPOS="2054" WIDTH="39" HEIGHT="30" WC="0.96" CONTENT="år"/><SP WIDTH="25" VPOS="2054" HPOS="1509"/>
							<String ID="string_280" HPOS="1534" VPOS="2055" WIDTH="94" HEIGHT="30" WC="0.93" CONTENT="1958."/><SP WIDTH="25" VPOS="2055" HPOS="1628"/>
							<String ID="string_281" HPOS="1653" VPOS="2054" WIDTH="120" HEIGHT="30" WC="0.92" CONTENT="Konti-"/>
						</TextLine>
						<TextLine ID="line_31" HPOS="275" VPOS="2102" WIDTH="1498" HEIGHT="42">
							<String ID="string_282" HPOS="275" VPOS="2102" WIDTH="136" HEIGHT="39" WC="0.92" CONTENT="nuerlig"/><SP WIDTH="21" VPOS="2102" HPOS="411"/>
							<String ID="string_283" HPOS="432" VPOS="2102" WIDTH="152" HEIGHT="30" WC="0.96" CONTENT="kontakt"/><SP WIDTH="21" VPOS="2102" HPOS="584"/>
							<String ID="string_284" HPOS="605" VPOS="2102" WIDTH="80" HEIGHT="30" WC="0.96" CONTENT="med"/><SP WIDTH="22" VPOS="2102" HPOS="685"/>
							<String ID="string_285" HPOS="707" VPOS="2102" WIDTH="291" HEIGHT="40" WC="0.93" CONTENT="myndigheterna"/><SP WIDTH="23" VPOS="2102" HPOS="998"/>
							<String ID="string_286" HPOS="1021" VPOS="2104" WIDTH="256" HEIGHT="39" WC="0.92" CONTENT="upprätthålles"/><SP WIDTH="25" VPOS="2104" HPOS="1277"/>
							<String ID="string_287" HPOS="1302" VPOS="2114" WIDTH="42" HEIGHT="20" WC="0.96" CONTENT="av"/><SP WIDTH="22" VPOS="2114" HPOS="1344"/>
							<String ID="string_288" HPOS="1366" VPOS="2105" WIDTH="190" HEIGHT="39" WC="0.96" CONTENT="styrelsens"/><SP WIDTH="24" VPOS="2105" HPOS="1556"/>
							<String ID="string_289" HPOS="1580" VPOS="2105" WIDTH="117" HEIGHT="30" WC="0.92" CONTENT="lokala"/><SP WIDTH="23" VPOS="2105" HPOS="1697"/>
							<String ID="string_290" HPOS="1720" VPOS="2115" WIDTH="53" HEIGHT="20" WC="0.92" CONTENT="ar-"/>
						</TextLine>
						<TextLine ID="line_32" HPOS="274" VPOS="2151" WIDTH="1499" HEIGHT="44">
							<String ID="string_291" HPOS="274" VPOS="2151" WIDTH="196" HEIGHT="32" WC="0.89" CONTENT="betsvårds-"/><SP WIDTH="29" VPOS="2151" HPOS="470"/>
							<String ID="string_292" HPOS="499" VPOS="2152" WIDTH="66" HEIGHT="30" WC="0.92" CONTENT="och"/><SP WIDTH="30" VPOS="2152" HPOS="565"/>
							<String ID="string_293" HPOS="595" VPOS="2152" WIDTH="468" HEIGHT="41" WC="0.91" CONTENT="arbetsförmedlingsorgan."/><SP WIDTH="30" VPOS="2152" HPOS="1063"/>
							<String ID="string_294" HPOS="1093" VPOS="2154" WIDTH="184" HEIGHT="31" WC="0.96" CONTENT="Nämnden"/><SP WIDTH="31" VPOS="2154" HPOS="1277"/>
							<String ID="string_295" HPOS="1308" VPOS="2155" WIDTH="56" HEIGHT="30" WC="0.96" CONTENT="för"/><SP WIDTH="28" VPOS="2155" HPOS="1364"/>
							<String ID="string_296" HPOS="1392" VPOS="2155" WIDTH="155" HEIGHT="40" WC="0.96" CONTENT="partiellt"/><SP WIDTH="32" VPOS="2155" HPOS="1547"/>
							<String ID="string_297" HPOS="1579" VPOS="2155" WIDTH="194" HEIGHT="30" WC="0.96" CONTENT="arbetsföra"/>
						</TextLine>
						<TextLine ID="line_33" HPOS="274" VPOS="2202" WIDTH="1498" HEIGHT="44">
							<String ID="string_298" HPOS="274" VPOS="2202" WIDTH="66" HEIGHT="30" WC="0.96" CONTENT="har"/><SP WIDTH="22" VPOS="2202" HPOS="340"/>
							<String ID="string_299" HPOS="362" VPOS="2202" WIDTH="12" HEIGHT="30" WC="0.96" CONTENT="i"/><SP WIDTH="26" VPOS="2202" HPOS="374"/>
							<String ID="string_300" HPOS="400" VPOS="2203" WIDTH="141" HEIGHT="30" WC="0.96" CONTENT="samråd"/><SP WIDTH="23" VPOS="2203" HPOS="541"/>
							<String ID="string_301" HPOS="564" VPOS="2203" WIDTH="80" HEIGHT="30" WC="0.96" CONTENT="med"/><SP WIDTH="26" VPOS="2203" HPOS="644"/>
							<String ID="string_302" HPOS="670" VPOS="2204" WIDTH="169" HEIGHT="39" WC="0.96" CONTENT="styrelsen"/><SP WIDTH="24" VPOS="2204" HPOS="839"/>
							<String ID="string_303" HPOS="863" VPOS="2204" WIDTH="65" HEIGHT="31" WC="0.96" CONTENT="hos"/><SP WIDTH="24" VPOS="2204" HPOS="928"/>
							<String ID="string_304" HPOS="952" VPOS="2205" WIDTH="127" HEIGHT="39" WC="0.92" CONTENT="Kungl."/><SP WIDTH="26" VPOS="2205" HPOS="1079"/>
							<String ID="string_305" HPOS="1105" VPOS="2205" WIDTH="105" HEIGHT="39" WC="0.96" CONTENT="Maj:t"/><SP WIDTH="26" VPOS="2205" HPOS="1210"/>
							<String ID="string_306" HPOS="1236" VPOS="2205" WIDTH="93" HEIGHT="40" WC="0.96" CONTENT="gjort"/><SP WIDTH="26" VPOS="2205" HPOS="1329"/>
							<String ID="string_307" HPOS="1355" VPOS="2205" WIDTH="261" HEIGHT="41" WC="0.96" CONTENT="framställning"/><SP WIDTH="25" VPOS="2205" HPOS="1616"/>
							<String ID="string_308" HPOS="1641" VPOS="2215" WIDTH="57" HEIGHT="20" WC="0.95" CONTENT="om"/><SP WIDTH="26" VPOS="2215" HPOS="1698"/>
							<String ID="string_309" HPOS="1724" VPOS="2208" WIDTH="48" HEIGHT="28" WC="0.95" CONTENT="ett"/>
						</TextLine>
						<TextLine ID="line_34" HPOS="274" VPOS="2252" WIDTH="1500" HEIGHT="41">
							<String ID="string_310" HPOS="274" VPOS="2260" WIDTH="26" HEIGHT="21" WC="0.89" CONTENT="s."/><SP WIDTH="18" VPOS="2260" HPOS="300"/>
							<String ID="string_311" HPOS="318" VPOS="2252" WIDTH="33" HEIGHT="30" WC="0.89" CONTENT="k."/><SP WIDTH="19" VPOS="2252" HPOS="351"/>
							<String ID="string_312" HPOS="370" VPOS="2253" WIDTH="154" HEIGHT="30" WC="0.93" CONTENT="neutralt"/><SP WIDTH="18" VPOS="2253" HPOS="524"/>
							<String ID="string_313" HPOS="542" VPOS="2253" WIDTH="201" HEIGHT="40" WC="0.91" CONTENT="löneanslag"/><SP WIDTH="17" VPOS="2253" HPOS="743"/>
							<String ID="string_314" HPOS="760" VPOS="2253" WIDTH="55" HEIGHT="30" WC="0.92" CONTENT="för"/><SP WIDTH="19" VPOS="2253" HPOS="815"/>
							<String ID="string_315" HPOS="834" VPOS="2255" WIDTH="237" HEIGHT="36" WC="0.92" CONTENT="omplacerade"/><SP WIDTH="19" VPOS="2255" HPOS="1071"/>
							<String ID="string_316" HPOS="1090" VPOS="2255" WIDTH="150" HEIGHT="37" WC="0.95" CONTENT="partiellt"/><SP WIDTH="19" VPOS="2255" HPOS="1240"/>
							<String ID="string_317" HPOS="1259" VPOS="2256" WIDTH="203" HEIGHT="35" WC="0.96" CONTENT="arbetsföra,"/><SP WIDTH="20" VPOS="2256" HPOS="1462"/>
							<String ID="string_318" HPOS="1482" VPOS="2257" WIDTH="65" HEIGHT="30" WC="0.96" CONTENT="och"/><SP WIDTH="20" VPOS="2257" HPOS="1547"/>
							<String ID="string_319" HPOS="1567" VPOS="2257" WIDTH="104" HEIGHT="30" WC="0.93" CONTENT="sedan"/><SP WIDTH="18" VPOS="2257" HPOS="1671"/>
							<String ID="string_320" HPOS="1689" VPOS="2257" WIDTH="85" HEIGHT="30" WC="0.92" CONTENT="bud-"/>
						</TextLine>
						<TextLine ID="line_35" HPOS="274" VPOS="2302" WIDTH="1499" HEIGHT="44">
							<String ID="string_321" HPOS="274" VPOS="2302" WIDTH="131" HEIGHT="39" WC="0.92" CONTENT="getåret"/><SP WIDTH="26" VPOS="2302" HPOS="405"/>
							<String ID="string_322" HPOS="431" VPOS="2303" WIDTH="149" HEIGHT="36" WC="0.91" CONTENT="1960/61"/><SP WIDTH="27" VPOS="2303" HPOS="580"/>
							<String ID="string_323" HPOS="607" VPOS="2304" WIDTH="38" HEIGHT="30" WC="0.96" CONTENT="är"/><SP WIDTH="23" VPOS="2304" HPOS="645"/>
							<String ID="string_324" HPOS="668" VPOS="2306" WIDTH="49" HEIGHT="28" WC="0.96" CONTENT="ett"/><SP WIDTH="23" VPOS="2306" HPOS="717"/>
							<String ID="string_325" HPOS="740" VPOS="2304" WIDTH="126" HEIGHT="40" WC="0.96" CONTENT="belopp"/><SP WIDTH="23" VPOS="2304" HPOS="866"/>
							<String ID="string_326" HPOS="889" VPOS="2305" WIDTH="125" HEIGHT="30" WC="0.96" CONTENT="härför"/><SP WIDTH="23" VPOS="2305" HPOS="1014"/>
							<String ID="string_327" HPOS="1037" VPOS="2308" WIDTH="166" HEIGHT="38" WC="0.96" CONTENT="upptaget"/><SP WIDTH="25" VPOS="2308" HPOS="1203"/>
							<String ID="string_328" HPOS="1228" VPOS="2306" WIDTH="10" HEIGHT="30" WC="0.93" CONTENT="i"/><SP WIDTH="26" VPOS="2306" HPOS="1238"/>
							<String ID="string_329" HPOS="1264" VPOS="2306" WIDTH="201" HEIGHT="31" WC="0.92" CONTENT="riksstaten."/><SP WIDTH="25" VPOS="2306" HPOS="1465"/>
							<String ID="string_330" HPOS="1490" VPOS="2307" WIDTH="184" HEIGHT="30" WC="0.96" CONTENT="Nämnden"/><SP WIDTH="25" VPOS="2307" HPOS="1674"/>
							<String ID="string_331" HPOS="1699" VPOS="2308" WIDTH="74" HEIGHT="30" WC="0.96" CONTENT="står"/>
						</TextLine>
						<TextLine ID="line_36" HPOS="272" VPOS="2352" WIDTH="1501" HEIGHT="44">
							<String ID="string_332" HPOS="272" VPOS="2352" WIDTH="12" HEIGHT="29" WC="0.96" CONTENT="i"/><SP WIDTH="26" VPOS="2352" HPOS="284"/>
							<String ID="string_333" HPOS="310" VPOS="2352" WIDTH="176" HEIGHT="39" WC="0.96" CONTENT="praktiskt"/><SP WIDTH="26" VPOS="2352" HPOS="486"/>
							<String ID="string_334" HPOS="512" VPOS="2354" WIDTH="93" HEIGHT="39" WC="0.95" CONTENT="taget"/><SP WIDTH="26" VPOS="2354" HPOS="605"/>
							<String ID="string_335" HPOS="631" VPOS="2354" WIDTH="115" HEIGHT="40" WC="0.96" CONTENT="daglig"/><SP WIDTH="24" VPOS="2354" HPOS="746"/>
							<String ID="string_336" HPOS="770" VPOS="2355" WIDTH="149" HEIGHT="30" WC="0.96" CONTENT="kontakt"/><SP WIDTH="25" VPOS="2355" HPOS="919"/>
							<String ID="string_337" HPOS="944" VPOS="2355" WIDTH="81" HEIGHT="30" WC="0.96" CONTENT="med"/><SP WIDTH="27" VPOS="2355" HPOS="1025"/>
							<String ID="string_338" HPOS="1052" VPOS="2356" WIDTH="139" HEIGHT="39" WC="0.96" CONTENT="statliga"/><SP WIDTH="27" VPOS="2356" HPOS="1191"/>
							<String ID="string_339" HPOS="1218" VPOS="2357" WIDTH="253" HEIGHT="39" WC="0.96" CONTENT="myndigheter,"/><SP WIDTH="28" VPOS="2357" HPOS="1471"/>
							<String ID="string_340" HPOS="1499" VPOS="2366" WIDTH="80" HEIGHT="21" WC="0.96" CONTENT="men"/><SP WIDTH="27" VPOS="2366" HPOS="1579"/>
							<String ID="string_341" HPOS="1606" VPOS="2358" WIDTH="65" HEIGHT="29" WC="0.96" CONTENT="här"/><SP WIDTH="27" VPOS="2358" HPOS="1671"/>
							<String ID="string_342" HPOS="1698" VPOS="2367" WIDTH="75" HEIGHT="21" WC="0.96" CONTENT="som"/>
						</TextLine>
						<TextLine ID="line_37" HPOS="273" VPOS="2402" WIDTH="1499" HEIGHT="46">
							<String ID="string_343" HPOS="273" VPOS="2402" WIDTH="13" HEIGHT="31" WC="0.96" CONTENT="i"/><SP WIDTH="21" VPOS="2402" HPOS="286"/>
							<String ID="string_344" HPOS="307" VPOS="2403" WIDTH="100" HEIGHT="40" WC="0.96" CONTENT="fråga"/><SP WIDTH="20" VPOS="2403" HPOS="407"/>
							<String ID="string_345" HPOS="427" VPOS="2412" WIDTH="57" HEIGHT="21" WC="0.92" CONTENT="om"/><SP WIDTH="23" VPOS="2412" HPOS="484"/>
							<String ID="string_346" HPOS="507" VPOS="2403" WIDTH="352" HEIGHT="41" WC="0.92" CONTENT="fältorganisationen"/><SP WIDTH="20" VPOS="2403" HPOS="859"/>
							<String ID="string_347" HPOS="879" VPOS="2405" WIDTH="68" HEIGHT="30" WC="0.96" CONTENT="blir"/><SP WIDTH="20" VPOS="2405" HPOS="947"/>
							<String ID="string_348" HPOS="967" VPOS="2406" WIDTH="60" HEIGHT="30" WC="0.96" CONTENT="det"/><SP WIDTH="21" VPOS="2406" HPOS="1027"/>
							<String ID="string_349" HPOS="1048" VPOS="2408" WIDTH="125" HEIGHT="38" WC="0.96" CONTENT="ytterst"/><SP WIDTH="21" VPOS="2408" HPOS="1173"/>
							<String ID="string_350" HPOS="1194" VPOS="2416" WIDTH="44" HEIGHT="21" WC="0.97" CONTENT="en"/><SP WIDTH="22" VPOS="2416" HPOS="1238"/>
							<String ID="string_351" HPOS="1260" VPOS="2406" WIDTH="101" HEIGHT="40" WC="0.96" CONTENT="fråga"/><SP WIDTH="21" VPOS="2406" HPOS="1361"/>
							<String ID="string_352" HPOS="1382" VPOS="2416" WIDTH="56" HEIGHT="21" WC="0.95" CONTENT="om"/><SP WIDTH="22" VPOS="2416" HPOS="1438"/>
							<String ID="string_353" HPOS="1460" VPOS="2407" WIDTH="148" HEIGHT="41" WC="0.95" CONTENT="tillgång"/><SP WIDTH="21" VPOS="2407" HPOS="1608"/>
							<String ID="string_354" HPOS="1629" VPOS="2408" WIDTH="45" HEIGHT="40" WC="0.93" CONTENT="på"/><SP WIDTH="21" VPOS="2408" HPOS="1674"/>
							<String ID="string_355" HPOS="1695" VPOS="2417" WIDTH="77" HEIGHT="31" WC="0.92" CONTENT="per-"/>
						</TextLine>
						<TextLine ID="line_38" HPOS="275" VPOS="2453" WIDTH="1497" HEIGHT="45">
							<String ID="string_356" HPOS="275" VPOS="2453" WIDTH="108" HEIGHT="30" WC="0.91" CONTENT="sonal."/><SP WIDTH="18" VPOS="2453" HPOS="383"/>
							<String ID="string_357" HPOS="401" VPOS="2454" WIDTH="204" HEIGHT="33" WC="0.96" CONTENT="Nämndens"/><SP WIDTH="18" VPOS="2454" HPOS="605"/>
							<String ID="string_358" HPOS="623" VPOS="2454" WIDTH="239" HEIGHT="32" WC="0.96" CONTENT="erfarenheter"/><SP WIDTH="18" VPOS="2454" HPOS="862"/>
							<String ID="string_359" HPOS="880" VPOS="2456" WIDTH="110" HEIGHT="40" WC="0.96" CONTENT="pekar"/><SP WIDTH="18" VPOS="2456" HPOS="990"/>
							<String ID="string_360" HPOS="1008" VPOS="2457" WIDTH="45" HEIGHT="39" WC="0.96" CONTENT="på"/><SP WIDTH="19" VPOS="2457" HPOS="1053"/>
							<String ID="string_361" HPOS="1072" VPOS="2457" WIDTH="91" HEIGHT="30" WC="0.96" CONTENT="ökad"/><SP WIDTH="20" VPOS="2457" HPOS="1163"/>
							<String ID="string_362" HPOS="1183" VPOS="2457" WIDTH="182" HEIGHT="31" WC="0.96" CONTENT="förståelse"/><SP WIDTH="21" VPOS="2457" HPOS="1365"/>
							<String ID="string_363" HPOS="1386" VPOS="2457" WIDTH="55" HEIGHT="30" WC="0.96" CONTENT="för"/><SP WIDTH="18" VPOS="2457" HPOS="1441"/>
							<String ID="string_364" HPOS="1459" VPOS="2458" WIDTH="66" HEIGHT="30" WC="0.96" CONTENT="och"/><SP WIDTH="18" VPOS="2458" HPOS="1525"/>
							<String ID="string_365" HPOS="1543" VPOS="2458" WIDTH="156" HEIGHT="40" WC="0.96" CONTENT="villighet"/><SP WIDTH="19" VPOS="2458" HPOS="1699"/>
							<String ID="string_366" HPOS="1718" VPOS="2458" WIDTH="54" HEIGHT="30" WC="0.96" CONTENT="till"/>
						</TextLine>
					</TextBlock>
				</ComposedBlock>
			</PrintSpace>
		</Page>
	</Layout>
</alto>
