1908 2816
71 1300 124 24 Utskottet

266 120 41 31 88
771 130 232 31 Statsutskottets
1026 135 149 28 utlåtande
1196 137 48 27 Nr
1266 134 28 31 4.

321 197 104 42 119:0)
448 198 163 34 Underhåll
635 210 35 23 av
692 204 210 38 flygmateriel.
949 206 127 43 Kungl.
1120 209 99 42 Maj:t
1262 211 62 31 har
1365 212 178 43 föreslagit
1585 216 183 43 riksdagen

271 247 123 42 (punkt
418 250 67 38 120,
512 251 64 32 sid.
602 253 177 42 224-226)
811 258 49 29 att
884 257 53 31 till
962 259 181 32 underhåll
1167 271 41 21 av
1233 261 226 42 flygmateriel
1485 266 54 31 för
1564 266 203 43 budgetåret

267 299 139 35 1941/42
426 302 118 31 anvisa
565 305 49 29 ett
635 306 349 43 reservationsanslag
1004 320 42 20 av
1069 311 185 38 10,625,000
1276 313 133 33 kronor.

319 392 236 35 Förevarande
583 397 118 42 anslag
727 400 37 29 är
792 399 55 31 för
873 400 228 34 innevarande
1130 404 167 42 budgetår
1325 408 140 41 uppfört
1493 410 78 31 med
1599 411 167 39 8,250,000

263 442 135 33 kronor.

317 494 118 42 Enligt
450 497 82 31 1936
547 499 54 30 års
616 499 284 35 försvarsbesluts
915 502 227 44 beräkningar
1157 506 109 33 skulle
1282 508 221 34 förevarande
1519 512 119 42 anslag
1653 516 112 39 utgått

264 544 56 32 för
347 545 201 42 budgetåret
578 549 136 35 1939/40
743 552 78 31 med
850 553 164 39 2,550,000
1043 555 133 39 kronor,
1207 558 54 31 för
1288 559 203 42 budgetåret
1521 563 134 32 1940/41
1686 565 78 32 med

263 595 166 39 2,830,000
447 597 135 40 kronor,
602 600 53 31 för
672 601 230 34 innevarande
921 604 168 43 budgetår
1108 608 76 31 med
1203 609 168 38 3,110,000
1389 611 125 33 kronor
1534 614 54 31 för
1607 617 49 30 att
1677 616 88 32 efter

262 648 200 39 genomförd
482 651 233 40 organisation
737 654 165 41 uppföras
923 656 77 31 med
1022 657 166 38 3,775,000
1209 659 134 33 kronor.

316 697 20 32 I
356 698 53 31 sin
431 699 164 34 skrivelse
618 703 143 33 rörande
784 705 278 34 medelsbehovet
1084 709 54 31 för
1160 712 98 30 nästa
1281 711 166 42 budgetår
1469 714 62 32 har
1554 716 208 41 flygförvalt-

261 748 129 41 ningen
418 750 196 40 framhållit,
645 756 48 28 att
724 754 59 32 det
813 755 134 43 belopp,
978 758 167 39 3,110,000
1175 760 134 40 kronor,
1341 764 112 31 vartill
1483 766 279 34 medelsbehovet

262 799 110 32 under
400 801 220 34 förevarande
649 805 120 42 anslag
797 806 180 34 beräknats
1008 810 108 41 enligt
1145 811 41 32 de
1216 812 54 31 för
1301 814 80 31 1936
1411 817 54 30 års
1495 816 267 35 försvarsbeslut

261 850 279 43 grundläggande
575 854 445 46 kostnadsberäkningarna,
1059 863 213 32 motsvarade
1299 866 49 30 ett
1373 865 164 34 beräknat
1562 868 91 32 antal
1679 870 85 42 flyg-

260 901 137 32 timmar
418 913 40 21 av
480 904 116 38 43,000
621 906 61 31 och
706 909 50 29 ett
780 909 93 30 antal
896 911 246 32 motortimmar
1166 924 40 20 av
1230 914 124 38 52,500.
1389 916 68 32 För
1480 918 281 35 nästkommande

259 951 168 42 budgetår
450 953 211 35 beräknades
686 958 192 32 emellertid
902 961 128 32 antalet
1056 963 223 43 erforderliga
1304 966 207 42 flygtimmar
1536 969 55 31 till
1617 971 144 38 126,150,

259 1005 237 32 motsvarande
520 1006 134 38 150,340
676 1009 255 33 motortimmar.
966 1012 341 44 Flygförvaltningen
1331 1017 61 31 har
1414 1022 113 29 ansett
1551 1031 42 21 en
1616 1021 145 44 höjning

259 1064 43 20 av
320 1055 151 41 anslaget
490 1057 55 31 för
562 1060 98 30 nästa
677 1059 170 42 budgetår
865 1062 53 31 till
938 1063 186 38 11,575,000
1143 1065 125 32 kronor
1288 1068 209 43 erforderlig.
1530 1071 156 33 Nämnda
1706 1073 55 32 be-

258 1104 84 42 lopp
362 1105 60 32 har
441 1109 98 39 synts
561 1108 375 42 departementschefen
957 1113 84 32 böra
1063 1116 178 32 reduceras
1263 1118 55 31 till
1342 1119 185 39 10,625,000
1549 1121 133 40 kronor,
1705 1124 55 31 be-

259 1155 128 32 roende
413 1157 120 32 främst
558 1161 45 39 på
626 1162 49 29 att
700 1162 131 31 antalet
856 1163 208 42 flygtimmar
1089 1167 106 41 enligt
1222 1169 322 34 överbefälhavaren
1570 1172 63 33 bör
1656 1176 106 40 något

258 1205 160 34 minskas.

311 1299 176 34 Utskottet
511 1302 63 32 har
598 1303 71 32 icke
695 1305 117 31 funnit
837 1306 183 43 anledning
1045 1309 55 31 till
1126 1310 133 32 erinran
1285 1315 71 28 mot
1381 1313 65 32 den
1471 1315 208 34 verkställda
1704 1318 52 32 be.

256 1350 187 43 räkningen
466 1364 41 20 av
531 1354 222 33 förevarande
778 1357 119 42 anslag
921 1358 62 32 och
1008 1359 189 42 tillstyrker
1221 1362 102 32 alltså
1348 1364 64 31 den
1437 1376 41 20 av
1502 1365 127 44 Kungl.
1656 1367 104 43 Maj:t

255 1401 127 32 äskade
404 1404 366 44 medelsanvisningen.

312 1452 174 34 Utskottet
509 1455 206 40 hemställer,

550 1526 50 30 att
618 1524 182 43 riksdagen
819 1529 54 29 må
891 1528 54 31 till
968 1528 187 34 Underhåll
1174 1542 40 20 av
1233 1532 228 40 flygmateriel
1481 1535 54 31 för
1554 1536 203 42 budgetåret

508 1574 136 32 1941/42
665 1577 119 31 anvisa
806 1580 49 29 ett
876 1580 348 43 reservationsanslag
1245 1594 41 20 av
1310 1584 184 39 10,625,000
1516 1586 132 33 kronor.

309 1672 102 42 120:0)
434 1674 100 39 Vapen
560 1677 57 30 och
641 1679 208 30 ammunition.
907 1679 126 42 Kungl.
1077 1681 101 42 Maj:t
1219 1683 89 32 hade
1352 1685 178 43 föreslagit
1573 1688 182 42 riksdagen

260 1721 122 42 (punkt
404 1724 70 41 121)
501 1727 51 29 att
573 1725 54 32 till
648 1738 109 30 vapen
780 1728 63 31 och
865 1731 223 31 ammunition
1110 1733 54 30 för
1184 1733 203 42 budgetåret
1410 1737 135 31 1941/42
1567 1739 118 31 anvisa
1706 1742 49 29 ett

254 1774 351 44 reservationsanslag
625 1787 41 21 av
686 1778 169 38 3,200,000
874 1779 133 33 kronor.

306 1866 198 34 Sedermera
517 1869 62 31 har
592 1869 124 43 Kungl.
732 1871 103 42 Maj:t
855 1872 4 31 i
873 1875 235 31 ovannämnda
1120 1877 216 40 proposition
1349 1889 40 20 nr
1404 1879 192 34 155—med
1609 1883 147 42 ändring

252 1927 42 20 av
315 1917 199 33 förberörda
534 1919 129 43 förslag
680 1940 43 4 —
743 1922 179 42 föreslagit
942 1924 182 42 riksdagen
1149 1926 121 42 (punkt
1290 1928 28 38 8,
1341 1929 62 32 sid.
1427 1931 177 42 127—129)
1630 1935 49 30 att
1699 1934 55 31 till

251 1978 47 21 nu
317 1968 255 42 ifrågavarande
592 1972 154 31 ändamål
766 1973 54 31 för
839 1976 96 30 nästa
953 1975 168 42 budgetår
1139 1979 117 30 anvisa
1276 1982 49 28 ett
1344 1982 347 43 reservationsanslag
1711 1996 41 20 av

251 2018 166 38 6,130,000
440 2020 134 32 kronor.

303 2110 236 35 Förevarande
567 2114 117 42 anslag
711 2117 38 29 är
778 2116 54 31 för
859 2116 228 34 innevarande
1116 2119 166 43 budgetår
1312 2123 139 40 uppfört
1479 2125 77 31 med
1586 2126 166 38 2,000,000

249 2161 135 32 kronor.

304 2212 119 38 Under
441 2217 234 31 ovannämnda
693 2218 110 40 punkt
823 2218 12 31 i
855 2220 448 42 statsverkspropositionen
1324 2224 143 32 föreslår
1487 2222 263 51 departements-

249 2263 123 32 chefen
397 2276 41 20 en
462 2266 147 42 höjning
633 2279 40 19 av
697 2269 156 41 anslaget
878 2270 54 31 till
957 2271 167 38 3,200,000
1149 2272 133 33 kronor.
1322 2274 200 44 Höjningen
1548 2278 123 32 hänför
1696 2279 55 42 sig

249 2314 56 31 till
331 2315 58 31 det
412 2315 106 33 ökade
543 2317 111 32 behov
678 2330 41 20 av
744 2330 110 31 vapen
881 2321 61 31 och
967 2323 400 41 ammunitionseffekter,
1394 2338 73 20 som
1491 2328 104 42 följer
1618 2339 41 21 av
1683 2330 66 32 den

248 2364 179 33 beslutade
449 2368 198 41 ytterligare
670 2369 212 43 utökningen
904 2382 41 20 av
967 2368 470 52 flygvapenorganisationen.

299 2416 21 31 I
334 2418 261 40 propositionen
611 2430 39 20 nr
667 2420 59 31 155
744 2420 196 33 framhåller
956 2422 384 42 departementschefen,
1358 2430 49 29 att
1424 2428 95 42 fråga
1536 2430 213 41 uppkommit
