1926 2812
83 877 129 24 Utskottet.

271 143 42 31 48
767 146 230 29 Statsutskottets
1019 147 146 28 utlåtande
1186 148 50 28 Nr
1258 149 29 29 4.

273 221 37 29 år
331 220 87 38 1940,
441 231 42 20 en
505 221 151 42 stegring
677 233 75 20 som
773 222 103 32 bland
897 225 103 29 annat
1021 225 38 29 är
1078 223 170 32 beroende
1270 226 44 39 på
1334 226 50 29 att
1404 224 268 38 hemvärnsmän,
1696 235 74 21 som

272 272 58 29 äro
351 270 217 32 medlemmar
589 282 40 20 av
651 272 364 42 skytteföreningarna,
1039 276 128 29 ansetts
1190 274 84 32 böra
1296 274 91 32 bliva
1409 274 359 42 anslagsberättigade.

272 320 80 32 Med
375 332 45 20 nu
444 321 177 42 tillämpad
644 322 318 42 beräkningsgrund
987 324 53 31 för
1064 324 163 41 bidragen
1253 325 53 31 till
1331 325 353 42 skytteföreningarna
1708 325 62 32 har

273 371 110 31 denna
400 374 79 39 post
498 371 180 33 beräknats
698 373 54 31 till
774 374 132 37 700,000
924 374 135 32 kronor.

326 422 66 31 För
418 423 101 30 nästa
545 422 167 42 budgetår
739 423 62 31 har
828 423 324 42 skytteförbundens
1182 426 225 41 överstyrelse
1435 426 174 31 hemställt
1637 437 54 20 om
1721 429 49 29 ett

273 473 263 42 anslagsbelopp
559 485 40 19 av
620 474 135 37 972,000
778 474 131 31 kronor.

325 523 80 32 Med
424 524 136 31 erinran
579 536 53 20 om
651 527 49 29 att
718 525 127 41 Kungl.
865 522 102 44 Maj:t
985 537 120 30 genom
1124 526 115 32 beslut
1259 526 65 32 den
1344 527 19 31 6
1383 527 177 32 december
1581 528 80 32 1940
1681 528 88 32 med-

270 574 93 42 givit,
395 576 51 30 att
478 575 356 41 skytteföreningarna
864 576 208 32 tillhörande
1104 577 258 32 hemvärnsmän
1395 578 110 32 skulle
1539 578 120 32 räknas
1695 589 75 22 som

271 625 347 42 anslagsberättigade
646 626 141 42 skyttar,
815 626 60 31 har
902 627 376 41 departementschefen
1306 628 166 42 tillstyrkt
1500 629 269 43 överstyrelsens

270 687 40 20 av
344 676 342 42 arméförvaltningen
720 678 159 31 biträdda
913 679 130 41 förslag
1066 679 12 31 i
1102 680 93 40 fråga
1231 690 55 21 om
1309 680 231 42 beräkningen
1564 692 40 20 av
1628 680 141 32 medels-

271 726 145 33 behovet
441 728 55 30 för
522 727 202 42 budgetåret
751 729 143 38 1941/42,
922 730 87 31 dock
1035 732 48 29 att
1109 730 154 42 anslaget
1288 731 96 31 torde
1409 731 85 32 böra
1520 732 167 32 avrundas
1714 731 55 32 till

270 777 133 39 950,000
425 777 134 33 kronor.

321 871 75 32 Den
424 872 194 42 föreslagna
645 873 356 42 medelsanvisningen
1030 874 53 32 till
1112 875 57 31 det
1197 875 164 42 frivilliga
1388 875 296 43 skytteväsendets
1715 877 53 32 be-

269 922 187 41 främjande
478 923 112 32 finner
611 924 53 41 sig
684 924 168 32 utskottet
871 925 83 31 böra
975 925 172 41 tillstyrka
1168 926 63 31 och
1252 926 197 32 hemställer
1469 927 109 39 alltså,

559 1002 49 31 att
634 1001 182 41 riksdagen
843 1004 53 29 må
922 1002 54 31 till
1004 1001 176 42 Frivilliga
1207 1004 298 39 skytteväsendets
1535 1004 232 41 befrämjande

519 1051 53 32 för
594 1052 204 41 budgetåret
823 1052 134 32 1941/42
981 1054 117 32 anvisa
1123 1056 48 29 ett
1195 1055 349 42 reservationsanslag
1567 1067 40 20 av
1631 1056 136 38 950,000

520 1102 132 32 kronor.

317 1203 83 42 56:0)
424 1204 110 39 Bidrag
557 1205 44 30 till
624 1205 199 38 skjutbanors
840 1206 166 32 ordnande.
1042 1205 80 33 Med
1151 1206 240 41 tillstyrkande
1420 1218 42 21 av
1490 1208 126 42 Kungl.
1646 1208 121 42 Maj:ts

269 1254 128 41 förslag
425 1253 122 42 (punkt
571 1255 49 37 57,
646 1255 63 31 sid.
738 1256 59 31 147
824 1256 61 31 och
912 1257 87 39 148),
1026 1256 104 32 vilket
1155 1258 11 30 i
1193 1255 212 35 förhållande
1431 1258 55 32 till
1513 1259 59 31 det
1596 1260 54 31 för
1675 1260 92 31 inne-

268 1305 144 31 varande
428 1304 168 42 budgetår
611 1306 162 31 anvisade
790 1307 152 41 anslaget
958 1307 142 32 innebär
1117 1319 41 20 en
1174 1306 197 44 minskning
1386 1309 77 32 med
1480 1309 135 39 500,000
1631 1310 135 38 kronor,

266 1354 196 32 hemställer
485 1356 175 38 utskottet,

564 1435 48 29 att
634 1434 183 41 riksdagen
839 1437 53 29 må
914 1435 54 31 till
1002 1434 127 42 Bidrag
1164 1436 53 31 till
1250 1437 220 40 skjutbanors
1505 1438 173 31 ordnande
1714 1439 53 31 för

515 1483 203 42 budgetåret
756 1485 135 31 1941/42
928 1486 119 31 anvisa
1083 1489 48 29 ett
1168 1488 349 42 reservationsanslag
1553 1499 40 21 av
1631 1488 135 39 775,000

517 1534 132 32 kronor.

316 1636 83 41 57:0)
433 1638 170 31 Understöd
627 1635 32 34 åt
681 1639 85 31 vissa
787 1639 177 39 föreningar
987 1648 38 23 m.
1043 1648 36 23 m.
1117 1640 19 31 I
1154 1640 153 42 enlighet
1324 1641 76 32 med
1417 1641 128 42 Kungl.
1564 1642 119 42 Maj:ts
1702 1643 63 32 för-

267 1687 73 41 slag
362 1687 121 41 (punkt
501 1687 50 38 58,
572 1688 61 31 sid.
656 1685 73 43 148)
754 1689 64 31 och
837 1689 107 31 under
964 1690 144 38 erinran,
1129 1693 48 29 att
1197 1691 222 33 förevarande
1439 1692 120 41 anslag
1577 1694 188 31 motsvarar

267 1737 57 31 det
345 1737 52 32 för
418 1737 229 32 innevarande
669 1737 169 42 budgetår
859 1738 112 33 såsom
995 1740 201 32 obetecknat
1218 1742 170 42 uppförda
1411 1743 154 41 anslaget
1588 1754 40 21 av
1651 1743 115 39 20,000

266 1788 124 31 kronor
415 1788 54 31 till
496 1789 187 31 understöd
710 1791 35 29 åt
772 1788 194 43 föreningar
993 1791 63 31 och
1083 1791 53 31 till
1163 1791 158 33 skrifters
1348 1793 193 41 utgivande,
1568 1793 198 33 hemställer

268 1838 175 39 utskottet,

562 1908 49 30 att
630 1907 183 41 riksdagen
833 1909 53 30 må
905 1908 55 31 till
985 1908 194 33 Understöd
1199 1911 35 30 åt
1254 1909 92 32 vissa
1365 1911 197 41 föreningar
1582 1923 41 21 m.
1646 1923 42 20 m.
1711 1913 54 31 för

515 1957 202 41 budgetåret
734 1958 136 31 1941/42
884 1959 118 31 anvisa
1019 1961 48 30 ett
1082 1960 347 43 reservationsanslag
1444 1973 41 20 av
1501 1962 112 38 20,000
1628 1963 135 32 kronor.

916 2099 4 3 .
942 2069 148 31 Marinen.

588 2143 210 41 Avlöningar
815 2154 41 20 m.
876 2155 41 20 m.
938 2144 54 32 till
1010 2145 70 40 fast
1098 2146 149 31 anställd
1265 2147 167 39 personal.

316 2200 84 40 58:0)
422 2202 183 38 Avlöningar
626 2203 44 30 till
694 2203 82 31 aktiv
800 2204 142 37 personal
968 2212 36 23 m.
1028 2204 29 31 fl.
1098 2204 126 42 Kungl.
1248 2204 102 43 Maj:t
1371 2205 87 33 hade
1482 2207 177 42 föreslagit
1681 2208 83 31 riks-

266 2251 108 41 dagen
403 2251 123 41 (punkt
550 2252 51 41 59)
632 2255 57 35 att,
716 2253 12 30 i
754 2253 145 31 avbidan
924 2256 44 39 på
994 2254 146 32 särskild
1165 2256 216 41 proposition
1407 2257 11 30 i
1445 2259 122 36 ämnet,
1594 2258 55 31 till
1675 2258 88 31 avlö-

265 2302 119 41 ningar
405 2302 54 31 till
481 2302 93 31 aktiv
595 2303 160 41 personal
778 2315 40 19 m.
844 2304 33 30 fl.
902 2304 53 31 för
977 2304 202 41 budgetåret
1203 2306 136 31 1941/42
1361 2306 149 33 beräkna
1534 2310 49 30 ett
1605 2308 158 42 förslags-

265 2352 118 42 anslag
405 2364 40 19 av
469 2353 187 38 21,000,000
678 2353 135 32 kronor.

319 2446 199 32 Sedermera
541 2447 61 31 har
624 2447 127 41 Kungl.
777 2447 100 42 Maj:t
900 2448 12 31 i
937 2449 234 31 ovannämnda
1194 2451 215 41 proposition
1434 2463 41 20 nr
1501 2452 59 32 155
1585 2452 178 44 föreslagit

265 2495 180 43 riksdagen
470 2496 121 43 (punkt
609 2497 29 39 5,
660 2497 64 32 sid.
746 2498 156 40 70—104)
928 2500 50 30 att
