2214 2626
633 135 392 32 Konstitutionsutskottets
1049 132 164 32 memorial
1238 131 51 32 Nr
1311 133 56 30 23.
1743 130 15 30 1

927 652 59 40 Nr
1013 651 62 41 23.

741 808 117 28 Ankom
881 807 46 28 till
950 806 173 34 riksdagens
1147 806 95 27 kansli
1265 806 58 27 den
1347 806 39 26 24
1410 804 74 35 april
1508 806 79 26 1919
1613 804 42 28 kl.
1679 805 16 26 6
1720 813 24 18 e.
1769 812 39 18 m.

400 953 455 36 Konstitutionsutskottets
881 951 193 42 memorial,
1102 950 80 35 med
1208 949 143 45 uppgift
1378 951 22 33 å
1428 948 145 35 vilande
1599 948 136 43 förslag
1757 947 55 35 till

604 1020 198 43 ändringar
828 1020 14 33 i
864 1018 281 45 grundlagarna.

377 1163 209 29 Närvarande:
607 1162 112 28 Herrar
740 1161 126 28 Larsson
889 1162 10 27 i
922 1160 148 33 Västerås,
1096 1160 118 34 Clason,
1238 1159 152 35 Hellberg,
1414 1158 163 39 Bellinder,
1603 1157 71 28 Olof
1696 1157 118 32 Olsson,

603 1214 59 18 von
685 1204 110 34 Geijer,
819 1213 57 18 von
898 1203 143 33 Mentzer,
1065 1213 57 17 von
1147 1202 197 33 Zweigbergk,
1361 1211 88 24 greve
1464 1200 169 28 Alexander
1648 1200 167 33 Hamilton,

604 1247 140 35 Hulting,
767 1246 181 33 Magnusson
970 1246 11 27 i
1003 1244 153 35 Tumbhult,
1180 1244 120 34 Hallén,
1324 1243 68 35 Räf,
1418 1243 124 33 Zander,
1565 1242 129 28 Jansson
1718 1242 10 27 i
1743 1242 74 27 Eds-

604 1288 124 36 bäcken,
761 1288 182 35 Henrikson,
967 1287 145 36 Leander,
1136 1286 141 28 Hansson
1299 1286 11 27 i
1333 1285 99 28 Gårda
1455 1284 55 28 och
1532 1284 129 28 Persson
1684 1284 11 27 i
1716 1283 99 28 Tofta.

336 1435 74 34 Till
451 1433 311 45 grundlagsenlig
788 1432 232 44 behandling
1046 1431 60 35 får
1132 1431 183 35 utskottet
1342 1429 156 35 härmed
1526 1429 59 34 för
1611 1428 202 44 riksdagen

204 1486 151 34 anmäla
398 1484 171 44 följande
609 1484 65 34 vid
718 1484 93 34 1917
853 1483 60 34 års
945 1482 154 44 riksdag
1124 1482 152 43 jämlikt
1302 1478 23 45 $
1354 1481 46 34 64
1428 1479 386 45 riksdagsordningen

204 1536 123 35 såsom
366 1535 152 35 vilande
560 1537 179 41 antagna,
779 1534 85 35 från
908 1534 93 34 1918
1044 1532 60 35 års
1144 1532 154 44 riksdag
1324 1530 238 45 uppskjutna
1589 1530 142 43 förslag
1758 1530 57 34 till

204 1587 145 35 ändrad
389 1586 143 44 lydelse
574 1597 47 23 av
661 1583 48 45 $$
753 1585 68 34 103
863 1585 69 34 och
976 1584 69 34 108
1086 1583 338 44 regeringsformen
1454 1584 97 32 samt
1578 1577 23 45 $
1632 1581 56 42 13,
1717 1577 23 45 $
1771 1580 44 33 14

204 1649 111 23 mom.
346 1637 32 42 2,
408 1638 22 41 &
461 1638 43 33 15
534 1648 111 22 mom.
678 1637 17 33 1
726 1635 68 35 och
823 1636 33 42 4,
885 1632 23 45 $
938 1636 43 33 17
1011 1646 111 22 mom.
1155 1635 16 33 1
1203 1634 68 34 och
1301 1634 33 42 2,
1363 1630 23 45 $
1415 1633 57 41 21,
1502 1629 23 45 $
1555 1632 44 34 69
1630 1631 68 34 och
1726 1630 22 42 &
1770 1631 46 33 70

203 1687 398 44 riksdagsordningen,
630 1686 42 35 så
700 1686 68 35 ock
794 1686 56 34 till
870 1684 450 45 övergångsstadganden
1348 1683 12 34 i
1387 1681 341 46 regeringsformen
1748 1681 70 34 och

204 1738 397 44 riksdagsordningen.

401 1880 375 48 Regeringsformen.
1242 1881 375 39 Regeringsformen.

417 1971 193 39 (Nuvarande
634 1971 131 34 lydelse:)
1262 1967 188 39 (Föreslagen
1473 1964 134 41 lUydelse:)

525 2064 23 45 &
579 2067 81 33 103.
1361 2060 23 45 $
1415 2063 82 34 103.

281 2143 183 43 Lagtima
483 2142 154 43 riksdag
652 2142 94 34 skall
765 2144 85 32 vart
868 2140 111 44 tredje
1122 2140 175 43 Lagtima
1311 2139 154 43 riksdag
1484 2138 95 35 skall
1599 2140 85 32 vart
1702 2136 119 44 fjärde

207 2193 52 44 år,
287 2193 50 44 på
365 2196 75 32 sätt
466 2192 385 44 riksdagsordningen
877 2191 101 35 stad-
1048 2190 52 44 år,
1129 2190 49 44 på
1205 2193 76 32 sätt
1307 2189 385 44 riksdagsordningen
1718 2187 102 35 stad-

308 2288 129 43 Bihang
460 2289 49 31 till
530 2289 183 41 riksdagens
731 2288 158 43 protokoll
912 2288 91 32 1919.
1049 2289 20 29 5
1093 2286 88 32 saml.
1229 2287 44 30 20
1296 2286 78 42 häft.
1418 2285 66 38 (Nr
1506 2285 154 38 23—242.)
1764 2285 16 30 1
