1884 2846
299 178 38 29 12
710 178 110 28 Första
841 178 215 35 lagutskottets
1078 178 158 29 utlåtande
1256 178 43 28 Nr
1319 178 46 29 32.

298 259 220 37 lagstadgade
545 258 123 31 fonder
696 260 86 29 även
809 260 80 30 över
915 260 138 38 mycket
1080 260 193 38 betydande
1300 259 66 31 fria
1392 268 160 22 reserver.
1582 258 131 31 Enbart
1741 257 44 40 på

298 303 111 37 grund
432 312 43 21 av
500 303 98 30 dessa
623 313 149 21 reserver
798 304 97 30 torde
919 304 119 30 därför
1064 304 168 30 Skandias
1257 303 390 38 livförsäkringsrörelse
1671 303 114 30 såsom

299 346 106 32 sådan
424 346 37 31 få
478 356 101 22 anses
598 351 171 27 motsvara
787 348 82 37 högt
889 348 122 30 ställda
1031 348 85 30 krav
1134 347 44 38 på
1197 347 156 31 soliditet.
1374 347 140 31 Liksom
1536 347 249 38 Nordstjernan

299 392 155 29 kommer
481 390 153 32 Skandia
659 391 10 30 i
700 392 81 29 1938
809 391 55 31 års
890 392 138 30 bokslut
1054 395 49 27 att
1130 391 156 31 redovisa
1312 392 289 37 premiereserven
1627 391 53 31 för
1707 391 78 30 hela

299 434 413 39 livförsäkringsrörelsen
734 435 85 31 efter
839 436 19 29 3
878 433 27 36 Z
933 435 160 36 räntefot,
1114 436 65 30 och
1199 435 33 30 vi
1251 436 90 30 hava
1362 435 55 31 för
1438 435 111 31 avsikt
1570 439 48 26 att
1638 435 146 30 omedel-

298 479 76 30 bart
398 478 145 39 påbörja
570 489 42 20 en
637 479 170 38 övergång
833 479 51 31 till
909 480 92 37 lägre
1027 479 159 31 räntefot.
1214 479 572 38 Livförsäkringsförbindelsernas

299 523 216 38 fullgörande
542 526 197 35 garanteras
767 524 89 30 dock
884 523 75 31 icke
986 524 121 30 endast
1134 524 78 30 med
1239 523 432 38 livförsäkringsrörelsens
1699 531 86 30 egna

299 568 110 30 medel
432 570 83 28 utan
539 567 130 38 jämväl
692 568 79 30 med
795 567 240 39 aktieägarnas
1060 568 157 37 samtliga
1243 576 86 29 egna
1352 567 133 36 fonder,
1511 567 92 31 vilka
1628 567 54 30 för
1707 568 78 29 när-

300 612 149 29 varande
468 611 117 39 uppgå
605 611 50 31 till
673 611 161 39 omkring
854 612 42 30 36
915 611 84 39 milj.
1020 613 50 29 kr.
1092 612 67 30 För
1178 611 222 38 utdelningen
1419 612 51 29 till
1491 610 168 31 Skandias
1680 610 105 31 aktie-

300 656 100 37 ägare
427 656 113 38 spelar
568 655 228 31 förenämnda
827 657 223 37 garantränta
1079 655 20 31 å
1128 656 40 29 25
1182 656 63 30 000
1276 656 50 30 kr.
1356 656 75 30 icke
1460 655 115 38 någon
1604 655 72 30 roll.
1708 654 79 30 Med

299 700 136 38 hänsyn
465 700 51 29 till
546 699 435 39 livförsäkringsrörelsens
1010 700 118 30 starka
1159 699 161 39 ställning
1350 699 113 30 finnes
1493 699 190 30 emellertid
1713 698 76 30 icke

300 744 112 37 någon
432 743 186 39 anledning
639 744 55 31 för
713 744 170 31 Skandias
903 744 195 38 aktieägare
1118 747 48 28 att
1186 745 75 30 icke
1281 747 117 35 uttaga
1419 745 113 29 denna
1553 744 232 37 garantränta.

301 787 122 31 Härtill
449 787 83 39 vilja
557 788 34 30 vi
617 788 147 38 tillägga,
791 791 50 28 att
866 789 218 30 motionären
1109 790 79 30 med
1214 789 103 30 tanke
1343 788 44 38 på
1414 788 169 30 Skandias
1609 786 177 38 utdelning

300 832 50 30 till
371 832 74 31 sina
464 832 196 38 aktieägare
679 833 54 30 väl
752 832 206 38 näppeligen
978 833 70 30 kan
1068 842 111 26 mena,
1201 835 49 28 att
1268 833 100 30 dessa
1389 833 110 29 skulle
1520 831 96 32 avstå
1636 831 79 31 från
1736 835 50 27 ut-

300 876 148 38 delning,
468 876 119 31 därför
606 880 48 27 att
674 877 98 30 deras
791 876 123 31 fonder
932 877 110 30 under
1062 877 101 37 givna
1183 875 287 39 förutsättningar
1488 877 122 37 utgöra
1629 885 42 21 en
1692 878 95 28 extra

301 930 112 21 reserv
442 920 54 31 för
525 921 152 38 bolagets
705 920 392 38 livförsäkringsrörelse
1126 921 119 30 utöver
1274 921 66 31 den
1370 921 169 35 säkerhet,
1570 929 74 21 som
1674 920 113 30 denna

301 965 141 30 rörelses
471 973 87 30 egna
587 964 66 31 fria
681 974 152 21 reserver
861 964 153 39 erbjuda.
1045 964 100 31 Detta
1173 964 37 30 så
1238 965 137 37 mycket
1403 964 136 30 mindre
1569 973 73 21 som
1670 963 117 30 livför-

302 1008 310 39 säkringsrörelsen
636 1008 43 39 på
704 1010 66 29 sätt
793 1018 90 21 ovan
906 1012 127 35 antytts
1057 1008 55 31 får
1136 1018 97 21 anses
1257 1008 78 30 fullt
1359 1009 131 29 solvent
1514 1008 66 30 och
1605 1008 55 30 det
1684 1006 105 39 enligt

303 1052 61 31 vår
378 1052 223 39 uppfattning
619 1052 11 30 i
646 1054 64 29 den
729 1052 173 37 situation,
920 1062 73 21 som
1010 1052 11 30 i
1040 1053 65 37 dag
1124 1053 69 29 kan
1210 1052 223 35 överblickas,
1452 1051 75 31 icke
1544 1052 113 30 finnes
1675 1050 113 38 någon

302 1097 183 38 anledning
506 1097 132 35 befara,
661 1100 48 27 att
731 1096 239 39 aktieägarnas
992 1097 112 30 medel
1127 1097 96 30 skola
1244 1096 134 31 behöva
1400 1096 167 38 tillgripas
1589 1095 54 31 för
1665 1095 122 37 fullgö-

301 1141 120 31 randet
441 1150 42 21 av
503 1141 152 38 bolagets
676 1141 240 38 förpliktelser.
938 1141 204 38 Avgörande
1163 1140 54 31 för
1237 1139 321 39 utdelningsfrågan
1580 1141 37 29 är
1637 1139 153 38 bolagets

302 1185 160 38 ställning
488 1186 68 29 och
583 1185 33 31 vi
644 1185 167 35 förmena,
839 1188 49 27 att
914 1185 66 30 den
1007 1183 318 40 utdelningspolitik
1353 1183 152 32 Skandia
1533 1184 70 30 fört
1630 1183 74 30 icke
1732 1191 58 29 ger

302 1229 184 38 anledning
509 1229 51 30 till
582 1229 114 38 någon
719 1229 150 37 befogad
891 1228 242 39 anmärkning.

347 1273 163 38 Slutligen
532 1283 83 21 anse
635 1273 33 30 vi
689 1282 55 21 oss
765 1274 86 29 böra
871 1272 197 36 framhålla,
1091 1275 48 28 att
1161 1271 175 32 motionen
1357 1273 65 29 och
1445 1272 41 30 de
1508 1271 281 38 tidningsskrive-

302 1317 76 36 rier,
402 1317 112 31 vartill
537 1318 200 30 densamma
760 1316 82 39 givit
865 1317 196 37 anledning,
1085 1316 103 31 vållat
1211 1326 41 21 en
1275 1316 164 30 märkbar
1460 1325 60 21 oro
1543 1315 44 38 på
1610 1315 86 30 flera
1718 1314 72 30 håll

301 1362 107 30 bland
437 1361 265 39 Nordstjernans
732 1360 333 39 försäkringstagare
1095 1363 89 28 samt
1212 1360 55 30 för
1295 1369 43 21 en
1366 1360 54 30 del
1450 1369 42 21 av
1523 1359 267 38 Nordstjernans

303 1405 213 39 inspektörer
537 1406 67 30 och
625 1406 129 29 ombud
777 1405 149 30 medfört
948 1404 211 38 svårigheter
1181 1405 64 29 och
1268 1404 150 30 avbräck
1441 1403 11 30 i
1475 1404 99 30 deras
1597 1403 192 38 yrkesmäs-

303 1450 72 38 siga
400 1450 229 30 verksamhet.
656 1450 73 30 Vad
756 1458 75 21 som
858 1449 123 30 härvid
1007 1447 138 32 särskilt
1171 1465 44 4 —
1239 1448 65 30 och
1331 1447 104 38 enligt
1462 1447 75 31 vårt
1563 1447 228 30 förmenande

303 1495 79 30 med
404 1494 77 30 fullt
502 1494 59 38 fog
581 1513 45 4 —
646 1493 145 39 påtalats
815 1492 79 31 från
916 1492 234 31 fältmännens
1172 1491 73 31 sida
1268 1492 63 30 har
1353 1491 88 31 varit
1463 1492 71 30 dels
1557 1492 233 29 motionärens

304 1539 103 38 enligt
423 1547 85 29 egen
526 1537 137 39 uppgift
680 1537 45 39 på
740 1536 166 31 officiella
925 1536 118 31 siffror
1061 1536 116 31 fotade
1196 1535 172 39 placering
1387 1545 42 21 av
1450 1539 64 27 »ett
1534 1534 95 31 tiotal
1648 1544 41 21 av
1708 1533 82 31 våra

303 1582 110 31 nitton
442 1581 416 39 livförsäkringsföretag>
891 1580 45 39 på
969 1580 235 31 »minussidan
1234 1590 43 20 av
1307 1579 346 38 soliditetsgränsen>,
1685 1578 105 30 vilket

304 1636 42 21 av
366 1627 232 30 allmänheten
619 1627 123 29 tolkats
763 1635 74 21 som
858 1624 158 39 liktydigt
1035 1625 80 30 med
1134 1624 180 35 insolvens,
1336 1624 65 30 och
1421 1624 71 30 dels
1513 1624 88 30 hans
1622 1632 88 21 ovan
1731 1621 58 39 på-

304 1672 111 30 talade
441 1669 321 38 sammanställning
790 1679 43 21 av
861 1669 248 38 Nordstjernan
1136 1669 65 29 och
1229 1666 236 32 Liv-Victoria.
1493 1667 40 30 Vi
1560 1666 154 38 beklaga,
1743 1669 48 27 att

304 1725 42 21 en
366 1724 124 29 person
512 1715 11 30 i
544 1715 66 30 den
631 1714 360 37 förtroendeställning
1012 1732 44 3 —
1076 1712 239 38 riksdagsman
1337 1712 65 29 och
1425 1711 197 38 sakkunnig
1643 1710 57 31 vid
1722 1710 67 30 för-

304 1758 385 39 säkringsutredningen
711 1777 45 4 —
777 1767 76 21 som
874 1758 78 30 herr
976 1757 235 30 Hermansson
1235 1756 162 30 bekläder
1421 1756 69 30 kan
1513 1754 99 31 finna
1636 1755 78 30 med
1738 1754 52 30 sin

303 1803 177 39 värdighet
504 1802 162 38 förenligt
690 1805 47 28 att
762 1810 123 30 genom
910 1801 118 38 dylika
1053 1801 201 30 uttalanden
1279 1800 107 30 skada
1411 1800 124 30 svensk
1561 1797 228 39 försäkrings-

303 1848 227 30 verksamhet.

348 1892 39 30 Vi
409 1892 191 34 hemställa,
623 1894 48 27 att
692 1888 203 40 föreningen
916 1888 105 32 måtte
1042 1888 143 39 påyrka,
1206 1891 48 28 att
1276 1887 175 32 motionen
1473 1889 135 29 lämnas
1629 1891 82 27 utan
1734 1896 55 21 av-

304 1937 131 30 seende.

346 1980 198 30 Stockholm
564 1980 65 29 den
649 1979 18 29 4
688 1987 92 22 mars
802 1978 94 30 1939.

611 2043 655 37 FÖRSÄKRINGSAKTIEBOLAGET
1291 2047 192 31 SKANDIA

915 2110 79 30 Ivar
1018 2109 153 39 Sjögren.

485 2185 745 36 LIFFÖRSÄKRINGS-AKTIEBOLAGET
1255 2189 354 31 NORDSTJERNAN

922 2251 48 30 W.
996 2250 183 39 Hemberg.

761 2487 72 22 Iduns
849 2487 113 26 tryckeri,
979 2487 91 22 Esselte
1086 2487 36 21 ab.
1139 2486 136 22 Stockholm
1292 2486 51 21 1939

1000 2526 103 21 916466
