1898 2842
438 147 110 29 Andra
569 147 224 34 lagutskottets
814 145 166 29 utlåtande
1002 145 49 28 Nr
1070 146 53 32 26;
1147 143 128 34 bilagor.
1577 141 38 31 21

106 235 179 40 förbundet
309 246 97 21 anser
429 234 55 38 sig
505 233 13 32 i
541 237 84 29 stort
649 236 66 30 sett
736 232 115 33 kunna
873 232 137 32 biträda
1034 231 39 33 de
1095 231 12 31 i
1132 230 166 33 motionen
1321 228 192 33 framförda
1537 239 76 26 syn-

105 277 206 40 punkterna.

149 319 224 34 Beträffande
396 320 73 32 åter
492 319 123 38 frågan
639 330 52 20 om
714 316 284 40 omorganisation
1024 328 41 20 av
1088 316 77 32 vårt
1186 312 362 35 barnmorskeväsende
1571 311 45 39 på

107 367 69 29 sätt
198 364 12 31 i
235 363 164 32 motionen
423 362 190 37 skisserats,
639 361 67 32 kan
732 360 181 32 förbundet
935 359 136 33 biträda
1096 358 62 33 den
1183 356 190 39 säkerligen
1398 356 142 36 allmänt
1563 357 51 29 ut-

105 405 125 33 bredda
253 404 276 39 uppfattningen,
552 407 51 29 att
623 415 40 20 en
683 402 182 39 utredning
889 414 42 20 av
953 401 77 33 hela
1053 401 91 32 detta
1167 399 164 40 spörsmål
1353 404 37 28 är
1412 397 205 38 nödvändig.

107 448 192 33 Förbundet
318 452 37 28 är
375 452 83 28 även
477 458 77 21 ense
574 446 73 32 med
665 446 245 32 motionärerna
930 444 83 39 däri,
1034 447 50 30 att
1104 443 39 32 de
1162 442 148 33 erkända
1328 441 164 33 kassorna
1511 440 12 32 i
1542 444 73 34 gör-

106 490 122 39 ligaste
250 491 76 31 mån
347 490 81 32 böra
449 489 127 32 befrias
599 489 78 31 från
698 487 261 33 handhavandet
981 499 42 20 av
1045 484 456 40 moderskapsförsäkringen
1526 487 90 28 över-

107 534 113 32 huvud
241 536 103 35 taget.

151 576 119 32 Denna
290 575 100 38 fråga
410 574 68 32 kan
502 573 105 39 enligt
628 572 197 33 förbundets
848 572 176 32 bestämda
1046 570 133 38 mening
1203 570 118 32 endast
1343 569 88 33 lösas
1454 567 164 34 effektivt

107 619 44 38 på
174 622 48 29 ett
245 621 78 35 sätt,
347 617 170 39 nämligen
541 628 117 27 genom
683 615 223 38 obligatorisk
928 612 426 40 moderskapsförsäkring,
1380 612 60 32 och
1463 611 62 32 vill
1550 610 66 33 för-

107 661 125 34 bundet
254 660 116 33 därför
391 660 111 33 uttala
525 660 54 32 det
601 657 214 39 önskemålet,
840 661 51 29 att
913 657 109 32 denna
1042 659 106 35 utväg
1171 660 83 28 även
1276 655 104 32 måtte
1403 654 49 33 bli
1476 652 141 34 föremål

108 704 54 32 för
178 702 240 40 övervägande,
441 703 113 32 därest
571 701 181 38 riksdagen
770 700 150 32 biträder
936 699 261 33 motionärernas
1218 697 202 33 hemställan
1437 708 52 20 om
1506 695 110 33 utred-

108 758 91 27 ning.

152 788 115 33 Under
285 787 204 38 hänvisning
507 786 54 33 till
579 786 66 32 vad
665 797 84 21 ovan
769 785 130 32 anförts
920 784 56 32 får
995 783 180 33 förbundet
1193 782 135 33 ansluta
1347 782 54 38 sig
1420 781 54 33 till
1495 781 61 32 den
1576 792 42 20 av

109 832 57 32 fru
184 831 111 33 Olivia
313 830 178 38 Nordgren
508 841 42 20 m.
569 829 39 32 fl.
626 828 152 33 uttalade
799 827 126 33 önskan
944 839 52 20 om
1013 825 181 38 utredning
1213 824 171 39 angående
1403 824 56 32 det
1477 822 141 39 statliga

108 871 435 40 moderskapsunderstödet
559 872 43 38 på
619 871 11 31 i
647 870 165 33 motionen
830 869 144 33 anförda
991 868 155 39 grunder.

153 940 173 34 Stockhlm
344 940 61 32 den
425 941 18 31 6
464 939 150 32 februari
632 939 97 32 1933.

341 1021 33 35 Å
396 1023 190 39 Styrelsens
607 1023 54 32 för
681 1022 152 33 Svenska
853 1020 368 40 Sjukkasseförbundet
1239 1024 143 34 vägnar:

777 1089 98 33 Knut
899 1089 206 32 Andersson.

1197 1138 84 32 Erik
1301 1137 80 39 Olof
1402 1136 173 33 Wiklund.

1387 1328 133 32 Bilaga
1539 1327 43 27 D.

106 1386 131 28 Svenska
255 1385 375 28 barnmorskeförbundet.

434 1472 103 32 Till
570 1471 299 38 riksdagens
905 1469 139 32 andra
1078 1467 302 39 lagutskott.

155 1557 152 34 Svenska
327 1556 401 33 barnmorskeförbundet
748 1555 61 32 har
831 1554 74 33 med
930 1557 69 29 stor
1022 1552 211 33 tacksamhet
1252 1551 160 38 mottagit
1433 1549 191 39 lagutskot-

112 1604 64 29 tets
195 1600 203 39 erbjudande
419 1603 52 28 att
489 1599 36 32 få
543 1598 169 32 inkomma
731 1597 74 32 med
823 1596 160 40 yttrande
1001 1601 76 27 över
1096 1595 39 32 de
1153 1596 12 31 i
1185 1594 106 32 andra
1308 1593 194 32 kammaren
1522 1590 99 33 väck-

110 1648 36 29 ta
165 1644 204 32 motionerna
388 1654 40 20 nr
449 1643 62 31 131
533 1654 42 20 av
595 1641 117 32 herrar
735 1639 199 40 Spångberg
955 1651 44 20 m.
1020 1638 40 32 fl.
1081 1638 59 32 och
1160 1649 39 20 nr
1222 1638 62 32 196
1306 1648 42 20 av
1368 1637 58 31 fru
1445 1635 177 38 Nordgren

111 1699 41 20 m.
187 1687 39 32 fl.
261 1685 171 39 angående
463 1684 207 38 förbättring
701 1695 43 20 av
776 1683 55 32 det
865 1682 142 38 statliga
1039 1678 445 41 moderskapsunderstödet.
1540 1678 80 31 För-

109 1728 276 39 bundsstyrelsen
407 1727 64 33 vill
494 1727 74 32 med
590 1726 182 38 anledning
794 1726 106 31 härav
921 1724 174 32 vördsamt
1117 1728 82 34 göra
1222 1722 150 38 följande
1394 1720 186 34 uttalande.

155 1771 225 33 Beträffande
405 1770 166 32 motionen
595 1781 39 19 nr
662 1770 61 31 131
749 1780 42 20 av
814 1768 116 32 herrar
956 1766 199 40 Spångberg
1180 1778 42 19 m.
1249 1765 39 32 fl.
1313 1765 115 31 vilken
1452 1775 96 21 avser
1572 1766 52 29 att

111 1815 111 31 lämna
242 1813 185 38 väsentligt
446 1812 191 38 kraftigare
660 1810 211 33 ekonomiskt
893 1810 74 32 stöd
990 1810 36 31 åt
1046 1809 127 32 mindre
1192 1807 193 33 bemedlade
1405 1806 217 33 barnaföder-

113 1857 77 32 skor
211 1861 42 27 än
275 1856 56 33 det
348 1867 45 20 nu
413 1855 178 38 utgående,
613 1854 68 31 kan
704 1853 164 38 styrelsen
890 1853 29 37 ej
941 1852 112 32 uttala
1073 1854 103 30 annat
1197 1855 43 28 än
1262 1853 50 29 att
1332 1853 48 29 ett
1398 1848 226 38 undanröjan-

115 1898 37 32 de
173 1909 42 20 av
235 1896 215 33 ekonomiska
471 1896 209 38 svårigheter
704 1900 37 27 är
762 1907 39 19 en
822 1894 194 37 nödvändig
1038 1892 246 38 förutsättning
1305 1892 54 31 för
1380 1903 39 21 en
1440 1891 65 38 god
1527 1890 98 32 barn-

111 1940 184 33 bördsvård
318 1940 12 32 i
354 1939 128 38 fattiga
506 1939 61 31 och
591 1938 128 32 mindre
741 1937 192 32 bemedlade
956 1937 85 31 hem.
1086 1935 128 32 Därför
1235 1935 142 32 behöves
1402 1934 100 37 ingen
1528 1933 94 32 moti-

111 1983 128 38 vering.
292 1981 173 39 Styrelsen
494 1981 62 32 vill
584 1980 86 32 dock
697 1979 132 39 påpeka
859 1982 51 29 att
938 1989 41 21 en
1004 1978 54 31 del
1087 1990 42 20 av
1158 1977 56 32 det
1240 1977 140 37 statliga
1407 1975 214 33 ekonomiska

111 2024 216 33 understödet
348 2024 74 32 med
445 2023 109 32 fördel
577 2022 67 32 kan
665 2023 84 37 utgå
770 2022 12 31 i
805 2022 86 32 form
916 2033 42 20 av
982 2021 69 31 fria
1074 2019 344 39 naturaprestationer
1443 2019 108 31 såsom
1576 2017 47 32 fri

112 2066 278 38 barnbördsvård,
415 2066 47 31 fri
484 2065 181 38 hemhjälp,
689 2065 47 31 fri
757 2064 81 32 eller
861 2064 54 32 till
940 2067 156 29 avsevärt
1120 2062 133 32 nedsatt
1274 2062 71 38 pris
1367 2061 136 32 lämnad
1526 2060 98 39 späd-

112 2108 266 39 barnsutstyrsel
404 2120 29 20 o.
461 2108 47 37 d.;
532 2107 218 32 understödet
775 2106 148 33 kommer
950 2106 43 32 då
1021 2105 136 33 säkrare
1184 2105 60 32 sitt
1269 2104 171 38 egentliga
1467 2103 156 32 ändamål

113 2152 54 31 till
191 2151 96 38 godo.
336 2151 99 32 Huru
460 2153 85 29 stort
570 2150 55 32 det
650 2149 141 38 statliga
813 2149 218 32 understödet
1052 2148 59 32 bör
1134 2152 98 34 göras
1257 2147 61 32 och
1340 2147 87 32 huru
1450 2146 97 38 långt
1569 2145 55 32 det

112 2193 59 33 bör
190 2193 135 32 sträcka
344 2193 62 38 sig,
429 2204 98 20 anser
548 2192 52 38 sig
622 2192 165 37 styrelsen
807 2191 105 32 sakna
932 2190 287 37 förutsättningen
1239 2193 51 29 att
1308 2189 155 37 bedöma;
1484 2189 62 31 här
1567 2193 57 27 äro

114 2235 283 32 statsfinansiella
421 2234 152 32 faktorer
597 2234 39 31 de
660 2234 201 37 avgörande.

158 2277 167 32 Motionen
348 2288 39 20 nr
410 2278 62 30 196
494 2288 42 20 av
558 2276 56 31 fru
636 2275 178 38 Nordgren
837 2287 42 19 m.
903 2275 40 32 fl.
965 2275 97 32 berör
1084 2286 39 20 en
1146 2273 212 38 samhällelig
1381 2272 243 38 angelägenhet

117 2330 41 20 av
178 2318 86 31 allra
285 2321 122 28 största
428 2317 182 37 betydelse.
642 2317 18 31 I
684 2318 192 31 densamma
899 2316 197 32 frambhålles
1119 2316 69 31 dels
1210 2316 140 31 behovet
1371 2327 41 19 av
1435 2313 190 33 förbättrad

118 2360 300 38 moderskapsvård
446 2361 35 30 åt
507 2359 73 32 icke
608 2359 198 32 försäkrade
832 2358 293 37 barnaföderskor,
1154 2357 70 32 dels
1254 2357 140 32 föreslås
1424 2359 51 29 att
1501 2355 124 32 moder-

115 2401 516 41 skapsunderstödsberättigade
658 2401 95 32 skola
778 2401 139 32 beredas
943 2400 211 32 kostnadsfri
1182 2400 94 31 såväl
1304 2398 323 38 förlossningshjälp

118 2456 67 20 som
207 2444 65 31 för-
292 2444 59 31 och
372 2443 181 32 eftervård.
597 2443 248 32 Motionärerna
864 2446 93 35 yttra
978 2442 130 31 vidare:
1143 2441 65 31 »Vi
1229 2441 208 37 ifrågasätta
1457 2440 169 37 nämligen
