1902 2828
322 166 34 25 10
533 165 100 26 Andra
655 165 187 25 kammarens
859 164 116 34 första
996 163 148 34 tillfälliga
1166 162 124 27 utskotts
1310 162 150 26 utlåtande
1480 162 42 26 Nr
1539 162 25 25 6.

288 246 58 30 och
371 246 107 37 dylikt
501 246 104 29 skulle
629 245 155 36 utebliva,
810 255 51 20 om
884 245 236 29 kommunerna
1145 244 106 37 själva
1275 244 104 29 skulle
1404 243 95 30 driva
1523 243 257 29 verksamheten.

291 290 61 30 Det
376 289 94 31 torde
495 299 79 21 vara
598 299 41 20 ur
665 289 119 38 många
809 289 207 37 synpunkter
1041 288 171 36 olämpligt
1240 290 48 27 att
1314 287 43 37 på
1382 287 119 30 sådant
1527 287 65 29 sätt
1617 286 163 37 avkoppla

289 333 120 31 enskilt
432 333 136 31 intresse
591 333 79 32 från
692 332 154 32 rörelsen.
891 333 65 30 Det
979 333 37 29 är
1040 341 65 28 nog
1126 331 94 32 också
1243 341 41 21 en
1306 331 72 31 ofta
1401 330 99 39 gjord
1522 330 193 39 iakttagelse
1739 331 42 37 på

288 378 54 30 det
361 378 117 31 sociala
496 377 156 38 området,
672 381 49 28 att
739 387 40 21 en
796 388 40 20 av
852 377 155 31 kommun
1024 377 35 30 så
1077 381 49 27 att
1144 377 76 37 säga
1244 376 35 30 ”i
1297 386 81 28 egen
1396 376 98 38 regi”
1511 374 158 32 bedriven
1687 374 95 31 verk-

288 423 124 31 samhet
434 422 64 31 lätt
520 423 120 30 sväller
663 427 37 26 ut
722 422 58 31 och
804 422 65 30 blir
893 421 125 39 dyrbar
1039 425 83 27 utan
1145 424 50 27 att
1217 420 247 31 effektiviteten
1487 420 66 30 kan
1576 421 94 36 sägas
1693 419 88 32 bliva

288 469 9 28 i
316 467 230 31 motsvarande
565 466 83 38 grad
666 467 93 30 ökad.
800 466 197 38 Naturligen
1017 466 100 30 borde
1136 465 234 38 statsbidraget
1390 465 113 31 kunna
1523 465 80 36 utgå
1622 464 51 31 till
1692 464 89 30 kom-

289 521 79 21 mun
388 512 11 29 i
422 511 39 31 de
483 511 70 38 fall,
578 511 42 31 då
642 511 204 38 svårigheter
869 521 39 20 av
931 519 62 22 ena
1015 510 79 31 eller
1117 509 105 32 andra
1245 509 104 31 skälet
1371 510 82 30 mött
1474 513 70 27 'mot
1567 508 214 31 anordnande

288 567 40 20 av
350 556 249 31 verksamheten
623 557 11 29 i
660 565 111 22 annan
795 555 87 31 form
905 556 43 29 än
972 565 67 21 som
1064 564 40 21 en
1128 554 188 31 kommunal
1341 554 315 37 förvaltningsgren.
1704 554 77 29 Men

288 602 107 38 någon
412 600 255 32 företrädesrätt
685 600 54 31 för
756 600 156 31 kommun
930 609 95 29 synes
1043 599 69 31 icke
1132 600 78 31 böra
1228 599 185 37 stipuleras.

329 646 66 31 För
422 649 108 28 staten
555 645 94 31 torde
676 645 56 31 det
757 645 69 31 icke
852 645 124 31 behöva
1001 646 89 29 möta
1113 645 106 37 några
1245 645 104 30 större
1376 644 204 38 svårigheter
1606 647 49 27 att
1681 644 100 30 utöva

287 690 99 38 nödig
406 690 144 31 kontroll
569 690 44 37 på
634 690 64 30 den
718 689 308 31 statsunderstödda
1048 688 508 31 skollovskoloniverksamheten.
1591 688 112 31 Skulle
1726 687 55 31 det

287 735 152 30 befinnas
459 734 165 37 önskvärt,
645 738 50 27 att
713 740 68 25 som
800 733 243 38 förutsättning
1064 733 55 31 för
1137 732 236 38 statsbidraget
1391 733 187 37 stipuleras,
1598 736 49 27 att
1667 731 114 31 veder-

288 779 142 30 börande
450 778 156 31 kommun
626 788 116 28 genom
763 782 50 27 att
833 778 123 31 insätta
977 780 266 35 representanter
1263 777 11 30 i
1295 776 178 38 ledningen
1495 776 79 31 eller
1594 786 115 28 genom
1729 779 51 27 ut-

287 823 116 31 seende
425 833 41 21 av
484 822 124 32 revisor
628 822 214 32 tillerkändes
861 826 47 27 ett
928 821 267 32 kontrollerande
1216 821 190 39 inflytande
1427 822 76 30 över
1523 821 258 37 verksamheten,

287 868 93 32 torde
405 868 78 30 från
506 868 204 31 kommunalt
732 867 69 31 håll
826 867 174 38 ingenting
1024 876 81 22 vara
1129 870 50 28 att
1203 866 145 31 invända
1374 867 156 31 däremot.
1579 866 75 30 Icke
1677 865 103 31 heller

287 917 66 26 mot
379 923 41 20 en
447 912 184 38 föreskrift,
659 916 51 27 att
736 912 202 38 statsbidrag
966 912 93 38 finge
1085 912 80 37 utgå
1192 911 116 31 endast
1334 910 107 31 under
1470 910 243 38 förutsättning
1741 920 39 21 av

288 957 116 39 bidrag
422 957 80 31 från
521 956 245 32 vederbörande
786 957 155 30 kommun
959 956 94 31 torde
1072 956 12 30 i
1104 957 58 30 och
1181 956 54 30 för
1253 956 50 37 sig
1322 955 183 38 någonting
1524 965 80 21 vara
1625 959 49 27 att
1693 956 87 36 säga,

287 1001 104 31 under
417 1001 244 38 förutsättning
685 1000 83 32 dock
794 1004 49 28 att
869 1001 100 37 något
992 1000 249 38 minimibelopp
1268 1001 30 37 ej
1327 1000 179 30 fastställes
1532 1000 53 30 för
1611 1000 170 30 kommun-

288 1046 160 38 bidraget.
494 1046 66 31 Det
584 1055 97 29 synes
704 1045 167 38 nämligen
894 1053 82 24 vara
1001 1044 165 38 naturligt
1191 1054 74 29 nog,
1291 1054 52 21 om
1367 1047 108 28 staten
1500 1044 54 31 för
1580 1044 58 31 sitt
1663 1043 118 38 bidrag

288 1091 196 31 förutsätter
507 1094 48 28 ett
578 1090 82 31 visst
683 1090 138 31 intresse
845 1090 89 31 inom
957 1089 63 31 den
1044 1089 164 38 kommun,
1233 1099 68 21 som
1323 1089 55 30 får
1403 1088 103 39 draga
1530 1092 97 35 nytta
1652 1099 40 21 av
1718 1088 63 31 den

286 1135 309 32 statsunderstödda
619 1135 257 31 verksamheten.

328 1180 76 31 Med
431 1190 46 20 nu
503 1180 120 38 gjorda
648 1180 188 37 erinringar
863 1180 59 29 vill
949 1180 161 37 styrelsen
1136 1179 139 31 sålunda
1302 1179 53 30 för
1382 1179 51 30 sin
1459 1178 52 31 del
1539 1178 167 38 tillstyrka
1734 1182 45 26 ett

288 1225 94 30 bifall
404 1225 52 30 till
477 1224 175 31 motionen.

674 1323 66 29 För
761 1322 146 31 Svenska
926 1321 289 32 stadsförbundets
1236 1321 153 38 styrelse:

899 1411 39 30 A.
963 1412 201 36 Borgström.

891 1463 74 26 Dess
988 1463 186 26 ordförande.

1404 1606 158 37 Henning
1584 1606 153 30 Karlson.

328 1723 186 30 Stockholm
536 1723 63 29 den
619 1723 39 29 20
680 1722 148 31 februari
851 1723 89 29 1929.

685 2502 172 33 Stockholm,
895 2505 91 26 Oskar
1014 2503 127 28 Eklunds
1170 2504 97 34 boktr.,
1311 2511 64 27 1922
