1896 2784
442 182 125 39 Tredje
586 180 246 41 lagutskottets
853 179 179 30 utlåtande
1051 188 43 20 nr
1113 179 38 29 21
1172 178 39 30 år
1231 177 84 30 1957
1593 174 40 30 29

128 279 81 20 vara
232 277 81 22 ense
337 277 56 21 om
417 269 49 28 att
491 267 100 39 lagen
615 266 61 30 bör
700 264 148 31 omfatta
874 265 110 29 dessa.
1021 261 351 40 Kammarkollegiets
1397 260 63 31 och
1488 261 143 29 domän-

128 320 187 39 styrelsens
336 317 275 40 betänkligheter
632 317 79 29 med
730 316 138 39 hänsyn
890 314 52 30 till
963 315 41 29 de
1024 313 164 30 befarade
1210 312 260 39 svårigheterna
1493 312 60 33 att,
1575 320 57 21 om

128 371 103 39 något
253 370 178 38 undantag
451 368 30 40 ej
507 369 109 38 göres,
639 367 182 39 tillgodose
843 366 57 30 det
923 364 128 31 sociala
1074 364 162 30 intresset
1260 373 41 21 av
1323 363 50 29 att
1395 361 236 31 allmänheten

131 420 54 30 får
207 419 221 40 möjligheter
451 419 52 29 till
528 417 212 30 fritidsfiske
765 425 102 31 synes
892 415 69 39 mig
985 415 31 39 ej
1044 414 207 40 avgörande.
1275 413 111 39 Något
1409 412 126 30 hinder
1559 413 73 28 mot

128 474 49 27 att
197 471 57 31 vid
278 480 46 30 ny
346 469 352 40 arrendeupplåtelse,
720 468 84 30 varå
826 468 113 30 denna
962 467 57 39 lag
1038 465 67 30 blir
1127 465 196 39 tillämplig,
1348 464 121 38 stadga
1491 463 68 30 den
1581 463 50 29 in-

128 522 263 39 skränkningen
417 523 49 28 att
492 519 322 31 fiskearrendatorn
841 518 54 30 får
919 517 100 30 finna
1047 516 50 41 sig
1122 516 10 29 i
1157 518 49 28 att
1231 516 72 30 rätt
1328 515 52 30 till
1406 513 190 41 sportfiske
1620 513 12 29 i

128 573 192 39 begränsad
346 571 212 40 omfattning
583 570 160 40 upplåtes
771 570 20 29 å
816 570 57 29 det
898 567 272 31 utarrenderade
1196 566 226 31 fiskevattnet
1447 565 185 39 föreligger

131 623 44 39 ej.
194 624 13 29 I
228 622 100 39 fråga
347 631 57 21 om
422 622 96 30 äldre
537 620 213 40 upplåtelser
768 620 72 28 kan
857 619 58 29 vid
933 618 113 30 behov
1064 617 270 40 möjligheterna
1352 616 51 30 till
1423 615 149 39 ändring
1592 623 42 21 av

131 673 320 30 arrendevillkoren
468 671 58 30 vid
546 671 143 39 förnyat
706 670 147 30 arrende
872 669 190 30 användas.

175 724 175 31 Eftersom
368 724 136 29 kronan
520 722 77 30 icke
615 723 38 29 är
670 721 240 30 underkastad
928 719 264 40 lagstiftningen
1210 728 56 20 om
1285 718 127 31 sociala
1428 717 207 40 jordbruks-

132 775 169 31 arrenden
317 775 61 29 bör
393 773 193 30 emellertid
601 771 360 39 fiskearrendelagens
977 768 386 42 tillämpningsområde
1379 768 188 39 begränsas
1584 767 52 30 så-

132 825 143 36 tillvida,
293 826 51 29 att
360 825 98 39 lagen
475 824 30 40 ej
526 824 66 30 blir
609 822 187 41 tillämplig
812 822 46 40 på
875 822 172 34 fiskerätt,
1067 830 74 21 som
1159 820 159 41 upplåtes
1344 820 5 29 i
1368 818 170 31 samband
1556 817 80 31 med

130 876 338 40 jordbruksarrende
486 884 43 22 av
545 874 204 39 kronojord.

175 928 12 29 I
212 926 313 40 fiskeristyrelsens
549 925 133 40 förslag
705 924 139 40 gjordes
869 923 181 38 undantag
1073 922 131 40 jämväl
1229 921 55 30 för
1330 920 305 40 upplåtelse,

134 987 96 21 som
271 987 53 20 en
364 975 454 31 fiskearrendator
851 973 11 29 i
895 973 137 31 vissa
1075 972 96 30 fall
1214 971 196 30 företar
1453 969 184 31 beträf-

134 1028 146 31 fande
321 1028 78 29 det
437 1037 54 21 av
528 1027 175 29 honom
742 1024 343 31 arrenderade
1124 1023 171 30 fisket.
1337 1022 102 29 Detta
1462 1029 176 22 samman-

130 1079 137 40 hängde
287 1079 79 29 med
386 1080 50 28 att
456 1077 108 40 enligt
584 1078 57 29 det
660 1077 156 29 nämnda
836 1076 166 39 förslaget
1022 1084 43 21 en
1086 1073 308 33 fiskearrendator,
1417 1081 75 21 som
1513 1072 11 29 i
1546 1072 90 39 följd

135 1139 41 21 av
199 1129 166 40 sjukdom
389 1129 81 29 eller
495 1136 118 21 annan
637 1127 97 40 dylik
758 1127 106 30 orsak
886 1125 98 30 blivit
1011 1134 41 21 ur
1079 1125 101 31 stånd
1205 1126 51 29 att
1282 1124 89 39 själv
1396 1122 97 32 driva
1520 1122 117 34 fisket,

135 1181 112 29 skulle
268 1181 63 38 äga
351 1181 68 28 rätt
440 1180 50 30 att
511 1180 87 28 även
620 1180 85 28 utan
728 1177 179 40 samtycke
929 1185 42 22 av
991 1176 210 40 jordägaren
1222 1175 73 29 helt
1318 1174 81 30 eller
1420 1173 109 31 delvis
1552 1182 87 31 upp-

135 1232 68 29 låta
220 1230 301 40 nyttjanderätten
538 1229 53 31 till
609 1237 117 22 annan
742 1237 138 31 person,
897 1228 89 30 dock
1004 1227 102 39 högst
1123 1227 53 30 för
1194 1226 66 30 den
1277 1225 51 30 tid
1346 1225 173 30 varunder
1538 1224 101 30 hind-

134 1283 51 28 ret
201 1281 117 30 kunde
334 1281 171 30 beräknas
521 1288 94 23 vara.
631 1279 110 39 Något
758 1278 190 40 stadgande
965 1287 57 21 om
1040 1287 42 21 en
1099 1277 109 30 sådan
1226 1277 79 34 rätt,
1322 1276 115 30 vilken
1454 1275 77 30 icke
1549 1274 88 31 före-

135 1332 105 40 ligger
261 1332 55 30 för
335 1330 409 41 jordbruksarrendator,
765 1330 65 29 har
849 1329 76 30 icke
944 1328 187 39 medtagits
1150 1327 11 30 i
1183 1328 456 39 departementspromemo-

135 1383 93 29 rians
246 1382 197 39 lagförslag.
471 1382 79 30 Med
565 1382 116 29 denna
698 1380 220 40 ståndpunkt
935 1378 181 31 bortfaller
1134 1378 105 39 enligt
1255 1376 259 42 promemorian
1533 1376 106 31 också

136 1433 200 40 problemet,
359 1431 173 31 huruvida
555 1430 342 39 fiskearrendelagen
919 1430 61 29 bör
1002 1438 84 21 vara
1107 1428 185 40 tillämplig
1315 1428 45 40 på
1381 1436 40 21 en
1445 1427 195 40 upplåtelse

136 1493 42 21 av
200 1483 266 39 ifrågavarande
492 1482 84 39 slag.
612 1482 166 29 Häremot
802 1481 64 29 har
890 1480 104 39 ingen
1019 1480 142 29 erinran
1188 1479 110 39 gjorts
1324 1478 109 29 under
1456 1477 184 30 remissbe-

135 1534 222 39 handlingen.

180 1585 116 38 Enligt
319 1584 74 29 min
415 1582 143 40 mening
581 1582 184 39 föreligger
789 1581 30 40 ej
849 1580 209 39 tillräckliga
1083 1580 76 30 skäl
1183 1581 50 28 att
1258 1580 79 29 med
1361 1578 174 31 avvikelse
1560 1578 79 30 från

136 1635 214 39 regleringen
372 1633 220 30 beträffande
614 1634 41 29 de
679 1632 129 31 sociala
830 1631 387 41 jordbruksarrendena
1240 1630 121 39 medge
1383 1629 257 30 fiskearrenda-

136 1688 78 27 torn
229 1687 69 28 rätt
315 1686 50 28 att
381 1684 192 31 oberoende
590 1693 41 21 av
648 1684 178 39 samtycke
843 1682 80 31 från
939 1681 315 40 fastighetsägaren
1271 1680 144 40 upplåta
1431 1679 209 31 fiskerätten

135 1736 82 30 eller
238 1745 43 21 en
303 1736 54 29 del
379 1736 107 29 därav
507 1735 54 29 till
582 1744 128 20 annan.
732 1734 79 30 Med
834 1732 333 40 fastighetsägarens
1191 1731 179 40 samtycke
1392 1731 70 29 kan
1485 1731 156 30 emeller-

136 1787 50 29 tid
209 1786 144 40 givetvis
376 1795 42 20 en
442 1785 98 40 dylik
562 1785 194 40 upplåtelse
780 1785 63 38 äga
867 1793 88 21 rum.
980 1784 13 29 I
1017 1783 120 39 dylika
1160 1783 61 29 fall
1245 1783 98 29 torde
1367 1782 193 40 problemet
1583 1791 58 20 om

137 1837 359 39 fiskearrendelagens
529 1835 247 40 tillämplighet
806 1835 151 29 kvarstå.
989 1833 171 39 Vanligen
1189 1834 99 29 torde
1319 1833 57 29 det
1405 1832 123 30 därvid
1558 1841 84 20 vara

136 1887 99 39 fråga
258 1896 57 20 om
339 1895 95 21 mera
457 1886 175 39 tillfälliga
656 1885 224 40 upplåtelser,
903 1886 23 27 t.
950 1894 51 20 ex.
1024 1884 58 29 vid
1107 1884 166 38 sjukdom
1296 1883 64 30 hos
1383 1883 259 29 fiskearrenda-

136 1940 89 31 torn,
251 1937 121 30 varvid
398 1936 404 39 fiskerättsupplåtelsen
829 1936 176 38 knappast
1032 1935 71 28 kan
1129 1934 46 29 bli
1202 1943 42 20 av
1269 1933 169 39 väsentlig
1464 1933 177 39 betydelse

140 1989 52 29 för
210 1989 65 29 den
294 1987 170 40 tillfällige
482 1986 357 31 fiskerättshavarens
858 1984 227 40 försörjning.
1106 1984 91 29 även
1217 1993 56 20 om
1293 1983 218 40 upplåtelsen
1531 1983 112 30 skulle

137 2038 47 30 bli
205 2048 42 20 av
268 2039 118 38 längre
407 2037 231 40 varaktighet,
661 2037 97 29 torde
780 2036 58 30 det
859 2045 42 20 av
922 2036 119 39 lagens
1064 2035 112 39 grund
1198 2034 36 30 få
1257 2043 101 21 anses
1381 2034 96 39 följa,
1501 2036 51 27 att
1575 2035 67 29 den

138 2089 244 40 ursprunglige
404 2088 324 29 fiskearrendatorn
750 2087 90 29 skall
861 2088 63 38 äga
944 2087 70 30 rätt
1035 2087 50 29 att
1107 2085 214 30 återinträda
1341 2085 11 29 i
1374 2085 162 29 arrendet
1558 2086 83 28 utan

138 2141 50 27 alt
207 2140 132 29 behöva
362 2140 110 28 mötas
493 2148 42 19 av
555 2137 263 39 invändningen
839 2139 50 28 att
910 2137 77 33 den,
1009 2137 52 28 till
1081 2136 116 30 vilken
1218 2136 70 29 han
1310 2136 54 29 för
1385 2145 42 20 en
1446 2135 196 40 begränsad

139 2189 118 40 period
284 2189 151 39 upplålit
461 2189 173 33 arrendet,
662 2188 154 39 skyddas
844 2197 42 20 av
912 2187 353 38 fiskearrendelagen.
1294 2188 12 28 I
1335 2186 218 29 tveksamma
1581 2186 63 28 fall

139 2240 69 28 kan
227 2240 86 28 även
332 2239 63 28 här
413 2239 56 29 vid
489 2238 146 29 avtalets
654 2238 171 38 ingående
844 2238 149 37 utvägen
1013 2238 77 28 med
1111 2236 141 39 dispens
1273 2236 79 29 från
1372 2236 272 29 arrendenämn-

139 2290 66 28 den
225 2289 267 38 ifrågakomma.
513 2288 77 29 Med
612 2288 137 38 hänsyn
771 2287 51 29 till
844 2288 57 28 det
920 2287 150 29 anförda
1091 2295 101 22 anser
1211 2286 60 39 jag
1292 2286 104 39 något
1418 2285 143 30 särskilt
1582 2294 62 20 un-

139 2339 340 39 dantagsstadgande
500 2339 45 38 på
565 2338 113 29 denna
698 2337 115 40 punkt
834 2337 74 29 icke
929 2336 231 39 erforderligt.

187 2390 11 28 I
216 2387 518 41 departementspromemorian
752 2387 191 30 behandlas
960 2387 118 29 vidare
1096 2388 47 28 ett
1160 2396 41 20 av
1219 2386 107 38 några
1344 2385 302 30 remissinstanser

144 2440 162 29 framfört
330 2439 130 39 förslag
484 2448 57 20 om
565 2438 181 38 undantag
769 2437 55 30 för
870 2436 292 40 upplåtelse
1209 2436 112 30 från
1367 2437 155 38 ägare,
1572 2436 74 29 för

143 2490 169 29 vilken
352 2489 159 29 fiskel
549 2490 50 28 är
637 2498 51 20 av
725 2487 259 39 väsenllig
1023 2486 274 40 betydelse.
1337 2487 109 38 Något
1467 2486 180 39 undantag
