1880 2784
432 171 124 40 Tredje
577 170 247 40 lagutskottets
844 171 179 31 utlåtande
1042 181 43 20 nr
1103 171 40 30 21
1164 171 39 30 år
1223 171 83 30 1957
1583 171 38 30 73

116 256 115 30 staten
252 264 77 21 som
351 255 234 40 arbetsgivare
607 273 44 4 —
672 265 102 20 anser
796 256 33 29 vi
853 255 106 30 likväl
981 257 51 28 att
1055 255 96 30 såväl
1174 255 122 30 socialt
1318 255 182 39 betingade
1524 255 97 39 lagar

117 315 76 21 som
210 307 112 29 andra
340 307 10 29 i
369 306 135 40 princip
523 306 77 31 icke
620 306 63 30 bör
702 306 102 30 ställa
822 306 138 29 kronan
978 306 84 30 eller
1081 307 115 29 staten
1214 306 11 29 i
1244 305 237 39 särställning.

162 356 66 30 Till
257 366 48 20 nu
336 357 153 30 nämnda
516 356 260 40 invändningar
807 366 43 21 av
878 356 282 40 huvudsakligen
1189 356 197 40 principiell
1416 358 104 27 natur
1550 356 70 29 kan

116 407 193 31 emellertid
328 407 99 40 fogas
446 407 177 40 åtskilliga
642 407 120 30 andra.

161 458 322 40 Domänstyrelsen,
508 467 77 21 som
610 458 10 30 i
646 458 94 30 detta
766 458 267 39 sammanhang,
1059 458 79 30 med
1165 458 144 30 särskilt
1334 457 191 40 eftertryck
1551 458 71 30 fört

117 509 155 30 kronans
295 509 107 34 talan,
424 509 64 29 har
509 509 197 30 framhållit
728 509 73 30 dels
824 509 201 39 betydelsen
1047 518 44 21 av
1113 510 51 29 att
1189 508 269 40 möjligheterna
1480 510 51 28 att
1554 508 68 30 till-

117 559 214 30 handahålla
355 559 237 31 allmänheten
619 559 165 40 lämpliga
808 559 237 30 fritidsfisken
1071 560 76 30 icke
1174 559 188 35 försvåras,
1388 559 73 30 dels
1487 560 52 29 att
1565 559 57 29 det

117 610 56 30 för
195 610 251 30 domänverket
468 611 38 29 är
529 610 182 39 angeläget
733 611 51 29 att
807 610 122 30 kunna
952 610 148 39 erbjuda
1123 610 77 30 sina
1223 610 265 39 skogsarbetare
1511 609 111 40 lämp-

117 660 69 39 liga
211 660 247 30 fritidsfisken.
485 661 110 30 Dessa
623 661 321 39 domänstyrelsens
970 661 221 39 synpunkter
1217 669 103 31 synes
1345 660 47 30 ha
1418 660 124 30 vunnit
1568 661 55 28 ut-

117 711 149 30 skottets
283 711 117 39 gehör.
418 711 202 30 Emellertid
639 712 38 29 är
694 712 50 29 att
761 711 125 30 märka
903 713 51 27 att
969 729 45 3 —
1030 711 117 30 såsom
1165 711 65 30 ock
1247 711 253 39 föredragande
1518 712 105 29 stats-

120 761 98 31 rådet
241 761 196 31 framhållit
465 761 115 41 (prop.
605 772 26 20 s.
655 762 39 30 47
719 762 41 35 f.)
788 781 45 3 —
855 762 281 40 propositionens
1161 763 197 39 antagande
1382 762 10 30 i
1416 762 206 30 oförändrat

118 812 100 30 skick
233 812 77 30 icke
325 812 150 30 behöver
491 814 168 38 äventyra
677 812 57 30 det
749 813 11 29 i
777 812 66 30 och
859 812 55 30 för
929 813 51 39 sig
996 812 103 40 högst
1115 812 316 40 behjärtansvärda
1447 812 107 40 syftet
1571 814 52 27 att

118 863 181 39 tillgodose
322 863 256 30 allmänhetens
601 863 148 31 intresse
773 873 43 19 av
839 865 51 27 att
911 863 167 40 lämpliga
1101 863 213 30 fiskevatten
1337 862 285 31 tillhandahålles

117 913 57 30 för
193 913 223 30 fritidsfiske.
437 914 74 29 Den
533 914 112 29 andra
666 923 42 20 av
728 914 303 39 domänstyrelsen
1053 913 197 31 framförda
1271 913 227 41 synpunkten
1519 914 39 29 är
1581 922 43 20 av

118 964 68 30 den
202 964 247 30 beskaffenhet
466 966 51 28 att
534 965 68 29 den
620 964 78 30 med
716 964 72 30 lika
806 965 73 29 stor
896 965 70 29 rätt
985 964 71 30 kan
1074 964 216 30 framställas
1308 972 44 22 av
1368 964 117 30 vilken
1503 964 120 39 skogs-

119 1016 103 38 ägare
240 1023 76 21 som
333 1014 101 30 helst.
453 1016 13 29 I
485 1014 65 30 och
569 1014 56 30 för
644 1014 51 40 sig
714 1016 38 29 är
770 1015 58 30 det
846 1014 64 30 alls
928 1014 77 31 icke
1024 1015 176 39 märkligt,
1220 1016 50 28 att
1290 1014 303 40 domänstyrelsen
1612 1014 11 29 i

118 1065 175 39 egenskap
319 1073 43 22 av
385 1064 188 32 förvaltare
598 1074 43 21 av
664 1065 155 30 kronans
845 1066 70 28 rätt
941 1065 103 30 söker
1069 1065 219 39 tillvarataga
1313 1064 155 30 kronans
1493 1065 130 40 privat-

119 1115 231 30 ekonomiska
373 1115 158 36 intresse,
557 1124 81 21 men
663 1116 32 30 vi
720 1115 118 30 finner
862 1115 58 30 det
944 1116 184 40 olämpligt
1152 1117 51 28 att
1227 1115 151 31 tillmäta
1404 1116 115 30 denna
1544 1124 80 31 syn-

120 1166 113 39 punkt
260 1166 197 39 avgörande
483 1166 189 39 betydelse,
698 1166 107 30 vilket
833 1166 112 30 skulle
972 1166 37 30 få
1034 1166 54 29 till
1115 1166 89 39 följd
1232 1168 52 27 att
1310 1166 137 30 kronan
1473 1165 151 40 lagstift-

119 1216 215 39 ningsvägen
353 1216 137 30 skaffar
511 1216 52 40 sig
583 1216 162 35 fördelar,
766 1226 75 20 som
861 1216 67 30 den
947 1216 159 31 enskilde
1125 1217 159 29 kommer
1303 1218 51 29 att
1374 1217 120 30 sakna.

165 1320 394 39 Sammanfattningsvis
577 1320 56 30 får
650 1321 33 29 vi
701 1321 103 30 alltså
822 1320 134 38 anföra,
975 1322 51 28 att
1044 1320 34 30 vi
1097 1321 117 29 finner
1231 1321 263 40 propositionen
1513 1321 11 29 i
1542 1321 83 29 den-

120 1380 46 20 na
189 1371 54 29 del
268 1371 218 39 välgrundad
510 1371 66 30 och
600 1380 103 21 anser
727 1373 51 28 att
806 1371 99 39 lagen
930 1371 62 30 bör
1017 1371 92 40 gälla
1133 1372 71 30 lika
1230 1372 56 29 för
1309 1371 69 30 alla
1404 1372 84 29 utan
1513 1371 112 30 andra

121 1422 179 39 undantag
318 1423 45 29 än
380 1422 57 30 det
455 1431 75 21 som
548 1422 179 39 upptagits
743 1422 11 29 i
775 1423 14 28 1
812 1421 16 37 8
848 1422 110 30 andra
977 1422 136 39 stycket
1130 1422 12 29 i
1159 1422 282 40 propositionens
1459 1421 163 40 förslag.»

164 1472 73 30 dels
258 1473 66 29 ock
344 1474 114 28 ansett
479 1474 50 29 att
550 1472 172 30 utskottet
743 1473 10 29 i
775 1472 153 39 enlighet
949 1473 79 29 med
1050 1472 58 30 det
1130 1472 148 30 anförda
1301 1474 12 29 i
1334 1472 116 30 denna
1470 1472 55 30 del
1547 1472 78 30 bort

125 1524 196 33 hemställa,

478 1575 50 28 att
552 1573 187 40 riksdagen
762 1573 109 32 måtte

472 1624 39 29 A.
537 1624 79 30 med
637 1624 118 39 avslag
774 1624 20 30 å
814 1624 219 30 motionerna
1055 1624 29 30 I:
1100 1624 64 30 513
1186 1623 65 31 och
1272 1624 46 30 II:
1334 1623 74 34 648,
1430 1624 28 29 I:
1474 1623 63 31 514
1558 1623 66 30 och

419 1675 44 29 IT:
479 1674 63 31 646
564 1676 92 28 samt
676 1675 44 29 II:
736 1674 62 31 647
821 1674 55 31 för
896 1674 54 30 sin
970 1675 54 30 del
1046 1676 128 38 antaga
1193 1675 58 30 det
1271 1682 126 32 genom
1417 1674 208 41 propositio-

432 1734 66 21 nen
517 1725 198 39 framlagda
736 1725 167 39 förslaget
923 1725 51 30 till
995 1725 55 39 lag
1072 1734 58 21 om
1150 1725 282 35 fiskearrenden;

476 1776 33 30 C.
535 1775 56 30 för
613 1776 55 30 sin
689 1776 53 30 del
766 1777 127 38 antaga
915 1776 57 29 det
995 1783 126 32 genom
1143 1775 263 41 propositionen
1430 1775 196 39 framlagda

432 1826 167 39 förslaget
621 1826 52 29 till
696 1826 207 38 förordning
926 1835 57 20 om
1005 1826 136 30 ändrad
1164 1826 130 39 lydelse
1317 1835 43 20 av
1383 1825 41 31 46
1449 1825 16 37 8
1492 1826 135 29 förord-

431 1876 128 39 ningen
577 1876 68 29 den
664 1876 39 30 22
721 1876 78 39 juni
821 1876 83 29 1934
922 1876 179 39 angående
1121 1876 152 39 grunder
1291 1876 56 29 för
1365 1876 260 38 förvaltningen

430 1935 42 20 av
491 1926 70 29 viss
581 1926 294 39 kronoegendom.

168 2027 40 29 II.
238 2026 188 32 (avseende
451 2026 190 30 utskottets
666 2026 211 31 hemställan
904 2026 110 30 under
1039 2026 39 32 A.
1104 2035 59 21 om
1187 2026 118 39 avslag
1331 2026 20 30 å
1375 2026 178 30 motionen
1580 2026 45 31 II:

122 2077 81 33 649)
226 2086 42 20 av
286 2077 122 29 herrar
426 2077 93 31 Ebbe
539 2077 153 30 Ohlsson
713 2077 65 30 och
796 2077 220 36 Stiernstedt,
1034 2077 96 30 vilka
1148 2077 11 29 i
1178 2077 115 30 denna
1312 2077 55 30 del

167 2128 72 29 dels
258 2127 120 30 anfört
397 2127 171 39 följande:

169 2178 33 29 »I
219 2177 505 39 övergångsbestämmelserna
744 2178 52 29 till
814 2178 68 29 den
901 2186 67 30 nya
986 2177 101 39 lagen
1106 2177 147 30 föreslås
1272 2177 10 29 i
1301 2178 111 30 andra
1430 2178 64 29 och
1514 2178 113 39 tredje

122 2228 168 38 styckena
311 2228 44 29 bl.
378 2237 29 20 a.
432 2229 50 29 att
503 2228 67 29 den
594 2236 68 30 nya
683 2228 118 38 lagens
824 2227 110 39 regler
955 2236 57 20 om
1035 2228 212 39 optionsrätt
1269 2228 112 29 under
1401 2228 92 29 vissa
1516 2228 111 29 förut-

129 2278 195 39 sättningar
344 2278 89 29 skall
452 2278 62 39 äga
535 2278 157 39 giltighet
710 2279 85 28 även
815 2278 44 40 på
879 2278 101 33 avtal,
1000 2287 76 20 som
1096 2279 80 38 äger
1194 2278 145 30 bestånd
1361 2279 106 29 redan
1485 2279 56 29 vid
1562 2279 65 29 den

125 2327 165 40 tidpunkt
308 2327 45 30 då
372 2328 66 29 den
457 2337 67 30 nya
543 2328 118 29 träder
678 2327 10 29 i
707 2327 105 30 kraft.
832 2328 115 38 Lagen
967 2327 113 30 skulle
1099 2328 79 29 med
1196 2327 110 30 andra
1326 2328 62 29 ord
1407 2328 11 29 i
1438 2328 115 30 denna
1574 2328 53 29 del

124 2378 230 29 tillerkännas
372 2377 322 30 tillbakaverkande
711 2377 106 30 kraft.

170 2428 11 29 I
208 2428 179 29 motionen
413 2428 44 29 II:
474 2427 63 30 649
563 2427 65 30 har
656 2428 110 29 under
792 2427 219 40 åberopande
1038 2436 43 20 av
1106 2428 219 39 principiella
1351 2428 278 39 betänkligheter

124 2478 121 39 yrkats
272 2480 51 27 att
349 2478 523 39 övergångsbestämmelsernas
900 2478 108 29 andra
1035 2477 66 30 och
1128 2478 111 39 tredje
1267 2478 145 39 stycken
1441 2479 88 29 skall
1557 2478 72 31 helt

125 2529 91 38 utgå.

150 2595 17 24 6
208 2595 110 30 Bihang
331 2595 47 24 till
388 2594 169 31 riksdagens
568 2594 148 31 protokoll
729 2595 76 24 1957.
828 2595 12 23 9
850 2594 83 24 saml.
952 2594 15 24 3
979 2594 65 25 avd.
1064 2594 40 24 Nr
1120 2596 31 24 21
