1938 2848
78 1213 180 30 Generalpost-

89 1248 153 23 direktören.

291 188 38 31 10
762 191 250 28 Bankoutskottets
1037 190 144 29 utlåtande
1203 191 45 27 Nr
1272 191 47 28 42.

288 274 92 30 gren,
406 274 102 30 synes
543 274 76 21 man
654 264 87 31 dock
774 263 74 32 icke
882 265 82 30 utan
998 265 111 40 någon
1138 263 69 32 tids
1234 263 192 32 erfarenhet
1448 263 82 32 böra
1552 263 137 42 vidtaga
1711 265 76 31 änd-

288 314 114 40 ringar
424 313 12 31 i
459 314 41 31 de
525 314 143 31 sålunda
690 313 194 33 fastställda
911 314 186 42 avgifterna
1119 317 82 28 utan
1225 316 48 29 att
1296 313 169 33 särskilda
1488 314 70 31 skäl
1575 314 115 31 därtill
1706 315 81 31 före-

288 363 98 41 ligga.
434 364 120 31 Såsom
590 375 39 20 av
664 364 58 32 det
744 364 204 41 föregående
972 365 153 40 framgår,
1150 364 85 31 hava
1259 364 189 31 emellertid
1470 364 103 32 redan
1597 366 104 39 några
1725 367 62 29 må-

289 413 106 32 nader
417 414 74 31 från
514 415 327 41 postgirorörelsens
865 415 121 40 början
1009 415 151 41 påvisats
1183 414 88 32 vissa
1297 415 227 41 olägenheter,
1542 426 73 21 som
1638 414 93 32 bliva
1747 426 40 20 en

289 463 84 42 följd
408 475 40 20 av
482 464 41 32 de
557 476 47 20 nu
638 465 163 41 stadgade
835 465 196 41 avgifterna,
1057 465 101 31 såvitt
1192 465 41 31 de
1257 476 77 20 avse
1359 465 214 42 utbetalning
1595 465 54 31 till
1672 465 115 31 konto-

288 514 206 32 innehavare
517 515 73 31 från
613 515 130 32 dennes
767 518 75 38 eget
865 515 271 42 postgirokonto.
1171 515 53 31 Då
1247 526 41 20 en
1305 515 93 42 dylik
1415 515 254 42 omständighet
1686 526 101 31 synes

289 565 110 41 ägnad
434 567 50 30 att
516 565 151 32 försvåra
701 566 65 31 den
801 566 60 31 allt
885 568 109 29 större
1017 566 198 41 anslutning
1237 566 51 31 till
1311 566 318 41 postgirorörelsen,
1655 577 74 21 som
1752 568 36 29 är

289 615 180 39 önskvärd,
493 616 53 31 för
568 618 49 29 att
640 616 198 32 densamma
861 616 86 32 skall
963 617 81 41 fylla
1061 616 60 32 sitt
1137 616 156 31 ändamål
1308 618 50 29 att
1373 616 193 31 underlätta
1581 616 206 42 betalnings-

288 666 163 38 rörelsen,
475 666 98 31 torde
607 678 42 19 en
679 666 177 42 jämkning
879 678 39 20 av
941 666 304 32 bestimmelserna
1267 667 11 30 i
1301 667 112 31 denna
1437 666 55 32 del
1514 666 32 31 få
1569 677 101 21 anses
1694 667 93 32 moti-

288 716 103 31 verad
424 716 110 31 under
571 717 245 41 förutsättning
849 717 96 38 dock,
970 719 49 30 att
1052 717 326 42 postgirorörelsens
1412 716 157 33 ekonomi
1595 717 128 32 tillåter
1745 729 41 20 en

288 766 104 31 sådan
428 767 127 41 åtgärd.
600 767 52 31 Av
686 767 66 32 den
786 768 192 41 utredning,
1003 768 387 41 generalpoststyrelsen
1413 768 11 31 i
1449 767 119 32 sådant
1591 768 196 31 hänseende

287 817 182 41 förebragt,
493 817 59 31 vill
575 817 58 32 det
657 829 111 30 synas,
787 829 73 20 som
884 829 56 20 om
963 818 199 41 bärigheten
1185 829 41 20 av
1247 818 309 41 postgirorörelsen
1579 818 74 31 icke
1678 818 108 32 skulle

288 869 181 40 äventyras
502 878 122 31 genom
660 870 57 37 att,
741 870 44 39 på
808 870 68 29 sätt
900 868 203 41 föreslagits,
1128 868 146 42 avgiften
1297 880 45 19 nu
1366 868 177 41 borttoges
1565 868 57 31 vid
1645 869 142 31 utbetal-

287 917 82 42 ning
393 917 51 32 till
467 918 313 32 kontoinnehavare
804 918 72 31 från
901 919 130 31 dennes
1055 921 75 39 eget
1152 918 271 42 postgirokonto.
1462 918 81 32 Med
1565 919 134 42 hänsyn
1716 919 70 32 här-

287 968 53 31 till
373 978 101 21 anser
505 968 56 41 jag
594 968 69 42 mig
684 969 74 31 icke
781 969 83 31 böra
887 971 162 29 motsätta
1072 969 77 41 mig,
1173 970 50 30 att
1246 969 64 31 den
1334 980 39 20 av
1397 969 388 42 generalpoststyrelsen

287 1018 181 32 förordade
502 1019 188 41 ändringen
724 1019 212 32 beträffande
970 1019 381 42 utbetalningsavgiften
1387 1031 47 19 nu
1468 1020 225 41 genomföres,
1722 1020 63 31 och

286 1069 99 31 torde
418 1069 146 31 berörda
597 1069 144 42 ändring
773 1069 184 42 lämpligen
990 1070 83 31 böra
1106 1069 97 32 träda
1225 1070 11 30 i
1260 1070 217 41 tillämpning
1500 1072 132 29 snarast
1655 1070 131 41 möjligt

288 1120 84 30 efter
395 1119 58 31 det
475 1119 117 41 frågan
615 1120 86 31 varit
723 1120 141 31 föromål
887 1120 52 31 för
961 1119 201 42 riksdagens
1185 1120 174 42 prövning.

340 1204 67 31 Till
431 1204 167 31 utskottet
621 1204 61 31 har
704 1205 72 31 från
801 1205 254 31 vederbörande
1076 1205 234 41 departement
1325 1205 110 31 under
1450 1205 91 32 hand
1558 1205 226 32 överlämnats

288 1266 41 20 en
363 1266 40 19 av
436 1255 414 41 generalpostdirektören
885 1255 189 39 utarbetad,
1099 1256 65 31 den
1198 1256 41 31 30
1265 1256 173 31 nästlidna
1461 1267 88 20 mars
1573 1256 212 41 dagtecknad

286 1305 236 41 promemoria,
548 1305 72 31 däri
653 1306 414 41 generalpostdirektören
1091 1324 40 4 —
1154 1306 78 32 med
1258 1306 164 32 förmälan
1446 1308 49 30 att
1518 1306 65 31 han
1607 1308 44 39 på
1674 1307 111 41 grund

285 1367 40 20 av
359 1356 204 41 tjänsteresa
595 1356 87 32 varit
715 1356 199 32 förhindrad
948 1358 50 30 att
1027 1357 134 41 deltaga
1184 1357 11 31 i
1218 1357 253 42 behandlingen
1495 1369 39 19 av
1557 1369 45 19 nu
1625 1357 158 41 ifrågava-

285 1406 105 31 rande
413 1406 125 31 ärende
563 1425 38 3 —
623 1408 44 40 på
691 1407 140 31 anförda
858 1407 73 31 skäl
955 1407 179 38 meddelat,
1152 1409 49 29 att
1224 1408 66 30 han
1313 1408 73 31 icke
1410 1408 129 31 kunnat
1561 1408 135 31 biträda
1719 1410 64 40 sty-

285 1456 131 32 relsens
439 1456 116 32 beslut
577 1457 11 30 i
611 1457 141 31 ärendet
774 1459 81 29 utan
880 1457 141 31 instämt
1044 1457 11 31 i
1079 1457 58 32 det
1159 1469 40 20 av
1215 1458 204 41 byråchefen
1436 1458 109 42 Lager
1561 1458 143 41 avgivna
1720 1461 63 30 sär-

286 1507 110 31 skilda
418 1507 183 41 yttrandet.

339 1565 426 42 Generalpostdirektören
799 1565 204 39 framhåller,
1038 1567 49 30 att
1120 1566 67 31 han
1221 1566 98 42 hyste
1358 1567 41 30 de
1438 1569 126 30 största
1599 1568 184 42 betänklig-

285 1608 96 31 heter
414 1608 53 30 för
500 1610 49 28 att
582 1607 157 42 borttaga
765 1608 384 41 utbetalningsavgiften
1179 1608 56 31 vid
1265 1609 216 41 utbetalning
1511 1610 51 31 till
1584 1610 200 32 kontoinne-

284 1650 156 31 havaren.
487 1649 183 42 Borttoges
705 1650 111 31 denna
849 1650 113 41 avgift,
998 1650 114 31 kunde
1147 1650 57 31 det
1232 1651 75 31 leda
1329 1651 62 37 till,
1417 1654 49 29 att
1490 1663 39 20 en
1554 1652 135 41 mycket
1713 1655 71 29 stor

285 1691 55 32 del
373 1692 313 31 kontoinnehavare
720 1692 52 31 för
804 1692 90 42 varje
929 1692 65 41 dag
1027 1694 116 40 uttoge
1168 1694 18 29 å
1208 1693 256 32 vederbörande
1487 1693 128 32 konton
1638 1694 145 32 influtna

286 1734 119 31 medel.
451 1734 48 31 På
533 1734 93 31 detta
660 1735 68 30 sätt
760 1734 97 32 bleve
892 1734 190 32 emellertid
1115 1735 309 41 postgirorörelsen
1451 1736 11 30 i
1487 1736 103 41 själva
1613 1737 117 31 verket
1753 1737 28 41 ej

285 1778 103 29 annat
422 1778 42 29 än
499 1787 41 20 en
574 1788 45 30 ny
653 1776 90 41 slags
777 1776 421 42 postanvisningsrörelse,
1223 1777 110 32 vilken
1364 1778 190 31 emellertid
1576 1779 135 31 komme
1735 1782 49 28 att

286 1818 99 41 skilja
419 1818 52 41 sig
504 1818 73 31 från
612 1818 65 31 den
712 1818 132 42 vanliga
877 1819 434 41 postanvisningsrörelsen
1335 1820 205 41 därigenom,
1565 1822 49 30 att
1637 1821 11 30 i
1673 1821 110 32 denna

285 1871 119 20 senare
428 1859 186 42 avgifterna
636 1871 80 20 vore
740 1863 37 29 så
799 1863 155 29 avsevärt
976 1861 134 41 mycket
1133 1861 103 41 högre
1260 1863 41 29 än
1324 1862 11 31 i
1358 1862 318 42 postgirorörelsen.

336 1902 305 41 Förutsättningen
676 1902 52 31 för
761 1905 49 28 att
843 1903 319 40 postgirorörelsen,
1186 1905 87 30 trots
1307 1904 41 31 de
1378 1906 93 29 inom
1496 1905 110 31 denna
1629 1907 155 30 avsevärt

284 1944 91 41 lägre
409 1944 188 41 avgifterna
630 1946 41 29 än
705 1944 93 31 inom
826 1945 445 41 postanvisningsrörelsen,
1295 1946 73 31 icke
1393 1946 110 32 skulle
1526 1947 137 31 åsamka
1687 1949 96 30 stats-

284 1987 116 31 verket
434 1988 111 38 någon
568 1986 358 42 inkomstminskning,
950 1998 80 20 vore
1055 1987 46 41 ju,
1125 1989 50 29 att
1197 1987 110 31 medel
1331 1988 110 32 skulle
1464 1989 133 31 komma
1620 1991 50 30 att
1693 1990 89 31 inne-

285 2030 52 29 stå
371 2030 18 29 å
412 2028 158 35 kontona,
595 2028 90 31 vilka
708 2028 119 38 medel,
852 2029 44 31 då
918 2029 43 31 de
984 2030 29 40 ej
1039 2029 245 41 disponerades
1310 2030 220 39 omedelbart,
1554 2043 40 20 av
1616 2032 167 41 postgiro-

284 2071 152 31 rörelsen
475 2071 109 31 skulle
620 2071 116 31 kunna
772 2071 93 41 givas
899 2071 182 41 placering,
1107 2082 72 21 som
1214 2072 250 32 tillförsäkrade
1497 2074 151 31 rörelsen
1676 2076 107 30 ränte-

284 2112 159 32 inkomst.
490 2112 166 32 Utebleve
691 2124 46 20 nu
771 2124 39 20 av
844 2124 86 20 ovan
957 2113 147 32 nämnda
1127 2114 138 31 orsaker
1287 2115 112 31 denna
1421 2116 257 37 ränteinkomst,
1703 2127 79 21 vore

283 2155 37 40 ju
354 2155 133 41 tydligt,
511 2157 50 29 att
593 2155 308 41 postgirorörelsen
935 2156 52 31 för
1019 2156 52 31 sin
1096 2156 353 41 penningebefordran
1472 2158 133 31 komme
1629 2161 50 29 att
1702 2169 81 30 upp-

284 2198 81 30 bära
388 2197 57 31 vid
468 2197 223 41 försändning
716 2198 49 31 till
788 2199 48 29 ett
858 2198 107 31 konto
990 2198 121 31 endast
1132 2198 382 43 inbetalningsavgiften
1538 2202 87 30 samt
1647 2200 57 31 vid
1721 2201 61 31 för-

285 2239 169 41 sändning
468 2239 87 40 från
577 2240 121 30 kontot
721 2240 121 31 endast
869 2240 392 41 utbetalningsavgiften,
1286 2241 32 33 d.
1343 2253 27 20 v.
1396 2252 25 21 s.
1446 2242 149 41 avgifter,
1612 2242 91 31 vilka
1725 2254 58 20 var

284 2281 51 31 för
358 2281 53 41 sig
432 2282 11 30 1
467 2281 210 41 genomsnitt
699 2281 73 32 icke
796 2281 97 32 torde
920 2282 135 31 komma
1077 2284 49 29 att
1149 2285 114 39 uppgå
1286 2283 51 31 till
1361 2295 72 20 mer
1455 2287 42 28 än
1513 2285 129 31 hälften
1659 2296 40 19 av
1716 2284 65 32 den

284 2323 236 40 ovannämnda
543 2324 375 41 genomsnittsavgiften
943 2325 52 30 för
1018 2336 40 19 en
1082 2325 268 42 postanvisning.

338 2365 250 41 Överflyttades
622 2366 419 41 penningeförsändandet
1063 2367 11 30 i
1097 2369 110 39 någon
1236 2369 107 30 större
1368 2368 204 41 omfattning
1594 2368 73 31 från
1692 2372 89 37 post-

272 2407 221 43 anvisnings-
527 2408 51 31 till
612 2408 308 41 postgirorörelsen
955 2409 64 31 och
1041 2409 134 31 komme
1199 2409 41 31 de
1263 2411 19 29 å
1303 2410 255 32 vederbörande
1581 2411 130 31 konton
1735 2411 45 31 in-

283 2449 107 32 flutna
424 2450 134 31 medlen
593 2450 118 31 därvid
746 2450 211 32 omedelbart
991 2453 48 29 att
1074 2453 134 39 uttagas
1231 2470 39 3 —
1293 2452 105 31 vilket
1424 2463 80 21 vore
1527 2453 173 41 antagligt,
1726 2464 53 20 om

283 2492 384 41 utbetalningsavgiften
703 2493 160 41 slopades
887 2512 38 3 —
950 2493 96 32 bleve
1082 2493 132 32 således
1248 2494 138 42 följden,
1411 2496 49 30 att
1490 2496 205 31 statsverket
1717 2495 63 32 till-
