1910 2810
597 178 262 28 Statsutskottets
882 177 167 28 utlåtande
1072 185 38 19 nr
1135 178 69 28 199.
1609 173 39 31 19

396 253 39 31 28
455 252 65 41 maj
543 253 80 31 1943
643 253 139 37 anförts,
802 253 163 41 uppföras
985 252 77 31 med
1081 251 174 32 anlitande
1274 262 40 20 av
1334 251 57 31 det
1409 250 10 31 i
1439 252 90 29 årets
1549 252 97 29 stats-

396 302 317 42 verksproposition
745 302 324 41 (kapitalbudgeten,
1097 301 115 42 bilaga
1238 301 28 38 2,
1294 301 152 41 punkten
1474 301 32 40 6)
1539 300 108 31 under

396 353 334 32 försvarsväsendets
769 352 277 41 fastighetsfond,
1085 351 380 41 marinförvaltningens
1505 350 143 32 delfond

397 403 112 38 därav,
531 403 54 32 för
606 402 202 42 budgetåret
830 402 135 31 1943/44
987 401 134 38 äskade,
1144 412 40 20 av
1206 401 166 31 utskottet
1393 400 189 42 tillstyrkta
1601 400 46 31 in-

397 453 347 42 vesteringsanslaget
781 463 39 21 av
862 452 185 38 10,000,000
1085 452 125 31 kronor
1248 452 54 31 till
1330 451 101 32 Vissa
1459 451 189 42 byggnads-

397 505 140 32 arbeten
562 516 41 19 m.
630 516 40 19 m.

557 652 56 45 III.
678 651 145 59 Frågor
856 664 60 32 om
951 651 283 45 markförvärv.

196 737 63 42 4:0)
284 737 93 33 Mark
399 736 53 34 för
474 733 151 37 Skånska
650 735 322 42 pansarregementet
996 744 38 25 m.
1060 744 38 24 m.
1122 735 128 41 Kungl.
1275 734 98 42 Maj:t
1396 735 62 31 har
1473 734 177 42 föreslagit

146 789 183 41 riksdagen
357 788 75 41 (sid.
456 787 137 40 56—177)
622 789 50 29 att

200 839 73 32 dels
298 838 54 32 till
374 838 98 32 Mark
496 838 53 31 för
574 837 154 32 Skånska
751 838 333 40 pansarregementet
1107 847 42 20 m.
1174 847 42 20 m.
1241 837 113 30 såsom
1377 835 273 42 kapitalinveste-

148 890 76 41 ring
240 890 11 30 i
271 888 334 32 försvarsväsendets
624 886 276 42 fastighetsfond,
921 885 364 41 arméförvaltningens
1305 884 141 32 delfond
1465 884 111 38 därav,
1597 883 53 31 för

146 939 203 42 budgetåret
373 940 137 31 1943/44
533 939 119 32 anvisa
674 941 48 29 ett
745 937 349 42 investeringsanslag
1116 948 40 20 av
1179 936 167 38 2,800,000
1368 936 134 37 kronor,

201 990 73 31 dels
303 990 63 31 ock
392 989 155 42 medgiva
575 991 50 29 att
652 989 53 31 för
732 987 482 41 stabsmobiliseringscentral
1241 986 59 32 vid
1327 986 101 41 sjätte
1456 985 194 32 militärom-

148 1041 97 31 rådet
270 1042 54 30 må
348 1040 173 31 förvärvas
547 1040 197 41 ytterligare
770 1039 92 31 mark
887 1040 44 39 på
956 1040 68 29 sätt
1049 1049 41 20 av
1116 1035 375 44 departementschefen
1517 1034 12 31 i
1554 1034 97 31 stats-

148 1090 288 42 rådsprotokollet
457 1092 80 29 över
557 1089 300 32 försvarsärenden
877 1089 54 30 för
951 1088 65 32 den
1037 1088 40 31 28
1097 1088 66 40 maj
1187 1087 80 31 1943
1288 1086 157 42 angivits.

201 1177 187 45 Övningsfält
410 1184 48 29 för
481 1180 142 33 Skånska
647 1182 317 38 pansarregementet.
1019 1179 243 32 Kostnaderna
1290 1179 53 31 för
1372 1178 92 32 detta
1493 1177 159 32 markför-

149 1236 79 29 värv
247 1233 88 32 hava
353 1233 184 31 beräknats
554 1232 55 32 till
629 1232 165 38 1,250,000
812 1231 134 31 kronor.
977 1230 116 32 Medel
1114 1230 53 31 för
1188 1230 93 31 detta
1301 1229 155 31 ändamål
1476 1239 103 30 synas
1601 1227 51 32 de-

149 1284 332 42 partementschefen
499 1283 83 31 böra
601 1283 136 31 anvisas
756 1282 54 31 för
828 1281 203 41 budgetåret
1050 1279 145 32 1943/44.
1226 1280 53 30 Av
1298 1279 134 32 medlen
1452 1289 103 31 synas
1574 1278 78 41 jäm-

149 1336 54 30 väl
224 1335 35 31 få
277 1334 171 32 bestridas
470 1332 143 42 utgifter
633 1333 53 30 för
706 1331 305 42 ianspråktagande
1033 1341 40 20 av
1095 1329 373 42 förläggningsområde
1490 1329 54 31 för
1564 1340 88 30 rege-

149 1387 137 35 mentet,
311 1395 54 21 om
390 1384 62 31 och
475 1384 11 30 i
511 1383 65 31 den
600 1385 76 28 mån
701 1381 126 33 sådana
850 1381 142 41 utgifter
1015 1379 213 42 uppkomma.

207 1477 145 38 Skjutfält
373 1477 49 30 för
445 1473 141 34 Skånska
611 1474 317 40 pansarregementet.
956 1472 68 31 Vid
1052 1471 99 32 bifall
1180 1471 54 31 till
1263 1471 234 31 ovannämnda
1525 1471 130 42 förslag

150 1527 143 32 rörande
311 1526 290 41 förläggningsort
619 1525 54 31 för
690 1524 154 32 Skånska
861 1523 335 42 pansarregementet
1211 1521 151 31 kommer
1379 1523 210 39 regementet
1604 1524 50 30 att

151 1578 170 41 förläggas
341 1577 53 31 till
412 1576 134 32 trakten
565 1587 40 20 av
624 1573 230 33 Hässleholm.
884 1574 68 31 För
971 1572 336 42 skjututbildningen
1327 1571 76 32 med
1421 1573 105 38 tunga
1545 1579 108 31 vapen

151 1628 171 32 erfordras
342 1628 54 31 för
413 1627 363 41 pansarregementena
794 1644 43 3 —
855 1624 123 32 liksom
999 1625 54 30 för
1071 1622 335 33 artilleriförbanden
1425 1640 43 4 —
1486 1618 168 34 särskilda

152 1678 167 43 skjutfält,
347 1688 74 21 som
447 1677 85 42 fylla
559 1676 41 32 de
628 1675 159 42 speciella
815 1674 201 41 fordringar,
1046 1685 73 21 som
1146 1685 40 20 ur
1212 1670 353 43 säkerhetssynpunkt
1592 1669 62 32 och

152 1741 40 20 av
218 1729 105 32 andra
349 1728 73 32 skäl
448 1729 107 30 måste
582 1726 200 42 uppställas.
819 1726 60 31 Att
906 1724 114 32 utföra
1046 1724 100 32 dessa
1173 1722 215 42 skjutningar
1414 1724 44 39 på
1485 1721 58 32 det
1569 1720 85 32 ordi-

150 1780 94 32 narie
266 1777 247 42 övningsfältet
533 1777 61 31 har
615 1776 177 32 befunnits
815 1774 173 33 uteslutet.

203 1826 377 42 Arméförvaltningens
610 1825 393 41 fortifikationsstyrelse
1033 1824 61 31 har
1123 1824 10 31 i
1164 1823 135 32 samråd
1328 1823 76 31 med
1434 1821 221 42 inspektören

152 1876 54 31 för
225 1879 312 39 pansartrupperna
558 1879 113 29 såsom
693 1875 157 42 skjutfält
872 1876 53 30 för
946 1873 156 33 Skånska
1123 1874 334 41 pansarregementet
1478 1871 179 41 föreslagit

152 1929 50 28 ett
224 1927 137 31 område
384 1927 10 30 i
417 1927 134 31 trakten
575 1938 40 20 av
638 1927 150 39 Brösarp
811 1928 18 28 å
853 1925 130 32 Skånes
1008 1923 143 32 ostkust.
1186 1922 386 42 Departementschefen
1595 1921 61 31 har

153 1977 114 31 funnit
287 1977 94 31 detta
401 1977 136 31 område
557 1976 11 31 i
589 1976 145 41 sällsynt
752 1976 69 40 hög
839 1975 82 41 grad
941 1976 170 30 motsvara
1131 1974 41 31 de
1192 1973 148 31 militära
1360 1972 201 41 fordringar,
1582 1982 73 21 som

153 2028 113 31 kunna
285 2027 199 42 uppställas.
514 2027 191 31 Avståndet
722 2026 53 32 till
794 2025 222 32 Hässleholm
1033 2026 37 31 är
1087 2024 156 41 omkring
1260 2023 54 41 sju
1332 2023 60 32 mil
1409 2034 76 20 men
1504 2022 152 32 området

153 2080 37 29 är
210 2078 64 31 lätt
295 2080 51 29 att
366 2079 43 30 nå
430 2078 93 31 såväl
546 2077 76 31 med
644 2077 140 41 järnväg
805 2087 72 20 som
899 2077 44 39 på
964 2074 173 41 landsväg.
1170 2074 52 31 De
1246 2073 126 32 sociala
1393 2073 263 41 olägenheterna

153 2139 99 21 anses
274 2128 94 31 bliva
387 2128 137 31 relativt
545 2129 80 29 små.
659 2126 183 32 Gentemot
864 2126 40 31 de
926 2127 121 39 många
1068 2124 158 38 fördelar,
1248 2134 74 21 som
1343 2135 39 19 ur
1403 2123 253 41 skjutfältssyn-

153 2178 108 41 punkt
281 2180 57 29 äro
360 2177 224 41 förknippade
605 2177 76 31 med
702 2177 92 31 detta
814 2175 145 38 område,
981 2177 71 29 står
1071 2174 200 37 emellertid,
1293 2173 194 32 framhåller
1507 2173 149 41 departe-

154 2228 244 37 mentschefen,
416 2227 155 41 bygdens
590 2226 202 41 egenartade
810 2225 156 31 karaktär
983 2224 76 31 med
1079 2224 121 31 talrika
1219 2223 276 41 fornlämningar,
1515 2234 41 20 en
1576 2222 81 31 unik

155 2278 87 31 flora
262 2278 62 31 och
345 2289 40 20 en
406 2276 225 41 ålderdomlig
651 2275 61 32 och
733 2275 186 31 intressant
937 2273 217 42 bebyggelse.

206 2326 386 43 Departementschefen
614 2326 62 30 har
697 2325 86 31 efter
804 2333 196 32 noggranna
1022 2322 258 41 överväganden
1303 2322 114 31 funnit
1438 2322 53 41 sig
1512 2322 85 31 böra
1616 2341 42 4 —

156 2380 86 29 trots
267 2377 42 31 de
335 2376 137 32 därmed
498 2375 162 31 förenade
684 2373 315 41 betänkligheterna
1023 2392 42 3 —
1088 2372 172 40 tillstyrka
1285 2372 133 31 förvärv
1444 2372 53 31 för
1520 2371 137 32 lantför-

157 2429 129 31 svarets
304 2426 142 41 räkning
462 2436 39 21 av
519 2425 153 31 området
688 2424 57 31 vid
761 2424 157 40 Brösarp.
947 2422 387 41 Departementschefen
1350 2421 61 32 har
1427 2421 119 32 därvid
1563 2422 94 31 fram-

156 2478 107 37 hållit,
285 2480 48 28 att
354 2479 49 28 ett
422 2475 142 31 militärt
584 2473 217 42 utnyttjande
822 2484 38 20 av
882 2472 151 32 området
1054 2471 185 41 ingalunda
1258 2471 149 32 behöver
1427 2471 161 38 medföra,
1610 2474 48 29 att
