1854 2774
443 150 122 39 Tredje
583 151 247 39 lagutskottets
849 153 179 30 utlåtande
1047 164 41 20 nr
1106 156 42 29 26
1165 156 39 29 år
1224 157 83 29 1965
1600 162 18 30 7

131 226 150 38 jämvikt
304 228 43 39 på
367 229 362 32 bostadsmarknaden
751 232 64 30 har
837 233 123 30 inträtt
982 234 43 39 på
1047 235 177 38 åtskilliga
1246 236 135 30 mindre
1404 238 64 28 och
1490 238 126 29 medel-

132 281 92 29 stora
252 282 91 29 orter
367 300 44 4 —
435 283 199 38 varigenom
661 285 322 40 hyresregleringen
1009 287 136 31 kunnat
1172 289 181 30 avvecklas
1379 291 167 38 regionall
1574 310 38 2 —

132 341 102 31 synes
257 335 401 39 efterfrågeöverskottet
681 339 44 30 ha
747 339 83 30 ökat
853 340 44 39 på
918 340 362 32 bostadsmarknaden
1304 343 10 29 i
1337 343 40 30 de
1401 344 127 30 största
1551 345 63 29 och

132 389 88 27 mest
241 389 187 37 expansiva
448 390 214 38 regionerna.
686 392 184 40 Samtidigt
892 393 63 30 har
976 394 415 41 kostnadsutvecklingen
1416 397 52 30 för
1490 398 41 29 de
1556 407 59 20 un-

131 441 59 28 der
212 450 120 22 senare
354 442 38 30 år
412 443 134 39 byggda
567 445 114 29 husen
701 446 152 30 medfört
873 456 43 21 en
938 448 145 30 tendens
1107 449 49 29 till
1180 449 121 39 skärpt
1322 446 292 48 hyressplittring.

130 494 151 30 Därmed
305 496 97 30 torde
425 497 105 30 också
554 498 110 30 andra
687 500 78 29 med
790 500 321 40 hyresregleringen
1136 503 165 30 förenade
1326 504 219 39 olägenheter
1570 506 43 28 ha

129 549 250 30 accentuerals.
400 550 79 29 Som
500 553 153 37 exempel
673 552 110 40 härpå
803 553 69 30 kan
894 555 141 29 anföras
1056 555 66 30 den
1143 556 177 30 bristande
1341 558 207 39 rörligheten
1571 560 42 38 på

129 601 372 37 bostadsmarknaden,
528 605 40 29 de
593 605 187 30 orättvisor
805 607 93 30 olika
923 607 219 40 hyresgäster
1168 610 147 29 emellan
1343 620 72 20 som
1444 611 101 40 följer
1572 621 41 20 av

128 654 328 40 hyressplittringen
478 657 63 30 och
563 658 261 39 svårigheterna
846 662 49 28 att
917 661 245 31 åstadkomma
1184 672 41 20 en
1247 663 276 41 ändamålsenlig
1545 666 68 28 för-

128 707 141 41 delning
291 719 41 20 av
352 709 337 33 bostadsbeståndet.
712 713 116 30 Under
850 714 67 29 den
939 717 136 27 senaste
1099 716 94 29 tiden
1215 717 63 29 har
1301 718 311 39 uppmärksamhe-

130 762 54 28 ten
201 762 86 29 även
304 763 126 30 riktats
447 766 71 28 mot
535 774 43 21 en
595 775 116 20 annan
730 766 191 35 företeelse,
939 777 74 21 som
1031 778 101 21 anses
1150 770 45 29 ha
1213 770 168 31 samband
1399 772 76 29 med
1494 772 118 39 hyres-

127 815 225 38 regleringen,
378 817 174 39 nämligen
576 819 184 39 rivningen
783 829 41 21 av
847 821 68 30 hus
941 830 73 21 som
1039 822 71 30 inte
1135 823 39 29 är
1199 824 309 39 saneringsmogna
1533 826 77 28 från

129 868 138 30 teknisk
289 871 189 38 synpunkt.

171 922 577 43 Hyreslagstiftningssakkunniga
773 927 173 30 beräknar
972 931 50 27 att
1046 929 122 30 kunna
1194 931 148 30 slutföra
1368 932 59 29 sitt
1454 933 156 38 uppdrag

127 975 111 29 under
255 975 38 30 år
313 977 92 29 1965.
422 978 65 30 Det
504 978 38 29 är
559 979 73 29 min
652 980 236 40 förhoppning
906 984 49 27 att
974 982 94 30 detta
1085 983 89 30 skall
1193 984 61 30 ske
1273 985 36 28 så
1328 985 109 39 tidigt,
1455 987 49 28 att
1522 987 88 28 efter

125 1029 204 40 erforderlig
349 1030 339 42 remissbehandling
706 1033 45 40 på
770 1034 170 39 grundval
962 1044 41 21 av
1022 1036 94 30 detta
1138 1037 322 39 utredningsarbete
1480 1039 130 38 förslag

126 1081 50 31 till
201 1091 45 31 ny
267 1082 220 42 lagstiftning
509 1085 10 29 i
541 1085 102 30 dessa
664 1086 129 31 ämnen
816 1087 88 30 skall
928 1088 121 30 kunna
1073 1090 193 39 föreläggas
1289 1091 186 39 riksdagen
1499 1093 109 29 under

124 1135 37 28 är
184 1135 93 32 1966,
298 1138 13 29 I
331 1137 148 30 avbidan
499 1138 111 40 härpå
629 1139 63 30 bör
711 1140 159 39 gällande
890 1141 518 43 hyresregleringslagstiftning
1427 1145 10 29 i
1457 1146 149 38 enlighet

123 1188 80 30 med
224 1189 221 38 hyresrådets
467 1191 209 31 hemställan
699 1193 178 40 förlängas
899 1195 50 29 till
973 1196 64 29 och
1058 1197 78 29 med
1160 1197 65 29 den
1248 1198 37 29 31
1311 1198 179 30 december
1515 1200 92 29 1966.

123 1241 144 31 Liksom
286 1244 56 29 vid
361 1244 206 39 föregående
588 1246 407 40 förlängningstillfällen
1015 1250 97 30 torde
1133 1250 51 30 till
1205 1251 65 30 den
1289 1251 55 40 lag
1364 1261 74 21 som
1459 1253 148 29 innefat-

124 1295 54 28 tar
201 1296 242 31 bestämmelse
467 1307 56 21 om
547 1299 225 40 förlängning
796 1310 41 20 av
861 1301 397 42 hyresregleringslagen
1284 1304 82 31 böra
1391 1306 98 39 fogas
1513 1307 94 28 över-

123 1349 372 38 gångsbestämmelser
515 1361 41 20 av
575 1352 180 35 innebörd,
777 1356 48 28 att
845 1356 10 28 i
875 1355 90 30 vissa
989 1356 59 29 fall
1069 1357 158 30 ansökan
1248 1366 56 21 om
1325 1359 222 39 förlängning
1567 1369 38 19 av

124 1401 324 39 hyresförhållande
469 1405 82 29 eller
571 1406 232 39 övertagande
825 1417 41 20 av
887 1408 184 39 hyresrätt,
1093 1419 75 20 som
1190 1419 98 21 avser
1310 1412 47 29 tid
1380 1412 87 29 efter
1489 1413 117 38 lagens

123 1454 278 32 hittillsvarande
425 1457 238 40 giltighetstid,
688 1460 58 30 må
770 1461 99 38 göras
895 1461 94 30 inom
1014 1462 70 29 viss
1107 1463 139 30 kortare
1272 1464 49 30 tid
1345 1466 87 28 efter
1457 1465 55 30 det
1538 1467 68 28 lör-

120 1508 286 40 längningslagen
436 1511 83 30 trätt
548 1512 9 29 i
586 1512 107 31 kraft.

166 1563 450 43 Besittningsskyddslagen
643 1567 127 30 liksom
799 1569 85 29 även
912 1569 98 40 lagen
1038 1571 78 30 med
1144 1572 172 30 särskilda
1344 1573 258 30 bestämmelser

121 1625 58 20 om
198 1617 140 31 makars
358 1627 259 31 gemensamma
636 1621 124 30 bostad
780 1622 60 30 bör
861 1623 177 40 samtidigt
1058 1624 36 30 få
1115 1625 159 41 förlängd
1294 1626 156 40 giltighet
1470 1627 49 30 till
1541 1628 62 29 och

121 1671 79 28 med
221 1670 172 41 utgången
413 1682 41 20 av
474 1673 37 29 år
534 1673 93 30 1966.

164 1722 294 32 Erfarenheterna
474 1735 41 20 av
529 1727 65 29 den
610 1727 176 39 regionala
802 1730 64 29 och
882 1729 310 41 kategorimässiga
1207 1731 202 42 avveckling
1424 1742 74 21 som
1514 1734 88 30 skett

121 1776 74 34 har,
221 1777 102 30 såvitt
348 1778 124 31 hittills
497 1780 136 30 kunnat
658 1781 175 35 bedömas,
858 1783 9 29 i
895 1784 86 28 stort
1006 1785 65 28 sett
1096 1784 88 30 varit
1210 1786 98 39 goda.
1333 1786 101 29 Detta
1458 1787 145 29 innebär

120 1829 88 30 dock
226 1831 43 39 ej,
287 1833 49 28 att
354 1832 55 29 det
428 1833 37 29 är
482 1833 136 40 möjligt
635 1836 50 28 att
702 1852 43 3 —
763 1835 114 30 såsom
896 1836 196 39 föreslagits
1111 1846 42 21 av
1170 1838 432 41 fastighetsägareförbun-

119 1881 57 29 det
195 1900 43 3 ----
259 1891 46 20 nu
327 1884 84 28 utan
432 1884 150 31 särskild
603 1885 171 41 prövning
795 1888 164 29 avveckla
979 1888 320 40 hyresregleringen
1322 1891 9 29 i
1354 1892 159 38 samtliga
1536 1893 67 27 stä-

119 1934 61 29 der
201 1936 78 29 med
300 1936 136 30 mindre
457 1937 45 29 än
523 1938 40 28 40
578 1938 63 30 000
663 1938 166 31 invånare
851 1940 75 35 och,
950 1941 102 30 såvitt
1075 1943 107 37 angår
1204 1943 132 29 butiks-
1358 1944 64 28 och
1444 1945 159 29 kontors-

118 1988 142 34 lokaler,
288 1989 164 30 förordna
480 1999 55 20 om
562 1992 203 39 avveckling
791 1993 54 29 för
871 1994 79 29 hela
976 1994 99 30 riket.
1102 1996 73 28 Den
1203 1996 309 40 kategorimässiga
1538 1999 62 28 och

118 2041 175 37 regionala
322 2043 202 40 avveckling
550 2054 41 19 av
618 2045 321 40 hyresregleringen
969 2056 73 20 som
1071 2048 106 39 pågår
1206 2050 106 29 sedan
1341 2051 106 38 några
1476 2051 37 29 år
1543 2052 58 28 bör

119 2094 112 37 fortgå
255 2095 104 38 enligt
383 2096 40 29 de
445 2106 41 20 av
512 2097 77 30 1961
616 2097 57 30 års
697 2098 141 40 riksdag
860 2100 172 38 godtagna
1056 2102 235 39 riktlinjerna.
1315 2103 107 30 Dessa
1447 2104 153 31 innebär,

117 2147 50 28 att
194 2148 244 38 avvecklingen
467 2151 153 36 grundas
648 2151 43 39 på
719 2152 168 39 ingående
916 2154 185 39 utredning
1130 2156 177 38 angående
1336 2157 264 30 förhållandena

117 2199 43 38 på
177 2200 193 38 respektive
388 2204 109 27 orters
515 2203 289 38 hyresmarknad.
823 2206 129 29 Härvid
971 2206 61 29 bör
1048 2207 137 39 hänsyn
1205 2210 51 27 tas
1276 2209 49 28 till
1344 2210 256 29 vederbörande

117 2252 228 30 kommunala
371 2255 221 38 myndighets
618 2256 221 40 bedömning.
867 2259 101 29 Detta
996 2259 59 29 bör
1082 2260 191 30 emellertid
1301 2262 69 29 inte
1398 2263 123 30 hindra
1552 2265 46 27 att

117 2305 318 39 hyresregleringen
461 2307 42 39 på
528 2317 40 19 en
595 2312 53 27 ort
673 2309 180 30 avvecklas
879 2313 72 27 mot
976 2311 40 29 de
1041 2311 228 31 kommunala
1294 2315 305 39 myndigheternas

118 2358 152 30 uttalade
288 2359 191 34 önskemål,
498 2370 54 19 om
573 2361 55 29 det
647 2362 38 28 är
705 2363 194 38 uppenbart
918 2365 48 28 att
986 2364 388 41 hyresmarknadsläget
1392 2368 71 29 inte
1483 2369 116 38 längre

115 2411 184 29 motiverar
320 2412 76 30 dess
417 2412 250 32 bibehållande.
687 2415 235 38 Riktpunkten
944 2418 61 28 bör
1025 2428 82 20 vara
1129 2421 47 27 att
1197 2420 244 37 avvecklingen
1463 2421 136 30 bedrivs

115 2464 37 29 så
172 2465 202 36 skyndsamt
394 2475 73 21 som
487 2467 133 37 möjligt
641 2470 82 28 utan
743 2471 47 27 att
811 2469 216 37 olägenheter
1049 2472 142 36 uppstår
1211 2473 42 36 på
1273 2473 326 36 hyresmarknaden.

147 2538 31 23 2+
220 2536 109 30 Bihang
347 2537 46 23 till
410 2537 167 30 riksdagens
594 2539 148 29 protokoll
761 2540 99 24 1965.9
876 2541 83 23 samt.
976 2542 15 23 3
1007 2542 63 23 avd.
1088 2543 39 22 Nr
1143 2546 32 20 26
