1880 2854
523 136 292 35 Statsutskottets
840 131 187 33 utlåtande
1052 130 52 32 Nr
1129 130 28 29 7.
1527 124 19 30 1

783 427 58 39 Nr
869 425 36 41 7.

611 547 113 24 Ankom
744 546 44 23 till
809 544 162 31 riksdagens
990 542 91 24 kansli
1102 541 53 24 den
1177 541 14 22 8
1212 539 71 31 april
1304 538 67 24 1932
1391 536 35 24 kl.
1450 537 10 22 1
1483 543 22 15 e.
1527 541 35 16 m.

206 645 193 32 Utlåtande
427 641 182 38 angående
643 640 221 37 regleringen
895 638 58 35 för
985 634 208 37 budgetåret
1217 629 186 42 1932/1933
1426 639 45 22 av
1493 627 109 38 utgij-

399 698 99 28 terna
535 694 113 30 under
682 691 209 32 riksstatens
925 689 149 37 sjunde
1108 684 213 35 huvudtitel,
1354 680 249 38 innefattande

400 747 170 36 anslagen
595 745 58 32 till
675 742 413 39 finansdepartementet.

1380 787 61 38 (3:e
1465 785 93 37 avd.)

660 967 378 52 Departementet.

143 1099 63 35 1:0)
231 1097 16 30 I
271 1096 65 31 den
359 1094 56 31 till
440 1092 184 36 riksdagen
650 1090 65 32 den
740 1090 18 29 4
786 1088 140 37 januari
951 1086 84 32 1932
1059 1086 142 30 avlåtna
1223 1082 254 38 propositionen
1500 1081 54 35 (nr
1578 1080 32 36 1)
1625 1085 209 30 Departements-

97 1149 178 38 angående
309 1147 223 32 statsverkets
566 1143 160 33 tillstånd
762 1142 61 30 och
858 1141 108 31 behov
1001 1140 52 30 för
1089 1138 202 36 budgetåret
1325 1132 186 43 1932/1983
1546 1132 63 31 har
1684 1116 95 55 ehefen:

100 1202 131 37 Kungl.
266 1201 102 36 Maj:t
391 1200 13 30 i
427 1197 168 33 avseende
619 1198 21 29 å
669 1194 123 38 sjunde
827 1192 233 35 huvudtiteln,
1096 1188 236 33 innefattande
1366 1186 166 37 anslagen
1554 1184 57 31 till

101 1253 393 38 finansdepartementet,
519 1249 161 38 upptagit
707 1246 176 32 ordinarie
898 1245 157 36 anslaget
1071 1243 55 31 till
1144 1239 374 40 departementschefen
1534 1236 78 32 med

101 1307 199 33 oförändrat
324 1306 130 35 belopp,
480 1303 118 36 24,000
621 1302 137 30 kronor.

145 1360 17 31 I
199 1362 51 29 tre
288 1357 172 33 särskilda
483 1356 179 34 motioner,
687 1353 135 34 väckta,
845 1352 61 30 två
929 1351 95 30 inom
1048 1349 107 30 första
1172 1348 202 30 kammaren
1396 1355 46 21 av
1465 1345 81 31 herr
1567 1343 43 32 Å.

103 1413 220 31 Henriksson
359 1413 54 35 (nr
437 1409 77 36 126)
549 1408 62 31 och
646 1406 79 31 herr
759 1405 34 31 J.
819 1404 148 31 Pålsson
1002 1404 55 35 (nr
1081 1401 76 37 127)
1192 1401 89 30 samt
1315 1409 42 21 en
1384 1399 96 30 inom
1502 1397 109 31 andra

102 1466 203 30 kammaren
328 1473 45 21 av
398 1463 78 30 herr
499 1461 44 30 K.
568 1459 147 32 Kilbom
738 1467 46 21 m.
809 1457 39 36 fl.
872 1458 55 35 (nr
951 1455 87 36 192),
1062 1454 90 30 hava
1172 1452 166 37 påyrkats
1353 1451 92 30 vissa
1460 1450 149 31 nedsätt-

101 1519 129 36 ningar
252 1518 13 30 i
288 1515 210 33 statsrådens
520 1513 217 35 avlöningar.

147 1568 221 33 Beträffande
392 1568 93 31 detta
509 1564 125 32 ärende
655 1564 160 30 kommer
833 1561 165 31 utskottet
1021 1561 50 29 att
1090 1558 182 31 framdeles
1288 1557 129 35 avgiva
1432 1555 180 31 utlåtande

104 1623 110 31 vilket
237 1622 166 31 utskottet
425 1619 93 31 velat
541 1616 143 32 härmed
707 1616 53 30 för
784 1614 182 36 riksdagen

638 1696 149 32 anmäla.

153 1816 62 35 2:00)
250 1812 133 36 Kungl.
416 1810 101 36 Maj:t
543 1809 63 30 har
641 1806 179 36 föreslagit
855 1804 184 36 riksdagen
1075 1802 124 37 (punkt
1222 1802 17 29 1
1265 1810 45 21 av
1344 1800 54 30 det
1432 1798 60 32 vid
1519 1799 97 29 stats-
1660 1799 73 27 Ökrad
1752 1801 65 29 före-

109 1865 358 37 verkspropositionen
499 1860 123 38 fogade
656 1859 159 36 utdraget
843 1868 45 20 av
911 1853 371 37 statsrådsprotokollet
1304 1854 81 29 över
1408 1851 211 31 finansären-
1660 1839 49 64 ppn
1731 1836 38 59 és
1801 1836 19 65 a

110 1919 65 31 den
209 1918 65 30 den
299 1918 18 29 4
341 1914 141 38 januari
519 1913 98 36 1932)
651 1913 50 29 att
732 1910 55 31 till
817 1908 216 32 bestridande
1056 1917 44 20 av
1125 1905 229 32 kostnaderna
1377 1904 94 30 inom
1493 1902 126 31 finans-
1694 1909 95 21 rätten.

111 1969 266 38 departementet
400 1967 53 30 för
478 1965 88 31 ökad
591 1963 249 36 föredragning
864 1962 12 30 i
901 1960 292 36 regeringsrätten
1216 1958 53 29 för
1293 1956 203 35 budgetåret
1519 1952 100 42 1932/
1704 1940 77 39 [1.”]

112 2023 84 31 1933
220 2022 123 31 anvisa
367 2021 48 30 ett
438 2020 98 30 extra
559 2017 120 35 anslag
703 2026 44 20 av
772 2015 117 35 22,500
914 2014 136 29 kronor.

156 2074 239 35 Utredningen
420 2073 10 29 i
455 2070 142 32 ärendet
621 2069 185 30 återfinnes
829 2068 20 29 å
873 2065 61 31 sid.
960 2067 16 28 1
1003 2064 60 31 och
1089 2065 18 29 2
1134 2064 9 29 i
1167 2055 382 46 statsrådsprotokollet.

158 2176 235 33 Förevarande
428 2174 121 34 anslag
584 2176 38 27 är
657 2173 53 29 för
745 2169 236 32 innevarande
1018 2167 165 35 budgetår
1219 2166 139 35 uppfört
1391 2163 76 31 med
1504 2162 118 35 35,000

115 2232 134 29 kronor.

162 2283 69 29 Den
261 2291 45 19 nu
342 2279 194 35 föreslagna
565 2276 263 34 nedsättningen
853 2285 43 19 av
921 2273 154 34 anslaget
1101 2274 39 27 är
1164 2269 178 31 föranledd
1366 2268 117 34 därav,
1508 2268 51 28 att
1582 2275 42 20 en

116 2336 97 29 extra
242 2331 247 36 föredragande
513 2329 62 30 och
601 2329 70 29 viss
695 2326 205 31 biträdande
924 2324 153 36 personal
1102 2324 130 28 ansetts
1257 2321 71 30 icke
1353 2330 84 19 vara
1460 2317 164 31 erforder-

118 2387 49 34 lig
191 2387 52 29 för
267 2384 198 34 budgetåret
490 2378 196 42 1932/1933.

175 2468 3 8 +
205 2467 135 22 Hänvisar
362 2464 40 23 till
425 2463 88 30 punkt
537 2463 4 21 i
564 2459 312 31 statsrådsprotokollet.

122 2518 109 29 Bihang
255 2516 40 25 till
319 2515 165 29 riksdagens
508 2512 144 31 protokoll
677 2511 73 24 1932.
793 2513 14 19 6
826 2511 80 22 saml.
946 2511 12 21 7
982 2509 66 29 häft.
1088 2509 51 21 (Nr
1159 2508 34 21 7)
1582 2500 5 23 1
