2218 2612
452 149 17 33 2
863 144 111 37 Pörsta
999 150 210 42 lagutskottets
1233 142 159 38 utlåtande
1416 148 54 31 Nr
1495 143 46 36 14.

539 242 18 33 I
593 241 71 34 den
693 241 174 43 gällande
895 241 109 42 lagen
1034 251 58 22 om
1120 240 178 43 adoption
1327 239 96 33 talas
1452 250 59 22 om
1539 237 177 43 vederlag
1744 237 121 34 såsom
1894 236 116 44 något

406 292 83 34 med
519 292 226 43 adoptionen
774 292 11 32 i
812 292 101 33 vissa
941 290 67 34 fall
1037 290 186 43 förenligt,
1253 290 67 33 och
1348 290 213 42 inbegripes
1589 287 134 35 därvid
1743 287 118 34 under
1880 287 130 34 veder-

404 344 63 41 lag
495 342 32 42 ej
563 343 92 33 blott
683 343 236 42 gottgörelse,
948 353 80 22 som
1056 341 137 34 endera
1221 340 272 34 kontrahenten
1523 338 148 35 erhållit
1699 338 58 34 för
1783 338 73 34 vad
1885 338 74 33 han
1989 337 21 33 å

405 395 58 32 sin
492 393 81 34 sida
600 396 184 40 presterat
811 393 88 33 eller
927 392 119 34 utfäst
1074 392 56 43 sig
1158 394 55 31 att
1239 394 178 40 prestera,
1448 393 90 31 utan
1567 393 95 31 även
1682 389 75 34 vad
1777 388 231 43 adoptanten

405 445 176 42 mottagit
619 444 12 33 i
668 444 57 32 sin
755 443 186 43 egenskap
972 454 47 22 av
1046 443 149 33 barnets
1224 441 174 34 blivande
1427 443 260 41 representant
1714 440 68 33 och
1811 439 160 34 sålunda
2000 439 10 33 i

404 496 119 32 första
551 494 100 34 hand
680 494 11 33 i
721 494 83 33 dess
832 494 168 33 intresse.
1054 493 72 34 Det
1152 504 52 22 nu
1232 491 289 44 ifrågavarande
1549 491 245 43 lagförslaget
1821 501 109 22 avser
1957 492 55 31 att

404 545 103 34 hålla
535 545 73 33 isär
635 544 21 34 å
685 555 70 23 ena
775 544 106 34 sidan
901 544 178 42 vederlag
1097 544 12 32 i
1129 543 162 43 egentlig
1311 543 152 42 mening
1482 542 68 33 och
1571 541 21 34 å
1611 541 119 34 andra
1751 541 107 33 sidan
1879 540 133 43 bidrag

404 596 58 33 till
495 596 148 33 barnets
672 594 208 34 underhåll.
934 593 242 35 Beträffande
1205 593 179 43 egentligt
1411 592 177 43 vederlag
1616 591 154 43 stadgas
1797 592 12 32 i
1838 591 20 32 8
1887 588 34 45 $,
1943 593 68 39 att;

404 646 128 34 därest
572 645 134 34 sådant
749 648 41 30 är
829 645 101 43 givet
970 645 89 33 eller
1098 644 130 42 utfäst,
1271 644 210 42 ansökning
1522 655 58 21 om
1621 642 180 43 adoption
1843 641 79 33 icke
1950 640 62 34 må

405 696 161 34 bifallas.
620 696 82 33 Den
731 695 244 43 ståndpunkt,
1005 695 179 43 förslaget
1211 694 159 34 sålunda
1398 695 157 42 intager,
1584 693 121 33 finner
1733 692 181 34 utskottet
1937 692 74 33 rik-

403 748 66 43 tig.
524 746 130 35 Såsom
696 747 72 33 den
809 758 47 22 av
896 744 352 44 barnavårdsbyrån
1276 744 232 34 verkställda
1536 743 249 43 utredningen
1814 743 104 43 giver
1945 742 65 34 vid

404 797 163 42 handen,
609 808 111 33 synes
762 797 56 33 för
858 796 236 34 närvarande
1134 796 56 33 till
1230 795 120 43 grund
1380 794 57 34 för
1465 795 141 33 önskan
1639 796 57 32 att
1722 793 182 43 adoptera
1932 793 79 34 ofta

404 849 102 43 ligga
535 860 44 22 en
608 848 252 43 adoptantens
889 850 152 31 strävan
1071 849 55 31 att
1154 846 195 43 tillgodose
1378 846 82 33 sina
1489 856 95 32 egna
1612 844 241 34 ekonomiska
1877 844 134 34 intres-

405 910 77 23 sen.
538 899 67 33 Att
635 898 121 34 under
783 897 125 44 dylika
937 896 262 35 förhållanden
1227 896 104 34 bifall
1361 896 57 34 till
1446 894 462 44 adoptionsansökningen
1937 894 72 34 kan

405 950 181 33 innebära
626 948 197 43 allvarliga
850 947 118 35 vådor
995 948 59 33 för
1080 948 142 41 barnet,
1251 946 104 35 torde
1383 958 92 22 vara
1503 946 222 43 uppenbart.
1780 944 67 35 Ett
1874 944 138 34 sådant

405 999 108 34 bifall
554 1002 50 39 är,
647 999 48 43 på
724 1002 75 30 sätt
826 998 117 44 byrån
972 998 218 41 framhållit,
1221 997 40 33 så
1289 997 148 43 mycket
1464 996 267 43 betänkligare,
1761 1007 79 22 som
1867 994 142 35 vården

406 1062 61 22 om
509 1050 249 43 adoptivbarn
799 1049 33 42 ej
876 1052 41 30 är
953 1048 255 34 underkastad
1236 1059 143 22 samma
1406 1047 162 34 kontroll
1596 1046 84 34 från
1709 1046 64 34 det
1799 1046 211 34 allmännas

407 1101 93 41 sida,
543 1112 79 22 som
662 1100 117 43 gäller
818 1099 235 34 beträffande
1092 1098 220 34 fosterbarn.
1366 1092 109 40 Även
1508 1109 59 21 om
1594 1096 68 35 fall
1690 1096 243 43 förekomma,
1962 1096 48 34 då

406 1152 74 32 den
521 1150 338 43 omständigheten,
901 1152 56 31 att
996 1149 176 43 vederlag
1212 1160 47 22 av
1290 1148 231 43 adoptanten
1550 1147 113 44 tagits
1692 1148 89 33 eller
1808 1147 200 43 betingats,

405 1202 80 33 icke
526 1201 109 43 tyder
665 1200 50 44 på
743 1203 55 31 att
824 1201 151 33 barnets
1003 1200 155 34 intresse
1186 1199 48 43 på
1261 1198 114 43 något
1403 1201 75 31 sätt
1504 1198 215 42 åsidosatts,
1749 1198 107 42 lärer,
1885 1197 123 34 såsom

405 1250 415 45 departementschefen
861 1250 137 42 anfört,
1027 1251 195 42 hänsynen
1250 1250 57 33 till
1336 1249 109 34 dessa
1472 1249 67 33 fall
1567 1249 89 34 böra
1684 1248 58 34 stå
1769 1248 155 34 tillbaka
1951 1248 59 34 för

405 1306 153 31 strävan
587 1304 55 32 att
669 1301 195 35 förhindra
892 1301 107 43 varje
1027 1300 216 35 ekonomisk
1270 1300 238 43 spekulation
1536 1299 49 43 på
1612 1299 105 34 detta
1745 1298 161 34 område.

544 1351 354 44 Barnavårdsbyrån
944 1352 69 34 har
1052 1352 134 33 saknat
1226 1350 206 44 anledning
1472 1353 55 31 att
1558 1352 101 41 yttra
1693 1350 57 42 sig
1776 1349 159 34 rörande
1964 1348 45 34 de

405 1403 79 43 fall,
527 1403 47 34 då
613 1403 62 33 vid
719 1402 199 44 ifrågasatt
959 1402 179 43 adoption
1180 1402 150 33 barnets
1362 1401 191 42 naturliga
1586 1399 184 35 föräldrar
1797 1400 96 43 tagit
1920 1400 90 34 eller

404 1454 171 43 betingat
614 1454 57 42 sig
710 1453 186 43 vederlag.
950 1453 79 41 Att,
1071 1452 127 34 därest
1236 1451 121 43 dylikt
1396 1450 178 44 vederlag
1600 1451 114 43 givits
1743 1450 88 34 eller
1858 1449 150 43 utfästs,

405 1505 168 34 ansökan
614 1515 59 22 om
716 1503 169 34 tillstånd
926 1503 57 33 till
1024 1502 228 43 adoptionen
1293 1501 78 35 icke
1404 1502 66 33 bör
1497 1501 161 42 bifallas,
1688 1512 112 32 synes
1828 1501 182 34 utskottet

405 1556 223 42 uppenbart.
682 1554 229 44 Visserligen
939 1553 106 34 torde
1072 1553 11 33 i
1112 1556 52 31 ett
1192 1553 88 33 eller
1307 1555 117 32 annat
1446 1552 79 40 fall,
1547 1551 128 35 oaktat
1694 1551 122 43 dylikt
1833 1551 178 43 vederlag

405 1605 247 43 förekommit,
698 1604 227 44 adoptionen
970 1615 93 23 vara
1101 1604 57 34 till
1197 1603 160 44 verkligt
1396 1614 99 33 gagn
1536 1602 58 35 för
1634 1603 143 41 barnet,
1820 1613 84 23 men
1946 1601 64 35 det

405 1656 119 35 måste
552 1656 94 34 dock
695 1667 109 23 anses
853 1655 185 41 stötande,
1088 1657 56 32 att
1187 1653 273 36 föräldramakt
1504 1653 126 35 avstås
1675 1656 79 31 mot
1798 1653 212 43 ersättning

404 1707 11 33 i
457 1707 221 43 penningar.
735 1705 132 35 Såsom
906 1705 169 44 framgår
1114 1716 47 23 av
1202 1703 431 45 departementschefens
1662 1703 208 43 uttalande,
1900 1714 111 23 anser

404 1760 97 32 även
529 1758 75 33 han
632 1759 54 32 ett
714 1756 121 43 dylikt
862 1757 103 33 avtal
994 1755 228 44 otillbörligt.
1276 1756 74 33 För
1377 1757 57 32 att
1461 1753 185 45 tydligare
1675 1757 48 31 än
1751 1755 12 33 i
1792 1754 62 34 det
1873 1764 135 33 genom

404 1808 281 43 propositionen
714 1806 212 44 framlagda
953 1807 180 42 förslaget
1160 1806 98 34 skett
1286 1806 182 42 utmärka,
1498 1808 55 31 att
1581 1805 191 44 adoption,
1801 1804 64 34 vid
1883 1805 126 33 vilken

405 1857 138 35 sådant
568 1858 177 42 vederlag
773 1857 172 42 avtalats,
975 1860 42 30 är
1043 1856 213 43 förbjuden,
1286 1857 68 33 har
1381 1855 182 35 utskottet
1590 1858 124 32 ansett
1733 1856 57 43 sig
1808 1855 89 34 böra
1916 1854 93 35 före-

405 1908 56 34 slå
490 1920 45 22 en
564 1908 143 35 mindre
735 1908 198 43 jämkning
961 1919 48 22 av
1036 1907 245 43 paragrafens
1309 1906 152 44 lydelse.
1503 1901 108 39 Även
1631 1918 60 22 om
1711 1906 64 34 det
1792 1906 74 34 kan
1886 1908 123 41 sägas,

405 1962 57 31 att
497 1959 138 35 tanken
663 1958 50 44 på
741 1958 121 43 dylikt
888 1958 179 43 vederlag
1094 1961 41 30 är
1162 1957 40 34 så
1229 1957 236 34 främmande
1492 1957 59 34 för
1577 1960 140 41 gängse
1744 1956 266 44 rättsuppfatt-

405 2010 104 43 ning,
551 2012 56 32 att
637 2009 116 43 något
780 2008 135 35 förbud
942 2009 12 33 i
982 2008 124 35 denna
1134 2007 59 35 del
1220 2008 79 34 icke
1340 2011 41 31 är
1409 2007 246 43 erforderligt,
1685 2018 111 32 synes
1825 2006 63 34 det
1916 2006 95 35 dock

405 2060 228 43 lämpligast,
663 2062 57 32 att
747 2060 127 43 lagens
903 2059 234 43 ståndpunkt
1164 2059 98 34 klart
1288 2059 150 34 uttalas.

542 2110 130 35 Såsom
693 2109 414 44 departementschefen
1126 2109 175 44 påpekat,
1321 2108 221 36 förutsätter
1561 2111 52 32 ett
1632 2106 136 37 förbud
1789 2111 77 31 mot
1880 2107 131 35 veder-

405 2161 63 43 lag
507 2160 64 35 vid
611 2160 192 44 adoption,
845 2163 56 32 att
927 2160 134 44 frågan
1090 2172 59 22 om
1177 2160 132 43 bidrag
1336 2160 57 34 till
1420 2160 151 34 barnets
1598 2158 199 35 underhåll
1825 2161 186 41 upptages

404 2211 58 35 till
503 2211 240 43 behandling.
798 2211 195 43 Förslaget
1033 2210 153 44 stadgar
1212 2211 12 33 i
1253 2211 20 33 8
1302 2208 32 45 $,
1365 2213 66 40 att,
1465 2222 59 22 om
1565 2210 121 43 dylikt
1718 2209 132 45 bidrag
1878 2212 41 31 är
1947 2220 64 23 av-
