2218 2614
449 137 20 30 4
867 136 118 32 Första
1007 136 210 42 lagutskottets
1241 135 161 32 utlåtande
1425 136 53 31 Nr
1502 136 47 31 14.

945 229 56 32 att
1028 226 199 44 riksdagen
1257 226 83 34 med
1368 226 252 41 förklarande,
1650 228 57 32 att
1728 223 134 46 Kungl.
1883 224 130 43 Maj:ts

808 277 248 35 förevarande
1084 277 141 43 förslag
1250 277 79 34 icke
1358 277 145 33 kunnat
1522 288 46 22 av
1587 275 200 44 riksdagen
1808 276 10 34 i
1838 275 177 35 oföränd-

810 331 57 31 rat
899 328 104 34 skick
1030 327 231 44 godkännas,
1290 326 114 36 måtte
1432 327 59 34 för
1510 327 56 33 sin
1587 327 59 33 del
1667 329 139 41 antaga
1826 325 186 44 följande:

563 439 138 42 (Kungl.
726 439 121 41 Maj:ts
868 439 149 41 förslag.)

1440 438 194 41 (Utskottets
1656 437 156 42 förslag.)

1134 541 153 63 Lag

408 633 58 25 om
483 624 136 33 ändrad
638 624 137 40 lydelse
791 634 42 22 av
849 624 66 41 8,9
930 624 67 33 och
1016 624 39 32 10
1069 626 41 41 &$
1124 624 10 31 i
1147 623 108 40 lagen
1269 623 67 32 den
1352 622 39 33 14
1403 621 83 43 juni
1502 622 79 33 1917
1594 625 60 40 (ur
1666 622 77 43 378)
1756 631 56 24 om
1826 622 188 42 adoption.

543 707 227 43 Härigenom
812 706 209 42 förordnas,
1051 709 55 33 att
1134 706 32 42 8,
1207 707 9 31 9
1246 706 67 33 och
1346 706 43 33 10
1419 702 47 45 $$
1494 706 11 33 i
1524 706 109 43 lagen
1655 705 72 34 den
1751 706 43 33 14
1813 704 84 44 juni
1921 705 92 34 1917

409 770 59 22 om
510 757 178 44 adoption
717 758 115 42 skola,
867 758 20 31 8
921 757 69 34 och
1025 758 19 32 9
1073 753 47 45 $$
1149 756 10 34 i
1188 756 122 35 nedan
1339 756 165 43 angivna
1532 756 114 43 delar,
1677 756 141 34 erhålla
1845 755 170 44 följande

409 807 167 35 ändrade
603 807 158 45 lydelse:

754 889 81 45 88.

487 959 115 35 Sökes
648 977 29 4 —
714 976 39 4 —
787 976 41 5 —
863 977 38 3 —
933 976 48 4 —
1008 961 75 32 äro.

486 1010 270 43 Ansökningen
786 1009 59 35 må
873 1009 34 43 ej
935 1009 161 42 bifallas,
1117 1021 58 22 om

409 1060 177 44 vederlag
626 1063 41 31 är
706 1060 103 44 givet
848 1060 90 35 eller
978 1059 128 43 utfäst,
1141 1059 33 43 ej

409 1111 119 34 heller
554 1122 59 23 om
640 1110 134 44 bidrag
796 1110 56 34 till
871 1111 152 33 barnets
1042 1109 135 35 under-

410 1161 77 34 håll
528 1163 41 31 är
601 1161 154 41 avtalat,
784 1160 85 35 med
897 1160 146 34 mindre
1071 1159 107 44 fråga

410 1215 42 30 är
488 1222 60 23 om
576 1211 133 43 bidrag
736 1211 84 34 med
848 1211 95 34 visst
969 1211 135 43 belopp
1132 1222 45 22 en

409 1261 102 45 gång
536 1261 58 35 för
621 1262 76 34 alla
720 1261 69 34 och
808 1261 176 44 beloppet
1003 1261 175 35 inbetalts

410 1313 57 33 till
508 1311 421 35 barnavårdsnämnden
966 1312 11 33 i
1006 1311 71 35 den
1104 1311 75 35 för-

411 1363 172 43 samling,
617 1362 68 34 där
717 1362 232 44 adoptanten
978 1365 41 31 är
1045 1362 134 43 kyrko-

410 1412 169 43 bokförd,
608 1413 89 34 eller
724 1413 57 34 till
804 1412 190 35 nämnden
1014 1412 22 34 å
1054 1413 125 43 belop-

410 1467 66 40 pet
502 1462 188 36 utfärdats
709 1463 239 42 förbindelse,
968 1463 125 34 vilken
1112 1463 68 33 bli-

411 1514 57 34 vit
494 1525 47 23 av
569 1513 191 35 sökanden
789 1514 68 33 och
881 1513 189 35 nämnden
1090 1513 90 44 god-

411 1564 113 35 känd.

486 1615 115 34 Avtal
638 1626 60 22 om
726 1614 176 44 vederlag
929 1615 91 34 eller
1046 1615 135 34 under-

411 1664 89 44 håll,
542 1676 91 31 som,
663 1665 68 34 där
758 1665 63 34 det
847 1665 99 35 varit
973 1664 58 35 för
1057 1668 123 32 rätten

411 1716 171 44 kunnigt,
627 1716 84 34 bort
754 1715 196 35 föranleda
991 1716 130 44 avslag
1160 1715 21 34 å

411 1766 271 44 ansökningen,
710 1777 100 31 vare,
840 1769 94 31 även
965 1777 58 23 om
1048 1766 133 35 ansök-

410 1817 140 43 ningen
577 1816 160 43 bifalles,
766 1819 91 33 utan
890 1817 152 34 verkan.

1592 887 83 45 88

1322 958 116 35 Sökes
1487 975 27 4 —
1552 975 36 3 —
1626 975 37 3 —
1698 975 40 4 —
1769 975 46 4 —
1842 960 75 31 äro.

1320 1008 271 43 Ansökningen
1620 1007 61 35 må
1709 1007 34 43 ej
1774 1007 162 44 bifallas,
1957 1019 59 23 om

1246 1060 21 33 å
1294 1058 206 44 någondera
1526 1058 106 34 sidan
1659 1058 177 45 vederlag
1855 1061 41 32 är
1914 1058 103 45 givet

1247 1109 88 34 eller
1362 1109 130 42 utfäst,
1522 1108 32 44 ej
1585 1109 117 34 heller
1729 1120 60 23 om
1808 1108 134 45 bidrag
1960 1109 57 34 till

1246 1160 153 34 barnets
1440 1158 198 35 underhåll
1679 1162 42 31 är
1748 1160 155 42 avtalat,
1933 1159 84 34 med

1247 1210 145 34 mindre
1432 1210 108 43 fråga
1580 1212 41 32 är
1661 1221 60 23 om
1762 1209 133 44 bidrag
1932 1210 85 34 med

1247 1261 94 34 visst
1381 1261 137 44 belopp
1558 1272 45 22 en
1635 1259 101 45 gång
1762 1260 58 34 för
1847 1261 74 34 alla
1949 1260 69 34 och

1248 1312 175 43 beloppet
1463 1311 177 34 inbetalts
1680 1310 58 35 till
1769 1311 249 34 barnavårds-

1248 1362 189 34 nämnden
1458 1362 11 33 i
1485 1362 70 34 den
1570 1361 234 44 församling,
1821 1361 68 34 där
1903 1361 116 44 adop-

1249 1415 130 31 tanten
1422 1415 42 31 är
1503 1411 289 44 kyrkobokförd,
1834 1412 89 34 eller
1963 1412 55 34 till

1249 1462 190 34 nämnden
1476 1462 22 34 å
1525 1462 174 44 beloppet
1726 1462 189 35 utfärdats
1944 1462 75 34 för-

1249 1513 179 41 bindelse,
1461 1513 125 34 vilken
1614 1512 110 35 blivit
1752 1524 47 23 av
1827 1513 191 34 sökanden

1250 1564 68 34 och
1346 1563 190 35 nämnden
1564 1562 188 45 godkänd.

1324 1615 116 34 Avtal
1473 1625 59 23 om
1560 1613 180 44 vederlag
1767 1614 89 34 eller
1882 1614 138 35 under-

1251 1665 86 42 håll,
1380 1676 91 31 som,
1501 1664 67 35 där
1595 1664 63 35 det
1685 1664 99 35 varit
1809 1664 59 35 för
1894 1667 125 32 rätten

1250 1716 172 43 kunnigt,
1469 1716 83 33 bort
1590 1714 197 36 föranleda
1827 1716 133 43 avslag
1999 1715 22 34 å

1251 1766 270 44 ansökningen,
1550 1777 99 32 vare,
1679 1768 96 32 även
1803 1777 59 23 om
1887 1765 134 36 ansök-

1251 1817 138 44 ningen
1418 1816 160 42 bifalles,
1606 1819 94 32 utan
1728 1816 152 35 verkan.

1174 1885 19 32 9
1222 1881 34 45 &;

545 1952 138 34 Rätten
725 1952 69 33 har
834 1955 55 31 att
929 1952 89 35 söka
1045 1952 170 34 inhämta
1242 1952 244 44 upplysning,
1516 1951 189 35 huruvida
1728 1952 178 43 vederlag
1932 1952 90 34 eller

412 2002 133 44 bidrag
583 2003 57 33 till
680 2002 151 34 barnets
871 2002 197 34 underhåll
1109 2005 42 31 är
1190 2003 102 43 givet
1331 2003 91 33 eller
1453 2002 128 43 utfäst,
1611 2001 42 35 så
1681 2002 68 34 ock
1777 2005 54 31 att
1858 2002 12 33 i
1898 2002 124 44 övrigt

411 2052 223 35 införskaffa
675 2052 220 45 erforderlig
934 2053 211 44 utredning.
1199 2053 80 34 Har
1318 2053 134 34 barnet
1483 2052 34 44 ej
1547 2052 87 43 fyllt
1661 2052 155 35 aderton
1845 2052 51 44 år,
1926 2053 96 34 skall

411 2103 178 44 yttrande
627 2104 190 33 inhämtas
857 2103 104 34 såväl
989 2103 83 35 från
1100 2103 424 35 barnavårdsnämnden
1552 2104 12 33 i
1592 2103 72 34 den
1692 2103 233 44 församling,
1955 2103 68 34 där

412 2153 231 44 adoptanten
676 2156 42 32 är
736 2153 289 44 kyrkobokförd,
1046 2165 78 23 som
1145 2154 78 43 ock,
1243 2153 121 45 ifråga
1384 2165 60 23 om
1463 2154 92 34 barn
1574 2156 103 32 utom
1698 2153 219 44 äktenskap,
1937 2153 85 35 från

412 2204 71 39 den
525 2203 386 48 barnavårdsnämnd,
941 2216 78 24 som
1048 2205 69 39 har
1144 2207 55 36 att
1231 2207 113 38 utöva
1370 2205 130 49 tillsyn
1529 2207 88 37 över
1643 2204 143 48 barnet,
1816 2205 67 33 och
1913 2204 111 47 eljest
