1852 2776
232 154 18 30 2
671 157 286 33 Statsutskottets
980 159 179 31 utlåtande
1182 170 43 20 nr
1246 161 52 30 81.

946 443 60 40 Nr
1031 443 63 41 81.

456 540 184 32 Utlåtande
670 543 11 30 i
708 542 190 41 anledning
926 554 42 21 av
996 544 127 39 Kungl.
1153 545 123 40 Maj:ts
1306 547 216 39 proposition
1553 549 180 39 angående

675 593 199 39 ytterligare
897 594 143 40 utgifter
1062 595 20 29 å
1106 595 207 40 tilläggsstat
1335 598 33 29 II
1391 598 52 29 till
1464 599 189 32 riksstaten
1676 601 58 39 för

676 643 204 39 budgetåret
912 644 158 38 1953/54,
1103 645 11 30 i
1145 648 65 29 vad
1238 648 262 39 propositionen
1531 659 101 22 avser
1661 651 73 39 för-

674 694 393 40 svarsdepartementets
1094 696 392 33 verksamhetsområde.

1491 767 77 33 (1:a
1586 768 94 34 avd.)

805 913 352 53 Driftbudgeten.

764 1017 144 43 Fjärde
933 1017 262 36 huvudtiteln.

276 1107 74 33 1:0)
376 1108 141 29 Armén:
541 1107 311 39 Äteranskaffning
874 1120 41 20 av
939 1112 92 29 vissa
1055 1113 217 31 inventarier.
1297 1114 13 28 I
1335 1115 148 37 enlighet
1506 1117 78 29 med
1607 1113 124 46 Kungl.

230 1156 123 40 Maj:ts
376 1159 11 29 i
409 1159 262 39 propositionen
694 1169 42 22 nr
761 1160 62 30 150
853 1160 129 40 (bilaga
1004 1162 30 34 3,
1057 1163 114 39 punkt
1197 1163 27 34 1,
1249 1174 25 20 s.
1300 1164 19 30 9
1342 1175 44 21 av
1407 1165 105 40 bilagt
1537 1167 126 39 utdrag
1685 1177 45 20 av

230 1207 381 41 statsrådsprotokollet
631 1210 80 30 över
731 1210 310 33 försvarsärenden
1062 1213 55 29 för
1137 1215 66 30 den
1223 1215 18 29 5
1262 1224 97 22 mars
1381 1215 99 36 1954)
1505 1216 222 32 framställda

229 1257 141 40 förslag,
392 1261 167 29 avseende
581 1260 57 30 vid
659 1260 110 31 brand
792 1261 67 31 den
881 1261 40 31 28
943 1263 87 39 april
1055 1263 83 30 1952
1161 1266 11 29 i
1189 1265 459 41 marketenteribyggnaden
1670 1269 57 30 vid

228 1307 292 40 Livregementets
541 1310 148 32 husarer
709 1311 178 33 förstörda
908 1312 221 36 inventarier,
1151 1315 202 32 hemställer
1376 1317 179 35 utskottet,

578 1364 53 28 att
650 1361 187 40 riksdagen
856 1363 57 30 må
932 1363 52 31 till
1002 1364 148 31 Armén:
1169 1365 314 42 Återanskaffning
1501 1379 43 21 av
1565 1369 91 30 vissa
1676 1370 54 29 in-

536 1412 173 30 ventarier
728 1412 19 30 å
765 1413 210 39 tilläggsstat
994 1415 29 29 II
1043 1415 52 29 till
1114 1415 189 33 riksstaten
1323 1417 55 32 för
1397 1418 203 39 budgetåret
1621 1420 106 37 1953/

535 1461 43 31 54
600 1463 120 31 anvisa
742 1464 47 28 ett
811 1464 122 39 anslag
953 1475 43 21 av
1017 1465 42 30 39
1073 1465 63 30 000
1157 1466 141 31 kronor.

271 1593 76 35 2:0)
368 1595 171 30 Marinen:
559 1595 311 39 Återanskaffning
886 1608 42 20 av
945 1600 70 29 viss
1032 1601 158 35 sjökabel
1207 1611 43 21 m.
1269 1612 44 20 m.
1331 1603 122 38 Kungl.
1474 1604 103 37 Maj:t
1594 1605 63 30 har
1677 1606 52 29 fö-

226 1644 141 39 reslagit
386 1646 186 39 riksdagen
598 1647 128 39 (punkt
746 1649 29 33 2,
797 1659 25 20 s.
845 1649 55 33 10)
925 1653 49 28 att
993 1650 52 31 till
1065 1650 267 40 ifrågavarande
1352 1654 162 31 ändamål
1534 1654 20 30 å
1573 1655 155 40 tilläggs-

227 1695 67 30 stat
320 1695 30 30 II
375 1695 52 30 till
451 1696 190 32 riksstaten
666 1697 54 32 för
744 1698 205 40 budgetåret
976 1700 149 36 1953/54
1150 1702 121 31 anvisa
1296 1704 48 29 ett
1370 1704 358 42 reservationsanslag

226 1754 41 22 av
289 1746 62 29 130
366 1746 62 30 000
446 1746 141 31 kronor.

269 1846 102 30 Vissa
399 1847 178 39 sjökablar
605 1848 210 32 tillhörande
843 1850 310 34 förbindelsenätet
1181 1853 54 32 för
1263 1854 188 40 Göteborgs
1479 1856 248 32 kustartilleri-

225 1896 137 31 försvar
383 1897 64 30 har
468 1898 10 30 i
500 1898 172 32 samband
693 1902 79 29 med
796 1901 189 39 ankringar
1007 1903 66 29 och
1097 1903 197 40 sjöolyckor
1316 1904 98 32 blivit
1437 1906 37 30 så
1498 1907 152 30 skadade
1674 1909 49 29 att

225 1946 40 30 de
284 1947 77 30 icke
380 1947 69 30 kan
468 1957 192 31 repareras.

267 1997 395 40 Departementschefen
687 2000 171 37 förordar,
885 2004 50 28 att
959 2003 44 40 på
1028 2004 208 39 tilläggsstat
1262 2006 139 31 anvisas
1430 2007 59 30 130
1505 2008 62 31 000
1593 2009 132 30 kronor

224 2047 54 30 för
299 2047 307 42 återanskaffning
627 2051 64 29 och
712 2051 206 41 utläggning
938 2063 42 22 av
1000 2054 189 31 desamma.

268 2148 175 31 Utskottet
464 2149 54 30 får
540 2151 79 30 med
641 2150 245 40 tillstyrkande
909 2163 41 21 av
971 2154 126 39 Kungl.
1120 2155 123 39 Maj:ts
1265 2157 133 40 förslag
1418 2158 195 37 hemställa,

577 2203 50 29 att
655 2201 187 40 riksdagen
871 2204 57 29 må
955 2204 52 30 till
1034 2206 176 31 Marinen:
1239 2206 314 43 Återanskaffning
1581 2220 42 22 av
1653 2212 71 29 viss

530 2251 161 38 sjökabel
708 2262 45 21 m.
774 2263 46 20 m.
842 2254 20 29 å
881 2254 208 40 tilläggsstat
1110 2256 30 30 II
1160 2257 51 30 till
1232 2258 190 31 riksstaten
1443 2260 54 31 för
1517 2260 206 40 budgetåret

533 2301 148 36 19538/54
702 2305 122 29 anvisa
847 2308 47 28 ett
916 2307 354 40 reservationsanslag
1291 2320 44 20 av
1359 2309 59 30 130
1432 2310 62 30 000
1517 2311 140 30 kronor.
