2216 2636
476 212 18 30 8
903 191 243 65 Lagutskottets
1178 209 179 34 Utlåtande
1384 210 66 31 N:o
1479 212 53 29 46.

422 291 265 49 framflytande
727 290 325 49 vattenmängden
1089 290 12 36 i
1137 295 53 31 ett
1227 290 187 37 strömfall
1442 288 163 38 emellan
1634 289 46 37 de
1707 288 127 50 bägge
1864 289 149 37 strand-

422 348 142 44 ägarne
593 342 191 37 erfordras
809 342 128 37 därför
956 355 45 23 en
1020 355 204 35 noggrann
1244 341 214 37 kännedom
1477 354 60 23 om
1557 341 287 48 vattendragets
1863 341 149 36 botten-

422 395 217 46 formation,
680 393 157 38 hvilken
873 393 219 49 naturligen
1119 394 74 36 kan
1221 392 122 48 växla,
1372 396 41 33 så
1441 398 54 31 att
1524 392 65 37 det
1617 397 140 32 största
1785 392 134 49 djupet
1946 390 87 39 be-'

422 446 120 37 finnes
583 451 49 32 än
672 446 13 36 i
724 445 156 48 midten,
921 450 49 31 än
1010 445 65 36 vid
1116 444 74 38 den
1218 457 71 24 ena
1318 445 179 36 stranden
1526 444 71 37 och
1626 448 49 32 än
1702 444 64 37 vid
1795 444 73 37 den
1896 444 117 37 andra

424 498 179 37 stranden
644 498 41 36 af
721 497 279 48 vattendraget,
1042 496 153 37 hvartill
1237 497 183 46 kommer,
1461 500 56 33 att
1545 495 365 49 strömhastigheten
1938 496 75 37 kan

422 550 157 47 variera,
609 549 189 37 beroende
826 551 48 46 på
902 553 229 32 strömmens
1150 548 172 48 riktning
1341 548 70 37 och
1431 548 132 49 styrka
1582 552 98 32 samt
1699 547 313 50 strandlinjernas

422 602 108 37 form.
1345 619 2 2 :

526 653 276 37 Erfarenheten
830 652 68 36 har
925 652 70 36 ock
1024 651 215 49 ådagalagt,
1268 655 56 32 att
1352 651 64 37 det
1444 651 12 36 i
1483 650 203 50 praktiken
1709 651 98 36 visat
1827 650 61 49 sig
1907 656 106 31 snart

423 705 111 49 sagdt
563 704 175 49 omöjligt
765 708 57 33 att
848 704 127 36 kunna
1002 703 172 37 beräkna
1202 703 73 36 den
1304 702 336 48 vattenkvantitet,
1670 715 81 24 som
1778 702 13 36 i
1819 707 103 32 stora
1942 702 71 37 och

424 757 127 36 starka
579 756 187 37 strömfall
793 755 209 50 framflyter
1029 755 109 37 öfver
1165 755 187 36 hvardera
1380 754 295 49 strandägarens
1703 754 137 48 grund.

525 808 162 49 Följden
714 807 113 37 häraf
850 807 68 36 har
946 807 117 36 också
1089 807 138 46 blifvit,
1256 811 56 31 att
1340 806 125 37 denna
1492 805 135 49 lagens
1656 804 268 38 bestämmelse
1949 818 65 23 an-

423 861 149 48 gående
610 864 304 32 vattenmassans
943 858 220 49 fördelning
1191 858 162 37 emellan
1381 858 46 37 de
1457 857 100 37 olika
1586 857 276 48 strandägarne
1892 857 121 48 enligt

423 912 338 37 vattenbäckenets
793 911 98 36 form
919 911 133 36 endast
1080 910 186 37 förblifvit
1295 923 47 23 en
1371 909 76 37 död
1473 909 166 46 bokstaf,
1669 914 97 31 samt
1793 914 66 41 att,
1890 908 124 37 såvidt

423 963 277 50 upplysningar
739 963 133 36 härom
914 965 91 33 stått
1039 967 56 31 att
1122 962 123 44 vinna,
1283 964 92 34 våra
1415 960 141 37 teknici
1584 960 86 37 med
1698 960 250 49 förbigående
1976 960 42 36 af

423 1015 164 37 nämnda
615 1014 280 47 bestämmelse,
923 1019 68 31 när
1018 1013 111 49 fråga
1157 1027 59 23 om
1244 1012 220 50 fördelning
1492 1013 41 36 af
1548 1018 285 31 vattenmassan
1852 1011 162 37 emellan

425 1067 99 37 olika
565 1066 248 49 strandägare
853 1068 182 47 uppstått,
1079 1064 162 38 fördelat
1282 1065 75 36 den
1383 1064 288 49 vattenmängd,
1701 1077 80 23 som
1808 1063 84 37 icke
1920 1077 94 35 upp-

423 1125 110 43 tages
575 1119 41 36 af
653 1118 256 49 kungsådran,
951 1117 58 36 till
1049 1117 147 37 hälften
1235 1117 188 36 hvardera
1464 1115 138 38 mellan
1636 1116 46 36 de
1710 1115 127 49 bägge
1866 1116 149 36 strand-

423 1184 153 36 ägarne.

526 1222 17 36 I
585 1222 114 36 ofvan
726 1221 213 49 åberopade
966 1221 105 48 »Lag
1099 1233 59 28 om
1188 1224 276 32 vattenrätten»
1492 1219 60 36 för
1580 1218 160 37 Finland
1768 1219 75 37 den
1871 1220 48 34 23
1943 1217 72 50 juli

427 1276 96 35 1902
566 1274 69 36 har
676 1274 113 36 också
820 1273 13 36 i
862 1275 21 34 3
912 1272 20 49 &
961 1273 137 36 införts
1126 1271 167 49 följande
1321 1271 281 36 bestämmelse:
1658 1270 38 36 >»I
1725 1270 187 37 strömfall
1939 1270 74 36 till-

424 1326 152 37 komme
604 1325 185 37 hvardera
818 1324 128 37 sidans
974 1329 115 44 ägare
1117 1323 76 37 lika
1222 1328 80 32 stor
1330 1322 61 37 del
1410 1323 11 35 i
1441 1323 75 36 den
1535 1322 68 36 där
1621 1322 224 49 nedgående
1865 1326 149 32 vatten-

424 1378 224 48 mängden.»

526 1430 80 36 När
647 1442 50 23 nu
737 1427 285 38 vattenkraften
1050 1427 68 36 allt
1145 1440 79 23 mer
1252 1432 111 43 tages
1391 1426 11 36 1
1431 1426 175 48 anspråk,
1637 1430 41 31 är
1706 1425 64 37 det
1798 1425 218 48 naturligen

424 1481 63 36 vid
528 1480 239 50 anläggning
808 1480 42 36 af
886 1479 227 37 vattenverk
1153 1479 71 36 och
1259 1478 118 49 inköp
1407 1477 42 37 af
1471 1477 201 37 vattenfall
1700 1478 42 36 af
1767 1481 140 32 största
1934 1477 83 36 vikt

425 1538 55 31 att
519 1533 139 47 känna,
699 1532 97 36 huru
832 1536 80 32 stor
939 1530 319 38 vattenkvantitet
1286 1530 72 36 och
1386 1529 111 37 däraf
1521 1529 12 36 i
1562 1529 59 36 sin
1650 1528 164 49 ordning
1842 1528 174 37 bestämd

425 1584 234 38 vattenkraft
685 1583 201 48 verkligen
913 1583 232 36 tillkommer
1171 1582 187 36 hvardera
1386 1580 284 49 strandägaren.
1725 1580 58 36 Då
1806 1579 104 37 detta
1930 1579 86 36 med

424 1650 50 23 nu
501 1636 179 49 gällande
700 1634 239 50 stadganden
957 1635 84 36 icke
1062 1635 76 36 kan
1157 1634 227 36 bestämmas
1403 1638 90 31 utan
1512 1632 225 49 långvariga
1755 1633 260 46 rättegångar,

425 1688 147 37 hvilkas
600 1690 148 46 utgång
776 1692 41 31 är
845 1687 188 36 beroende
1061 1689 49 47 på
1137 1699 46 23 en
1211 1685 152 37 teknisk
1387 1684 217 48 utredning,
1626 1697 81 23 som
1727 1682 195 49 svårligen
1941 1682 75 37 kan

425 1739 241 48 verkställas,
694 1744 41 31 är
763 1738 65 37 det
856 1738 127 37 därför
1011 1737 219 49 angeläget,
1259 1742 55 31 att
1342 1737 114 36 äfven
1483 1736 13 35 i
1520 1739 67 33 vår
1606 1734 247 49 lagstiftning
1871 1734 144 37 införas

425 1792 140 36 sådana
602 1791 111 37 säkra
749 1791 71 36 och
848 1791 70 35 lätt
944 1789 226 50 tillämpliga
1198 1788 288 37 bestämmelser
1515 1786 197 50 angående
1740 1786 274 37 vattenfördel-

424 1844 143 48 ningen
608 1842 161 37 emellan
810 1841 46 37 de
898 1842 101 36 olika
1027 1841 287 48 strandägarne,
1345 1853 82 23 som
1455 1840 11 35 i
1493 1839 166 36 nämnda
1686 1852 76 35 nya
1789 1838 122 36 finska
1937 1837 77 49 lag,

424 1895 153 37 hvilken
614 1899 42 32 är
692 1897 40 34 så
768 1894 153 49 mycket
947 1907 104 23 mera
1079 1891 380 49 anmärkningsvärd,
1489 1904 81 23 som
1600 1891 73 36 den
1702 1890 100 37 afser
1831 1894 55 32 ett
1913 1889 101 48 land,

424 1947 115 36 hvars
580 1946 191 49 naturliga
812 1945 264 37 förhållanden
1109 1945 71 36 och
1208 1943 233 49 föregående
1469 1942 250 49 lagstiftning
1746 1943 11 35 i
1786 1942 104 36 detta
1918 1941 98 36 afse-

425 1999 96 37 ende
550 2002 42 33 så
619 2003 92 31 nära
738 1997 338 37 öfverensstämma
1104 1996 85 37 med
1217 1998 84 34 vårt
1328 1995 121 37 lands.

526 2050 91 37 Icke
644 2055 91 31 utan
771 2050 161 36 intresse
960 2054 42 31 är
1029 2053 56 32 att
1111 2048 13 37 i
1151 2048 103 36 detta
1281 2046 181 37 afseende
1491 2046 125 37 erinra
1644 2044 144 49 därom,
1817 2049 56 32 att
1900 2044 117 36 redan

424 2103 73 36 den
533 2105 42 34 år
614 2103 97 35 1863
748 2101 157 37 tillsatta
932 2100 225 37 kommittén
1184 2100 60 36 för
1270 2098 250 37 utarbetande
1549 2097 42 37 af
1614 2097 147 48 förslag
1788 2096 56 36 till
1873 2110 52 34 ny
1952 2096 65 48 lag

425 2154 200 48 angående
666 2157 257 33 vattenrätten
958 2152 12 36 i
1008 2152 66 36 sitt
1107 2151 73 37 den
1211 2153 44 34 15
1280 2150 86 50 juni
1396 2151 96 36 1865
1522 2149 147 49 afgifna
1696 2148 146 48 förslag
1868 2146 58 37 till
1953 2146 64 49 lag

425 2205 198 48 angående
664 2209 258 33 vattenrätten
949 2204 198 49 grundade
1175 2202 339 37 bestämmelserna
1541 2201 13 36 i
1581 2201 111 48 fråga
1720 2213 61 23 om
1808 2198 209 37 vattenför-

425 2256 207 50 delningen
659 2260 49 46 på
735 2257 125 37 denna
887 2255 147 51 princip
1064 2268 61 23 om
1145 2260 166 32 vattnets
1330 2254 79 36 lika
1428 2252 219 49 fördelning
1665 2251 140 38 mellan
1825 2250 46 37 de
1890 2250 127 49 bägge

425 2309 285 48 strandägarne.
