2184 2584
727 194 99 32 Stats-
836 193 163 34 Utskottets
1026 191 173 33 Memorial
1227 190 65 31 N:o
1320 192 53 30 52.
1775 185 19 31 3

211 283 136 32 statens
389 282 105 41 femte
526 279 228 43 hufvudtitel,
789 275 56 37 får
872 275 192 37 Utskottet
1091 276 66 33 här
1185 275 116 33 nedan
1329 273 198 34 framställa
1556 272 41 34 de
1624 271 136 44 förslag
1788 270 55 34 till

210 324 454 52 voteringspropositioner,
692 329 149 35 hvartill
868 327 150 35 berörda
1044 327 116 33 beslut
1187 324 137 36 funnits
1352 324 194 33 föranleda.

352 386 64 31 1:0o.
485 381 105 35 Efter
630 381 59 34 det
720 379 131 44 Kongl.
885 377 109 45 Maj:t
1022 376 196 44 föreslagit,
1249 378 54 31 att
1332 375 162 43 anslaget
1522 374 52 33 till
1604 373 156 43 aflöning
1787 371 55 34 för

210 434 145 35 flottans
396 443 142 34 corpser
579 432 65 34 och
676 433 124 41 stater,
834 440 49 24 nu
917 428 198 44 utgörande
1151 428 196 43 1,201,484
1374 426 142 41 kronor,
1547 422 111 36 måtte
1686 422 158 43 förhöjas

211 486 79 34 med
331 486 59 32 det
417 484 55 34 till
499 481 393 46 ingvarteringsbidrag
919 477 37 37 åt
984 476 472 44 båtsmanskompanichefer
1484 476 65 34 och
1576 485 43 24 en
1648 475 55 33 del
1732 474 112 34 andra

211 537 12 33 i
251 535 240 45 tjenstgöring
519 533 124 34 stadde
674 532 183 35 officerare
886 530 232 43 erforderliga
1145 530 126 42 belopp
1301 527 40 34 af
1366 529 111 42 8,800
1505 527 142 41 kronor,
1678 526 85 33 eller
1790 525 55 34 till

217 587 199 43 1,210,284
457 586 142 40 kronor,
632 583 91 34 hade
756 582 190 35 Utskottet
990 581 53 33 uti
1086 583 59 31 1:a
1165 579 159 45 punkten
1351 589 96 23 mom.
1477 590 21 21 a
1526 577 39 34 at
1590 576 149 34 anförda
1767 576 78 33 skäl

212 637 178 40 hemstält,
432 638 54 31 att
528 635 162 43 anslaget
729 634 56 33 till
824 632 155 44 aflöning
1010 631 55 34 för
1097 631 146 34 flottans
1284 639 140 33 corpser
1464 629 64 34 och
1556 629 113 32 stater
1696 624 150 36 måtte
1823 620 25 62 i

218 690 97 32 1884
342 684 58 37 års
427 686 151 34 riksstat
608 684 52 34 till
689 684 229 34 oförändradt
944 683 125 42 belopp
1097 685 188 40 upptagas.

357 737 126 34 Första
511 736 216 34 Kammaren
757 736 66 33 har
850 734 145 43 afslagit
1023 733 114 34 denna
1165 732 208 35 Utskottets
1400 730 211 34 hemställan
1631 728 64 34 och
1714 727 130 35 bifallit

213 788 131 43 Kongl.
387 786 127 45 Maj:ts
545 786 12 34 i
584 789 119 31 ämnet
730 786 126 44 gjorda
883 784 273 43 framställning,
1186 784 186 33 hvaremot
1397 781 129 34 Andra
1554 779 217 34 Kanunaren
1798 777 46 34 bi-

214 838 94 35 fallit
336 837 207 36 Utskottets
571 836 145 44 förslag.

350 888 72 34 För
463 889 114 33 denna
618 884 123 47 frågas
768 886 193 44 atgörande
989 895 125 34 genom
1143 883 217 43 omröstning
1387 879 149 37 föreslår
1568 880 186 36 Utskottet
1782 880 61 35 föl-

211 939 109 44 jande
347 938 415 44 voteringsproposition:

355 989 113 43 »Den,
511 1000 71 23 som
623 989 74 43 vill,
740 991 53 31 att
835 988 162 42 anslaget
1037 986 54 33 till
1132 985 156 43 aflöning
1328 984 56 33 för
1422 983 145 34 flottans
1606 992 141 33 corpser
1776 981 65 34 och

213 1044 128 41 stater;
383 1051 49 23 nu
471 1040 198 43 utgörande
715 1040 198 42 1,201,484
952 1038 142 41 kronor,
1136 1034 58 37 må
1234 1034 158 44 förhöjas
1424 1034 78 33 med
1536 1034 59 33 det
1622 1033 55 33 till
1703 1033 140 42 ingvar-

213 1091 265 44 teringsbidrag
505 1088 36 37 åt
570 1087 471 45 båtsmanskompanichefer
1069 1087 64 34 och
1162 1097 43 24 en
1234 1086 55 34 del
1310 1084 391 44 andra
1427 1079 20 60 i
1461 1084 237 44 tjenstgöring
1720 1083 124 34 stadde

213 1142 181 35 officerare
436 1140 232 44 erforderliga
709 1141 124 42 belopp
875 1139 39 35 af
952 1140 111 42 8,800
1091 1138 143 42 kronor,
1273 1136 85 34 eller
1386 1135 54 34 till
1472 1135 199 42 1,210,284
1699 1134 143 41 kronor,

213 1195 131 32 röstar:

995 1272 66 44 Ja;

352 1393 92 44 Den,
474 1394 60 33 det
562 1392 31 44 ej
623 1392 74 43 vill,
726 1394 117 32 röstar

988 1489 87 46 Nej;

350 1595 135 34 Vinrer
524 1594 84 44 Nej,
650 1594 66 33 har
756 1593 162 43 anslaget
945 1591 52 34 till
1027 1591 156 43 aflöning
1210 1590 55 34 för
1292 1590 144 34 flottans
1470 1600 140 33 corpser
1639 1590 63 34 och
1730 1591 113 33 stater

215 1647 121 35 blifvit
363 1647 12 33 i
406 1648 97 32 1884
531 1643 59 36 års
617 1644 149 34 riksstat
792 1643 56 34 till
876 1642 230 35 oförändradt
1132 1642 125 43 belopp
1285 1643 204 41 upptaget.»

353 1750 66 32 2:0.
480 1745 203 36 Utskottets
710 1745 12 33 i
751 1745 95 40 3:dje
871 1743 152 43 punkten
1050 1742 126 44 gjorda
1190 1742 223 42 hemställan,
1430 1744 54 31 att
1499 1740 205 45 Riksdagen
1720 1738 122 45 måtte,

212 1799 78 35 med
329 1798 101 34 bifall
472 1798 53 33 till
553 1795 130 44 Kongl.
720 1794 127 44 Maj:ts
874 1794 144 43 förslag,
1047 1793 83 44 höja
1159 1793 161 43 anslaget
1351 1793 53 33 till
1437 1791 185 35 »Flottans
1652 1791 184 44 öfningar>

215 1850 78 34 med
324 1850 160 42 120,000
513 1848 142 42 kronor,
685 1849 41 31 är
754 1845 39 34 af
817 1844 129 35 Första
973 1844 220 34 Kammaren
1219 1843 158 41 bifallen,
1393 1844 186 34 hvaremot
1593 1841 127 35 Andra
1735 1841 107 34 Kam-

213 1911 134 32 maren,
389 1899 80 34 med
496 1898 117 43 afslag
640 1894 97 45 derå,
767 1895 155 44 beslutit,
952 1898 54 31 att
1034 1895 163 42 anslaget
1224 1894 55 34 till
1307 1893 165 35 Flottans
1500 1893 164 44 öfningar
1692 1893 112 33 skulle
1833 1892 10 33 i

219 1953 96 32 1884
342 1948 58 36 års
426 1950 149 33 riksstat
605 1948 55 34 till
688 1947 229 34 oförändradt
943 1947 137 42 belopp,
1112 1946 161 42 550,000
1301 1945 143 43 kronor,
1474 1947 187 41 upptagas.

349 1998 59 37 Då
449 2000 108 35 äfven
598 2000 114 33 denna
753 1995 104 46 fråga
895 1998 64 33 bör
999 2006 125 34 genom
1165 1995 219 44 omröstning
1417 1995 154 44 afgöras,
1600 1994 149 35 föreslar
1777 1992 65 35 Ut-

215 2053 135 33 skottet
375 2051 13 34 i
416 2048 129 37 sådant
572 2049 200 35 hänseende
799 2048 156 44 följande
983 2046 415 44 voteringsproposition:

353 2101 113 43 »Den,
509 2111 72 24 som
621 2100 75 42 vill,
732 2101 55 32 att
814 2098 207 44 Riksdagen
1048 2095 67 46 må,
1144 2097 79 33 med
1249 2096 102 35 bifall
1378 2097 55 34 till
1460 2096 130 43 Kongl.
1620 2095 128 44 Maj:ts
1775 2094 69 34 för-

213 2153 88 43 slag,
330 2152 83 44 höja
442 2152 164 43 anslaget
633 2151 55 33 till
720 2148 186 35 »HFlottans
934 2149 182 43 öfningar»
1151 2148 78 33 med
1260 2149 159 42 120,000
1447 2148 142 41 kronor,
1617 2148 132 32 röstar:

996 2249 65 45 Ja;
