2119 2651
350 213 39 31 10
794 211 242 41 Lagutskottets
1066 211 176 33 Utlåtande
1264 211 64 32 N:o
1351 213 57 30 28.

307 301 189 36 utskottet
525 314 60 23 om
615 301 266 49 kyrkomötets
911 300 115 36 ofvan
1056 299 250 37 omförmälda
1335 298 203 38 skrifvelse
1568 299 41 37 af
1635 299 74 37 den
1739 301 47 35 30
1816 312 85 37 sep-

306 353 148 38 tember
497 355 97 36 1878
633 359 99 31 samt
760 353 174 37 lemnade
964 352 73 37 den
1064 352 247 50 upplysning,
1341 357 66 42 att,
1438 352 120 49 enligt
1585 352 101 37 hvad
1713 352 188 37 utskottet

307 406 97 37 varit
432 406 13 36 1
473 406 148 37 tillfälle
651 412 55 31 att
733 406 181 47 inhemta,
944 405 266 49 kyrkomötets
1238 404 228 38 hemställan
1485 404 11 37 i
1515 404 166 37 nämnda
1697 404 202 37 skrifvelse

308 464 99 32 ännu
448 472 93 24 vore
582 459 193 37 beroende
818 461 48 47 på
907 457 142 50 Kongl.
1092 457 127 50 Maj:ts
1260 457 194 50 pröfning.
1510 456 207 38 Vissheten
1756 457 143 48 derom,

308 511 140 37 fortfor
475 512 201 48 utskottet,
706 516 55 31 att
789 511 141 49 Kongl.
959 510 108 49 Maj:t
1095 513 37 34 åt
1160 510 73 37 den
1254 510 337 50 magtpåliggande
1612 510 119 36 saken
1751 510 149 49 egnade

307 564 115 49 nådig
451 564 245 48 omvårdnad,
726 569 98 31 samt
853 566 20 34 å
903 563 117 37 andra
1048 562 109 38 sidan
1186 563 46 36 de
1261 566 138 45 många
1427 563 72 36 och
1525 567 104 32 stora
1649 562 250 49 svårigheter,

306 616 129 38 hvilka
476 617 87 37 med
604 616 247 50 lagstiftning
892 616 11 36 i
945 616 105 37 detta
1092 620 109 33 ämne
1230 628 91 24 vore
1351 615 195 48 förenade,
1576 620 132 44 syntes
1737 615 161 49 påkalla,

307 674 56 31 att
390 670 33 47 ej
454 670 257 47 kyrkomötet,
741 669 86 36 med
857 668 186 37 afvikelse
1071 668 84 36 från
1184 668 64 36 det
1275 667 321 49 tillvägagående,
1626 667 146 36 hvilket
1798 667 103 36 förra

306 721 247 49 kyrkomötet
594 721 125 36 funnit
759 733 91 23 vara
892 720 66 36 det
998 719 254 49 lämpligaste,
1281 732 50 39 nu
1359 719 185 36 framlade
1573 731 89 23 vare
1692 718 62 49 sig
1782 718 119 36 detal-

301 773 134 49 jerade
478 773 147 49 förslag
664 773 58 36 till
764 772 354 49 lagbestämmelger
1146 771 12 37 i
1186 776 127 32 ämnet
1342 771 92 37 eller
1462 774 127 45 någon
1619 770 282 49 framställning

307 825 43 36 af
374 825 46 37 de
449 825 296 49 hufvudsakliga
772 825 180 49 grunder,
981 825 144 48 hvarpå
1154 824 120 48 enligt
1301 823 267 50 kyrkomötets
1597 823 157 48 mening
1782 836 46 23 en
1848 837 52 35 ny

306 877 246 49 lagstiftning
594 878 125 36 kunde
761 877 207 49 lämpligen
1010 876 162 50 byggas.
1227 876 175 36 Allenast
1429 875 61 37 för
1518 875 74 37 den
1620 875 195 47 händelse,
1846 880 54 31 att

306 933 127 45 någon
461 929 58 37 till
547 935 128 32 ämnet
702 929 170 37 hörande
902 930 109 48 fråga
1038 942 92 23 vore
1160 928 41 36 af
1225 934 111 31 natur
1365 933 55 31 att
1448 928 162 36 framför
1630 928 118 36 andra
1767 927 133 37 kräfva

307 995 89 23 snar
437 982 155 48 lösning
634 982 71 36 och
748 981 126 37 dertill
916 981 129 48 sådan,
1089 986 55 31 att
1185 980 74 37 den
1300 979 75 38 läte
1405 980 60 49 sig
1493 979 209 38 fristående
1732 980 166 48 afgöras,

306 1035 125 36 kunde
474 1048 47 23 en
564 1034 185 37 afvikelse
791 1034 84 36 från
918 1033 124 37 denna
1076 1033 107 49 regel
1211 1033 115 36 hafva
1356 1032 82 37 skäl
1467 1032 60 37 för
1557 1032 70 49 sig.
1683 1032 134 48 Enligt
1843 1038 56 30 ut-

307 1087 166 36 skottets
516 1087 101 49 åsigt
658 1086 170 49 förelåge
871 1091 55 31 ett
967 1086 123 49 dylikt
1131 1085 237 36 förhållande
1396 1085 12 35 i
1437 1084 182 37 afseende
1649 1088 19 32 å
1697 1084 74 36 den
1800 1084 99 36 före-

307 1139 134 48 slagna
481 1139 275 48 förändringen
798 1138 43 36 af
880 1140 96 34 1868
1020 1141 59 33 års
1122 1137 238 48 förordning,
1403 1137 149 36 hvadan
1580 1137 188 36 utskottet
1796 1137 104 35 hem-

307 1191 135 47 stälde,
484 1195 55 32 att
580 1190 240 37 motionerna
861 1189 33 49 ej
930 1192 116 34 måtte
1075 1189 57 36 till
1160 1192 129 46 någon
1317 1201 125 24 annan
1470 1188 265 49 kyrkomötets
1766 1188 134 48 åtgärd

307 1243 208 47 föranleda,
545 1248 47 31 än
621 1248 55 31 att
704 1242 246 49 kyrkomötet
977 1242 69 36 hos
1075 1241 141 48 Kongl.
1246 1240 106 49 Maj:t
1383 1241 9 35 i
1411 1240 305 49 underdånighet
1736 1240 161 48 anhölle,

307 1295 65 37 det
412 1295 149 37 täcktes
604 1295 140 48 Kongl.
785 1295 107 49 Maj:t
919 1295 76 36 låta
1021 1294 156 48 vidtaga
1205 1293 253 48 erforderliga
1486 1292 178 49 åtgärder
1692 1293 61 36 för
1782 1292 116 37 sådan

306 1347 163 49 ändring
509 1347 13 36 i
562 1347 140 48 Kongl.
746 1346 276 49 förordningen
1060 1346 74 36 den
1174 1348 43 34 11
1263 1345 201 37 december
1495 1347 97 34 1868
1623 1358 59 23 om
1712 1344 187 37 särskilda

307 1400 342 37 sammankomster
690 1399 60 37 för
791 1398 312 49 andaktsöfning,
1146 1403 55 31 att
1230 1397 73 37 den
1332 1397 12 36 i
1373 1410 143 24 samma
1544 1396 227 49 förordning
1799 1396 99 37 före-

306 1452 227 36 kommande
561 1451 269 37 bestämmelse
860 1464 60 23 om
950 1451 111 36 straff
1085 1451 61 35 för
1174 1450 85 48 den,
1289 1450 155 36 hvilken
1471 1449 218 36 underlåter
1713 1454 55 31 att
1789 1448 110 37 ställa

307 1504 60 49 sig
394 1504 57 36 till
480 1504 256 36 efterrättelse
765 1503 211 49 kyrkoråds
1006 1502 138 37 förbud
1172 1507 78 31 mot
1278 1502 208 36 utöfvande
1515 1502 42 36 af
1580 1501 318 36 lärareverksam-

306 1556 76 47 het,
411 1556 138 36 varder
576 1556 127 49 utbytt
731 1561 78 30 mot
838 1555 240 49 stadganden
1100 1568 59 22 om
1175 1553 191 50 påföljder
1385 1554 61 36 för
1470 1553 74 37 den
1560 1553 151 36 felande
1732 1553 41 36 af
1785 1553 114 48 kyrk-

304 1608 56 48 lig
388 1613 68 31 art.
512 1608 135 36 Denna
674 1607 226 37 hemställan
929 1607 82 37 blef
1036 1607 42 36 af
1101 1611 120 32 mötet
1247 1606 212 48 godkänd.»

409 1660 88 36 Med
538 1660 231 48 hänvisning
809 1660 57 35 till
903 1659 73 36 den
1003 1658 207 48 utredning
1236 1658 13 36 i
1279 1663 138 42 ämnet,
1448 1671 82 23 som
1558 1657 253 48 lagutskottet
1841 1659 56 34 så-

305 1712 114 36 lunda
446 1712 143 36 lemnat
618 1712 70 36 och
717 1712 47 36 då
791 1711 188 36 utskottet
1007 1711 91 36 fann
1126 1710 187 49 lämpligt,
1343 1715 56 31 att
1418 1710 114 36 äfven
1552 1710 84 35 från
1656 1709 241 47 Riksdagens

307 1764 80 37 sida
416 1778 48 23 en
493 1763 175 37 anhållan
694 1763 158 49 gjordes
882 1777 60 23 om
970 1762 250 38 utarbetande
1249 1762 42 36 af
1315 1761 357 49 lagbestämmelser
1699 1761 10 36 i
1739 1761 71 36 och
1837 1760 61 37 för

306 1816 194 36 ordnande
542 1815 41 37 af
621 1815 270 49 kyrkotukten,
934 1814 211 38 hemstälde
1174 1814 199 47 utskottet,
1403 1814 87 36 med
1519 1812 206 50 anledning
1754 1812 41 36 af
1820 1825 78 23 mo-

305 1868 142 48 tionen,
486 1873 54 31 att
568 1867 221 49 Riksdagen
817 1867 87 37 ville
934 1867 11 36 i
975 1867 203 36 skrifvelse
1207 1866 160 48 anhålla,
1397 1866 64 37 det
1490 1866 139 49 Kongl.
1659 1865 106 48 Maj:t
1793 1864 105 36 täck-

305 1926 59 30 tes
392 1920 77 36 låta
496 1919 175 37 utarbeta
700 1919 146 48 förslag
882 1919 57 36 till
968 1919 64 48 lag
1060 1933 59 22 om
1148 1919 209 48 kyrkotukt
1386 1923 97 32 samt
1512 1917 213 48 framlägga
1754 1929 142 23 samma

305 1972 147 48 förslag
494 1972 60 37 för
594 1971 220 49 Riksdagen
855 1971 65 37 det
961 1974 50 45 år,
1041 1976 110 32 nästa
1179 1971 188 36 allmänna
1395 1970 225 50 kyrkomöte
1650 1968 121 38 skulle
1800 1982 98 23 sam-

304 2024 208 37 manträda.

408 2077 135 36 Denna
570 2075 228 37 hemställan
826 2075 129 37 bifölls
985 2075 42 36 af
1050 2075 138 36 Första
1216 2074 242 48 Kammaren,
1488 2086 87 24 men
1602 2072 83 37 blef
1710 2072 42 36 af
1767 2071 131 37 Andra

305 2129 231 37 Kammaren
565 2129 186 47 afslagen.

408 2180 222 49 Riksdagen
666 2180 69 37 har
778 2180 217 37 sedermera
1036 2179 70 36 hos
1140 2178 140 50 Kongl.
1309 2177 107 50 Maj:t
1439 2178 108 49 gjort
1575 2175 283 49 framställning
1885 2174 12 37 i

305 2233 110 49 fråga
456 2246 60 23 om
557 2233 209 50 kyrkotukt
807 2232 86 36 med
934 2231 150 49 hänsyn
1125 2230 57 37 till
1215 2235 55 32 ett
1302 2230 182 36 särskildt
1512 2229 85 49 slag
1625 2229 41 36 af
1691 2227 207 38 förseelser

305 2290 80 31 mot
424 2284 156 49 kyrklig
609 2285 174 47 ordning,
812 2285 10 35 i
853 2285 64 35 det
944 2284 222 47 Riksdagen
1193 2283 87 36 med
1309 2282 206 48 anledning
1543 2282 42 35 af
1609 2281 114 36 väckt
1750 2279 148 48 förslag

306 2349 60 23 om
396 2336 164 49 ändring
587 2336 12 36 i
627 2335 277 50 förordningen
933 2335 196 49 angående
1159 2334 187 37 särskilda
1375 2333 342 38 sammankomster
1745 2332 59 36 för
1833 2344 65 23 an-
