1850 2788
364 161 407 40 Bevillningsutskottets
794 161 220 30 betänkande
1036 170 44 20 nr
1101 161 41 30 79
1163 162 40 29 år
1226 162 80 29 1961
1553 162 38 30 23

781 245 144 39 Förslag

805 312 52 30 till

233 381 55 40 lag
307 390 55 20 om
384 380 135 30 ändrad
539 380 129 40 lydelse
687 389 43 21 av
753 381 39 30 46
812 380 21 36 $
863 380 8 30 3
891 389 105 22 mom.
1017 379 425 41 kommunalskattelagen

528 431 67 29 den
611 431 42 29 28
668 430 197 40 september
883 431 83 29 1928
986 430 62 35 (nr
1063 430 82 35 370)

132 514 211 40 Härigenom
364 514 196 35 förordnas,
582 516 50 28 att
651 514 41 30 46
713 514 16 37 8
750 514 19 30 3
789 523 104 21 mom.
914 515 426 39 kommunalskattelagen
1360 515 68 30 den
1449 514 42 31 28
1512 523 74 31 sep-

87 566 133 29 tember
241 565 83 30 1928
343 565 88 30 skall
450 565 133 30 erhålla
602 565 135 30 ändrad
754 565 130 39 lydelse
903 565 45 40 på
968 566 69 29 sätt
1056 566 115 29 nedan
1190 566 150 39 angives.

782 649 42 31 46
846 649 27 38 8.

131 709 20 29 3
168 717 104 20 mom.
292 708 72 29 Har
382 707 64 40 gift
464 708 133 30 kvinna
614 708 78 30 haft
709 708 157 30 inkomst
885 718 42 20 av
944 708 140 35 rörelse,
1103 708 74 30 vari
1196 709 70 29 hon
1284 709 89 29 varit
1392 709 161 29 verksam
1574 708 11 30 i

86 759 32 40 ej
142 759 87 30 blott
249 759 99 39 ringa
367 759 223 39 omfattning,
611 759 82 30 eller
712 759 157 30 inkomst
890 769 42 20 av
952 761 77 38 eget
1050 759 126 35 arbete,
1198 759 58 30 må
1275 760 71 29 hon
1367 759 142 40 åtnjuta
1530 769 53 20 av-

86 810 86 39 drag
193 810 78 29 med
294 810 63 30 300
380 810 140 30 kronor.
542 810 73 29 Har
635 810 71 29 hon
728 809 78 30 haft
828 810 296 30 hemmavarande
1146 810 86 30 barn
1256 810 111 30 under
1393 811 38 29 16
1455 810 48 35 år,
1528 810 57 30 må

86 861 70 29 hon
183 860 174 40 därjämte
384 862 85 28 utan
496 860 152 30 särskild
675 861 171 39 prövning
873 860 141 40 åtnjuta
1041 861 129 39 avdrag
1196 861 79 30 med
1303 861 41 30 20
1371 863 144 37 procent
1544 870 41 20 av

89 912 154 29 nämnda
266 912 164 34 inkomst,
455 912 234 38 sammanlagt
712 911 89 30 dock
825 912 101 38 högst
947 912 80 29 med
1050 912 18 30 3
1084 912 61 30 000
1170 912 139 29 kronor.
1334 912 76 29 Kan
1434 912 152 29 husirun

85 961 131 39 styrka,
240 963 50 28 att
312 961 132 30 hennes
466 961 156 40 verkliga
644 962 191 29 kostnader
858 962 54 29 för
936 962 152 30 barnens
1112 962 353 30 omhänderhavande
1489 963 95 29 över-

86 1012 96 39 stigit
202 1011 18 30 3
235 1012 62 30 000
318 1011 139 35 kronor,
480 1011 58 30 må
557 1012 72 29 hon
649 1011 142 40 åtnjuta
811 1012 129 40 avdrag
960 1012 123 30 härför
1104 1012 91 30 intill
1217 1015 48 27 ett
1286 1012 124 40 belopp
1433 1014 151 28 motsva-

86 1062 108 30 rande
212 1062 41 30 20
271 1064 143 37 procent
433 1072 42 20 av
493 1062 212 30 inkomsten.
724 1062 73 30 Har
814 1062 65 40 gift
896 1062 132 30 kvinna
1046 1062 78 31 haft
1142 1063 156 30 inkomst
1318 1072 41 21 av
1377 1063 207 39 jordbruks-

86 1112 166 40 fastighet
273 1113 64 29 och
357 1113 65 29 har
442 1113 71 29 hon
535 1112 112 30 utfört
668 1113 117 30 arbete
807 1113 11 29 i
840 1113 280 30 förvärvskällan
1145 1113 51 30 till
1219 1114 107 29 minst
1348 1113 63 31 300
1434 1114 149 30 kronors

85 1164 114 33 värde,
219 1163 57 29 må
295 1163 70 30 hon
385 1162 141 40 åtnjuta
545 1163 128 40 avdrag
693 1163 107 40 enligt
820 1163 66 30 vad
907 1173 75 20 som
1003 1164 79 39 sägs
1101 1164 11 29 i
1132 1165 101 29 nästa
1252 1164 118 39 stycke
1390 1164 192 30 beträffan-

84 1214 43 29 de
148 1223 163 21 mannen.

129 1265 71 29 Har
226 1264 65 39 gift
317 1273 81 20 man
423 1264 79 30 haft
526 1264 157 30 inkomst
708 1274 42 20 av
774 1264 362 40 jordbruksfastighet
1163 1265 81 30 eller
1270 1265 129 30 rörelse
1426 1266 65 29 och
1519 1266 65 29 har

83 1315 153 30 hustrun
260 1314 112 30 utfört
395 1315 116 30 arbete
535 1315 12 29 i
571 1314 280 31 förvärvskällan
875 1315 52 29 till
952 1317 49 28 ett
1024 1316 105 30 värde
1155 1325 42 20 av
1220 1316 108 30 minst
1353 1316 62 30 300
1442 1316 140 35 kronor,

83 1365 58 30 må
159 1374 153 21 mannen
331 1365 140 39 åtnjuta
489 1366 131 38 avdrag
637 1366 80 29 med
737 1366 155 29 nämnda
911 1366 136 39 belopp.
1069 1367 71 29 Har
1160 1367 152 29 hustrun
1330 1366 78 30 haft
1426 1367 156 29 hemma-

83 1416 153 29 varande
255 1415 87 30 barn
362 1416 111 29 under
495 1416 39 29 16
555 1416 38 29 år
613 1416 65 29 och
697 1416 71 29 kan
789 1416 57 29 det
866 1417 149 38 styrkas,
1039 1418 49 28 att
1109 1417 41 29 de
1169 1417 155 39 verkliga
1344 1417 239 30 kostnaderna

83 1466 56 30 för
163 1466 150 30 barnens
339 1466 354 30 omhänderhavande
718 1467 179 39 överstigit
924 1467 63 29 300
1013 1467 140 34 kronor,
1180 1467 58 30 må
1262 1477 153 20 mannen
1442 1467 140 40 åtnjuta

83 1516 129 39 avdrag
231 1516 54 30 för
304 1516 101 30 dessa
424 1516 200 35 kostnader,
644 1517 90 29 dock
751 1517 102 39 högst
871 1517 79 29 med
969 1519 48 28 ett
1036 1517 124 40 belopp
1178 1518 245 30 motsvarande
1444 1518 40 30 20
1504 1527 77 30 pro-

82 1569 80 27 cent
181 1576 42 20 av
243 1567 57 29 det
318 1567 104 29 värde
442 1567 116 29 vartill
576 1567 172 30 hustruns
768 1567 116 30 arbete
903 1568 220 38 uppskattas.

128 1618 137 38 Avdrag
289 1617 107 39 enligt
421 1617 96 30 detta
541 1619 156 28 moment
722 1617 59 30 må
806 1617 158 40 åtnjutas
991 1618 124 30 endast
1141 1628 56 20 om
1223 1619 171 29 makarna
1419 1619 69 30 levt
1515 1619 66 30 till-

83 1677 179 21 sammans
284 1668 64 29 och
369 1668 66 29 den
458 1667 52 30 till
535 1668 129 39 avdrag
686 1668 214 40 berättigade
923 1669 128 29 maken
1075 1669 110 30 under
1208 1670 110 29 större
1340 1670 100 29 delen
1464 1679 41 20 av
1526 1670 56 30 be-

83 1718 276 39 skattningsåret
381 1718 90 30 varit
495 1719 65 29 här
584 1719 10 29 i
619 1719 90 29 riket
734 1718 125 30 bosatt.
888 1719 174 39 Avdraget
1087 1720 67 34 må,
1180 1720 63 29 där
1267 1720 152 30 hustrun
1444 1720 31 39 ej
1504 1720 78 30 haft

86 1769 293 29 hemmavarande
401 1769 88 29 barn
513 1769 111 29 under
651 1770 37 29 16
712 1769 48 36 år,
785 1770 75 29 icke
884 1770 55 29 för
962 1770 171 30 makarna
1155 1770 232 31 tillsammans
1411 1771 172 39 överstiga

82 1818 64 30 300
166 1819 140 29 kronor.
329 1819 70 29 Har
420 1819 153 29 hustrun
595 1818 77 30 haft
694 1820 296 29 hemmavarande
1012 1820 97 34 barn,
1132 1820 58 30 må
1212 1821 163 38 avdraget
1396 1821 77 30 icke
1495 1823 85 28 utan

84 1869 171 39 prövning
275 1870 171 38 överstiga
466 1870 18 29 3
499 1869 62 30 000
581 1870 140 30 kronor.
744 1871 69 28 Där
834 1870 163 38 avdraget
1018 1870 172 30 beräknas
1211 1871 78 29 med
1310 1871 137 39 hänsyn
1469 1872 51 29 till
1541 1872 41 29 de

81 1919 156 38 verkliga
261 1919 237 29 kostnaderna
524 1918 55 30 för
604 1919 152 30 barnens
783 1919 365 35 omhänderhavande,
1175 1920 58 30 må
1259 1921 41 29 de
1328 1920 54 30 för
1409 1922 171 29 makarna

83 1969 233 30 tillsammans
334 1969 75 29 icke
427 1969 173 39 överstiga
618 1969 100 30 dessa
737 1970 199 29 kostnader.

127 2019 137 39 Avdrag
283 2019 106 39 enligt
407 2037 44 3 -—
468 2037 44 3 --
529 2037 44 4 —
592 2020 106 38 sagda
719 2020 180 30 kommun.

125 2162 122 29 Denna
268 2161 55 39 lag
345 2162 116 29 träder
482 2161 11 29 i
516 2162 96 29 kraft
634 2162 66 30 den
725 2164 13 28 1
762 2162 142 39 januari
930 2163 98 35 1962;
1054 2164 88 29 dock
1167 2166 49 27 att
1241 2164 95 30 äldre
1359 2164 220 30 bestämmel-

81 2220 56 21 ser
155 2210 218 30 fortfarande
392 2211 98 30 skola
509 2212 91 38 gälla
617 2212 10 29 i
647 2212 99 39 fråga
764 2222 56 20 om
842 2213 82 29 1962
944 2213 57 29 års
1023 2214 157 38 taxering
1200 2216 90 27 samt
1308 2214 11 29 i
1338 2214 99 39 fråga
1456 2224 56 20 om
1531 2215 48 30 ef-

81 2261 212 39 tertaxering
314 2261 54 29 för
386 2261 38 29 år
447 2262 83 29 1962
552 2262 82 29 eller
655 2262 147 39 tidigare
822 2262 48 30 år.

125 2402 38 34 b)
186 2402 10 29 i
215 2402 166 30 skrivelse
399 2402 51 29 till
470 2403 125 39 Kungl.
616 2403 105 39 Maj:t
742 2404 195 35 hemställa,
957 2406 50 28 att
1027 2405 125 38 Kungl.
1173 2405 103 39 Maj:t
1296 2405 107 31 måtte
1423 2406 157 40 företaga

84 2462 42 20 en
154 2453 190 39 skyndsam
371 2453 186 38 utredning
584 2454 147 29 rörande
758 2454 268 39 möjligheterna
1052 2457 49 27 att
1125 2455 125 30 bereda
1277 2465 119 20 ensam
1423 2456 159 30 barnför-
