1842 2790
341 111 407 40 Bevillningsutskottets
772 109 218 31 betänkande
1013 118 42 20 nr
1078 108 40 30 79
1141 108 39 30 år
1204 108 81 29 1961
1531 108 38 30 81

378 198 91 29 samt
497 196 45 30 II:
566 195 55 31 870
649 204 42 21 av
718 195 121 29 herrar
866 194 178 30 Johnsson
1072 193 10 29 i
1112 193 167 38 Skoglösa
1306 191 65 30 och
1396 191 172 30 Wahren-

377 246 106 36 dorff,

423 297 58 34 22)
512 297 41 29 de
592 295 224 40 likalydande
855 294 221 30 motionerna
1104 292 108 31 I:739
1242 302 41 20 av
1311 292 81 29 herr
1420 292 148 29 Torsten

378 348 171 29 Mattsson
567 355 45 21 m.
631 346 38 29 fl.
688 345 65 30 och
770 345 45 30 II:
832 344 62 31 888
914 354 42 20 av
972 344 81 29 herr
1070 343 202 30 Antonsson
1291 351 45 21 m.
1355 342 48 35 fl.,

422 397 58 34 23)
509 396 179 30 motionen
715 396 44 29 II:
776 395 63 30 849
864 404 41 21 av
929 395 81 29 herr
1034 393 210 31 Gustafsson
1269 393 11 30 i
1306 392 195 36 Skellefteå,

423 447 58 35 24)
512 447 178 30 motionen
713 447 45 29 II:
775 446 62 30 865
861 455 41 20 av
924 445 58 30 fru
1001 445 132 33 Gunne,

423 498 58 34 25)
511 497 178 30 motionen
711 497 46 29 II:
775 496 60 30 871
860 505 41 21 av
922 496 81 29 herr
1024 494 162 40 Kollberg
1208 496 164 29 ävensom

423 547 58 34 26)
510 547 179 30 motionen
710 546 46 31 11:
772 546 63 30 878
857 556 41 20 av
918 546 80 29 herr
1019 545 170 30 Eriksson
1209 545 11 29 i
1240 545 195 30 Bäckmora
1455 553 45 21 m.
1522 543 47 35 fl.,

378 599 119 35 måtte,
521 599 4 29 i
542 599 66 29 den
626 598 82 29 mån
726 598 42 29 de
785 597 75 30 icke
876 597 71 29 kan
965 605 101 21 anses
1083 595 189 31 besvarade
1291 602 123 33 genom
1432 595 67 29 vad
1516 596 53 28 ut-

381 650 129 29 skottet
525 658 88 20 ovan
633 648 118 30 anfört
770 648 65 29 och
852 647 189 36 hemställt,
1062 656 42 20 av
1122 646 187 39 riksdagen
1328 646 137 29 lämnas
1485 647 84 27 utan

380 699 132 40 åtgärd.

115 784 202 31 Stockholm
334 784 67 29 den
418 783 41 30 30
478 782 185 31 november
683 783 78 29 1961

502 884 48 30 På
571 883 398 39 bevillningsutskottets
991 883 146 38 vägnar:

641 984 117 31 JOHN
781 983 212 30 ERICSSON

698 1159 241 30 Närvarande:

116 1222 80 30 från
231 1221 165 31 första
429 1221 220 29 kammaren:
675 1220 122 29 herrar
820 1219 92 30 John
935 1218 174 34 Ericsson,
1135 1217 168 39 Hagberg,
1324 1217 107 29 Einar
1454 1216 117 30 Eriks-

73 1272 71 26 son,
171 1263 186 34 Jansson",
385 1263 109 39 Spetz,
522 1262 124 29 fröken
673 1261 189 35 Ranmark,
889 1261 123 29 herrar
1038 1260 214 40 Söderquist,
1278 1259 117 40 Yngve
1422 1259 150 35 Nilsson,

72 1306 195 39 Wärnberg
283 1306 64 29 och
366 1305 150 36 Sundin;
537 1306 90 28 samt

117 1365 80 29 från
239 1365 153 29 andra
430 1364 220 29 kammaren:
684 1363 122 29 herrar
835 1362 132 30 Brandt
997 1362 11 29 i
1039 1360 197 40 Aspabruk,
1267 1360 171 38 Kollberg,
1469 1360 103 29 Kärr-

72 1406 130 34 lander,
221 1406 171 38 Vigelsbo,
411 1405 190 30 Gustafson
618 1405 11 29 i
647 1404 180 39 Göteborg,
846 1404 213 39 Magnusson
1077 1403 10 29 i
1105 1403 119 34 Borås,
1244 1402 81 40 Asp,
1343 1402 202 30 Andersson
1562 1401 11 29 i

74 1448 135 35 Essvik,
232 1448 57 29 fru
311 1448 196 39 Holmqvist
529 1447 63 30 och
613 1447 82 29 herr
716 1447 203 38 Björkman.

114 1506 88 25 "Icke
223 1507 131 23 närvarit
374 1506 48 24 vid
443 1505 145 31 justering
609 1512 34 17 av
662 1505 207 24 betänkandet.

683 1694 280 32 Reservationer:

74 1783 188 38 Angående
281 1782 162 39 åtgärder
458 1782 11 29 i
487 1782 171 29 samband
676 1782 81 29 med
772 1781 183 39 slopandet
972 1790 42 20 av
1033 1780 374 40 skattegrupperingen

120 1843 31 32 I)
180 1852 42 20 av
242 1842 119 30 herrar
380 1841 170 39 Hagberg,
570 1841 112 38 Spetz,
702 1839 215 40 Söderquist,
941 1840 113 38 Yngve
1074 1838 152 37 Nilsson,
1248 1838 171 39 Kollberg,
1440 1837 139 40 Gustaf-

73 1901 63 21 son
156 1893 11 29 i
185 1892 181 39 Göteborg,
384 1892 214 38 Magnusson
617 1891 10 29 i
647 1890 108 30 Borås
774 1891 65 29 och
856 1890 205 38 Björkman,
1080 1889 95 29 vilka
1194 1891 125 31 ansett,
1339 1891 49 27 att
1408 1889 170 29 utskottet

74 1943 78 29 med
176 1942 220 39 åberopande
420 1951 42 19 av
484 1942 66 29 vad
573 1950 74 20 som
672 1941 11 29 i
706 1941 114 29 denna
844 1940 100 39 fråga
966 1939 137 30 anförts
1125 1939 11 29 i
1161 1939 219 29 motionerna
1404 1939 28 28 1:
1451 1938 57 29 721
1536 1947 42 20 av

74 1993 81 30 herr
172 1993 160 39 Hagberg
349 2002 45 19 m.
413 1992 38 29 fl.
470 1992 64 29 och
552 1991 45 30 II:
614 1991 63 30 882
696 2000 42 20 av
755 1991 81 29 herr
854 1990 197 30 Heckscher
1069 1999 45 20 m.
1135 1989 36 29 fl.
1191 1992 91 27 samt
1300 1989 10 29 i
1329 1989 188 39 anledning
1536 1998 42 20 av

73 2044 179 29 motionen
275 2043 44 29 II:
336 2042 64 30 849
421 2052 42 20 av
482 2042 80 29 herr
583 2041 210 30 Gustafsson
815 2042 11 29 i
848 2040 196 36 Skellefteå,
1067 2040 221 29 motionerna
1309 2039 27 30 I:
1354 2038 62 31 734
1439 2048 42 20 av
1502 2039 75 29 her-

74 2103 57 20 rar
157 2095 76 29 Uno
259 2093 166 30 Olofsson
451 2093 66 29 och
542 2093 66 28 Per
631 2092 193 30 Jacobsson
851 2093 90 28 samt
968 2091 45 29 II:
1030 2090 63 30 866
1120 2100 42 19 av
1188 2090 81 29 herr
1293 2089 148 30 Löfroth
1467 2098 44 20 m.
1540 2089 36 29 fl.

75 2145 165 29 ävensom
257 2144 221 29 motionerna
496 2143 28 29 I:
542 2142 61 30 725
621 2152 43 20 av
681 2142 80 29 herr
780 2142 75 29 Ivar
872 2141 200 30 Johansson
1090 2150 46 19 m.
1155 2140 37 29 fl.
1211 2140 65 30 och
1295 2140 44 29 II:
1356 2139 63 30 874
1438 2149 41 20 av
1498 2140 79 29 herr

76 2194 163 30 Hedlund
258 2203 45 20 m.
323 2194 36 29 fl.
377 2193 79 29 bort
473 2193 110 29 under
601 2193 199 39 punkterna
819 2192 25 28 B
864 2191 51 34 6),
937 2191 72 33 10),
1031 2191 54 33 19)
1109 2190 65 30 och
1194 2190 58 33 23)
1276 2190 138 33 föreslå,

431 2245 51 27 att
500 2243 188 38 riksdagen
705 2242 107 29 måtte
830 2242 10 29 i
860 2241 167 30 skrivelse
1045 2241 50 29 till
1115 2240 126 38 Kungl.
1261 2240 104 38 Maj:t
1384 2240 195 32 hemställa,

386 2295 50 27 att
458 2293 124 38 Kungl.
605 2292 106 38 Maj:t
732 2292 108 29 måtte
861 2291 156 38 företaga
1037 2300 42 20 en
1102 2291 191 38 skyndsam
1316 2289 187 39 utredning
1525 2289 53 29 för

386 2345 50 27 att
457 2344 126 28 utröna
601 2342 94 29 vilka
715 2341 161 39 åtgärder
895 2350 86 24 som,
1003 2340 105 30 sedan
1130 2339 372 39 skattegrupperingen
1523 2348 56 20 av-

388 2392 162 34 skaffats,
567 2392 57 30 må
639 2401 84 20 vara
740 2391 226 38 erforderliga
984 2390 53 30 för
1054 2390 144 30 lösande
1215 2399 41 20 av
1272 2389 41 30 de
1331 2389 154 39 problem
1504 2398 73 20 som

107 2461 18 25 6
164 2461 112 30 Bihang
295 2460 46 24 till
358 2459 169 30 riksdagens
545 2459 148 30 protokoll
711 2459 75 23 1961.
805 2459 15 22 7
837 2458 83 24 saml.
938 2458 40 23 Nr
991 2457 30 23 79
