1912 2834
539 189 296 36 Statsutskottets
852 190 185 36 utlåtande
1055 191 56 34 Nr
1140 194 32 38 4.
1559 194 43 31 49

305 287 408 33 Försvarsväsendets
737 289 175 32 centrala
936 289 470 42 civilanställningsbyrå.

161 367 112 41 130:0)
303 367 353 32 Försvarsväsendets
670 368 155 32 centrala
838 368 415 41 civilanställningsbyrå:
1269 369 227 40 Avlöningar.
1511 370 19 34 I
1544 382 58 22 en-

112 419 108 45 lighet
238 420 82 35 med
338 420 133 44 Kungl.
489 421 131 42 Maj:ts
637 420 131 44 förslag
790 422 131 42 (punkt
941 425 77 37 136,
1038 422 64 35 sid.
1124 426 64 31 158
1207 423 68 34 och
1298 424 79 42 159)
1399 423 67 34 och
1486 424 114 34 under

114 474 148 40 erinran,
286 478 57 30 att
367 474 68 34 den
457 474 198 44 föreslagna
678 475 192 43 höjningen
893 475 101 35 beror
1016 477 47 42 på
1088 476 422 44 löneklassuppflyttning
1532 477 69 35 och

113 527 128 43 utbyte
263 539 47 22 av
332 533 53 31 ett
405 532 100 31 extra
526 528 236 35 skrivbiträde
784 534 77 30 mot
884 534 53 30 ett
959 535 99 30 extra
1079 530 297 42 kontorsbiträde,
1399 531 203 34 hemställer

113 581 188 41 utskottet,

478 641 55 30 att
553 636 185 43 riksdagen
758 637 59 34 må

478 690 33 42 a)
540 690 84 42 höja
646 690 66 34 den
732 691 9 33 i
763 690 301 43 avlöningsstaten
1085 691 54 34 för
1159 690 341 36 försvarsväsendets
1522 703 78 22 cen-

432 744 91 33 trala
546 744 403 43 civilanställningsbyrå
972 744 178 44 uppförda
1174 745 265 43 anslagsposten
1461 745 54 34 till
1539 758 60 21 av-

433 797 160 43 löningar
621 797 52 34 till
701 797 265 35 icke-ordinarie
994 799 161 42 personal
1183 799 81 34 med
1294 802 66 31 500
1388 799 131 34 kronor
1547 799 54 34 till

433 854 122 37 20,300
581 851 128 34 kronor
734 852 64 33 och
824 852 316 42 avlöningsstatens
1166 853 208 33 slutsumma
1398 853 52 34 till
1476 856 123 37 25,000

430 904 141 41 kronor,

476 957 36 43 b)
558 958 53 34 till
630 958 358 35 Försvarsväsendets
1007 958 156 35 centrala
1182 958 417 44 civilanställningsbyrå:

430 1011 219 42 Avlöningar
672 1011 54 34 för
749 1012 211 42 budgetåret
985 1011 156 44 1942/43
1166 1012 124 34 anvisa
1314 1017 53 30 ett
1389 1012 209 43 förslagsan-

430 1064 76 43 slag
522 1077 46 22 av
584 1068 124 37 25,000
724 1065 141 34 kronor.

159 1162 113 41 131:0)
302 1161 352 32 Försvarsväsendets
687 1163 155 31 centrala
875 1163 416 40 civilanställningsbyrå:
1325 1163 274 32 Omkostnader.

113 1214 87 35 Med
220 1215 248 43 tillstyrkande
487 1228 45 21 av
551 1215 133 43 Kungl.
704 1215 127 43 Maj:ts
850 1215 129 44 förslag
1000 1216 132 43 (punkt
1152 1220 76 37 137,
1248 1216 64 35 sid.
1334 1220 64 31 159
1417 1217 66 34 och
1505 1217 95 43 160),

112 1269 110 34 vilket
238 1269 148 34 innebär
401 1281 44 22 en
461 1269 81 35 med
559 1269 141 43 hänsyn
715 1270 53 34 till
786 1270 383 43 anslagsbelastningen
1186 1270 185 34 föranledd
1387 1270 147 44 höjning
1553 1283 46 22 av

112 1322 158 43 anslaget
295 1323 11 34 i
329 1322 218 36 förhållande
571 1323 54 34 till
649 1323 239 35 innevarande
911 1323 174 43 budgetår
1108 1324 79 35 med
1214 1327 99 37 1,400
1337 1324 141 40 kronor,
1502 1324 97 33 hem-

112 1376 118 34 ställer
250 1376 189 41 utskottet,

476 1435 56 29 att
550 1430 184 42 riksdagen
753 1431 59 33 må
831 1430 53 34 till
903 1430 358 34 Försvarsväsendets
1280 1430 155 34 centrala
1454 1429 144 35 civilan-

430 1483 287 43 ställningsbyrå:
733 1482 260 35 Omkostnader
1007 1483 54 34 för
1075 1483 211 43 budgetåret
1302 1482 155 44 1942/43
1474 1483 125 34 anvisa

428 1541 55 29 ett
503 1536 271 43 förslagsanslag
795 1549 46 21 av
863 1539 100 37 4,000
985 1536 141 35 kronor.

556 1643 461 42 Garnisonssjukvården
1040 1654 48 22 m.
1113 1654 48 22 m.

157 1724 112 41 132:0)
288 1723 216 31 Karolinska
519 1723 205 40 sjukhusets
740 1723 427 40 garnisonsavdelningar.
1185 1723 410 39 Garnisonssjukhusen:

110 1775 227 40 Avlöningar.
356 1776 227 34 Beträffande
599 1777 130 42 Kungl.
746 1777 128 42 Maj:ts
890 1776 293 43 framställningar
1199 1789 56 21 om
1273 1777 119 42 anslag
1408 1777 50 34 till
1475 1776 124 43 ifråga-

111 1830 156 33 varande
282 1829 165 34 ändamål
465 1829 218 43 (punkterna
698 1833 63 30 138
777 1830 66 34 och
861 1830 77 43 139)
956 1830 112 42 jämte
1084 1830 10 33 i
1111 1829 189 43 anledning
1315 1842 45 22 av
1377 1829 221 35 sistnämnda

112 1883 120 42 anslag
256 1883 132 33 väckta
412 1883 174 33 motioner
611 1883 142 43 avgiver
778 1883 201 42 riksdagens
1005 1883 112 42 tredje
1144 1883 171 33 särskilda
1340 1882 140 34 utskott
1506 1883 91 33 utlå-

111 1936 119 40 tande,
248 1936 112 34 vilket
378 1935 144 35 härmed

766 1990 166 33 anmäles.

152 2086 111 42 133:0)
281 2086 410 39 Garnisonssjukhusen:
707 2085 273 33 Omkostnader.
995 2087 18 33 I
1024 2085 342 36 överensstämmelse
1376 2084 80 35 med
1466 2084 132 43 Kungl.

110 2139 128 42 Maj:ts
254 2139 131 43 förslag
403 2140 130 42 (punkt
550 2143 77 37 140,
644 2140 62 34 sid.
725 2143 64 31 174
806 2141 66 33 och
892 2140 93 42 175),
1002 2140 111 34 vilket
1130 2140 11 34 i
1157 2139 220 35 förhållande
1394 2140 52 34 till
1465 2139 60 35 det
1542 2139 56 34 för

110 2193 239 33 innevarande
372 2193 172 42 budgetår
569 2193 167 34 anvisade
761 2193 158 42 anslaget
942 2193 147 34 innebär
1112 2205 43 21 en
1180 2205 45 21 av
1248 2193 110 42 höjda
1382 2192 215 34 arbetslöner

110 2246 66 33 och
202 2246 269 42 materielpriser
495 2246 185 34 föranledd
706 2246 133 42 ökning
862 2246 83 33 med
971 2249 146 36 235,000
1144 2246 141 39 kronor,
1312 2245 201 34 hemställer
1539 2250 57 29 ut-

110 2298 144 40 skottet,

476 2355 55 30 att
562 2351 186 42 riksdagen
776 2352 61 33 må
867 2351 53 33 till
951 2350 401 42 Garnisonssjukhusen:
1383 2349 212 35 Omkostna-

429 2403 60 33 der
517 2404 55 34 för
602 2405 205 41 budgetåret
840 2404 154 42 1942/43
1026 2404 120 33 anvisa
1177 2408 52 29 ett
1259 2403 262 42 förslagsanslag
1552 2415 46 21 av

430 2460 179 37 1,235,000
628 2457 140 33 kronor.

149 2519 100 31 Bihang
271 2519 37 25 till
326 2518 148 32 riksdagens
491 2519 130 32 protokoll
638 2520 72 28 1942.
745 2524 15 21 6
779 2520 75 25 saml.
892 2520 39 25 Nr
949 2523 23 28 4.
1544 2522 16 22 4
