1900 2842
529 181 298 34 Statsutskottets
845 180 186 36 utlåtande
1051 182 36 33 Nr
1122 186 31 38 4.
1568 187 17 31 1

771 482 67 41 Nr
865 483 39 41 4.

619 646 104 25 Ankom
743 646 40 25 till
803 646 155 32 riksdagens
976 647 86 25 kansli
1081 647 52 25 den
1154 650 32 22 12
1205 648 57 31 juni
1284 651 67 23 1942
1371 648 36 26 kl.
1429 650 12 24 1
1462 658 21 16 e.
1503 658 35 16 im.

324 786 192 35 Utlåtande
542 786 12 34 i
581 786 189 43 anledning
797 799 46 22 av
871 787 134 43 Kungl.
1032 788 130 43 Maj:ts
1189 789 13 34 i
1228 789 354 44 statsverksproposi-

550 839 122 35 tionen
712 840 124 43 gjorda
876 841 303 43 framställningar
1218 842 150 35 rörande
1410 843 174 43 egentliga

546 894 241 42 statsutgifter
807 894 58 42 för
889 894 210 43 budgetåret
1123 895 157 44 1942/43
1302 896 115 35 under
1439 896 144 35 rikssta-

547 951 78 30 tens
644 947 118 40 fjärde
781 947 215 41 huvudtitel,
1016 949 174 34 avseende
1210 948 168 44 anslagen
1395 950 97 34 inom
1510 950 71 42 för-

546 1001 403 42 svarsdepartementets
989 1001 400 41 verksamhetsområde,
1418 1003 111 43 jämte
1570 1003 13 34 i

546 1056 123 32 ämnet
685 1054 131 34 väckta
833 1054 186 35 motioner.

1349 1110 72 43 (1:a
1437 1110 95 43 avd.)

462 1257 54 41 A.
557 1257 649 53 Försvarsdepartementet.

140 1357 67 41 1:0)
237 1356 465 40 Försvarsdepartementet:
734 1357 228 40 Avlöningar.
994 1358 227 35 Beträffande
1251 1360 133 42 Kungl.
1415 1360 126 43 Maj:ts
1572 1360 11 34 i

93 1409 218 43 proposition
335 1421 43 22 nr
403 1413 16 30 1
446 1409 112 34 under
581 1409 115 43 fjärde
717 1410 231 35 huvudtiteln
974 1411 132 43 (punkt
1132 1416 16 30 1
1176 1425 45 22 av
1245 1413 113 43 bilagt
1382 1413 129 44 utdrag
1536 1426 47 22 av

92 1462 388 43 statsrådsprotokollet
503 1465 85 31 över
611 1462 309 35 försvarsärenden
944 1464 55 35 för
1023 1464 68 35 den
1116 1469 20 30 3
1160 1465 138 43 januari
1326 1467 102 42 1942)
1457 1467 124 42 gjorda

93 1515 260 43 framställning
382 1527 59 22 om
471 1516 122 42 anslag
622 1515 54 35 till
706 1516 270 43 ifrågavarande
1007 1517 165 35 ändamål
1203 1518 144 43 avgiver
1377 1519 203 44 riksdagens

93 1568 114 43 tredje
233 1568 172 34 särskilda
431 1568 142 35 utskott
600 1569 196 41 utlåtande,
823 1569 115 35 vilket
964 1570 146 36 härmed

749 1622 168 36 anmäles.

138 1711 69 41 2:0)
236 1711 466 40 Försvarsdepartementet:
721 1712 273 31 Omkostnader.
1012 1713 18 33 I
1046 1713 151 43 enlighet
1212 1715 80 34 med
1307 1715 132 43 Kungl.
1454 1715 128 43 Maj:ts

91 1763 131 44 förslag
245 1764 131 43 (punkt
397 1767 33 37 2,
452 1764 63 34 sid.
539 1765 34 42 6)
599 1764 66 35 och
686 1765 112 34 under
820 1765 150 41 erinran,
993 1771 55 30 att
1071 1766 54 34 för
1147 1767 238 35 innevarande
1407 1768 174 44 budgetår

93 1817 157 34 anvisats
272 1817 55 34 för
349 1830 137 21 samma
509 1818 166 34 ändamål
698 1822 52 30 ett
774 1818 123 43 anslag
920 1831 45 22 av
989 1823 123 36 79,000
1135 1820 140 41 kronor,
1297 1821 203 35 hemställer
1522 1827 57 29 ut-

92 1870 146 41 skottet,

457 1929 54 29 att
537 1924 188 43 riksdagen
752 1925 58 33 må
838 1924 53 34 till
918 1925 467 43 Försvarsdepartementet:
1415 1927 165 36 Omkost-

410 1977 109 34 nader
549 1976 56 34 för
635 1976 211 44 "budgetåret
880 1977 155 44 1942/43
1070 1978 123 35 anvisa
1225 1984 52 30 ett
1307 1979 273 45 förslagsanslag

412 2041 45 22 av
474 2033 122 36 75,000
613 2029 140 35 kronor.

307 2179 52 41 B.
393 2178 245 43 Centrala
666 2179 700 54 förvaltningsmyndigheter.

620 2287 425 42 Arméförvaltningen.

137 2348 68 41 3:0)
235 2347 390 40 Arméförvaltningen:
655 2348 227 40 Avlöningar.
911 2349 226 34 Beträffande
1165 2350 128 42 Kungl.
1321 2351 128 42 Maj:ts
1475 2352 105 35 fram-

92 2400 161 42 ställning
270 2413 57 20 om
346 2401 120 42 anslag
484 2401 50 34 till
552 2401 262 42 ifrågavarande
834 2402 162 33 ändamål
1018 2403 129 41 (punkt
1166 2404 33 42 3)
1223 2404 141 42 avgiver
1381 2405 199 43 riksdagens

91 2452 112 43 tredje
219 2452 169 34 särskilda
403 2453 141 34 utskott
558 2453 197 41 utlåtande,
770 2454 111 34 vilket
895 2454 146 34 härmed

749 2507 167 34 anmäles.

120 2567 102 32 Bihang
241 2568 38 25 till
297 2567 151 32 riksdagens
466 2568 130 32 protokoll
615 2571 74 27 1942.
724 2574 15 21 6
758 2570 75 26 saml.
872 2571 39 25 Nr
931 2575 24 26 4.
1531 2578 10 22 1
