1918 2834
115 953 143 26 Utskottet.

317 178 43 30 28
769 179 297 36 Statsutskottets
1083 182 185 36 utlåtande
1286 183 56 34 Nr
1358 187 30 37 4.

363 255 246 36 Förevarande
635 258 119 42 anslag
780 261 39 31 är
843 258 54 35 för
922 260 237 35 innevarande
1185 262 175 43 budgetår
1384 263 147 43 uppfört
1556 265 81 34 med
1664 268 145 37 134,000

317 308 138 35 kronor.

363 363 397 42 Departementschefen
783 365 65 34 har
870 365 116 35 funnit
1009 379 44 21 en
1076 368 223 43 uppräkning
1320 381 46 22 av
1387 369 159 43 anslaget
1568 371 80 34 med
1670 371 138 43 hänsyn

318 415 53 33 till
392 415 166 35 inträdda
579 417 265 44 prisstegringar
865 419 64 33 och
951 419 86 34 ökat
1058 421 174 34 elevantal
1255 422 62 34 vid
1338 422 93 34 vissa
1453 423 116 34 skolor
1590 424 75 34 icke
1686 424 125 34 kunna

317 468 184 35 undvikas.
526 470 45 42 Ej
599 470 105 34 heller
728 483 104 31 synes
858 472 385 42 departementschefen
1269 476 110 41 något
1403 488 88 22 vara
1516 481 56 30 att
1595 477 113 34 erinra
1732 483 77 29 mot

316 526 54 29 ett
387 534 45 21 av
448 522 376 45 marinförvaltningen
840 525 166 43 framlagt
1022 525 140 44 förslag,
1180 533 56 29 att
1255 540 44 22 en
1317 529 297 35 marinläkarkurs
1632 530 176 34 anordnas

317 574 125 35 hösten
468 579 100 31 1942.
593 576 20 34 I
638 577 59 34 det
720 577 79 35 hela
824 578 108 35 borde
956 579 204 41 emellertid,
1183 580 203 35 framhåller
1411 578 399 51 departementschefen,

317 640 44 22 en
379 628 68 34 viss
465 629 233 44 begränsning
715 643 45 21 av
778 632 287 35 medelsbehovet
1083 633 109 35 under
1210 634 101 34 detta
1329 635 120 43 anslag
1466 636 88 34 böra
1570 636 238 35 eftersträvas.

316 681 57 34 En
393 683 233 43 omprövning
647 696 45 21 av
713 684 155 35 behovet
889 697 45 22 av
954 686 43 34 de
1018 686 169 35 särskilda
1206 687 135 41 kurser,
1361 701 75 21 som
1456 689 155 35 normalt
1631 690 98 34 skola
1749 690 59 34 be-

316 734 120 35 kostas
451 747 42 22 ur
508 736 169 43 anslaget,
692 749 103 30 synes
811 738 61 34 vid
888 739 162 43 lämpligt
1064 739 135 36 tillfälle
1214 741 87 33 böra
1314 741 188 43 företagas.
1518 743 289 42 Departements-

316 787 123 34 chefen
457 788 65 34 har
540 788 170 42 förordat,
728 795 55 29 att
801 792 157 42 anslaget
975 791 56 35 för
1048 796 103 31 nästa
1167 793 175 43 budgetår
1359 794 213 36 bestämmes
1590 796 51 34 till
1662 799 145 36 155,000

316 840 138 41 kronor,
474 843 251 35 motsvarande
747 856 44 22 en
812 844 147 43 höjning
980 846 82 33 med
1084 849 122 37 21,000
1227 847 140 34 kronor.

361 955 187 36 Utskottet
571 957 112 34 finner
706 958 11 34 i
740 958 113 35 likhet
876 960 81 34 med
981 960 398 43 departementschefen,
1404 968 55 29 att
1483 976 44 21 en
1552 964 69 34 viss
1645 964 162 43 begräns-

315 1008 84 43 ning
418 1021 45 22 av
481 1010 286 35 medelsbehovet
786 1012 113 34 under
919 1013 101 34 detta
1041 1014 120 43 anslag
1180 1015 64 33 bör
1263 1014 227 35 eftersträvas
1510 1017 67 33 och
1597 1022 53 30 att
1670 1029 43 22 en
1733 1029 73 22 om-

314 1062 173 43 prövning
511 1075 48 22 av
583 1063 152 35 behovet
759 1077 46 21 av
829 1065 44 34 de
896 1066 171 34 särskilda
1089 1067 132 42 kurser,
1245 1080 75 22 som
1344 1069 153 34 normalt
1520 1069 100 35 skola
1641 1069 166 35 bekostas

316 1127 42 21 ur
376 1116 169 42 anslaget,
563 1117 65 33 bör
646 1117 60 34 vid
723 1118 163 43 lämpligt
904 1119 135 34 tillfälle
1057 1119 186 44 företagas.

360 1168 83 35 Mot
465 1169 61 35 det
548 1170 110 34 under
678 1170 231 36 förevarande
930 1173 117 42 punkt
1069 1173 128 35 äskade
1220 1175 306 43 anslagsbeloppet
1546 1176 65 34 har
1631 1176 177 35 utskottet

314 1221 91 35 intet
425 1227 54 29 att
498 1223 126 34 erinra.

359 1274 187 36 Utskottet
570 1276 212 41 hemställer,

678 1335 56 29 att
751 1331 187 43 riksdagen
956 1332 59 33 må
1034 1332 53 34 till
1109 1332 96 35 Vissa
1224 1333 190 35 kostnader
1431 1333 56 41 för
1506 1335 43 34 de
1567 1335 94 42 fasta
1679 1336 127 34 under-

632 1382 299 44 visningsverken,
951 1384 172 35 särskilda
1144 1385 340 44 utbildningskurser
1504 1401 49 21 m.
1573 1401 48 21 m.
1642 1389 55 34 för
1717 1389 89 34 bud-

634 1437 133 41 getåret
796 1437 154 44 1942/43
979 1439 123 34 anvisa
1127 1444 51 29 ett
1204 1440 358 44 reservationsanslag
1588 1454 45 21 av
1660 1446 146 37 155,000

631 1489 139 36 kronor.

363 1595 89 41 78:0)
482 1595 158 31 Flottans
658 1597 182 39 övningar.
859 1597 130 43 Kungl.
1007 1598 110 42 Maj:t
1133 1599 61 34 har
1211 1599 175 43 föreslagit
1403 1600 182 43 riksdagen
1605 1602 127 42 (punkt
1750 1607 55 32 81,

313 1647 65 34 sid.
402 1649 147 42 95—98)
578 1653 56 30 att
655 1649 52 34 till
730 1649 165 35 Flottans
917 1651 173 42 övningar
1111 1651 54 34 för
1187 1652 212 43 budgetåret
1424 1654 157 43 1942/43
1607 1655 121 34 anvisa
1750 1659 53 30 ett

312 1701 353 43 reservationsanslag
688 1715 45 21 av
759 1706 202 37 10,900,000
985 1704 140 34 kronor.

357 1807 246 34 Förevarande
624 1808 119 43 anslag
764 1812 39 30 är
823 1808 54 35 för
898 1810 238 34 innevarande
1156 1811 175 43 budgetår
1352 1812 146 43 uppfört
1520 1814 81 33 med
1623 1817 181 37 9,200,000

312 1859 137 35 kronor.

355 1913 52 34 På
428 1914 175 42 grundval
625 1926 45 22 av
691 1918 163 32 närmare
876 1916 153 42 angivna
1051 1917 344 43 detaljberäkningar
1415 1919 81 34 med
1519 1919 138 44 hänsyn
1679 1920 52 34 till
1754 1932 47 21 nu

310 1966 160 42 gällande
492 1967 112 42 priser
625 1967 64 34 har
710 1973 126 37 posten
861 1981 65 21 »av
947 1969 375 45 fartygsexpeditioner
1345 1971 112 34 direkt
1478 1972 207 34 föranledda
1705 1972 97 35 kost-

311 2020 125 33 nader»
463 2025 136 29 ansetts
624 2021 83 33 böra
730 2021 102 43 höjas
856 2021 77 35 från
956 2023 207 34 nuvarande
1187 2027 180 37 7,623,750
1391 2025 129 34 kronor
1545 2026 51 33 till
1622 2029 179 37 9,326,450

310 2072 137 34 kronor.
472 2074 123 33 »Vissa
616 2074 191 34 kostnader
829 2075 11 33 i
861 2075 83 34 land
966 2081 95 29 samt
1083 2089 45 21 av
1149 2076 376 44 fartygsinspektioner
1546 2078 89 35 först
1656 2079 11 34 i
1690 2080 112 33 andra

308 2125 97 35 hand
426 2126 208 34 föranledda
653 2127 165 43 utgifter»
841 2128 94 40 hava
954 2129 230 42 uppskattats
1204 2130 56 34 för
1280 2134 104 30 nästa
1403 2131 174 43 budgetår
1597 2132 52 34 till
1670 2137 52 30 ett
1743 2133 58 33 be-

309 2179 84 43 lopp
413 2192 44 21 av
476 2183 148 37 412,505
643 2180 139 41 kronor,
802 2182 252 34 motsvarande
1073 2183 197 34 kostnaden
1288 2184 109 42 enligt
1418 2184 202 43 1938/1939
1640 2186 54 34 års
1714 2186 87 42 pris-

309 2232 83 34 nivå
415 2233 80 33 med
519 2245 44 24 en
586 2233 200 44 förhöjning
809 2247 47 21 av
880 2238 41 31 15
945 2241 158 37 procent.
1126 2237 100 33 Vissa
1249 2237 277 43 resekostnader,
1549 2239 252 34 traktaments-

309 2286 235 43 ersättningar
564 2286 66 34 och
652 2287 286 43 expensutgifter,
959 2288 232 44 målflygning
1212 2295 94 28 samt
1326 2290 218 43 luftskydds-
1566 2304 46 21 m.
1633 2291 37 35 fl.
1691 2292 109 42 krigs-

309 2338 171 43 övningar
494 2340 11 33 i
520 2339 86 34 land
621 2340 93 34 hava
729 2340 191 35 beräknats
937 2342 51 33 till
1005 2353 136 23 samma
1156 2343 127 42 belopp
1300 2355 75 22 som
1390 2343 54 34 för
1459 2344 236 35 innevarande
1712 2345 88 33 bud-

308 2393 109 41 getår,
438 2392 81 34 eller
538 2393 54 33 till
614 2393 196 43 respektive
832 2396 121 38 19,000
974 2394 142 41 kronor,
1137 2399 121 37 77,000
1280 2396 129 34 kronor
1429 2397 66 33 och
1517 2400 123 37 25,000
1660 2397 140 34 kronor.

307 2444 252 36 Kostnaderna
578 2445 55 35 för
652 2446 181 35 beräknad
853 2447 146 43 höjning
1019 2460 46 22 av
1084 2448 307 43 övningsanslaget
1409 2451 47 42 på
1474 2450 116 43 grund
1609 2463 45 21 av
1672 2450 127 43 tjänst-

307 2498 256 43 göringstidens
592 2499 131 43 ökning
751 2499 56 35 för
835 2500 146 35 flottans
1012 2501 236 43 värnpliktiga
1277 2507 95 29 samt
1400 2503 333 43 semesteravlöning
1761 2504 39 33 åt
