1916 2844
531 189 299 35 Statsutskottets
847 188 186 35 utlåtande
1052 189 57 34 Nr
1121 192 32 37 4.
1553 191 42 30 29

104 272 173 33 marinens
300 271 159 33 arbetare
480 271 96 33 hava
598 270 183 42 upptagits
802 269 53 34 till
878 281 135 22 samma
1034 269 130 42 belopp
1186 280 75 22 som
1283 268 55 35 för
1359 268 237 34 innevarande

102 324 184 43 budgetår,
308 326 179 38 1,060,000
507 323 142 35 kronor.

148 378 18 34 I
180 378 151 42 enlighet
345 377 81 34 med
441 377 42 34 de
497 377 11 34 i
522 376 61 35 det
598 376 208 43 föregående
820 375 153 44 angivna
986 375 281 42 beräkningarna
1281 374 110 34 skulle
1405 374 190 34 medelsbe-

102 432 109 34 hovet
233 431 112 34 under
367 430 307 43 övningsanslaget
696 429 54 34 för
772 432 104 31 nästa
899 429 174 42 budgetår
1094 429 119 42 uppgå
1234 428 53 34 till
1311 428 11 34 i
1345 428 177 34 avrundat
1545 427 51 34 tal

105 488 200 37 10,900,000
327 484 139 34 kronor.

148 536 400 45 Departementschefen
569 537 66 33 har
656 536 128 34 räknat
805 536 82 34 med
910 540 55 30 att
986 535 56 34 för
1063 535 148 34 flottans
1232 534 232 43 målflygning
1485 534 111 34 under

104 595 104 31 nästa
223 592 174 42 budgetår
412 591 126 34 anlitas
553 590 171 43 förhyrda
737 590 96 43 plan.
848 589 139 35 Endast
1003 590 12 34 i
1030 589 69 34 den
1113 590 85 33 mån
1212 588 208 43 förhyrning
1434 588 77 36 icke
1523 587 73 34 kan

101 645 146 34 komma
263 645 53 34 till
335 644 105 35 stånd
456 643 112 43 torde,
585 643 203 34 framhåller
805 642 397 44 departementschefen,
1218 642 275 42 målflygningen
1510 641 88 34 böra

104 698 214 43 ombesörjas
339 711 46 21 av
405 697 219 43 flygvapnet;
645 697 55 34 för
720 697 130 33 sådant
868 696 61 34 fall
949 696 101 34 torde
1070 695 221 43 erforderliga
1309 695 114 34 medel
1441 694 37 35 få
1497 698 99 30 över-

101 752 96 34 föras
217 751 79 35 från
315 750 233 35 förevarande
570 750 122 43 anslag
712 750 53 34 till
785 749 227 43 flygvapnets
1034 749 240 42 vederbörliga
1295 748 131 43 anslag.
1448 748 78 34 Vad
1547 759 49 21 nu

102 805 136 34 anförts
262 806 73 33 står
358 804 11 34 i
393 804 346 34 överensstämmelse
762 803 82 34 med
869 802 70 35 vad
963 803 11 33 i
996 802 251 35 motsvarande
1270 801 197 35 hänseende
1489 802 108 42 gäller

104 858 55 34 för
179 857 238 35 innevarande
437 857 185 43 budgetår.

149 910 399 45 Departementschefen
566 911 66 33 har
649 909 246 41 förutskickat,
915 914 56 29 att
988 909 71 34 han
1080 910 11 34 i
1109 909 61 34 det
1188 908 157 43 följande
1362 909 159 34 kommer
1540 913 56 29 att

104 965 141 34 förorda
274 969 54 30 ett
358 976 46 22 av
434 963 281 44 sjökarteverket
743 962 168 43 framlagt
939 962 130 43 förslag
1097 975 60 21 om
1186 961 230 35 överförande
1446 962 53 34 till
1529 961 68 43 sjö-

102 1018 226 35 karteverket
348 1030 47 22 av
416 1017 43 35 de
479 1017 155 34 militära
655 1016 314 43 sjömätningarna.
989 1016 19 33 I
1028 1015 91 43 följd
1138 1015 112 34 härav
1269 1015 66 34 har
1355 1015 11 34 i
1387 1015 99 34 detta
1506 1027 91 22 sam-

102 1072 180 42 manhang
306 1071 146 34 räknats
475 1070 82 34 med
579 1083 46 22 en
649 1070 53 34 till
728 1073 122 37 14,000
874 1069 127 34 kronor
1025 1073 182 39 upptagen
1231 1068 201 43 minskning
1455 1080 46 22 av
1525 1080 72 22 me-

103 1125 227 34 delsbehovet
352 1123 108 35 under
481 1123 233 34 förevarande
737 1123 133 42 anslag,
891 1134 75 22 som
987 1122 157 34 inträder
1165 1122 61 34 vid
1247 1121 98 35 bifall
1367 1122 51 33 till
1440 1121 157 34 nämnda

101 1178 139 43 förslag.

154 1295 79 33 Den
261 1293 216 34 verkställda
503 1293 238 42 beräkningen
770 1305 45 21 av
842 1292 149 34 flottans
1017 1291 275 43 övningsanslag
1319 1296 93 29 samt
1439 1291 71 34 vad
1538 1290 58 35 de-

104 1346 342 44 partementschefen
475 1347 11 33 i
516 1346 174 35 samband
721 1346 145 34 därmed
897 1344 117 35 anfört
1042 1345 66 34 har
1136 1345 178 34 utskottet
1343 1344 136 35 lämnat
1508 1349 89 29 utan

103 1401 147 34 erinran.

150 1454 119 35 Under
291 1454 222 42 åberopande
536 1466 46 21 av
605 1453 61 34 det
688 1453 148 34 anförda
858 1453 65 33 och
944 1452 82 34 med
1047 1452 186 39 förmälan,
1256 1456 55 30 att
1332 1452 179 34 utskottet
1533 1463 64 22 un-

103 1508 63 34 der
196 1507 296 43 sjökarteverkets
523 1506 307 43 avlöningsanslag
859 1505 174 43 tillstyrkt
1062 1505 133 42 Kungl.
1224 1504 128 43 Maj:ts
1381 1504 129 43 förslag
1539 1516 58 21 om

104 1560 256 44 överflyttning
384 1572 44 22 av
454 1560 43 34 de
520 1560 156 33 militära
700 1558 304 43 sjömätningarna
1027 1558 54 34 till
1104 1557 156 34 nämnda
1285 1557 234 41 ämbetsverk,
1542 1556 56 34 får

105 1614 177 34 utskottet
304 1613 198 40 hemställa,

469 1671 55 29 att
550 1666 186 42 riksdagen
762 1666 59 33 må
846 1665 52 34 till
923 1664 164 34 Flottans
1112 1664 171 42 övningar
1307 1664 54 33 för
1387 1663 212 43 budgetåret

427 1719 154 43 1942/43
599 1720 123 33 anvisa
738 1724 53 29 ett
806 1718 355 42 reservationsanslag
1176 1730 45 21 av
1240 1720 201 38 10,900,000
1457 1718 141 33 kronor.

156 1828 90 40 79:0)
275 1826 293 31 Kustartilleriets
600 1827 183 38 övningar.
816 1826 131 42 Kungl.
977 1825 113 42 Maj:t
1119 1824 62 34 har
1211 1824 177 43 föreslagit
1418 1824 180 42 riksdagen

108 1880 130 43 (punkt
257 1884 55 36 82,
331 1880 65 33 sid.
415 1881 56 41 98)
494 1884 56 29 att
568 1879 53 34 till
638 1878 295 35 Kustartilleriets
951 1878 172 42 övningar
1139 1877 54 35 för
1210 1878 212 42 budgetåret
1440 1876 157 43 1942/43

103 1933 123 34 anvisa
247 1938 53 28 ett
323 1932 355 42 reservationsanslag
700 1944 45 21 av
769 1935 180 36 1,630,000
970 1931 141 33 kronor.

151 2038 246 34 Förevarande
418 2037 120 43 anslag
561 2041 37 30 är
621 2037 54 33 för
695 2036 238 34 innevarande
953 2035 175 43 budgetår
1149 2035 145 43 uppfört
1315 2035 80 34 med
1419 2037 178 38 1,480,000

105 2092 137 34 kronor.

151 2145 68 34 Till
240 2144 90 42 följd
354 2156 46 22 av
423 2144 71 34 dels
516 2143 193 41 föreslagen
731 2142 252 42 kaderökning,
1007 2142 72 34 dels
1104 2141 216 34 tillkomsten
1344 2153 45 22 av
1412 2141 92 34 vissa
1526 2153 72 30 nya

106 2198 176 39 batterier,
304 2197 72 34 dels
397 2197 64 33 ock
481 2196 193 34 inträffade
695 2195 266 43 prisstegringar
981 2195 64 33 har
1066 2195 77 33 titel
1165 2195 30 33 I.
1215 2194 383 34 Kustartilleriförban-

107 2250 85 34 dens
209 2250 171 42 övningar
395 2248 135 35 funnits
549 2249 87 34 böra
651 2249 86 33 ökas
754 2249 80 33 från
852 2251 178 37 1,440,000
1047 2248 129 32 kronor
1192 2248 52 33 till
1263 2251 178 36 1,595,000
1458 2247 140 33 kronor.

106 2303 19 33 I
141 2303 99 42 fråga
254 2315 61 21 om
331 2303 78 33 titel
425 2302 48 35 II.
490 2301 279 43 Krigsövningar
787 2301 59 33 vid
861 2299 329 43 kustfästningarna
1206 2312 46 21 m.
1270 2312 47 21 m.
1334 2300 65 33 har
1415 2300 81 33 med
1512 2300 86 32 hän-

106 2368 66 30 syn
192 2356 51 33 till
261 2354 191 35 inträffade
471 2354 267 43 prisstegringar
756 2366 41 21 en
819 2352 200 43 förhöjning
1037 2353 81 33 med
1138 2356 99 36 2,000
1256 2352 130 34 kronor
1403 2352 51 33 till
1474 2355 124 36 42,000

106 2409 128 33 kronor
253 2413 136 28 ansetts
408 2407 210 42 erforderlig.

152 2461 18 34 I
192 2461 153 42 enlighet
368 2460 144 34 härmed
536 2460 65 33 har
625 2459 157 42 anslaget
806 2458 181 43 upptagits
1011 2459 80 33 med
1115 2463 53 28 ett
1193 2458 49 33 till
1268 2462 177 36 1,630,000
1470 2457 129 34 kronor

106 2514 176 34 avrundat
309 2514 139 42 belopp.

1646 1296 148 26 Utskottet.
