1902 2842
538 206 296 35 Statsutskottets
857 204 186 35 utlåtande
1066 204 54 34 Nr
1136 207 30 38 4.
1556 204 40 30 19

148 289 78 35 Vad
242 301 74 22 som
329 289 159 42 upplysts
501 287 145 34 rörande
660 286 146 34 svenska
820 284 429 44 pistolskytteförbundets
1263 282 219 35 verksamhet
1496 293 99 31 synes

105 334 115 34 utvisa
240 338 54 30 att
313 333 186 33 förbundet
520 335 37 30 är
576 330 149 43 förtjänt
745 343 43 21 av
808 330 120 42 bidrag
947 342 45 21 av
1012 328 211 35 statsmedel.
1244 327 235 34 Understödet
1498 326 98 34 torde

104 378 88 34 dock
207 378 85 33 böra
306 377 67 34 tills
388 377 118 34 vidare
520 376 183 42 begränsas
718 375 52 35 till
787 378 99 36 5,000
901 375 138 32 kronor.
1054 373 66 42 Jag
1136 372 92 34 delar
1244 371 97 35 civila
1358 371 235 42 departemen-

104 427 69 29 tets
189 421 235 43 uppfattning,
438 424 54 31 att
506 420 108 34 medel
628 420 55 33 för
697 419 197 34 ändamålet
908 417 183 43 lämpligen
1104 418 84 33 böra
1202 421 171 38 upptagas
1387 416 108 33 under
1508 415 87 33 före-

101 466 156 34 varande
272 466 129 41 anslag.
416 466 124 33 Därav
552 464 101 42 följer
667 463 90 34 dock
771 463 75 34 icke
859 462 108 43 enligt
980 462 72 33 min
1066 461 151 42 mening,
1231 465 55 29 att
1298 458 296 45 pistolskytteför-

105 511 133 34 bundet
269 510 283 43 organisatoriskt
582 508 226 35 underställes
839 507 330 43 skytteförbundens
1202 505 235 43 överstyrelse.
1469 505 126 33 Denna

104 555 98 43 fråga
227 555 100 34 torde
352 555 83 34 böra
461 567 45 21 av
533 555 41 33 de
599 553 146 34 berörda
771 552 194 34 förbunden
992 555 171 39 upptagas
1189 550 52 34 till
1267 549 238 43 övervägande
1531 548 64 34 och

105 600 91 42 ånyo
219 599 227 34 underställas
469 597 130 43 Kungl.
622 597 127 42 Maj:ts
772 596 170 43 prövning
964 596 10 34 i
999 595 167 35 samband
1189 595 80 34 med
1292 593 303 35 medelsäskanden

104 643 53 35 för
177 643 207 43 budgetåret
407 642 168 43 1943/44.
597 643 71 33 Det
689 641 99 35 torde
809 642 36 33 få
867 641 185 33 ankomma
1073 641 46 41 på
1140 639 133 42 Kungl.
1294 638 109 42 Maj:t
1425 643 55 29 att
1501 638 92 33 med-

103 688 76 33 dela
193 687 217 43 erforderliga
424 687 258 34 bestämmelser
695 686 145 33 rörande
852 685 124 34 villkor
989 685 53 33 för
1056 684 209 42 åtnjutande
1278 696 44 22 av
1335 682 263 43 ifrågavarande

105 731 221 43 statsbidrag.

148 785 69 33 För
231 784 267 43 tillgodoseende
512 797 44 21 av
570 783 41 34 de
626 783 174 40 ändamål,
816 795 73 22 som
902 784 11 33 i
928 783 59 33 det
1002 781 205 43 föregående
1221 780 157 44 angivits,
1392 780 100 36 torde
1507 779 86 41 före-

103 828 152 35 varande
270 829 118 42 anslag
402 829 86 33 böra
503 828 53 34 för
571 831 101 30 nästa
688 826 170 43 budgetår
874 826 166 43 uppföras
1056 826 78 34 med
1154 826 194 42 (1,320,000
1365 828 39 38 +
1421 828 100 37 5,000
1536 824 55 42 =)

102 876 179 36 1,325,000
295 873 136 33 kronor.
445 873 73 33 Det
531 873 53 33 för
597 871 412 43 pistolskytteförbundet
1022 870 150 35 avsedda
1187 869 296 43 anslagsbeloppet
1497 880 98 32 synes

102 917 84 34 böra
206 917 113 34 under
337 917 158 43 anslaget
514 921 175 38 upptagas
708 916 116 33 såsom
843 915 147 34 särskild
1010 914 231 43 anslagspost.

149 1033 123 35 Såsom
289 1046 43 21 av
349 1031 375 44 departementschefen
742 1031 142 35 erinrats
901 1031 112 35 beslöt
1032 1033 87 31 1938
1137 1031 56 33 års
1210 1029 149 43 riksdag,
1377 1033 55 31 att
1449 1028 145 35 minimi-

105 1086 117 34 åldern
242 1085 55 35 för
315 1090 54 30 att
388 1086 36 33 få
444 1085 126 35 räknas
590 1097 75 22 som
685 1083 377 44 anslagsberättigande
1082 1083 99 43 skytt
1202 1083 109 34 skulle
1330 1082 100 43 höjas
1451 1082 78 34 från
1552 1085 48 45 15.

104 1139 49 34 till
170 1142 41 30 16
228 1140 49 33 år.
1589 1131 10 53 .

148 1191 113 35 Sedan
291 1191 75 34 dess
394 1192 92 34 hava
514 1190 186 35 emellertid
730 1190 83 35 flera
842 1189 293 43 omständigheter
1163 1189 202 34 tillkommit
1395 1201 75 22 som
1499 1189 95 34 ställt

104 1245 112 34 denna
239 1244 100 43 fråga
361 1244 11 34 i
395 1250 109 29 annat
527 1245 84 41 läge.
635 1243 140 35 Främst
799 1244 57 33 må
880 1242 123 35 härvid
1028 1242 199 35 framhållas
1250 1242 344 34 hemvärnsrörelsen.

104 1297 120 43 Enligt
255 1297 156 43 gällande
442 1296 230 43 organisation
704 1309 45 22 av
779 1296 202 34 hemvärnet
1013 1296 84 34 skall
1129 1296 51 34 till
1211 1295 382 35 reservhemvärnsman

103 1351 119 34 kunna
243 1355 143 38 antagas
406 1350 78 42 den,
504 1362 74 23 som
597 1349 79 43 fyllt
698 1353 41 30 16
762 1350 48 33 år.
831 1350 72 34 Det
924 1361 100 31 synes
1044 1349 175 34 utskottet
1239 1361 83 22 vara
1342 1361 45 22 av
1407 1348 187 43 betydelse,

104 1408 54 30 att
178 1403 43 35 de
241 1403 188 43 ynglingar,
451 1415 75 23 som
547 1403 94 35 skola
663 1403 139 42 deltaga
823 1403 10 33 i
854 1403 220 33 hemvärnets
1097 1402 276 43 skjutövningar,
1395 1402 105 34 redan
1522 1402 72 34 före

103 1457 115 33 dessas
235 1456 123 42 början
374 1457 80 34 nått
471 1468 42 22 en
530 1455 67 34 viss
615 1456 84 42 grad
715 1468 45 21 av
777 1454 310 43 skjutskicklighet.
1104 1455 69 34 För
1191 1459 55 30 att
1264 1454 329 43 skytteförbundens

103 1513 126 38 yngsta
248 1509 224 33 medlemmar
492 1508 94 34 skola
605 1508 119 34 kunna
745 1508 81 33 ernå
846 1508 95 42 dylik
962 1507 294 43 skjututbildning
1275 1511 39 31 är
1335 1508 58 33 det
1414 1507 104 43 enligt
1538 1512 55 30 ut-

104 1562 147 34 skottets
276 1561 138 43 mening
436 1560 152 44 befogat,
613 1566 55 29 att
693 1561 208 42 statsanslag
925 1561 169 33 beräknas
1120 1560 55 34 för
1200 1560 99 34 dessa
1324 1561 138 42 skyttar
1487 1562 107 33 under

104 1614 210 34 åtminstone
336 1618 51 30 ett
410 1615 38 33 år
470 1613 73 35 före
564 1614 151 33 inträdet
737 1614 11 33 i
770 1613 214 34 hemvärnet.
1006 1613 51 34 På
1080 1613 110 42 grund
1214 1613 108 35 härav
1345 1625 98 22 anser
1467 1613 50 43 sig
1539 1619 54 28 ut-

104 1668 131 34 skottet
252 1668 119 33 kunna
388 1667 175 43 tillstyrka
581 1667 269 34 motionärernas
869 1680 45 21 av
933 1666 367 43 arméförvaltningens
1320 1667 98 34 civila
1439 1667 154 42 departe-

104 1727 94 29 ment
222 1721 182 34 förordade
427 1720 130 43 förslag
579 1733 58 21 om
660 1733 41 22 en
726 1720 168 42 sänkning
918 1733 45 22 av
987 1720 256 43 åldersgränsen
1266 1719 54 35 för
1344 1720 249 43 anslagsberät-

104 1774 139 42 tigande
263 1774 97 42 skytt
378 1774 79 34 från
479 1777 40 30 16
540 1773 52 34 till
614 1776 40 31 15
676 1774 50 33 år.

148 1828 59 33 Då
224 1826 233 43 fördelningen
477 1839 44 22 av
540 1826 243 42 statsanslaget
801 1826 51 35 till
871 1826 60 34 det
949 1825 157 43 frivilliga
1125 1826 301 43 skytteväsendets
1445 1826 148 35 befräm-

102 1880 102 42 jande
224 1879 54 34 för
296 1879 207 42 budgetåret
524 1878 154 43 1942/43
698 1879 151 42 grundar
868 1879 50 42 sig
936 1880 46 41 på
1003 1879 373 42 skytteföreningarnas
1398 1880 195 42 årsrappor-

103 1937 50 29 ter
181 1936 82 30 över
291 1932 262 33 verksamheten
581 1931 108 34 under
717 1932 38 33 år
785 1935 84 29 1941
901 1943 101 30 synes
1030 1931 167 43 lämpligt,
1227 1937 54 29 att
1310 1932 211 42 sänkningen
1550 1946 43 21 av

104 1985 257 41 åldersgränsen
381 1985 155 41 vidtages
555 1984 208 34 retroaktivt
784 1984 76 33 från
881 1984 64 34 och
966 1984 78 34 med
1064 1985 37 33 år
1125 1988 99 30 1941.
1246 1985 111 33 Detta
1379 1985 109 34 skulle
1507 1985 86 42 möj-

104 2037 141 43 liggöra,
265 2041 55 31 att
338 2037 366 42 skytteföreningarna
723 2037 108 33 redan
849 2036 113 34 under
980 2037 238 33 innevarande
1236 2037 208 34 kalenderår
1462 2038 130 34 erhålla

103 2090 119 43 anslag
239 2091 53 33 för
311 2091 150 41 15-åriga
479 2090 147 43 skyttar.

147 2144 203 34 Utskottets
373 2144 234 34 ovanberörda
629 2144 129 41 förslag
781 2144 98 33 torde
900 2143 74 34 icke
996 2144 134 34 behöva
1152 2144 156 34 medföra
1330 2145 113 41 någon
1467 2145 127 42 ökning

104 2208 44 21 av
166 2196 155 42 anslaget
337 2196 53 34 för
406 2200 102 30 nästa
526 2196 179 42 budgetår.

148 2249 84 33 Mot
251 2249 130 41 Kungl.
400 2248 127 42 Maj:ts
547 2249 126 41 förslag
692 2250 10 32 i
722 2249 113 41 övrigt
854 2249 62 34 har
937 2249 173 33 utskottet
1130 2249 88 35 intet
1239 2254 53 30 att
1313 2250 108 34 erinra
1443 2251 64 33 och
1528 2251 65 33 till-

104 2301 135 41 styrker
258 2301 100 33 alltså
377 2302 58 32 det
455 2301 126 34 äskade
599 2301 308 42 anslagsbeloppet.

149 2352 185 34 Utskottet
356 2352 207 41 hemställer,

468 2410 55 30 att
538 2406 179 41 riksdagen
734 2406 57 33 må

468 2459 33 40 a)
530 2459 77 32 med
633 2458 95 34 bifall
753 2459 50 33 till
828 2459 214 34 motionerna
1067 2459 29 33 I:
1111 2463 43 30 80
1180 2460 64 33 och
1270 2460 48 33 II:
1336 2464 62 30 129
1425 2461 169 42 medgiva,

420 2516 55 28 att
495 2511 59 33 vid
571 2511 194 42 fördelning
784 2524 44 20 av
846 2511 158 43 anslaget
1022 2512 51 33 till
1091 2512 60 34 det
1168 2512 164 43 frivilliga
1348 2513 253 42 skytteväsen-

1643 1033 148 25 Utskottet.
