1908 2832
509 182 297 35 Statsutskottets
829 182 185 34 utlåtande
1039 182 54 33 Nr
1117 184 31 38 4.
1545 183 43 31 35

92 263 46 41 på
160 262 108 34 redan
289 261 214 43 förefintliga
523 261 165 43 frivilliga
709 261 286 42 organisationer,
1017 261 116 33 såsom
1155 260 431 43 sjöscoutavdelningarna

92 316 96 34 inom
209 315 158 43 Sveriges
388 314 256 34 scoutförbund
664 319 92 29 samt
777 314 156 42 Sveriges
954 313 164 43 frivilliga
1138 314 273 34 motorbåtskår.

140 369 137 34 Genom
298 369 116 34 beslut
436 368 67 34 den
526 371 42 31 24
591 368 138 42 januari
753 370 84 31 1941
862 367 161 43 uppdrog
1043 367 132 43 Kungl.
1197 367 113 42 Maj:t
1332 368 37 34 åt
1390 366 122 35 chefen
1533 366 54 34 för

93 423 158 34 marinen
271 427 66 35 att,
356 422 10 34 i
387 422 67 34 den
472 423 84 32 mån
576 423 38 32 så
634 421 216 34 erfordrades
869 421 81 34 med
970 421 180 34 anlitande
1169 433 46 22 av
1234 420 141 34 särskilt
1394 420 193 34 tillkallade

93 476 232 43 sakkunniga,
350 475 212 34 föranstalta
588 488 58 21 om
672 474 189 43 utredning
887 474 147 34 rörande
1061 474 228 34 anordnande
1317 486 44 22 av
1388 486 42 23 en
1455 474 47 42 på
1527 473 59 34 fri-

93 530 219 42 villighetens
332 529 113 43 grund
464 529 141 34 vilande
625 528 185 43 sjömilitär
828 528 281 42 undervisnings-
1129 528 65 33 och
1213 527 374 43 övningsverksamhet

91 582 56 35 för
166 583 167 43 ungdom.

138 637 56 34 De
210 649 46 22 av
272 636 124 35 chefen
411 636 53 34 för
481 636 159 34 marinen
657 635 194 35 tillkallade
868 635 222 42 sakkunniga
1106 635 127 42 ingåvo
1250 634 68 34 den
1334 638 42 30 23
1394 634 86 43 april
1498 636 85 31 1941

94 690 53 35 till
169 689 123 35 chefen
314 689 56 34 för
392 689 159 34 marinen
573 694 54 29 ett
648 688 218 43 preliminärt
887 688 129 43 förslag
1038 688 53 34 till
1115 688 227 34 anordnande
1364 700 45 21 av
1430 687 157 34 maritim

92 742 400 44 ungdomsverksamhet
511 754 198 22 sommaren
728 745 99 30 1941.
846 741 115 34 Sedan
978 741 134 42 Kungl.
1129 741 112 42 Maj:t
1259 741 68 33 den
1345 744 42 30 23
1405 740 70 42 maj
1499 742 85 31 1941

91 797 137 34 lämnat
252 795 234 44 medgivande
509 795 54 34 till
589 800 55 29 att
668 807 43 22 en
735 794 402 43 ungdomsverksamhet
1160 806 45 22 av
1228 793 194 43 föreslagen
1447 798 54 29 art
1526 805 60 21 an-

92 850 184 40 ordnades,
301 849 146 35 bedrevs
471 849 112 34 under
606 860 197 23 sommaren
827 847 444 44 utbildningsverksamhet
1295 848 12 33 i
1331 847 151 43 enlighet
1505 846 81 35 med

93 904 44 34 de
158 903 237 43 sakkunnigas
415 902 224 43 preliminära
657 901 130 43 förslag
807 901 72 34 dels
900 914 45 21 av
965 901 158 43 Sveriges
1142 900 165 43 frivilliga
1326 899 261 35 motorbåtskår

96 957 83 43 (den
197 956 207 35 nuvarande
422 955 299 43 sjövärnskåren),
740 955 73 34 dels
832 967 46 21 av
895 954 156 43 Sveriges
1070 954 267 35 scoutförbund.

138 1010 89 35 Med
244 1010 166 34 skrivelse
427 1009 53 34 till
498 1008 124 35 chefen
639 1008 54 34 för
709 1008 159 35 marinen
886 1008 67 34 den
971 1012 42 29 22
1032 1007 184 34 december
1234 1010 85 31 1941
1340 1006 246 35 överlämnade

93 1064 44 34 de
162 1063 222 43 sakkunniga
409 1062 152 35 därefter
586 1062 225 34 betänkande
836 1062 65 33 och
926 1061 131 43 förslag
1082 1061 179 43 angående
1287 1060 227 34 anordnande
1541 1071 44 22 av

93 1129 43 23 en
157 1117 186 43 sjömilitär
362 1116 282 43 undervisnings-
665 1115 66 34 och
751 1114 375 43 övningsverksamhet
1145 1113 54 35 för
1218 1114 167 42 ungdom.
1406 1113 180 42 Förslaget

93 1171 63 33 har
180 1182 45 22 av
248 1169 124 35 chefen
394 1169 54 34 för
470 1169 161 34 marinen
654 1168 82 34 med
757 1173 80 38 eget
860 1167 168 44 yttrande
1051 1167 228 34 underställts
1303 1167 131 42 Kungl.
1458 1166 129 42 Maj:ts

92 1224 185 44 prövning.
294 1222 221 36 Utlåtanden
531 1225 85 32 över
631 1222 168 42 förslaget
815 1222 95 33 hava
925 1221 196 34 inhämtats
1138 1233 45 21 av
1199 1219 387 43 marinförvaltningen,

93 1277 341 43 skolöverstyrelsen,
458 1275 125 35 chefen
605 1275 55 36 för
684 1275 269 43 sjövärnskåren
978 1279 94 30 samt
1095 1274 156 43 Sveriges
1276 1272 265 35 scoutförbund.

138 1332 57 34 De
215 1330 237 43 sakkunnigas
472 1329 131 43 förslag
621 1329 147 34 innebär
788 1329 11 33 i
820 1328 189 34 huvudsak
1029 1327 168 43 följande.

140 1406 31 30 1.
192 1401 278 35 Verksamheten
490 1400 162 35 bedrives
672 1400 82 34 med
775 1399 125 42 bidrag
921 1411 46 22 av
988 1398 204 35 statsmedel
1214 1399 110 41 enligt
1344 1397 167 43 framlagt
1530 1401 57 30 ut-

93 1446 339 43 bildningsprogram
454 1445 97 33 inom
573 1444 157 42 Sveriges
754 1443 271 34 scoutförbunds
1049 1443 259 42 sjöscoutkårer
1330 1442 65 34 och
1418 1442 169 42 sjöscout-

93 1490 228 42 avdelningar
340 1495 92 28 samt
451 1489 96 34 inom
567 1488 287 43 sjövärnskårens
874 1487 397 43 aspirantavdelningar.

139 1539 33 30 2.
191 1535 103 33 Inom
315 1533 307 43 sjöscoutrörelsen
645 1544 101 22 avser
765 1532 245 42 utbildningen
1031 1543 76 22 som
1128 1532 90 41 regel
1239 1531 178 42 deltagare
1436 1530 11 34 i
1467 1529 120 34 åldern

93 1582 133 31 12—15
252 1580 40 33 år
320 1578 167 43 (fyraårig
512 1576 229 43 utbildning).
765 1576 104 34 Inom
895 1576 270 42 sjövärnskåren
1191 1587 100 22 avses
1316 1574 269 34 verksamheten

93 1624 98 34 skola
213 1622 154 35 omfatta
389 1622 163 34 åldrarna
576 1624 133 31 16—18
733 1621 40 34 år
797 1620 143 42 (treårig
961 1620 229 42 utbildning).

139 1672 33 30 3.
186 1668 69 33 För
271 1666 323 44 sjöscoutrörelsens
612 1666 54 33 del
682 1665 170 35 bestrider
869 1669 117 30 staten
1000 1664 239 34 kostnaderna
1253 1663 56 34 för
1324 1663 107 42 inköp
1447 1675 45 21 av
1508 1663 78 33 båt-

92 1712 158 35 materiel
275 1711 81 35 med
382 1715 42 30 50
449 1716 146 38 procent
621 1715 93 29 samt
736 1709 240 34 kostnaderna
999 1708 56 34 för
1080 1708 210 42 deltagande
1314 1708 11 33 i
1349 1707 238 34 ledarekurser

93 1757 82 34 med
190 1756 165 34 likaledes
371 1760 42 30 50
429 1760 155 39 procent.
600 1755 157 42 Sveriges
774 1753 254 34 scoutförbund
1044 1753 64 33 bör
1122 1753 11 33 i
1148 1754 83 32 mån
1246 1765 46 21 av
1307 1752 143 43 tillgång
1464 1752 124 33 kunna

93 1801 131 35 erhålla
246 1800 306 42 övningsmateriel
574 1812 76 21 som
670 1799 59 33 lån
751 1798 76 34 från
849 1798 169 33 marinen.

139 1849 33 31 4.
186 1846 103 33 Inom
305 1844 270 43 sjövärnskåren
590 1843 170 34 bestrider
776 1848 117 28 staten
908 1841 191 34 kostnader
1113 1841 54 34 för
1181 1841 158 34 materiel
1355 1841 63 33 och
1434 1840 153 34 instruk-

92 1890 231 34 törsarvoden
342 1894 92 28 samt
453 1892 42 30 50
514 1893 146 37 procent
678 1900 45 21 av
739 1886 239 34 kostnaderna
995 1886 56 33 för
1068 1886 67 33 den
1153 1885 184 42 praktiska
1354 1884 232 42 utbildnings-

92 1934 282 34 verksamheten.
393 1933 125 33 Staten
537 1944 121 22 svarar
675 1931 55 33 för
748 1931 80 33 hela
845 1930 197 33 kostnaden
1060 1929 55 33 för
1134 1928 327 42 ledareutbildning.

139 1982 31 30 5.
196 1978 103 33 Inom
326 1978 97 32 såväl
449 1975 307 43 sjöscoutrörelsen
784 1987 74 21 som
884 1974 270 42 sjövärnskåren
1180 1974 121 33 ställas
1327 1973 188 41 stipendier
1541 1984 44 21 av

92 2022 204 35 statsmedel
318 2022 52 33 till
391 2020 204 43 förfogande
616 2020 53 33 för
690 2019 136 34 mindre
846 2018 217 33 bemedlade.

138 2071 32 29 6.
194 2066 82 34 Som
300 2066 242 42 centralorgan
565 2064 56 34 för
644 2063 269 34 verksamheten
937 2062 164 34 tillsättes
1125 2066 53 29 ett
1201 2061 74 40 råd,
1299 2061 176 34 maritima
1499 2072 86 31 ung-

92 2111 213 34 domsrådet.

137 2191 68 33 För
233 2202 84 30 egen
346 2189 52 33 del
427 2189 63 33 har
517 2186 387 44 departementschefen
931 2186 247 41 inledningsvis
1206 2185 128 40 anfört,
1361 2190 55 28 att
1443 2185 45 33 då
1513 2184 72 33 han

92 2244 69 33 den
181 2247 42 29 24
242 2242 139 42 januari
403 2245 81 30 1941
510 2241 163 34 anmälde
692 2240 123 42 frågan
836 2252 57 20 om
914 2238 260 34 verkställande
1195 2251 44 20 av
1259 2238 185 41 utredning
1462 2250 57 20 om
1542 2249 42 21 en

92 2297 185 41 sjömilitär
303 2294 281 41 undervisnings-
612 2294 65 32 och
704 2291 375 42 övningsverksamhet
1105 2291 53 32 för
1183 2290 166 41 ungdom,
1375 2289 210 33 underströk

91 2350 72 32 han
191 2348 139 34 särskilt
358 2347 60 33 det
444 2346 248 38 förhållandet,
720 2350 55 28 att
803 2345 113 41 någon
943 2343 254 41 motsvarighet
1224 2342 55 33 för
1306 2343 173 32 marinens
1509 2341 75 33 vid-

90 2401 215 34 kommande
330 2400 52 33 till
407 2397 429 35 landstormsförbundens
862 2396 401 42 ungdomsavdelningar
1288 2395 54 33 för
1367 2395 218 33 närvarande

93 2455 74 33 icke
184 2454 135 33 funnes.
336 2454 80 32 Den
433 2452 201 41 sjömilitärt
649 2450 230 34 intresserade
895 2449 196 41 ungdomen
1110 2448 154 34 saknade
1281 2447 116 34 därför
1413 2447 172 43 egentliga

92 2507 218 42 möjligheter
332 2506 52 33 till
405 2504 200 42 utbildning
625 2504 64 33 och
712 2503 130 42 övning
863 2503 10 33 i
895 2501 209 35 hithörande
1126 2501 158 43 stycken.
