1908 2842
517 134 119 30 Första
656 131 238 40 lagutskottets
914 129 176 31 utlåtande
1110 129 48 30 Nr
1187 131 47 29 13.
1592 122 38 30 19

125 224 49 27 att
197 221 173 36 budgeten
394 219 113 29 finnes
532 218 120 29 kunna
676 217 84 30 bära
786 215 168 30 förlusten
980 224 41 20 av
1048 212 265 38 ifrågavarande
1338 212 153 30 inkomst
1516 211 10 30 i
1552 211 76 30 dess

126 264 123 30 helhet.

169 321 65 30 Vid
260 321 84 30 1935
367 319 55 31 års
448 319 141 36 riksdag
611 318 121 30 väckte
756 317 79 29 herr
859 315 125 31 Olsson
1008 315 11 29 i
1043 314 142 30 Ramsta
1209 323 44 20 m.
1279 313 37 30 fl.
1341 322 42 21 en
1409 312 130 30 motion
1570 310 56 39 (II:

124 371 92 40 332),
238 371 74 30 vari
334 370 231 34 hemställdes,
588 371 48 27 att
657 368 184 35 riksdagen
864 365 105 32 måtte
991 365 134 31 besluta
1147 367 48 27 att
1217 364 127 34 tionde,
1368 372 75 21 som
1465 362 75 30 icke
1562 362 66 30 den

125 425 41 29 30
187 423 87 36 april
297 422 84 30 1936
401 420 145 31 förfallit
564 420 51 30 till
635 418 185 36 betalning,
841 417 110 30 skulle
971 416 213 30 omedelbart
1204 414 188 31 avskrivas.

169 474 176 30 Motionen
362 471 235 31 behandlades
614 479 41 21 av
673 469 108 30 första
801 468 231 36 lagutskottet,
1051 476 75 20 som
1144 466 9 29 i
1171 464 178 31 utlåtande
1366 473 41 21 nr
1425 464 41 30 43
1483 480 44 4 —
1543 463 86 30 efter

128 529 48 27 att
195 526 45 29 ha
260 526 133 29 lämnat
412 533 42 20 en
475 522 214 36 redogörelse
709 521 54 30 för
784 519 140 37 frågans
945 519 144 35 tidigare
1109 516 211 36 behandling
1339 536 43 3 —
1401 515 145 30 anförde
1567 514 61 30 föl-

127 576 116 36 jande:

172 624 120 31 Såsom
318 624 182 30 utskottets
526 621 214 37 redogörelse
765 620 102 34 visar,
894 620 63 28 har
983 618 185 36 riksdagen
1194 615 38 31 år
1261 616 81 29 1932
1370 615 185 34 hemställt,
1582 616 48 27 att

128 667 121 36 Kungl.
270 666 102 36 Maj:t
391 664 114 36 måtte,
526 664 37 30 så
581 666 95 28 snart
697 661 266 31 förhållandena
982 661 56 29 det
1058 659 167 36 medgiva,
1246 658 55 30 för
1320 658 184 36 riksdagen
1525 657 105 29 fram-

127 711 98 36 lägga
245 710 130 35 förslag
394 718 57 20 om
472 707 195 37 påskyndat
688 705 230 30 avskrivande
937 713 42 20 av
999 703 152 30 tionden.
1195 700 237 36 Anledningen
1453 700 51 29 till
1524 702 49 27 att
1594 697 37 31 så

127 754 94 29 ännu
238 752 31 36 ej
289 752 89 29 skett
397 752 38 29 är
452 749 271 37 uppenbarligen
742 750 49 27 att
810 748 56 29 det
886 745 282 31 statsfinansiella
1187 744 89 36 läget
1296 743 74 30 icke
1390 744 128 28 ansetts
1538 741 92 30 med-

128 796 76 37 giva
228 798 48 26 att
303 797 111 27 staten
439 792 114 31 avstår
577 791 78 30 från
681 790 228 30 förevarande
934 789 163 29 inkomst.
1146 787 171 30 Utskottet
1342 785 114 30 finner
1482 784 49 37 sig
1557 784 73 29 icke

128 840 119 28 kunna
272 837 171 36 tillstyrka
468 839 57 32 att,
551 834 44 37 på
622 835 65 29 sätt
712 833 10 30 i
747 832 177 31 motionen
950 830 154 35 föreslås,
1130 828 214 32 återstående
1369 825 263 37 tiondeavgifter

128 880 177 30 avskrivas
326 880 67 29 den
413 879 41 29 30
475 877 88 37 april
586 877 93 29 1936.

173 938 48 31 På
243 938 114 37 grund
379 938 108 29 härav
511 935 203 30 hemställde
738 934 175 34 utskottet,
939 935 48 27 att
1011 931 177 31 motionen
1214 930 75 30 icke
1314 928 105 31 måtte
1443 928 51 30 till
1518 926 112 38 någon

128 990 201 35 riksdagens
350 987 121 37 åtgärd
492 986 190 34 föranleda,
703 985 65 30 och
790 984 182 30 utskottets
994 982 207 30 hemställan
1222 980 117 30 bifölls
1360 988 43 21 av
1423 978 90 31 båda
1536 978 94 29 kam-

128 1049 112 21 rarna.

174 1091 123 36 Kungl.
319 1088 103 37 Maj:t
442 1089 64 29 har
527 1088 10 29 i
558 1088 66 29 den
645 1087 50 29 till
718 1085 232 31 innevarande
973 1084 54 30 års
1050 1083 140 36 riksdag
1211 1080 140 31 avlåtna
1372 1079 259 38 propositionen

130 1152 40 20 nr
196 1143 13 28 1
234 1140 179 37 angående
435 1139 220 30 statsverkets
677 1136 155 31 tillstånd
854 1136 66 29 och
943 1135 112 29 behov
1079 1133 55 30 för
1157 1131 201 37 budgetåret
1384 1125 181 43 1936/1937
1589 1146 43 4 —

129 1193 85 30 efter
234 1192 130 36 förslag
383 1199 42 21 av
443 1187 418 36 riksräkenskapsverket,
883 1195 74 20 som
976 1183 110 38 utgått
1107 1183 78 30 från
1204 1186 49 27 att
1274 1183 56 29 det
1351 1180 282 31 statsfinansiella

129 1244 87 36 läget
233 1243 54 29 för
304 1240 217 31 närvarande
537 1240 75 29 icke
631 1239 137 35 medger
785 1236 223 36 avskrivning
1025 1245 42 20 av
1084 1234 141 30 tionden
1241 1250 45 3 —
1302 1233 10 29 i
1331 1231 301 31 inkomsttabellen

129 1294 143 36 uppfört
292 1291 229 31 förevarande
541 1289 225 31 inkomsttitel
787 1288 80 30 med
885 1289 46 28 ett
951 1285 179 37 avjämnat
1151 1285 125 35 belopp
1297 1293 42 20 av
1363 1282 170 36 1,050,000
1555 1281 77 29 kro-

130 1354 72 21 nor.

175 1421 13 29 I
210 1418 228 39 förevarande
460 1418 131 30 motion
612 1415 151 31 anföres:

176 1471 115 30 Under
308 1471 42 29 de
367 1478 119 21 senare
502 1467 82 31 åren
600 1468 74 34 har,
691 1466 37 30 så
745 1468 95 28 snart
857 1465 113 30 denna
988 1463 98 37 fråga
1103 1461 216 35 behandlats,
1338 1460 115 36 regeln
1470 1459 98 35 varit,
1587 1460 48 28 att

131 1514 67 30 alla
219 1515 111 28 ansett
352 1510 265 37 ifrågavarande
639 1508 198 31 föråldrade
860 1506 205 31 skatteform
1087 1506 85 29 böra
1194 1503 188 31 avskrivas.
1430 1501 204 31 Statsfinan-

132 1557 95 29 siella
252 1556 75 29 skäl
354 1555 47 29 ha
425 1552 188 32 emellertid
639 1551 113 30 städse
776 1550 183 35 åberopats
986 1558 74 20 som
1086 1547 133 30 hinder.
1269 1546 64 29 Det
1359 1544 176 30 förefaller
1562 1552 73 21 som

132 1609 57 19 om
205 1598 118 36 dylika
339 1597 74 30 skäl
431 1596 74 30 icke
520 1595 157 36 rimligen
694 1593 117 30 vidare
827 1592 116 30 kunde
959 1591 143 29 anföras
1119 1592 71 27 mot
1206 1588 176 36 åtgärden.
1424 1587 211 35 Ursprunget

131 1642 51 29 till
202 1641 114 29 denna
336 1640 92 29 skatt
446 1639 70 29 kan
536 1637 162 36 tämligen
719 1635 112 31 direkt
851 1634 159 30 härledas
1032 1632 78 30 från
1131 1632 84 36 tidig
1237 1630 171 35 medeltid,
1430 1629 118 29 varför
1569 1628 67 30 den

132 1684 55 29 väl
206 1692 47 20 nu
271 1683 108 29 borde
398 1690 83 21 vara
500 1680 114 36 färdig
632 1679 54 29 för
708 1677 190 36 avlösning.
941 1677 13 29 I
974 1685 43 21 en
1036 1675 56 30 hel
1111 1675 54 29 del
1186 1675 153 36 pastorat
1359 1673 63 29 har
1443 1672 66 30 den
1529 1671 106 30 redan

133 1726 69 29 helt
224 1725 163 36 upphört,
411 1724 64 29 och
499 1723 56 30 det
578 1722 175 30 förefaller
776 1720 120 30 därför
919 1719 96 30 desto
1038 1727 96 21 mera
1158 1716 167 35 orättvist,
1350 1718 49 27 att
1423 1715 67 29 den
1514 1713 121 30 fortfa-

133 1768 107 30 rande
259 1767 87 30 skall
366 1765 81 36 utgå
467 1766 8 29 i
494 1766 42 29 de
554 1765 127 35 övriga.
724 1763 81 30 Man
825 1761 108 31 måste
952 1761 125 30 beakta
1098 1763 49 26 att
1167 1760 98 29 dessa
1285 1760 154 35 pastorat
1463 1756 174 36 samtidigt

135 1810 46 30 ha
197 1813 48 27 att
262 1810 122 35 utgöra
401 1806 369 38 församlingsavgifter
785 1806 51 30 till
851 1804 275 37 prästerskapets
1143 1801 161 36 avlöning
1322 1801 11 30 i
1349 1800 115 36 vanlig
1480 1798 157 36 ordning.

134 1852 229 30 Fortfarande
381 1850 101 30 råder
500 1849 121 30 nödtid
640 1849 53 29 för
711 1847 215 37 jordbruket,
947 1855 75 21 som
1040 1844 110 31 måste
1171 1842 131 37 stödjas
1321 1852 42 20 av
1383 1845 111 27 staten
1515 1849 121 29 genom

133 1895 93 29 olika
245 1893 169 37 åtgärder.
457 1892 64 30 Det
540 1901 100 27 synes
660 1890 44 31 då
723 1899 82 21 vara
826 1888 141 31 dubbelt
987 1887 204 30 irrationellt
1211 1889 48 26 att
1279 1884 174 31 bibehålla
1473 1893 42 21 en
1535 1884 101 34 skatt,

134 1947 74 20 som
227 1936 212 35 väsentligen
457 1935 149 29 belastar
625 1933 223 36 jordbrukets
868 1931 209 36 fastigheter.

178 1978 67 31 Om
262 1987 81 21 man
363 1978 122 29 tänker
502 1976 50 37 sig
568 1986 41 20 en
627 1974 224 36 avskrivning
867 1974 42 29 fr.
928 1982 29 20 o.
976 1982 45 20 m.
1039 1970 201 37 budgetåret
1261 1965 193 41 1937/1938,
1473 1967 37 31 så
1528 1968 110 29 skulle

134 2023 93 29 detta
250 2021 127 36 betyda
402 2029 42 20 en
468 2017 355 36 inkomstminskning
848 2016 54 29 för
926 2014 203 31 statsverket
1156 2012 42 38 på
1223 2011 230 36 sammanlagt
1479 2010 159 36 omkring

134 2064 173 36 2,800,000
331 2063 138 34 kronor,
494 2061 147 30 fördelat
664 2059 44 37 på
730 2059 54 36 sju
806 2058 48 30 år.
900 2058 99 29 Detta
1022 2059 192 27 motsvarar
1237 2055 86 29 blott
1345 2054 141 34 400,000
1510 2053 128 29 kronor

135 2117 57 20 om
210 2106 72 30 året
301 2106 66 29 och
386 2105 56 30 det
461 2114 24 20 s.
505 2104 32 29 k.
558 2103 167 30 nuvärdet
745 2112 41 19 av
809 2101 196 29 inkomsten
1024 2100 38 29 är
1082 2098 140 37 givetvis
1242 2099 94 28 ännu
1357 2097 102 35 lägre,
1480 2105 56 20 om
1556 2104 81 21 man

135 2148 239 37 kapitaliserar
392 2146 323 36 inkomstbeloppen
734 2144 86 30 efter
838 2143 115 36 vanlig
970 2141 160 31 räntefot.

180 2236 222 34 Önskemålet
426 2241 48 27 att
496 2238 122 35 bringa
642 2235 265 37 ifrågavarande
930 2232 248 36 ålderdomliga
1203 2231 205 30 skatteform
1432 2240 40 20 ur
1497 2230 140 29 världen

135 2291 170 30 snabbare
322 2291 44 28 än
385 2289 78 29 med
480 2289 65 29 den
563 2287 157 36 gällande
740 2285 191 35 ordningen
950 2284 69 29 kan
1038 2284 69 33 ske,
1127 2283 61 29 bör
1207 2282 74 29 icke
1300 2281 185 35 lämpligen
1504 2280 134 29 realise-

136 2351 55 21 ras
213 2340 43 37 på
278 2343 107 27 annat
407 2341 65 28 sätt
493 2340 42 28 än
558 2341 48 27 att
628 2337 157 34 samtliga
807 2336 57 29 vid
885 2345 42 19 en
949 2334 67 29 viss
1038 2333 164 35 tidpunkt
1223 2331 209 34 utestående,
1456 2330 31 36 ej
1511 2330 49 29 till
1583 2331 55 28 be-

135 2392 132 35 talning
287 2390 166 30 förfallna
473 2387 263 36 tiondeavgifter
756 2385 189 30 avskrivas.
990 2382 43 31 Så
1054 2383 63 29 har
1138 2383 64 28 ock
1225 2382 8 29 i
1256 2381 228 29 förevarande
1507 2375 131 45 motion

136 2443 178 29 förutsatts
332 2440 98 30 skola
446 2438 92 30 bliva
556 2438 103 29 fallet.
701 2435 199 31 Emellertid
918 2434 109 30 skulle
1044 2442 43 21 en
1105 2432 95 36 dylik
1218 2432 83 29 total
1320 2430 222 36 avskrivning
1561 2428 76 31 från

1689 2235 127 24 Utskottet.
