1838 2774
414 146 403 40 Bevillningsutskottets
839 145 218 30 betänkande
1077 154 42 20 nr
1137 146 19 28 6
1175 144 38 30 år
1235 144 83 29 1965
1591 143 18 28 9

125 227 242 30 fruktträdens
389 226 172 39 livslängd
581 227 159 29 avsevärt
761 226 64 29 har
847 225 203 29 förkortats.
1073 224 68 29 För
1162 233 42 21 en
1226 223 145 29 modern
1393 222 218 30 fruktodlare

125 281 98 30 torde
241 279 331 40 omsättningstiden
592 280 80 29 röra
691 279 52 39 sig
760 278 129 30 mellan
912 278 37 29 15
969 278 66 29 och
1054 277 40 29 20
1114 277 49 29 år.
1183 277 59 29 Att
1261 276 111 30 under
1393 275 131 30 sådana
1543 275 70 29 för-

125 334 188 30 hållanden
331 333 258 40 omplantering
608 333 88 29 skall
716 332 178 30 betraktas
914 340 75 20 som
1008 331 76 29 icke
1104 330 206 39 avdragsgill
1330 329 215 38 investering
1563 329 50 29 fö-

124 388 141 29 refaller
279 387 260 30 motionärerna
556 386 164 39 orimligt.

786 526 168 31 Utskottet

171 611 12 28 I
202 611 41 28 de
262 609 228 30 förevarande
508 609 219 29 motionerna
744 609 65 28 har
826 607 210 30 framställts
1053 606 181 40 yrkanden
1252 605 73 30 dels
1344 614 56 20 om
1419 605 92 29 vissa
1529 604 84 29 änd-

126 663 117 39 ringar
266 672 42 20 av
329 662 313 30 bestämmelserna
662 671 58 20 om
743 661 129 39 avdrag
896 660 55 30 för
973 659 312 39 värdeminskning
1308 659 20 29 å
1351 657 262 39 täckdiknings-

126 716 252 39 anläggningar
396 716 65 29 och
481 715 221 39 skogsvägar,
723 714 72 30 dels
815 723 58 20 om
893 713 219 39 avdragsrätt
1133 712 55 30 för
1207 712 94 29 vissa
1319 711 111 30 andra
1451 710 162 30 markan-

126 769 384 40 läggningskostnader.

170 823 176 30 Utskottet
367 822 192 30 behandlar
578 821 54 30 till
652 831 43 20 en
716 821 125 39 början
862 819 327 40 motionsyrkandet
1209 818 149 30 rörande
1390 817 114 30 täck
1517 816 97 30 dik-

127 876 542 39 ningsanläggningar.
702 874 116 39 Enligt
840 874 42 29 de
904 873 43 29 fr.
969 882 30 20 o.
1022 882 44 20 m.
1092 872 81 29 1963
1196 872 56 29 års
1274 871 158 39 taxering
1455 869 158 41 gällande

127 929 311 29 bestämmelserna
456 928 217 30 härutinnan
692 927 55 30 får
765 927 57 29 vid
842 926 194 39 beräkning
1055 935 42 20 av
1116 925 212 30 nettointäkt
1348 933 43 21 av
1408 923 207 40 jordbruks-

128 982 165 39 fastighet
312 982 191 29 kostnader
522 981 55 30 för
595 980 259 40 nyanläggning
874 980 64 29 och
959 978 222 39 omläggning
1201 987 42 20 av
1261 976 240 39 täckdikning,
1520 975 94 30 vilka

128 1035 157 30 bestritts
306 1045 43 20 av
370 1035 68 29 den
462 1034 264 39 skattskyldige,
749 1033 180 30 avskrivas
954 1032 79 29 med
1055 1032 48 29 tio
1127 1033 142 37 procent
1292 1039 60 31 per
1376 1030 39 29 år
1437 1029 112 29 under
1572 1038 42 21 en

127 1088 241 39 tioårsperiod,
391 1089 133 28 oavsett
545 1096 58 20 om
624 1086 274 39 anläggningens
919 1084 292 39 varaktighetstid
1232 1084 39 29 är
1291 1084 120 38 längre
1433 1082 82 30 eller
1537 1082 78 29 kor-

128 1143 74 29 tare
217 1141 45 30 än
277 1141 50 30 tio
342 1141 50 30 år.
410 1141 81 29 Rätt
508 1142 50 28 att
575 1139 179 40 förskjuta
769 1139 58 30 vid
843 1138 205 39 taxeringen
1065 1137 75 30 icke
1158 1136 200 40 utnyttjade
1374 1135 240 30 värdeminsk-

128 1195 234 39 ningsavdrag
385 1194 52 29 till
463 1202 122 21 senare
609 1192 284 39 beskattningsår
918 1191 183 39 föreligger
1127 1190 89 30 dock
1240 1190 45 39 ej.
1311 1189 68 30 Om
1404 1188 210 39 fastigheten

129 1247 143 40 övergår
292 1247 53 30 till
367 1256 48 31 ny
435 1247 103 39 ägare
559 1254 126 31 genom
706 1246 68 39 köp
796 1245 83 29 eller
901 1244 90 40 byte,
1014 1244 55 29 får
1090 1244 66 29 den
1179 1243 147 39 tidigare
1348 1243 127 38 ägaren
1498 1241 57 29 det
1577 1241 38 29 år

129 1301 211 38 fastigheten
368 1302 156 37 avyttras
550 1300 83 38 göra
661 1298 128 39 avdrag
817 1298 55 29 för
900 1298 67 29 vad
996 1306 74 20 som
1099 1306 43 20 av
1168 1294 446 40 täckdikningskostnaden

127 1354 149 29 återstår
295 1353 198 30 oavskrivet
511 1353 12 29 i
542 1350 455 40 beskattningshänseende.
1018 1350 13 29 I
1051 1349 119 39 övriga
1190 1349 60 29 fall
1271 1349 44 29 då
1335 1348 166 39 fastighet
1521 1347 95 29 över-

129 1406 63 40 går
209 1407 53 29 till
282 1415 47 31 ny
347 1407 114 38 ägare,
482 1404 209 40 exempelvis
711 1412 124 31 genom
855 1413 61 21 arv
935 1403 84 29 eller
1038 1403 96 39 gåva,
1155 1402 55 29 får
1229 1402 66 29 den
1316 1410 66 30 nye
1402 1401 127 39 ägaren
1549 1400 67 29 till-

130 1459 167 39 godoföra
313 1459 52 39 sig
382 1459 43 29 de
440 1457 473 39 värdeminskningsavdrag,
932 1464 76 22 som
1025 1455 114 30 skulle
1154 1456 46 29 ha
1217 1453 204 31 tillkommit
1438 1454 66 29 den
1523 1453 93 29 förre

131 1514 137 37 ägaren,
283 1521 56 20 om
354 1512 113 29 denne
482 1511 219 29 fortfarande
716 1511 57 38 ägt
788 1509 222 40 fastigheten.

175 1565 12 29 I
204 1566 41 29 de
261 1565 225 39 likalydande
501 1564 219 29 motionerna
737 1563 28 29 1:
781 1563 18 28 5
816 1563 65 29 och
897 1562 47 29 II:
960 1562 18 29 6
995 1562 65 29 har
1074 1561 198 29 hemställts
1288 1562 50 28 att
1354 1559 264 38 täckdiknings-

130 1618 161 34 kostnad,
310 1627 76 20 som
403 1618 73 29 inte
493 1617 188 38 överstiger
703 1616 13 29 1
733 1616 62 29 000
814 1616 63 33 kr.,
897 1615 89 29 skall
1004 1623 84 21 vara
1105 1613 208 39 avdragsgill
1333 1613 10 29 i
1363 1612 54 30 sin
1435 1612 117 29 helhet
1570 1613 48 28 ett

130 1672 64 29 och
219 1680 134 21 samma
377 1670 294 39 beskattningsår.
696 1669 116 39 Enligt
836 1668 279 30 motionärernas
1140 1666 141 40 mening
1304 1666 113 29 skulle
1441 1675 43 20 en
1509 1664 108 30 sådan

131 1725 121 38 åtgärd
277 1724 160 29 medföra
460 1723 202 40 ytterligare
686 1722 240 38 förenklingar
950 1722 10 28 i
985 1720 321 39 taxeringsarbetet.

176 1777 178 39 Förslaget
369 1779 52 28 att
437 1776 135 30 mindre
589 1776 190 29 kostnader
795 1775 56 29 för
867 1784 44 20 en
927 1772 463 40 täckdikningsanläggning
1405 1771 214 29 omedelbart

132 1831 89 29 skall
241 1830 35 30 få
294 1830 170 39 avdragas
484 1829 116 30 såsom
619 1828 210 30 omkostnad
848 1828 59 29 vid
925 1827 204 38 taxeringen
1147 1826 146 29 innebär
1311 1824 240 38 otvivelaktigt
1571 1825 48 27 ett

132 1884 86 28 visst
237 1885 117 37 avsteg
374 1882 81 30 från
473 1882 159 39 gällande
651 1881 185 39 principer,
856 1882 51 28 att
927 1880 57 29 det
1004 1880 71 28 inte
1095 1879 39 28 är
1154 1877 465 39 anskaffningskostnadens

134 1936 130 29 storlek
289 1938 86 27 utan
399 1934 337 39 varaktighetstiden
761 1934 62 29 hos
849 1942 42 20 en
917 1932 155 39 tillgång,
1099 1940 76 20 som
1199 1931 40 29 är
1262 1930 196 39 avgörande
1484 1929 55 29 för
1564 1938 56 20 om

133 1989 195 29 kostnaden
352 1988 90 30 skall
466 1988 174 29 aktiveras
664 1987 65 29 och
753 1986 180 30 avskrivas
958 1985 83 29 eller
1064 1984 43 39 på
1131 1994 43 19 en
1198 1983 88 39 gång
1310 1983 169 38 avdragas
1504 1982 116 29 såsom

133 2042 221 29 omkostnad.
376 2041 126 30 Starka
521 2040 75 30 skäl
618 2040 91 29 talar
727 2038 194 31 emellertid
942 2038 54 29 för
1017 2040 48 27 ett
1086 2039 117 37 avsteg
1224 2036 78 30 från
1324 2036 100 29 dessa
1445 2034 175 40 principer

135 2095 9 28 i
167 2095 227 29 förevarande
418 2094 71 29 fall.
512 2093 122 29 Såsom
655 2092 260 29 motionärerna
936 2090 194 30 framhållit
1153 2090 40 29 är
1213 2090 56 28 det
1291 2089 72 29 inte
1386 2087 162 38 ovanligt,
1571 2089 50 28 att

134 2146 487 39 täckdikningskostnaderna
644 2145 11 29 i
678 2145 57 29 det
757 2144 161 30 enskilda
941 2143 97 29 fallet
1061 2142 134 39 uppgår
1218 2142 51 29 till
1292 2140 168 39 tämligen
1483 2139 140 39 obetyd-

135 2200 70 38 liga
220 2200 134 38 belopp.
372 2200 103 28 Detta
493 2199 70 29 kan
580 2198 76 29 ofta
672 2207 82 20 vara
773 2197 107 33 fallet,
900 2197 63 28 när
981 2205 43 20 en
1043 2193 460 39 täckdikningsanläggning
1521 2192 100 29 berör

135 2254 48 27 ett
201 2252 115 29 flertal
334 2251 205 38 fastigheter
556 2251 83 28 eller
656 2250 124 29 endast
797 2258 40 20 en
857 2248 137 30 mindre
1013 2248 54 28 del
1086 2256 41 20 av
1144 2256 43 20 en
1206 2246 175 39 fastighet.
1400 2246 66 29 Vid
1484 2245 139 29 remiss-

137 2304 254 39 behandlingen
414 2313 43 20 av
477 2304 57 28 det
555 2303 142 37 förslag,
720 2311 76 20 som
817 2302 55 38 låg
892 2301 53 29 till
968 2300 113 39 grund
1103 2300 54 28 för
1179 2299 159 38 gällande
1361 2297 261 30 bestämmelser

136 2367 57 19 om
210 2356 461 38 värdeminskningsavdrag
689 2355 20 29 å
726 2352 512 39 täckdikningsanläggningar,
1258 2351 183 29 framhölls
1461 2350 78 29 från
1557 2350 66 28 vis-

138 2420 38 19 sa
204 2409 378 39 remissmyndigheter,
611 2408 45 28 bl.
685 2417 29 20 a.
744 2405 368 31 riksskattenämnden
1141 2405 64 28 och
1234 2404 107 38 några
1371 2402 252 39 länsstyrelser,

138 2465 49 27 alt
213 2464 46 27 ett
283 2461 244 38 obligatoriskt
552 2463 130 36 system
708 2460 77 28 med
811 2457 461 38 värdeminskningsavdrag
1297 2457 9 28 i
1332 2456 119 39 dylika
1478 2455 60 30 fall
1564 2464 60 20 var
