<?xml version="1.0" encoding="UTF-8"?>
<alto xmlns="http://www.loc.gov/standards/alto/ns-v3#" xmlns:xlink="http://www.w3.org/1999/xlink" xmlns:xsi="http://www.w3.org/2001/XMLSchema-instance" xsi:schemaLocation="http://www.loc.gov/standards/alto/ns-v3# http://www.loc.gov/alto/v3/alto-3-0.xsd">
	<Description>
		<MeasurementUnit>pixel</MeasurementUnit>
		<sourceImageInformation>
			<fileName>/tmp/tess_ia594jyd_input.PNG</fileName>
		</sourceImageInformation>
		<OCRProcessing ID="OCR_0">
			<ocrProcessingStep>
				<processingSoftware>
					<softwareName>tesseract 5.3.0</softwareName>
				</processingSoftware>
			</ocrProcessingStep>
		</OCRProcessing>
	</Description>
	<Layout>
		<Page WIDTH="2212" HEIGHT="2616" PHYSICAL_IMG_NR="0" ID="page_0">
			<PrintSpace HPOS="0" VPOS="0" WIDTH="2212" HEIGHT="2616">
				<ComposedBlock ID="cblock_0" HPOS="403" VPOS="205" WIDTH="1364" HEIGHT="44">
					<TextBlock ID="block_0" HPOS="403" VPOS="205" WIDTH="1364" HEIGHT="44">
						<TextLine ID="line_0" HPOS="403" VPOS="205" WIDTH="1364" HEIGHT="44">
							<String ID="string_0" HPOS="403" VPOS="219" WIDTH="18" HEIGHT="27" WC="0.87" CONTENT="6"/><SP WIDTH="138" VPOS="219" HPOS="421"/>
							<String ID="string_1" HPOS="559" VPOS="215" WIDTH="118" HEIGHT="30" WC="0.96" CONTENT="Första"/><SP WIDTH="24" VPOS="215" HPOS="677"/>
							<String ID="string_2" HPOS="701" VPOS="214" WIDTH="204" HEIGHT="30" WC="0.32" CONTENT="kammarens"/><SP WIDTH="23" VPOS="214" HPOS="905"/>
							<String ID="string_3" HPOS="928" VPOS="212" WIDTH="139" HEIGHT="30" WC="0.79" CONTENT="andra"/><SP WIDTH="23" VPOS="212" HPOS="1067"/>
							<String ID="string_4" HPOS="1090" VPOS="210" WIDTH="173" HEIGHT="39" WC="0.96" CONTENT="tillfälliga"/><SP WIDTH="25" VPOS="210" HPOS="1263"/>
							<String ID="string_5" HPOS="1288" VPOS="208" WIDTH="136" HEIGHT="31" WC="0.96" CONTENT="utskotts"/><SP WIDTH="25" VPOS="208" HPOS="1424"/>
							<String ID="string_6" HPOS="1449" VPOS="207" WIDTH="169" HEIGHT="30" WC="0.0" CONTENT="utlåtande"/><SP WIDTH="23" VPOS="207" HPOS="1618"/>
							<String ID="string_7" HPOS="1641" VPOS="205" WIDTH="52" HEIGHT="31" WC="0.90" CONTENT="Ny"/><SP WIDTH="21" VPOS="205" HPOS="1693"/>
							<String ID="string_8" HPOS="1714" VPOS="206" WIDTH="53" HEIGHT="29" WC="0.95" CONTENT="27."/>
						</TextLine>
					</TextBlock>
				</ComposedBlock>
				<ComposedBlock ID="cblock_1" HPOS="152" VPOS="283" WIDTH="1833" HEIGHT="1524">
					<TextBlock ID="block_1" HPOS="152" VPOS="283" WIDTH="1816" HEIGHT="256">
						<TextLine ID="line_1" HPOS="152" VPOS="283" WIDTH="1815" HEIGHT="71">
							<String ID="string_9" HPOS="152" VPOS="294" WIDTH="141" HEIGHT="60" WC="0.86" CONTENT="Motioner"/><SP WIDTH="16" VPOS="294" HPOS="293"/>
							<String ID="string_10" HPOS="309" VPOS="292" WIDTH="45" HEIGHT="62" WC="0.79" CONTENT="vid"/><SP WIDTH="144" VPOS="292" HPOS="354"/>
							<String ID="string_11" HPOS="498" VPOS="294" WIDTH="49" HEIGHT="34" WC="0.96" CONTENT="På"/><SP WIDTH="28" VPOS="294" HPOS="547"/>
							<String ID="string_12" HPOS="575" VPOS="292" WIDTH="118" HEIGHT="57" WC="0.96" CONTENT="grund"/><SP WIDTH="29" VPOS="292" HPOS="693"/>
							<String ID="string_13" HPOS="722" VPOS="304" WIDTH="42" HEIGHT="22" WC="0.95" CONTENT="av"/><SP WIDTH="28" VPOS="304" HPOS="764"/>
							<String ID="string_14" HPOS="792" VPOS="290" WIDTH="161" HEIGHT="36" WC="0.96" CONTENT="enskilda"/><SP WIDTH="27" VPOS="290" HPOS="953"/>
							<String ID="string_15" HPOS="980" VPOS="290" WIDTH="179" HEIGHT="34" WC="0.96" CONTENT="motioner"/><SP WIDTH="31" VPOS="290" HPOS="1159"/>
							<String ID="string_16" HPOS="1190" VPOS="288" WIDTH="64" HEIGHT="34" WC="0.96" CONTENT="har"/><SP WIDTH="26" VPOS="288" HPOS="1254"/>
							<String ID="string_17" HPOS="1280" VPOS="285" WIDTH="241" HEIGHT="57" WC="0.95" CONTENT="innevarande"/><SP WIDTH="28" VPOS="285" HPOS="1521"/>
							<String ID="string_18" HPOS="1549" VPOS="284" WIDTH="143" HEIGHT="47" WC="0.95" CONTENT="riksdag"/><SP WIDTH="24" VPOS="284" HPOS="1692"/>
							<String ID="string_19" HPOS="1716" VPOS="283" WIDTH="109" HEIGHT="47" WC="0.95" CONTENT="redan"/><SP WIDTH="36" VPOS="283" HPOS="1825"/>
							<String ID="string_20" HPOS="1861" VPOS="283" WIDTH="106" HEIGHT="33" WC="0.95" CONTENT="fattat"/>
						</TextLine>
						<TextLine ID="line_2" HPOS="184" VPOS="333" WIDTH="1782" HEIGHT="62">
							<String ID="string_21" HPOS="184" VPOS="363" WIDTH="127" HEIGHT="32" WC="0.91" CONTENT="riksdag."/><SP WIDTH="53" VPOS="363" HPOS="311"/>
							<String ID="string_22" HPOS="364" VPOS="345" WIDTH="84" HEIGHT="34" WC="0.88" CONTENT="Hera"/><SP WIDTH="38" VPOS="345" HPOS="448"/>
							<String ID="string_23" HPOS="486" VPOS="344" WIDTH="120" HEIGHT="35" WC="0.96" CONTENT="beslut"/><SP WIDTH="39" VPOS="344" HPOS="606"/>
							<String ID="string_24" HPOS="645" VPOS="356" WIDTH="12" HEIGHT="21" WC="0.93" CONTENT="i"/><SP WIDTH="40" VPOS="356" HPOS="657"/>
							<String ID="string_25" HPOS="697" VPOS="341" WIDTH="323" HEIGHT="47" WC="0.91" CONTENT="egnahemsfrågor."/><SP WIDTH="57" VPOS="341" HPOS="1020"/>
							<String ID="string_26" HPOS="1077" VPOS="339" WIDTH="153" HEIGHT="35" WC="0.42" CONTENT="Sålunda"/><SP WIDTH="40" VPOS="339" HPOS="1230"/>
							<String ID="string_27" HPOS="1270" VPOS="338" WIDTH="65" HEIGHT="34" WC="0.96" CONTENT="har"/><SP WIDTH="39" VPOS="338" HPOS="1335"/>
							<String ID="string_28" HPOS="1374" VPOS="336" WIDTH="190" HEIGHT="46" WC="0.96" CONTENT="riksdagen"/><SP WIDTH="28" VPOS="336" HPOS="1564"/>
							<String ID="string_29" HPOS="1592" VPOS="335" WIDTH="83" HEIGHT="34" WC="0.95" CONTENT="med"/><SP WIDTH="27" VPOS="335" HPOS="1675"/>
							<String ID="string_30" HPOS="1702" VPOS="333" WIDTH="195" HEIGHT="46" WC="0.96" CONTENT="anledning"/><SP WIDTH="27" VPOS="333" HPOS="1897"/>
							<String ID="string_31" HPOS="1924" VPOS="345" WIDTH="42" HEIGHT="21" WC="0.96" CONTENT="av"/>
						</TextLine>
						<TextLine ID="line_3" HPOS="364" VPOS="383" WIDTH="1604" HEIGHT="49">
							<String ID="string_32" HPOS="364" VPOS="395" WIDTH="135" HEIGHT="35" WC="0.96" CONTENT="motion"/><SP WIDTH="44" VPOS="395" HPOS="499"/>
							<String ID="string_33" HPOS="543" VPOS="407" WIDTH="43" HEIGHT="21" WC="0.94" CONTENT="nr"/><SP WIDTH="42" VPOS="407" HPOS="586"/>
							<String ID="string_34" HPOS="628" VPOS="394" WIDTH="70" HEIGHT="34" WC="0.94" CONTENT="158"/><SP WIDTH="28" VPOS="394" HPOS="698"/>
							<String ID="string_35" HPOS="726" VPOS="393" WIDTH="11" HEIGHT="34" WC="0.94" CONTENT="i"/><SP WIDTH="28" VPOS="393" HPOS="737"/>
							<String ID="string_36" HPOS="765" VPOS="392" WIDTH="109" HEIGHT="35" WC="0.95" CONTENT="andra"/><SP WIDTH="29" VPOS="392" HPOS="874"/>
							<String ID="string_37" HPOS="903" VPOS="391" WIDTH="206" HEIGHT="35" WC="0.93" CONTENT="kammaren"/><SP WIDTH="28" VPOS="391" HPOS="1109"/>
							<String ID="string_38" HPOS="1137" VPOS="388" WIDTH="194" HEIGHT="44" WC="0.91" CONTENT="hemställt,"/><SP WIDTH="29" VPOS="388" HPOS="1331"/>
							<String ID="string_39" HPOS="1360" VPOS="389" WIDTH="54" HEIGHT="33" WC="0.95" CONTENT="att"/><SP WIDTH="27" VPOS="389" HPOS="1414"/>
							<String ID="string_40" HPOS="1441" VPOS="385" WIDTH="139" HEIGHT="47" WC="0.94" CONTENT="Kungl."/><SP WIDTH="31" VPOS="385" HPOS="1580"/>
							<String ID="string_41" HPOS="1611" VPOS="385" WIDTH="109" HEIGHT="45" WC="0.96" CONTENT="Maj:t"/><SP WIDTH="27" VPOS="385" HPOS="1720"/>
							<String ID="string_42" HPOS="1747" VPOS="385" WIDTH="138" HEIGHT="35" WC="0.96" CONTENT="täcktes"/><SP WIDTH="27" VPOS="385" HPOS="1885"/>
							<String ID="string_43" HPOS="1912" VPOS="383" WIDTH="56" HEIGHT="34" WC="0.96" CONTENT="för"/>
						</TextLine>
						<TextLine ID="line_4" HPOS="365" VPOS="434" WIDTH="1602" HEIGHT="55">
							<String ID="string_44" HPOS="365" VPOS="444" WIDTH="298" HEIGHT="37" WC="0.91" CONTENT="nästkommande"/><SP WIDTH="40" VPOS="444" HPOS="663"/>
							<String ID="string_45" HPOS="703" VPOS="443" WIDTH="145" HEIGHT="46" WC="0.91" CONTENT="riksdag"/><SP WIDTH="32" VPOS="443" HPOS="848"/>
							<String ID="string_46" HPOS="880" VPOS="442" WIDTH="199" HEIGHT="46" WC="0.94" CONTENT="framlägga"/><SP WIDTH="27" VPOS="442" HPOS="1079"/>
							<String ID="string_47" HPOS="1106" VPOS="440" WIDTH="133" HEIGHT="46" WC="0.94" CONTENT="förslag"/><SP WIDTH="26" VPOS="440" HPOS="1239"/>
							<String ID="string_48" HPOS="1265" VPOS="439" WIDTH="55" HEIGHT="35" WC="0.96" CONTENT="till"/><SP WIDTH="29" VPOS="439" HPOS="1320"/>
							<String ID="string_49" HPOS="1349" VPOS="438" WIDTH="130" HEIGHT="35" WC="0.95" CONTENT="sådana"/><SP WIDTH="24" VPOS="438" HPOS="1479"/>
							<String ID="string_50" HPOS="1503" VPOS="435" WIDTH="157" HEIGHT="36" WC="0.95" CONTENT="ändrade"/><SP WIDTH="27" VPOS="435" HPOS="1660"/>
							<String ID="string_51" HPOS="1687" VPOS="434" WIDTH="280" HEIGHT="43" WC="0.95" CONTENT="bestämmelser,"/>
						</TextLine>
						<TextLine ID="line_5" HPOS="365" VPOS="484" WIDTH="1601" HEIGHT="55">
							<String ID="string_52" HPOS="365" VPOS="499" WIDTH="54" HEIGHT="33" WC="0.96" CONTENT="att"/><SP WIDTH="28" VPOS="499" HPOS="419"/>
							<String ID="string_53" HPOS="447" VPOS="496" WIDTH="43" HEIGHT="35" WC="0.96" CONTENT="de"/><SP WIDTH="27" VPOS="496" HPOS="490"/>
							<String ID="string_54" HPOS="517" VPOS="495" WIDTH="140" HEIGHT="44" WC="0.96" CONTENT="hinder,"/><SP WIDTH="30" VPOS="495" HPOS="657"/>
							<String ID="string_55" HPOS="687" VPOS="507" WIDTH="76" HEIGHT="22" WC="0.96" CONTENT="som"/><SP WIDTH="27" VPOS="507" HPOS="763"/>
							<String ID="string_56" HPOS="790" VPOS="495" WIDTH="56" HEIGHT="33" WC="0.95" CONTENT="för"/><SP WIDTH="39" VPOS="495" HPOS="846"/>
							<String ID="string_57" HPOS="885" VPOS="492" WIDTH="220" HEIGHT="36" WC="0.85" CONTENT="närvarande"/><SP WIDTH="28" VPOS="492" HPOS="1105"/>
							<String ID="string_58" HPOS="1133" VPOS="493" WIDTH="97" HEIGHT="32" WC="0.96" CONTENT="möta"/><SP WIDTH="26" VPOS="493" HPOS="1230"/>
							<String ID="string_59" HPOS="1256" VPOS="491" WIDTH="78" HEIGHT="33" WC="0.95" CONTENT="mot"/><SP WIDTH="28" VPOS="491" HPOS="1334"/>
							<String ID="string_60" HPOS="1362" VPOS="490" WIDTH="53" HEIGHT="33" WC="0.96" CONTENT="att"/><SP WIDTH="28" VPOS="490" HPOS="1415"/>
							<String ID="string_61" HPOS="1443" VPOS="487" WIDTH="114" HEIGHT="35" WC="0.96" CONTENT="under"/><SP WIDTH="26" VPOS="487" HPOS="1557"/>
							<String ID="string_62" HPOS="1583" VPOS="485" WIDTH="154" HEIGHT="47" WC="0.93" CONTENT="löpande"/><SP WIDTH="27" VPOS="485" HPOS="1737"/>
							<String ID="string_63" HPOS="1764" VPOS="484" WIDTH="202" HEIGHT="35" WC="0.91" CONTENT="arrendetid"/>
						</TextLine>
					</TextBlock>
					<TextBlock ID="block_2" HPOS="365" VPOS="540" WIDTH="1074" HEIGHT="52">
						<TextLine ID="line_6" HPOS="365" VPOS="540" WIDTH="1074" HEIGHT="52">
							<String ID="string_64" HPOS="365" VPOS="549" WIDTH="78" HEIGHT="34" WC="0.91" CONTENT="från"/><SP WIDTH="28" VPOS="549" HPOS="443"/>
							<String ID="string_65" HPOS="471" VPOS="545" WIDTH="292" HEIGHT="47" WC="0.91" CONTENT="kronoegendom"/><SP WIDTH="29" VPOS="545" HPOS="763"/>
							<String ID="string_66" HPOS="792" VPOS="544" WIDTH="146" HEIGHT="47" WC="0.96" CONTENT="upplåta"/><SP WIDTH="26" VPOS="544" HPOS="938"/>
							<String ID="string_67" HPOS="964" VPOS="543" WIDTH="220" HEIGHT="46" WC="0.96" CONTENT="lägenheter,"/><SP WIDTH="28" VPOS="543" HPOS="1184"/>
							<String ID="string_68" HPOS="1212" VPOS="540" WIDTH="227" HEIGHT="45" WC="0.96" CONTENT="undanröjas."/>
						</TextLine>
					</TextBlock>
					<TextBlock ID="block_3" HPOS="366" VPOS="585" WIDTH="1607" HEIGHT="414">
						<TextLine ID="line_7" HPOS="499" VPOS="585" WIDTH="1470" HEIGHT="56">
							<String ID="string_69" HPOS="499" VPOS="597" WIDTH="87" HEIGHT="35" WC="0.96" CONTENT="Med"/><SP WIDTH="41" VPOS="597" HPOS="586"/>
							<String ID="string_70" HPOS="627" VPOS="596" WIDTH="195" HEIGHT="45" WC="0.96" CONTENT="anledning"/><SP WIDTH="40" VPOS="596" HPOS="822"/>
							<String ID="string_71" HPOS="862" VPOS="608" WIDTH="43" HEIGHT="21" WC="0.96" CONTENT="av"/><SP WIDTH="40" VPOS="608" HPOS="905"/>
							<String ID="string_72" HPOS="945" VPOS="594" WIDTH="140" HEIGHT="34" WC="0.95" CONTENT="motion"/><SP WIDTH="40" VPOS="594" HPOS="1085"/>
							<String ID="string_73" HPOS="1125" VPOS="606" WIDTH="42" HEIGHT="21" WC="0.73" CONTENT="nr"/><SP WIDTH="33" VPOS="606" HPOS="1167"/>
							<String ID="string_74" HPOS="1200" VPOS="592" WIDTH="45" HEIGHT="34" WC="0.94" CONTENT="25"/><SP WIDTH="28" VPOS="592" HPOS="1245"/>
							<String ID="string_75" HPOS="1273" VPOS="592" WIDTH="12" HEIGHT="33" WC="0.95" CONTENT="i"/><SP WIDTH="27" VPOS="592" HPOS="1285"/>
							<String ID="string_76" HPOS="1312" VPOS="591" WIDTH="112" HEIGHT="34" WC="0.96" CONTENT="första"/><SP WIDTH="30" VPOS="591" HPOS="1424"/>
							<String ID="string_77" HPOS="1454" VPOS="589" WIDTH="207" HEIGHT="34" WC="0.96" CONTENT="kammaren"/><SP WIDTH="27" VPOS="589" HPOS="1661"/>
							<String ID="string_78" HPOS="1688" VPOS="587" WIDTH="64" HEIGHT="34" WC="0.96" CONTENT="har"/><SP WIDTH="27" VPOS="587" HPOS="1752"/>
							<String ID="string_79" HPOS="1779" VPOS="585" WIDTH="190" HEIGHT="46" WC="0.96" CONTENT="riksdagen"/>
						</TextLine>
						<TextLine ID="line_8" HPOS="366" VPOS="635" WIDTH="1603" HEIGHT="56">
							<String ID="string_80" HPOS="366" VPOS="649" WIDTH="156" HEIGHT="35" WC="0.95" CONTENT="beslutat"/><SP WIDTH="40" VPOS="649" HPOS="522"/>
							<String ID="string_81" HPOS="562" VPOS="649" WIDTH="8" HEIGHT="33" WC="0.95" CONTENT="i"/><SP WIDTH="44" VPOS="649" HPOS="570"/>
							<String ID="string_82" HPOS="614" VPOS="647" WIDTH="168" HEIGHT="35" WC="0.95" CONTENT="skrivelse"/><SP WIDTH="41" VPOS="647" HPOS="782"/>
							<String ID="string_83" HPOS="823" VPOS="646" WIDTH="55" HEIGHT="34" WC="0.95" CONTENT="till"/><SP WIDTH="40" VPOS="646" HPOS="878"/>
							<String ID="string_84" HPOS="918" VPOS="644" WIDTH="139" HEIGHT="47" WC="0.92" CONTENT="Kungl."/><SP WIDTH="31" VPOS="644" HPOS="1057"/>
							<String ID="string_85" HPOS="1088" VPOS="644" WIDTH="107" HEIGHT="46" WC="0.96" CONTENT="Maj:t"/><SP WIDTH="27" VPOS="644" HPOS="1195"/>
							<String ID="string_86" HPOS="1222" VPOS="641" WIDTH="152" HEIGHT="43" WC="0.96" CONTENT="anhålla,"/><SP WIDTH="30" VPOS="641" HPOS="1374"/>
							<String ID="string_87" HPOS="1404" VPOS="642" WIDTH="53" HEIGHT="33" WC="0.96" CONTENT="att"/><SP WIDTH="30" VPOS="642" HPOS="1457"/>
							<String ID="string_88" HPOS="1487" VPOS="638" WIDTH="136" HEIGHT="46" WC="0.94" CONTENT="Kungl."/><SP WIDTH="32" VPOS="638" HPOS="1623"/>
							<String ID="string_89" HPOS="1655" VPOS="637" WIDTH="107" HEIGHT="46" WC="0.96" CONTENT="Maj:t"/><SP WIDTH="27" VPOS="637" HPOS="1762"/>
							<String ID="string_90" HPOS="1789" VPOS="636" WIDTH="82" HEIGHT="35" WC="0.96" CONTENT="ville"/><SP WIDTH="28" VPOS="636" HPOS="1871"/>
							<String ID="string_91" HPOS="1899" VPOS="635" WIDTH="70" HEIGHT="35" WC="0.96" CONTENT="låta"/>
						</TextLine>
						<TextLine ID="line_9" HPOS="368" VPOS="687" WIDTH="1600" HEIGHT="55">
							<String ID="string_92" HPOS="368" VPOS="699" WIDTH="188" HEIGHT="36" WC="0.96" CONTENT="verkställa"/><SP WIDTH="42" VPOS="699" HPOS="556"/>
							<String ID="string_93" HPOS="598" VPOS="698" WIDTH="206" HEIGHT="44" WC="0.94" CONTENT="utredning,"/><SP WIDTH="42" VPOS="698" HPOS="804"/>
							<String ID="string_94" HPOS="846" VPOS="697" WIDTH="94" HEIGHT="34" WC="0.96" CONTENT="huru"/><SP WIDTH="41" VPOS="697" HPOS="940"/>
							<String ID="string_95" HPOS="981" VPOS="695" WIDTH="288" HEIGHT="35" WC="0.93" CONTENT="kolonisationen"/><SP WIDTH="34" VPOS="695" HPOS="1269"/>
							<String ID="string_96" HPOS="1303" VPOS="694" WIDTH="20" HEIGHT="33" WC="0.88" CONTENT="å"/><SP WIDTH="26" VPOS="694" HPOS="1323"/>
							<String ID="string_97" HPOS="1349" VPOS="689" WIDTH="200" HEIGHT="47" WC="0.91" CONTENT="bondejord"/><SP WIDTH="27" VPOS="689" HPOS="1549"/>
							<String ID="string_98" HPOS="1576" VPOS="690" WIDTH="12" HEIGHT="33" WC="0.96" CONTENT="i"/><SP WIDTH="29" VPOS="690" HPOS="1588"/>
							<String ID="string_99" HPOS="1617" VPOS="687" WIDTH="193" HEIGHT="44" WC="0.96" CONTENT="Norrland,"/><SP WIDTH="29" VPOS="687" HPOS="1810"/>
							<String ID="string_100" HPOS="1839" VPOS="699" WIDTH="129" HEIGHT="34" WC="0.95" CONTENT="genom"/>
						</TextLine>
						<TextLine ID="line_10" HPOS="368" VPOS="736" WIDTH="1601" HEIGHT="59">
							<String ID="string_101" HPOS="368" VPOS="751" WIDTH="153" HEIGHT="44" WC="0.93" CONTENT="ändring"/><SP WIDTH="27" VPOS="751" HPOS="521"/>
							<String ID="string_102" HPOS="548" VPOS="750" WIDTH="11" HEIGHT="34" WC="0.96" CONTENT="i"/><SP WIDTH="29" VPOS="750" HPOS="559"/>
							<String ID="string_103" HPOS="588" VPOS="749" WIDTH="42" HEIGHT="34" WC="0.96" CONTENT="de"/><SP WIDTH="35" VPOS="749" HPOS="630"/>
							<String ID="string_104" HPOS="665" VPOS="749" WIDTH="56" HEIGHT="34" WC="0.96" CONTENT="för"/><SP WIDTH="27" VPOS="749" HPOS="721"/>
							<String ID="string_105" HPOS="748" VPOS="747" WIDTH="179" HEIGHT="35" WC="0.96" CONTENT="Norrland"/><SP WIDTH="29" VPOS="747" HPOS="927"/>
							<String ID="string_106" HPOS="956" VPOS="745" WIDTH="165" HEIGHT="48" WC="0.93" CONTENT="gällande"/><SP WIDTH="29" VPOS="745" HPOS="1121"/>
							<String ID="string_107" HPOS="1150" VPOS="742" WIDTH="382" HEIGHT="49" WC="0.91" CONTENT="ägodelningslagarna"/><SP WIDTH="27" VPOS="742" HPOS="1532"/>
							<String ID="string_108" HPOS="1559" VPOS="740" WIDTH="68" HEIGHT="35" WC="0.96" CONTENT="och"/><SP WIDTH="28" VPOS="740" HPOS="1627"/>
							<String ID="string_109" HPOS="1655" VPOS="751" WIDTH="131" HEIGHT="33" WC="0.96" CONTENT="genom"/><SP WIDTH="29" VPOS="751" HPOS="1786"/>
							<String ID="string_110" HPOS="1815" VPOS="736" WIDTH="154" HEIGHT="36" WC="0.95" CONTENT="ändrade"/>
						</TextLine>
						<TextLine ID="line_11" HPOS="371" VPOS="788" WIDTH="1601" HEIGHT="54">
							<String ID="string_111" HPOS="371" VPOS="801" WIDTH="126" HEIGHT="35" WC="0.96" CONTENT="villkor"/><SP WIDTH="27" VPOS="801" HPOS="497"/>
							<String ID="string_112" HPOS="524" VPOS="801" WIDTH="65" HEIGHT="34" WC="0.96" CONTENT="och"/><SP WIDTH="25" VPOS="801" HPOS="589"/>
							<String ID="string_113" HPOS="614" VPOS="798" WIDTH="268" HEIGHT="36" WC="0.0" CONTENT="bestämmelser"/><SP WIDTH="27" VPOS="798" HPOS="882"/>
							<String ID="string_114" HPOS="909" VPOS="797" WIDTH="56" HEIGHT="35" WC="0.96" CONTENT="för"/><SP WIDTH="26" VPOS="797" HPOS="965"/>
							<String ID="string_115" HPOS="991" VPOS="796" WIDTH="181" HEIGHT="46" WC="0.96" CONTENT="utgående"/><SP WIDTH="28" VPOS="796" HPOS="1172"/>
							<String ID="string_116" HPOS="1200" VPOS="808" WIDTH="42" HEIGHT="21" WC="0.96" CONTENT="av"/><SP WIDTH="27" VPOS="808" HPOS="1242"/>
							<String ID="string_117" HPOS="1269" VPOS="794" WIDTH="129" HEIGHT="44" WC="0.96" CONTENT="bidrag"/><SP WIDTH="18" VPOS="794" HPOS="1398"/>
							<String ID="string_118" HPOS="1416" VPOS="793" WIDTH="76" HEIGHT="34" WC="0.96" CONTENT="från"/><SP WIDTH="22" VPOS="793" HPOS="1492"/>
							<String ID="string_119" HPOS="1514" VPOS="789" WIDTH="234" HEIGHT="36" WC="0.58" CONTENT="norrländska"/><SP WIDTH="19" VPOS="789" HPOS="1748"/>
							<String ID="string_120" HPOS="1767" VPOS="788" WIDTH="205" HEIGHT="47" WC="0.92" CONTENT="nyodlings-"/>
						</TextLine>
						<TextLine ID="line_12" HPOS="371" VPOS="838" WIDTH="1602" HEIGHT="56">
							<String ID="string_121" HPOS="371" VPOS="852" WIDTH="129" HEIGHT="35" WC="0.95" CONTENT="fonden"/><SP WIDTH="43" VPOS="852" HPOS="500"/>
							<String ID="string_122" HPOS="543" VPOS="852" WIDTH="94" HEIGHT="33" WC="0.95" CONTENT="samt"/><SP WIDTH="39" VPOS="852" HPOS="637"/>
							<String ID="string_123" HPOS="676" VPOS="862" WIDTH="130" HEIGHT="32" WC="0.96" CONTENT="genom"/><SP WIDTH="36" VPOS="862" HPOS="806"/>
							<String ID="string_124" HPOS="842" VPOS="848" WIDTH="108" HEIGHT="35" WC="0.96" CONTENT="andra"/><SP WIDTH="28" VPOS="848" HPOS="950"/>
							<String ID="string_125" HPOS="978" VPOS="847" WIDTH="170" HEIGHT="46" WC="0.88" CONTENT="lämpliga"/><SP WIDTH="28" VPOS="847" HPOS="1148"/>
							<String ID="string_126" HPOS="1176" VPOS="845" WIDTH="175" HEIGHT="46" WC="0.96" CONTENT="åtgärder,"/><SP WIDTH="30" VPOS="845" HPOS="1351"/>
							<String ID="string_127" HPOS="1381" VPOS="845" WIDTH="56" HEIGHT="33" WC="0.95" CONTENT="må"/><SP WIDTH="28" VPOS="845" HPOS="1437"/>
							<String ID="string_128" HPOS="1465" VPOS="843" WIDTH="122" HEIGHT="33" WC="0.95" CONTENT="kunna"/><SP WIDTH="27" VPOS="843" HPOS="1587"/>
							<String ID="string_129" HPOS="1614" VPOS="840" WIDTH="192" HEIGHT="45" WC="0.95" CONTENT="kraftigare"/><SP WIDTH="28" VPOS="840" HPOS="1806"/>
							<String ID="string_130" HPOS="1834" VPOS="842" WIDTH="45" HEIGHT="31" WC="0.51" CONTENT="än"/><SP WIDTH="26" VPOS="842" HPOS="1879"/>
							<String ID="string_131" HPOS="1905" VPOS="838" WIDTH="68" HEIGHT="34" WC="0.91" CONTENT="hit-"/>
						</TextLine>
						<TextLine ID="line_13" HPOS="369" VPOS="889" WIDTH="1603" HEIGHT="59">
							<String ID="string_132" HPOS="369" VPOS="903" WIDTH="74" HEIGHT="35" WC="0.93" CONTENT="tills"/><SP WIDTH="39" VPOS="903" HPOS="443"/>
							<String ID="string_133" HPOS="482" VPOS="902" WIDTH="204" HEIGHT="46" WC="0.88" CONTENT="befrämjas,"/><SP WIDTH="48" VPOS="902" HPOS="686"/>
							<String ID="string_134" HPOS="734" VPOS="900" WIDTH="66" HEIGHT="35" WC="0.94" CONTENT="och"/><SP WIDTH="41" VPOS="900" HPOS="800"/>
							<String ID="string_135" HPOS="841" VPOS="899" WIDTH="155" HEIGHT="35" WC="0.94" CONTENT="därefter"/><SP WIDTH="30" VPOS="899" HPOS="996"/>
							<String ID="string_136" HPOS="1026" VPOS="899" WIDTH="53" HEIGHT="33" WC="0.96" CONTENT="för"/><SP WIDTH="27" VPOS="899" HPOS="1079"/>
							<String ID="string_137" HPOS="1106" VPOS="896" WIDTH="187" HEIGHT="46" WC="0.96" CONTENT="riksdagen"/><SP WIDTH="31" VPOS="896" HPOS="1293"/>
							<String ID="string_138" HPOS="1324" VPOS="894" WIDTH="198" HEIGHT="45" WC="0.95" CONTENT="framlägga"/><SP WIDTH="29" VPOS="894" HPOS="1522"/>
							<String ID="string_139" HPOS="1551" VPOS="892" WIDTH="43" HEIGHT="34" WC="0.95" CONTENT="de"/><SP WIDTH="29" VPOS="892" HPOS="1594"/>
							<String ID="string_140" HPOS="1623" VPOS="890" WIDTH="143" HEIGHT="45" WC="0.96" CONTENT="förslag,"/><SP WIDTH="29" VPOS="890" HPOS="1766"/>
							<String ID="string_141" HPOS="1795" VPOS="890" WIDTH="56" HEIGHT="34" WC="0.95" CONTENT="till"/><SP WIDTH="27" VPOS="890" HPOS="1851"/>
							<String ID="string_142" HPOS="1878" VPOS="889" WIDTH="94" HEIGHT="34" WC="0.96" CONTENT="vilka"/>
						</TextLine>
						<TextLine ID="line_14" HPOS="371" VPOS="950" WIDTH="561" HEIGHT="49">
							<String ID="string_143" HPOS="371" VPOS="953" WIDTH="243" HEIGHT="46" WC="0.96" CONTENT="utredningen"/><SP WIDTH="27" VPOS="953" HPOS="614"/>
							<String ID="string_144" HPOS="641" VPOS="952" WIDTH="68" HEIGHT="34" WC="0.96" CONTENT="kan"/><SP WIDTH="30" VPOS="952" HPOS="709"/>
							<String ID="string_145" HPOS="739" VPOS="950" WIDTH="193" HEIGHT="35" WC="0.96" CONTENT="föranleda."/>
						</TextLine>
					</TextBlock>
					<TextBlock ID="block_4" HPOS="373" VPOS="990" WIDTH="1607" HEIGHT="463">
						<TextLine ID="line_15" HPOS="509" VPOS="990" WIDTH="1465" HEIGHT="57">
							<String ID="string_146" HPOS="509" VPOS="1003" WIDTH="129" HEIGHT="34" WC="0.96" CONTENT="Vidare"/><SP WIDTH="28" VPOS="1003" HPOS="638"/>
							<String ID="string_147" HPOS="666" VPOS="1003" WIDTH="64" HEIGHT="34" WC="0.96" CONTENT="har"/><SP WIDTH="27" VPOS="1003" HPOS="730"/>
							<String ID="string_148" HPOS="757" VPOS="1001" WIDTH="189" HEIGHT="46" WC="0.96" CONTENT="riksdagen"/><SP WIDTH="31" VPOS="1001" HPOS="946"/>
							<String ID="string_149" HPOS="977" VPOS="999" WIDTH="79" HEIGHT="35" WC="0.96" CONTENT="med"/><SP WIDTH="29" VPOS="999" HPOS="1056"/>
							<String ID="string_150" HPOS="1085" VPOS="998" WIDTH="195" HEIGHT="45" WC="0.95" CONTENT="anledning"/><SP WIDTH="28" VPOS="998" HPOS="1280"/>
							<String ID="string_151" HPOS="1308" VPOS="1010" WIDTH="43" HEIGHT="21" WC="0.95" CONTENT="av"/><SP WIDTH="29" VPOS="1010" HPOS="1351"/>
							<String ID="string_152" HPOS="1380" VPOS="995" WIDTH="135" HEIGHT="34" WC="0.96" CONTENT="motion"/><SP WIDTH="31" VPOS="995" HPOS="1515"/>
							<String ID="string_153" HPOS="1546" VPOS="1006" WIDTH="42" HEIGHT="21" WC="0.95" CONTENT="nr"/><SP WIDTH="32" VPOS="1006" HPOS="1588"/>
							<String ID="string_154" HPOS="1620" VPOS="994" WIDTH="63" HEIGHT="33" WC="0.95" CONTENT="101"/><SP WIDTH="35" VPOS="994" HPOS="1683"/>
							<String ID="string_155" HPOS="1718" VPOS="992" WIDTH="8" HEIGHT="33" WC="0.84" CONTENT="i"/><SP WIDTH="24" VPOS="992" HPOS="1726"/>
							<String ID="string_156" HPOS="1750" VPOS="992" WIDTH="110" HEIGHT="34" WC="0.96" CONTENT="första"/><SP WIDTH="20" VPOS="992" HPOS="1860"/>
							<String ID="string_157" HPOS="1880" VPOS="990" WIDTH="94" HEIGHT="34" WC="0.75" CONTENT="kam-"/>
						</TextLine>
						<TextLine ID="line_16" HPOS="373" VPOS="1041" WIDTH="1602" HEIGHT="53">
							<String ID="string_158" HPOS="373" VPOS="1069" WIDTH="117" HEIGHT="21" WC="0.92" CONTENT="maren"/><SP WIDTH="44" VPOS="1069" HPOS="490"/>
							<String ID="string_159" HPOS="534" VPOS="1056" WIDTH="93" HEIGHT="33" WC="0.94" CONTENT="samt"/><SP WIDTH="37" VPOS="1056" HPOS="627"/>
							<String ID="string_160" HPOS="664" VPOS="1053" WIDTH="218" HEIGHT="34" WC="0.96" CONTENT="motionerna"/><SP WIDTH="29" VPOS="1053" HPOS="882"/>
							<String ID="string_161" HPOS="911" VPOS="1064" WIDTH="43" HEIGHT="22" WC="0.96" CONTENT="nr"/><SP WIDTH="28" VPOS="1064" HPOS="954"/>
							<String ID="string_162" HPOS="982" VPOS="1051" WIDTH="58" HEIGHT="43" WC="0.96" CONTENT="39,"/><SP WIDTH="29" VPOS="1051" HPOS="1040"/>
							<String ID="string_163" HPOS="1069" VPOS="1050" WIDTH="60" HEIGHT="43" WC="0.95" CONTENT="40,"/><SP WIDTH="30" VPOS="1050" HPOS="1129"/>
							<String ID="string_164" HPOS="1159" VPOS="1050" WIDTH="58" HEIGHT="42" WC="0.96" CONTENT="94,"/><SP WIDTH="30" VPOS="1050" HPOS="1217"/>
							<String ID="string_165" HPOS="1247" VPOS="1048" WIDTH="46" HEIGHT="33" WC="0.53" CONTENT="95"/><SP WIDTH="29" VPOS="1048" HPOS="1293"/>
							<String ID="string_166" HPOS="1322" VPOS="1047" WIDTH="67" HEIGHT="34" WC="0.96" CONTENT="och"/><SP WIDTH="30" VPOS="1047" HPOS="1389"/>
							<String ID="string_167" HPOS="1419" VPOS="1045" WIDTH="70" HEIGHT="35" WC="0.95" CONTENT="215"/><SP WIDTH="29" VPOS="1045" HPOS="1489"/>
							<String ID="string_168" HPOS="1518" VPOS="1045" WIDTH="8" HEIGHT="33" WC="0.95" CONTENT="i"/><SP WIDTH="30" VPOS="1045" HPOS="1526"/>
							<String ID="string_169" HPOS="1556" VPOS="1043" WIDTH="110" HEIGHT="35" WC="0.96" CONTENT="andra"/><SP WIDTH="29" VPOS="1043" HPOS="1666"/>
							<String ID="string_170" HPOS="1695" VPOS="1043" WIDTH="206" HEIGHT="34" WC="0.96" CONTENT="kammaren"/><SP WIDTH="19" VPOS="1043" HPOS="1901"/>
							<String ID="string_171" HPOS="1920" VPOS="1041" WIDTH="55" HEIGHT="34" WC="0.96" CONTENT="för"/>
						</TextLine>
						<TextLine ID="line_17" HPOS="373" VPOS="1091" WIDTH="1599" HEIGHT="57">
							<String ID="string_172" HPOS="373" VPOS="1108" WIDTH="51" HEIGHT="33" WC="0.96" CONTENT="sin"/><SP WIDTH="31" VPOS="1108" HPOS="424"/>
							<String ID="string_173" HPOS="455" VPOS="1106" WIDTH="57" HEIGHT="35" WC="0.94" CONTENT="del"/><SP WIDTH="40" VPOS="1106" HPOS="512"/>
							<String ID="string_174" HPOS="552" VPOS="1105" WIDTH="165" HEIGHT="43" WC="0.94" CONTENT="beslutat,"/><SP WIDTH="37" VPOS="1105" HPOS="717"/>
							<String ID="string_175" HPOS="754" VPOS="1105" WIDTH="72" HEIGHT="33" WC="0.96" CONTENT="dels"/><SP WIDTH="27" VPOS="1105" HPOS="826"/>
							<String ID="string_176" HPOS="853" VPOS="1104" WIDTH="55" HEIGHT="33" WC="0.96" CONTENT="att"/><SP WIDTH="25" VPOS="1104" HPOS="908"/>
							<String ID="string_177" HPOS="933" VPOS="1101" WIDTH="107" HEIGHT="35" WC="0.96" CONTENT="bland"/><SP WIDTH="29" VPOS="1101" HPOS="1040"/>
							<String ID="string_178" HPOS="1069" VPOS="1100" WIDTH="180" HEIGHT="34" WC="0.96" CONTENT="allmänna"/><SP WIDTH="27" VPOS="1100" HPOS="1249"/>
							<String ID="string_179" HPOS="1276" VPOS="1097" WIDTH="131" HEIGHT="35" WC="0.96" CONTENT="villkor"/><SP WIDTH="27" VPOS="1097" HPOS="1407"/>
							<String ID="string_180" HPOS="1434" VPOS="1096" WIDTH="63" HEIGHT="34" WC="0.96" CONTENT="och"/><SP WIDTH="30" VPOS="1096" HPOS="1497"/>
							<String ID="string_181" HPOS="1527" VPOS="1093" WIDTH="269" HEIGHT="36" WC="0.96" CONTENT="bestämmelser"/><SP WIDTH="27" VPOS="1093" HPOS="1796"/>
							<String ID="string_182" HPOS="1823" VPOS="1093" WIDTH="56" HEIGHT="33" WC="0.96" CONTENT="för"/><SP WIDTH="28" VPOS="1093" HPOS="1879"/>
							<String ID="string_183" HPOS="1907" VPOS="1091" WIDTH="65" HEIGHT="34" WC="0.95" CONTENT="den"/>
						</TextLine>
						<TextLine ID="line_18" HPOS="374" VPOS="1141" WIDTH="1601" HEIGHT="57">
							<String ID="string_184" HPOS="374" VPOS="1171" WIDTH="42" HEIGHT="22" WC="0.95" CONTENT="av"/><SP WIDTH="40" VPOS="1171" HPOS="416"/>
							<String ID="string_185" HPOS="456" VPOS="1159" WIDTH="118" HEIGHT="33" WC="0.96" CONTENT="staten"/><SP WIDTH="41" VPOS="1159" HPOS="574"/>
							<String ID="string_186" HPOS="615" VPOS="1155" WIDTH="154" HEIGHT="35" WC="0.93" CONTENT="utövade"/><SP WIDTH="42" VPOS="1155" HPOS="769"/>
							<String ID="string_187" HPOS="811" VPOS="1150" WIDTH="429" HEIGHT="48" WC="0.55" CONTENT="egnahemslånerörelsen"/><SP WIDTH="37" VPOS="1150" HPOS="1240"/>
							<String ID="string_188" HPOS="1277" VPOS="1151" WIDTH="68" HEIGHT="41" WC="0.95" CONTENT="må,"/><SP WIDTH="30" VPOS="1151" HPOS="1345"/>
							<String ID="string_189" HPOS="1375" VPOS="1147" WIDTH="80" HEIGHT="35" WC="0.96" CONTENT="med"/><SP WIDTH="29" VPOS="1147" HPOS="1455"/>
							<String ID="string_190" HPOS="1484" VPOS="1146" WIDTH="153" HEIGHT="45" WC="0.96" CONTENT="ändring"/><SP WIDTH="28" VPOS="1146" HPOS="1637"/>
							<String ID="string_191" HPOS="1665" VPOS="1157" WIDTH="42" HEIGHT="22" WC="0.96" CONTENT="av"/><SP WIDTH="27" VPOS="1157" HPOS="1707"/>
							<String ID="string_192" HPOS="1734" VPOS="1157" WIDTH="49" HEIGHT="21" WC="0.96" CONTENT="nu"/><SP WIDTH="28" VPOS="1157" HPOS="1783"/>
							<String ID="string_193" HPOS="1811" VPOS="1141" WIDTH="164" HEIGHT="48" WC="0.96" CONTENT="gällande"/>
						</TextLine>
						<TextLine ID="line_19" HPOS="378" VPOS="1193" WIDTH="1598" HEIGHT="56">
							<String ID="string_194" HPOS="378" VPOS="1207" WIDTH="232" HEIGHT="40" WC="0.96" CONTENT="föreskrifter,"/><SP WIDTH="29" VPOS="1207" HPOS="610"/>
							<String ID="string_195" HPOS="639" VPOS="1205" WIDTH="154" HEIGHT="44" WC="0.96" CONTENT="stadgas,"/><SP WIDTH="29" VPOS="1205" HPOS="793"/>
							<String ID="string_196" HPOS="822" VPOS="1206" WIDTH="49" HEIGHT="32" WC="0.93" CONTENT="att"/><SP WIDTH="29" VPOS="1206" HPOS="871"/>
							<String ID="string_197" HPOS="900" VPOS="1201" WIDTH="253" HEIGHT="46" WC="0.91" CONTENT="egnahemslån"/><SP WIDTH="30" VPOS="1201" HPOS="1153"/>
							<String ID="string_198" HPOS="1183" VPOS="1201" WIDTH="30" HEIGHT="45" WC="0.96" CONTENT="ej"/><SP WIDTH="30" VPOS="1201" HPOS="1213"/>
							<String ID="string_199" HPOS="1243" VPOS="1201" WIDTH="58" HEIGHT="33" WC="0.96" CONTENT="må"/><SP WIDTH="23" VPOS="1201" HPOS="1301"/>
							<String ID="string_200" HPOS="1324" VPOS="1200" WIDTH="100" HEIGHT="42" WC="0.96" CONTENT="utgå,"/><SP WIDTH="30" VPOS="1200" HPOS="1424"/>
							<String ID="string_201" HPOS="1454" VPOS="1198" WIDTH="61" HEIGHT="34" WC="0.96" CONTENT="där"/><SP WIDTH="28" VPOS="1198" HPOS="1515"/>
							<String ID="string_202" HPOS="1543" VPOS="1196" WIDTH="60" HEIGHT="35" WC="0.96" CONTENT="det"/><SP WIDTH="30" VPOS="1196" HPOS="1603"/>
							<String ID="string_203" HPOS="1633" VPOS="1194" WIDTH="200" HEIGHT="36" WC="0.86" CONTENT="beräknade"/><SP WIDTH="20" VPOS="1194" HPOS="1833"/>
							<String ID="string_204" HPOS="1853" VPOS="1193" WIDTH="123" HEIGHT="35" WC="0.96" CONTENT="värdet"/>
						</TextLine>
						<TextLine ID="line_20" HPOS="376" VPOS="1242" WIDTH="1598" HEIGHT="60">
							<String ID="string_205" HPOS="376" VPOS="1258" WIDTH="212" HEIGHT="44" WC="0.95" CONTENT="överstiger:"/><SP WIDTH="46" VPOS="1258" HPOS="588"/>
							<String ID="string_206" HPOS="634" VPOS="1257" WIDTH="54" HEIGHT="33" WC="0.95" CONTENT="för"/><SP WIDTH="40" VPOS="1257" HPOS="688"/>
							<String ID="string_207" HPOS="728" VPOS="1254" WIDTH="190" HEIGHT="46" WC="0.93" CONTENT="obebyggd"/><SP WIDTH="41" VPOS="1254" HPOS="918"/>
							<String ID="string_208" HPOS="959" VPOS="1250" WIDTH="365" HEIGHT="49" WC="0.85" CONTENT="jordbrukslägenhet"/><SP WIDTH="43" VPOS="1250" HPOS="1324"/>
							<String ID="string_209" HPOS="1367" VPOS="1248" WIDTH="133" HEIGHT="44" WC="0.85" CONTENT="12,000"/><SP WIDTH="41" VPOS="1248" HPOS="1500"/>
							<String ID="string_210" HPOS="1541" VPOS="1247" WIDTH="143" HEIGHT="42" WC="0.95" CONTENT="kronor,"/><SP WIDTH="43" VPOS="1247" HPOS="1684"/>
							<String ID="string_211" HPOS="1727" VPOS="1246" WIDTH="55" HEIGHT="33" WC="0.96" CONTENT="för"/><SP WIDTH="26" VPOS="1246" HPOS="1782"/>
							<String ID="string_212" HPOS="1808" VPOS="1242" WIDTH="166" HEIGHT="47" WC="0.23" CONTENT="bebyggd"/>
						</TextLine>
						<TextLine ID="line_21" HPOS="375" VPOS="1295" WIDTH="1605" HEIGHT="60">
							<String ID="string_213" HPOS="375" VPOS="1307" WIDTH="364" HEIGHT="48" WC="0.90" CONTENT="jordbrukslägenhet"/><SP WIDTH="29" VPOS="1307" HPOS="739"/>
							<String ID="string_214" HPOS="768" VPOS="1306" WIDTH="110" HEIGHT="42" WC="0.84" CONTENT="9,000"/><SP WIDTH="40" VPOS="1306" HPOS="878"/>
							<String ID="string_215" HPOS="918" VPOS="1304" WIDTH="131" HEIGHT="34" WC="0.86" CONTENT="kronor"/><SP WIDTH="28" VPOS="1304" HPOS="1049"/>
							<String ID="string_216" HPOS="1077" VPOS="1303" WIDTH="63" HEIGHT="34" WC="0.96" CONTENT="och"/><SP WIDTH="32" VPOS="1303" HPOS="1140"/>
							<String ID="string_217" HPOS="1172" VPOS="1302" WIDTH="54" HEIGHT="33" WC="0.96" CONTENT="för"/><SP WIDTH="26" VPOS="1302" HPOS="1226"/>
							<String ID="string_218" HPOS="1252" VPOS="1298" WIDTH="318" HEIGHT="46" WC="0.93" CONTENT="bostadslägenhet"/><SP WIDTH="30" VPOS="1298" HPOS="1570"/>
							<String ID="string_219" HPOS="1600" VPOS="1298" WIDTH="109" HEIGHT="41" WC="0.90" CONTENT="7,000"/><SP WIDTH="28" VPOS="1298" HPOS="1709"/>
							<String ID="string_220" HPOS="1737" VPOS="1296" WIDTH="141" HEIGHT="41" WC="0.96" CONTENT="kronor,"/><SP WIDTH="31" VPOS="1296" HPOS="1878"/>
							<String ID="string_221" HPOS="1909" VPOS="1295" WIDTH="71" HEIGHT="33" WC="0.96" CONTENT="dels"/>
						</TextLine>
						<TextLine ID="line_22" HPOS="378" VPOS="1347" WIDTH="1602" HEIGHT="48">
							<String ID="string_222" HPOS="378" VPOS="1362" WIDTH="65" HEIGHT="33" WC="0.96" CONTENT="ock"/><SP WIDTH="40" VPOS="1362" HPOS="443"/>
							<String ID="string_223" HPOS="483" VPOS="1361" WIDTH="53" HEIGHT="33" WC="0.96" CONTENT="att"/><SP WIDTH="41" VPOS="1361" HPOS="536"/>
							<String ID="string_224" HPOS="577" VPOS="1357" WIDTH="148" HEIGHT="35" WC="0.95" CONTENT="berörda"/><SP WIDTH="45" VPOS="1357" HPOS="725"/>
							<String ID="string_225" HPOS="770" VPOS="1355" WIDTH="207" HEIGHT="36" WC="0.96" CONTENT="förändrade"/><SP WIDTH="41" VPOS="1355" HPOS="977"/>
							<String ID="string_226" HPOS="1018" VPOS="1352" WIDTH="267" HEIGHT="36" WC="0.95" CONTENT="bestämmelser"/><SP WIDTH="40" VPOS="1352" HPOS="1285"/>
							<String ID="string_227" HPOS="1325" VPOS="1352" WIDTH="56" HEIGHT="32" WC="0.95" CONTENT="må"/><SP WIDTH="36" VPOS="1352" HPOS="1381"/>
							<String ID="string_228" HPOS="1417" VPOS="1349" WIDTH="178" HEIGHT="45" WC="0.95" CONTENT="tillämpas"/><SP WIDTH="31" VPOS="1349" HPOS="1595"/>
							<String ID="string_229" HPOS="1626" VPOS="1348" WIDTH="5" HEIGHT="33" WC="0.90" CONTENT="i"/><SP WIDTH="33" VPOS="1348" HPOS="1631"/>
							<String ID="string_230" HPOS="1664" VPOS="1347" WIDTH="98" HEIGHT="45" WC="0.96" CONTENT="fråga"/><SP WIDTH="29" VPOS="1347" HPOS="1762"/>
							<String ID="string_231" HPOS="1791" VPOS="1358" WIDTH="55" HEIGHT="22" WC="0.92" CONTENT="om"/><SP WIDTH="31" VPOS="1358" HPOS="1846"/>
							<String ID="string_232" HPOS="1877" VPOS="1357" WIDTH="103" HEIGHT="31" WC="0.87" CONTENT="egna-"/>
						</TextLine>
						<TextLine ID="line_23" HPOS="380" VPOS="1402" WIDTH="1060" HEIGHT="51">
							<String ID="string_233" HPOS="380" VPOS="1410" WIDTH="170" HEIGHT="41" WC="0.91" CONTENT="hemslån,"/><SP WIDTH="30" VPOS="1410" HPOS="550"/>
							<String ID="string_234" HPOS="580" VPOS="1422" WIDTH="77" HEIGHT="21" WC="0.95" CONTENT="som"/><SP WIDTH="28" VPOS="1422" HPOS="657"/>
							<String ID="string_235" HPOS="685" VPOS="1407" WIDTH="148" HEIGHT="46" WC="0.95" CONTENT="beviljas"/><SP WIDTH="28" VPOS="1407" HPOS="833"/>
							<String ID="string_236" HPOS="861" VPOS="1407" WIDTH="55" HEIGHT="32" WC="0.96" CONTENT="för"/><SP WIDTH="27" VPOS="1407" HPOS="916"/>
							<String ID="string_237" HPOS="943" VPOS="1407" WIDTH="37" HEIGHT="33" WC="0.96" CONTENT="år"/><SP WIDTH="33" VPOS="1407" HPOS="980"/>
							<String ID="string_238" HPOS="1013" VPOS="1405" WIDTH="91" HEIGHT="33" WC="0.93" CONTENT="1919"/><SP WIDTH="31" VPOS="1405" HPOS="1104"/>
							<String ID="string_239" HPOS="1135" VPOS="1403" WIDTH="83" HEIGHT="34" WC="0.84" CONTENT="eller"/><SP WIDTH="26" VPOS="1403" HPOS="1218"/>
							<String ID="string_240" HPOS="1244" VPOS="1414" WIDTH="122" HEIGHT="22" WC="0.95" CONTENT="senare"/><SP WIDTH="29" VPOS="1414" HPOS="1366"/>
							<String ID="string_241" HPOS="1395" VPOS="1402" WIDTH="45" HEIGHT="32" WC="0.91" CONTENT="är."/>
						</TextLine>
					</TextBlock>
					<TextBlock ID="block_5" HPOS="382" VPOS="1445" WIDTH="1603" HEIGHT="362">
						<TextLine ID="line_24" HPOS="519" VPOS="1445" WIDTH="1459" HEIGHT="57">
							<String ID="string_242" HPOS="519" VPOS="1459" WIDTH="199" HEIGHT="43" WC="0.94" CONTENT="Riksdagen"/><SP WIDTH="30" VPOS="1459" HPOS="718"/>
							<String ID="string_243" HPOS="748" VPOS="1458" WIDTH="63" HEIGHT="34" WC="0.96" CONTENT="har"/><SP WIDTH="27" VPOS="1458" HPOS="811"/>
							<String ID="string_244" HPOS="838" VPOS="1456" WIDTH="168" HEIGHT="44" WC="0.96" CONTENT="slutligen"/><SP WIDTH="32" VPOS="1456" HPOS="1006"/>
							<String ID="string_245" HPOS="1038" VPOS="1455" WIDTH="6" HEIGHT="33" WC="0.95" CONTENT="i"/><SP WIDTH="31" VPOS="1455" HPOS="1044"/>
							<String ID="string_246" HPOS="1075" VPOS="1453" WIDTH="194" HEIGHT="44" WC="0.96" CONTENT="anledning"/><SP WIDTH="27" VPOS="1453" HPOS="1269"/>
							<String ID="string_247" HPOS="1296" VPOS="1465" WIDTH="43" HEIGHT="21" WC="0.96" CONTENT="av"/><SP WIDTH="29" VPOS="1465" HPOS="1339"/>
							<String ID="string_248" HPOS="1368" VPOS="1451" WIDTH="219" HEIGHT="34" WC="0.95" CONTENT="motionerna"/><SP WIDTH="29" VPOS="1451" HPOS="1587"/>
							<String ID="string_249" HPOS="1616" VPOS="1461" WIDTH="43" HEIGHT="21" WC="0.94" CONTENT="nr"/><SP WIDTH="33" VPOS="1461" HPOS="1659"/>
							<String ID="string_250" HPOS="1692" VPOS="1449" WIDTH="52" HEIGHT="41" WC="0.93" CONTENT="14,"/><SP WIDTH="31" VPOS="1449" HPOS="1744"/>
							<String ID="string_251" HPOS="1775" VPOS="1448" WIDTH="57" HEIGHT="41" WC="0.48" CONTENT="94,"/><SP WIDTH="19" VPOS="1448" HPOS="1832"/>
							<String ID="string_252" HPOS="1851" VPOS="1446" WIDTH="45" HEIGHT="35" WC="0.90" CONTENT="95"/><SP WIDTH="20" VPOS="1446" HPOS="1896"/>
							<String ID="string_253" HPOS="1916" VPOS="1445" WIDTH="62" HEIGHT="33" WC="0.96" CONTENT="och"/>
						</TextLine>
						<TextLine ID="line_25" HPOS="382" VPOS="1495" WIDTH="1602" HEIGHT="50">
							<String ID="string_254" HPOS="382" VPOS="1514" WIDTH="45" HEIGHT="31" WC="0.59" CONTENT="96;"/><SP WIDTH="42" VPOS="1514" HPOS="427"/>
							<String ID="string_255" HPOS="469" VPOS="1513" WIDTH="10" HEIGHT="32" WC="0.92" CONTENT="i"/><SP WIDTH="40" VPOS="1513" HPOS="479"/>
							<String ID="string_256" HPOS="519" VPOS="1510" WIDTH="108" HEIGHT="35" WC="0.95" CONTENT="andra"/><SP WIDTH="44" VPOS="1510" HPOS="627"/>
							<String ID="string_257" HPOS="671" VPOS="1509" WIDTH="202" HEIGHT="34" WC="0.96" CONTENT="kammaren"/><SP WIDTH="43" VPOS="1509" HPOS="873"/>
							<String ID="string_258" HPOS="916" VPOS="1506" WIDTH="156" HEIGHT="35" WC="0.62" CONTENT="beslutat"/><SP WIDTH="40" VPOS="1506" HPOS="1072"/>
							<String ID="string_259" HPOS="1112" VPOS="1505" WIDTH="8" HEIGHT="33" WC="0.94" CONTENT="i"/><SP WIDTH="43" VPOS="1505" HPOS="1120"/>
							<String ID="string_260" HPOS="1163" VPOS="1503" WIDTH="167" HEIGHT="35" WC="0.94" CONTENT="skrivelse"/><SP WIDTH="28" VPOS="1503" HPOS="1330"/>
							<String ID="string_261" HPOS="1358" VPOS="1502" WIDTH="56" HEIGHT="34" WC="0.95" CONTENT="till"/><SP WIDTH="29" VPOS="1502" HPOS="1414"/>
							<String ID="string_262" HPOS="1443" VPOS="1499" WIDTH="132" HEIGHT="45" WC="0.76" CONTENT="Kungl"/><SP WIDTH="32" VPOS="1499" HPOS="1575"/>
							<String ID="string_263" HPOS="1607" VPOS="1499" WIDTH="107" HEIGHT="45" WC="0.94" CONTENT="Maj:t"/><SP WIDTH="27" VPOS="1499" HPOS="1714"/>
							<String ID="string_264" HPOS="1741" VPOS="1496" WIDTH="152" HEIGHT="40" WC="0.95" CONTENT="anhålla,"/><SP WIDTH="30" VPOS="1496" HPOS="1893"/>
							<String ID="string_265" HPOS="1923" VPOS="1495" WIDTH="61" HEIGHT="35" WC="0.96" CONTENT="det"/>
						</TextLine>
						<TextLine ID="line_26" HPOS="382" VPOS="1547" WIDTH="1602" HEIGHT="58">
							<String ID="string_266" HPOS="382" VPOS="1562" WIDTH="136" HEIGHT="35" WC="0.95" CONTENT="täcktes"/><SP WIDTH="33" VPOS="1562" HPOS="518"/>
							<String ID="string_267" HPOS="551" VPOS="1560" WIDTH="135" HEIGHT="45" WC="0.95" CONTENT="Kungl."/><SP WIDTH="23" VPOS="1560" HPOS="686"/>
							<String ID="string_268" HPOS="709" VPOS="1560" WIDTH="99" HEIGHT="44" WC="0.52" CONTENT="Maj:t"/><SP WIDTH="20" VPOS="1560" HPOS="808"/>
							<String ID="string_269" HPOS="828" VPOS="1559" WIDTH="92" HEIGHT="33" WC="0.96" CONTENT="efter"/><SP WIDTH="19" VPOS="1559" HPOS="920"/>
							<String ID="string_270" HPOS="939" VPOS="1555" WIDTH="194" HEIGHT="36" WC="0.96" CONTENT="verkställd"/><SP WIDTH="19" VPOS="1555" HPOS="1133"/>
							<String ID="string_271" HPOS="1152" VPOS="1554" WIDTH="192" HEIGHT="45" WC="0.96" CONTENT="utredning"/><SP WIDTH="17" VPOS="1554" HPOS="1344"/>
							<String ID="string_272" HPOS="1361" VPOS="1554" WIDTH="84" HEIGHT="44" WC="0.96" CONTENT="taga"/><SP WIDTH="18" VPOS="1554" HPOS="1445"/>
							<String ID="string_273" HPOS="1463" VPOS="1551" WIDTH="114" HEIGHT="35" WC="0.96" CONTENT="under"/><SP WIDTH="19" VPOS="1551" HPOS="1577"/>
							<String ID="string_274" HPOS="1596" VPOS="1548" WIDTH="261" HEIGHT="46" WC="0.96" CONTENT="övervägande,"/><SP WIDTH="21" VPOS="1548" HPOS="1857"/>
							<String ID="string_275" HPOS="1878" VPOS="1547" WIDTH="106" HEIGHT="34" WC="0.91" CONTENT="huru-"/>
						</TextLine>
						<TextLine ID="line_27" HPOS="385" VPOS="1597" WIDTH="1600" HEIGHT="52">
							<String ID="string_276" HPOS="385" VPOS="1613" WIDTH="79" HEIGHT="35" WC="0.95" CONTENT="vida"/><SP WIDTH="40" VPOS="1613" HPOS="464"/>
							<String ID="string_277" HPOS="504" VPOS="1612" WIDTH="65" HEIGHT="34" WC="0.96" CONTENT="och"/><SP WIDTH="43" VPOS="1612" HPOS="569"/>
							<String ID="string_278" HPOS="612" VPOS="1612" WIDTH="11" HEIGHT="33" WC="0.96" CONTENT="i"/><SP WIDTH="35" VPOS="1612" HPOS="623"/>
							<String ID="string_279" HPOS="658" VPOS="1609" WIDTH="67" HEIGHT="35" WC="0.96" CONTENT="vad"/><SP WIDTH="30" VPOS="1609" HPOS="725"/>
							<String ID="string_280" HPOS="755" VPOS="1611" WIDTH="82" HEIGHT="32" WC="0.96" CONTENT="mån"/><SP WIDTH="28" VPOS="1611" HPOS="837"/>
							<String ID="string_281" HPOS="865" VPOS="1609" WIDTH="8" HEIGHT="33" WC="0.96" CONTENT="i"/><SP WIDTH="31" VPOS="1609" HPOS="873"/>
							<String ID="string_282" HPOS="904" VPOS="1620" WIDTH="42" HEIGHT="22" WC="0.96" CONTENT="av"/><SP WIDTH="28" VPOS="1620" HPOS="946"/>
							<String ID="string_283" HPOS="974" VPOS="1607" WIDTH="261" HEIGHT="33" WC="0.96" CONTENT="motionärerna"/><SP WIDTH="28" VPOS="1607" HPOS="1235"/>
							<String ID="string_284" HPOS="1263" VPOS="1604" WIDTH="156" HEIGHT="45" WC="0.95" CONTENT="angivna"/><SP WIDTH="28" VPOS="1604" HPOS="1419"/>
							<String ID="string_285" HPOS="1447" VPOS="1601" WIDTH="204" HEIGHT="45" WC="0.96" CONTENT="riktningar"/><SP WIDTH="24" VPOS="1601" HPOS="1651"/>
							<String ID="string_286" HPOS="1675" VPOS="1598" WIDTH="153" HEIGHT="36" WC="0.96" CONTENT="ändrade"/><SP WIDTH="28" VPOS="1598" HPOS="1828"/>
							<String ID="string_287" HPOS="1856" VPOS="1597" WIDTH="129" HEIGHT="34" WC="0.96" CONTENT="villkor"/>
						</TextLine>
						<TextLine ID="line_28" HPOS="382" VPOS="1648" WIDTH="1602" HEIGHT="50">
							<String ID="string_288" HPOS="382" VPOS="1664" WIDTH="66" HEIGHT="34" WC="0.94" CONTENT="och"/><SP WIDTH="40" VPOS="1664" HPOS="448"/>
							<String ID="string_289" HPOS="488" VPOS="1660" WIDTH="268" HEIGHT="37" WC="0.96" CONTENT="bestämmelser"/><SP WIDTH="40" VPOS="1660" HPOS="756"/>
							<String ID="string_290" HPOS="796" VPOS="1659" WIDTH="56" HEIGHT="34" WC="0.96" CONTENT="för"/><SP WIDTH="40" VPOS="1659" HPOS="852"/>
							<String ID="string_291" HPOS="892" VPOS="1658" WIDTH="69" HEIGHT="35" WC="0.96" CONTENT="den"/><SP WIDTH="41" VPOS="1658" HPOS="961"/>
							<String ID="string_292" HPOS="1002" VPOS="1670" WIDTH="42" HEIGHT="21" WC="0.96" CONTENT="av"/><SP WIDTH="29" VPOS="1670" HPOS="1044"/>
							<String ID="string_293" HPOS="1073" VPOS="1658" WIDTH="117" HEIGHT="32" WC="0.95" CONTENT="staten"/><SP WIDTH="28" VPOS="1658" HPOS="1190"/>
							<String ID="string_294" HPOS="1218" VPOS="1653" WIDTH="155" HEIGHT="36" WC="0.93" CONTENT="utövade"/><SP WIDTH="29" VPOS="1653" HPOS="1373"/>
							<String ID="string_295" HPOS="1402" VPOS="1650" WIDTH="431" HEIGHT="46" WC="0.90" CONTENT="egnahemslånerörelsen"/><SP WIDTH="31" VPOS="1650" HPOS="1833"/>
							<String ID="string_296" HPOS="1864" VPOS="1648" WIDTH="120" HEIGHT="34" WC="0.96" CONTENT="kunna"/>
						</TextLine>
						<TextLine ID="line_29" HPOS="382" VPOS="1698" WIDTH="1602" HEIGHT="59">
							<String ID="string_297" HPOS="382" VPOS="1727" WIDTH="100" HEIGHT="22" WC="0.96" CONTENT="anses"/><SP WIDTH="38" VPOS="1727" HPOS="482"/>
							<String ID="string_298" HPOS="520" VPOS="1711" WIDTH="243" HEIGHT="46" WC="0.96" CONTENT="erforderliga,"/><SP WIDTH="42" VPOS="1711" HPOS="763"/>
							<String ID="string_299" HPOS="805" VPOS="1711" WIDTH="92" HEIGHT="33" WC="0.96" CONTENT="samt"/><SP WIDTH="41" VPOS="1711" HPOS="897"/>
							<String ID="string_300" HPOS="938" VPOS="1708" WIDTH="156" HEIGHT="34" WC="0.12" CONTENT="därefter"/><SP WIDTH="41" VPOS="1708" HPOS="1094"/>
							<String ID="string_301" HPOS="1135" VPOS="1706" WIDTH="56" HEIGHT="35" WC="0.96" CONTENT="till"/><SP WIDTH="39" VPOS="1706" HPOS="1191"/>
							<String ID="string_302" HPOS="1230" VPOS="1704" WIDTH="192" HEIGHT="45" WC="0.96" CONTENT="riksdagen"/><SP WIDTH="26" VPOS="1704" HPOS="1422"/>
							<String ID="string_303" HPOS="1448" VPOS="1702" WIDTH="185" HEIGHT="35" WC="0.96" CONTENT="inkomma"/><SP WIDTH="28" VPOS="1702" HPOS="1633"/>
							<String ID="string_304" HPOS="1661" VPOS="1700" WIDTH="82" HEIGHT="35" WC="0.95" CONTENT="med"/><SP WIDTH="28" VPOS="1700" HPOS="1743"/>
							<String ID="string_305" HPOS="1771" VPOS="1700" WIDTH="42" HEIGHT="34" WC="0.95" CONTENT="de"/><SP WIDTH="29" VPOS="1700" HPOS="1813"/>
							<String ID="string_306" HPOS="1842" VPOS="1698" WIDTH="142" HEIGHT="44" WC="0.95" CONTENT="förslag,"/>
						</TextLine>
						<TextLine ID="line_30" HPOS="386" VPOS="1756" WIDTH="835" HEIGHT="51">
							<String ID="string_307" HPOS="386" VPOS="1765" WIDTH="114" HEIGHT="35" WC="0.95" CONTENT="vartill"/><SP WIDTH="28" VPOS="1765" HPOS="500"/>
							<String ID="string_308" HPOS="528" VPOS="1764" WIDTH="100" HEIGHT="34" WC="0.96" CONTENT="detta"/><SP WIDTH="29" VPOS="1764" HPOS="628"/>
							<String ID="string_309" HPOS="657" VPOS="1760" WIDTH="246" HEIGHT="47" WC="0.95" CONTENT="övervägande"/><SP WIDTH="28" VPOS="1760" HPOS="903"/>
							<String ID="string_310" HPOS="931" VPOS="1759" WIDTH="71" HEIGHT="34" WC="0.95" CONTENT="kan"/><SP WIDTH="27" VPOS="1759" HPOS="1002"/>
							<String ID="string_311" HPOS="1029" VPOS="1756" WIDTH="192" HEIGHT="36" WC="0.95" CONTENT="föranleda."/>
						</TextLine>
					</TextBlock>
				</ComposedBlock>
				<ComposedBlock ID="cblock_2" HPOS="189" VPOS="1849" WIDTH="1806" HEIGHT="412">
					<TextBlock ID="block_6" HPOS="189" VPOS="1849" WIDTH="1801" HEIGHT="161">
						<TextLine ID="line_31" HPOS="224" VPOS="1849" WIDTH="1765" HEIGHT="56">
							<String ID="string_312" HPOS="224" VPOS="1875" WIDTH="100" HEIGHT="26" WC="0.95" CONTENT="Andra"/><SP WIDTH="120" VPOS="1875" HPOS="324"/>
							<String ID="string_313" HPOS="444" VPOS="1863" WIDTH="243" HEIGHT="38" WC="0.88" CONTENT="Förevarande"/><SP WIDTH="28" VPOS="1863" HPOS="687"/>
							<String ID="string_314" HPOS="715" VPOS="1865" WIDTH="52" HEIGHT="32" WC="0.95" CONTENT="tre"/><SP WIDTH="27" VPOS="1865" HPOS="767"/>
							<String ID="string_315" HPOS="794" VPOS="1861" WIDTH="178" HEIGHT="35" WC="0.92" CONTENT="motioner"/><SP WIDTH="27" VPOS="1861" HPOS="972"/>
							<String ID="string_316" HPOS="999" VPOS="1861" WIDTH="178" HEIGHT="44" WC="0.91" CONTENT="utmynna"/><SP WIDTH="34" VPOS="1861" HPOS="1177"/>
							<String ID="string_317" HPOS="1211" VPOS="1857" WIDTH="162" HEIGHT="45" WC="0.96" CONTENT="samtliga"/><SP WIDTH="24" VPOS="1857" HPOS="1373"/>
							<String ID="string_318" HPOS="1397" VPOS="1856" WIDTH="8" HEIGHT="33" WC="0.96" CONTENT="i"/><SP WIDTH="30" VPOS="1856" HPOS="1405"/>
							<String ID="string_319" HPOS="1435" VPOS="1853" WIDTH="158" HEIGHT="47" WC="0.96" CONTENT="yrkande"/><SP WIDTH="30" VPOS="1853" HPOS="1593"/>
							<String ID="string_320" HPOS="1623" VPOS="1854" WIDTH="41" HEIGHT="44" WC="0.96" CONTENT="på"/><SP WIDTH="32" VPOS="1854" HPOS="1664"/>
							<String ID="string_321" HPOS="1696" VPOS="1851" WIDTH="147" HEIGHT="46" WC="0.93" CONTENT="förnyad"/><SP WIDTH="31" VPOS="1851" HPOS="1843"/>
							<String ID="string_322" HPOS="1874" VPOS="1849" WIDTH="115" HEIGHT="35" WC="0.91" CONTENT="utred-"/>
						</TextLine>
						<TextLine ID="line_32" HPOS="189" VPOS="1901" WIDTH="1801" HEIGHT="68">
							<String ID="string_323" HPOS="189" VPOS="1910" WIDTH="187" HEIGHT="59" WC="0.21" CONTENT="SS"/><SP WIDTH="14" VPOS="1910" HPOS="376"/>
							<String ID="string_324" HPOS="390" VPOS="1918" WIDTH="89" HEIGHT="45" WC="0.86" CONTENT="ning"/><SP WIDTH="27" VPOS="1918" HPOS="479"/>
							<String ID="string_325" HPOS="506" VPOS="1917" WIDTH="11" HEIGHT="33" WC="0.92" CONTENT="i"/><SP WIDTH="28" VPOS="1917" HPOS="517"/>
							<String ID="string_326" HPOS="545" VPOS="1913" WIDTH="331" HEIGHT="47" WC="0.85" CONTENT="egnahemsfrågan."/><SP WIDTH="55" VPOS="1913" HPOS="876"/>
							<String ID="string_327" HPOS="931" VPOS="1910" WIDTH="134" HEIGHT="35" WC="0.90" CONTENT="Medan"/><SP WIDTH="42" VPOS="1910" HPOS="1065"/>
							<String ID="string_328" HPOS="1107" VPOS="1909" WIDTH="115" HEIGHT="34" WC="0.92" CONTENT="denna"/><SP WIDTH="27" VPOS="1909" HPOS="1222"/>
							<String ID="string_329" HPOS="1249" VPOS="1906" WIDTH="196" HEIGHT="45" WC="0.96" CONTENT="utredning"/><SP WIDTH="26" VPOS="1906" HPOS="1445"/>
							<String ID="string_330" HPOS="1471" VPOS="1906" WIDTH="9" HEIGHT="33" WC="0.96" CONTENT="i"/><SP WIDTH="31" VPOS="1906" HPOS="1480"/>
							<String ID="string_331" HPOS="1511" VPOS="1904" WIDTH="138" HEIGHT="34" WC="0.96" CONTENT="motion"/><SP WIDTH="27" VPOS="1904" HPOS="1649"/>
							<String ID="string_332" HPOS="1676" VPOS="1916" WIDTH="43" HEIGHT="21" WC="0.96" CONTENT="nr"/><SP WIDTH="27" VPOS="1916" HPOS="1719"/>
							<String ID="string_333" HPOS="1746" VPOS="1902" WIDTH="71" HEIGHT="35" WC="0.93" CONTENT="285"/><SP WIDTH="28" VPOS="1902" HPOS="1817"/>
							<String ID="string_334" HPOS="1845" VPOS="1901" WIDTH="145" HEIGHT="46" WC="0.90" CONTENT="begäres"/>
						</TextLine>
						<TextLine ID="line_33" HPOS="205" VPOS="1951" WIDTH="1785" HEIGHT="59">
							<String ID="string_335" HPOS="205" VPOS="1976" WIDTH="152" HEIGHT="34" WC="0.90" CONTENT="yttrande."/><SP WIDTH="36" VPOS="1976" HPOS="357"/>
							<String ID="string_336" HPOS="393" VPOS="1968" WIDTH="151" HEIGHT="36" WC="0.94" CONTENT="omfatta"/><SP WIDTH="28" VPOS="1968" HPOS="544"/>
							<String ID="string_337" HPOS="572" VPOS="1970" WIDTH="54" HEIGHT="30" WC="0.96" CONTENT="tre"/><SP WIDTH="28" VPOS="1970" HPOS="626"/>
							<String ID="string_338" HPOS="654" VPOS="1964" WIDTH="142" HEIGHT="36" WC="0.96" CONTENT="särskilt"/><SP WIDTH="26" VPOS="1964" HPOS="796"/>
							<String ID="string_339" HPOS="822" VPOS="1962" WIDTH="155" HEIGHT="46" WC="0.96" CONTENT="angivna"/><SP WIDTH="28" VPOS="1962" HPOS="977"/>
							<String ID="string_340" HPOS="1005" VPOS="1959" WIDTH="241" HEIGHT="47" WC="0.96" CONTENT="synpunkter:"/><SP WIDTH="31" VPOS="1959" HPOS="1246"/>
							<String ID="string_341" HPOS="1277" VPOS="1957" WIDTH="92" HEIGHT="36" WC="0.94" CONTENT="ökad"/><SP WIDTH="19" VPOS="1957" HPOS="1369"/>
							<String ID="string_342" HPOS="1388" VPOS="1956" WIDTH="153" HEIGHT="46" WC="0.96" CONTENT="tillgång"/><SP WIDTH="19" VPOS="1956" HPOS="1541"/>
							<String ID="string_343" HPOS="1560" VPOS="1956" WIDTH="46" HEIGHT="45" WC="0.96" CONTENT="på"/><SP WIDTH="19" VPOS="1956" HPOS="1606"/>
							<String ID="string_344" HPOS="1625" VPOS="1951" WIDTH="278" HEIGHT="47" WC="0.90" CONTENT="småbruksjord,"/><SP WIDTH="20" VPOS="1951" HPOS="1903"/>
							<String ID="string_345" HPOS="1923" VPOS="1951" WIDTH="67" HEIGHT="34" WC="0.92" CONTENT="för-"/>
						</TextLine>
					</TextBlock>
					<TextBlock ID="block_7" HPOS="391" VPOS="2001" WIDTH="1604" HEIGHT="260">
						<TextLine ID="line_34" HPOS="393" VPOS="2001" WIDTH="1598" HEIGHT="60">
							<String ID="string_346" HPOS="393" VPOS="2017" WIDTH="199" HEIGHT="37" WC="0.92" CONTENT="hindrande"/><SP WIDTH="41" VPOS="2017" HPOS="592"/>
							<String ID="string_347" HPOS="633" VPOS="2029" WIDTH="43" HEIGHT="21" WC="0.92" CONTENT="av"/><SP WIDTH="42" VPOS="2029" HPOS="676"/>
							<String ID="string_348" HPOS="718" VPOS="2013" WIDTH="280" HEIGHT="48" WC="0.85" CONTENT="prisstegringen"/><SP WIDTH="41" VPOS="2013" HPOS="998"/>
							<String ID="string_349" HPOS="1039" VPOS="2012" WIDTH="44" HEIGHT="45" WC="0.96" CONTENT="på"/><SP WIDTH="41" VPOS="2012" HPOS="1083"/>
							<String ID="string_350" HPOS="1124" VPOS="2010" WIDTH="108" HEIGHT="35" WC="0.94" CONTENT="sådan"/><SP WIDTH="37" VPOS="2010" HPOS="1232"/>
							<String ID="string_351" HPOS="1269" VPOS="2008" WIDTH="82" HEIGHT="47" WC="0.92" CONTENT="jord"/><SP WIDTH="41" VPOS="2008" HPOS="1351"/>
							<String ID="string_352" HPOS="1392" VPOS="2007" WIDTH="64" HEIGHT="34" WC="0.92" CONTENT="och"/><SP WIDTH="42" VPOS="2007" HPOS="1456"/>
							<String ID="string_353" HPOS="1498" VPOS="2003" WIDTH="271" HEIGHT="48" WC="0.96" CONTENT="förebyggande"/><SP WIDTH="27" VPOS="2003" HPOS="1769"/>
							<String ID="string_354" HPOS="1796" VPOS="2016" WIDTH="43" HEIGHT="21" WC="0.93" CONTENT="av"/><SP WIDTH="28" VPOS="2016" HPOS="1839"/>
							<String ID="string_355" HPOS="1867" VPOS="2001" WIDTH="124" HEIGHT="47" WC="0.85" CONTENT="speku-"/>
						</TextLine>
						<TextLine ID="line_35" HPOS="391" VPOS="2053" WIDTH="1602" HEIGHT="60">
							<String ID="string_356" HPOS="391" VPOS="2070" WIDTH="108" HEIGHT="34" WC="0.92" CONTENT="lation"/><SP WIDTH="44" VPOS="2070" HPOS="499"/>
							<String ID="string_357" HPOS="543" VPOS="2069" WIDTH="8" HEIGHT="34" WC="0.93" CONTENT="i"/><SP WIDTH="44" VPOS="2069" HPOS="551"/>
							<String ID="string_358" HPOS="595" VPOS="2064" WIDTH="414" HEIGHT="49" WC="0.92" CONTENT="egnahemslägenheter,"/><SP WIDTH="42" VPOS="2064" HPOS="1009"/>
							<String ID="string_359" HPOS="1051" VPOS="2062" WIDTH="148" HEIGHT="34" WC="0.96" CONTENT="betonas"/><SP WIDTH="40" VPOS="2062" HPOS="1199"/>
							<String ID="string_360" HPOS="1239" VPOS="2060" WIDTH="161" HEIGHT="34" WC="0.96" CONTENT="däremot"/><SP WIDTH="39" VPOS="2060" HPOS="1400"/>
							<String ID="string_361" HPOS="1439" VPOS="2058" WIDTH="12" HEIGHT="33" WC="0.96" CONTENT="i"/><SP WIDTH="40" VPOS="2058" HPOS="1451"/>
							<String ID="string_362" HPOS="1491" VPOS="2056" WIDTH="138" HEIGHT="35" WC="0.95" CONTENT="motion"/><SP WIDTH="40" VPOS="2056" HPOS="1629"/>
							<String ID="string_363" HPOS="1669" VPOS="2068" WIDTH="43" HEIGHT="21" WC="0.95" CONTENT="nr"/><SP WIDTH="27" VPOS="2068" HPOS="1712"/>
							<String ID="string_364" HPOS="1739" VPOS="2054" WIDTH="70" HEIGHT="34" WC="0.96" CONTENT="286"/><SP WIDTH="28" VPOS="2054" HPOS="1809"/>
							<String ID="string_365" HPOS="1837" VPOS="2053" WIDTH="156" HEIGHT="34" WC="0.95" CONTENT="behovet"/>
						</TextLine>
						<TextLine ID="line_36" HPOS="391" VPOS="2102" WIDTH="1601" HEIGHT="60">
							<String ID="string_366" HPOS="391" VPOS="2134" WIDTH="43" HEIGHT="21" WC="0.96" CONTENT="av"/><SP WIDTH="41" VPOS="2134" HPOS="434"/>
							<String ID="string_367" HPOS="475" VPOS="2132" WIDTH="43" HEIGHT="23" WC="0.95" CONTENT="en"/><SP WIDTH="42" VPOS="2132" HPOS="518"/>
							<String ID="string_368" HPOS="560" VPOS="2117" WIDTH="163" HEIGHT="45" WC="0.95" CONTENT="enhetlig"/><SP WIDTH="40" VPOS="2117" HPOS="723"/>
							<String ID="string_369" HPOS="763" VPOS="2114" WIDTH="242" HEIGHT="47" WC="0.96" CONTENT="organisation"/><SP WIDTH="29" VPOS="2114" HPOS="1005"/>
							<String ID="string_370" HPOS="1034" VPOS="2113" WIDTH="55" HEIGHT="34" WC="0.93" CONTENT="för"/><SP WIDTH="27" VPOS="2113" HPOS="1089"/>
							<String ID="string_371" HPOS="1116" VPOS="2109" WIDTH="346" HEIGHT="48" WC="0.90" CONTENT="egnahemsarbetet,"/><SP WIDTH="31" VPOS="2109" HPOS="1462"/>
							<String ID="string_372" HPOS="1493" VPOS="2106" WIDTH="123" HEIGHT="35" WC="0.96" CONTENT="varvid"/><SP WIDTH="28" VPOS="2106" HPOS="1616"/>
							<String ID="string_373" HPOS="1644" VPOS="2105" WIDTH="105" HEIGHT="35" WC="0.96" CONTENT="också"/><SP WIDTH="28" VPOS="2105" HPOS="1749"/>
							<String ID="string_374" HPOS="1777" VPOS="2102" WIDTH="215" HEIGHT="47" WC="0.95" CONTENT="detaljerade"/>
						</TextLine>
						<TextLine ID="line_37" HPOS="392" VPOS="2152" WIDTH="1602" HEIGHT="64">
							<String ID="string_375" HPOS="392" VPOS="2171" WIDTH="178" HEIGHT="45" WC="0.95" CONTENT="riktlinjer"/><SP WIDTH="27" VPOS="2171" HPOS="570"/>
							<String ID="string_376" HPOS="597" VPOS="2169" WIDTH="57" HEIGHT="34" WC="0.96" CONTENT="för"/><SP WIDTH="27" VPOS="2169" HPOS="654"/>
							<String ID="string_377" HPOS="681" VPOS="2167" WIDTH="116" HEIGHT="35" WC="0.96" CONTENT="denna"/><SP WIDTH="28" VPOS="2167" HPOS="797"/>
							<String ID="string_378" HPOS="825" VPOS="2164" WIDTH="241" HEIGHT="47" WC="0.96" CONTENT="organisation"/><SP WIDTH="24" VPOS="2164" HPOS="1066"/>
							<String ID="string_379" HPOS="1090" VPOS="2162" WIDTH="156" HEIGHT="46" WC="0.95" CONTENT="angivas."/><SP WIDTH="55" VPOS="2162" HPOS="1246"/>
							<String ID="string_380" HPOS="1301" VPOS="2160" WIDTH="145" HEIGHT="34" WC="0.94" CONTENT="Motion"/><SP WIDTH="39" VPOS="2160" HPOS="1446"/>
							<String ID="string_381" HPOS="1485" VPOS="2171" WIDTH="42" HEIGHT="21" WC="0.94" CONTENT="nr"/><SP WIDTH="28" VPOS="2171" HPOS="1527"/>
							<String ID="string_382" HPOS="1555" VPOS="2157" WIDTH="73" HEIGHT="35" WC="0.96" CONTENT="300"/><SP WIDTH="28" VPOS="2157" HPOS="1628"/>
							<String ID="string_383" HPOS="1656" VPOS="2158" WIDTH="75" HEIGHT="33" WC="0.96" CONTENT="åter"/><SP WIDTH="26" VPOS="2158" HPOS="1731"/>
							<String ID="string_384" HPOS="1757" VPOS="2167" WIDTH="99" HEIGHT="23" WC="0.93" CONTENT="avser"/><SP WIDTH="26" VPOS="2167" HPOS="1856"/>
							<String ID="string_385" HPOS="1882" VPOS="2152" WIDTH="112" HEIGHT="36" WC="0.91" CONTENT="åstad-"/>
						</TextLine>
						<TextLine ID="line_38" HPOS="391" VPOS="2203" WIDTH="1604" HEIGHT="58">
							<String ID="string_386" HPOS="391" VPOS="2220" WIDTH="217" HEIGHT="36" WC="0.96" CONTENT="kommande"/><SP WIDTH="43" VPOS="2220" HPOS="608"/>
							<String ID="string_387" HPOS="651" VPOS="2231" WIDTH="43" HEIGHT="22" WC="0.96" CONTENT="av"/><SP WIDTH="42" VPOS="2231" HPOS="694"/>
							<String ID="string_388" HPOS="736" VPOS="2230" WIDTH="43" HEIGHT="22" WC="0.96" CONTENT="en"/><SP WIDTH="41" VPOS="2230" HPOS="779"/>
							<String ID="string_389" HPOS="820" VPOS="2215" WIDTH="206" HEIGHT="46" WC="0.95" CONTENT="utredning,"/><SP WIDTH="30" VPOS="2215" HPOS="1026"/>
							<String ID="string_390" HPOS="1056" VPOS="2212" WIDTH="222" HEIGHT="36" WC="0.96" CONTENT="omfattande"/><SP WIDTH="29" VPOS="2212" HPOS="1278"/>
							<String ID="string_391" HPOS="1307" VPOS="2210" WIDTH="81" HEIGHT="35" WC="0.93" CONTENT="hela"/><SP WIDTH="28" VPOS="2210" HPOS="1388"/>
							<String ID="string_392" HPOS="1416" VPOS="2206" WIDTH="402" HEIGHT="49" WC="0.91" CONTENT="egnahemspörsmålet,"/><SP WIDTH="29" VPOS="2206" HPOS="1818"/>
							<String ID="string_393" HPOS="1847" VPOS="2203" WIDTH="148" HEIGHT="36" WC="0.95" CONTENT="sålunda"/>
						</TextLine>
					</TextBlock>
				</ComposedBlock>
				<ComposedBlock ID="cblock_3" HPOS="383" VPOS="2257" WIDTH="1613" HEIGHT="58">
					<TextBlock ID="block_8" HPOS="383" VPOS="2257" WIDTH="1613" HEIGHT="58">
						<TextLine ID="line_39" HPOS="383" VPOS="2257" WIDTH="1613" HEIGHT="58">
							<String ID="string_394" HPOS="383" VPOS="2272" WIDTH="77" HEIGHT="36" WC="0.96" CONTENT="icke"/><SP WIDTH="39" VPOS="2272" HPOS="460"/>
							<String ID="string_395" HPOS="499" VPOS="2271" WIDTH="96" HEIGHT="35" WC="0.96" CONTENT="blott"/><SP WIDTH="49" VPOS="2271" HPOS="595"/>
							<String ID="string_396" HPOS="644" VPOS="2269" WIDTH="69" HEIGHT="35" WC="0.96" CONTENT="den"/><SP WIDTH="42" VPOS="2269" HPOS="713"/>
							<String ID="string_397" HPOS="755" VPOS="2266" WIDTH="182" HEIGHT="49" WC="0.93" CONTENT="egentliga"/><SP WIDTH="28" VPOS="2266" HPOS="937"/>
							<String ID="string_398" HPOS="965" VPOS="2261" WIDTH="435" HEIGHT="50" WC="0.92" CONTENT="egnahemslånerörelsen"/><SP WIDTH="28" VPOS="2261" HPOS="1400"/>
							<String ID="string_399" HPOS="1428" VPOS="2262" WIDTH="88" HEIGHT="32" WC="0.96" CONTENT="utan"/><SP WIDTH="28" VPOS="2262" HPOS="1516"/>
							<String ID="string_400" HPOS="1544" VPOS="2258" WIDTH="175" HEIGHT="47" WC="0.96" CONTENT="därjämte"/><SP WIDTH="24" VPOS="2258" HPOS="1719"/>
							<String ID="string_401" HPOS="1743" VPOS="2257" WIDTH="135" HEIGHT="34" WC="0.96" CONTENT="statens"/><SP WIDTH="29" VPOS="2257" HPOS="1878"/>
							<String ID="string_402" HPOS="1907" VPOS="2266" WIDTH="89" HEIGHT="34" WC="0.95" CONTENT="egen"/>
						</TextLine>
					</TextBlock>
				</ComposedBlock>
			</PrintSpace>
		</Page>
	</Layout>
</alto>
