1890 2780
523 132 286 30 Statsutskottets
836 129 178 31 utlåtande
1041 138 41 20 nr
1108 129 71 29 132.
1582 123 13 28 1

758 352 65 41 Nr
856 352 96 40 132.

314 464 185 32 Utlåtande
531 464 10 30 i
571 462 189 40 anledning
791 471 42 20 av
863 460 126 40 Kungl.
1020 458 125 40 Maj:ts
1177 456 217 41 proposition
1425 453 178 40 angående

511 525 308 39 subventionering
846 533 42 20 av
916 523 90 30 vissa
1036 531 100 20 varor
1163 530 46 20 m.
1237 529 45 21 m.
1310 519 110 40 jämte
1448 518 11 29 i
1486 518 117 29 ämnet

513 588 122 31 väckta
659 587 182 30 motioner.

1361 635 76 34 (1:a
1462 633 93 34 avd.)

159 753 13 29 I
200 751 264 41 propositionen
490 759 42 20 nr
563 749 59 30 180
651 749 64 29 har
743 747 126 40 Kungl.
897 746 117 40 Maj:t,
1042 745 112 30 under
1182 742 219 41 åberopande
1430 751 41 20 av
1498 740 107 38 bilagt

115 806 125 39 utdrag
272 815 42 21 av
344 802 383 41 statsrådsprotokollet
759 803 80 29 över
870 796 479 41 folkhushållningsärenden
1380 795 54 30 för
1466 794 67 30 den
1567 793 38 29 10

115 868 95 21 mars
241 858 94 35 1950,
364 857 180 39 föreslagit
573 855 187 39 riksdagen
790 856 50 28 att
868 854 52 29 till
951 850 312 39 Subventionering
1293 859 42 21 av
1364 848 171 30 införseln
1565 856 42 20 av

115 913 93 30 vissa
237 921 102 21 varor
369 911 56 30 för
455 909 204 40 budgetåret
692 908 139 37 1950/51
864 907 111 30 under
1005 905 117 31 tionde
1154 903 223 31 huvudtiteln
1407 901 121 31 anvisa
1558 902 48 28 ett

115 964 356 39 reservationsanslag
496 973 41 20 av
563 963 38 29 75
617 962 62 30 000
695 961 62 31 000
782 961 140 29 kronor.

160 1073 13 29 I
197 1072 95 30 detta
317 1071 255 38 sammanhang
595 1069 64 30 har
684 1068 172 30 utskottet
879 1067 52 30 till
953 1065 213 39 behandling
1190 1063 154 31 förehaft

160 1125 74 30 dels
260 1125 58 31 två
344 1123 223 41 likalydande
593 1122 183 34 motioner,
803 1121 126 31 väckta
955 1120 68 29 den
1049 1128 65 21 ena
1140 1118 97 29 inom
1264 1117 110 30 första
1401 1116 207 29 kammaren

117 1189 41 21 av
181 1179 82 30 herr
286 1177 143 30 Andrén
453 1186 45 21 m.
524 1176 38 40 fl.
592 1176 45 34 (1:
654 1175 81 34 454)
764 1175 66 30 och
854 1174 67 30 den
946 1173 110 30 andra
1080 1172 96 29 inom
1202 1170 110 30 andra
1335 1170 207 29 kammaren
1567 1177 42 20 av

117 1233 80 29 herr
218 1231 227 39 Hjalmarson
469 1240 46 20 m.
538 1229 38 40 fl.
605 1229 62 34 (11:
684 1228 97 35 553),
803 1228 13 29 i
836 1228 95 30 vilka
952 1225 208 34 hemställts,
1184 1226 50 28 att
1257 1223 187 39 riksdagen
1466 1221 108 30 måtte
1597 1220 12 29 i

117 1285 190 39 anledning
329 1294 42 21 av
393 1284 126 39 Kungl.
542 1282 124 40 Maj:ts
688 1281 218 41 proposition
928 1289 42 21 nr
996 1279 61 30 180
1080 1279 53 30 till
1158 1276 312 39 Subventionering
1494 1284 42 21 av
1558 1274 52 29 in-

118 1339 132 30 förseln
280 1348 42 21 av
351 1338 93 30 vissa
473 1346 101 21 varor
605 1336 54 30 för
689 1334 205 39 budgetåret
926 1333 138 37 1950/51
1097 1332 112 30 under
1239 1330 118 31 tionde
1387 1327 222 32 huvudtiteln

118 1392 120 31 anvisa
260 1394 49 27 ett
330 1389 356 39 reservationsanslag
708 1397 43 21 av
772 1388 41 29 52
828 1387 62 30 000
905 1387 62 29 000
989 1386 141 33 kronor,

162 1445 74 30 dels
266 1445 64 30 ock
359 1445 58 30 två
444 1443 223 40 likalydande
696 1441 184 34 motioner,
907 1440 126 30 väckta
1060 1438 67 30 den
1156 1447 65 20 ena
1249 1437 96 29 inom
1373 1436 112 30 första
1513 1434 97 30 kam-

119 1508 122 21 maren
267 1508 42 21 av
333 1498 80 30 herr
439 1496 158 39 Bergvall
622 1505 45 20 m.
693 1495 38 39 fl.
762 1494 46 34 (1:
825 1493 80 34 455)
936 1493 66 30 och
1027 1492 66 29 den
1119 1491 110 30 andra
1255 1490 96 29 inom
1378 1488 110 31 andra
1513 1488 98 29 kam-

119 1561 122 21 maren
259 1561 42 21 av
319 1552 80 29 herr
418 1549 105 31 Ohlin
541 1559 46 20 m.
603 1549 39 40 fl.
667 1549 63 33 (11:
746 1547 97 35 552),
861 1547 12 30 i
889 1546 94 31 vilka
1002 1545 208 33 hemställts,
1229 1545 50 29 att
1297 1542 188 39 riksdagen
1503 1541 108 29 måtte

119 1606 73 30 dels
218 1605 170 40 medgiva,
415 1606 50 28 att
491 1613 41 21 av
558 1603 67 29 den
650 1601 215 30 reservation
889 1600 45 40 på
959 1599 161 39 omkring
1147 1598 41 29 46
1203 1597 62 30 300
1280 1596 63 30 000
1368 1596 141 33 kronor,
1537 1603 74 21 som

120 1659 173 30 beräknas
333 1657 167 39 föreligga
540 1656 20 30 å
599 1655 157 40 anslaget
796 1654 51 30 till
887 1651 304 39 Prisnedsättning
1231 1650 21 30 å
1290 1650 92 30 vissa
1421 1647 190 34 livsmedel,

120 1713 40 29 25
175 1712 63 30 000
254 1712 63 30 000
340 1711 132 30 kronor
495 1710 107 29 måtte
627 1709 54 29 för
704 1707 205 40 budgetåret
936 1705 137 38 1950/51
1100 1704 179 31 överföras
1304 1703 52 30 till
1381 1702 156 38 anslaget
1560 1700 52 30 till

121 1764 314 39 Subventionering
459 1773 43 20 av
524 1762 170 30 införseln
718 1771 43 21 av
783 1761 93 30 vissa
899 1768 113 25 varor,
1037 1758 73 30 dels
1134 1758 66 29 ock
1224 1757 52 30 till
1301 1754 311 38 Subventionering

121 1828 42 21 av
180 1818 172 30 införseln
371 1827 42 20 av
431 1817 94 30 vissa
543 1825 100 21 varor
663 1815 55 30 för
737 1813 205 39 budgetåret
963 1812 138 37 1950/51
1123 1810 112 31 under
1253 1809 118 31 tionde
1390 1807 223 32 huvudtiteln

121 1872 121 30 anvisa
267 1873 49 28 ett
340 1868 356 39 reservationsanslag
721 1868 20 29 å
768 1867 39 29 18
822 1866 61 30 800
899 1866 62 29 000
986 1865 140 29 kronor.

166 1927 13 28 I
203 1925 98 39 fråga
323 1933 57 21 om
402 1924 41 29 de
466 1922 86 34 skäl,
574 1921 261 29 motionärerna
856 1918 118 31 anfört
996 1918 52 29 till
1070 1917 78 30 stöd
1169 1916 55 30 för
1246 1916 77 30 sina
1344 1914 192 40 yrkanden,
1559 1913 54 30 får

122 1979 172 30 utskottet
314 1977 147 30 hänvisa
481 1976 52 29 till
554 1974 220 30 motionerna
795 1973 44 29 II:
856 1972 62 30 552
940 1971 64 30 och
1026 1970 44 30 II:
1087 1970 74 30 553.

167 2086 51 30 Av
236 2084 264 41 propositionen
520 2081 165 39 framgår,
705 2082 51 28 att
775 2089 44 20 en
838 2077 193 41 begränsad
1053 2075 307 39 subventionering
1381 2084 40 21 av
1440 2075 175 38 importen

124 2137 227 31 förekommit
377 2136 91 30 ända
494 2135 107 30 sedan
631 2133 82 30 1946
739 2133 79 29 med
845 2132 57 29 det
928 2131 179 30 allmänna
1134 2129 107 40 syftet
1268 2130 50 28 att
1346 2127 192 34 förhindra,
1565 2127 49 29 att

125 2191 143 31 särskilt
292 2189 155 39 kraftiga
471 2186 270 42 prisstegringar
766 2184 201 31 utomlands
992 2183 45 40 på
1061 2183 93 29 vissa
1179 2181 131 39 viktiga
1336 2181 142 30 råvaror
1504 2179 112 30 skulle

125 2245 51 29 slå
195 2244 139 39 igenom
353 2242 45 40 på
417 2242 67 29 den
506 2240 148 30 svenska
673 2238 192 40 prisnivån.
893 2237 6 29 I
918 2237 65 29 och
1003 2235 79 30 med
1101 2235 41 29 de
1164 2233 224 41 uppgörelser
1410 2242 74 21 som
1506 2232 110 30 under

124 2297 106 31 våren
261 2295 82 30 1948
370 2294 172 30 träffades
569 2292 78 29 med
674 2291 95 30 olika
795 2292 116 37 parter
938 2288 44 40 på
1009 2286 337 31 arbetsmarknaden
1372 2285 149 31 rörande
1550 2286 67 28 sta-

124 2349 180 39 bilisering
325 2358 42 20 av
388 2348 144 29 lönerna
555 2345 96 39 fingo
672 2344 102 29 dessa
796 2340 313 42 prisåterhållande
1133 2339 161 39 åtgärder
1317 2338 91 30 ökad
1431 2338 185 39 betydelse.

127 2403 112 31 Sedan
266 2402 88 30 efter
381 2400 67 30 den
477 2398 149 31 svenska
652 2397 156 29 kronans
836 2393 219 39 devalvering
1083 2393 11 29 i
1123 2392 194 40 september
1348 2391 83 30 1949
1459 2391 158 39 priserna

126 2457 19 30 å
164 2458 50 28 ett
232 2454 133 40 ganska
386 2454 87 29 stort
492 2451 94 30 antal
606 2451 233 39 importvaror
859 2447 185 39 väsentligt
1063 2448 105 37 stego,
1190 2447 117 37 syntes
1327 2444 57 30 det
1404 2443 214 39 nödvändigt

124 2517 137 39 Bihang
281 2515 53 31 till
352 2514 207 39 riksdagens
577 2511 176 42 protokoll
774 2511 95 30 1950.
890 2510 19 29 6
929 2508 100 31 saml.
1050 2509 49 29 Nr
1121 2508 73 30 132.
