<?xml version="1.0" encoding="UTF-8"?>
<alto xmlns="http://www.loc.gov/standards/alto/ns-v3#" xmlns:xlink="http://www.w3.org/1999/xlink" xmlns:xsi="http://www.w3.org/2001/XMLSchema-instance" xsi:schemaLocation="http://www.loc.gov/standards/alto/ns-v3# http://www.loc.gov/alto/v3/alto-3-0.xsd">
	<Description>
		<MeasurementUnit>pixel</MeasurementUnit>
		<sourceImageInformation>
			<fileName>/tmp/tess_274g8h1s_input.PNG</fileName>
		</sourceImageInformation>
		<OCRProcessing ID="OCR_0">
			<ocrProcessingStep>
				<processingSoftware>
					<softwareName>tesseract 5.3.0</softwareName>
				</processingSoftware>
			</ocrProcessingStep>
		</OCRProcessing>
	</Description>
	<Layout>
		<Page WIDTH="1908" HEIGHT="2830" PHYSICAL_IMG_NR="0" ID="page_0">
			<PrintSpace HPOS="0" VPOS="0" WIDTH="1908" HEIGHT="2830">
				<ComposedBlock ID="cblock_0" HPOS="297" VPOS="145" WIDTH="1061" HEIGHT="35">
					<TextBlock ID="block_0" HPOS="297" VPOS="145" WIDTH="1061" HEIGHT="35">
						<TextLine ID="line_0" HPOS="297" VPOS="145" WIDTH="1061" HEIGHT="35">
							<String ID="string_0" HPOS="297" VPOS="145" WIDTH="19" HEIGHT="29" WC="0.96" CONTENT="4"/><SP WIDTH="403" VPOS="145" HPOS="316"/>
							<String ID="string_1" HPOS="719" VPOS="150" WIDTH="275" HEIGHT="30" WC="0.92" CONTENT="Statsutskottets"/><SP WIDTH="25" VPOS="150" HPOS="994"/>
							<String ID="string_2" HPOS="1019" VPOS="149" WIDTH="175" HEIGHT="31" WC="0.96" CONTENT="utlåtande"/><SP WIDTH="25" VPOS="149" HPOS="1194"/>
							<String ID="string_3" HPOS="1219" VPOS="159" WIDTH="41" HEIGHT="20" WC="0.95" CONTENT="nr"/><SP WIDTH="27" VPOS="159" HPOS="1260"/>
							<String ID="string_4" HPOS="1287" VPOS="148" WIDTH="71" HEIGHT="31" WC="0.96" CONTENT="177."/>
						</TextLine>
					</TextBlock>
				</ComposedBlock>
				<ComposedBlock ID="cblock_1" HPOS="967" VPOS="452" WIDTH="167" HEIGHT="41">
					<TextBlock ID="block_1" HPOS="967" VPOS="452" WIDTH="167" HEIGHT="41">
						<TextLine ID="line_1" HPOS="967" VPOS="452" WIDTH="167" HEIGHT="41">
							<String ID="string_5" HPOS="967" VPOS="452" WIDTH="60" HEIGHT="40" WC="0.95" CONTENT="Nr"/><SP WIDTH="23" VPOS="452" HPOS="1027"/>
							<String ID="string_6" HPOS="1050" VPOS="453" WIDTH="84" HEIGHT="40" WC="0.91" CONTENT="177."/>
						</TextLine>
					</TextBlock>
				</ComposedBlock>
				<ComposedBlock ID="cblock_2" HPOS="525" VPOS="573" WIDTH="1281" HEIGHT="191">
					<TextBlock ID="block_2" HPOS="525" VPOS="573" WIDTH="1281" HEIGHT="134">
						<TextLine ID="line_2" HPOS="525" VPOS="573" WIDTH="1280" HEIGHT="39">
							<String ID="string_7" HPOS="525" VPOS="575" WIDTH="180" HEIGHT="32" WC="0.96" CONTENT="Utlåtande"/><SP WIDTH="22" VPOS="575" HPOS="705"/>
							<String ID="string_8" HPOS="727" VPOS="577" WIDTH="10" HEIGHT="29" WC="0.96" CONTENT="i"/><SP WIDTH="20" VPOS="577" HPOS="737"/>
							<String ID="string_9" HPOS="757" VPOS="574" WIDTH="184" HEIGHT="38" WC="0.96" CONTENT="anledning"/><SP WIDTH="22" VPOS="574" HPOS="941"/>
							<String ID="string_10" HPOS="963" VPOS="585" WIDTH="42" HEIGHT="21" WC="0.96" CONTENT="av"/><SP WIDTH="22" VPOS="585" HPOS="1005"/>
							<String ID="string_11" HPOS="1027" VPOS="574" WIDTH="122" HEIGHT="37" WC="0.96" CONTENT="Kungl."/><SP WIDTH="25" VPOS="574" HPOS="1149"/>
							<String ID="string_12" HPOS="1174" VPOS="575" WIDTH="119" HEIGHT="37" WC="0.96" CONTENT="Maj:ts"/><SP WIDTH="21" VPOS="575" HPOS="1293"/>
							<String ID="string_13" HPOS="1314" VPOS="575" WIDTH="215" HEIGHT="37" WC="0.96" CONTENT="proposition"/><SP WIDTH="20" VPOS="575" HPOS="1529"/>
							<String ID="string_14" HPOS="1549" VPOS="573" WIDTH="175" HEIGHT="36" WC="0.93" CONTENT="angående"/><SP WIDTH="23" VPOS="573" HPOS="1724"/>
							<String ID="string_15" HPOS="1747" VPOS="583" WIDTH="58" HEIGHT="21" WC="0.91" CONTENT="an-"/>
						</TextLine>
						<TextLine ID="line_3" HPOS="742" VPOS="622" WIDTH="1064" HEIGHT="41">
							<String ID="string_16" HPOS="742" VPOS="626" WIDTH="72" HEIGHT="37" WC="0.96" CONTENT="slag"/><SP WIDTH="26" VPOS="626" HPOS="814"/>
							<String ID="string_17" HPOS="840" VPOS="627" WIDTH="56" HEIGHT="36" WC="0.96" CONTENT="för"/><SP WIDTH="30" VPOS="627" HPOS="896"/>
							<String ID="string_18" HPOS="926" VPOS="625" WIDTH="199" HEIGHT="37" WC="0.91" CONTENT="budgetåret"/><SP WIDTH="28" VPOS="625" HPOS="1125"/>
							<String ID="string_19" HPOS="1153" VPOS="622" WIDTH="144" HEIGHT="34" WC="0.91" CONTENT="1947/48"/><SP WIDTH="27" VPOS="622" HPOS="1297"/>
							<String ID="string_20" HPOS="1324" VPOS="625" WIDTH="50" HEIGHT="31" WC="0.96" CONTENT="till"/><SP WIDTH="25" VPOS="625" HPOS="1374"/>
							<String ID="string_21" HPOS="1399" VPOS="628" WIDTH="129" HEIGHT="27" WC="0.92" CONTENT="statens"/><SP WIDTH="29" VPOS="628" HPOS="1528"/>
							<String ID="string_22" HPOS="1557" VPOS="626" WIDTH="249" HEIGHT="35" WC="0.90" CONTENT="provningsan-"/>
						</TextLine>
						<TextLine ID="line_4" HPOS="742" VPOS="676" WIDTH="88" HEIGHT="31">
							<String ID="string_23" HPOS="742" VPOS="676" WIDTH="88" HEIGHT="31" WC="0.91" CONTENT="stalt."/>
						</TextLine>
					</TextBlock>
					<TextBlock ID="block_3" HPOS="1578" VPOS="725" WIDTH="178" HEIGHT="39">
						<TextLine ID="line_5" HPOS="1578" VPOS="725" WIDTH="178" HEIGHT="39">
							<String ID="string_24" HPOS="1578" VPOS="726" WIDTH="68" HEIGHT="38" WC="0.90" CONTENT="(1:a"/><SP WIDTH="21" VPOS="726" HPOS="1646"/>
							<String ID="string_25" HPOS="1667" VPOS="725" WIDTH="89" HEIGHT="39" WC="0.95" CONTENT="avd.)"/>
						</TextLine>
					</TextBlock>
				</ComposedBlock>
				<ComposedBlock ID="cblock_3" HPOS="301" VPOS="825" WIDTH="1509" HEIGHT="794">
					<TextBlock ID="block_4" HPOS="301" VPOS="825" WIDTH="1506" HEIGHT="241">
						<TextLine ID="line_6" HPOS="347" VPOS="825" WIDTH="1459" HEIGHT="40">
							<String ID="string_26" HPOS="347" VPOS="829" WIDTH="13" HEIGHT="30" WC="0.96" CONTENT="I"/><SP WIDTH="27" VPOS="829" HPOS="360"/>
							<String ID="string_27" HPOS="387" VPOS="828" WIDTH="259" HEIGHT="37" WC="0.95" CONTENT="propositionen"/><SP WIDTH="27" VPOS="828" HPOS="646"/>
							<String ID="string_28" HPOS="673" VPOS="837" WIDTH="43" HEIGHT="21" WC="0.96" CONTENT="nr"/><SP WIDTH="26" VPOS="837" HPOS="716"/>
							<String ID="string_29" HPOS="742" VPOS="829" WIDTH="15" HEIGHT="28" WC="0.96" CONTENT="1"/><SP WIDTH="29" VPOS="829" HPOS="757"/>
							<String ID="string_30" HPOS="786" VPOS="828" WIDTH="64" HEIGHT="29" WC="0.96" CONTENT="har"/><SP WIDTH="25" VPOS="828" HPOS="850"/>
							<String ID="string_31" HPOS="875" VPOS="827" WIDTH="123" HEIGHT="36" WC="0.93" CONTENT="Kungl."/><SP WIDTH="30" VPOS="827" HPOS="998"/>
							<String ID="string_32" HPOS="1028" VPOS="826" WIDTH="100" HEIGHT="38" WC="0.96" CONTENT="Maj:t"/><SP WIDTH="26" VPOS="826" HPOS="1128"/>
							<String ID="string_33" HPOS="1154" VPOS="826" WIDTH="111" HEIGHT="32" WC="0.96" CONTENT="under"/><SP WIDTH="25" VPOS="826" HPOS="1265"/>
							<String ID="string_34" HPOS="1290" VPOS="826" WIDTH="117" HEIGHT="31" WC="0.93" CONTENT="tionde"/><SP WIDTH="24" VPOS="826" HPOS="1407"/>
							<String ID="string_35" HPOS="1431" VPOS="825" WIDTH="221" HEIGHT="32" WC="0.92" CONTENT="huvudtiteln"/><SP WIDTH="30" VPOS="825" HPOS="1652"/>
							<String ID="string_36" HPOS="1682" VPOS="825" WIDTH="124" HEIGHT="39" WC="0.91" CONTENT="(punk-"/>
						</TextLine>
						<TextLine ID="line_7" HPOS="303" VPOS="876" WIDTH="1504" HEIGHT="41">
							<String ID="string_37" HPOS="303" VPOS="883" WIDTH="95" HEIGHT="26" WC="0.96" CONTENT="terna"/><SP WIDTH="24" VPOS="883" HPOS="398"/>
							<String ID="string_38" HPOS="422" VPOS="879" WIDTH="42" HEIGHT="30" WC="0.96" CONTENT="30"/><SP WIDTH="23" VPOS="879" HPOS="464"/>
							<String ID="string_39" HPOS="487" VPOS="879" WIDTH="65" HEIGHT="29" WC="0.96" CONTENT="och"/><SP WIDTH="23" VPOS="879" HPOS="552"/>
							<String ID="string_40" HPOS="575" VPOS="877" WIDTH="52" HEIGHT="40" WC="0.95" CONTENT="31)"/><SP WIDTH="31" VPOS="877" HPOS="627"/>
							<String ID="string_41" HPOS="658" VPOS="877" WIDTH="175" HEIGHT="37" WC="0.95" CONTENT="föreslagit"/><SP WIDTH="21" VPOS="877" HPOS="833"/>
							<String ID="string_42" HPOS="854" VPOS="877" WIDTH="185" HEIGHT="36" WC="0.96" CONTENT="riksdagen"/><SP WIDTH="23" VPOS="877" HPOS="1039"/>
							<String ID="string_43" HPOS="1062" VPOS="881" WIDTH="58" HEIGHT="32" WC="0.95" CONTENT="att,"/><SP WIDTH="30" VPOS="881" HPOS="1120"/>
							<String ID="string_44" HPOS="1150" VPOS="877" WIDTH="4" HEIGHT="30" WC="0.93" CONTENT="i"/><SP WIDTH="26" VPOS="877" HPOS="1154"/>
							<String ID="string_45" HPOS="1180" VPOS="876" WIDTH="150" HEIGHT="31" WC="0.92" CONTENT="avbidan"/><SP WIDTH="22" VPOS="876" HPOS="1330"/>
							<String ID="string_46" HPOS="1352" VPOS="876" WIDTH="46" HEIGHT="37" WC="0.96" CONTENT="på"/><SP WIDTH="22" VPOS="876" HPOS="1398"/>
							<String ID="string_47" HPOS="1420" VPOS="876" WIDTH="148" HEIGHT="30" WC="0.96" CONTENT="särskild"/><SP WIDTH="23" VPOS="876" HPOS="1568"/>
							<String ID="string_48" HPOS="1591" VPOS="876" WIDTH="216" HEIGHT="36" WC="0.96" CONTENT="proposition"/>
						</TextLine>
						<TextLine ID="line_8" HPOS="301" VPOS="926" WIDTH="1504" HEIGHT="39">
							<String ID="string_49" HPOS="301" VPOS="928" WIDTH="11" HEIGHT="30" WC="0.96" CONTENT="i"/><SP WIDTH="25" VPOS="928" HPOS="312"/>
							<String ID="string_50" HPOS="337" VPOS="930" WIDTH="125" HEIGHT="35" WC="0.95" CONTENT="ämnet,"/><SP WIDTH="27" VPOS="930" HPOS="462"/>
							<String ID="string_51" HPOS="489" VPOS="928" WIDTH="56" HEIGHT="31" WC="0.96" CONTENT="för"/><SP WIDTH="23" VPOS="928" HPOS="545"/>
							<String ID="string_52" HPOS="568" VPOS="928" WIDTH="200" HEIGHT="36" WC="0.93" CONTENT="budgetåret"/><SP WIDTH="28" VPOS="928" HPOS="768"/>
							<String ID="string_53" HPOS="796" VPOS="926" WIDTH="142" HEIGHT="33" WC="0.91" CONTENT="1947/48"/><SP WIDTH="25" VPOS="926" HPOS="938"/>
							<String ID="string_54" HPOS="963" VPOS="928" WIDTH="153" HEIGHT="30" WC="0.96" CONTENT="beräkna"/><SP WIDTH="25" VPOS="928" HPOS="1116"/>
							<String ID="string_55" HPOS="1141" VPOS="928" WIDTH="72" HEIGHT="31" WC="0.96" CONTENT="dels"/><SP WIDTH="26" VPOS="928" HPOS="1213"/>
							<String ID="string_56" HPOS="1239" VPOS="928" WIDTH="50" HEIGHT="30" WC="0.96" CONTENT="till"/><SP WIDTH="25" VPOS="928" HPOS="1289"/>
							<String ID="string_57" HPOS="1314" VPOS="928" WIDTH="134" HEIGHT="30" WC="0.93" CONTENT="Statens"/><SP WIDTH="27" VPOS="928" HPOS="1448"/>
							<String ID="string_58" HPOS="1475" VPOS="926" WIDTH="330" HEIGHT="37" WC="0.91" CONTENT="provningsanstalt:"/>
						</TextLine>
						<TextLine ID="line_9" HPOS="305" VPOS="977" WIDTH="1502" HEIGHT="39">
							<String ID="string_59" HPOS="305" VPOS="979" WIDTH="210" HEIGHT="36" WC="0.92" CONTENT="Avlöningar"/><SP WIDTH="23" VPOS="979" HPOS="515"/>
							<String ID="string_60" HPOS="538" VPOS="983" WIDTH="47" HEIGHT="27" WC="0.93" CONTENT="ett"/><SP WIDTH="22" VPOS="983" HPOS="585"/>
							<String ID="string_61" HPOS="607" VPOS="979" WIDTH="267" HEIGHT="37" WC="0.92" CONTENT="förslagsanslag"/><SP WIDTH="21" VPOS="979" HPOS="874"/>
							<String ID="string_62" HPOS="895" VPOS="988" WIDTH="44" HEIGHT="21" WC="0.96" CONTENT="av"/><SP WIDTH="26" VPOS="988" HPOS="939"/>
							<String ID="string_63" HPOS="965" VPOS="980" WIDTH="61" HEIGHT="29" WC="0.95" CONTENT="891"/><SP WIDTH="20" VPOS="980" HPOS="1026"/>
							<String ID="string_64" HPOS="1046" VPOS="980" WIDTH="59" HEIGHT="29" WC="0.95" CONTENT="100"/><SP WIDTH="26" VPOS="980" HPOS="1105"/>
							<String ID="string_65" HPOS="1131" VPOS="978" WIDTH="139" HEIGHT="36" WC="0.96" CONTENT="kronor,"/><SP WIDTH="23" VPOS="978" HPOS="1270"/>
							<String ID="string_66" HPOS="1293" VPOS="978" WIDTH="73" HEIGHT="31" WC="0.96" CONTENT="dels"/><SP WIDTH="21" VPOS="978" HPOS="1366"/>
							<String ID="string_67" HPOS="1387" VPOS="978" WIDTH="67" HEIGHT="30" WC="0.96" CONTENT="ock"/><SP WIDTH="24" VPOS="978" HPOS="1454"/>
							<String ID="string_68" HPOS="1478" VPOS="977" WIDTH="52" HEIGHT="31" WC="0.96" CONTENT="till"/><SP WIDTH="22" VPOS="977" HPOS="1530"/>
							<String ID="string_69" HPOS="1552" VPOS="977" WIDTH="135" HEIGHT="31" WC="0.92" CONTENT="Statens"/><SP WIDTH="20" VPOS="977" HPOS="1687"/>
							<String ID="string_70" HPOS="1707" VPOS="986" WIDTH="100" HEIGHT="27" WC="0.92" CONTENT="prov-"/>
						</TextLine>
						<TextLine ID="line_10" HPOS="302" VPOS="1028" WIDTH="1267" HEIGHT="38">
							<String ID="string_71" HPOS="302" VPOS="1029" WIDTH="241" HEIGHT="37" WC="0.91" CONTENT="ningsanstalt:"/><SP WIDTH="24" VPOS="1029" HPOS="543"/>
							<String ID="string_72" HPOS="567" VPOS="1029" WIDTH="256" HEIGHT="31" WC="0.92" CONTENT="Omkostnader"/><SP WIDTH="19" VPOS="1029" HPOS="823"/>
							<String ID="string_73" HPOS="842" VPOS="1034" WIDTH="47" HEIGHT="26" WC="0.93" CONTENT="ett"/><SP WIDTH="23" VPOS="1034" HPOS="889"/>
							<String ID="string_74" HPOS="912" VPOS="1029" WIDTH="268" HEIGHT="36" WC="0.90" CONTENT="förslagsanslag"/><SP WIDTH="22" VPOS="1029" HPOS="1180"/>
							<String ID="string_75" HPOS="1202" VPOS="1038" WIDTH="42" HEIGHT="20" WC="0.96" CONTENT="av"/><SP WIDTH="24" VPOS="1038" HPOS="1244"/>
							<String ID="string_76" HPOS="1268" VPOS="1029" WIDTH="59" HEIGHT="30" WC="0.96" CONTENT="137"/><SP WIDTH="16" VPOS="1029" HPOS="1327"/>
							<String ID="string_77" HPOS="1343" VPOS="1028" WIDTH="64" HEIGHT="31" WC="0.95" CONTENT="500"/><SP WIDTH="23" VPOS="1028" HPOS="1407"/>
							<String ID="string_78" HPOS="1430" VPOS="1029" WIDTH="139" HEIGHT="29" WC="0.96" CONTENT="kronor."/>
						</TextLine>
					</TextBlock>
					<TextBlock ID="block_5" HPOS="302" VPOS="1077" WIDTH="1508" HEIGHT="542">
						<TextLine ID="line_11" HPOS="347" VPOS="1077" WIDTH="1460" HEIGHT="39">
							<String ID="string_79" HPOS="347" VPOS="1080" WIDTH="200" HEIGHT="30" WC="0.96" CONTENT="Sedermera"/><SP WIDTH="21" VPOS="1080" HPOS="547"/>
							<String ID="string_80" HPOS="568" VPOS="1080" WIDTH="63" HEIGHT="31" WC="0.96" CONTENT="har"/><SP WIDTH="22" VPOS="1080" HPOS="631"/>
							<String ID="string_81" HPOS="653" VPOS="1080" WIDTH="122" HEIGHT="35" WC="0.95" CONTENT="Kungl."/><SP WIDTH="24" VPOS="1080" HPOS="775"/>
							<String ID="string_82" HPOS="799" VPOS="1080" WIDTH="102" HEIGHT="36" WC="0.96" CONTENT="Maj:t"/><SP WIDTH="19" VPOS="1080" HPOS="901"/>
							<String ID="string_83" HPOS="920" VPOS="1079" WIDTH="11" HEIGHT="30" WC="0.96" CONTENT="i"/><SP WIDTH="21" VPOS="1079" HPOS="931"/>
							<String ID="string_84" HPOS="952" VPOS="1079" WIDTH="258" HEIGHT="37" WC="0.96" CONTENT="propositionen"/><SP WIDTH="22" VPOS="1079" HPOS="1210"/>
							<String ID="string_85" HPOS="1232" VPOS="1088" WIDTH="43" HEIGHT="21" WC="0.96" CONTENT="nr"/><SP WIDTH="21" VPOS="1088" HPOS="1275"/>
							<String ID="string_86" HPOS="1296" VPOS="1079" WIDTH="73" HEIGHT="37" WC="0.96" CONTENT="254,"/><SP WIDTH="25" VPOS="1079" HPOS="1369"/>
							<String ID="string_87" HPOS="1394" VPOS="1078" WIDTH="110" HEIGHT="30" WC="0.96" CONTENT="under"/><SP WIDTH="21" VPOS="1078" HPOS="1504"/>
							<String ID="string_88" HPOS="1525" VPOS="1077" WIDTH="219" HEIGHT="37" WC="0.95" CONTENT="åberopande"/><SP WIDTH="21" VPOS="1077" HPOS="1744"/>
							<String ID="string_89" HPOS="1765" VPOS="1087" WIDTH="42" HEIGHT="20" WC="0.96" CONTENT="av"/>
						</TextLine>
						<TextLine ID="line_12" HPOS="302" VPOS="1128" WIDTH="1506" HEIGHT="38">
							<String ID="string_90" HPOS="302" VPOS="1130" WIDTH="106" HEIGHT="36" WC="0.92" CONTENT="bilagt"/><SP WIDTH="25" VPOS="1130" HPOS="408"/>
							<String ID="string_91" HPOS="433" VPOS="1130" WIDTH="124" HEIGHT="36" WC="0.96" CONTENT="utdrag"/><SP WIDTH="25" VPOS="1130" HPOS="557"/>
							<String ID="string_92" HPOS="582" VPOS="1139" WIDTH="42" HEIGHT="21" WC="0.92" CONTENT="av"/><SP WIDTH="27" VPOS="1139" HPOS="624"/>
							<String ID="string_93" HPOS="651" VPOS="1129" WIDTH="376" HEIGHT="37" WC="0.89" CONTENT="statsrådsprotokollet"/><SP WIDTH="24" VPOS="1129" HPOS="1027"/>
							<String ID="string_94" HPOS="1051" VPOS="1130" WIDTH="81" HEIGHT="29" WC="0.93" CONTENT="över"/><SP WIDTH="23" VPOS="1130" HPOS="1132"/>
							<String ID="string_95" HPOS="1155" VPOS="1128" WIDTH="300" HEIGHT="31" WC="0.92" CONTENT="handelsärenden"/><SP WIDTH="24" VPOS="1128" HPOS="1455"/>
							<String ID="string_96" HPOS="1479" VPOS="1128" WIDTH="55" HEIGHT="30" WC="0.96" CONTENT="för"/><SP WIDTH="24" VPOS="1128" HPOS="1534"/>
							<String ID="string_97" HPOS="1558" VPOS="1128" WIDTH="67" HEIGHT="30" WC="0.95" CONTENT="den"/><SP WIDTH="25" VPOS="1128" HPOS="1625"/>
							<String ID="string_98" HPOS="1650" VPOS="1129" WIDTH="41" HEIGHT="29" WC="0.94" CONTENT="25"/><SP WIDTH="28" VPOS="1129" HPOS="1691"/>
							<String ID="string_99" HPOS="1719" VPOS="1128" WIDTH="89" HEIGHT="36" WC="0.95" CONTENT="april"/>
						</TextLine>
						<TextLine ID="line_13" HPOS="306" VPOS="1178" WIDTH="1500" HEIGHT="39">
							<String ID="string_100" HPOS="306" VPOS="1182" WIDTH="92" HEIGHT="35" WC="0.96" CONTENT="1947,"/><SP WIDTH="31" VPOS="1182" HPOS="398"/>
							<String ID="string_101" HPOS="429" VPOS="1180" WIDTH="177" HEIGHT="36" WC="0.96" CONTENT="föreslagit"/><SP WIDTH="27" VPOS="1180" HPOS="606"/>
							<String ID="string_102" HPOS="633" VPOS="1180" WIDTH="185" HEIGHT="36" WC="0.96" CONTENT="riksdagen"/><SP WIDTH="27" VPOS="1180" HPOS="818"/>
							<String ID="string_103" HPOS="845" VPOS="1184" WIDTH="49" HEIGHT="27" WC="0.96" CONTENT="att"/><SP WIDTH="28" VPOS="1184" HPOS="894"/>
							<String ID="string_104" HPOS="922" VPOS="1180" WIDTH="75" HEIGHT="30" WC="0.96" CONTENT="dels"/><SP WIDTH="26" VPOS="1180" HPOS="997"/>
							<String ID="string_105" HPOS="1023" VPOS="1180" WIDTH="187" HEIGHT="36" WC="0.96" CONTENT="godkänna"/><SP WIDTH="29" VPOS="1180" HPOS="1210"/>
							<String ID="string_106" HPOS="1239" VPOS="1189" WIDTH="42" HEIGHT="21" WC="0.93" CONTENT="av"/><SP WIDTH="28" VPOS="1189" HPOS="1281"/>
							<String ID="string_107" HPOS="1309" VPOS="1178" WIDTH="381" HEIGHT="37" WC="0.90" CONTENT="departementschefen"/><SP WIDTH="29" VPOS="1178" HPOS="1690"/>
							<String ID="string_108" HPOS="1719" VPOS="1178" WIDTH="87" HEIGHT="30" WC="0.92" CONTENT="före-"/>
						</TextLine>
						<TextLine ID="line_14" HPOS="303" VPOS="1228" WIDTH="1504" HEIGHT="39">
							<String ID="string_109" HPOS="303" VPOS="1231" WIDTH="117" HEIGHT="35" WC="0.96" CONTENT="slagna"/><SP WIDTH="29" VPOS="1231" HPOS="420"/>
							<String ID="string_110" HPOS="449" VPOS="1230" WIDTH="188" HEIGHT="36" WC="0.96" CONTENT="ändringar"/><SP WIDTH="24" VPOS="1230" HPOS="637"/>
							<String ID="string_111" HPOS="661" VPOS="1230" WIDTH="11" HEIGHT="30" WC="0.92" CONTENT="i"/><SP WIDTH="26" VPOS="1230" HPOS="672"/>
							<String ID="string_112" HPOS="698" VPOS="1230" WIDTH="424" HEIGHT="37" WC="0.92" CONTENT="personalförteckningen"/><SP WIDTH="24" VPOS="1230" HPOS="1122"/>
							<String ID="string_113" HPOS="1146" VPOS="1230" WIDTH="57" HEIGHT="30" WC="0.96" CONTENT="för"/><SP WIDTH="24" VPOS="1230" HPOS="1203"/>
							<String ID="string_114" HPOS="1227" VPOS="1233" WIDTH="128" HEIGHT="29" WC="0.93" CONTENT="statens"/><SP WIDTH="27" VPOS="1233" HPOS="1355"/>
							<String ID="string_115" HPOS="1382" VPOS="1228" WIDTH="326" HEIGHT="38" WC="0.92" CONTENT="provningsanstalt,"/><SP WIDTH="27" VPOS="1228" HPOS="1708"/>
							<String ID="string_116" HPOS="1735" VPOS="1229" WIDTH="72" HEIGHT="30" WC="0.96" CONTENT="dels"/>
						</TextLine>
						<TextLine ID="line_15" HPOS="302" VPOS="1279" WIDTH="1505" HEIGHT="38">
							<String ID="string_117" HPOS="302" VPOS="1281" WIDTH="187" HEIGHT="36" WC="0.96" CONTENT="godkänna"/><SP WIDTH="28" VPOS="1281" HPOS="489"/>
							<String ID="string_118" HPOS="517" VPOS="1290" WIDTH="43" HEIGHT="21" WC="0.92" CONTENT="av"/><SP WIDTH="29" VPOS="1290" HPOS="560"/>
							<String ID="string_119" HPOS="589" VPOS="1280" WIDTH="381" HEIGHT="37" WC="0.90" CONTENT="departementschefen"/><SP WIDTH="28" VPOS="1280" HPOS="970"/>
							<String ID="string_120" HPOS="998" VPOS="1280" WIDTH="165" HEIGHT="30" WC="0.92" CONTENT="förordad"/><SP WIDTH="28" VPOS="1280" HPOS="1163"/>
							<String ID="string_121" HPOS="1191" VPOS="1279" WIDTH="250" HEIGHT="36" WC="0.92" CONTENT="avlöningsstat"/><SP WIDTH="27" VPOS="1279" HPOS="1441"/>
							<String ID="string_122" HPOS="1468" VPOS="1279" WIDTH="56" HEIGHT="30" WC="0.96" CONTENT="för"/><SP WIDTH="27" VPOS="1279" HPOS="1524"/>
							<String ID="string_123" HPOS="1551" VPOS="1283" WIDTH="127" HEIGHT="26" WC="0.93" CONTENT="statens"/><SP WIDTH="29" VPOS="1283" HPOS="1678"/>
							<String ID="string_124" HPOS="1707" VPOS="1288" WIDTH="100" HEIGHT="27" WC="0.92" CONTENT="prov-"/>
						</TextLine>
						<TextLine ID="line_16" HPOS="302" VPOS="1327" WIDTH="1506" HEIGHT="40">
							<String ID="string_125" HPOS="302" VPOS="1331" WIDTH="239" HEIGHT="36" WC="0.91" CONTENT="ningsanstalt,"/><SP WIDTH="23" VPOS="1331" HPOS="541"/>
							<String ID="string_126" HPOS="564" VPOS="1335" WIDTH="49" HEIGHT="27" WC="0.96" CONTENT="att"/><SP WIDTH="20" VPOS="1335" HPOS="613"/>
							<String ID="string_127" HPOS="633" VPOS="1331" WIDTH="173" HEIGHT="36" WC="0.96" CONTENT="tillämpas"/><SP WIDTH="22" VPOS="1331" HPOS="806"/>
							<String ID="string_128" HPOS="828" VPOS="1331" WIDTH="67" HEIGHT="30" WC="0.96" CONTENT="tills"/><SP WIDTH="20" VPOS="1331" HPOS="895"/>
							<String ID="string_129" HPOS="915" VPOS="1330" WIDTH="119" HEIGHT="31" WC="0.95" CONTENT="vidare"/><SP WIDTH="19" VPOS="1330" HPOS="1034"/>
							<String ID="string_130" HPOS="1053" VPOS="1330" WIDTH="79" HEIGHT="30" WC="0.96" CONTENT="från"/><SP WIDTH="20" VPOS="1330" HPOS="1132"/>
							<String ID="string_131" HPOS="1152" VPOS="1330" WIDTH="65" HEIGHT="30" WC="0.96" CONTENT="och"/><SP WIDTH="21" VPOS="1330" HPOS="1217"/>
							<String ID="string_132" HPOS="1238" VPOS="1330" WIDTH="79" HEIGHT="30" WC="0.96" CONTENT="med"/><SP WIDTH="21" VPOS="1330" HPOS="1317"/>
							<String ID="string_133" HPOS="1338" VPOS="1328" WIDTH="203" HEIGHT="37" WC="0.93" CONTENT="budgetåret"/><SP WIDTH="22" VPOS="1328" HPOS="1541"/>
							<String ID="string_134" HPOS="1563" VPOS="1327" WIDTH="152" HEIGHT="38" WC="0.92" CONTENT="1947/48,"/><SP WIDTH="22" VPOS="1327" HPOS="1715"/>
							<String ID="string_135" HPOS="1737" VPOS="1329" WIDTH="71" HEIGHT="30" WC="0.96" CONTENT="dels"/>
						</TextLine>
						<TextLine ID="line_17" HPOS="306" VPOS="1376" WIDTH="1504" HEIGHT="42">
							<String ID="string_136" HPOS="306" VPOS="1382" WIDTH="49" HEIGHT="30" WC="0.87" CONTENT="tll"/><SP WIDTH="28" VPOS="1382" HPOS="355"/>
							<String ID="string_137" HPOS="383" VPOS="1382" WIDTH="135" HEIGHT="31" WC="0.93" CONTENT="Statens"/><SP WIDTH="26" VPOS="1382" HPOS="518"/>
							<String ID="string_138" HPOS="544" VPOS="1381" WIDTH="328" HEIGHT="37" WC="0.91" CONTENT="provningsanstalt:"/><SP WIDTH="29" VPOS="1381" HPOS="872"/>
							<String ID="string_139" HPOS="901" VPOS="1380" WIDTH="211" HEIGHT="37" WC="0.90" CONTENT="Avlöningar"/><SP WIDTH="24" VPOS="1380" HPOS="1112"/>
							<String ID="string_140" HPOS="1136" VPOS="1380" WIDTH="56" HEIGHT="30" WC="0.96" CONTENT="för"/><SP WIDTH="25" VPOS="1380" HPOS="1192"/>
							<String ID="string_141" HPOS="1217" VPOS="1379" WIDTH="202" HEIGHT="37" WC="0.93" CONTENT="budgetåret"/><SP WIDTH="29" VPOS="1379" HPOS="1419"/>
							<String ID="string_142" HPOS="1448" VPOS="1376" WIDTH="137" HEIGHT="42" WC="0.92" CONTENT="1947/48"/><SP WIDTH="28" VPOS="1376" HPOS="1585"/>
							<String ID="string_143" HPOS="1613" VPOS="1380" WIDTH="120" HEIGHT="30" WC="0.96" CONTENT="anvisa"/><SP WIDTH="30" VPOS="1380" HPOS="1733"/>
							<String ID="string_144" HPOS="1763" VPOS="1384" WIDTH="47" HEIGHT="26" WC="0.95" CONTENT="ett"/>
						</TextLine>
						<TextLine ID="line_18" HPOS="304" VPOS="1430" WIDTH="1504" HEIGHT="38">
							<String ID="string_145" HPOS="304" VPOS="1432" WIDTH="267" HEIGHT="36" WC="0.89" CONTENT="förslagsanslag"/><SP WIDTH="21" VPOS="1432" HPOS="571"/>
							<String ID="string_146" HPOS="592" VPOS="1442" WIDTH="41" HEIGHT="21" WC="0.96" CONTENT="av"/><SP WIDTH="23" VPOS="1442" HPOS="633"/>
							<String ID="string_147" HPOS="656" VPOS="1433" WIDTH="62" HEIGHT="29" WC="0.96" CONTENT="772"/><SP WIDTH="16" VPOS="1433" HPOS="718"/>
							<String ID="string_148" HPOS="734" VPOS="1433" WIDTH="63" HEIGHT="30" WC="0.96" CONTENT="500"/><SP WIDTH="19" VPOS="1433" HPOS="797"/>
							<String ID="string_149" HPOS="816" VPOS="1432" WIDTH="139" HEIGHT="35" WC="0.96" CONTENT="kronor,"/><SP WIDTH="23" VPOS="1432" HPOS="955"/>
							<String ID="string_150" HPOS="978" VPOS="1432" WIDTH="71" HEIGHT="30" WC="0.95" CONTENT="dels"/><SP WIDTH="23" VPOS="1432" HPOS="1049"/>
							<String ID="string_151" HPOS="1072" VPOS="1431" WIDTH="49" HEIGHT="31" WC="0.95" CONTENT="till"/><SP WIDTH="20" VPOS="1431" HPOS="1121"/>
							<String ID="string_152" HPOS="1141" VPOS="1431" WIDTH="134" HEIGHT="30" WC="0.93" CONTENT="Statens"/><SP WIDTH="20" VPOS="1431" HPOS="1275"/>
							<String ID="string_153" HPOS="1295" VPOS="1430" WIDTH="330" HEIGHT="37" WC="0.90" CONTENT="provningsanstalt:"/><SP WIDTH="23" VPOS="1430" HPOS="1625"/>
							<String ID="string_154" HPOS="1648" VPOS="1430" WIDTH="160" HEIGHT="30" WC="0.91" CONTENT="Omkost-"/>
						</TextLine>
						<TextLine ID="line_19" HPOS="304" VPOS="1479" WIDTH="1504" HEIGHT="39">
							<String ID="string_155" HPOS="304" VPOS="1483" WIDTH="107" HEIGHT="30" WC="0.96" CONTENT="nader"/><SP WIDTH="26" VPOS="1483" HPOS="411"/>
							<String ID="string_156" HPOS="437" VPOS="1482" WIDTH="56" HEIGHT="31" WC="0.96" CONTENT="för"/><SP WIDTH="27" VPOS="1482" HPOS="493"/>
							<String ID="string_157" HPOS="520" VPOS="1481" WIDTH="200" HEIGHT="37" WC="0.93" CONTENT="budgetåret"/><SP WIDTH="27" VPOS="1481" HPOS="720"/>
							<String ID="string_158" HPOS="747" VPOS="1479" WIDTH="142" HEIGHT="34" WC="0.92" CONTENT="1947/48"/><SP WIDTH="27" VPOS="1479" HPOS="889"/>
							<String ID="string_159" HPOS="916" VPOS="1482" WIDTH="120" HEIGHT="30" WC="0.96" CONTENT="anvisa"/><SP WIDTH="26" VPOS="1482" HPOS="1036"/>
							<String ID="string_160" HPOS="1062" VPOS="1486" WIDTH="47" HEIGHT="26" WC="0.93" CONTENT="ett"/><SP WIDTH="25" VPOS="1486" HPOS="1109"/>
							<String ID="string_161" HPOS="1134" VPOS="1481" WIDTH="268" HEIGHT="36" WC="0.91" CONTENT="förslagsanslag"/><SP WIDTH="28" VPOS="1481" HPOS="1402"/>
							<String ID="string_162" HPOS="1430" VPOS="1490" WIDTH="42" HEIGHT="21" WC="0.95" CONTENT="av"/><SP WIDTH="30" VPOS="1490" HPOS="1472"/>
							<String ID="string_163" HPOS="1502" VPOS="1482" WIDTH="59" HEIGHT="29" WC="0.90" CONTENT="137"/><SP WIDTH="16" VPOS="1482" HPOS="1561"/>
							<String ID="string_164" HPOS="1577" VPOS="1482" WIDTH="63" HEIGHT="29" WC="0.90" CONTENT="500"/><SP WIDTH="29" VPOS="1482" HPOS="1640"/>
							<String ID="string_165" HPOS="1669" VPOS="1481" WIDTH="139" HEIGHT="35" WC="0.95" CONTENT="kronor,"/>
						</TextLine>
						<TextLine ID="line_20" HPOS="305" VPOS="1527" WIDTH="1505" HEIGHT="47">
							<String ID="string_166" HPOS="305" VPOS="1532" WIDTH="71" HEIGHT="31" WC="0.96" CONTENT="dels"/><SP WIDTH="26" VPOS="1532" HPOS="376"/>
							<String ID="string_167" HPOS="402" VPOS="1534" WIDTH="66" HEIGHT="29" WC="0.95" CONTENT="ock"/><SP WIDTH="25" VPOS="1534" HPOS="468"/>
							<String ID="string_168" HPOS="493" VPOS="1533" WIDTH="51" HEIGHT="31" WC="0.95" CONTENT="till"/><SP WIDTH="24" VPOS="1533" HPOS="544"/>
							<String ID="string_169" HPOS="568" VPOS="1533" WIDTH="134" HEIGHT="41" WC="0.93" CONTENT="Statens"/><SP WIDTH="24" VPOS="1533" HPOS="702"/>
							<String ID="string_170" HPOS="726" VPOS="1532" WIDTH="329" HEIGHT="37" WC="0.91" CONTENT="provningsanstalt:"/><SP WIDTH="26" VPOS="1532" HPOS="1055"/>
							<String ID="string_171" HPOS="1081" VPOS="1532" WIDTH="75" HEIGHT="30" WC="0.97" CONTENT="Viss"/><SP WIDTH="25" VPOS="1532" HPOS="1156"/>
							<String ID="string_172" HPOS="1181" VPOS="1531" WIDTH="196" HEIGHT="36" WC="0.96" CONTENT="utrustning"/><SP WIDTH="25" VPOS="1531" HPOS="1377"/>
							<String ID="string_173" HPOS="1402" VPOS="1531" WIDTH="56" HEIGHT="31" WC="0.96" CONTENT="för"/><SP WIDTH="25" VPOS="1531" HPOS="1458"/>
							<String ID="string_174" HPOS="1483" VPOS="1530" WIDTH="202" HEIGHT="37" WC="0.96" CONTENT="budgetåret"/><SP WIDTH="26" VPOS="1530" HPOS="1685"/>
							<String ID="string_175" HPOS="1711" VPOS="1527" WIDTH="99" HEIGHT="34" WC="0.92" CONTENT="1947/"/>
						</TextLine>
						<TextLine ID="line_21" HPOS="305" VPOS="1583" WIDTH="974" HEIGHT="36">
							<String ID="string_176" HPOS="305" VPOS="1584" WIDTH="41" HEIGHT="30" WC="0.96" CONTENT="48"/><SP WIDTH="19" VPOS="1584" HPOS="346"/>
							<String ID="string_177" HPOS="365" VPOS="1583" WIDTH="120" HEIGHT="31" WC="0.96" CONTENT="anvisa"/><SP WIDTH="22" VPOS="1583" HPOS="485"/>
							<String ID="string_178" HPOS="507" VPOS="1588" WIDTH="46" HEIGHT="26" WC="0.93" CONTENT="ett"/><SP WIDTH="20" VPOS="1588" HPOS="553"/>
							<String ID="string_179" HPOS="573" VPOS="1583" WIDTH="348" HEIGHT="36" WC="0.90" CONTENT="reservationsanslag"/><SP WIDTH="19" VPOS="1583" HPOS="921"/>
							<String ID="string_180" HPOS="940" VPOS="1592" WIDTH="43" HEIGHT="21" WC="0.96" CONTENT="av"/><SP WIDTH="20" VPOS="1592" HPOS="983"/>
							<String ID="string_181" HPOS="1003" VPOS="1583" WIDTH="41" HEIGHT="30" WC="0.96" CONTENT="43"/><SP WIDTH="13" VPOS="1583" HPOS="1044"/>
							<String ID="string_182" HPOS="1057" VPOS="1583" WIDTH="64" HEIGHT="30" WC="0.96" CONTENT="000"/><SP WIDTH="19" VPOS="1583" HPOS="1121"/>
							<String ID="string_183" HPOS="1140" VPOS="1583" WIDTH="139" HEIGHT="29" WC="0.96" CONTENT="kronor."/>
						</TextLine>
					</TextBlock>
				</ComposedBlock>
				<ComposedBlock ID="cblock_4" HPOS="305" VPOS="1681" WIDTH="1507" HEIGHT="793">
					<TextBlock ID="block_6" HPOS="305" VPOS="1681" WIDTH="1506" HEIGHT="341">
						<TextLine ID="line_22" HPOS="349" VPOS="1681" WIDTH="1460" HEIGHT="39">
							<String ID="string_184" HPOS="349" VPOS="1684" WIDTH="64" HEIGHT="30" WC="0.96" CONTENT="Vid"/><SP WIDTH="20" VPOS="1684" HPOS="413"/>
							<String ID="string_185" HPOS="433" VPOS="1684" WIDTH="163" HEIGHT="30" WC="0.96" CONTENT="anmälan"/><SP WIDTH="20" VPOS="1684" HPOS="596"/>
							<String ID="string_186" HPOS="616" VPOS="1694" WIDTH="41" HEIGHT="20" WC="0.96" CONTENT="av"/><SP WIDTH="21" VPOS="1694" HPOS="657"/>
							<String ID="string_187" HPOS="678" VPOS="1688" WIDTH="128" HEIGHT="28" WC="0.91" CONTENT="statens"/><SP WIDTH="19" VPOS="1688" HPOS="806"/>
							<String ID="string_188" HPOS="825" VPOS="1683" WIDTH="333" HEIGHT="37" WC="0.91" CONTENT="provningsanstalts"/><SP WIDTH="20" VPOS="1683" HPOS="1158"/>
							<String ID="string_189" HPOS="1178" VPOS="1682" WIDTH="301" HEIGHT="36" WC="0.90" CONTENT="avlöningsanslag"/><SP WIDTH="21" VPOS="1682" HPOS="1479"/>
							<String ID="string_190" HPOS="1500" VPOS="1683" WIDTH="11" HEIGHT="29" WC="0.96" CONTENT="i"/><SP WIDTH="22" VPOS="1683" HPOS="1511"/>
							<String ID="string_191" HPOS="1533" VPOS="1683" WIDTH="83" HEIGHT="30" WC="0.96" CONTENT="1946"/><SP WIDTH="20" VPOS="1683" HPOS="1616"/>
							<String ID="string_192" HPOS="1636" VPOS="1681" WIDTH="56" HEIGHT="31" WC="0.93" CONTENT="års"/><SP WIDTH="20" VPOS="1681" HPOS="1692"/>
							<String ID="string_193" HPOS="1712" VPOS="1685" WIDTH="97" HEIGHT="27" WC="0.92" CONTENT="stats-"/>
						</TextLine>
						<TextLine ID="line_23" HPOS="306" VPOS="1732" WIDTH="1503" HEIGHT="40">
							<String ID="string_194" HPOS="306" VPOS="1734" WIDTH="325" HEIGHT="38" WC="0.91" CONTENT="verksproposition,"/><SP WIDTH="35" VPOS="1734" HPOS="631"/>
							<String ID="string_195" HPOS="666" VPOS="1734" WIDTH="116" HEIGHT="31" WC="0.92" CONTENT="tionde"/><SP WIDTH="31" VPOS="1734" HPOS="782"/>
							<String ID="string_196" HPOS="813" VPOS="1733" WIDTH="229" HEIGHT="37" WC="0.92" CONTENT="huvudtiteln,"/><SP WIDTH="33" VPOS="1733" HPOS="1042"/>
							<String ID="string_197" HPOS="1075" VPOS="1733" WIDTH="200" HEIGHT="30" WC="0.96" CONTENT="förklarade"/><SP WIDTH="46" VPOS="1733" HPOS="1275"/>
							<String ID="string_198" HPOS="1321" VPOS="1733" WIDTH="50" HEIGHT="36" WC="0.96" CONTENT="sig"/><SP WIDTH="43" VPOS="1733" HPOS="1371"/>
							<String ID="string_199" HPOS="1414" VPOS="1732" WIDTH="197" HEIGHT="31" WC="0.93" CONTENT="dåvarande"/><SP WIDTH="44" VPOS="1732" HPOS="1611"/>
							<String ID="string_200" HPOS="1655" VPOS="1732" WIDTH="154" HEIGHT="37" WC="0.92" CONTENT="departe-"/>
						</TextLine>
						<TextLine ID="line_24" HPOS="306" VPOS="1782" WIDTH="1505" HEIGHT="38">
							<String ID="string_201" HPOS="306" VPOS="1785" WIDTH="238" HEIGHT="30" WC="0.91" CONTENT="mentschefen"/><SP WIDTH="29" VPOS="1785" HPOS="544"/>
							<String ID="string_202" HPOS="573" VPOS="1784" WIDTH="206" HEIGHT="31" WC="0.95" CONTENT="förhindrad"/><SP WIDTH="29" VPOS="1784" HPOS="779"/>
							<String ID="string_203" HPOS="808" VPOS="1788" WIDTH="48" HEIGHT="27" WC="0.95" CONTENT="att"/><SP WIDTH="31" VPOS="1788" HPOS="856"/>
							<String ID="string_204" HPOS="887" VPOS="1784" WIDTH="50" HEIGHT="30" WC="0.95" CONTENT="till"/><SP WIDTH="28" VPOS="1784" HPOS="937"/>
							<String ID="string_205" HPOS="965" VPOS="1785" WIDTH="160" HEIGHT="30" WC="0.95" CONTENT="närmare"/><SP WIDTH="27" VPOS="1785" HPOS="1125"/>
							<String ID="string_206" HPOS="1152" VPOS="1783" WIDTH="169" HEIGHT="37" WC="0.93" CONTENT="prövning"/><SP WIDTH="28" VPOS="1783" HPOS="1321"/>
							<String ID="string_207" HPOS="1349" VPOS="1787" WIDTH="153" HEIGHT="32" WC="0.92" CONTENT="upptaga"/><SP WIDTH="29" VPOS="1787" HPOS="1502"/>
							<String ID="string_208" HPOS="1531" VPOS="1783" WIDTH="42" HEIGHT="29" WC="0.96" CONTENT="de"/><SP WIDTH="28" VPOS="1783" HPOS="1573"/>
							<String ID="string_209" HPOS="1601" VPOS="1782" WIDTH="129" HEIGHT="36" WC="0.96" CONTENT="förslag"/><SP WIDTH="29" VPOS="1782" HPOS="1730"/>
							<String ID="string_210" HPOS="1759" VPOS="1783" WIDTH="52" HEIGHT="31" WC="0.96" CONTENT="till"/>
						</TextLine>
						<TextLine ID="line_25" HPOS="305" VPOS="1832" WIDTH="1505" HEIGHT="40">
							<String ID="string_211" HPOS="305" VPOS="1835" WIDTH="349" HEIGHT="37" WC="0.91" CONTENT="personaländringar"/><SP WIDTH="23" VPOS="1835" HPOS="654"/>
							<String ID="string_212" HPOS="677" VPOS="1835" WIDTH="57" HEIGHT="30" WC="0.96" CONTENT="vid"/><SP WIDTH="22" VPOS="1835" HPOS="734"/>
							<String ID="string_213" HPOS="756" VPOS="1835" WIDTH="181" HEIGHT="35" WC="0.95" CONTENT="anstalten,"/><SP WIDTH="24" VPOS="1835" HPOS="937"/>
							<String ID="string_214" HPOS="961" VPOS="1843" WIDTH="74" HEIGHT="22" WC="0.96" CONTENT="som"/><SP WIDTH="23" VPOS="1843" HPOS="1035"/>
							<String ID="string_215" HPOS="1058" VPOS="1834" WIDTH="76" HEIGHT="31" WC="0.96" CONTENT="dess"/><SP WIDTH="24" VPOS="1834" HPOS="1134"/>
							<String ID="string_216" HPOS="1158" VPOS="1834" WIDTH="141" HEIGHT="36" WC="0.96" CONTENT="styrelse"/><SP WIDTH="22" VPOS="1834" HPOS="1299"/>
							<String ID="string_217" HPOS="1321" VPOS="1833" WIDTH="163" HEIGHT="36" WC="0.96" CONTENT="framlagt"/><SP WIDTH="22" VPOS="1833" HPOS="1484"/>
							<String ID="string_218" HPOS="1506" VPOS="1834" WIDTH="11" HEIGHT="29" WC="0.96" CONTENT="i"/><SP WIDTH="25" VPOS="1834" HPOS="1517"/>
							<String ID="string_219" HPOS="1542" VPOS="1833" WIDTH="52" HEIGHT="30" WC="0.93" CONTENT="sin"/><SP WIDTH="22" VPOS="1833" HPOS="1594"/>
							<String ID="string_220" HPOS="1616" VPOS="1832" WIDTH="194" HEIGHT="37" WC="0.91" CONTENT="petitaskri-"/>
						</TextLine>
						<TextLine ID="line_26" HPOS="306" VPOS="1882" WIDTH="1503" HEIGHT="39">
							<String ID="string_221" HPOS="306" VPOS="1886" WIDTH="89" HEIGHT="30" WC="0.92" CONTENT="velse"/><SP WIDTH="29" VPOS="1886" HPOS="395"/>
							<String ID="string_222" HPOS="424" VPOS="1886" WIDTH="57" HEIGHT="30" WC="0.96" CONTENT="för"/><SP WIDTH="28" VPOS="1886" HPOS="481"/>
							<String ID="string_223" HPOS="509" VPOS="1885" WIDTH="199" HEIGHT="36" WC="0.93" CONTENT="budgetåret"/><SP WIDTH="32" VPOS="1885" HPOS="708"/>
							<String ID="string_224" HPOS="740" VPOS="1882" WIDTH="151" HEIGHT="34" WC="0.92" CONTENT="1946/47."/><SP WIDTH="33" VPOS="1882" HPOS="891"/>
							<String ID="string_225" HPOS="924" VPOS="1885" WIDTH="79" HEIGHT="30" WC="0.96" CONTENT="Han"/><SP WIDTH="32" VPOS="1885" HPOS="1003"/>
							<String ID="string_226" HPOS="1035" VPOS="1884" WIDTH="189" HEIGHT="31" WC="0.96" CONTENT="hänvisade"/><SP WIDTH="31" VPOS="1884" HPOS="1224"/>
							<String ID="string_227" HPOS="1255" VPOS="1884" WIDTH="121" HEIGHT="30" WC="0.96" CONTENT="därvid"/><SP WIDTH="33" VPOS="1884" HPOS="1376"/>
							<String ID="string_228" HPOS="1409" VPOS="1884" WIDTH="50" HEIGHT="30" WC="0.96" CONTENT="till"/><SP WIDTH="30" VPOS="1884" HPOS="1459"/>
							<String ID="string_229" HPOS="1489" VPOS="1883" WIDTH="176" HEIGHT="37" WC="0.93" CONTENT="pågående"/><SP WIDTH="31" VPOS="1883" HPOS="1665"/>
							<String ID="string_230" HPOS="1696" VPOS="1883" WIDTH="113" HEIGHT="30" WC="0.92" CONTENT="utred-"/>
						</TextLine>
						<TextLine ID="line_27" HPOS="305" VPOS="1933" WIDTH="1505" HEIGHT="40">
							<String ID="string_231" HPOS="305" VPOS="1936" WIDTH="131" HEIGHT="37" WC="0.96" CONTENT="ningar,"/><SP WIDTH="24" VPOS="1936" HPOS="436"/>
							<String ID="string_232" HPOS="460" VPOS="1936" WIDTH="73" HEIGHT="31" WC="0.96" CONTENT="dels"/><SP WIDTH="23" VPOS="1936" HPOS="533"/>
							<String ID="string_233" HPOS="556" VPOS="1936" WIDTH="146" HEIGHT="30" WC="0.95" CONTENT="rörande"/><SP WIDTH="25" VPOS="1936" HPOS="702"/>
							<String ID="string_234" HPOS="727" VPOS="1936" WIDTH="68" HEIGHT="29" WC="0.95" CONTENT="den"/><SP WIDTH="21" VPOS="1936" HPOS="795"/>
							<String ID="string_235" HPOS="816" VPOS="1936" WIDTH="137" HEIGHT="35" WC="0.93" CONTENT="statliga"/><SP WIDTH="23" VPOS="1936" HPOS="953"/>
							<String ID="string_236" HPOS="976" VPOS="1935" WIDTH="471" HEIGHT="37" WC="0.92" CONTENT="provningsverksamhetens"/><SP WIDTH="23" VPOS="1935" HPOS="1447"/>
							<String ID="string_237" HPOS="1470" VPOS="1933" WIDTH="244" HEIGHT="36" WC="0.96" CONTENT="organisation,"/><SP WIDTH="25" VPOS="1933" HPOS="1714"/>
							<String ID="string_238" HPOS="1739" VPOS="1933" WIDTH="71" HEIGHT="30" WC="0.96" CONTENT="dels"/>
						</TextLine>
						<TextLine ID="line_28" HPOS="305" VPOS="1983" WIDTH="1505" HEIGHT="39">
							<String ID="string_239" HPOS="305" VPOS="1986" WIDTH="221" HEIGHT="31" WC="0.96" CONTENT="beträffande"/><SP WIDTH="21" VPOS="1986" HPOS="526"/>
							<String ID="string_240" HPOS="547" VPOS="1986" WIDTH="137" HEIGHT="36" WC="0.93" CONTENT="statliga"/><SP WIDTH="23" VPOS="1986" HPOS="684"/>
							<String ID="string_241" HPOS="707" VPOS="1985" WIDTH="358" HEIGHT="36" WC="0.90" CONTENT="befattningshavares"/><SP WIDTH="22" VPOS="1985" HPOS="1065"/>
							<String ID="string_242" HPOS="1087" VPOS="1985" WIDTH="241" HEIGHT="35" WC="0.92" CONTENT="anställnings-"/><SP WIDTH="24" VPOS="1985" HPOS="1328"/>
							<String ID="string_243" HPOS="1352" VPOS="1985" WIDTH="66" HEIGHT="30" WC="0.93" CONTENT="och"/><SP WIDTH="24" VPOS="1985" HPOS="1418"/>
							<String ID="string_244" HPOS="1442" VPOS="1983" WIDTH="368" HEIGHT="36" WC="0.91" CONTENT="avlöningsförmåner."/>
						</TextLine>
					</TextBlock>
					<TextBlock ID="block_7" HPOS="306" VPOS="2034" WIDTH="1506" HEIGHT="440">
						<TextLine ID="line_29" HPOS="351" VPOS="2034" WIDTH="1458" HEIGHT="39">
							<String ID="string_245" HPOS="351" VPOS="2035" WIDTH="136" HEIGHT="38" WC="0.96" CONTENT="Frågan"/><SP WIDTH="27" VPOS="2035" HPOS="487"/>
							<String ID="string_246" HPOS="514" VPOS="2046" WIDTH="56" HEIGHT="20" WC="0.96" CONTENT="om"/><SP WIDTH="28" VPOS="2046" HPOS="570"/>
							<String ID="string_247" HPOS="598" VPOS="2037" WIDTH="66" HEIGHT="30" WC="0.95" CONTENT="den"/><SP WIDTH="30" VPOS="2037" HPOS="664"/>
							<String ID="string_248" HPOS="694" VPOS="2036" WIDTH="135" HEIGHT="36" WC="0.93" CONTENT="statliga"/><SP WIDTH="31" VPOS="2036" HPOS="829"/>
							<String ID="string_249" HPOS="860" VPOS="2035" WIDTH="469" HEIGHT="36" WC="0.91" CONTENT="provningsverksamhetens"/><SP WIDTH="28" VPOS="2035" HPOS="1329"/>
							<String ID="string_250" HPOS="1357" VPOS="2035" WIDTH="234" HEIGHT="36" WC="0.96" CONTENT="organisation"/><SP WIDTH="30" VPOS="2035" HPOS="1591"/>
							<String ID="string_251" HPOS="1621" VPOS="2036" WIDTH="39" HEIGHT="29" WC="0.93" CONTENT="är"/><SP WIDTH="28" VPOS="2036" HPOS="1660"/>
							<String ID="string_252" HPOS="1688" VPOS="2034" WIDTH="121" HEIGHT="31" WC="0.88" CONTENT="fortfa-"/>
						</TextLine>
						<TextLine ID="line_30" HPOS="306" VPOS="2085" WIDTH="1506" HEIGHT="37">
							<String ID="string_253" HPOS="306" VPOS="2087" WIDTH="106" HEIGHT="29" WC="0.96" CONTENT="rande"/><SP WIDTH="23" VPOS="2087" HPOS="412"/>
							<String ID="string_254" HPOS="435" VPOS="2086" WIDTH="110" HEIGHT="30" WC="0.96" CONTENT="under"/><SP WIDTH="22" VPOS="2086" HPOS="545"/>
							<String ID="string_255" HPOS="567" VPOS="2086" WIDTH="191" HEIGHT="36" WC="0.95" CONTENT="utredning."/><SP WIDTH="25" VPOS="2086" HPOS="758"/>
							<String ID="string_256" HPOS="783" VPOS="2086" WIDTH="200" HEIGHT="30" WC="0.95" CONTENT="Emellertid"/><SP WIDTH="24" VPOS="2086" HPOS="983"/>
							<String ID="string_257" HPOS="1007" VPOS="2086" WIDTH="65" HEIGHT="30" WC="0.93" CONTENT="har"/><SP WIDTH="22" VPOS="2086" HPOS="1072"/>
							<String ID="string_258" HPOS="1094" VPOS="2085" WIDTH="379" HEIGHT="37" WC="0.91" CONTENT="departementschefen"/><SP WIDTH="24" VPOS="2085" HPOS="1473"/>
							<String ID="string_259" HPOS="1497" VPOS="2088" WIDTH="112" HEIGHT="28" WC="0.96" CONTENT="ansett"/><SP WIDTH="22" VPOS="2088" HPOS="1609"/>
							<String ID="string_260" HPOS="1631" VPOS="2085" WIDTH="50" HEIGHT="37" WC="0.96" CONTENT="sig"/><SP WIDTH="24" VPOS="2085" HPOS="1681"/>
							<String ID="string_261" HPOS="1705" VPOS="2085" WIDTH="107" HEIGHT="30" WC="0.96" CONTENT="redan"/>
						</TextLine>
						<TextLine ID="line_31" HPOS="308" VPOS="2135" WIDTH="1504" HEIGHT="37">
							<String ID="string_262" HPOS="308" VPOS="2146" WIDTH="48" HEIGHT="20" WC="0.96" CONTENT="nu"/><SP WIDTH="26" VPOS="2146" HPOS="356"/>
							<String ID="string_263" HPOS="382" VPOS="2136" WIDTH="120" HEIGHT="30" WC="0.96" CONTENT="kunna"/><SP WIDTH="30" VPOS="2136" HPOS="502"/>
							<String ID="string_264" HPOS="532" VPOS="2136" WIDTH="207" HEIGHT="35" WC="0.95" CONTENT="konstatera,"/><SP WIDTH="29" VPOS="2136" HPOS="739"/>
							<String ID="string_265" HPOS="768" VPOS="2140" WIDTH="49" HEIGHT="27" WC="0.96" CONTENT="att"/><SP WIDTH="27" VPOS="2140" HPOS="817"/>
							<String ID="string_266" HPOS="844" VPOS="2136" WIDTH="41" HEIGHT="30" WC="0.96" CONTENT="de"/><SP WIDTH="26" VPOS="2136" HPOS="885"/>
							<String ID="string_267" HPOS="911" VPOS="2135" WIDTH="140" HEIGHT="37" WC="0.95" CONTENT="förslag,"/><SP WIDTH="29" VPOS="2135" HPOS="1051"/>
							<String ID="string_268" HPOS="1080" VPOS="2136" WIDTH="113" HEIGHT="30" WC="0.96" CONTENT="vartill"/><SP WIDTH="28" VPOS="2136" HPOS="1193"/>
							<String ID="string_269" HPOS="1221" VPOS="2136" WIDTH="229" HEIGHT="36" WC="0.95" CONTENT="utredningen"/><SP WIDTH="25" VPOS="2136" HPOS="1450"/>
							<String ID="string_270" HPOS="1475" VPOS="2136" WIDTH="119" HEIGHT="30" WC="0.96" CONTENT="kunde"/><SP WIDTH="29" VPOS="2136" HPOS="1594"/>
							<String ID="string_271" HPOS="1623" VPOS="2135" WIDTH="189" HEIGHT="35" WC="0.96" CONTENT="föranleda,"/>
						</TextLine>
						<TextLine ID="line_32" HPOS="306" VPOS="2184" WIDTH="1505" HEIGHT="38">
							<String ID="string_272" HPOS="306" VPOS="2186" WIDTH="76" HEIGHT="30" WC="0.96" CONTENT="icke"/><SP WIDTH="24" VPOS="2186" HPOS="382"/>
							<String ID="string_273" HPOS="406" VPOS="2187" WIDTH="141" HEIGHT="29" WC="0.95" CONTENT="komme"/><SP WIDTH="22" VPOS="2187" HPOS="547"/>
							<String ID="string_274" HPOS="569" VPOS="2190" WIDTH="49" HEIGHT="27" WC="0.96" CONTENT="att"/><SP WIDTH="23" VPOS="2190" HPOS="618"/>
							<String ID="string_275" HPOS="641" VPOS="2186" WIDTH="159" HEIGHT="30" WC="0.96" CONTENT="medföra"/><SP WIDTH="22" VPOS="2186" HPOS="800"/>
							<String ID="string_276" HPOS="822" VPOS="2184" WIDTH="114" HEIGHT="38" WC="0.96" CONTENT="någon"/><SP WIDTH="25" VPOS="2184" HPOS="936"/>
							<String ID="string_277" HPOS="961" VPOS="2186" WIDTH="198" HEIGHT="36" WC="0.96" CONTENT="minskning"/><SP WIDTH="24" VPOS="2186" HPOS="1159"/>
							<String ID="string_278" HPOS="1183" VPOS="2195" WIDTH="43" HEIGHT="21" WC="0.96" CONTENT="av"/><SP WIDTH="23" VPOS="2195" HPOS="1226"/>
							<String ID="string_279" HPOS="1249" VPOS="2189" WIDTH="127" HEIGHT="27" WC="0.93" CONTENT="statens"/><SP WIDTH="24" VPOS="2189" HPOS="1376"/>
							<String ID="string_280" HPOS="1400" VPOS="2186" WIDTH="335" HEIGHT="36" WC="0.91" CONTENT="provningsanstalts"/><SP WIDTH="25" VPOS="2186" HPOS="1735"/>
							<String ID="string_281" HPOS="1760" VPOS="2195" WIDTH="51" HEIGHT="21" WC="0.91" CONTENT="ar-"/>
						</TextLine>
						<TextLine ID="line_33" HPOS="307" VPOS="2235" WIDTH="1504" HEIGHT="38">
							<String ID="string_282" HPOS="307" VPOS="2236" WIDTH="202" HEIGHT="37" WC="0.92" CONTENT="betsvolym,"/><SP WIDTH="25" VPOS="2236" HPOS="509"/>
							<String ID="string_283" HPOS="534" VPOS="2245" WIDTH="79" HEIGHT="21" WC="0.95" CONTENT="men"/><SP WIDTH="24" VPOS="2245" HPOS="613"/>
							<String ID="string_284" HPOS="637" VPOS="2236" WIDTH="175" HEIGHT="30" WC="0.95" CONTENT="sannolikt"/><SP WIDTH="22" VPOS="2236" HPOS="812"/>
							<String ID="string_285" HPOS="834" VPOS="2236" WIDTH="76" HEIGHT="30" WC="0.96" CONTENT="icke"/><SP WIDTH="26" VPOS="2236" HPOS="910"/>
							<String ID="string_286" HPOS="936" VPOS="2236" WIDTH="107" HEIGHT="30" WC="0.96" CONTENT="heller"/><SP WIDTH="23" VPOS="2236" HPOS="1043"/>
							<String ID="string_287" HPOS="1066" VPOS="2235" WIDTH="112" HEIGHT="37" WC="0.96" CONTENT="någon"/><SP WIDTH="24" VPOS="2235" HPOS="1178"/>
							<String ID="string_288" HPOS="1202" VPOS="2245" WIDTH="95" HEIGHT="21" WC="0.96" CONTENT="mera"/><SP WIDTH="23" VPOS="2245" HPOS="1297"/>
							<String ID="string_289" HPOS="1320" VPOS="2236" WIDTH="196" HEIGHT="37" WC="0.96" CONTENT="betydande"/><SP WIDTH="26" VPOS="2236" HPOS="1516"/>
							<String ID="string_290" HPOS="1542" VPOS="2236" WIDTH="130" HEIGHT="37" WC="0.96" CONTENT="ökning"/><SP WIDTH="23" VPOS="2236" HPOS="1672"/>
							<String ID="string_291" HPOS="1695" VPOS="2237" WIDTH="116" HEIGHT="30" WC="0.96" CONTENT="därav."/>
						</TextLine>
						<TextLine ID="line_34" HPOS="306" VPOS="2282" WIDTH="1506" HEIGHT="41">
							<String ID="string_292" HPOS="306" VPOS="2282" WIDTH="95" HEIGHT="34" WC="0.96" CONTENT="Även"/><SP WIDTH="23" VPOS="2282" HPOS="401"/>
							<String ID="string_293" HPOS="424" VPOS="2296" WIDTH="57" HEIGHT="20" WC="0.96" CONTENT="om"/><SP WIDTH="20" VPOS="2296" HPOS="481"/>
							<String ID="string_294" HPOS="501" VPOS="2296" WIDTH="43" HEIGHT="20" WC="0.96" CONTENT="en"/><SP WIDTH="21" VPOS="2296" HPOS="544"/>
							<String ID="string_295" HPOS="565" VPOS="2285" WIDTH="108" HEIGHT="31" WC="0.96" CONTENT="sådan"/><SP WIDTH="22" VPOS="2285" HPOS="673"/>
							<String ID="string_296" HPOS="695" VPOS="2286" WIDTH="128" HEIGHT="36" WC="0.96" CONTENT="ökning"/><SP WIDTH="21" VPOS="2286" HPOS="823"/>
							<String ID="string_297" HPOS="844" VPOS="2285" WIDTH="45" HEIGHT="37" WC="0.96" CONTENT="på"/><SP WIDTH="22" VPOS="2285" HPOS="889"/>
							<String ID="string_298" HPOS="911" VPOS="2285" WIDTH="81" HEIGHT="37" WC="0.96" CONTENT="lång"/><SP WIDTH="18" VPOS="2285" HPOS="992"/>
							<String ID="string_299" HPOS="1010" VPOS="2286" WIDTH="69" HEIGHT="31" WC="0.96" CONTENT="sikt"/><SP WIDTH="22" VPOS="2286" HPOS="1079"/>
							<String ID="string_300" HPOS="1101" VPOS="2286" WIDTH="116" HEIGHT="30" WC="0.96" CONTENT="kunde"/><SP WIDTH="21" VPOS="2286" HPOS="1217"/>
							<String ID="string_301" HPOS="1238" VPOS="2287" WIDTH="122" HEIGHT="30" WC="0.96" CONTENT="väntas"/><SP WIDTH="19" VPOS="2287" HPOS="1360"/>
							<String ID="string_302" HPOS="1379" VPOS="2296" WIDTH="44" HEIGHT="21" WC="0.96" CONTENT="av"/><SP WIDTH="22" VPOS="2296" HPOS="1423"/>
							<String ID="string_303" HPOS="1445" VPOS="2287" WIDTH="110" HEIGHT="30" WC="0.96" CONTENT="andra"/><SP WIDTH="22" VPOS="2287" HPOS="1555"/>
							<String ID="string_304" HPOS="1577" VPOS="2287" WIDTH="235" HEIGHT="36" WC="0.96" CONTENT="anledningar,"/>
						</TextLine>
						<TextLine ID="line_35" HPOS="307" VPOS="2335" WIDTH="1503" HEIGHT="37">
							<String ID="string_305" HPOS="307" VPOS="2336" WIDTH="127" HEIGHT="36" WC="0.91" CONTENT="ansåge"/><SP WIDTH="23" VPOS="2336" HPOS="434"/>
							<String ID="string_306" HPOS="457" VPOS="2335" WIDTH="378" HEIGHT="37" WC="0.90" CONTENT="departementschefen"/><SP WIDTH="27" VPOS="2335" HPOS="835"/>
							<String ID="string_307" HPOS="862" VPOS="2336" WIDTH="49" HEIGHT="36" WC="0.96" CONTENT="sig"/><SP WIDTH="23" VPOS="2336" HPOS="911"/>
							<String ID="string_308" HPOS="934" VPOS="2336" WIDTH="120" HEIGHT="30" WC="0.96" CONTENT="kunna"/><SP WIDTH="25" VPOS="2336" HPOS="1054"/>
							<String ID="string_309" HPOS="1079" VPOS="2337" WIDTH="110" HEIGHT="29" WC="0.96" CONTENT="räkna"/><SP WIDTH="22" VPOS="2337" HPOS="1189"/>
							<String ID="string_310" HPOS="1211" VPOS="2337" WIDTH="79" HEIGHT="30" WC="0.95" CONTENT="med"/><SP WIDTH="26" VPOS="2337" HPOS="1290"/>
							<String ID="string_311" HPOS="1316" VPOS="2341" WIDTH="48" HEIGHT="27" WC="0.95" CONTENT="att"/><SP WIDTH="23" VPOS="2341" HPOS="1364"/>
							<String ID="string_312" HPOS="1387" VPOS="2337" WIDTH="265" HEIGHT="30" WC="0.96" CONTENT="verksamheten"/><SP WIDTH="21" VPOS="2337" HPOS="1652"/>
							<String ID="string_313" HPOS="1673" VPOS="2337" WIDTH="58" HEIGHT="30" WC="0.92" CONTENT="vid"/><SP WIDTH="23" VPOS="2337" HPOS="1731"/>
							<String ID="string_314" HPOS="1754" VPOS="2346" WIDTH="56" HEIGHT="21" WC="0.91" CONTENT="an-"/>
						</TextLine>
						<TextLine ID="line_36" HPOS="308" VPOS="2385" WIDTH="1504" HEIGHT="39">
							<String ID="string_315" HPOS="308" VPOS="2387" WIDTH="123" HEIGHT="29" WC="0.89" CONTENT="stalten"/><SP WIDTH="23" VPOS="2387" HPOS="431"/>
							<String ID="string_316" HPOS="454" VPOS="2386" WIDTH="110" HEIGHT="30" WC="0.96" CONTENT="under"/><SP WIDTH="20" VPOS="2386" HPOS="564"/>
							<String ID="string_317" HPOS="584" VPOS="2386" WIDTH="54" HEIGHT="30" WC="0.96" CONTENT="det"/><SP WIDTH="20" VPOS="2386" HPOS="638"/>
							<String ID="string_318" HPOS="658" VPOS="2386" WIDTH="211" HEIGHT="30" WC="0.96" CONTENT="kommande"/><SP WIDTH="17" VPOS="2386" HPOS="869"/>
							<String ID="string_319" HPOS="886" VPOS="2385" WIDTH="202" HEIGHT="37" WC="0.96" CONTENT="budgetåret"/><SP WIDTH="20" VPOS="2385" HPOS="1088"/>
							<String ID="string_320" HPOS="1108" VPOS="2386" WIDTH="10" HEIGHT="30" WC="0.96" CONTENT="i"/><SP WIDTH="22" VPOS="2386" HPOS="1118"/>
							<String ID="string_321" HPOS="1140" VPOS="2390" WIDTH="84" HEIGHT="26" WC="0.96" CONTENT="stort"/><SP WIDTH="19" VPOS="2390" HPOS="1224"/>
							<String ID="string_322" HPOS="1243" VPOS="2391" WIDTH="64" HEIGHT="27" WC="0.96" CONTENT="sett"/><SP WIDTH="19" VPOS="2391" HPOS="1307"/>
							<String ID="string_323" HPOS="1326" VPOS="2387" WIDTH="140" HEIGHT="31" WC="0.95" CONTENT="komme"/><SP WIDTH="22" VPOS="2387" HPOS="1466"/>
							<String ID="string_324" HPOS="1488" VPOS="2390" WIDTH="49" HEIGHT="28" WC="0.96" CONTENT="att"/><SP WIDTH="20" VPOS="2390" HPOS="1537"/>
							<String ID="string_325" HPOS="1557" VPOS="2387" WIDTH="112" HEIGHT="37" WC="0.96" CONTENT="fortgå"/><SP WIDTH="21" VPOS="2387" HPOS="1669"/>
							<String ID="string_326" HPOS="1690" VPOS="2387" WIDTH="11" HEIGHT="30" WC="0.93" CONTENT="i"/><SP WIDTH="20" VPOS="2387" HPOS="1701"/>
							<String ID="string_327" HPOS="1721" VPOS="2387" WIDTH="91" HEIGHT="31" WC="0.91" CONTENT="oför-"/>
						</TextLine>
						<TextLine ID="line_37" HPOS="310" VPOS="2435" WIDTH="1502" HEIGHT="39">
							<String ID="string_328" HPOS="310" VPOS="2436" WIDTH="134" HEIGHT="31" WC="0.96" CONTENT="ändrad"/><SP WIDTH="27" VPOS="2436" HPOS="444"/>
							<String ID="string_329" HPOS="471" VPOS="2435" WIDTH="218" HEIGHT="37" WC="0.95" CONTENT="omfattning."/><SP WIDTH="28" VPOS="2435" HPOS="689"/>
							<String ID="string_330" HPOS="717" VPOS="2436" WIDTH="74" HEIGHT="30" WC="0.96" CONTENT="Den"/><SP WIDTH="28" VPOS="2436" HPOS="791"/>
							<String ID="string_331" HPOS="819" VPOS="2436" WIDTH="298" HEIGHT="36" WC="0.95" CONTENT="omständigheten"/><SP WIDTH="29" VPOS="2436" HPOS="1117"/>
							<String ID="string_332" HPOS="1146" VPOS="2440" WIDTH="49" HEIGHT="27" WC="0.95" CONTENT="att"/><SP WIDTH="27" VPOS="2440" HPOS="1195"/>
							<String ID="string_333" HPOS="1222" VPOS="2435" WIDTH="121" HEIGHT="38" WC="0.96" CONTENT="frågan"/><SP WIDTH="26" VPOS="2435" HPOS="1343"/>
							<String ID="string_334" HPOS="1369" VPOS="2447" WIDTH="59" HEIGHT="20" WC="0.96" CONTENT="om"/><SP WIDTH="27" VPOS="2447" HPOS="1428"/>
							<String ID="string_335" HPOS="1455" VPOS="2438" WIDTH="66" HEIGHT="31" WC="0.95" CONTENT="den"/><SP WIDTH="31" VPOS="2438" HPOS="1521"/>
							<String ID="string_336" HPOS="1552" VPOS="2438" WIDTH="135" HEIGHT="36" WC="0.93" CONTENT="statliga"/><SP WIDTH="26" VPOS="2438" HPOS="1687"/>
							<String ID="string_337" HPOS="1713" VPOS="2447" WIDTH="99" HEIGHT="27" WC="0.92" CONTENT="prov-"/>
						</TextLine>
					</TextBlock>
				</ComposedBlock>
			</PrintSpace>
		</Page>
	</Layout>
</alto>
