1842 2782
257 177 41 30 50
561 179 388 31 Jordbruksutskottets
976 182 178 30 utlåtande
1178 192 44 20 nr
1248 184 15 29 1
1290 184 39 30 år
1354 185 82 29 1961

1025 262 263 40 Avlöningsstat

568 322 27 28 1.
631 322 213 40 Avlöningar
857 324 52 29 till
924 324 175 30 ordinarie
1113 325 225 39 tjänstemän,
1353 326 205 41 förslagsvis
1605 329 41 29 66
1660 329 63 30 000

566 374 29 29 2.
631 374 162 31 Arvoden
817 376 65 30 och
907 377 173 31 särskilda
1106 379 244 40 ersättningar,
1376 380 183 31 bestämda

631 437 42 21 av
694 428 125 40 Kungl.
842 429 116 40 Maj:t,
981 430 203 40 förslagsvis
1214 458 202 4 =ssssososs
1439 424 110 51 so...
1629 435 93 30 1700

566 481 29 29 3.
631 482 214 39 Avlöningar
881 483 53 29 till
972 484 268 31 icke-ordinarie
1277 487 172 38 personal,
1487 487 71 39 för-

629 535 148 39 SÅAGJSVÅS
818 561 66 4 ere
904 562 48 4 ere
971 563 47 3 ere
1037 531 68 50 errerr
1125 563 47 4 rer
1191 564 47 4 rer
1257 565 113 3 reser
1409 565 6 4 s
1435 566 113 3 sees
1584 542 60 29 150
1659 542 63 30 400

563 587 29 29 4.
629 588 134 39 Rörligt
785 589 128 39 tillägg,
935 589 204 41 förslagsvis
1169 617 201 5 =ssssssoss
1394 619 154 4 os...
1604 595 40 29 62
1659 595 62 30 600

565 641 29 29 3.
631 641 276 39 Kompensation
935 643 55 30 för
1016 644 109 39 höjda
1153 644 402 42 folkpensionsavgifter,

626 694 204 40 fÖrSlägSViS
859 722 688 7 mosse
1077 690 14 51 r
1100 690 103 51 reser
1211 690 11 51 r
1234 690 58 51 rer
1297 690 14 51 r
1320 690 103 51 rer
1476 690 10 51 e
1498 690 52 51 sea
1625 701 19 29 4
1659 702 62 29 300

1257 770 143 30 Summa
1425 771 131 30 kronor
1580 772 62 30 285
1658 772 66 30 000

606 836 38 34 b)
674 836 54 30 till
746 838 419 40 Veterinärinrättningen
1183 840 11 29 i
1208 840 127 30 Skara:
1352 841 216 40 Avlöningar
1583 843 54 30 för
1654 844 85 29 bud-

562 889 131 39 getåret
716 890 139 33 1961/62
875 892 122 29 anvisa
1015 894 48 28 ett
1083 892 272 42 förslagsanslag
1375 904 42 21 av
1437 895 62 30 285
1515 896 62 30 000
1598 897 139 29 kronor.

296 1046 94 35 73:0)
417 1047 415 38 Veterinärinrättningen
851 1051 11 29 i
880 1051 124 30 Skara:
1025 1052 263 31 Omkostnader.
1308 1055 13 29 I
1340 1055 154 39 enlighet
1512 1056 80 29 med
1612 1057 125 38 Kungl.

250 1100 123 39 Maj:ts
397 1101 114 30 under
533 1103 159 38 punkten
694 1096 12 57 :
716 1103 40 31 97
786 1104 43 33 (s.
853 1104 191 35 239—240)
1073 1106 125 39 gjorda
1220 1107 415 42 anslagsframställning,
1661 1119 74 20 som

249 1152 193 31 innefattar
459 1154 148 40 höjning
624 1165 42 21 av
682 1156 183 39 delposten
882 1158 53 29 till
954 1158 118 40 övriga
1089 1168 168 30 expenser
1275 1161 78 30 med
1372 1161 18 30 2
1405 1161 64 31 000
1487 1162 53 29 kr.
1559 1163 44 38 på
1622 1163 113 39 grund

251 1215 42 21 av
321 1207 160 39 stegrade
510 1208 373 40 städningskostnader
912 1214 91 28 samt
1033 1222 41 20 av
1102 1213 266 39 anslagsposten
1397 1214 53 30 till
1480 1215 184 30 underhåll
1693 1226 42 20 av

248 1260 103 38 park-
371 1261 66 29 och
460 1261 258 39 gårdsområde,
740 1264 105 38 vägar
866 1274 45 19 m.
934 1274 46 20 m.
1003 1265 78 30 med
1103 1266 63 30 500
1189 1266 63 35 kr.,
1275 1267 194 40 tillstyrker
1491 1269 170 30 utskottet
1685 1271 50 28 att

248 1313 156 39 anslaget
423 1313 219 46 fortfarande
661 1316 167 40 uppföres
846 1318 79 30 med
944 1320 49 29 ett
1012 1318 152 31 formellt
1182 1320 135 40 belopp.
1337 1321 178 31 Utskottet
1532 1322 203 30 hemställer

248 1366 111 35 alltså,

600 1424 51 28 att
671 1422 187 40 riksdagen
878 1424 58 30 må
956 1425 52 29 till
1031 1425 420 41 Veterinärinrättningen
1474 1428 11 29 i
1503 1428 127 30 Skara:
1654 1429 80 30 Om-

556 1475 192 30 kostnader
770 1475 55 31 för
847 1477 205 39 budgetåret
1078 1478 140 34 1961/62
1243 1480 121 30 anvisa
1387 1482 49 28 ett
1461 1480 273 41 förslagsanslag

557 1537 41 21 av
617 1529 13 28 1
648 1529 63 30 000
728 1529 140 31 kronor.
