1910 2832
596 152 108 31 Första
727 156 194 34 lagutskottets
943 157 146 29 utlåtande
1110 159 47 28 Nr
1180 159 49 29 35.
1639 160 17 30 7

153 223 50 29 att
222 222 58 31 det
298 225 98 40 utgör
416 224 142 42 duplett.
587 227 236 32 Ammunition
842 231 54 29 må
915 230 31 41 ej
967 241 40 20 av
1025 232 187 31 överlåtare
1231 233 177 39 utlämnas,
1428 235 77 30 med
1523 235 132 30 mindre

154 271 178 42 dupletten
351 277 117 29 senast
485 276 58 31 vid
560 277 235 32 utlämnandet
812 278 175 32 tillställes
1006 280 125 33 honom
1154 282 53 41 (15
1226 282 46 41 $).
1303 283 285 33 Tillståndsbevis
1607 286 48 29 ut-

152 321 116 33 färdas
290 325 80 30 utan
392 325 99 31 lösen
517 325 32 42 (8
570 327 38 31 15
630 327 246 42 förordningen
897 330 67 31 den
986 331 17 31 7
1026 331 177 32 december
1226 333 78 32 1883
1326 335 176 40 angående
1522 335 132 41 expedi-

151 372 220 44 tionslösen);
392 375 156 33 vartdera
567 377 207 41 exemplaret
792 379 85 31 skall
897 380 191 33 emellertid
1106 382 162 42 beläggas
1287 385 75 30 med
1382 385 145 41 stämpel
1539 385 54 32 till
1606 387 49 29 ett

152 424 129 42 belopp
299 436 40 21 av
357 437 41 20 en
418 426 114 33 krona.

205 474 119 43 Enligt
339 477 39 30 28
393 476 21 42 $
430 477 11 31 i
456 478 339 42 vapenkungörelsen
810 480 97 33 skola
923 482 232 42 stadgandena
1171 484 11 31 i
1198 485 19 31 6
1233 485 61 31 och
1312 487 38 30 14
1365 485 52 43 SS,
1434 489 49 29 att
1498 487 156 31 tillstånd

151 524 55 32 till
228 525 146 33 innehav
396 538 42 20 av
460 527 202 43 skjutvapen
686 531 63 31 och
772 530 134 33 förvärv
928 544 41 20 av
992 534 223 32 ammunition
1238 538 53 29 må
1312 536 175 33 meddelas
1509 537 144 32 allenast

152 576 136 32 enskild
309 588 133 31 person,
467 579 30 42 ej
522 582 60 39 äga
603 581 218 43 tillämpning
842 585 20 29 å
883 584 167 41 förening,
1073 585 206 33 tillhörande
1302 587 56 32 det
1380 599 41 20 av
1443 590 110 30 staten
1575 588 78 31 kon-

151 627 182 33 trollerade
356 629 164 43 frivilliga
542 631 286 41 skytteväsendet,
851 634 63 31 och
936 637 55 28 må
1012 635 104 32 sådan
1138 637 159 42 förening
1317 638 156 33 förvärva
1495 641 158 30 ammuni-

151 677 74 32 tion
251 680 81 30 utan
356 680 124 31 hinder
505 681 100 32 därav
630 684 51 30 att
705 683 202 42 föreningen
933 685 31 41 ej
992 685 86 41 själv
1102 688 80 39 äger
1207 688 167 32 innehava
1399 689 42 32 de
1466 700 108 31 vapen
1599 690 54 31 för

151 728 91 32 vilka
264 730 268 32 ammunitionen
553 734 35 29 är
609 733 137 31 avsedd.
780 734 310 34 Bestämmelserna
1110 737 11 31 i
1145 738 39 30 12
1205 737 21 42 8
1248 749 54 21 om
1322 739 136 32 förvärv
1479 741 62 31 och
1562 742 91 30 över-

151 778 121 33 låtelse
291 790 39 21 av
346 781 226 32 ammunition
589 782 97 33 skola
704 784 30 41 ej
754 784 89 41 gälla
860 785 53 31 för
932 785 58 32 det
1007 786 60 31 fall
1084 789 50 29 att
1151 788 159 42 förening
1326 800 73 21 som
1417 801 82 30 nyss
1517 793 135 29 nämnts

150 830 168 32 överlåter
335 832 225 31 ammunition
577 833 53 31 till
649 834 76 31 sina
742 835 226 34 medlemmar.
998 837 74 31 Vad
1090 838 145 31 sålunda
1253 839 152 42 stadgats
1425 841 86 32 skall
1528 841 126 42 jämväl

149 881 64 40 äga
229 881 217 43 tillämpning
462 885 20 29 å
499 883 159 43 Sveriges
673 885 424 44 landstormsföreningars
1114 890 279 33 centralförbund
1411 895 88 29 samt
1514 894 53 30 till
1584 894 68 31 det-

149 939 129 23 samma
298 931 159 33 anslutna
477 933 359 34 landstormsförbund
857 937 64 31 och
942 937 412 44 landstormsföreningar,
1377 941 164 43 frivilliga
1561 944 91 29 auto-

148 981 212 33 mobilkåren
384 983 64 31 och
471 984 163 42 frivilliga
655 986 304 33 motorbåtskåren.

200 1083 19 30 I
241 1082 221 34 förevarande
485 1085 128 33 motion
635 1087 121 32 anföra
777 1089 251 33 motionärerna
1048 1091 104 32 bland
1175 1096 102 28 annat
1299 1094 164 41 följande:

204 1141 120 32 Säkert
344 1145 36 29 är
401 1146 50 29 att
471 1144 303 34 hundratusentals
794 1148 114 41 jägare
930 1149 64 31 och
1014 1150 129 41 skyttar
1163 1151 45 32 ha
1228 1163 41 20 en
1290 1153 92 31 stark
1402 1153 119 33 känsla
1540 1165 40 21 av
1601 1156 50 29 att

147 1183 95 32 vissa
260 1188 149 29 moment
427 1186 12 30 i
458 1187 339 42 vapenkungörelsen
815 1201 40 20 av
875 1191 67 31 den
961 1192 41 30 22
1020 1192 73 41 juni
1114 1193 82 31 1934
1215 1196 57 30 äro
1292 1195 357 42 förargelseväckande

148 1226 64 31 och
238 1227 170 32 orättvisa.
436 1228 134 33 Främst
595 1231 107 40 gäller
728 1231 94 32 detta
846 1232 264 34 bestämmelsen
1135 1236 174 41 angående
1335 1238 239 42 skyldigheten
1600 1242 50 29 att

147 1267 157 33 anskaffa
322 1269 107 33 licens
448 1271 54 31 för
520 1271 103 43 inköp
642 1284 41 20 av
701 1273 225 33 ammunition
946 1276 53 30 för
1017 1275 169 42 kulgevär.
1216 1278 242 34 Kostnaderna
1476 1281 52 31 för
1545 1283 105 40 några

148 1309 94 33 skott
259 1311 53 31 till
330 1311 100 33 dessa
446 1313 51 31 bli
514 1324 120 31 genom
652 1314 301 43 licensavgifterna
970 1320 38 29 så
1025 1319 91 32 stora
1133 1321 51 30 att
1201 1331 42 21 en
1261 1322 142 41 onödigt
1420 1322 95 42 långt
1531 1323 117 31 driven

148 1353 278 33 återhållsamhet
443 1355 12 31 i
475 1356 259 42 övningsskytte
751 1360 107 30 måste
878 1359 177 42 iakttagas.

200 1395 202 33 Emellertid
419 1397 62 31 har
498 1398 56 31 det
571 1410 45 20 nu
633 1399 91 32 visat
741 1400 53 42 sig
809 1403 50 29 att
876 1402 362 43 skjutskicklighetens
1255 1405 149 42 höjande
1420 1407 104 33 bland
1541 1408 107 31 folket

148 1447 74 21 som
247 1437 177 42 betydelse
449 1440 54 30 för
529 1439 64 32 den
617 1451 48 21 nu
691 1442 73 31 ofta
788 1442 205 33 framhållna
1016 1444 186 42 livsfrågan
1229 1458 53 20 om
1307 1449 187 32 värnandet
1518 1459 40 22 av
1583 1450 64 30 fria

147 1480 197 30 småstaters
370 1480 192 33 oberoende
587 1484 36 29 är
647 1494 40 20 av
712 1484 283 42 utomordentligt
1019 1487 71 31 stor
1114 1486 186 42 betydelse.
1336 1489 106 34 Detta
1466 1491 183 31 sakförhål-

147 1520 103 32 lande
267 1521 65 32 kan
347 1523 12 30 i
377 1523 128 41 dagens
523 1524 73 41 läge
614 1525 140 32 särskilt
770 1526 168 42 iakttagas
956 1528 12 30 i
986 1528 64 32 den
1067 1529 204 34 förtvivlade
1288 1532 100 42 kamp
1406 1545 73 20 som
1497 1536 48 30 ett
1561 1535 86 37 litet,

147 1565 138 38 tappert
303 1564 71 31 folk
391 1565 131 41 nödgas
542 1566 73 30 föra
633 1570 72 29 mot
723 1579 42 20 en
783 1570 173 31 numerärt
976 1570 136 33 oerhört
1130 1572 199 42 överlägsen
1347 1576 240 31 motståndare.

200 1604 45 32 Vi
266 1605 112 33 kunna
399 1607 12 31 i
434 1607 66 42 dag
520 1608 196 33 konstatera
738 1621 42 20 en
802 1611 284 41 överväldigande
1108 1614 245 44 folkstämning
1375 1618 11 30 i
1408 1619 75 30 vårt
1503 1618 88 39 land,
1615 1619 31 40 ej

147 1646 107 33 minst
277 1648 103 32 bland
405 1649 153 33 arbetare
583 1651 63 31 och
671 1652 139 38 bönder,
836 1653 54 31 för
915 1654 166 33 försvaret
1105 1667 41 20 av
1172 1656 79 33 dess
1277 1659 205 33 elementära
1505 1661 54 30 fri-
1584 1661 63 31 och

146 1689 201 42 rättigheter
367 1694 71 29 mot
459 1691 96 33 hotet
576 1693 75 31 från
673 1696 94 30 stora
787 1695 199 41 förtryckar-
1008 1698 61 30 och
1091 1698 266 34 diktaturstater.

200 1730 119 33 Under
342 1733 127 31 sådana
493 1734 237 33 förhållanden
753 1735 63 33 hör
838 1736 58 33 det
920 1738 55 31 till
998 1748 101 32 svaga
1122 1740 95 32 sidor
1241 1742 10 30 i
1276 1742 64 31 den
1364 1744 145 32 svenska
1532 1744 115 31 bered-

147 1772 129 42 skapen
294 1777 47 29 att
359 1776 11 30 i
389 1775 136 33 onödan
541 1796 42 4 —
599 1780 82 29 utan
699 1778 137 43 mening
855 1780 62 31 och
937 1781 99 31 orsak
1051 1801 43 4 —
1109 1782 122 33 hindra
1251 1784 106 32 folket
1375 1786 77 31 från
1468 1789 49 29 att
1535 1787 111 31 skaffa

146 1816 54 42 sig
219 1816 170 43 färdighet
406 1818 11 31 i
437 1829 150 31 vapnens
605 1819 96 33 bruk.

198 1909 256 33 Motionärerna
473 1912 110 41 åsyfta
602 1913 77 31 med
700 1914 61 31 sitt
779 1915 150 40 yrkande
950 1927 56 20 om
1024 1918 224 40 upphävande
1268 1931 40 19 av
1327 1920 246 43 licenstvånget
1593 1923 53 30 för

145 1959 137 32 förvärv
298 1972 39 20 av
354 1962 232 38 ammunition,
605 1964 51 30 att
672 1964 263 41 möjligheterna
952 1966 53 31 till
1023 1968 125 41 övning
1165 1969 11 30 i
1195 1969 176 43 skjutning
1389 1971 109 32 skulle
1516 1972 127 41 vidgas.

144 2009 281 44 Uppenbarligen
448 2012 67 31 blir
538 2012 60 31 här
621 2013 11 31 i
657 2014 142 31 främsta
821 2018 145 29 rummet
990 2017 94 42 fråga
1106 2029 54 20 om
1185 2019 176 43 skjutning
1384 2022 78 31 med
1485 2022 161 42 kulgevär

144 2060 64 30 och
246 2060 150 42 pistoler.
435 2062 126 41 Dylika
598 2064 364 43 övningsskjutningar
999 2067 82 32 böra
1108 2069 190 32 emellertid
1326 2072 106 41 enligt
1460 2073 185 32 utskottets

144 2109 140 43 mening
299 2110 183 42 lämpligen
499 2111 157 32 bedrivas
673 2114 93 32 inom
784 2114 284 41 skytterörelsens
1085 2128 79 28 ram,
1183 2120 62 31 och
1263 2120 167 33 utskottet
1447 2123 59 30 vill
1524 2124 10 30 i
1551 2123 94 31 detta

144 2162 242 40 sammanhang
406 2163 112 31 erinra
538 2175 53 19 om
610 2166 51 29 att
680 2165 181 41 riksdagen
882 2167 95 31 ställt
997 2168 192 41 betydande
1210 2170 124 43 belopp
1356 2172 54 31 till
1431 2173 213 41 skytterörel-

143 2220 80 21 sens
245 2211 200 41 förfogande
468 2213 53 31 för
541 2213 437 44 beredskapsskjutningar.
1013 2218 120 32 Såsom
1155 2231 40 19 av
1219 2220 56 32 det
1297 2222 73 31 från
1394 2223 249 40 skytteförbun-

144 2261 84 30 dens
251 2263 224 40 överstyrelse
498 2263 160 32 inkomna
677 2266 175 40 yttrandet
873 2267 11 29 i
906 2268 140 32 ärendet
1067 2269 147 40 framgår
1235 2271 97 41 lägga
1353 2272 41 31 de
1416 2284 46 20 nu
1484 2269 159 50 ifrågava-

143 2310 105 31 rande
264 2311 300 32 bestämmelserna
578 2314 11 30 i
605 2315 339 40 vapenkungörelsen
960 2317 72 32 icke
1048 2321 103 39 några
1165 2320 122 31 hinder
1303 2322 9 29 i
1329 2324 107 38 vägen
1453 2323 52 31 för
1521 2324 122 40 skytte-

143 2359 210 34 förbundens
380 2362 221 32 verksamhet.
629 2364 283 41 Uppenbarligen
937 2366 74 38 kan,
1037 2371 59 28 när
1121 2368 58 32 det
1205 2370 99 40 eljest
1329 2373 37 29 är
1391 2372 96 40 fråga
1511 2384 53 20 om
1591 2384 52 19 en-

143 2410 129 33 skildas
292 2413 177 40 skjutning
486 2414 76 30 med
580 2418 237 37 mausergevär
836 2416 61 31 och
918 2417 118 40 dylikt,
1056 2422 47 28 ett
1122 2420 207 41 licenstvång
1350 2422 208 33 beträffande
1583 2426 60 29 för-

142 2463 81 28 värv
242 2474 39 19 av
301 2463 222 31 ammunition
543 2475 78 20 vara
640 2476 41 19 av
700 2465 185 41 betydelse,
908 2467 71 30 icke
1000 2468 103 31 minst
1122 2470 109 31 under
1250 2473 193 31 nuvarande
1465 2474 177 31 förhållan-

1705 1931 130 23 Utskottet.
