1892 2830
238 169 19 30 6
532 168 123 31 Första
680 168 244 39 lagutskottets
948 168 178 30 utlåtande
1149 177 42 21 nr
1214 168 40 30 37
1278 168 39 30 år
1341 168 83 29 1969

235 252 72 34 råd,
324 253 132 28 statens
471 251 132 30 nämnd
617 251 56 30 för
687 250 311 40 samlingslokaler,
1015 250 155 31 Svenska
1184 249 396 41 landstingsförbundet,
1598 249 121 30 Svens-

235 305 46 30 ka
300 305 286 30 stadsförbundet
607 306 89 29 samt
716 305 155 31 Svenska
889 304 372 31 kommunförbundet.
1281 304 126 31 Vidare
1426 303 64 31 har
1510 313 42 21 av
1570 303 149 41 länssty-

235 360 114 30 relsen
369 360 11 29 i
399 359 263 40 Östergötlands
682 360 58 30 län
760 359 151 40 bifogats
930 359 188 41 yttranden
1139 358 79 31 från
1240 358 447 31 socialvårdskonsulenten
1707 357 12 30 i

235 414 113 40 tredje
370 414 177 30 distriktet
569 413 65 30 och
656 414 112 30 länets
791 412 377 36 socialvårdsförbund,
1192 422 43 21 av
1256 413 250 40 länsstyrelsen
1530 412 10 30 i
1563 412 154 40 Koppar-

235 468 101 40 bergs
362 469 58 29 län
445 467 188 41 yttranden
660 467 80 30 från
767 467 447 30 socialvårdskonsulenten
1241 467 11 30 i
1279 467 82 29 elfte
1388 466 186 34 distriktet,
1603 465 115 31 lands-

235 522 128 40 tingets
388 522 379 40 förvaltningsutskott,
795 522 223 30 länsläkaren
1043 521 65 31 och
1133 520 396 31 barnavårdsnämnden
1555 521 11 29 i
1592 520 126 30 Avesta

236 579 90 28 samt
342 585 43 21 en
400 576 234 41 promemoria
650 586 42 20 av
706 575 461 36 barnavårdskonsulenten,
1184 575 65 30 och
1266 585 42 21 av
1323 575 250 41 länsstyrelsen
1589 574 11 30 i
1615 574 103 30 Norr-

234 631 139 30 bottens
390 631 58 30 län
464 630 162 41 yttrande
644 630 80 30 från
742 630 447 30 socialvårdskonsulenten
1207 630 11 29 i
1234 629 175 31 trettonde
1427 629 187 31 distriktet.

278 685 195 30 Yttranden
490 685 11 29 i
518 685 142 30 ärendet
677 684 64 31 har
759 684 179 30 dessutom
955 684 187 30 inkommit
1160 684 80 30 från
1257 684 49 29 De
1323 683 289 41 handikappades
1630 683 88 30 riks-

235 739 154 30 förbund
410 739 65 30 och
499 739 155 39 Sveriges
677 738 371 31 socialdemokratiska
1071 737 338 41 ungdomsförbund.

278 793 264 39 Propositionen
566 795 126 37 upptar
714 793 52 30 till
789 792 211 40 behandling
1021 792 164 39 frågorna
1207 802 56 20 om
1287 792 177 30 allmänna
1486 792 229 29 arvsfondens

235 848 192 29 inkomster
449 848 63 28 och
537 847 190 38 tillgångar,
751 857 54 20 om
828 846 121 39 bidrag
971 856 41 20 ur
1034 846 139 34 fonden,
1196 855 56 20 om
1274 845 255 39 godkännande
1551 855 42 20 av
1613 847 103 28 testa-

236 902 113 28 mente
379 901 49 29 till
455 909 116 21 annan
598 901 44 28 än
669 900 129 30 fonden
826 900 63 30 och
917 909 55 20 om
1001 899 185 30 avstående
1214 908 41 21 av
1282 908 68 25 arv,
1379 908 73 20 som
1480 899 64 29 har
1571 898 145 30 tillfallit

235 955 139 34 fonden,
395 957 90 27 samt
504 954 92 30 vissa
616 954 109 30 andra
744 953 117 39 frågor
882 963 73 20 som
975 954 63 29 har
1060 954 101 38 tagits
1181 962 70 31 upp
1271 963 42 20 av
1333 953 230 39 utredningen
1583 953 64 29 och
1666 962 50 20 re-

234 1009 319 29 missinstanserna.

276 1088 226 31 Beträffande
526 1088 157 39 gällande
706 1088 271 35 bestämmelser,
1001 1087 249 40 utredningens
1274 1087 262 39 överväganden
1560 1088 63 29 och
1647 1087 68 30 för-

233 1144 72 37 slag
334 1145 89 27 samt
451 1142 334 39 remissyttrandena
813 1142 145 30 däröver
985 1141 165 30 hänvisar
1177 1142 170 30 utskottet
1374 1142 52 29 till
1454 1141 259 40 propositionen

234 1206 24 20 s.
281 1197 136 29 12-41.

590 1311 370 43 Departementschefen
988 1311 54 31 vid
1057 1311 292 41 lagrådsremissen

277 1375 62 30 Vid
368 1375 308 39 lagrådsremissen
703 1375 145 29 anförde
873 1374 253 39 föredragande
1152 1374 394 40 departementschefen,
1573 1373 143 30 statsrå-

233 1428 57 29 dei
309 1428 112 39 Kling,
441 1429 43 29 bl.
500 1439 28 19 a.
549 1429 166 38 följande.

276 1482 325 40 Kvarlåtenskapen
623 1482 88 29 efter
735 1482 66 29 den
827 1491 74 21 som
925 1481 131 31 avlider
1078 1484 85 27 utan
1188 1484 49 28 att
1263 1482 208 30 efterlämna
1496 1481 221 30 arvsberätti-

234 1536 65 40 gad
317 1537 102 29 make
438 1536 84 30 eller
540 1536 153 40 släkting
712 1536 156 29 tillfaller
887 1536 178 30 allmänna
1084 1535 222 31 arvsfonden.
1327 1536 177 39 Egendom
1522 1536 71 29 kan
1611 1535 105 30 också

236 1590 148 31 tillföras
403 1589 131 31 fonden
554 1598 124 32 genom
699 1589 86 41 gåva
804 1589 83 30 eller
904 1591 217 29 testamente.
1142 1590 240 30 Arvsfondens
1402 1589 167 40 egendom
1590 1589 127 30 förval-

234 1646 53 29 tas
306 1653 43 22 av
367 1644 251 30 statskontoret
638 1652 74 22 som
732 1653 43 21 en
795 1643 151 31 särskild
964 1643 86 30 fond
1069 1643 54 30 för
1142 1643 200 38 främjande
1362 1654 42 20 av
1423 1644 105 29 barns
1547 1643 65 30 och
1631 1651 85 32 ung-

237 1698 96 30 doms
355 1698 85 30 vård
463 1698 65 30 och
550 1698 146 30 fostran.
720 1698 52 29 En
794 1697 169 37 tredjedel
986 1707 43 20 av
1049 1697 41 31 de
1113 1697 111 30 medel
1249 1707 74 20 som
1348 1698 102 39 flyter
1473 1698 37 29 in
1534 1698 111 29 under
1668 1698 47 29 ett

236 1752 257 40 räkenskapsår
513 1752 89 30 skall
622 1752 118 39 läggas
760 1751 52 30 till
833 1751 148 30 fondens
1002 1751 141 40 kapital,
1166 1751 126 30 medan
1312 1751 218 30 återstående
1549 1751 58 30 två
1626 1751 90 30 tred-

236 1807 129 36 jedelar
385 1806 110 37 jämte
518 1806 79 30 hela
618 1805 254 40 avkastningen
894 1805 45 40 på
960 1805 168 40 kapitalet
1150 1806 37 29 är
1209 1806 215 39 tillgängliga
1447 1806 55 29 för
1525 1805 190 40 utdelning.

233 1861 75 30 Den
331 1860 148 30 sålunda
504 1859 220 31 föreskrivna
760 1858 339 40 fonderingen
1137 1859 63 30 har
1226 1859 62 30 lett
1312 1859 53 30 till
1389 1869 42 20 en
1458 1859 174 30 successiv
1657 1859 60 30 ök-

232 1914 86 40 ning
342 1923 43 21 av
409 1913 149 31 fondens
584 1913 143 40 kapital.
755 1914 102 29 Detta
882 1913 135 40 uppgår
1043 1922 145 21 numera
1216 1913 51 29 till
1294 1913 162 40 omkring
1479 1913 41 30 40
1548 1913 88 37 milj.
1663 1913 52 30 kr.

232 1970 48 29 De
298 1968 112 30 medel
430 1978 74 20 som
522 1969 104 38 flyter
644 1969 36 29 in
697 1968 53 29 till
769 1967 130 30 fonden
917 1969 64 28 har
999 1969 82 28 ökat
1100 1968 111 28 starkt
1231 1968 111 29 under
1362 1977 120 20 senare
1502 1969 48 29 år.
1569 1968 147 40 Budget-

232 2023 73 30 året
327 2022 139 34 1967/68
487 2022 161 39 utgjorde
667 2022 159 40 beloppet
846 2022 161 30 närmare
1029 2021 39 30 10
1088 2022 87 39 milj.
1196 2023 51 29 kr.
1269 2022 13 30 I
1302 2022 99 39 fråga
1421 2032 56 20 om
1497 2022 216 40 placeringen

231 2086 42 21 av
293 2077 148 30 fondens
462 2076 111 31 medel
594 2076 106 41 gäller
720 2077 50 29 att
790 2077 84 30 bara
894 2075 181 31 nominellt
1096 2075 154 31 fixerade
1269 2076 226 40 placeringar,
1518 2077 72 29 dvs.
1611 2077 105 30 fram-

235 2131 53 29 för
302 2130 61 30 allt
378 2130 227 40 obligationer
620 2131 65 29 och
699 2131 92 29 vissa
807 2129 110 31 andra
932 2130 73 40 slag
1020 2139 42 21 av
1077 2129 208 40 fordringar,
1303 2131 37 29 är
1355 2130 147 30 tillåtna.
1519 2131 74 29 Den
1610 2130 107 39 årliga

233 2184 251 39 avkastningen
498 2184 188 39 överstiger
699 2193 48 21 nu
761 2184 18 30 2
794 2184 87 40 milj.
897 2185 51 29 kr.

277 2241 239 40 Utredningen
541 2241 148 31 föreslår
713 2243 50 28 att
788 2241 68 30 den
880 2242 54 29 del
958 2252 42 19 av
1023 2242 196 39 inflytande
1246 2242 111 29 medel
1385 2251 73 20 som
1485 2241 88 30 skall
1599 2241 117 39 läggas

236 2295 50 30 till
309 2295 168 41 kapitalet
499 2295 159 31 minskas
683 2295 80 31 från
789 2305 43 20 en
857 2295 169 37 tredjedel
1052 2295 53 30 till
1131 2305 42 20 en
1199 2295 141 30 tiondel.
1367 2295 209 40 Därigenom
1604 2294 112 30 skulle

235 2349 148 31 fondens
402 2349 221 40 möjligheter
642 2351 50 28 att
712 2348 181 41 tillgodose
912 2349 86 30 både
1017 2349 203 29 nuvarande
1240 2349 64 29 och
1323 2357 69 31 nya
1409 2348 307 40 bidragsändamål

234 2403 67 30 öka
323 2403 179 40 betydligt.
528 2403 179 39 Förslaget
735 2403 64 29 har
826 2403 11 29 i
866 2404 86 28 stort
981 2404 65 28 sett
1074 2402 177 40 mottagits
1280 2402 140 40 positivt
1449 2403 57 29 vid
1534 2402 183 30 remissbe-

231 2458 224 39 handlingen.
476 2458 93 29 Från
592 2460 47 27 ett
661 2467 62 30 par
745 2458 70 30 håll
838 2458 131 30 hävdas
992 2457 201 34 emellertid,
1217 2459 50 28 att
1289 2458 67 29 den
1378 2458 198 39 föreslagna
1598 2458 119 30 fonde-

234 2510 118 39 ringen
377 2511 71 29 inte
472 2511 38 28 är
534 2511 187 39 tillräcklig
744 2510 54 30 för
823 2512 49 28 att
896 2511 180 29 motverka
1100 2520 42 20 en
1166 2510 203 39 minskning
1393 2520 41 20 av
1457 2510 149 30 fondens
1631 2511 85 29 real-
