2176 2636
713 199 103 34 Stats-
826 201 174 33 Utskottets
1029 201 174 33 Utlåtande
1227 203 60 31 N:o
1310 205 49 29 60.
1782 208 9 25 1

951 689 76 42 N:0
1055 690 73 41 60.

715 851 80 31 Ank.
818 853 49 29 till
889 853 105 29 Riksd.
1017 853 111 30 Kansli
1151 854 54 30 den
1227 856 19 28 8
1269 855 91 38 April
1385 857 89 39 1881,
1498 858 41 28 kl.
1565 858 38 30 10
1627 858 20 30 f.
1670 868 37 21 m.

437 997 194 43 Utlåtande,
665 998 13 33 1
711 997 187 45 unledning
925 998 46 43 af
989 999 97 35 väckt
1112 999 124 35 motion
1263 1011 52 23 om
1342 1001 214 36 tillsättande
1582 1002 45 44 af
1647 1015 43 23 en
1708 1003 136 44 finans-

629 1048 121 35 komité
781 1052 89 31 samt
895 1049 191 35 amnvisande
1103 1049 65 43 för
1194 1051 198 35 ändamålet
1418 1052 46 43 af
1483 1056 46 32 ett
1545 1053 293 47 förslagsanslag.

1426 1151 113 49 (2:dra
1566 1155 47 36 U.
1642 1155 62 48 A.)

365 1301 66 36 Uti
471 1311 42 24 en
551 1302 93 34 inom
683 1302 127 35 Andra
848 1302 217 36 Kammaren
1105 1305 118 44 väckt,
1261 1305 53 35 till
1343 1304 300 39 Stats-Utskottet
1669 1309 173 35 hänvisad

229 1352 133 36 motion
390 1350 81 48 (N:o
503 1351 82 48 142)
613 1353 66 34 har
705 1353 97 35 Herr
827 1353 36 35 J.
893 1354 191 36 Rundbäck
1110 1355 40 35 af
1174 1356 147 35 anförda
1348 1357 76 34 skäl
1450 1357 195 46 föreslagit,

364 1403 73 34 dels
464 1405 54 32 att
544 1403 205 45 Riksdagen
775 1402 110 37 måtte
911 1406 136 34 besluta
1075 1409 54 32 att
1155 1407 62 34 hos
1242 1406 130 46 Kongl.
1401 1407 109 46 Maj:t
1538 1409 10 34 i
1563 1408 280 47 underdånighet

229 1451 142 38 anhålla
399 1465 54 23 om
479 1455 247 44 tillsättandet,
752 1455 41 44 ju
819 1456 74 34 förr
920 1457 96 34 desto
1043 1458 121 43 hellre,
1193 1458 39 34 af
1257 1468 42 24 en
1326 1459 255 46 finanskomité,
1601 1459 188 38 bestående
1804 1463 39 34 af

230 1507 54 33 ett
322 1505 162 43 lämpligt
523 1506 99 33 antal
647 1506 166 44 kunnige,
842 1507 171 45 skicklige
1040 1509 64 34 och
1132 1508 138 35 erfarne
1297 1520 175 34 personer,
1500 1511 54 34 för
1581 1514 54 32 att
1661 1514 181 44 grundligt

230 1556 65 34 och
334 1556 156 43 oveldigt
530 1557 199 34 undersöka
770 1558 65 33 och
870 1559 125 33 utreda
1022 1556 38 37 så
1087 1560 59 33 väl
1172 1560 137 34 landets
1335 1561 195 35 finansiella
1557 1561 158 36 tillstånd
1742 1564 12 33 i
1781 1565 58 33 all-

230 1606 144 35 mänhet
401 1616 68 24 som
500 1607 77 34 dess
604 1607 163 44 samtliga
794 1609 365 44 penningeanstalters
1185 1611 225 34 verksamhet
1437 1613 64 33 och
1521 1612 113 45 öfriga
1654 1612 186 37 förhållan-

232 1658 76 41 den,
349 1667 71 24 som
460 1657 140 34 dermed
626 1658 90 34 hade
744 1660 266 45 sammanhang;
1040 1660 179 35 äfvensom
1245 1662 93 34 huru
1364 1663 78 33 med
1469 1662 371 47 statshushållningen,

230 1708 233 43 näringarnes
490 1706 168 46 tillstånd,
688 1710 65 33 den
780 1710 189 35 utländska
997 1712 307 44 skuldsättningen
1332 1714 64 33 och
1423 1714 254 44 emigrationen
1704 1716 54 44 sig
1776 1717 66 34 för-

234 1759 104 43 bölle;
380 1761 91 31 samt
510 1762 54 31 att
600 1760 113 34 denna
739 1761 142 44 komité,
911 1761 89 34 efter
1027 1772 42 24 en
1096 1763 99 43 dylik
1221 1764 164 44 grundlig
1411 1765 262 45 undersökning
1701 1767 64 34 och
1791 1770 51 32 ut-

231 1809 150 43 redning
407 1809 40 34 af
470 1810 70 33 alla
567 1809 209 36 hithörande
803 1809 130 46 frågor,
961 1810 110 37 måtte
1098 1811 146 47 åläggas
1270 1818 157 40 uppgöra
1456 1816 64 34 och
1547 1816 149 36 aflemna
1711 1815 132 37 sådana

230 1859 145 44 förslag,
404 1870 72 24 som
503 1860 66 34 den
597 1858 130 47 ansåge
755 1872 88 25 vara
869 1863 128 44 nödiga
1027 1864 64 34 och
1117 1865 141 44 nyttiga
1286 1865 54 34 för
1368 1866 58 34 det
1453 1867 194 35 allmännas
1665 1879 95 34 gagn
1779 1870 64 34 och

232 1911 120 44 bästa,

368 1961 74 34 dels
473 1962 58 34 ock
562 1964 55 32 att
648 1961 204 45 Riksdagen
884 1960 109 38 måtte
1026 1965 123 34 anvisa
1176 1968 52 32 ett
1253 1966 276 45 förslagsanslag
1555 1965 21 37 å
1604 1971 134 42 20,000
1765 1971 77 33 kro-

233 2022 75 33 nor,
343 2014 55 32 att
428 2009 87 47 utgå
546 2013 109 34 redan
681 2013 110 34 under
818 2011 40 37 år
888 2015 92 34 1881
1010 2016 63 34 och
1100 2017 121 33 ställas
1247 2017 55 34 till
1328 2016 129 46 Kongl.
1486 2018 126 45 Maj:ts
1640 2020 202 44 disposition

234 2062 57 36 för
318 2062 42 35 de
386 2063 78 34 med
491 2063 226 35 omförmälda
743 2064 148 35 komités
918 2066 176 34 ordnande
1122 2068 64 33 och
1212 2068 225 35 verksamhet
1463 2068 165 36 förenade
1642 2071 199 35 kostnader.

370 2112 57 35 En
466 2116 73 32 stor
578 2115 55 33 del
672 2114 40 35 af
748 2115 41 34 de
829 2116 162 43 ärenden,
1024 2117 121 35 hvilka
1179 2118 109 44 enligt
1313 2119 235 35 motionärens
1574 2120 133 46 förslag
1733 2123 112 34 skulle

236 2166 105 42 göras
367 2164 56 34 till
449 2162 145 37 föremål
620 2165 55 34 för
701 2166 189 44 utredning
922 2166 39 34 af
985 2177 42 24 en
1054 2178 48 33 ny
1127 2169 141 44 komité,
1297 2173 40 30 är
1363 2171 109 34 redan
1498 2172 111 34 under
1634 2173 213 45 behandling

236 2214 41 35 af
301 2212 62 37 två
390 2215 173 35 särskilda
590 2216 180 44 komitéer,
798 2217 174 45 nemligen
999 2219 325 45 skattereglerings-
1352 2222 64 34 och
1442 2223 295 35 tullkomitégerna.
1772 2224 74 35 Vid

327 2272 72 32 Bih.
425 2273 50 31 till
498 2273 115 31 Riksd.
638 2273 88 32 Prot.
750 2276 94 30 1881.
888 2277 19 29 4
931 2274 99 32 Saml.
1076 2278 18 29 1
1118 2276 81 39 Afd.
1243 2279 42 29 37
1307 2277 97 41 Häft.
