2250 2646
774 209 228 28 Statsutskottets
1027 211 145 27 utlåtande
1198 209 47 29 Nr
1269 211 46 27 66.
1830 208 17 29 3

245 292 116 29 staten
405 287 9 34 i
457 288 54 34 sin
544 287 120 35 helhet
693 287 78 35 icke
800 286 239 36 överskrides.
1097 286 248 41 Beträffande,
1360 287 159 35 lärarens
1543 288 173 47 avlöning
1746 289 102 34 inne-

247 337 64 34 bär
350 335 177 50 förslaget
568 338 108 47 ingen
720 337 156 47 ändring
913 338 10 33 i
953 336 228 36 förhållande
1211 337 55 35 till
1295 337 67 35 vad
1391 338 10 34 i
1431 337 100 36 detta
1558 338 178 35 avseende
1765 339 10 33 i
1804 338 44 35 de

245 393 140 29 senaste
426 401 43 21 av
511 367 133 68 Kungl.
675 388 118 44 Maj:ts
821 368 204 54 fastställda
1055 392 160 31 staterna
1244 387 104 35 blivit
1377 388 168 40 bestämt,
1578 394 99 29 utom
1707 390 9 33 i
1748 388 101 48 fråga

244 450 57 22 om
332 438 139 34 rektors
500 439 184 46 avlöning,
714 437 64 35 där
806 451 43 21 en
880 438 155 47 höjning
1063 451 42 21 av
1134 440 71 33 500
1235 438 135 35 kronor
1397 445 39 27 är
1465 437 215 49 föreslagen.

346 488 50 34 De
438 501 42 21 av
520 487 135 46 Kungl.
685 488 104 45 Maj:t
818 488 206 46 föreslagna
1052 488 178 35 villkoren
1261 489 66 33 och
1359 489 323 35 bestämmelserna
1711 489 55 35 för
1794 492 54 32 åt-

243 537 179 47 njutande
465 550 43 22 av
549 538 11 34 i
601 537 69 36 den
716 537 207 48 uppgjorda
964 542 116 30 staten
1122 537 57 35 för
1207 538 126 35 skolan
1364 543 189 42 upptagna
1580 538 269 48 avlöningsför-

243 591 126 32 måner
405 587 57 35 för
498 587 184 36 ordinarie
712 586 362 49 befattningshavare
1103 595 172 28 ävensom
1304 587 43 36 de
1385 601 42 21 av
1458 588 133 48 Kungl.
1622 588 101 46 Maj:t
1752 588 96 36 före-

243 639 125 46 slagna
407 637 214 47 grunderna
658 637 56 36 för
742 637 204 36 avlönande
974 651 42 21 av
1044 638 155 35 vikarier
1229 637 56 36 för
1314 640 311 56 lärarpersonalen
1653 639 60 35 vid
1743 639 105 36 hant-

243 688 234 35 verksskolan
523 693 307 31 överensstämma
874 689 10 33 i
923 687 192 37 huvudsak
1145 689 81 35 med
1256 689 67 35 vad
1353 701 76 24 som
1460 688 226 36 föreskrivits
1715 689 134 36 beträf-

242 737 109 36 fande
379 740 127 46 övriga
534 740 254 34 läroanstalter
816 738 56 35 för
901 738 135 36 blinda.
1084 739 11 34 I
1127 738 102 48 fråga
1257 752 59 23 om
1345 739 300 49 ålderstilläggen
1669 740 64 35 har
1754 740 93 36 före-

243 789 128 47 slagits
412 771 75 53 rätt
529 789 54 35 för
624 789 43 35 de
702 789 211 36 nuvarande
942 790 143 34 lärarna
1112 794 54 31 att
1184 771 67 53 för
1280 790 256 48 uppflyttning
1563 791 11 34 i
1575 772 140 65 ”högre
1744 791 103 35 löne-

242 820 91 66 grad
366 840 113 35 räkna
507 841 56 47 sig
590 839 155 48 tillgodo
773 841 56 33 sin
857 840 252 47 tjänstgöring
1137 840 61 35 vid
1227 840 127 35 skolan
1386 840 115 35 under
1529 841 70 35 den
1628 821 65 61 tid,
1722 843 127 46 anslag

241 869 56 56 till
327 890 212 35 densamma
569 868 120 70 utgått
716 894 20 31 å
764 895 103 30 extra
895 894 81 31 stat.

346 940 190 36 Utskottet
578 941 64 34 har
683 942 93 46 tagit
815 942 9 32 i
863 940 252 46 övervägande
1144 940 69 35 vad
1243 941 135 48 Kungl.
1405 940 102 46 Maj:t
1535 942 154 35 sålunda
1717 947 92 30 samt
1836 943 12 33 i

241 991 119 48 övrigt
380 991 54 34 uti
454 990 240 36 förevarande
714 992 229 46 proposition
964 990 201 49 föreslagit,
1187 992 67 34 och
1276 991 65 36 har
1362 992 179 35 utskottet
1559 1011 48 4 —
1626 991 158 36 frånsett
1803 1005 45 22 en

241 1022 143 55 mindre
412 1040 160 48 ändring
599 1042 11 34 i
638 1041 244 35 omförmälda
909 1015 337 78 avlöningsvillkor,
1275 1043 213 47 varigenom
1517 1042 130 36 dessa
1638 1038 18 56 i
1671 1042 177 36 avseende

240 1095 21 32 å
288 1091 115 36 befatt
393 1078 275 62 tningshavares
695 1091 342 36 löneförhållanden
1064 1092 61 35 vid
1152 1092 165 48 ledighet
1344 1092 57 36 för
1429 1105 88 35 svag
1545 1094 118 35 hälsas
1691 1093 156 36 vårdan-

240 1142 56 43 de,
326 1142 167 36 enskilda
520 1143 309 48 angelägenheter
857 1155 47 22 m.
935 1155 46 22 m.
1012 1142 166 49 bringats
1203 1143 10 35 i
1235 1149 168 29 närmare
1422 1124 323 56 överensstämelse
1766 1144 82 35 med

239 1192 58 36 för
324 1194 128 47 övriga
479 1193 255 36 läroanstalter
761 1192 57 36 för
845 1193 126 35 blinda
998 1193 169 47 gällande
1186 1193 134 36 villkor
1339 1213 47 4 —
1405 1195 79 34 icke
1504 1193 126 37 funnit
1649 1194 200 49 anledning

238 1244 58 34 till
324 1245 147 34 erinran
498 1250 78 30 mot
604 1244 133 48 Kungl.
767 1243 121 48 Maj:ts
916 1224 285 68 framställning.

342 1294 187 36 Utskottet
558 1294 55 36 får
640 1274 234 67 följaktligen
903 1291 203 55 hemställa,
1135 1275 53 55 att
1216 1295 195 48 riksdagen
1441 1298 58 33 må

742 1341 35 47 a)
817 1344 197 48 godkänna
1054 1344 164 49 följande
1259 1350 72 31 stat
1372 1345 57 36 för
1470 1347 324 35 hantverksskolan
1835 1348 12 35 i

642 1371 287 76 Kristinehamn,
958 1400 53 30 att
1038 1397 95 45 gälla
1160 1395 82 36 från
1271 1396 68 35 och
1368 1396 83 36 med
1479 1399 40 33 år
1549 1397 105 36 1916.

884 1493 48 49 A)
959 1496 242 37 Inkomststat.

1474 1593 111 42 Kronor.
1632 1582 3 50 |
1684 1599 111 26 Kronor.

350 1650 34 47 1)
412 1650 234 37 Ordinarie
681 1651 281 47 statsanslag:

262 1719 163 36 Bestämt
452 1720 143 47 anslag:
623 1719 59 36 till
709 1718 215 48 avlöningåar
949 1749 464 6 me.msmmmmmssssrnrssssna
1505 1722 109 42 d,000

263 1770 402 47 Reservationsanslag:
706 1769 57 35 till
800 1770 127 46 övriga
964 1768 154 49 utgifter
1145 1768 58 37 för
1230 1770 184 36 skolverk-

313 1821 190 36 [5:54
375 1817 32 56 895
417 1817 25 56 [24
452 1817 29 56 0)
491 1817 4 56 4
512 1850 901 6 Va
1480 1822 133 39 11.000
1688 1832 134 43 '20,000

348 1902 36 48 2)
414 1905 243 36 Inkomster
684 1918 47 22 av
759 1902 490 38 affärsverksamheten:

263 1973 278 36 Intressemedel,
581 1972 211 49 förslägSViS
812 2002 600 7 =...
1349 1968 65 57 sena
1504 1975 108 35 1,000

263 2023 370 48 Försäljningsmedel,
675 2023 212 36 förslägsViS
913 2053 127 5 moss
1060 2054 351 6 mess
1477 2026 135 39 28,500
1687 2035 134 39 |--59,500

1248 2108 152 37 Summa
1415 2104 25 57 |
1477 2128 96 5 ——
1686 2112 133 35 79,300
