<?xml version="1.0" encoding="UTF-8"?>
<alto xmlns="http://www.loc.gov/standards/alto/ns-v3#" xmlns:xlink="http://www.w3.org/1999/xlink" xmlns:xsi="http://www.w3.org/2001/XMLSchema-instance" xsi:schemaLocation="http://www.loc.gov/standards/alto/ns-v3# http://www.loc.gov/alto/v3/alto-3-0.xsd">
	<Description>
		<MeasurementUnit>pixel</MeasurementUnit>
		<sourceImageInformation>
			<fileName>/tmp/tess_ymrefm8g_input.PNG</fileName>
		</sourceImageInformation>
		<OCRProcessing ID="OCR_0">
			<ocrProcessingStep>
				<processingSoftware>
					<softwareName>tesseract 5.3.0</softwareName>
				</processingSoftware>
			</ocrProcessingStep>
		</OCRProcessing>
	</Description>
	<Layout>
		<Page WIDTH="2148" HEIGHT="2614" PHYSICAL_IMG_NR="0" ID="page_0">
			<PrintSpace HPOS="0" VPOS="0" WIDTH="2148" HEIGHT="2614">
				<ComposedBlock ID="cblock_0" HPOS="363" VPOS="210" WIDTH="1114" HEIGHT="35">
					<TextBlock ID="block_0" HPOS="363" VPOS="210" WIDTH="1114" HEIGHT="35">
						<TextLine ID="line_0" HPOS="363" VPOS="210" WIDTH="1114" HEIGHT="35">
							<String ID="string_0" HPOS="363" VPOS="210" WIDTH="41" HEIGHT="31" WC="0.96" CONTENT="10"/><SP WIDTH="447" VPOS="210" HPOS="404"/>
							<String ID="string_1" HPOS="851" VPOS="211" WIDTH="252" HEIGHT="32" WC="0.90" CONTENT="Statsutskottets"/><SP WIDTH="21" VPOS="211" HPOS="1103"/>
							<String ID="string_2" HPOS="1124" VPOS="212" WIDTH="168" HEIGHT="32" WC="0.96" CONTENT="utlåtande"/><SP WIDTH="22" VPOS="212" HPOS="1292"/>
							<String ID="string_3" HPOS="1314" VPOS="212" WIDTH="54" HEIGHT="32" WC="0.95" CONTENT="Nr"/><SP WIDTH="23" VPOS="212" HPOS="1368"/>
							<String ID="string_4" HPOS="1391" VPOS="215" WIDTH="22" HEIGHT="29" WC="0.93" CONTENT="8"/><SP WIDTH="22" VPOS="215" HPOS="1413"/>
							<String ID="string_5" HPOS="1435" VPOS="213" WIDTH="42" HEIGHT="32" WC="0.93" CONTENT="B."/>
						</TextLine>
					</TextBlock>
				</ComposedBlock>
				<ComposedBlock ID="cblock_1" HPOS="128" VPOS="284" WIDTH="1829" HEIGHT="325">
					<TextBlock ID="block_1" HPOS="128" VPOS="284" WIDTH="1829" HEIGHT="325">
						<TextLine ID="line_1" HPOS="140" VPOS="284" WIDTH="1815" HEIGHT="61">
							<String ID="string_6" HPOS="140" VPOS="284" WIDTH="192" HEIGHT="61" WC="0.91" CONTENT="Uppehållan-"/><SP WIDTH="137" VPOS="284" HPOS="332"/>
							<String ID="string_7" HPOS="469" VPOS="287" WIDTH="104" HEIGHT="51" WC="0.62" CONTENT="21:0)"/><SP WIDTH="54" VPOS="287" HPOS="573"/>
							<String ID="string_8" HPOS="627" VPOS="291" WIDTH="20" HEIGHT="37" WC="0.96" CONTENT="I"/><SP WIDTH="28" VPOS="291" HPOS="647"/>
							<String ID="string_9" HPOS="675" VPOS="292" WIDTH="396" HEIGHT="37" WC="0.96" CONTENT="överensstämmelse"/><SP WIDTH="27" VPOS="292" HPOS="1071"/>
							<String ID="string_10" HPOS="1098" VPOS="293" WIDTH="94" HEIGHT="37" WC="0.96" CONTENT="med"/><SP WIDTH="28" VPOS="293" HPOS="1192"/>
							<String ID="string_11" HPOS="1220" VPOS="293" WIDTH="151" HEIGHT="49" WC="0.94" CONTENT="Kungl."/><SP WIDTH="31" VPOS="293" HPOS="1371"/>
							<String ID="string_12" HPOS="1402" VPOS="294" WIDTH="135" HEIGHT="49" WC="0.96" CONTENT="Maj:ts"/><SP WIDTH="22" VPOS="294" HPOS="1537"/>
							<String ID="string_13" HPOS="1559" VPOS="294" WIDTH="152" HEIGHT="49" WC="0.95" CONTENT="förslag"/><SP WIDTH="13" VPOS="294" HPOS="1711"/>
							<String ID="string_14" HPOS="1724" VPOS="290" WIDTH="147" HEIGHT="53" WC="0.96" CONTENT="(punkt"/><SP WIDTH="19" VPOS="290" HPOS="1871"/>
							<String ID="string_15" HPOS="1890" VPOS="292" WIDTH="65" HEIGHT="51" WC="0.96" CONTENT="20)"/>
						</TextLine>
						<TextLine ID="line_2" HPOS="129" VPOS="332" WIDTH="701" HEIGHT="62">
							<String ID="string_16" HPOS="129" VPOS="332" WIDTH="211" HEIGHT="62" WC="0.0" CONTENT="denne,"/><SP WIDTH="19" VPOS="332" HPOS="340"/>
							<String ID="string_17" HPOS="359" VPOS="344" WIDTH="237" HEIGHT="38" WC="0.95" CONTENT="hemställer"/><SP WIDTH="25" VPOS="344" HPOS="596"/>
							<String ID="string_18" HPOS="621" VPOS="346" WIDTH="209" HEIGHT="44" WC="0.96" CONTENT="utskottet,"/>
						</TextLine>
						<TextLine ID="line_3" HPOS="159" VPOS="400" WIDTH="1798" HEIGHT="48">
							<String ID="string_19" HPOS="159" VPOS="404" WIDTH="146" HEIGHT="43" WC="0.96" CONTENT="allmänna"/><SP WIDTH="588" VPOS="404" HPOS="305"/>
							<String ID="string_20" HPOS="893" VPOS="401" WIDTH="63" HEIGHT="35" WC="0.96" CONTENT="att"/><SP WIDTH="37" VPOS="401" HPOS="956"/>
							<String ID="string_21" HPOS="993" VPOS="400" WIDTH="215" HEIGHT="48" WC="0.96" CONTENT="riksdagen"/><SP WIDTH="37" VPOS="400" HPOS="1208"/>
							<String ID="string_22" HPOS="1245" VPOS="400" WIDTH="68" HEIGHT="36" WC="0.95" CONTENT="må"/><SP WIDTH="41" VPOS="400" HPOS="1313"/>
							<String ID="string_23" HPOS="1354" VPOS="401" WIDTH="66" HEIGHT="36" WC="0.96" CONTENT="till"/><SP WIDTH="37" VPOS="401" HPOS="1420"/>
							<String ID="string_24" HPOS="1457" VPOS="401" WIDTH="198" HEIGHT="37" WC="0.96" CONTENT="täckande"/><SP WIDTH="37" VPOS="401" HPOS="1655"/>
							<String ID="string_25" HPOS="1692" VPOS="414" WIDTH="50" HEIGHT="24" WC="0.93" CONTENT="av"/><SP WIDTH="27" VPOS="414" HPOS="1742"/>
							<String ID="string_26" HPOS="1769" VPOS="403" WIDTH="188" HEIGHT="37" WC="0.90" CONTENT="motsedd"/>
						</TextLine>
						<TextLine ID="line_4" HPOS="128" VPOS="439" WIDTH="1826" HEIGHT="63">
							<String ID="string_27" HPOS="128" VPOS="439" WIDTH="212" HEIGHT="62" WC="0.24" CONTENT="TE"/><SP WIDTH="447" VPOS="439" HPOS="340"/>
							<String ID="string_28" HPOS="787" VPOS="452" WIDTH="100" HEIGHT="37" WC="0.95" CONTENT="brist"/><SP WIDTH="39" VPOS="452" HPOS="887"/>
							<String ID="string_29" HPOS="926" VPOS="453" WIDTH="17" HEIGHT="36" WC="0.96" CONTENT="i"/><SP WIDTH="41" VPOS="453" HPOS="943"/>
							<String ID="string_30" HPOS="984" VPOS="453" WIDTH="331" HEIGHT="49" WC="0.94" CONTENT="räkenskaperna"/><SP WIDTH="40" VPOS="453" HPOS="1315"/>
							<String ID="string_31" HPOS="1355" VPOS="454" WIDTH="71" HEIGHT="47" WC="0.94" CONTENT="för"/><SP WIDTH="41" VPOS="454" HPOS="1426"/>
							<String ID="string_32" HPOS="1467" VPOS="455" WIDTH="216" HEIGHT="36" WC="0.93" CONTENT="allmänna"/><SP WIDTH="34" VPOS="455" HPOS="1683"/>
							<String ID="string_33" HPOS="1717" VPOS="455" WIDTH="237" HEIGHT="38" WC="0.91" CONTENT="barnbörds-"/>
						</TextLine>
						<TextLine ID="line_5" HPOS="192" VPOS="505" WIDTH="1761" HEIGHT="51">
							<String ID="string_34" HPOS="192" VPOS="511" WIDTH="87" HEIGHT="26" WC="0.96" CONTENT="holm."/><SP WIDTH="506" VPOS="511" HPOS="279"/>
							<String ID="string_35" HPOS="785" VPOS="506" WIDTH="119" HEIGHT="36" WC="0.94" CONTENT="huset"/><SP WIDTH="25" VPOS="506" HPOS="904"/>
							<String ID="string_36" HPOS="929" VPOS="506" WIDTH="15" HEIGHT="36" WC="0.96" CONTENT="i"/><SP WIDTH="29" VPOS="506" HPOS="944"/>
							<String ID="string_37" HPOS="973" VPOS="505" WIDTH="236" HEIGHT="38" WC="0.95" CONTENT="Stockholm"/><SP WIDTH="27" VPOS="505" HPOS="1209"/>
							<String ID="string_38" HPOS="1236" VPOS="507" WIDTH="53" HEIGHT="48" WC="0.92" CONTENT="på"/><SP WIDTH="27" VPOS="507" HPOS="1289"/>
							<String ID="string_39" HPOS="1316" VPOS="507" WIDTH="251" HEIGHT="49" WC="0.91" CONTENT="tilläggsstat"/><SP WIDTH="27" VPOS="507" HPOS="1567"/>
							<String ID="string_40" HPOS="1594" VPOS="508" WIDTH="61" HEIGHT="37" WC="0.96" CONTENT="för"/><SP WIDTH="28" VPOS="508" HPOS="1655"/>
							<String ID="string_41" HPOS="1683" VPOS="508" WIDTH="46" HEIGHT="36" WC="0.96" CONTENT="år"/><SP WIDTH="32" VPOS="508" HPOS="1729"/>
							<String ID="string_42" HPOS="1761" VPOS="511" WIDTH="100" HEIGHT="34" WC="0.93" CONTENT="1922"/><SP WIDTH="25" VPOS="511" HPOS="1861"/>
							<String ID="string_43" HPOS="1886" VPOS="522" WIDTH="67" HEIGHT="24" WC="0.93" CONTENT="an-"/>
						</TextLine>
						<TextLine ID="line_6" HPOS="192" VPOS="554" WIDTH="1641" HEIGHT="55">
							<String ID="string_44" HPOS="192" VPOS="554" WIDTH="88" HEIGHT="51" WC="0.63" CONTENT="[20.]"/><SP WIDTH="504" VPOS="554" HPOS="280"/>
							<String ID="string_45" HPOS="784" VPOS="560" WIDTH="87" HEIGHT="36" WC="0.96" CONTENT="visa"/><SP WIDTH="28" VPOS="560" HPOS="871"/>
							<String ID="string_46" HPOS="899" VPOS="561" WIDTH="61" HEIGHT="35" WC="0.93" CONTENT="ett"/><SP WIDTH="28" VPOS="561" HPOS="960"/>
							<String ID="string_47" HPOS="988" VPOS="560" WIDTH="322" HEIGHT="48" WC="0.91" CONTENT="förslagsanslag,"/><SP WIDTH="30" VPOS="560" HPOS="1310"/>
							<String ID="string_48" HPOS="1340" VPOS="560" WIDTH="131" HEIGHT="49" WC="0.93" CONTENT="högst,"/><SP WIDTH="31" VPOS="560" HPOS="1471"/>
							<String ID="string_49" HPOS="1502" VPOS="563" WIDTH="144" HEIGHT="43" WC="0.92" CONTENT="47,850"/><SP WIDTH="27" VPOS="563" HPOS="1646"/>
							<String ID="string_50" HPOS="1673" VPOS="562" WIDTH="160" HEIGHT="37" WC="0.96" CONTENT="kronor."/>
						</TextLine>
					</TextBlock>
				</ComposedBlock>
				<ComposedBlock ID="cblock_2" HPOS="540" VPOS="748" WIDTH="1237" HEIGHT="59">
					<TextBlock ID="block_2" HPOS="540" VPOS="748" WIDTH="1237" HEIGHT="59">
						<TextLine ID="line_7" HPOS="540" VPOS="748" WIDTH="1237" HEIGHT="59">
							<String ID="string_51" HPOS="540" VPOS="748" WIDTH="101" HEIGHT="56" WC="0.96" CONTENT="De"/><SP WIDTH="40" VPOS="748" HPOS="641"/>
							<String ID="string_52" HPOS="681" VPOS="749" WIDTH="367" HEIGHT="55" WC="0.96" CONTENT="allmänna"/><SP WIDTH="39" VPOS="749" HPOS="1048"/>
							<String ID="string_53" HPOS="1087" VPOS="750" WIDTH="425" HEIGHT="56" WC="0.93" CONTENT="läroverken"/><SP WIDTH="44" VPOS="750" HPOS="1512"/>
							<String ID="string_54" HPOS="1556" VPOS="766" WIDTH="89" HEIGHT="40" WC="0.90" CONTENT="m."/><SP WIDTH="42" VPOS="766" HPOS="1645"/>
							<String ID="string_55" HPOS="1687" VPOS="767" WIDTH="90" HEIGHT="40" WC="0.90" CONTENT="m."/>
						</TextLine>
					</TextBlock>
				</ComposedBlock>
				<ComposedBlock ID="cblock_3" HPOS="143" VPOS="870" WIDTH="1810" HEIGHT="215">
					<TextBlock ID="block_3" HPOS="143" VPOS="870" WIDTH="1810" HEIGHT="55">
						<TextLine ID="line_8" HPOS="143" VPOS="870" WIDTH="1810" HEIGHT="55">
							<String ID="string_56" HPOS="143" VPOS="876" WIDTH="162" HEIGHT="43" WC="0.90" CONTENT="Lokalhyra"/><SP WIDTH="161" VPOS="876" HPOS="305"/>
							<String ID="string_57" HPOS="466" VPOS="870" WIDTH="103" HEIGHT="51" WC="0.35" CONTENT="22:0)"/><SP WIDTH="28" VPOS="870" HPOS="569"/>
							<String ID="string_58" HPOS="597" VPOS="874" WIDTH="60" HEIGHT="37" WC="0.96" CONTENT="På"/><SP WIDTH="33" VPOS="874" HPOS="657"/>
							<String ID="string_59" HPOS="690" VPOS="875" WIDTH="133" HEIGHT="48" WC="0.96" CONTENT="grund"/><SP WIDTH="28" VPOS="875" HPOS="823"/>
							<String ID="string_60" HPOS="851" VPOS="887" WIDTH="51" HEIGHT="24" WC="0.96" CONTENT="av"/><SP WIDTH="28" VPOS="887" HPOS="902"/>
							<String ID="string_61" HPOS="930" VPOS="875" WIDTH="151" HEIGHT="49" WC="0.96" CONTENT="Kungl."/><SP WIDTH="30" VPOS="875" HPOS="1081"/>
							<String ID="string_62" HPOS="1111" VPOS="876" WIDTH="134" HEIGHT="48" WC="0.96" CONTENT="Maj:ts"/><SP WIDTH="28" VPOS="876" HPOS="1245"/>
							<String ID="string_63" HPOS="1273" VPOS="876" WIDTH="151" HEIGHT="48" WC="0.96" CONTENT="förslag"/><SP WIDTH="28" VPOS="876" HPOS="1424"/>
							<String ID="string_64" HPOS="1452" VPOS="872" WIDTH="145" HEIGHT="53" WC="0.96" CONTENT="(punkt"/><SP WIDTH="27" VPOS="872" HPOS="1597"/>
							<String ID="string_65" HPOS="1624" VPOS="872" WIDTH="66" HEIGHT="52" WC="0.96" CONTENT="21)"/><SP WIDTH="26" VPOS="872" HPOS="1690"/>
							<String ID="string_66" HPOS="1716" VPOS="877" WIDTH="237" HEIGHT="43" WC="0.96" CONTENT="hemställer"/>
						</TextLine>
					</TextBlock>
					<TextBlock ID="block_4" HPOS="152" VPOS="911" WIDTH="151" HEIGHT="32">
						<TextLine ID="line_9" HPOS="152" VPOS="911" WIDTH="151" HEIGHT="32">
							<String ID="string_67" HPOS="152" VPOS="911" WIDTH="45" HEIGHT="26" WC="0.96" CONTENT="för"/><SP WIDTH="19" VPOS="911" HPOS="197"/>
							<String ID="string_68" HPOS="216" VPOS="912" WIDTH="87" HEIGHT="31" WC="0.96" CONTENT="högre"/>
						</TextLine>
					</TextBlock>
					<TextBlock ID="block_5" HPOS="153" VPOS="923" WIDTH="413" HEIGHT="64">
						<TextLine ID="line_10" HPOS="153" VPOS="923" WIDTH="413" HEIGHT="64">
							<String ID="string_69" HPOS="153" VPOS="947" WIDTH="151" HEIGHT="26" WC="0.89" CONTENT="lärarinne-"/><SP WIDTH="52" VPOS="947" HPOS="304"/>
							<String ID="string_70" HPOS="356" VPOS="923" WIDTH="210" HEIGHT="64" WC="0.96" CONTENT="utskottet,"/>
						</TextLine>
					</TextBlock>
					<TextBlock ID="block_6" HPOS="146" VPOS="974" WIDTH="1806" HEIGHT="111">
						<TextLine ID="line_11" HPOS="146" VPOS="974" WIDTH="1805" HEIGHT="58">
							<String ID="string_71" HPOS="146" VPOS="974" WIDTH="174" HEIGHT="58" WC="0.95" CONTENT="seminariet."/><SP WIDTH="569" VPOS="974" HPOS="320"/>
							<String ID="string_72" HPOS="889" VPOS="984" WIDTH="63" HEIGHT="34" WC="0.96" CONTENT="att"/><SP WIDTH="40" VPOS="984" HPOS="952"/>
							<String ID="string_73" HPOS="992" VPOS="982" WIDTH="215" HEIGHT="49" WC="0.94" CONTENT="riksdagen"/><SP WIDTH="41" VPOS="982" HPOS="1207"/>
							<String ID="string_74" HPOS="1248" VPOS="983" WIDTH="68" HEIGHT="36" WC="0.94" CONTENT="må"/><SP WIDTH="39" VPOS="983" HPOS="1316"/>
							<String ID="string_75" HPOS="1355" VPOS="983" WIDTH="67" HEIGHT="36" WC="0.95" CONTENT="till"/><SP WIDTH="37" VPOS="983" HPOS="1422"/>
							<String ID="string_76" HPOS="1459" VPOS="983" WIDTH="223" HEIGHT="37" WC="0.96" CONTENT="beredande"/><SP WIDTH="32" VPOS="983" HPOS="1682"/>
							<String ID="string_77" HPOS="1714" VPOS="996" WIDTH="50" HEIGHT="24" WC="0.93" CONTENT="av"/><SP WIDTH="27" VPOS="996" HPOS="1764"/>
							<String ID="string_78" HPOS="1791" VPOS="984" WIDTH="160" HEIGHT="48" WC="0.90" CONTENT="ytterli-"/>
						</TextLine>
						<TextLine ID="line_12" HPOS="185" VPOS="1025" WIDTH="1767" HEIGHT="60">
							<String ID="string_79" HPOS="185" VPOS="1025" WIDTH="89" HEIGHT="51" WC="0.89" CONTENT="[21.]"/><SP WIDTH="505" VPOS="1025" HPOS="274"/>
							<String ID="string_80" HPOS="779" VPOS="1048" WIDTH="98" HEIGHT="35" WC="0.96" CONTENT="gare"/><SP WIDTH="27" VPOS="1048" HPOS="877"/>
							<String ID="string_81" HPOS="904" VPOS="1035" WIDTH="133" HEIGHT="37" WC="0.96" CONTENT="medel"/><SP WIDTH="26" VPOS="1035" HPOS="1037"/>
							<String ID="string_82" HPOS="1063" VPOS="1036" WIDTH="69" HEIGHT="47" WC="0.96" CONTENT="för"/><SP WIDTH="27" VPOS="1036" HPOS="1132"/>
							<String ID="string_83" HPOS="1159" VPOS="1036" WIDTH="49" HEIGHT="37" WC="0.96" CONTENT="år"/><SP WIDTH="28" VPOS="1036" HPOS="1208"/>
							<String ID="string_84" HPOS="1236" VPOS="1037" WIDTH="104" HEIGHT="36" WC="0.95" CONTENT="1922"/><SP WIDTH="29" VPOS="1037" HPOS="1340"/>
							<String ID="string_85" HPOS="1369" VPOS="1037" WIDTH="66" HEIGHT="36" WC="0.93" CONTENT="till"/><SP WIDTH="17" VPOS="1037" HPOS="1435"/>
							<String ID="string_86" HPOS="1452" VPOS="1036" WIDTH="256" HEIGHT="49" WC="0.92" CONTENT="förhyrande"/><SP WIDTH="19" VPOS="1036" HPOS="1708"/>
							<String ID="string_87" HPOS="1727" VPOS="1049" WIDTH="49" HEIGHT="24" WC="0.96" CONTENT="av"/><SP WIDTH="21" VPOS="1049" HPOS="1776"/>
							<String ID="string_88" HPOS="1797" VPOS="1037" WIDTH="155" HEIGHT="37" WC="0.96" CONTENT="lokaler"/>
						</TextLine>
					</TextBlock>
				</ComposedBlock>
				<ComposedBlock ID="cblock_4" HPOS="781" VPOS="1088" WIDTH="1171" HEIGHT="156">
					<TextBlock ID="block_7" HPOS="781" VPOS="1088" WIDTH="1171" HEIGHT="156">
						<TextLine ID="line_13" HPOS="782" VPOS="1088" WIDTH="1170" HEIGHT="51">
							<String ID="string_89" HPOS="782" VPOS="1089" WIDTH="69" HEIGHT="47" WC="0.96" CONTENT="för"/><SP WIDTH="36" VPOS="1089" HPOS="851"/>
							<String ID="string_90" HPOS="887" VPOS="1088" WIDTH="124" HEIGHT="49" WC="0.92" CONTENT="högre"/><SP WIDTH="38" VPOS="1088" HPOS="1011"/>
							<String ID="string_91" HPOS="1049" VPOS="1089" WIDTH="452" HEIGHT="38" WC="0.91" CONTENT="lärarinneseminariet"/><SP WIDTH="31" VPOS="1089" HPOS="1501"/>
							<String ID="string_92" HPOS="1532" VPOS="1089" WIDTH="195" HEIGHT="50" WC="0.96" CONTENT="beviljade"/><SP WIDTH="28" VPOS="1089" HPOS="1727"/>
							<String ID="string_93" HPOS="1755" VPOS="1090" WIDTH="197" HEIGHT="49" WC="0.96" CONTENT="anslagen"/>
						</TextLine>
						<TextLine ID="line_14" HPOS="781" VPOS="1142" WIDTH="1169" HEIGHT="50">
							<String ID="string_94" HPOS="781" VPOS="1142" WIDTH="139" HEIGHT="36" WC="0.96" CONTENT="anvisa"/><SP WIDTH="36" VPOS="1142" HPOS="920"/>
							<String ID="string_95" HPOS="956" VPOS="1142" WIDTH="53" HEIGHT="49" WC="0.93" CONTENT="på"/><SP WIDTH="34" VPOS="1142" HPOS="1009"/>
							<String ID="string_96" HPOS="1043" VPOS="1143" WIDTH="250" HEIGHT="48" WC="0.91" CONTENT="tilläggsstat"/><SP WIDTH="36" VPOS="1143" HPOS="1293"/>
							<String ID="string_97" HPOS="1329" VPOS="1143" WIDTH="62" HEIGHT="37" WC="0.96" CONTENT="för"/><SP WIDTH="28" VPOS="1143" HPOS="1391"/>
							<String ID="string_98" HPOS="1419" VPOS="1144" WIDTH="46" HEIGHT="36" WC="0.96" CONTENT="år"/><SP WIDTH="31" VPOS="1144" HPOS="1465"/>
							<String ID="string_99" HPOS="1496" VPOS="1144" WIDTH="99" HEIGHT="36" WC="0.96" CONTENT="1922"/><SP WIDTH="30" VPOS="1144" HPOS="1595"/>
							<String ID="string_100" HPOS="1625" VPOS="1145" WIDTH="58" HEIGHT="35" WC="0.93" CONTENT="ett"/><SP WIDTH="28" VPOS="1145" HPOS="1683"/>
							<String ID="string_101" HPOS="1711" VPOS="1143" WIDTH="239" HEIGHT="49" WC="0.92" CONTENT="förslagsan-"/>
						</TextLine>
						<TextLine ID="line_15" HPOS="781" VPOS="1195" WIDTH="595" HEIGHT="49">
							<String ID="string_102" HPOS="781" VPOS="1195" WIDTH="99" HEIGHT="49" WC="0.96" CONTENT="slag,"/><SP WIDTH="30" VPOS="1195" HPOS="880"/>
							<String ID="string_103" HPOS="910" VPOS="1195" WIDTH="131" HEIGHT="49" WC="0.93" CONTENT="högst,"/><SP WIDTH="32" VPOS="1195" HPOS="1041"/>
							<String ID="string_104" HPOS="1073" VPOS="1198" WIDTH="117" HEIGHT="43" WC="0.92" CONTENT="5,900"/><SP WIDTH="27" VPOS="1198" HPOS="1190"/>
							<String ID="string_105" HPOS="1217" VPOS="1197" WIDTH="159" HEIGHT="36" WC="0.96" CONTENT="kronor."/>
						</TextLine>
					</TextBlock>
				</ComposedBlock>
				<ComposedBlock ID="cblock_5" HPOS="136" VPOS="1270" WIDTH="1815" HEIGHT="216">
					<TextBlock ID="block_8" HPOS="136" VPOS="1270" WIDTH="1815" HEIGHT="67">
						<TextLine ID="line_16" HPOS="136" VPOS="1270" WIDTH="1815" HEIGHT="67">
							<String ID="string_106" HPOS="136" VPOS="1276" WIDTH="182" HEIGHT="61" WC="0.0" CONTENT="gris"/><SP WIDTH="146" VPOS="1276" HPOS="318"/>
							<String ID="string_107" HPOS="464" VPOS="1270" WIDTH="102" HEIGHT="51" WC="0.86" CONTENT="23:0)"/><SP WIDTH="28" VPOS="1270" HPOS="566"/>
							<String ID="string_108" HPOS="594" VPOS="1275" WIDTH="20" HEIGHT="36" WC="0.96" CONTENT="I"/><SP WIDTH="28" VPOS="1275" HPOS="614"/>
							<String ID="string_109" HPOS="642" VPOS="1275" WIDTH="181" HEIGHT="48" WC="0.96" CONTENT="enlighet"/><SP WIDTH="27" VPOS="1275" HPOS="823"/>
							<String ID="string_110" HPOS="850" VPOS="1276" WIDTH="94" HEIGHT="36" WC="0.96" CONTENT="med"/><SP WIDTH="27" VPOS="1276" HPOS="944"/>
							<String ID="string_111" HPOS="971" VPOS="1275" WIDTH="153" HEIGHT="50" WC="0.95" CONTENT="Kungl."/><SP WIDTH="29" VPOS="1275" HPOS="1124"/>
							<String ID="string_112" HPOS="1153" VPOS="1276" WIDTH="134" HEIGHT="49" WC="0.96" CONTENT="Maj:ts"/><SP WIDTH="19" VPOS="1276" HPOS="1287"/>
							<String ID="string_113" HPOS="1306" VPOS="1277" WIDTH="153" HEIGHT="48" WC="0.96" CONTENT="förslag"/><SP WIDTH="19" VPOS="1277" HPOS="1459"/>
							<String ID="string_114" HPOS="1478" VPOS="1273" WIDTH="144" HEIGHT="52" WC="0.96" CONTENT="(punkt"/><SP WIDTH="15" VPOS="1273" HPOS="1622"/>
							<String ID="string_115" HPOS="1637" VPOS="1272" WIDTH="65" HEIGHT="52" WC="0.96" CONTENT="22)"/><SP WIDTH="14" VPOS="1272" HPOS="1702"/>
							<String ID="string_116" HPOS="1716" VPOS="1277" WIDTH="235" HEIGHT="37" WC="0.96" CONTENT="hemställer"/>
						</TextLine>
					</TextBlock>
					<TextBlock ID="block_9" HPOS="150" VPOS="1313" WIDTH="174" HEIGHT="24">
						<TextLine ID="line_17" HPOS="150" VPOS="1313" WIDTH="174" HEIGHT="24">
							<String ID="string_117" HPOS="150" VPOS="1320" WIDTH="32" HEIGHT="17" WC="0.96" CONTENT="ör"/><SP WIDTH="18" VPOS="1320" HPOS="182"/>
							<String ID="string_118" HPOS="200" VPOS="1313" WIDTH="124" HEIGHT="24" WC="0.96" CONTENT="svenska"/>
						</TextLine>
					</TextBlock>
					<TextBlock ID="block_10" HPOS="141" VPOS="1323" WIDTH="424" HEIGHT="62">
						<TextLine ID="line_18" HPOS="141" VPOS="1323" WIDTH="424" HEIGHT="62">
							<String ID="string_119" HPOS="141" VPOS="1347" WIDTH="146" HEIGHT="33" WC="0.96" CONTENT="lärjungar"/><SP WIDTH="18" VPOS="1347" HPOS="287"/>
							<String ID="string_120" HPOS="305" VPOS="1348" WIDTH="9" HEIGHT="25" WC="0.96" CONTENT="i"/><SP WIDTH="40" VPOS="1348" HPOS="314"/>
							<String ID="string_121" HPOS="354" VPOS="1323" WIDTH="211" HEIGHT="62" WC="0.96" CONTENT="utskottet,"/>
						</TextLine>
					</TextBlock>
					<TextBlock ID="block_11" HPOS="147" VPOS="1379" WIDTH="1803" HEIGHT="107">
						<TextLine ID="line_19" HPOS="147" VPOS="1379" WIDTH="1800" HEIGHT="58">
							<String ID="string_122" HPOS="147" VPOS="1379" WIDTH="164" HEIGHT="58" WC="0.96" CONTENT="Frankrike."/><SP WIDTH="575" VPOS="1379" HPOS="311"/>
							<String ID="string_123" HPOS="886" VPOS="1384" WIDTH="63" HEIGHT="35" WC="0.96" CONTENT="att"/><SP WIDTH="36" VPOS="1384" HPOS="949"/>
							<String ID="string_124" HPOS="985" VPOS="1383" WIDTH="227" HEIGHT="49" WC="0.96" CONTENT="riksdagen,"/><SP WIDTH="39" VPOS="1383" HPOS="1212"/>
							<String ID="string_125" HPOS="1251" VPOS="1384" WIDTH="14" HEIGHT="36" WC="0.96" CONTENT="i"/><SP WIDTH="31" VPOS="1384" HPOS="1265"/>
							<String ID="string_126" HPOS="1296" VPOS="1384" WIDTH="132" HEIGHT="36" WC="0.96" CONTENT="likhet"/><SP WIDTH="26" VPOS="1384" HPOS="1428"/>
							<String ID="string_127" HPOS="1454" VPOS="1384" WIDTH="93" HEIGHT="37" WC="0.96" CONTENT="med"/><SP WIDTH="27" VPOS="1384" HPOS="1547"/>
							<String ID="string_128" HPOS="1574" VPOS="1384" WIDTH="80" HEIGHT="37" WC="0.96" CONTENT="vad"/><SP WIDTH="28" VPOS="1384" HPOS="1654"/>
							<String ID="string_129" HPOS="1682" VPOS="1384" WIDTH="62" HEIGHT="36" WC="0.96" CONTENT="för"/><SP WIDTH="28" VPOS="1384" HPOS="1744"/>
							<String ID="string_130" HPOS="1772" VPOS="1384" WIDTH="45" HEIGHT="36" WC="0.95" CONTENT="år"/><SP WIDTH="31" VPOS="1384" HPOS="1817"/>
							<String ID="string_131" HPOS="1848" VPOS="1385" WIDTH="99" HEIGHT="36" WC="0.96" CONTENT="1921"/>
						</TextLine>
						<TextLine ID="line_20" HPOS="191" VPOS="1426" WIDTH="1759" HEIGHT="60">
							<String ID="string_132" HPOS="191" VPOS="1426" WIDTH="90" HEIGHT="51" WC="0.88" CONTENT="[22.]"/><SP WIDTH="499" VPOS="1426" HPOS="281"/>
							<String ID="string_133" HPOS="780" VPOS="1438" WIDTH="71" HEIGHT="47" WC="0.96" CONTENT="ägt"/><SP WIDTH="40" VPOS="1438" HPOS="851"/>
							<String ID="string_134" HPOS="891" VPOS="1449" WIDTH="103" HEIGHT="33" WC="0.95" CONTENT="rum,"/><SP WIDTH="39" VPOS="1449" HPOS="994"/>
							<String ID="string_135" HPOS="1033" VPOS="1437" WIDTH="67" HEIGHT="36" WC="0.95" CONTENT="må"/><SP WIDTH="42" VPOS="1437" HPOS="1100"/>
							<String ID="string_136" HPOS="1142" VPOS="1438" WIDTH="131" HEIGHT="36" WC="0.96" CONTENT="såsom"/><SP WIDTH="41" VPOS="1438" HPOS="1273"/>
							<String ID="string_137" HPOS="1314" VPOS="1437" WIDTH="143" HEIGHT="49" WC="0.96" CONTENT="bidrag"/><SP WIDTH="43" VPOS="1437" HPOS="1457"/>
							<String ID="string_138" HPOS="1500" VPOS="1437" WIDTH="65" HEIGHT="37" WC="0.94" CONTENT="till"/><SP WIDTH="39" VPOS="1437" HPOS="1565"/>
							<String ID="string_139" HPOS="1604" VPOS="1437" WIDTH="258" HEIGHT="37" WC="0.96" CONTENT="bestridande"/><SP WIDTH="37" VPOS="1437" HPOS="1862"/>
							<String ID="string_140" HPOS="1899" VPOS="1450" WIDTH="51" HEIGHT="24" WC="0.96" CONTENT="av"/>
						</TextLine>
					</TextBlock>
				</ComposedBlock>
				<ComposedBlock ID="cblock_6" HPOS="776" VPOS="1490" WIDTH="1174" HEIGHT="196">
					<TextBlock ID="block_12" HPOS="776" VPOS="1490" WIDTH="1174" HEIGHT="196">
						<TextLine ID="line_21" HPOS="779" VPOS="1490" WIDTH="1171" HEIGHT="48">
							<String ID="string_141" HPOS="779" VPOS="1490" WIDTH="277" HEIGHT="37" WC="0.96" CONTENT="kostnaderna"/><SP WIDTH="45" VPOS="1490" HPOS="1056"/>
							<String ID="string_142" HPOS="1101" VPOS="1491" WIDTH="133" HEIGHT="37" WC="0.51" CONTENT="under"/><SP WIDTH="46" VPOS="1491" HPOS="1234"/>
							<String ID="string_143" HPOS="1280" VPOS="1491" WIDTH="152" HEIGHT="36" WC="0.88" CONTENT="läsåret"/><SP WIDTH="45" VPOS="1491" HPOS="1432"/>
							<String ID="string_144" HPOS="1477" VPOS="1492" WIDTH="267" HEIGHT="36" WC="0.51" CONTENT="1922—1923"/><SP WIDTH="43" VPOS="1492" HPOS="1744"/>
							<String ID="string_145" HPOS="1787" VPOS="1491" WIDTH="71" HEIGHT="47" WC="0.96" CONTENT="för"/><SP WIDTH="41" VPOS="1491" HPOS="1858"/>
							<String ID="string_146" HPOS="1899" VPOS="1503" WIDTH="51" HEIGHT="24" WC="0.96" CONTENT="en"/>
						</TextLine>
						<TextLine ID="line_22" HPOS="779" VPOS="1543" WIDTH="1170" HEIGHT="49">
							<String ID="string_147" HPOS="779" VPOS="1544" WIDTH="143" HEIGHT="36" WC="0.96" CONTENT="svensk"/><SP WIDTH="33" VPOS="1544" HPOS="922"/>
							<String ID="string_148" HPOS="955" VPOS="1543" WIDTH="233" HEIGHT="38" WC="0.96" CONTENT="studiekurs"/><SP WIDTH="27" VPOS="1543" HPOS="1188"/>
							<String ID="string_149" HPOS="1215" VPOS="1545" WIDTH="17" HEIGHT="35" WC="0.96" CONTENT="i"/><SP WIDTH="26" VPOS="1545" HPOS="1232"/>
							<String ID="string_150" HPOS="1258" VPOS="1544" WIDTH="234" HEIGHT="37" WC="0.96" CONTENT="Frankrike"/><SP WIDTH="28" VPOS="1544" HPOS="1492"/>
							<String ID="string_151" HPOS="1520" VPOS="1544" WIDTH="139" HEIGHT="37" WC="0.96" CONTENT="anvisa"/><SP WIDTH="27" VPOS="1544" HPOS="1659"/>
							<String ID="string_152" HPOS="1686" VPOS="1545" WIDTH="54" HEIGHT="47" WC="0.93" CONTENT="på"/><SP WIDTH="26" VPOS="1545" HPOS="1740"/>
							<String ID="string_153" HPOS="1766" VPOS="1544" WIDTH="183" HEIGHT="48" WC="0.90" CONTENT="tilläggs-"/>
						</TextLine>
						<TextLine ID="line_23" HPOS="777" VPOS="1597" WIDTH="1173" HEIGHT="48">
							<String ID="string_154" HPOS="777" VPOS="1599" WIDTH="81" HEIGHT="33" WC="0.96" CONTENT="stat"/><SP WIDTH="40" VPOS="1599" HPOS="858"/>
							<String ID="string_155" HPOS="898" VPOS="1597" WIDTH="62" HEIGHT="36" WC="0.96" CONTENT="för"/><SP WIDTH="42" VPOS="1597" HPOS="960"/>
							<String ID="string_156" HPOS="1002" VPOS="1597" WIDTH="45" HEIGHT="36" WC="0.95" CONTENT="år"/><SP WIDTH="44" VPOS="1597" HPOS="1047"/>
							<String ID="string_157" HPOS="1091" VPOS="1599" WIDTH="100" HEIGHT="35" WC="0.95" CONTENT="1922"/><SP WIDTH="38" VPOS="1599" HPOS="1191"/>
							<String ID="string_158" HPOS="1229" VPOS="1599" WIDTH="59" HEIGHT="34" WC="0.93" CONTENT="ett"/><SP WIDTH="28" VPOS="1599" HPOS="1288"/>
							<String ID="string_159" HPOS="1316" VPOS="1597" WIDTH="323" HEIGHT="48" WC="0.91" CONTENT="förslagsanslag,"/><SP WIDTH="29" VPOS="1597" HPOS="1639"/>
							<String ID="string_160" HPOS="1668" VPOS="1597" WIDTH="131" HEIGHT="48" WC="0.93" CONTENT="högst,"/><SP WIDTH="32" VPOS="1597" HPOS="1799"/>
							<String ID="string_161" HPOS="1831" VPOS="1598" WIDTH="119" HEIGHT="43" WC="0.91" CONTENT="3,000"/>
						</TextLine>
						<TextLine ID="line_24" HPOS="776" VPOS="1649" WIDTH="158" HEIGHT="37">
							<String ID="string_162" HPOS="776" VPOS="1649" WIDTH="158" HEIGHT="37" WC="0.95" CONTENT="kronor."/>
						</TextLine>
					</TextBlock>
				</ComposedBlock>
				<ComposedBlock ID="cblock_7" HPOS="123" VPOS="1727" WIDTH="1826" HEIGHT="574">
					<TextBlock ID="block_13" HPOS="123" VPOS="1727" WIDTH="1826" HEIGHT="574">
						<TextLine ID="line_25" HPOS="139" VPOS="1727" WIDTH="1810" HEIGHT="52">
							<String ID="string_163" HPOS="139" VPOS="1734" WIDTH="100" HEIGHT="33" WC="0.96" CONTENT="Bidrag"/><SP WIDTH="13" VPOS="1734" HPOS="239"/>
							<String ID="string_164" HPOS="252" VPOS="1735" WIDTH="55" HEIGHT="43" WC="0.96" CONTENT="till"/><SP WIDTH="151" VPOS="1735" HPOS="307"/>
							<String ID="string_165" HPOS="458" VPOS="1727" WIDTH="103" HEIGHT="50" WC="0.88" CONTENT="24:0)"/><SP WIDTH="41" VPOS="1727" HPOS="561"/>
							<String ID="string_166" HPOS="602" VPOS="1730" WIDTH="62" HEIGHT="37" WC="0.96" CONTENT="På"/><SP WIDTH="41" VPOS="1730" HPOS="664"/>
							<String ID="string_167" HPOS="705" VPOS="1730" WIDTH="132" HEIGHT="49" WC="0.96" CONTENT="grund"/><SP WIDTH="41" VPOS="1730" HPOS="837"/>
							<String ID="string_168" HPOS="878" VPOS="1742" WIDTH="52" HEIGHT="24" WC="0.96" CONTENT="av"/><SP WIDTH="40" VPOS="1742" HPOS="930"/>
							<String ID="string_169" HPOS="970" VPOS="1729" WIDTH="152" HEIGHT="49" WC="0.95" CONTENT="Kungl."/><SP WIDTH="43" VPOS="1729" HPOS="1122"/>
							<String ID="string_170" HPOS="1165" VPOS="1730" WIDTH="134" HEIGHT="49" WC="0.96" CONTENT="Maj:ts"/><SP WIDTH="41" VPOS="1730" HPOS="1299"/>
							<String ID="string_171" HPOS="1340" VPOS="1729" WIDTH="143" HEIGHT="37" WC="0.96" CONTENT="därom"/><SP WIDTH="36" VPOS="1729" HPOS="1483"/>
							<String ID="string_172" HPOS="1519" VPOS="1730" WIDTH="254" HEIGHT="36" WC="0.96" CONTENT="framställda"/><SP WIDTH="24" VPOS="1730" HPOS="1773"/>
							<String ID="string_173" HPOS="1797" VPOS="1730" WIDTH="152" HEIGHT="48" WC="0.96" CONTENT="förslag"/>
						</TextLine>
						<TextLine ID="line_26" HPOS="123" VPOS="1770" WIDTH="1824" HEIGHT="63">
							<String ID="string_174" HPOS="123" VPOS="1770" WIDTH="38" HEIGHT="62" WC="0.24" CONTENT="dö"/><SP WIDTH="2" VPOS="1770" HPOS="161"/>
							<String ID="string_175" HPOS="163" VPOS="1771" WIDTH="162" HEIGHT="61" WC="0.0" CONTENT="Slnin?"/><SP WIDTH="23" VPOS="1771" HPOS="325"/>
							<String ID="string_176" HPOS="348" VPOS="1780" WIDTH="149" HEIGHT="53" WC="0.96" CONTENT="(punkt"/><SP WIDTH="28" VPOS="1780" HPOS="497"/>
							<String ID="string_177" HPOS="525" VPOS="1780" WIDTH="65" HEIGHT="51" WC="0.96" CONTENT="23)"/><SP WIDTH="33" VPOS="1780" HPOS="590"/>
							<String ID="string_178" HPOS="623" VPOS="1784" WIDTH="76" HEIGHT="37" WC="0.96" CONTENT="och"/><SP WIDTH="27" VPOS="1784" HPOS="699"/>
							<String ID="string_179" HPOS="726" VPOS="1784" WIDTH="128" HEIGHT="36" WC="0.96" CONTENT="under"/><SP WIDTH="27" VPOS="1784" HPOS="854"/>
							<String ID="string_180" HPOS="881" VPOS="1783" WIDTH="246" HEIGHT="49" WC="0.95" CONTENT="hänvisning"/><SP WIDTH="27" VPOS="1783" HPOS="1127"/>
							<String ID="string_181" HPOS="1154" VPOS="1784" WIDTH="65" HEIGHT="36" WC="0.96" CONTENT="till"/><SP WIDTH="26" VPOS="1784" HPOS="1219"/>
							<String ID="string_182" HPOS="1245" VPOS="1783" WIDTH="271" HEIGHT="48" WC="0.95" CONTENT="utredningen"/><SP WIDTH="26" VPOS="1783" HPOS="1516"/>
							<String ID="string_183" HPOS="1542" VPOS="1784" WIDTH="15" HEIGHT="36" WC="0.95" CONTENT="i"/><SP WIDTH="28" VPOS="1784" HPOS="1557"/>
							<String ID="string_184" HPOS="1585" VPOS="1783" WIDTH="167" HEIGHT="37" WC="0.96" CONTENT="ärendet"/><SP WIDTH="27" VPOS="1783" HPOS="1752"/>
							<String ID="string_185" HPOS="1779" VPOS="1778" WIDTH="85" HEIGHT="52" WC="0.96" CONTENT="(sid."/><SP WIDTH="34" VPOS="1778" HPOS="1864"/>
							<String ID="string_186" HPOS="1898" VPOS="1785" WIDTH="49" HEIGHT="34" WC="0.95" CONTENT="55"/>
						</TextLine>
						<TextLine ID="line_27" HPOS="157" VPOS="1833" WIDTH="1318" HEIGHT="52">
							<String ID="string_187" HPOS="157" VPOS="1842" WIDTH="64" HEIGHT="33" WC="0.75" CONTENT="ljus:"/><SP WIDTH="20" VPOS="1842" HPOS="221"/>
							<String ID="string_188" HPOS="241" VPOS="1842" WIDTH="53" HEIGHT="25" WC="0.85" CONTENT="och"/><SP WIDTH="54" VPOS="1842" HPOS="294"/>
							<String ID="string_189" HPOS="348" VPOS="1839" WIDTH="107" HEIGHT="35" WC="0.70" CONTENT="—57"/><SP WIDTH="28" VPOS="1839" HPOS="455"/>
							<String ID="string_190" HPOS="483" VPOS="1838" WIDTH="15" HEIGHT="36" WC="0.93" CONTENT="i"/><SP WIDTH="26" VPOS="1838" HPOS="498"/>
							<String ID="string_191" HPOS="524" VPOS="1833" WIDTH="454" HEIGHT="52" WC="0.91" CONTENT="statsrådsprotokollet)"/><SP WIDTH="28" VPOS="1833" HPOS="978"/>
							<String ID="string_192" HPOS="1006" VPOS="1837" WIDTH="234" HEIGHT="37" WC="0.96" CONTENT="hemställer"/><SP WIDTH="26" VPOS="1837" HPOS="1240"/>
							<String ID="string_193" HPOS="1266" VPOS="1837" WIDTH="209" HEIGHT="44" WC="0.96" CONTENT="utskottet,"/>
						</TextLine>
						<TextLine ID="line_28" HPOS="139" VPOS="1878" WIDTH="1807" HEIGHT="60">
							<String ID="string_194" HPOS="139" VPOS="1878" WIDTH="164" HEIGHT="26" WC="0.13" CONTENT="VERSER"/><SP WIDTH="580" VPOS="1878" HPOS="303"/>
							<String ID="string_195" HPOS="883" VPOS="1893" WIDTH="62" HEIGHT="34" WC="0.95" CONTENT="att"/><SP WIDTH="28" VPOS="1893" HPOS="945"/>
							<String ID="string_196" HPOS="973" VPOS="1891" WIDTH="227" HEIGHT="47" WC="0.96" CONTENT="riksdagen,"/><SP WIDTH="21" VPOS="1891" HPOS="1200"/>
							<String ID="string_197" HPOS="1221" VPOS="1890" WIDTH="69" HEIGHT="36" WC="0.96" CONTENT="må"/><SP WIDTH="22" VPOS="1890" HPOS="1290"/>
							<String ID="string_198" HPOS="1312" VPOS="1890" WIDTH="62" HEIGHT="36" WC="0.96" CONTENT="för"/><SP WIDTH="23" VPOS="1890" HPOS="1374"/>
							<String ID="string_199" HPOS="1397" VPOS="1890" WIDTH="255" HEIGHT="36" WC="0.96" CONTENT="bestridande"/><SP WIDTH="20" VPOS="1890" HPOS="1652"/>
							<String ID="string_200" HPOS="1672" VPOS="1889" WIDTH="102" HEIGHT="37" WC="0.96" CONTENT="efter"/><SP WIDTH="17" VPOS="1889" HPOS="1774"/>
							<String ID="string_201" HPOS="1791" VPOS="1889" WIDTH="155" HEIGHT="49" WC="0.96" CONTENT="Kungl."/>
						</TextLine>
						<TextLine ID="line_29" HPOS="180" VPOS="1920" WIDTH="1769" HEIGHT="72">
							<String ID="string_202" HPOS="180" VPOS="1920" WIDTH="89" HEIGHT="51" WC="0.90" CONTENT="[23.]"/><SP WIDTH="507" VPOS="1920" HPOS="269"/>
							<String ID="string_203" HPOS="776" VPOS="1944" WIDTH="134" HEIGHT="48" WC="0.92" CONTENT="Maj:ts"/><SP WIDTH="28" VPOS="1944" HPOS="910"/>
							<String ID="string_204" HPOS="938" VPOS="1944" WIDTH="265" HEIGHT="48" WC="0.92" CONTENT="beprövande,"/><SP WIDTH="31" VPOS="1944" HPOS="1203"/>
							<String ID="string_205" HPOS="1234" VPOS="1956" WIDTH="49" HEIGHT="24" WC="0.96" CONTENT="av"/><SP WIDTH="28" VPOS="1956" HPOS="1283"/>
							<String ID="string_206" HPOS="1311" VPOS="1943" WIDTH="185" HEIGHT="49" WC="0.95" CONTENT="utgifter,"/><SP WIDTH="30" VPOS="1943" HPOS="1496"/>
							<String ID="string_207" HPOS="1526" VPOS="1955" WIDTH="88" HEIGHT="25" WC="0.96" CONTENT="som"/><SP WIDTH="18" VPOS="1955" HPOS="1614"/>
							<String ID="string_208" HPOS="1632" VPOS="1943" WIDTH="134" HEIGHT="37" WC="0.96" CONTENT="under"/><SP WIDTH="13" VPOS="1943" HPOS="1766"/>
							<String ID="string_209" HPOS="1779" VPOS="1944" WIDTH="49" HEIGHT="36" WC="0.96" CONTENT="år"/><SP WIDTH="15" VPOS="1944" HPOS="1828"/>
							<String ID="string_210" HPOS="1843" VPOS="1944" WIDTH="106" HEIGHT="36" WC="0.96" CONTENT="1922"/>
						</TextLine>
						<TextLine ID="line_30" HPOS="776" VPOS="1996" WIDTH="1170" HEIGHT="48">
							<String ID="string_211" HPOS="776" VPOS="1997" WIDTH="116" HEIGHT="37" WC="0.96" CONTENT="skola"/><SP WIDTH="28" VPOS="1997" HPOS="892"/>
							<String ID="string_212" HPOS="920" VPOS="1997" WIDTH="196" HEIGHT="37" WC="0.96" CONTENT="bestridas"/><SP WIDTH="29" VPOS="1997" HPOS="1116"/>
							<String ID="string_213" HPOS="1145" VPOS="2010" WIDTH="49" HEIGHT="24" WC="0.93" CONTENT="av"/><SP WIDTH="31" VPOS="2010" HPOS="1194"/>
							<String ID="string_214" HPOS="1225" VPOS="1997" WIDTH="98" HEIGHT="47" WC="0.91" CONTENT="ljus-"/><SP WIDTH="30" VPOS="1997" HPOS="1323"/>
							<String ID="string_215" HPOS="1353" VPOS="1996" WIDTH="75" HEIGHT="37" WC="0.93" CONTENT="och"/><SP WIDTH="27" VPOS="1996" HPOS="1428"/>
							<String ID="string_216" HPOS="1455" VPOS="1996" WIDTH="227" HEIGHT="37" WC="0.92" CONTENT="vedkassan"/><SP WIDTH="27" VPOS="1996" HPOS="1682"/>
							<String ID="string_217" HPOS="1709" VPOS="1996" WIDTH="72" HEIGHT="37" WC="0.93" CONTENT="vid"/><SP WIDTH="25" VPOS="1996" HPOS="1781"/>
							<String ID="string_218" HPOS="1806" VPOS="1996" WIDTH="140" HEIGHT="37" WC="0.88" CONTENT="veder-"/>
						</TextLine>
						<TextLine ID="line_31" HPOS="776" VPOS="2050" WIDTH="1170" HEIGHT="48">
							<String ID="string_219" HPOS="776" VPOS="2050" WIDTH="178" HEIGHT="37" WC="0.93" CONTENT="börande"/><SP WIDTH="28" VPOS="2050" HPOS="954"/>
							<String ID="string_220" HPOS="982" VPOS="2051" WIDTH="216" HEIGHT="36" WC="0.92" CONTENT="allmänna"/><SP WIDTH="29" VPOS="2051" HPOS="1198"/>
							<String ID="string_221" HPOS="1227" VPOS="2050" WIDTH="185" HEIGHT="37" WC="0.95" CONTENT="läroverk"/><SP WIDTH="28" VPOS="2050" HPOS="1412"/>
							<String ID="string_222" HPOS="1440" VPOS="2062" WIDTH="94" HEIGHT="25" WC="0.96" CONTENT="men"/><SP WIDTH="29" VPOS="2062" HPOS="1534"/>
							<String ID="string_223" HPOS="1563" VPOS="2062" WIDTH="85" HEIGHT="24" WC="0.96" CONTENT="som"/><SP WIDTH="29" VPOS="2062" HPOS="1648"/>
							<String ID="string_224" HPOS="1677" VPOS="2050" WIDTH="35" HEIGHT="48" WC="0.96" CONTENT="ej"/><SP WIDTH="20" VPOS="2050" HPOS="1712"/>
							<String ID="string_225" HPOS="1732" VPOS="2050" WIDTH="140" HEIGHT="36" WC="0.91" CONTENT="kunna"/><SP WIDTH="13" VPOS="2050" HPOS="1872"/>
							<String ID="string_226" HPOS="1885" VPOS="2051" WIDTH="61" HEIGHT="35" WC="0.91" CONTENT="ut-"/>
						</TextLine>
						<TextLine ID="line_32" HPOS="777" VPOS="2103" WIDTH="1170" HEIGHT="49">
							<String ID="string_227" HPOS="777" VPOS="2108" WIDTH="127" HEIGHT="44" WC="0.96" CONTENT="göras,"/><SP WIDTH="44" VPOS="2108" HPOS="904"/>
							<String ID="string_228" HPOS="948" VPOS="2104" WIDTH="135" HEIGHT="36" WC="0.96" CONTENT="därest"/><SP WIDTH="41" VPOS="2104" HPOS="1083"/>
							<String ID="string_229" HPOS="1124" VPOS="2105" WIDTH="35" HEIGHT="47" WC="0.93" CONTENT="ej"/><SP WIDTH="43" VPOS="2105" HPOS="1159"/>
							<String ID="string_230" HPOS="1202" VPOS="2104" WIDTH="371" HEIGHT="36" WC="0.89" CONTENT="terminsavifterna"/><SP WIDTH="39" VPOS="2104" HPOS="1573"/>
							<String ID="string_231" HPOS="1612" VPOS="2103" WIDTH="66" HEIGHT="36" WC="0.95" CONTENT="till"/><SP WIDTH="33" VPOS="2103" HPOS="1678"/>
							<String ID="string_232" HPOS="1711" VPOS="2103" WIDTH="236" HEIGHT="37" WC="0.96" CONTENT="densamma"/>
						</TextLine>
						<TextLine ID="line_33" HPOS="776" VPOS="2157" WIDTH="1169" HEIGHT="48">
							<String ID="string_233" HPOS="776" VPOS="2160" WIDTH="125" HEIGHT="34" WC="0.96" CONTENT="sättas"/><SP WIDTH="27" VPOS="2160" HPOS="901"/>
							<String ID="string_234" HPOS="928" VPOS="2157" WIDTH="66" HEIGHT="36" WC="0.96" CONTENT="till"/><SP WIDTH="27" VPOS="2157" HPOS="994"/>
							<String ID="string_235" HPOS="1021" VPOS="2157" WIDTH="125" HEIGHT="47" WC="0.95" CONTENT="högre"/><SP WIDTH="27" VPOS="2157" HPOS="1146"/>
							<String ID="string_236" HPOS="1173" VPOS="2157" WIDTH="142" HEIGHT="48" WC="0.95" CONTENT="belopp"/><SP WIDTH="30" VPOS="2157" HPOS="1315"/>
							<String ID="string_237" HPOS="1345" VPOS="2161" WIDTH="53" HEIGHT="32" WC="0.96" CONTENT="än"/><SP WIDTH="29" VPOS="2161" HPOS="1398"/>
							<String ID="string_238" HPOS="1427" VPOS="2158" WIDTH="50" HEIGHT="35" WC="0.95" CONTENT="25"/><SP WIDTH="29" VPOS="2158" HPOS="1477"/>
							<String ID="string_239" HPOS="1506" VPOS="2158" WIDTH="158" HEIGHT="43" WC="0.95" CONTENT="kronor,"/><SP WIDTH="30" VPOS="2158" HPOS="1664"/>
							<String ID="string_240" HPOS="1694" VPOS="2157" WIDTH="53" HEIGHT="48" WC="0.90" CONTENT="på"/><SP WIDTH="17" VPOS="2157" HPOS="1747"/>
							<String ID="string_241" HPOS="1764" VPOS="2157" WIDTH="181" HEIGHT="47" WC="0.90" CONTENT="tilläggs-"/>
						</TextLine>
						<TextLine ID="line_34" HPOS="777" VPOS="2210" WIDTH="1170" HEIGHT="49">
							<String ID="string_242" HPOS="777" VPOS="2213" WIDTH="80" HEIGHT="35" WC="0.96" CONTENT="stat"/><SP WIDTH="28" VPOS="2213" HPOS="857"/>
							<String ID="string_243" HPOS="885" VPOS="2211" WIDTH="61" HEIGHT="36" WC="0.97" CONTENT="för"/><SP WIDTH="20" VPOS="2211" HPOS="946"/>
							<String ID="string_244" HPOS="966" VPOS="2211" WIDTH="44" HEIGHT="36" WC="0.96" CONTENT="år"/><SP WIDTH="23" VPOS="2211" HPOS="1010"/>
							<String ID="string_245" HPOS="1033" VPOS="2211" WIDTH="99" HEIGHT="36" WC="0.96" CONTENT="1922"/><SP WIDTH="18" VPOS="2211" HPOS="1132"/>
							<String ID="string_246" HPOS="1150" VPOS="2211" WIDTH="141" HEIGHT="36" WC="0.96" CONTENT="anvisa"/><SP WIDTH="14" VPOS="2211" HPOS="1291"/>
							<String ID="string_247" HPOS="1305" VPOS="2212" WIDTH="59" HEIGHT="35" WC="0.92" CONTENT="ett"/><SP WIDTH="15" VPOS="2212" HPOS="1364"/>
							<String ID="string_248" HPOS="1379" VPOS="2210" WIDTH="313" HEIGHT="49" WC="0.92" CONTENT="förslagsanslag"/><SP WIDTH="16" VPOS="2210" HPOS="1692"/>
							<String ID="string_249" HPOS="1708" VPOS="2222" WIDTH="51" HEIGHT="24" WC="0.93" CONTENT="av"/><SP WIDTH="18" VPOS="2222" HPOS="1759"/>
							<String ID="string_250" HPOS="1777" VPOS="2210" WIDTH="170" HEIGHT="43" WC="0.89" CONTENT="100,000"/>
						</TextLine>
						<TextLine ID="line_35" HPOS="776" VPOS="2265" WIDTH="158" HEIGHT="36">
							<String ID="string_251" HPOS="776" VPOS="2265" WIDTH="158" HEIGHT="36" WC="0.96" CONTENT="kronor."/>
						</TextLine>
					</TextBlock>
				</ComposedBlock>
			</PrintSpace>
		</Page>
	</Layout>
</alto>
