1894 2831
421 165 113 31 Första
553 166 219 37 lagutskottets
791 169 159 33 utlåtande
968 180 38 22 nr
1023 171 45 32 26
1086 172 36 32 år
1140 172 88 32 1970
1553 184 17 28 3

83 243 112 31 medel.
216 244 15 30 I
250 244 151 33 brottmål
419 247 97 39 gäller
533 248 85 31 dock
636 249 10 30 i
663 249 90 40 fråga
771 260 54 21 om
843 251 123 32 biträde
985 253 32 31 åt
1035 254 61 31 den
1115 255 184 32 misstänkte
1318 258 251 32 bestämmelser-

83 305 41 21 na
142 296 10 30 i
170 297 297 41 rättegångsbalken
484 310 54 21 om
556 301 146 42 offentlig
719 303 186 33 försvarare.

128 350 64 31 Om
212 352 104 30 rätten
335 353 102 31 under
456 355 205 41 rättegången
680 357 104 32 finner
805 363 45 27 att
869 364 112 35 parten
1002 362 64 31 kan
1087 362 77 40 själv
1185 363 79 32 bära
1284 365 214 33 kostnaderna
1518 367 51 31 för

80 404 213 41 rättegången,
313 406 64 31 kan
393 409 104 30 rätten
514 409 154 32 förordna
686 416 44 26 att
747 412 168 32 förmånen
934 424 39 21 av
989 415 41 31 fri
1047 417 164 40 rättegång
1227 419 82 30 skall
1327 420 154 40 upphöra.

128 457 68 32 När
210 460 104 30 rätten
330 460 105 40 skiljer
451 462 96 32 målet
563 463 71 32 från
651 464 46 41 sig
713 465 80 31 skall
808 468 102 30 rätten
926 468 11 31 i
953 468 84 32 vissa
1052 470 57 31 fall
1124 471 152 40 förplikta
1292 473 149 41 antingen
1457 480 110 35 parten

82 511 77 31 eller
179 512 81 32 hans
282 519 140 35 motpart
444 521 44 26 att
511 516 161 41 återgälda
694 521 186 30 statsverket
901 522 214 33 kostnaderna
1136 525 10 30 i
1171 526 168 40 anledning
1362 537 39 21 av
1424 529 62 31 den
1508 529 59 31 fria

82 566 211 40 rättegången.
315 568 69 31 Har
403 574 112 35 parten
533 571 134 32 förlorat
685 573 169 32 förmånen
875 585 38 21 av
933 576 40 31 fri
993 578 171 40 rättegång,
1187 580 80 30 skall
1286 580 64 32 han
1369 582 11 30 i
1399 584 85 38 regel
1503 583 64 31 för-

82 619 115 38 pliktas
214 625 44 26 att
274 621 160 39 återgälda
450 623 222 33 kostnaderna.
691 627 180 40 Föreligger
887 629 120 32 sådana
1022 633 268 39 omständigheter
1306 644 70 21 som
1392 644 89 23 avses
1498 637 10 29 i
1526 637 38 29 31

82 671 72 40 kap.
173 673 20 30 2
214 673 14 36 $
247 674 306 41 rättegångsbalken,
571 677 49 32 får
636 679 354 43 betalningsskyldighet
1006 684 27 39 ej
1053 684 125 41 åläggas
1195 691 120 35 parten.

81 761 107 39 Lagen
205 773 54 21 om
275 766 173 37 ersättning
464 767 11 29 i
491 767 83 31 vissa
588 768 58 37 fall
661 769 33 31 åt
709 769 157 40 oskyldigt
881 772 137 32 häktade
1036 774 76 31 eller
1127 775 120 32 dömda
1263 787 41 21 m.
1318 777 34 37 fl.

125 834 79 31 Med
223 837 125 38 hänsyn
366 838 47 29 till
432 838 171 32 innehållet
628 839 5 31 i
652 841 200 32 motionerna
871 843 25 31 I:
912 844 63 30 503
999 845 62 31 och
1079 846 42 31 II:
1137 847 65 30 582
1223 848 54 31 må
1296 849 58 31 här
1374 850 118 32 erinras
1512 861 53 21 om

80 891 44 26 att
137 888 97 40 enligt
246 889 94 40 lagen
354 889 113 38 (1945:
487 892 75 37 118)
578 903 53 21 om
644 895 173 40 ersättning
829 896 10 31 i
853 896 82 32 vissa
948 898 57 31 fall
1019 898 32 32 åt
1064 900 158 41 oskyldigt
1234 902 138 32 häktade
1386 904 76 31 eller
1476 905 90 31 döm-

80 940 42 31 da
136 950 42 22 m.
193 941 34 32 fl.
245 942 91 40 utgår
351 944 81 31 efter
446 946 157 40 prövning
619 957 38 21 av
674 948 139 32 domstol
828 951 101 31 under
944 952 83 31 vissa
1043 953 188 41 betingelser
1247 956 191 33 skadestånd
1455 968 39 22 av
1511 959 55 31 all-

79 996 119 30 männa
212 996 106 31 medel
334 997 51 31 för
398 998 115 32 förlust
528 1000 61 30 och
604 1001 128 32 lidande
749 1012 69 22 som
833 1004 112 33 vållats
961 1015 40 22 av
1015 1006 376 44 frihetsinskränkningar
1406 1011 43 40 på
1465 1013 99 39 grund

80 1057 39 21 av
137 1048 103 32 beslut
256 1050 77 31 eller
349 1051 113 32 domar
480 1063 69 21 som
568 1055 179 32 sedermera
766 1057 127 32 ändrats
909 1059 77 31 eller
1002 1061 167 39 upphävts.
1189 1062 15 31 I
1221 1063 90 40 fråga
1328 1074 55 22 om
1400 1065 41 31 bl.
1458 1076 26 21 a.
1505 1067 61 30 den

79 1110 71 22 som
165 1102 59 31 har
238 1103 126 32 häktats
380 1105 76 31 eller
472 1107 146 32 anhållits
636 1110 34 29 är
685 1109 52 31 det
753 1120 40 21 en
808 1111 224 42 förutsättning
1047 1114 51 31 för
1114 1115 191 33 skadestånd
1323 1123 44 26 att
1382 1119 183 32 frikännan-

78 1155 41 30 de
137 1156 76 30 dom
231 1157 59 31 har
307 1159 184 38 meddelats,
513 1160 94 32 åtalet
624 1163 143 40 nedlagts
786 1165 77 31 eller
879 1165 330 43 förundersökningen
1227 1171 150 32 avslutats
1396 1177 77 27 utan
1492 1173 72 32 åtal.

79 1208 77 31 Rätt
171 1210 47 31 till
234 1211 173 41 ersättning
423 1213 168 41 föreligger
607 1216 65 31 inte
689 1226 53 21 om
760 1218 61 31 den
840 1228 69 22 som
928 1220 151 40 åtgärden
1097 1228 100 26 avsett
1212 1224 58 31 har
1287 1225 157 32 försvårat
1460 1228 105 31 utred-

78 1262 117 40 ningen
212 1264 77 31 eller
307 1265 79 39 själv
404 1267 200 41 uppsåtligen
622 1270 128 31 orsakat
770 1271 150 40 åtgärden
939 1274 75 31 eller
1031 1284 54 22 om
1105 1276 53 31 det
1176 1277 10 30 i
1206 1283 96 26 annat
1320 1279 57 31 fall
1395 1282 72 30 med
1487 1282 77 30 hän-

78 1325 58 30 syn
155 1317 47 30 till
222 1320 311 39 omständigheterna
552 1322 63 31 inte
638 1325 34 30 är
693 1325 113 40 skäligt
827 1331 44 26 att
890 1328 214 40 ersättningen
1124 1331 99 39 utgår.
1246 1332 46 31 På
1313 1334 101 38 grund
1436 1344 39 21 av
1496 1335 68 31 sist-

77 1371 141 30 nämnda
233 1371 224 33 bestämmelse
472 1375 64 30 kan
553 1376 191 32 skadestånd
760 1380 111 39 vägras
889 1380 10 30 i
915 1381 84 31 vissa
1014 1382 56 31 fall
1087 1383 41 31 då
1145 1385 170 41 anledning
1331 1386 46 31 till
1392 1388 172 32 misstanke

79 1423 132 39 alltjämt
226 1424 145 33 kvarstår
385 1432 69 26 mot
470 1428 63 31 den
549 1438 69 22 som
636 1430 88 31 blivit
739 1431 136 33 föremål
890 1434 52 31 för
957 1435 272 41 tvångsåtgärden.

122 1477 107 40 Enligt
247 1479 93 39 lagen
359 1480 91 40 utgår
469 1483 173 40 ersättning
660 1484 51 32 för
731 1486 114 31 mistad
867 1488 252 41 arbetsförtjänst
1138 1492 62 30 och
1221 1498 95 26 annat
1336 1494 124 41 intrång
1478 1497 11 30 i
1509 1499 55 28 nä-

77 1530 69 40 ring
162 1531 35 31 så
214 1532 62 31 ock
290 1532 52 32 för
357 1534 118 40 nödiga
491 1536 181 33 kostnader.
692 1539 63 31 Om
773 1541 176 40 synnerliga
966 1542 69 31 skäl
1053 1545 34 29 är
1104 1545 113 38 därtill,
1235 1546 50 32 får
1302 1549 171 40 ersättning
1489 1550 74 40 utgå

76 1583 119 39 jämväl
210 1585 52 31 för
276 1586 54 31 det
344 1587 127 32 lidande
487 1599 71 21 som
573 1590 156 41 intrånget
743 1593 11 30 i
769 1593 135 32 friheten
919 1596 147 32 medfört.

121 1638 90 31 Efter
229 1639 116 40 Kungl.
368 1641 110 40 Maj:ts
499 1643 253 41 bemyndigande
772 1646 58 32 har
849 1648 114 32 chefen
981 1650 51 31 för
1051 1651 368 42 justitiedepartementet
1439 1658 124 40 nyligen

77 1691 145 32 tillkallat
239 1702 42 22 en
300 1694 179 41 sakkunnig
497 1696 52 32 för
569 1707 40 21 en
628 1700 134 39 översyn
784 1710 39 21 av
842 1701 235 43 lagstiftningen
1097 1715 53 21 om
1170 1708 172 40 ersättning
1361 1711 74 30 med
1457 1713 106 30 anled-

75 1744 76 41 ning
174 1755 38 21 av
236 1747 135 40 oriktiga
391 1748 325 36 frihetsberövanden.
742 1754 15 30 I
780 1756 360 39 utredningsdirektiven
1162 1761 114 31 uttalas
1301 1762 40 31 bl.
1358 1772 26 22 a.
1410 1764 149 39 följande.

126 1824 83 31 1945
228 1825 49 31 års
292 1826 53 40 lag
359 1836 55 21 om
428 1828 173 40 ersättning
617 1829 31 31 åt
663 1830 158 40 oskyldigt
836 1832 138 32 häktade
990 1834 76 32 eller
1082 1836 119 32 dömda
1216 1847 41 21 m.
1272 1838 33 31 fl.
1323 1840 60 30 bör
1398 1841 165 39 upphävas

76 1870 62 30 och
152 1872 134 30 ersättas
302 1881 37 21 av
356 1881 39 21 en
409 1882 43 30 ny
465 1873 52 40 lag
532 1883 69 21 som
616 1875 137 40 reglerar
767 1876 106 40 frågor
888 1888 54 21 om
957 1881 173 40 ersättning
1145 1882 52 31 vid
1214 1883 62 31 alla
1290 1884 119 32 former
1424 1896 39 21 av
1479 1887 83 30 orik-

75 1914 63 40 tiga
154 1915 316 33 frihetsberövanden
486 1919 76 30 eller
579 1920 100 31 andra
694 1921 346 34 frihetsinskränkande
1058 1926 152 39 åtgärder.
1229 1929 228 41 Huvudregeln
1473 1932 11 30 i
1501 1932 61 30 den

76 1969 63 29 nya
157 1960 93 40 lagen
269 1961 60 31 bör
349 1972 76 21 vara
445 1967 43 26 att
509 1964 63 30 den
592 1974 70 22 som
683 1966 166 40 oförskyllt
869 1968 56 31 har
946 1970 89 30 blivit
1055 1971 141 32 berövad
1214 1974 77 30 eller
1310 1974 69 31 lidit
1398 1976 164 31 inskränk-

75 2004 112 40 ningar
205 2005 10 30 i
234 2006 48 31 sin
300 2008 181 39 personliga
498 2008 95 32 frihet
611 2019 114 30 genom
745 2016 43 26 ett
807 2012 186 41 ingripande
1010 2015 71 31 från
1101 2017 180 33 samhällets
1302 2020 77 37 sida,
1399 2021 96 31 vilket
1514 2031 48 22 se-

76 2050 145 31 dermera
233 2051 84 31 visar
331 2052 47 39 sig
391 2052 42 31 ha
447 2054 81 30 varit
542 2056 166 38 ogrundat,
725 2056 80 31 skall
819 2058 42 31 ha
874 2060 61 29 rätt
950 2059 45 31 till
1010 2062 172 39 ersättning
1197 2072 39 21 av
1251 2064 53 30 det
1319 2065 167 32 allmänna.
1504 2067 57 30 Er-

77 2095 255 40 sättningsrätten
349 2097 60 31 bör
427 2098 10 30 i
456 2098 122 41 princip
596 2100 152 41 föreligga
767 2102 82 32 både
868 2105 58 29 när
943 2104 165 41 ingreppet
1126 2107 58 31 har
1202 2108 82 31 skett
1302 2110 73 30 med
1391 2107 172 48 anledning

76 2149 39 20 av
129 2140 171 31 misstanke
314 2151 54 21 om
382 2142 86 31 brott
482 2144 75 30 eller
570 2146 58 29 när
641 2146 54 30 det
708 2148 200 31 uteslutande
921 2149 69 31 haft
1003 2150 191 33 karaktären
1209 2162 38 21 av
1261 2164 41 20 en
1316 2155 98 30 social
1429 2156 131 39 skydds-

75 2183 119 40 åtgärd.
212 2186 58 30 Att
284 2186 173 32 misstanke
473 2198 55 21 om
543 2189 85 32 brott
643 2191 143 31 kvarstår
801 2197 69 26 mot
884 2193 107 40 någon
1007 2205 69 21 som
1092 2196 125 32 häktats
1233 2198 77 31 eller
1326 2199 145 33 anhållits
1487 2211 75 21 men

76 2230 99 30 sedan
193 2231 27 38 ej
240 2231 122 31 kunnat
378 2232 114 31 bindas
510 2234 53 30 vid
581 2234 116 31 brottet
716 2236 75 31 eller
808 2242 69 26 mot
894 2238 106 40 någon
1018 2249 69 21 som
1106 2242 166 39 undergått
1291 2244 91 30 straff
1400 2255 73 20 men
1491 2247 71 30 där-

76 2274 80 31 efter
172 2275 142 37 frikänts,
333 2276 59 31 bör
407 2287 71 21 som
494 2279 85 39 regel
596 2279 64 31 inte
676 2280 33 31 få
726 2281 130 32 inverka
872 2283 43 39 på
931 2285 102 30 rätten
1049 2285 47 30 till
1113 2282 197 48 gottgörelse.

120 2319 65 30 Vid
204 2320 237 41 utformningen
461 2332 39 21 av
518 2328 44 26 ett
580 2329 68 34 nytt
668 2330 115 34 system
802 2327 101 31 måste
923 2329 129 38 givetvis
1073 2332 91 37 göras
1184 2332 84 31 vissa
1286 2333 247 42 begränsningar
1551 2336 10 30 i

74 2364 299 41 ersättningsrätten.
394 2367 189 41 Uppenbart
601 2371 35 30 är
653 2375 44 26 att
715 2371 63 31 den
796 2372 242 33 skadelidandes
1056 2384 80 31 egen
1153 2376 194 33 medverkan
1366 2380 80 30 skall
1464 2381 96 31 beak-

73 2413 48 26 tas
140 2419 71 22 som
231 2412 101 38 grund
352 2412 51 31 för
420 2413 165 41 jämkning
604 2424 40 21 av
663 2417 212 40 ersättningen
894 2419 95 39 enligt
1009 2420 160 32 allmänna
1188 2423 100 39 regler
1308 2433 53 21 om
1381 2426 120 30 verkan
1521 2436 38 21 av

75 2454 230 32 medvållande.
327 2456 15 30 I
362 2457 123 40 princip
505 2458 59 31 bör
582 2459 63 30 den
662 2460 229 32 skadelidande
909 2462 109 32 kunna
1035 2464 35 31 få
1088 2466 57 29 full
1164 2468 190 38 gottgörelse
1370 2469 51 30 för
1440 2470 122 31 direkta

74 2499 126 39 utgifter
218 2501 63 30 och
299 2501 172 32 kostnader
489 2512 70 22 som
579 2504 164 41 ingreppet
762 2506 58 32 har
838 2507 156 33 föranlett.
1017 2510 78 31 Men
1114 2512 59 30 när
1191 2511 53 31 det
1264 2513 96 39 gäller
1380 2514 180 41 förmögen-

78 2571 28 25 1"
121 2585 35 3 —
171 2571 108 33 Bihang
293 2572 40 26 till
348 2573 160 33 riksdagens
521 2576 142 31 protokoll
678 2577 76 26 1970.
768 2578 16 26 9
798 2579 77 26 saml.
892 2581 13 24 I
921 2580 62 26 avd.
997 2582 42 25 Nr
1053 2582 33 25 26
