2226 2616
199 2246 137 26 Motioner.

433 149 42 33 66
849 152 341 33 Jordbruksutskottets
1212 153 162 33 utlåtande
1397 153 52 33 Nr
1474 156 28 30 1.

389 229 206 48 föreslagit.
651 230 67 36 Att
746 231 205 36 inskränka
980 233 173 47 anslaget
1181 233 56 35 till
1265 246 145 23 samma
1438 233 148 49 belopp,
1615 247 80 23 som
1725 248 46 22 av
1784 234 204 49 riksdagen

388 280 176 48 beviljats
593 281 58 36 för
678 282 256 37 innevarande
963 286 50 44 år,
1043 284 88 36 eller
1158 286 165 46 464,000
1351 285 150 47 kronor,
1531 286 119 35 skulle
1679 286 168 37 däremot
1867 287 121 48 enligt

388 333 96 35 hans
513 333 155 49 mening
695 334 178 37 innebära
901 348 46 23 en
976 336 125 36 alltför
1129 336 102 36 stark
1264 337 211 36 reduktion.
1532 337 56 36 Då
1621 338 62 36 det
1711 351 46 23 av
1783 338 205 48 riksdagen

388 387 40 33 år
473 386 95 34 1911
613 385 57 36 för
711 386 212 37 ändamålet
964 387 186 49 beviljade
1183 389 172 48 anslaget
1396 389 179 48 utgjorde
1603 391 203 46 2,788,000
1834 390 153 46 kronor,

388 441 100 31 samt
529 436 116 36 härav
677 437 114 37 redan
820 451 88 24 vore
937 439 178 37 anvisade
1143 440 60 36 för
1231 443 87 33 åren
1349 442 254 34 1912—1914
1631 441 159 49 tillhopa
1823 443 164 46 928,000

389 487 150 48 kronor,
573 489 186 36 återstode
793 490 105 36 alltså
931 504 47 23 av
1011 492 171 48 anslaget
1224 497 53 31 att
1305 493 130 35 anvisa
1462 498 54 30 ett
1544 492 135 50 belopp
1709 506 46 22 av
1786 495 201 46 1,860,000

388 539 148 37 kronor.
590 540 83 36 Ifall
715 555 88 22 man
844 555 49 23 nu
922 543 11 35 i
967 543 188 36 avvaktan
1182 546 48 46 på
1258 557 46 23 en
1334 557 76 23 mer
1437 544 206 49 detaljerad
1671 545 316 48 anvisningsplan

388 591 214 37 beräknade
635 592 102 37 detta
764 593 135 50 belopp
928 594 77 36 lika
1033 595 159 36 fördelat
1219 596 57 35 till
1318 595 188 49 utgående
1547 596 118 36 under
1706 602 54 30 tre
1788 599 50 44 år,
1869 597 119 36 skulle

388 646 48 46 på
464 646 40 33 år
535 645 94 35 1915
659 644 134 50 belöpa
821 646 228 48 tredjedelen
1077 647 85 35 med
1192 649 162 44 620,000
1375 648 148 36 kronor.
1572 646 242 38 Sistnämnda
1842 661 146 23 summa

388 698 123 46 ansåg
547 695 413 50 departementschefen
1002 699 60 48 sig
1099 698 126 37 därför
1265 698 91 38 böra
1396 699 190 48 tillstyrka
1613 700 57 35 till
1698 699 205 37 anvisande
1931 700 58 36 för

389 747 121 48 sagda
551 750 49 34 år.
656 748 82 36 Vad
786 749 406 50 hamnanläggningen
1228 750 63 36 vid
1335 750 231 37 Grundsund
1607 751 217 47 beträffade,
1868 755 121 45 ansåg

388 798 412 50 departementschefen
828 801 63 36 vid
919 802 99 36 valet
1046 802 137 36 mellan
1212 803 62 35 alt.
1307 802 27 36 B
1363 803 69 36 och
1461 803 64 36 det
1545 816 74 36 nya
1638 804 61 35 alt.
1723 803 29 37 C
1773 803 63 36 det
1856 817 131 23 senare

388 850 238 37 alternativet
654 852 99 36 hava
781 852 192 37 bestämda
1002 853 223 37 företräden.
1270 853 102 38 Gent
1399 860 102 30 emot
1528 859 93 44 väg-
1642 855 69 36 och
1731 855 256 49 vattenbygg-

388 902 299 50 nadsstyrelsens
729 903 192 38 bestämda
964 906 262 47 avstyrkande,
1269 906 92 36 fann
1402 906 76 36 han
1519 907 61 47 sig
1621 907 95 36 dock
1751 907 82 36 icke
1860 907 128 36 kunna

389 954 151 36 förorda
580 955 400 51 lantbruksstyrelsens
1023 957 143 49 förslag
1199 971 60 23 om
1287 957 275 50 vågbrytarens
1590 958 249 48 uteslutande,
1869 959 119 35 ehuru

388 1006 211 36 kostnaden
641 1008 120 36 skulle
802 1009 219 46 därigenom
1062 1008 230 49 nedbringas
1333 1010 115 47 högst
1489 1010 214 48 väsentligt.
1763 1010 73 36 Det
1875 1023 112 36 synes

389 1057 140 36 honom
557 1058 187 50 knappast
773 1061 201 47 antagligt,
1005 1065 55 31 att
1086 1066 92 31 utan
1205 1060 228 49 vågbrytare
1452 1074 47 23 en
1519 1061 366 50 hamnanläggning,
1906 1075 81 23 som

392 1110 11 34 1
446 1110 126 48 övrigt
611 1111 168 36 utfördes
821 1112 118 48 enligt
981 1113 61 35 alt.
1074 1112 42 48 C,
1145 1112 120 36 skulle
1292 1113 129 35 kunna
1462 1112 135 37 bereda
1634 1114 141 36 sådana
1812 1114 175 46 fördelar,

392 1173 81 24 som
503 1162 155 36 svarade
686 1169 78 30 mot
792 1163 264 49 kostnaderna,
1085 1169 88 31 enär
1201 1164 62 36 det
1286 1166 43 47 ju
1365 1165 80 48 just
1486 1178 89 23 vore
1618 1166 57 35 för
1703 1164 210 37 beredande
1941 1179 47 22 av

392 1212 122 50 skydd
546 1213 63 36 vid
655 1214 83 36 hårt
782 1215 124 47 väder,
949 1216 219 48 isynnerhet
1208 1217 83 35 från
1333 1216 193 48 nordväst,
1568 1230 80 22 som
1690 1217 182 36 hamnens
1914 1217 74 37 för-

392 1264 198 37 bättrande
626 1279 88 23 vore
742 1266 208 49 behövligt,
980 1281 85 23 men
1094 1268 220 49 inlöpandet
1341 1269 11 35 i
1382 1268 45 37 de
1469 1269 91 46 inre,
1602 1268 192 50 skyddade
1836 1269 152 37 delarna

392 1330 47 22 av
481 1317 218 36 densamma
740 1319 63 36 vid
845 1319 133 36 sådant
1019 1320 114 36 väder
1166 1320 120 36 skulle
1320 1327 89 29 utan
1438 1319 275 50 vågbrytarens
1745 1320 121 50 skydd
1898 1335 90 22 vara

392 1369 243 49 synnerligen
673 1371 201 49 vanskligt.
930 1371 418 49 Hamnanläggningen
1382 1372 121 49 enligt
1536 1373 62 35 alt.
1631 1372 28 36 C
1689 1379 128 42 syntes
1846 1373 140 36 honom

392 1419 91 37 böra
523 1427 134 42 genast
697 1422 143 36 utföras
881 1423 11 36 i
933 1422 86 37 hela
1052 1423 72 36 den
1160 1423 274 48 utsträckning,
1463 1436 81 23 som
1573 1423 367 51 kostnadsförslaget
1967 1427 21 34 å

393 1474 165 46 846,400
586 1473 138 36 kronor
752 1477 151 46 avsåge.
1037 1517 9 7 .

522 1524 17 36 I
567 1524 107 50 fråga
702 1538 61 24 om
792 1526 163 36 hamnen
984 1526 11 36 i
1024 1526 112 37 Östra
1155 1533 97 43 torp,
1273 1527 232 37 beträffande
1524 1541 86 23 vars
1630 1528 238 49 anläggning
1890 1530 94 35 1911

392 1579 60 33 års
480 1576 157 49 riksdag
665 1577 68 36 hos
762 1578 140 49 Kungl.
932 1578 106 49 Maj:t
1067 1578 155 37 anhållit
1251 1592 59 24 om
1339 1579 205 49 utredning
1571 1580 71 36 och
1671 1580 153 49 förslag,
1854 1581 68 36 har
1939 1583 48 46 på

392 1632 93 44 väg-
514 1628 70 36 och
611 1629 539 50 vattenbyggnadsstyrelsens
1178 1631 298 37 föranstaltande
1505 1632 255 48 arbetsplaner
1787 1632 70 36 och
1885 1632 102 36 kost-

393 1679 240 48 nadsförslag
672 1681 205 37 utarbetats
918 1682 72 36 och
1031 1682 97 37 hava
1171 1683 252 36 kostnaderna
1452 1683 59 36 för
1538 1683 287 48 ifrågavarande
1854 1683 132 36 hamn-

392 1731 238 49 anläggning
658 1732 199 38 beräknats
885 1734 56 35 till
973 1735 161 47 180,000
1162 1735 148 36 kronor.
1366 1735 55 36 De
1450 1735 8 36 i
1490 1735 153 37 ärendet
1674 1735 116 36 hörda
1810 1735 177 49 myndig-

391 1783 155 36 heterna
573 1783 108 48 hava,
711 1785 117 36 under
855 1785 273 37 framhållande
1156 1800 46 22 av
1221 1786 161 37 behovet
1401 1787 70 36 och
1492 1792 133 44 nyttan
1646 1800 46 23 av
1711 1800 47 23 en
1776 1787 210 36 fiskehamn

392 1837 21 33 å
441 1834 123 36 denna
592 1836 108 48 plats,
730 1837 179 48 tillstyrkt
929 1838 403 49 bamnanläggningen
1352 1839 132 48 ifråga.
1528 1839 73 35 Det
1620 1839 58 35 för
1699 1839 287 49 anläggningen

391 1886 215 37 beräknade
632 1888 333 50 kostnadsbelopp,
989 1890 160 46 180,000
1169 1890 150 48 kronor,
1340 1890 68 36 har
1427 1890 415 50 departementschefen
1863 1891 124 36 funnit

391 1938 84 36 icke
516 1938 146 37 behöva
689 1940 150 37 anvisas
868 1941 56 36 till
952 1942 188 47 utgående
1168 1942 12 35 i
1209 1942 58 36 sin
1295 1942 126 37 helhet
1449 1942 119 36 under
1595 1948 52 30 ett
1676 1942 69 37 och
1774 1956 143 23 samma
1945 1945 41 33 år

392 1995 91 30 utan
522 1990 127 37 kunna
690 1991 162 37 fördelas
893 1992 86 37 med
1011 1994 160 47 100,000
1200 1994 139 36 kronor
1365 1994 120 37 under
1514 1994 62 36 det
1604 1994 116 36 första
1747 1995 70 36 och
1847 1996 138 45 80,000

392 2041 140 37 kronor
559 2042 117 37 under
700 2043 64 36 det
792 2044 115 36 andra
935 2051 88 29 året.

524 2094 237 37 Beträffande
802 2096 254 48 utredningen
1084 2097 11 35 i
1124 2098 158 36 ärendet
1310 2098 10 35 i
1350 2098 127 49 övrigt
1519 2098 55 36 får
1613 2098 181 36 utskottet
1827 2098 159 36 hänvisa

393 2144 55 36 till
478 2146 410 49 statsrådsprotokollet
916 2148 68 36 sid.
1018 2150 211 36 146—179.

520 2232 17 35 I
566 2233 101 36 detta
695 2234 275 49 sammanhang
998 2235 68 36 har
1093 2236 183 36 utskottet
1304 2236 54 36 till
1386 2235 235 48 behandling
1648 2235 164 37 förehaft
1848 2241 137 32 tvenne

389 2282 100 36 inom
513 2284 223 50 riksdagens
758 2284 115 37 andra
892 2286 191 37 kammare
1103 2288 146 46 väckta,
1271 2288 55 36 till
1337 2287 393 49 jordbruksutskottet
1744 2288 242 37 remitterade
