1920 2852
114 698 149 29 Utskottet.

296 144 39 31 12
706 148 114 29 Första
842 149 223 34 lagutskottets
1086 149 164 31 utlåtande
1273 151 48 29 Nr
1343 151 49 31 40.

343 229 65 33 Att
427 230 110 33 direkt
558 231 11 32 i
589 232 98 38 lagen
705 236 124 35 utsäga
849 238 51 28 att
918 246 142 21 mannen
1080 235 85 33 blott
1184 236 61 32 har
1268 240 69 29 rätt
1356 241 52 28 att
1426 238 54 32 till
1503 239 52 31 sin
1575 239 120 33 hustru
1716 245 92 27 över-

298 271 71 33 låta
392 273 37 31 så
452 277 69 28 stor
547 273 53 32 del
622 286 42 20 av
688 286 39 20 en
751 275 88 38 årlig
862 276 338 40 inkomstbesparing,
1227 290 70 20 som
1322 279 154 38 skäligen
1501 280 68 32 kan
1596 293 96 20 anses
1717 282 90 33 hava

296 313 213 39 uppkommit
532 326 118 27 genom
673 316 121 33 hennes
818 318 216 39 åtgöranden,
1059 331 78 20 vore
1159 320 189 38 självfallet
1371 321 68 33 inte
1464 322 195 40 tillrådligt,
1684 323 43 33 då
1751 324 56 33 det

297 355 12 31 1
331 354 181 40 praktiken
535 357 74 33 ofta
631 358 93 32 torde
746 359 75 32 visa
846 359 53 38 sig
921 360 216 39 synnerligen
1160 362 94 33 svårt
1279 366 52 29 att
1354 368 135 34 avgöra,
1515 364 64 32 hur
1604 369 70 28 stor
1699 365 108 34 denna

298 395 53 34 del
373 397 174 39 verkligen
571 403 48 29 är.
653 399 215 40 Lämpligast
891 402 94 32 torde
1008 403 12 31 i
1044 403 113 32 stället
1180 404 108 38 enligt
1310 405 61 32 vår
1396 406 135 38 mening
1553 418 84 21 vara
1661 410 51 30 att
1732 407 76 34 helt

297 438 112 33 enkelt
433 439 223 39 komplettera
680 442 116 38 lagens
824 443 186 38 stadgande
1035 456 62 26 om,
1125 449 51 29 att
1200 446 100 38 högst
1325 446 131 33 hälften
1484 460 43 20 av
1551 449 77 37 vad,
1654 461 70 21 som
1751 450 53 32 be-

298 484 142 35 sparats,
466 482 55 31 får
545 483 176 39 överlåtas,
746 485 74 32 med
843 497 39 20 en
906 486 232 33 bestämmelse
1161 499 52 21 om
1236 492 49 28 ett
1309 489 87 32 visst
1419 490 133 32 absolut
1577 491 131 39 belopp,
1734 503 72 21 som

296 521 274 41 förskrivningen
588 525 12 31 i
620 525 84 32 intet
722 526 65 32 fall
806 527 55 31 får
880 528 180 38 överstiga.
1098 529 141 33 Fixerar
1259 542 77 20 man
1357 530 93 34 detta
1470 532 260 40 maximibelopp
1751 534 55 32 till

296 563 201 40 förslagsvis
523 567 117 37 10,000
663 566 131 40 kronor,
818 569 94 32 torde
934 570 47 32 all
1003 570 114 38 rimlig
1139 571 132 38 hänsyn
1294 572 45 33 ha
1360 573 105 38 tagits
1491 574 55 32 till
1568 575 161 33 hustruns
1751 576 53 32 be-

295 606 169 38 rättigade
483 607 175 35 intressen.

341 696 116 34 Såsom
474 709 43 21 av
534 698 212 35 förarbetena
763 701 53 33 till
835 703 19 31 8
871 702 78 40 kap.
968 704 19 31 3
1007 703 18 39 $
1042 703 316 39 giftermålsbalken
1377 706 162 39 framgår,
1558 708 138 33 innebär
1709 709 92 33 detta

292 747 187 39 stadgande
491 753 49 29 ett
552 750 317 35 tillfredsställande
882 765 43 20 av
934 753 121 33 kravet
1076 758 51 29 att
1149 755 96 33 make
1267 756 59 32 bör
1339 757 130 33 erhålla
1490 757 53 33 del
1556 769 43 23 av
1621 758 105 33 andra
1736 770 67 21 må-

292 796 82 34 kens
395 797 232 41 besparingar.
671 800 149 34 Särskilt
841 803 135 38 åsyftas
999 805 121 32 härvid
1144 805 39 32 de
1208 806 127 33 talrika
1356 806 74 39 fall,
1456 807 42 32 då
1523 820 143 20 mannen
1689 818 114 23 ensam

293 847 110 33 driver
431 848 371 36 förvärvsverksamhet
829 865 73 20 men
930 853 266 40 besparingarna
1224 856 45 38 på
1297 868 158 21 mannens
1486 857 148 34 inkomst
1662 858 55 33 till
1745 864 57 28 vä-

292 898 124 38 sentlig
434 898 53 33 del
506 904 57 29 äro
584 904 52 29 att
654 900 170 35 tillskriva
846 903 56 32 det
921 907 78 35 sätt,
1019 906 106 37 varpå
1145 905 143 33 hustrun
1310 906 144 34 förestår
1478 906 62 34 den
1560 908 72 33 inre
1653 909 149 32 hushåll-

292 947 132 39 ningen.
470 947 68 35 Det
561 949 62 33 har
644 950 73 34 icke
740 951 78 34 låtit
840 952 53 39 sig
917 958 82 33 göra
1024 958 50 28 att
1097 954 123 33 fastslå
1244 955 170 34 allmänna
1438 957 118 40 regler,
1581 958 107 39 enligt
1706 959 96 32 vilka

291 1008 40 22 en
358 998 97 38 dylik
480 999 194 40 fördelning
700 1000 111 34 kunde
837 1003 74 32 med
938 1003 117 39 lagens
1082 1004 93 40 hjälp
1204 1005 238 41 framtvingas,
1470 1008 61 32 och
1558 1009 116 32 därför
1700 1009 61 33 har
1788 1010 12 31 i

290 1047 114 33 stället
427 1053 127 29 ansetts
576 1049 128 41 skäligt
726 1055 51 29 att
800 1052 77 32 från
901 1053 38 32 de
963 1058 141 34 stränga
1127 1055 350 34 formföreskrifterna
1501 1058 217 33 beträffande
1742 1060 56 38 gå-

288 1108 60 22 vor
372 1097 120 34 mellan
517 1099 120 33 makar
660 1106 81 32 göra
765 1102 174 39 undantag
964 1104 54 31 för
1044 1105 54 31 det
1123 1105 73 39 fall,
1223 1110 51 28 att
1300 1107 95 32 make
1421 1109 18 31 å
1465 1120 77 21 vars
1569 1109 147 36 inkomst
1739 1122 58 20 un-

289 1147 58 32 der
371 1147 114 40 loppet
509 1161 43 21 av
577 1153 49 30 ett
647 1150 199 35 kalenderår
869 1154 213 38 uppkommit
1105 1155 182 40 besparing
1313 1157 163 39 frivilligt
1501 1159 124 33 önskar
1650 1160 148 33 överlåta

289 1199 159 38 egendom
472 1200 56 33 till
554 1200 119 40 belopp
702 1204 233 32 motsvarande
962 1205 101 38 högst
1090 1206 131 32 hälften
1249 1219 42 20 av
1318 1207 66 32 vad
1412 1220 70 20 som
1509 1209 186 39 besparats.
1744 1211 56 32 Då

289 1249 184 33 emellertid
492 1250 233 33 erfarenheten
745 1264 99 26 synes
866 1254 87 32 hava
973 1255 194 38 ådagalagt,
1190 1260 50 28 att
1260 1257 203 38 stadgandet
1484 1260 168 32 användes
1675 1260 53 32 för
1748 1264 53 30 att

288 1299 56 31 till
372 1299 106 33 skada
506 1300 55 32 för
588 1313 63 20 ena
677 1301 136 34 makens
842 1303 200 39 borgenärer
1069 1306 153 32 överföra
1250 1308 159 37 egendom
1439 1320 42 20 av
1510 1314 157 29 avsevärt
1693 1311 103 32 värde

288 1348 56 32 till
370 1349 104 33 andra
501 1350 130 39 maken,
660 1363 96 21 anser
782 1353 165 33 utskottet
970 1354 12 31 i
1008 1355 108 32 likhet
1142 1356 74 32 med
1243 1358 245 32 motionärerna
1515 1371 40 20 en
1583 1360 144 39 ändring
1754 1373 44 20 av

288 1398 203 39 stadgandet
515 1399 173 40 påkallad.
736 1401 246 35 Motionärerna
1007 1405 87 32 hava
1119 1405 188 41 föreslagit,
1333 1411 51 29 att
1409 1408 107 33 denna
1540 1410 145 39 ändring
1708 1411 89 33 skall

288 1447 58 33 ske
368 1448 152 41 sålunda,
543 1454 52 29 att
615 1451 203 38 stadgandet
839 1452 238 40 kompletteras
1101 1456 73 31 med
1196 1468 38 20 en
1258 1457 179 33 föreskrift
1458 1470 52 21 om
1533 1463 49 29 ett
1603 1461 86 32 visst
1711 1473 83 21 sam-

287 1498 152 39 manlagt
462 1500 113 38 värde,
601 1501 117 37 10,000
744 1501 130 40 kronor,
903 1515 68 21 som
997 1505 60 32 den
1084 1506 170 33 överlåtna
1281 1508 197 37 egendomen
1504 1510 12 31 i
1541 1510 85 34 intet
1650 1511 65 33 fall
1740 1513 57 32 får

289 1550 179 38 överstiga.
522 1550 72 33 Mot
625 1551 91 33 detta
745 1552 131 40 förslag
905 1554 62 32 har
996 1555 165 33 utskottet
1190 1557 85 32 intet
1306 1562 103 29 annat
1439 1563 51 28 att
1521 1561 120 39 erinra,
1673 1566 42 28 än
1746 1566 51 29 att

287 1599 75 31 med
379 1599 132 39 hänsyn
528 1600 55 32 till
601 1601 218 38 stadgandets
837 1604 157 32 ändamål
1012 1605 139 33 berörda
1168 1607 103 32 värde
1289 1608 152 39 skäligen
1460 1621 99 27 synes
1579 1610 114 33 kunna
1711 1612 84 32 fast-

287 1648 119 33 ställas
428 1649 54 32 till
504 1650 144 33 allenast
667 1653 95 36 5,000
784 1652 130 34 kronor.
960 1654 225 34 Beträffande
1208 1657 188 38 lagtextens
1418 1659 213 40 utformning
1653 1661 143 34 föreslår

285 1696 166 36 utskottet
478 1711 40 21 en
547 1701 128 33 mindre
703 1702 177 40 jämkning
908 1709 156 28 ävensom
1094 1709 48 30 ett
1170 1707 125 38 tillägg
1325 1709 170 38 angående
1526 1710 116 39 lagens
1671 1711 121 34 ikraft-

284 1747 174 34 trädande.

329 1796 50 34 På
400 1800 109 37 grund
533 1812 42 20 av
598 1802 66 31 vad
687 1802 142 33 sålunda
853 1804 129 33 anförts
1008 1805 55 32 får
1085 1806 165 33 utskottet
1272 1804 188 48 hemställa,

644 1888 50 29 att
713 1885 180 39 riksdagen
913 1888 74 32 med
1007 1888 180 40 anledning
1207 1903 42 20 av
1270 1891 219 35 förevarande
1510 1896 161 32 motioner
1690 1897 105 32 måtte

597 1935 53 32 för
672 1935 51 32 sin
748 1936 53 32 del
824 1942 125 34 antaga
972 1939 151 38 följande
1145 1940 131 39 förslag
1299 1942 54 32 till

1131 2056 95 42 Lag

663 2128 58 24 om
745 2120 140 33 ändrad
909 2121 142 41 lydelse
1074 2132 43 24 av
1138 2123 21 32 8
1180 2124 83 43 kap.
1286 2125 20 32 3
1328 2123 22 42 $
1370 2126 361 41 giftermålsbalken.

641 2195 205 39 Härigenom
867 2196 187 41 förordnas,
1076 2203 51 29 att
1148 2201 18 31 8
1188 2199 78 40 kap.
1289 2202 18 31 3
1328 2201 18 39 8
1367 2202 315 38 giftermålsbalken
1704 2203 89 34 skall

594 2244 128 34 erhålla
742 2245 150 40 följande
914 2248 147 33 ändrade
1084 2249 141 38 lydelse:

1153 2300 76 39 3$

636 2346 108 39 Make,
769 2348 20 32 å
812 2360 77 20 vars
912 2348 149 34 inkomst
1083 2350 105 33 under
1210 2351 115 39 loppet
1348 2365 42 20 av
1413 2357 49 29 ett
1484 2354 200 33 kalenderår
1708 2368 86 27 upp-

592 2396 139 33 kommit
757 2397 189 39 besparing,
976 2404 72 34 äge,
1079 2403 82 29 utan
1187 2401 228 39 upprättande
1444 2416 42 20 av
1515 2404 275 40 äktenskapsför-

592 2445 69 39 ord,
687 2446 72 33 före
793 2448 172 38 utgången
992 2460 42 21 av
1059 2450 150 38 följande
1245 2452 75 32 året
1343 2453 53 32 till
1422 2454 105 32 andra
1563 2454 120 33 maken
1708 2459 82 29 utan

589 2495 158 39 vederlag
769 2497 149 33 överlåta
940 2499 160 37 egendom
1122 2500 54 32 till
1199 2502 102 32 värde
1324 2504 233 32 motsvarande
1581 2505 100 39 högst
1702 2506 91 32 hälf-
