2168 2705
384 173 18 33 8
803 177 102 32 Stats-
914 176 168 34 Utskottets
1111 177 171 35 Utlåtande
1306 179 62 32 N:o
1392 182 53 31 22.

340 260 67 43 att,
442 255 119 37 under
594 257 216 48 antagande
839 263 55 31 att
922 264 20 30 å
970 258 179 37 bostället
1177 259 127 38 kunde
1333 261 206 39 framfödas
1567 268 55 32 ett
1650 277 67 36 par
1745 278 102 36 oxar,
1877 278 47 25 en

339 308 98 49 häst,
473 311 22 34 4
528 308 69 37 kor
625 309 70 36 och
727 312 19 35 6
776 310 66 49 får,
873 311 120 49 årliga
1022 311 176 38 behållna
1227 313 273 52 afkastningen
1530 316 205 38 beräknats
1764 318 58 36 till
1851 320 71 35 567

338 361 140 36 kronor
512 363 47 35 50
593 367 79 42 öre;
709 363 69 36 och
808 364 295 38 vidkommande
1135 372 13 39 |
1181 367 142 37 mantal
1354 359 192 59 Ölmetorp,
1576 374 55 32 att
1659 370 85 37 hela
1774 371 149 37 arealen

338 414 109 37 deraf
470 415 177 49 utgjorde
679 418 109 46 1,159
819 418 222 48 qvadratref
1065 420 46 35 88
1137 419 331 51 qvadratstänger,
1490 423 109 36 deraf
1614 425 72 34 222
1708 424 221 49 qvadratref

340 469 43 34 77
414 467 319 50 qvadratstänger
761 470 101 48 åker,
893 472 45 34 28
969 471 223 49 qvadratref
1216 474 46 35 89
1293 475 319 49 qvadratstänger
1640 480 76 45 äng
1731 482 99 31 samt
1850 479 71 35 908

337 520 221 49 qvadratref
587 523 46 34 22
669 522 319 50 qvadratstänger
1016 523 124 38 betes-
1173 525 71 36 och
1273 526 246 50 skogsmark;
1549 533 55 32 att
1633 528 42 37 af
1698 530 224 49 åkerjorden

340 574 68 35 118
440 573 222 49 qvadratref
686 576 45 35 91
763 576 319 50 qvadratstänger
1109 590 91 24 voro
1220 578 42 36 af
1278 579 134 50 bättre,
1430 581 69 36 och
1517 581 218 37 återstoden
1752 583 42 36 af
1805 585 117 47 något

336 631 123 31 sämre
488 626 278 48 beskaffenhet;
797 633 55 32 att
876 633 138 45 ängen,
1044 629 57 37 för
1130 633 40 33 så
1198 631 80 37 vidt
1308 633 71 36 den
1392 638 101 32 ännu
1510 647 89 23 vore
1615 636 228 49 ouppodlad,
1859 636 63 36 be-

336 679 107 36 stode
486 679 41 37 af
557 679 167 38 kärrvall
749 686 98 31 samt
876 695 79 23 mer
983 682 92 37 eller
1103 683 145 37 mindre
1278 686 242 38 stenbundna
1545 687 201 37 lindvallar
1773 688 12 36 i
1815 689 106 36 åker-

333 732 186 46 gärdena;
554 737 56 30 att
642 732 127 37 betes-
803 734 71 35 och
908 734 279 47 skogsmarken
1216 736 172 37 lemnade
1416 740 77 45 god
1522 739 272 49 betestillgång
1822 748 98 28 samt

332 782 210 49 tillräcklig
575 783 227 51 afkastning
835 785 57 37 för
918 785 166 50 gårdens
1113 787 120 37 behof
1256 788 42 37 af
1321 789 291 51 skogseffekter,
1642 804 87 24 men
1758 792 161 37 likasom

334 836 256 48 ängsmarken
623 837 85 36 icke
743 838 126 37 kunde
902 839 12 36 i
949 839 70 36 och
1052 839 59 37 för
1138 841 227 49 taxeringen
1394 843 42 36 af
1459 856 143 36 egorna
1630 847 143 34 åsättas
1802 848 117 45 något

332 888 183 36 särskildt
542 889 131 46 värde;
703 895 67 43 att,
800 890 96 36 efter
923 892 216 48 beräkning
1168 893 41 36 af
1233 895 47 34 50
1301 894 141 37 kronor
1457 908 66 37 per
1539 896 290 49 qvadratref
1774 884 62 65 för
1844 898 72 36 den

331 940 135 48 bättre,
497 941 70 36 och
598 944 46 34 30
673 942 141 37 kronor
842 956 67 37 per
926 944 222 50 qvadratref
1158 945 58 37 för
1233 945 72 38 den
1321 952 122 32 sämre
1460 948 236 50 åkerjorden,
1713 950 206 48 egovärdet

332 993 147 37 således
508 994 176 49 utgjorde
714 997 109 46 9,061
855 996 141 37 kronor
1025 999 47 35 30
1102 1003 79 41 öre;
1211 1004 56 31 att
1295 999 311 51 åbyggnaderna,
1628 1015 82 23 som
1726 1016 91 23 vore
1833 1002 87 37 fullt

331 1046 231 50 tillräckliga
578 1047 58 36 för
650 1048 166 48 gårdens
832 1049 127 49 behof,
977 1050 126 37 kunde
1119 1050 95 37 efter
1229 1052 109 37 deras
1355 1052 235 39 försättande
1606 1055 12 36 i
1633 1054 168 50 fullgodt
1811 1055 108 37 skick

330 1099 179 36 värderas
538 1099 57 37 till
626 1102 109 47 6,721
758 1101 157 48 kronor;
933 1108 55 31 att
1003 1103 85 36 med
1104 1106 228 47 antagande,
1350 1110 55 32 att
1421 1107 63 36 vid
1502 1108 144 47 gården
1662 1108 127 37 kunde
1805 1108 113 37 fram-

330 1151 109 37 födas
468 1156 55 32 ett
551 1166 68 35 par
646 1153 143 44 hästar,
819 1159 52 32 ett
900 1169 68 35 par
997 1169 101 35 oxar,
1131 1158 19 34 6
1180 1157 80 49 kor,
1294 1159 45 35 10
1368 1158 56 37 får
1444 1159 70 37 och
1535 1163 119 46 några
1673 1165 160 44 ungnöt,
1855 1160 63 37 be-

330 1204 130 36 hållna
476 1204 272 50 afkastningen
765 1207 123 36 skulle
903 1213 137 42 utgöra
1062 1211 69 33 727
1149 1209 140 36 kronor
1306 1224 59 22 om
1378 1213 95 45 året;
1496 1200 59 62 att
1569 1213 21 35 å
1596 1213 321 36 hemmansdelens

331 1269 93 35 egor
451 1256 122 37 finnes
603 1270 46 24 en
677 1258 88 37 med
781 1264 113 43 stuga
910 1260 71 36 och
997 1260 389 51 ladugårdsbyggnad
1405 1263 154 38 försedd
1577 1264 193 50 lägenhet,
1788 1265 129 37 kallad

330 1307 181 50 Gröndal,
542 1322 80 24 som
652 1324 89 23 vore
770 1311 252 38 länsmannen
1050 1313 204 49 Rydström
1285 1316 168 36 enskildt
1476 1317 172 49 tillhörig
1677 1318 70 36 och
1769 1318 147 37 således

327 1361 84 36 icke
441 1361 151 37 komme
621 1368 55 31 att
703 1364 11 35 i
730 1364 109 48 bytet
854 1364 105 49 ingå;
977 1370 55 31 att
1048 1366 314 37 hemmansdelen
1377 1382 91 23 vore
1484 1369 187 37 besvärad
1687 1371 86 36 med
1789 1376 55 31 tre
1859 1370 57 36 in-

327 1413 239 50 teckningar,
596 1415 112 36 deraf
718 1419 63 33 två
796 1416 59 36 till
871 1417 180 36 säkerhet
1066 1418 57 36 för
1134 1419 187 37 särskilda
1338 1421 366 37 skuldförbindelser
1719 1425 20 34 å
1755 1423 161 49 tillhopa

329 1467 112 46 9,000
470 1466 151 44 kronor,
652 1467 69 36 och
751 1468 72 36 den
851 1470 120 48 tredje
995 1470 58 35 för
1072 1476 55 30 ett
1139 1471 194 49 kontrakt,
1350 1473 251 48 hvarigenom
1617 1475 127 36 enkan
1759 1476 154 36 Kerstin

327 1517 222 38 Persdotter
589 1519 58 37 för
690 1520 58 36 sin
792 1520 119 38 lifstid
939 1522 269 37 tillförsäkrats
1237 1524 32 50 ej
1301 1525 145 37 mindre
1476 1531 74 31 rätt
1579 1527 57 36 till
1665 1527 47 36 fri
1740 1528 135 37 bostad
1904 1527 11 37 i

326 1570 382 50 hufvudbyggnaden
753 1573 59 36 vid
850 1575 156 47 gården,
1049 1580 46 31 än
1139 1576 70 36 ock
1238 1582 55 31 att
1321 1578 164 36 derifrån
1514 1579 149 49 årligen
1691 1580 144 37 erhålla
1861 1584 54 33 åt-

327 1622 155 49 skilliga
509 1624 426 49 undantagsförmåner;
966 1631 53 32 att
1049 1627 261 49 bruksegaren
1329 1629 151 37 Ekman
1500 1631 161 37 medelst
1680 1633 236 49 anteckning

326 1677 20 33 å
378 1675 485 51 förrättningsprotokollet
896 1678 195 48 förklarat,
1122 1685 66 43 att,
1218 1681 128 37 derest
1373 1682 225 49 ifrågasatta
1626 1684 108 49 bytet
1761 1685 152 37 komme

325 1727 58 36 till
425 1729 123 48 stånd,
585 1729 76 36 han
690 1729 83 37 icke
801 1730 175 38 fordrade
1005 1734 128 46 någon
1161 1733 218 49 mellangift
1407 1741 99 30 samt
1533 1735 187 38 förbunde
1749 1738 61 48 sig
1838 1738 75 36 för-

325 1780 176 49 anstalta,
545 1781 64 37 det
646 1782 45 36 de
725 1781 125 50 begge
879 1783 263 38 förstnämnda
1170 1785 318 51 inteckningarne
1517 1788 127 37 blefve
1673 1789 140 37 inlösta
1843 1791 70 35 och

325 1832 158 46 dödade,
514 1836 41 33 så
583 1838 55 32 att
666 1834 314 38 hemmansdelen
1009 1836 124 37 blefve
1161 1837 46 37 fri
1237 1839 83 35 från
1349 1840 116 36 andra
1489 1841 244 47 gravationer
1761 1847 49 31 än
1831 1856 81 23 som

324 1884 181 38 härledde
534 1885 61 49 sig
623 1886 84 36 från
736 1887 126 37 enkan
891 1888 239 37 Persdotters
1158 1889 194 51 kontrakt,
1383 1892 147 37 hvilket
1549 1893 84 37 icke
1653 1899 92 32 utan
1765 1895 146 37 hennes

324 1937 188 37 särskilda
541 1938 270 48 medgifvande
840 1940 127 37 kunde
992 1942 226 48 upphäfvas,
1239 1949 98 30 samt
1358 1949 55 31 att
1432 1945 250 38 länsmannen
1704 1947 207 51 Rydström

323 1991 20 33 å
379 1989 59 36 sin
469 1990 82 37 sida
579 1991 185 37 likaledes
795 1992 219 49 skriftligen
1043 1994 194 49 förklarat,
1268 2001 54 31 att
1354 1997 88 48 han,
1473 2009 59 24 om
1565 2005 12 38 1
1610 1999 143 36 mantal
1785 1999 125 37 Ölme-

322 2046 85 44 torp
436 2042 126 37 blefve
591 2043 138 36 honom
759 2044 58 35 till
846 2044 160 37 boställe
1036 2047 182 48 upplåtet,
1248 2061 89 23 vore
1367 2049 109 48 villig
1504 2055 56 31 att
1588 2050 57 37 för
1673 2051 59 36 sin
1752 2052 157 49 tjenste-

322 2093 53 36 tid
405 2094 116 37 ställa
549 2095 61 48 sig
638 2095 158 37 berörda
825 2096 202 38 kontrakts
1056 2098 237 38 föreskrifter
1314 2101 57 36 till
1388 2102 251 37 ofterrättelse
1656 2103 69 37 och
1746 2104 12 36 i
1774 2104 134 37 sådant

323 2145 176 38 afseende
536 2148 140 36 ärnade
711 2150 34 34 åt
785 2148 126 37 enkan
946 2149 214 38 Persdotter
1187 2152 57 36 till
1273 2152 233 38 kostnadsfri
1535 2155 226 49 disposition
1789 2157 119 36 under

322 2198 144 36 hennes
508 2199 120 36 lifstid
668 2200 157 49 upplåta
867 2202 72 35 den
968 2202 140 37 honom
1137 2203 197 50 tillhöriga
1362 2205 231 49 lägenheten
1623 2207 177 44 Gröndal,
1829 2214 79 31 mot

322 2250 64 36 det
417 2255 56 32 att
506 2251 123 36 enkan
666 2252 218 49 Persdotter
912 2254 147 37 afstode
1088 2255 82 36 från
1196 2258 166 48 anspråk
1390 2260 47 46 på
1466 2258 46 36 fri
1541 2258 135 38 bostad
1703 2260 12 36 i
1743 2261 163 36 hufvud-

320 2301 233 50 byggnaden
581 2303 65 37 vid
676 2303 195 51 Olmetorp
901 2306 70 36 och
999 2306 120 38 tilläte
1149 2313 55 31 att
1231 2309 275 50 inteckningen
1533 2311 12 36 i
1573 2312 125 36 denna
1728 2313 58 36 del
1802 2313 102 49 finge

321 2354 131 49 dödas,
497 2358 48 46 på
591 2356 148 36 hvilket
782 2357 144 49 förslag
967 2359 122 36 enkan
1132 2360 220 37 Persdotter
1387 2362 144 48 jemväl
1573 2364 121 49 enligt
1734 2365 171 48 afgifven
