1884 2816
290 172 40 29 14
728 175 104 28 Andra
850 176 215 35 lagutskottets
1084 178 157 27 utlåtande
1258 179 44 27 Nr
1319 181 27 25 4.

289 254 10 30 i
329 255 157 38 gällande
514 255 381 41 ensittarelagstiftning.
938 257 124 40 Dylika
1094 258 208 39 svårigheter
1331 269 102 30 synas
1461 261 105 31 likväl
1596 261 76 32 icke
1699 271 80 22 vara

290 307 108 32 större
418 310 43 29 än
480 312 48 28 att
548 310 175 30 desamma
744 310 58 31 må
821 311 85 31 efter
924 311 10 31 i
955 311 106 31 saken
1080 313 184 30 verkställd
1285 314 182 40 utredning
1498 315 119 31 kunna
1637 315 145 32 framstå

290 361 113 32 såsom
431 362 243 40 överkomliga.
716 363 121 32 Såsom
866 366 148 31 tänkbar
1041 367 103 38 utväg
1171 366 58 31 må
1257 368 207 38 exempelvis
1491 368 212 38 framhållas,
1732 373 49 28 att

290 414 67 31 låta
384 416 238 38 godemännen
649 420 101 32 utses,
778 427 43 21 en
846 427 42 20 av
915 419 142 30 vardera
1084 420 198 38 sakägaren,
1309 421 80 30 eller
1416 425 49 26 att
1491 422 10 29 i
1531 422 251 39 förrättningen

290 467 91 39 finge
403 468 132 39 deltaga
557 468 103 39 något
683 469 143 31 allmänt
848 471 139 30 ombud.
1023 471 52 30 En
1097 481 114 21 annan
1234 474 114 37 utväg,
1370 473 195 39 varigenom
1587 475 195 32 motionens

289 521 89 39 syfte
400 522 162 39 möjligen
586 523 116 31 kunde
713 522 164 41 främjas,
901 534 80 22 vore
1004 535 57 21 om
1084 526 56 31 det
1163 526 202 36 bestämdes,
1387 530 50 28 att
1458 526 331 41 förrättningsmän-.

288 584 85 21 nens
392 575 112 31 beslut
523 576 162 38 antingen
706 577 11 30 i
738 577 53 31 sin
812 578 116 31 helhet
949 579 81 30 eller
1050 578 109 39 ifråga
1181 580 143 31 allenast
1344 590 57 21 om
1423 581 224 39 värderingen
1670 582 110 30 skulle

292 628 223 30 underställas
534 629 347 39 ägodelningsrättens
900 631 178 39 prövning,
1097 631 10 30 i
1124 632 103 30 vilket
1246 632 59 30 fall
1324 633 193 36 ensittaren,
1536 634 85 31 efter
1639 635 141 39 stadgad

291 680 139 32 kallelse
452 681 50 30 till
528 683 342 37 ägodelningsrätten,
897 683 96 31 alltid
1018 684 95 32 bleve
1139 685 9 30 i
1172 685 135 30 tillfälle
1330 688 48 27 att
1402 687 62 29 där
1489 686 190 33 framställa
1705 687 75 31 sina

288 733 189 40 erinringar
499 738 91 28 emot
613 735 392 39 förrättningsmännens
1027 737 119 39 utslag.

332 789 170 31 Utskottet
526 789 59 31 vill
611 789 144 32 sålunda
780 790 169 40 tillstyrka
975 801 42 21 en
1043 791 182 40 utredning
1251 792 10 30 i
1286 792 194 32 motionens
1505 793 100 39 syfte;
1633 794 64 31 och
1725 793 56 31 får

287 831 163 45 utskottet
467 843 119 35 därför
604 844 191 35 hemställa,

649 927 49 26 att
724 924 181 38 riksdagen
932 925 79 30 med
1036 924 186 40 anledning
1245 935 43 20 av
1315 926 79 30 herr
1419 925 201 32 Törnkvists
1646 926 132 31 motion

608 975 42 31 I:
669 977 61 29 178
746 975 105 32 måtte
866 977 131 30 besluta
1013 979 48 28 att
1076 977 10 30 i
1103 978 161 31 skrivelse
1276 977 51 31 till
1344 979 122 38 Kungl.
1484 979 99 38 Maj:t
1600 979 180 32 hemställa

606 1038 56 21 om
678 1029 191 39 utredning,
885 1030 172 31 huruvida
1071 1031 65 30 och
1151 1030 44 39 på
1209 1031 65 30 vad
1290 1033 66 29 sätt
1371 1031 107 31 sådan
1494 1032 145 38 ändring
1653 1032 11 30 i
1680 1032 98 39 lagen

605 1083 66 29 den
691 1084 38 29 18
746 1082 74 39 juni
842 1083 82 31 1925
943 1093 57 21 om
1018 1085 66 30 rätt
1100 1084 12 30 i
1128 1084 89 31 vissa
1235 1085 60 30 fall
1313 1085 55 30 för
1384 1085 395 38 nyttjanderättshavare

604 1138 49 28 att
687 1135 109 30 inlösa
829 1136 110 31 under
972 1136 247 39 nyttjanderätt
1253 1137 155 39 upplåtet
1440 1137 152 37 område,
1626 1148 75 21 som
1734 1147 43 21 av

604 1188 216 31 motionären
845 1188 154 40 åsyftats,
1026 1189 56 31 må
1109 1191 118 30 kunna
1253 1191 219 38 genomföras
1497 1196 91 27 samt
1612 1191 55 32 för
1692 1192 85 30 riks-

604 1242 111 38 dagen
743 1242 189 39 framlägga
961 1243 55 31 det
1044 1243 138 40 förslag,
1212 1244 112 31 vartill
1354 1245 224 39 utredningen
1610 1246 67 30 kan
1709 1245 68 31 för-

604 1295 153 31 anleda.»

330 1396 30 40 2)
390 1410 41 21 av
451 1402 119 30 herrar
587 1402 209 39 Magnusson
817 1403 10 30 i
848 1404 141 30 Kalmar
1007 1404 65 30 och
1092 1404 193 31 Pettersson
1305 1405 11 29 i
1337 1404 222 31 Hällbacken.

652 2513 408 24 CENTRALTRYCKERIET,
1088 2513 217 23 STOCKHOLM
1331 2515 66 21 1927
