2224 2624
699 143 278 32 Bankoutskottets
1000 143 164 32 utlåtande
1187 144 53 32 Nr
1264 146 48 30 69.
1742 145 40 30 28

217 222 59 36 för
319 220 286 49 dyrtidstillägg
634 225 36 33 åt
700 223 23 34 f.
755 222 31 36 d.
817 222 381 48 befattningshavare
1228 223 8 35 i
1267 228 143 31 statens
1440 223 118 48 tjänst
1588 237 46 21 m.
1670 223 32 35 fl.
1733 236 92 36 pen-

216 273 168 35 sionärer
426 272 58 49 (nr
514 274 60 47 68)
620 273 139 47 anfört,
805 274 9 34 i
859 273 198 36 huvudsak
1095 274 189 48 tillstyrka
1327 274 102 36 bifall
1475 274 58 36 till
1576 274 248 37 förevarande

216 324 246 48 proposition.
519 325 55 35 De
616 325 219 48 ändringar,
879 337 79 23 som
1002 325 84 36 med
1120 326 148 47 hänsyn
1297 325 57 36 till
1382 326 73 35 vad
1485 326 185 36 utskottet
1698 326 11 35 i
1739 326 85 36 åbe-

216 375 139 49 ropade
383 376 212 36 utlåtandet
624 376 135 47 anfört,
790 379 120 33 måste
937 376 174 49 vidtagas
1140 377 11 34 i
1181 376 139 49 Kungl.
1346 377 127 47 Maj:ts
1491 377 146 48 förslag
1656 377 56 36 till
1732 377 93 36 kun-

216 427 148 48 görelse
406 427 83 36 med
524 427 188 36 allmänna
741 427 167 48 grunder
937 428 58 35 för
1023 428 289 48 dyrtidstillägg
1340 431 37 33 åt
1405 428 419 49 pensionsberättigade

217 478 121 35 änkor
366 478 69 36 och
464 478 94 36 barn
587 479 94 35 efter
708 478 381 48 befattningshavare
1117 480 11 34 1
1157 484 143 31 statens
1333 480 118 47 tjänst
1472 493 47 22 m.
1542 479 50 47 fl.,
1609 484 63 31 äro
1693 480 131 35 endast

217 529 181 48 följande:
442 529 16 35 I
487 529 43 49 $$
561 532 20 33 3
611 529 71 36 och
711 531 23 34 4
762 529 158 36 insättes
940 530 10 35 i
972 530 126 36 stället
1125 530 57 35 för
1209 530 84 49 fyra
1320 530 234 36 tiondedelar
1575 544 45 22 en
1642 530 179 49 tredjedel

217 580 71 36 och
316 580 12 36 i
357 581 511 47 övergångsbestämmelsen
897 582 158 35 insättes
1087 583 69 34 147
1188 581 11 36 i
1228 581 126 37 stället
1383 581 57 36 för
1472 583 83 35 135.

348 631 147 37 Genom
525 632 110 37 dessa
664 632 208 49 ändringar
900 633 68 36 har
996 633 185 36 utskottet
1209 633 11 35 i
1249 632 77 37 viss
1356 635 87 33 mån
1463 633 268 49 tillmötesgått
1751 634 71 36 den

216 684 12 35 i
256 684 130 36 herrar
415 684 120 49 Bärgs
565 684 70 36 och
665 697 73 23 von
769 684 203 37 Sneiderns
1002 684 259 37 ovanberörda
1290 684 142 37 motion
1462 685 136 49 gjorda
1624 685 199 37 framställ-

217 748 155 36 ningen.

344 787 108 36 Huru
482 787 324 49 dyrtidstillägget
834 788 57 35 till
920 788 290 48 ifrågavarande
1240 800 179 37 personer
1448 789 170 36 kommer
1638 793 54 32 att
1713 790 107 35 ställa

216 838 72 48 sig,
320 837 166 49 framgår
514 852 46 22 av
588 839 167 48 följande
780 839 387 48 jämförelsetabeller.
