1884 2822
487 177 394 33 Jordbruksutslkottets
911 176 187 31 utlåtande
1126 175 52 31 Nr
1205 175 50 30 10.
1555 173 18 30 3

112 258 123 30 ordnas
258 257 93 31 torde
367 256 188 31 emellertid
572 265 83 21 vara
672 255 163 30 beroende
851 265 44 19 av
912 254 178 34 åtskilliga
1106 252 297 35 omständigheter,
1419 261 73 21 som
1509 251 109 31 under

112 302 65 30 den
212 302 150 35 alltjimt
397 300 172 36 pågående
603 299 129 30 snabba
765 298 244 35 utvecklingen
1034 298 43 34 på
1103 296 140 30 berörda
1266 295 137 31 område
1426 298 94 27 ännu
1544 295 74 31 icke

112 346 70 29 låta
206 346 52 34 sig
283 345 91 29 klart
397 344 222 30 överblickas.
655 343 65 29 Det
743 342 95 31 torde
861 342 116 30 därför
1002 341 73 29 icke
1099 350 82 20 vara
1205 339 138 36 möjligt
1359 340 50 29 att
1426 349 46 20 nu
1489 339 129 34 angiva

112 390 109 34 några
256 388 210 30 bestämdare
499 386 176 35 riktlinjer
708 387 52 29 för
783 385 159 35 åtgärder
966 385 11 29 i
1001 383 145 31 berörda
1169 383 172 30 avseende.
1388 382 50 30 De
1461 383 156 35 uppslag,

112 442 72 20 som
208 432 12 29 i
244 432 122 30 sådant
400 430 189 31 hänseende
625 430 176 29 framförts
825 430 11 28 i
860 429 224 33 motionerna,
1120 427 62 29 har
1215 427 163 29 utskottet
1400 426 11 29 i
1436 426 96 35 varje
1556 426 62 29 fall

114 476 70 29 icke
220 485 45 20 nu
302 475 91 29 velat
417 474 146 30 förorda.
609 473 175 30 Utskottet
807 481 99 21 anser
929 472 52 34 sig
1006 470 189 31 cmellertid
1219 469 76 31 med
1319 469 156 30 säkerhet
1500 470 118 29 kunna

113 519 164 35 påräkna,
293 519 52 29 att
361 517 92 30 detta
468 517 176 35 spörsmål,
662 517 104 34 jämte
782 515 107 30 andra
902 515 107 29 olösta
1023 514 117 34 frågor
1155 513 208 30 beträffande
1376 512 240 35 vägväsendet,

112 564 40 28 är
176 562 142 30 föremål
342 561 52 30 för
416 560 132 35 Kungl.
574 560 117 35 Maj:ts
723 559 221 35 uppmärksam
961 558 86 29 het.»

156 631 141 31 Jämväl
321 630 59 30 vid
405 630 84 30 1926
513 630 55 29 års
592 629 139 35 riksdag
754 628 138 30 väcktes
916 638 41 19 en
982 627 131 30 motion
1137 627 11 29 i
1172 627 125 35 ämnet,
1322 636 71 20 som
1418 626 78 36 gick
1521 627 38 29 ut
1576 626 42 35 på

112 684 50 29 att
184 683 39 30 de
247 683 59 30 två
330 681 298 31 nämndemännen
652 690 176 21 ensamma
851 680 111 30 skulle
986 679 131 31 besluta
1140 680 58 30 vid
1223 682 176 34 vägsynen
1423 679 62 30 och
1508 678 111 31 lands-

113 735 142 30 fiskalen
279 735 88 30 blott
390 734 166 35 medfölja
578 735 112 29 såsom
714 733 214 30 sekreterare.

155 787 362 32 Jordbruksutskottet
539 786 178 36 avstyrkte
740 788 88 28 även
853 785 110 31 denna
986 784 130 31 motion
1140 784 77 31 med
1234 784 210 36 hänvisning
1461 784 57 30 till
1535 783 83 31 före-

112 840 130 35 gående
265 840 55 29 års
344 838 197 31 förberörda
564 838 188 36 utlåtande,
777 837 151 31 varefter
951 837 183 35 riksdagen
1157 836 116 36 avslog
1297 837 182 31 motionen.

155 943 112 30 Innan
304 943 163 30 utskottet
500 942 103 36 ingår
626 943 43 35 på
692 941 210 35 behandling
926 951 43 20 av
994 940 39 31 de
1057 940 235 37 föreliggande
1315 942 216 30 motionerna
1554 943 65 30 vill

112 996 165 30 utskottet
300 995 119 30 vidare
442 995 124 35 bringa
590 995 12 30 i
626 995 141 30 erinran
789 994 64 30 den
877 993 225 36 uppfattning
1125 993 143 31 rörande
1292 994 249 36 vägfrågornas
1557 995 61 30 all-

112 1050 128 28 männa
263 1047 86 36 läge,
373 1057 70 20 som
467 1047 170 30 uttalades
660 1057 46 20 av
728 1046 120 31 chefen
872 1046 54 30 för
949 1046 586 36 kommunikationsdepartementet
1558 1047 59 31 vid

111 1099 258 37 framläggande
393 1099 60 31 vid
478 1099 83 31 1927
585 1100 58 29 års
666 1099 141 36 riksdag
830 1109 44 20 av
897 1098 130 36 förslag
1052 1099 55 30 till
1127 1098 176 37 åtskilliga
1319 1099 189 36 ändringar
1525 1100 11 30 i
1553 1099 65 32 den

112 1152 156 36 gällande
292 1152 181 35 väglagen:

159 1213 139 32 »Under
333 1213 40 30 de
407 1214 48 34 år,
490 1223 73 20 som
591 1213 157 35 förflutit,
774 1212 103 31 sedan
901 1212 132 36 Kungl.
1058 1212 112 37 Maj:t,
1193 1214 43 35 på
1259 1214 68 29 sätt
1350 1213 93 31 förut
1466 1215 151 34 nämnts,

112 1257 168 30 framlade
303 1256 125 36 förslag
452 1257 55 30 till
531 1266 46 27 ny
602 1257 136 35 väglag,
762 1257 90 30 hava
875 1256 264 31 förhållandena
1160 1258 43 35 på
1219 1257 246 35 vägväsendets
1481 1257 137 31 område

111 1301 184 36 undergått
317 1310 42 20 en
383 1300 189 37 betydande
595 1300 214 36 förändring.
845 1300 99 31 Efter
960 1300 55 31 det
1030 1301 39 29 år
1086 1300 82 31 1921
1187 1300 431 36 väghållningsdistrikten

112 1344 123 31 beretts
258 1344 180 36 möjlighet
461 1345 50 29 att
534 1345 162 34 övertaga
717 1344 295 36 vägunderhållet,
1029 1344 64 30 har
1109 1343 110 31 denna
1235 1344 180 36 möjlighet
1432 1344 187 36 begagnats

111 1389 13 29 i
158 1389 71 29 stor
263 1387 249 36 utsträckning.
559 1387 68 31 För
661 1387 217 31 närvarande
912 1388 91 29 hava
1035 1387 160 36 omkring
1219 1388 40 31 70
1283 1389 136 34 procent
1441 1398 45 20 av
1512 1388 107 31 rikets

113 1431 387 36 väghållningsdistrikt
522 1430 73 32 helt
629 1432 168 35 övertagit
832 1430 296 37 vägunderhållet,
1153 1431 61 31 och
1237 1431 13 30 i
1274 1432 48 30 ett
1345 1433 85 29 stort
1452 1432 95 30 antal
1570 1442 43 20 av

111 1475 42 31 de
186 1475 122 36 övriga
341 1475 180 31 distrikten
556 1475 64 30 har
654 1475 217 31 underhållet
904 1475 154 35 partiellt
1091 1475 213 36 överflyttats
1336 1476 43 35 på
1413 1475 205 37 vägkassan.

111 1519 189 31 Resultatet
323 1519 108 31 härav
455 1519 64 30 har
541 1519 90 30 visat
653 1519 53 36 sig
731 1519 11 30 i
766 1528 41 22 en
830 1520 160 29 avsevärt
1014 1518 191 31 förbättrad
1230 1519 239 37 väghållning,
1486 1519 62 31 och
1564 1520 55 30 det

112 1563 95 31 torde
241 1563 119 30 kunna
387 1564 124 35 påstås,
535 1564 52 29 att
610 1565 154 34 vägarna
787 1572 143 21 numera
953 1562 13 30 i
989 1562 191 31 allmänhet
1203 1565 58 28 äro
1285 1563 12 30 i
1320 1563 109 31 bättre
1453 1563 97 31 skick
1573 1566 45 28 än

112 1607 54 30 för
200 1608 109 34 några
343 1607 40 30 år
416 1606 112 31 sedan.
576 1606 68 31 Till
672 1606 84 36 följd
781 1616 44 20 av
848 1606 449 36 väghållningsdistriktens
1321 1607 228 36 övertagande
1573 1617 45 21 av

112 1650 284 36 vägunderhållet
431 1650 36 31 få
495 1650 40 31 de
558 1650 211 37 väghållare,
793 1660 72 21 som
889 1650 94 30 förut
1006 1650 109 31 utfört
1138 1650 91 31 detta
1252 1650 192 37 underhåll,
1468 1651 12 30 i
1504 1651 115 31 stället

111 1695 140 36 erlägga
284 1694 161 36 vägskatt
479 1694 72 35 och,
584 1694 63 31 där
680 1694 77 30 hela
791 1694 287 36 vägunderhållet
1105 1695 196 35 övertagits,
1330 1695 167 30 beräknas
1520 1697 99 29 stats-

112 1738 155 36 bidraget
301 1739 43 34 på
376 1738 64 30 den
463 1738 158 36 verkliga
644 1737 399 32 underhållskostnaden.
1090 1737 209 37 Därigenom
1322 1738 63 31 har
1407 1748 42 21 en
1472 1739 72 30 viss
1568 1741 51 29 ut-

110 1782 160 36 jämning
305 1792 44 20 av
383 1781 217 36 vägbördans
628 1781 196 36 fördelning
848 1783 59 35 ägt
930 1792 87 20 rum.
1065 1781 66 31 För
1154 1782 174 31 vinnande
1351 1793 43 20 av
1417 1783 202 36 ytterligare

112 1826 197 35 utjämning
341 1827 39 28 är
414 1825 110 31 likväl
559 1835 42 21 en
635 1825 187 36 förstoring
844 1835 45 21 av
913 1825 431 37 väghållningsdistrikten
1368 1827 12 30 i
1403 1828 129 35 många
1555 1827 63 30 fall

111 1869 153 36 alltjämt
287 1869 182 31 önskvärd.

155 1913 74 31 Den
264 1912 290 37 genomgripande
587 1913 245 36 utveeklingen
865 1914 21 29 å
921 1913 250 36 vägväsendets
1203 1913 149 37 område,
1376 1923 73 22 som
1473 1914 145 31 sålunda

111 1957 103 31 sedan
238 1958 114 34 någon
374 1956 50 31 tid
448 1959 82 33 äger
546 1967 89 25 rum,
655 1956 133 37 fortgår
804 1957 190 30 oavbrutet.
1027 1957 164 36 Alltjämt
1207 1958 230 31 framkomma
1453 1958 164 36 problem,

111 2010 73 21 som
217 2001 109 30 kräva
361 2001 53 30 sin
450 2000 148 36 lösning,
633 2011 120 21 varom
781 2000 40 31 de
848 2001 71 30 ofta
942 2001 278 31 förekommande
1243 2001 236 37 ändringarna
1502 2002 13 30 1
1538 2004 81 34 väg-

112 2045 100 35 lagen
245 2044 83 31 bära
359 2045 120 30 vittne.
525 2044 68 30 För
616 2054 42 21 en
681 2044 274 36 ändamålsenlig
979 2045 174 36 reglering
1175 2055 44 20 av
1242 2046 178 36 åtskilliga
1443 2046 175 31 svävande

112 2088 118 36 frågor
263 2097 100 27 synes
390 2088 200 36 ytterligare
614 2088 194 31 erfarenhet
830 2088 139 35 krävas;
993 2089 66 30 den
1083 2089 134 36 hastiga
1240 2089 243 37 utvecklingen
1508 2090 110 30 skulle

113 2132 98 36 eljest
233 2132 65 30 lätt
321 2132 118 30 kunna
463 2132 162 36 medföra,
649 2133 53 30 att
724 2132 168 36 vidtagna
915 2132 235 36 anordningar
1173 2134 95 29 snart
1289 2142 65 27 nog
1371 2133 166 31 befunnes
1554 2133 67 30 för-

111 2175 150 31 åldrade.
309 2175 69 31 Vid
412 2175 123 31 sådant
567 2175 215 31 förhållande
816 2176 112 30 finner
955 2176 59 36 jag
1039 2177 72 35 mig
1135 2176 72 31 icke
1230 2186 46 21 nu
1302 2177 117 30 kunna
1442 2177 178 36 tillstyrka

114 2219 261 36 framläggande
398 2229 45 21 av
467 2219 128 37 förslag
619 2220 55 30 till
698 2230 47 26 ny
768 2220 137 36 väglag,
922 2221 84 29 utan
1023 2229 100 27 synes
1139 2220 178 36 uppgiften
1334 2220 188 37 lämpligen
1538 2221 82 30 böra

112 2263 185 36 begränsas
329 2263 55 30 till
417 2263 207 36 vidtagande
656 2273 44 21 av
733 2263 129 31 sådana
884 2264 157 35 partiella
1066 2264 243 36 förändringar
1333 2265 11 30 i
1368 2265 160 36 gällande
1551 2265 70 36 lag-

111 2307 176 36 stiftning,
311 2316 73 21 som
407 2309 60 29 äro
490 2307 132 36 ägnade
645 2309 52 29 att
715 2307 164 37 avhjälpa
895 2307 41 31 de
952 2309 87 30 mest
1055 2308 254 31 framträdande
1326 2308 169 32 bristerna
1511 2308 106 31 däri.»

160 2377 121 31 Denna
316 2377 232 36 uppfattning,
581 2387 72 21 som
678 2378 84 31 1927
786 2379 56 29 års
866 2378 316 36 jordbruksutskott
1204 2378 195 32 förklarade
1422 2380 53 36 sig
1499 2380 12 30 i
1535 2381 86 30 stort

115 2431 67 30 sett
206 2429 88 37 dela,
319 2429 92 32 torde
434 2430 154 36 alltjämt
610 2432 65 34 äga
698 2430 171 37 giltighet.

1650 941 194 31 Vägfrågornas

1672 976 135 24 allmänna

1707 1010 64 32 läge.
