<?xml version="1.0" encoding="UTF-8"?>
<alto xmlns="http://www.loc.gov/standards/alto/ns-v3#" xmlns:xlink="http://www.w3.org/1999/xlink" xmlns:xsi="http://www.w3.org/2001/XMLSchema-instance" xsi:schemaLocation="http://www.loc.gov/standards/alto/ns-v3# http://www.loc.gov/alto/v3/alto-3-0.xsd">
	<Description>
		<MeasurementUnit>pixel</MeasurementUnit>
		<sourceImageInformation>
			<fileName>/tmp/tess_oxn1joy3_input.PNG</fileName>
		</sourceImageInformation>
		<OCRProcessing ID="OCR_0">
			<ocrProcessingStep>
				<processingSoftware>
					<softwareName>tesseract 5.3.0</softwareName>
				</processingSoftware>
			</ocrProcessingStep>
		</OCRProcessing>
	</Description>
	<Layout>
		<Page WIDTH="1914" HEIGHT="2827" PHYSICAL_IMG_NR="0" ID="page_0">
			<PrintSpace HPOS="0" VPOS="0" WIDTH="1914" HEIGHT="2827">
				<ComposedBlock ID="cblock_0" HPOS="458" VPOS="195" WIDTH="1203" HEIGHT="35">
					<TextBlock ID="block_0" HPOS="458" VPOS="195" WIDTH="1203" HEIGHT="35">
						<TextLine ID="line_0" HPOS="458" VPOS="195" WIDTH="1203" HEIGHT="35">
							<String ID="string_0" HPOS="458" VPOS="195" WIDTH="435" HEIGHT="32" WC="0.91" CONTENT="Konstitutionsutskottets"/><SP WIDTH="23" VPOS="195" HPOS="893"/>
							<String ID="string_1" HPOS="916" VPOS="197" WIDTH="176" HEIGHT="31" WC="0.95" CONTENT="utlåtande"/><SP WIDTH="22" VPOS="197" HPOS="1092"/>
							<String ID="string_2" HPOS="1114" VPOS="208" WIDTH="42" HEIGHT="20" WC="0.96" CONTENT="nr"/><SP WIDTH="21" VPOS="208" HPOS="1156"/>
							<String ID="string_3" HPOS="1177" VPOS="199" WIDTH="42" HEIGHT="30" WC="0.96" CONTENT="20"/><SP WIDTH="21" VPOS="199" HPOS="1219"/>
							<String ID="string_4" HPOS="1240" VPOS="199" WIDTH="38" HEIGHT="30" WC="0.95" CONTENT="år"/><SP WIDTH="26" VPOS="199" HPOS="1278"/>
							<String ID="string_5" HPOS="1304" VPOS="200" WIDTH="82" HEIGHT="30" WC="0.96" CONTENT="1970"/><SP WIDTH="262" VPOS="200" HPOS="1386"/>
							<String ID="string_6" HPOS="1648" VPOS="202" WIDTH="13" HEIGHT="28" WC="0.97" CONTENT="1"/>
						</TextLine>
					</TextBlock>
				</ComposedBlock>
				<ComposedBlock ID="cblock_1" HPOS="850" VPOS="447" WIDTH="146" HEIGHT="41">
					<TextBlock ID="block_1" HPOS="850" VPOS="447" WIDTH="146" HEIGHT="41">
						<TextLine ID="line_1" HPOS="850" VPOS="447" WIDTH="146" HEIGHT="41">
							<String ID="string_7" HPOS="850" VPOS="447" WIDTH="64" HEIGHT="41" WC="0.96" CONTENT="Nr"/><SP WIDTH="28" VPOS="447" HPOS="914"/>
							<String ID="string_8" HPOS="942" VPOS="448" WIDTH="54" HEIGHT="40" WC="0.96" CONTENT="20"/>
						</TextLine>
					</TextBlock>
				</ComposedBlock>
				<ComposedBlock ID="cblock_2" HPOS="375" VPOS="563" WIDTH="1289" HEIGHT="140">
					<TextBlock ID="block_2" HPOS="375" VPOS="563" WIDTH="1289" HEIGHT="140">
						<TextLine ID="line_2" HPOS="375" VPOS="563" WIDTH="1289" HEIGHT="45">
							<String ID="string_9" HPOS="375" VPOS="563" WIDTH="437" HEIGHT="33" WC="0.91" CONTENT="Konstitutionsutskottets"/><SP WIDTH="47" VPOS="563" HPOS="812"/>
							<String ID="string_10" HPOS="859" VPOS="566" WIDTH="174" HEIGHT="31" WC="0.87" CONTENT="utlåtande"/><SP WIDTH="47" VPOS="566" HPOS="1033"/>
							<String ID="string_11" HPOS="1080" VPOS="569" WIDTH="10" HEIGHT="29" WC="0.94" CONTENT="i"/><SP WIDTH="44" VPOS="569" HPOS="1090"/>
							<String ID="string_12" HPOS="1134" VPOS="568" WIDTH="186" HEIGHT="39" WC="0.94" CONTENT="anledning"/><SP WIDTH="45" VPOS="568" HPOS="1320"/>
							<String ID="string_13" HPOS="1365" VPOS="578" WIDTH="41" HEIGHT="21" WC="0.95" CONTENT="av"/><SP WIDTH="45" VPOS="578" HPOS="1406"/>
							<String ID="string_14" HPOS="1451" VPOS="570" WIDTH="213" HEIGHT="38" WC="0.83" CONTENT="proposition"/>
						</TextLine>
						<TextLine ID="line_3" HPOS="574" VPOS="619" WIDTH="1089" HEIGHT="42">
							<String ID="string_15" HPOS="574" VPOS="619" WIDTH="78" HEIGHT="29" WC="0.96" CONTENT="med"/><SP WIDTH="23" VPOS="619" HPOS="652"/>
							<String ID="string_16" HPOS="675" VPOS="620" WIDTH="130" HEIGHT="38" WC="0.94" CONTENT="förslag"/><SP WIDTH="22" VPOS="620" HPOS="805"/>
							<String ID="string_17" HPOS="827" VPOS="621" WIDTH="50" HEIGHT="29" WC="0.95" CONTENT="till"/><SP WIDTH="22" VPOS="621" HPOS="877"/>
							<String ID="string_18" HPOS="899" VPOS="621" WIDTH="147" HEIGHT="38" WC="0.96" CONTENT="ändring"/><SP WIDTH="23" VPOS="621" HPOS="1046"/>
							<String ID="string_19" HPOS="1069" VPOS="623" WIDTH="10" HEIGHT="28" WC="0.96" CONTENT="i"/><SP WIDTH="20" VPOS="623" HPOS="1079"/>
							<String ID="string_20" HPOS="1099" VPOS="622" WIDTH="311" HEIGHT="38" WC="0.95" CONTENT="regeringsformen"/><SP WIDTH="22" VPOS="622" HPOS="1410"/>
							<String ID="string_21" HPOS="1432" VPOS="623" WIDTH="106" HEIGHT="38" WC="0.93" CONTENT="jämte"/><SP WIDTH="23" VPOS="623" HPOS="1538"/>
							<String ID="string_22" HPOS="1561" VPOS="623" WIDTH="102" HEIGHT="38" WC="0.90" CONTENT="följd-"/>
						</TextLine>
						<TextLine ID="line_4" HPOS="575" VPOS="673" WIDTH="178" HEIGHT="30">
							<String ID="string_23" HPOS="575" VPOS="673" WIDTH="178" HEIGHT="30" WC="0.95" CONTENT="motioner."/>
						</TextLine>
					</TextBlock>
				</ComposedBlock>
				<ComposedBlock ID="cblock_3" HPOS="847" VPOS="776" WIDTH="152" HEIGHT="35">
					<TextBlock ID="block_3" HPOS="847" VPOS="776" WIDTH="152" HEIGHT="35">
						<TextLine ID="line_5" HPOS="847" VPOS="776" WIDTH="152" HEIGHT="35">
							<String ID="string_24" HPOS="847" VPOS="776" WIDTH="152" HEIGHT="35" WC="0.96" CONTENT="Ärendet"/>
						</TextLine>
					</TextBlock>
				</ComposedBlock>
				<ComposedBlock ID="cblock_4" HPOS="175" VPOS="849" WIDTH="1488" HEIGHT="902">
					<TextBlock ID="block_4" HPOS="175" VPOS="849" WIDTH="1488" HEIGHT="201">
						<TextLine ID="line_6" HPOS="221" VPOS="849" WIDTH="1441" HEIGHT="46">
							<String ID="string_25" HPOS="221" VPOS="849" WIDTH="13" HEIGHT="29" WC="0.96" CONTENT="I"/><SP WIDTH="20" VPOS="849" HPOS="234"/>
							<String ID="string_26" HPOS="254" VPOS="849" WIDTH="91" HEIGHT="30" WC="0.96" CONTENT="detta"/><SP WIDTH="18" VPOS="849" HPOS="345"/>
							<String ID="string_27" HPOS="363" VPOS="849" WIDTH="177" HEIGHT="32" WC="0.96" CONTENT="utlåtande"/><SP WIDTH="18" VPOS="849" HPOS="540"/>
							<String ID="string_28" HPOS="558" VPOS="852" WIDTH="189" HEIGHT="30" WC="0.96" CONTENT="behandlas"/><SP WIDTH="19" VPOS="852" HPOS="747"/>
							<String ID="string_29" HPOS="766" VPOS="854" WIDTH="213" HEIGHT="37" WC="0.96" CONTENT="proposition"/><SP WIDTH="18" VPOS="854" HPOS="979"/>
							<String ID="string_30" HPOS="997" VPOS="864" WIDTH="41" HEIGHT="19" WC="0.96" CONTENT="nr"/><SP WIDTH="18" VPOS="864" HPOS="1038"/>
							<String ID="string_31" HPOS="1056" VPOS="854" WIDTH="41" HEIGHT="29" WC="0.96" CONTENT="24"/><SP WIDTH="19" VPOS="854" HPOS="1097"/>
							<String ID="string_32" HPOS="1116" VPOS="863" WIDTH="122" HEIGHT="30" WC="0.96" CONTENT="genom"/><SP WIDTH="19" VPOS="863" HPOS="1238"/>
							<String ID="string_33" HPOS="1257" VPOS="854" WIDTH="114" HEIGHT="31" WC="0.96" CONTENT="vilken"/><SP WIDTH="19" VPOS="854" HPOS="1371"/>
							<String ID="string_34" HPOS="1390" VPOS="856" WIDTH="56" HEIGHT="29" WC="0.96" CONTENT="för"/><SP WIDTH="15" VPOS="856" HPOS="1446"/>
							<String ID="string_35" HPOS="1461" VPOS="856" WIDTH="201" HEIGHT="39" WC="0.96" CONTENT="riksdagens"/>
						</TextLine>
						<TextLine ID="line_7" HPOS="176" VPOS="902" WIDTH="1487" HEIGHT="47">
							<String ID="string_36" HPOS="176" VPOS="902" WIDTH="170" HEIGHT="40" WC="0.95" CONTENT="prövning"/><SP WIDTH="22" VPOS="902" HPOS="346"/>
							<String ID="string_37" HPOS="368" VPOS="903" WIDTH="183" HEIGHT="40" WC="0.96" CONTENT="framlagts"/><SP WIDTH="18" VPOS="903" HPOS="551"/>
							<String ID="string_38" HPOS="569" VPOS="905" WIDTH="57" HEIGHT="30" WC="0.96" CONTENT="det"/><SP WIDTH="21" VPOS="905" HPOS="626"/>
							<String ID="string_39" HPOS="647" VPOS="905" WIDTH="9" HEIGHT="30" WC="0.96" CONTENT="i"/><SP WIDTH="25" VPOS="905" HPOS="656"/>
							<String ID="string_40" HPOS="681" VPOS="905" WIDTH="112" HEIGHT="40" WC="0.96" CONTENT="bilaga"/><SP WIDTH="20" VPOS="905" HPOS="793"/>
							<String ID="string_41" HPOS="813" VPOS="907" WIDTH="50" HEIGHT="29" WC="0.93" CONTENT="till"/><SP WIDTH="22" VPOS="907" HPOS="863"/>
							<String ID="string_42" HPOS="885" VPOS="906" WIDTH="191" HEIGHT="32" WC="0.92" CONTENT="utlåtandet"/><SP WIDTH="22" VPOS="906" HPOS="1076"/>
							<String ID="string_43" HPOS="1098" VPOS="908" WIDTH="141" HEIGHT="39" WC="0.96" CONTENT="intagna"/><SP WIDTH="22" VPOS="908" HPOS="1239"/>
							<String ID="string_44" HPOS="1261" VPOS="908" WIDTH="163" HEIGHT="39" WC="0.96" CONTENT="förslaget"/><SP WIDTH="21" VPOS="908" HPOS="1424"/>
							<String ID="string_45" HPOS="1445" VPOS="909" WIDTH="49" HEIGHT="30" WC="0.96" CONTENT="till"/><SP WIDTH="22" VPOS="909" HPOS="1494"/>
							<String ID="string_46" HPOS="1516" VPOS="910" WIDTH="147" HEIGHT="39" WC="0.96" CONTENT="ändring"/>
						</TextLine>
						<TextLine ID="line_8" HPOS="176" VPOS="956" WIDTH="1486" HEIGHT="44">
							<String ID="string_47" HPOS="176" VPOS="956" WIDTH="9" HEIGHT="29" WC="0.96" CONTENT="i"/><SP WIDTH="23" VPOS="956" HPOS="185"/>
							<String ID="string_48" HPOS="208" VPOS="956" WIDTH="321" HEIGHT="40" WC="0.92" CONTENT="regeringsformen."/><SP WIDTH="25" VPOS="956" HPOS="529"/>
							<String ID="string_49" HPOS="554" VPOS="959" WIDTH="179" HEIGHT="38" WC="0.91" CONTENT="Härjämte"/><SP WIDTH="22" VPOS="959" HPOS="733"/>
							<String ID="string_50" HPOS="755" VPOS="960" WIDTH="189" HEIGHT="30" WC="0.96" CONTENT="behandlas"/><SP WIDTH="23" VPOS="960" HPOS="944"/>
							<String ID="string_51" HPOS="967" VPOS="961" WIDTH="154" HEIGHT="39" WC="0.96" CONTENT="följande"/><SP WIDTH="22" VPOS="961" HPOS="1121"/>
							<String ID="string_52" HPOS="1143" VPOS="962" WIDTH="169" HEIGHT="29" WC="0.95" CONTENT="motioner"/><SP WIDTH="22" VPOS="962" HPOS="1312"/>
							<String ID="string_53" HPOS="1334" VPOS="972" WIDTH="74" HEIGHT="20" WC="0.96" CONTENT="som"/><SP WIDTH="23" VPOS="972" HPOS="1408"/>
							<String ID="string_54" HPOS="1431" VPOS="963" WIDTH="118" HEIGHT="30" WC="0.96" CONTENT="väckts"/><SP WIDTH="22" VPOS="963" HPOS="1549"/>
							<String ID="string_55" HPOS="1571" VPOS="964" WIDTH="10" HEIGHT="29" WC="0.93" CONTENT="i"/><SP WIDTH="23" VPOS="964" HPOS="1581"/>
							<String ID="string_56" HPOS="1604" VPOS="973" WIDTH="58" HEIGHT="20" WC="0.90" CONTENT="an-"/>
						</TextLine>
						<TextLine ID="line_9" HPOS="175" VPOS="1010" WIDTH="502" HEIGHT="40">
							<String ID="string_57" HPOS="175" VPOS="1010" WIDTH="140" HEIGHT="39" WC="0.96" CONTENT="ledning"/><SP WIDTH="25" VPOS="1010" HPOS="315"/>
							<String ID="string_58" HPOS="340" VPOS="1020" WIDTH="41" HEIGHT="20" WC="0.96" CONTENT="av"/><SP WIDTH="26" VPOS="1020" HPOS="381"/>
							<String ID="string_59" HPOS="407" VPOS="1011" WIDTH="270" HEIGHT="39" WC="0.95" CONTENT="propositionen:"/>
						</TextLine>
					</TextBlock>
					<TextBlock ID="block_5" HPOS="176" VPOS="1063" WIDTH="1486" HEIGHT="202">
						<TextLine ID="line_10" HPOS="224" VPOS="1063" WIDTH="1438" HEIGHT="44">
							<String ID="string_60" HPOS="224" VPOS="1063" WIDTH="27" HEIGHT="40" WC="0.95" CONTENT="1)"/><SP WIDTH="33" VPOS="1063" HPOS="251"/>
							<String ID="string_61" HPOS="284" VPOS="1064" WIDTH="26" HEIGHT="30" WC="0.53" CONTENT="1:"/><SP WIDTH="16" VPOS="1064" HPOS="310"/>
							<String ID="string_62" HPOS="326" VPOS="1065" WIDTH="63" HEIGHT="29" WC="0.53" CONTENT="998"/><SP WIDTH="18" VPOS="1065" HPOS="389"/>
							<String ID="string_63" HPOS="407" VPOS="1074" WIDTH="41" HEIGHT="21" WC="0.96" CONTENT="av"/><SP WIDTH="18" VPOS="1074" HPOS="448"/>
							<String ID="string_64" HPOS="466" VPOS="1065" WIDTH="120" HEIGHT="30" WC="0.96" CONTENT="herrar"/><SP WIDTH="16" VPOS="1065" HPOS="586"/>
							<String ID="string_65" HPOS="602" VPOS="1066" WIDTH="181" HEIGHT="39" WC="0.96" CONTENT="Bengtson,"/><SP WIDTH="20" VPOS="1066" HPOS="783"/>
							<String ID="string_66" HPOS="803" VPOS="1067" WIDTH="141" HEIGHT="36" WC="0.96" CONTENT="Sundin,"/><SP WIDTH="20" VPOS="1067" HPOS="944"/>
							<String ID="string_67" HPOS="964" VPOS="1068" WIDTH="56" HEIGHT="30" WC="0.96" CONTENT="fru"/><SP WIDTH="18" VPOS="1068" HPOS="1020"/>
							<String ID="string_68" HPOS="1038" VPOS="1069" WIDTH="86" HEIGHT="38" WC="0.96" CONTENT="Elvy"/><SP WIDTH="18" VPOS="1069" HPOS="1124"/>
							<String ID="string_69" HPOS="1142" VPOS="1069" WIDTH="123" HEIGHT="30" WC="0.96" CONTENT="Olsson"/><SP WIDTH="18" VPOS="1069" HPOS="1265"/>
							<String ID="string_70" HPOS="1283" VPOS="1070" WIDTH="64" HEIGHT="29" WC="0.96" CONTENT="och"/><SP WIDTH="19" VPOS="1070" HPOS="1347"/>
							<String ID="string_71" HPOS="1366" VPOS="1070" WIDTH="78" HEIGHT="30" WC="0.95" CONTENT="herr"/><SP WIDTH="19" VPOS="1070" HPOS="1444"/>
							<String ID="string_72" HPOS="1463" VPOS="1071" WIDTH="199" HEIGHT="30" WC="0.96" CONTENT="Svanström"/>
						</TextLine>
						<TextLine ID="line_11" HPOS="177" VPOS="1118" WIDTH="1484" HEIGHT="42">
							<String ID="string_73" HPOS="177" VPOS="1122" WIDTH="88" HEIGHT="26" WC="0.96" CONTENT="samt"/><SP WIDTH="23" VPOS="1122" HPOS="265"/>
							<String ID="string_74" HPOS="288" VPOS="1118" WIDTH="45" HEIGHT="29" WC="0.91" CONTENT="II:"/><SP WIDTH="17" VPOS="1118" HPOS="333"/>
							<String ID="string_75" HPOS="350" VPOS="1119" WIDTH="82" HEIGHT="29" WC="0.93" CONTENT="1156"/><SP WIDTH="23" VPOS="1119" HPOS="432"/>
							<String ID="string_76" HPOS="455" VPOS="1128" WIDTH="42" HEIGHT="20" WC="0.96" CONTENT="av"/><SP WIDTH="22" VPOS="1128" HPOS="497"/>
							<String ID="string_77" HPOS="519" VPOS="1119" WIDTH="120" HEIGHT="30" WC="0.96" CONTENT="herrar"/><SP WIDTH="23" VPOS="1119" HPOS="639"/>
							<String ID="string_78" HPOS="662" VPOS="1120" WIDTH="170" HEIGHT="36" WC="0.96" CONTENT="Hedlund,"/><SP WIDTH="25" VPOS="1120" HPOS="832"/>
							<String ID="string_79" HPOS="857" VPOS="1121" WIDTH="145" HEIGHT="36" WC="0.96" CONTENT="Fälldin,"/><SP WIDTH="24" VPOS="1121" HPOS="1002"/>
							<String ID="string_80" HPOS="1026" VPOS="1122" WIDTH="205" HEIGHT="36" WC="0.96" CONTENT="Antonsson,"/><SP WIDTH="25" VPOS="1122" HPOS="1231"/>
							<String ID="string_81" HPOS="1256" VPOS="1123" WIDTH="156" HEIGHT="30" WC="0.96" CONTENT="Eliasson"/><SP WIDTH="23" VPOS="1123" HPOS="1412"/>
							<String ID="string_82" HPOS="1435" VPOS="1124" WIDTH="10" HEIGHT="29" WC="0.96" CONTENT="i"/><SP WIDTH="24" VPOS="1124" HPOS="1445"/>
							<String ID="string_83" HPOS="1469" VPOS="1124" WIDTH="192" HEIGHT="36" WC="0.95" CONTENT="Sundborn,"/>
						</TextLine>
						<TextLine ID="line_12" HPOS="176" VPOS="1170" WIDTH="1483" HEIGHT="43">
							<String ID="string_84" HPOS="176" VPOS="1170" WIDTH="160" HEIGHT="31" WC="0.96" CONTENT="Hansson"/><SP WIDTH="22" VPOS="1170" HPOS="336"/>
							<String ID="string_85" HPOS="358" VPOS="1172" WIDTH="9" HEIGHT="29" WC="0.96" CONTENT="i"/><SP WIDTH="23" VPOS="1172" HPOS="367"/>
							<String ID="string_86" HPOS="390" VPOS="1172" WIDTH="147" HEIGHT="39" WC="0.96" CONTENT="Skegrie,"/><SP WIDTH="24" VPOS="1172" HPOS="537"/>
							<String ID="string_87" HPOS="561" VPOS="1173" WIDTH="186" HEIGHT="36" WC="0.92" CONTENT="Wahlund,"/><SP WIDTH="23" VPOS="1173" HPOS="747"/>
							<String ID="string_88" HPOS="770" VPOS="1173" WIDTH="167" HEIGHT="40" WC="0.90" CONTENT="Vigelsbo,"/><SP WIDTH="24" VPOS="1173" HPOS="937"/>
							<String ID="string_89" HPOS="961" VPOS="1175" WIDTH="166" HEIGHT="31" WC="0.96" CONTENT="Eriksson"/><SP WIDTH="21" VPOS="1175" HPOS="1127"/>
							<String ID="string_90" HPOS="1148" VPOS="1176" WIDTH="9" HEIGHT="29" WC="0.93" CONTENT="i"/><SP WIDTH="23" VPOS="1176" HPOS="1157"/>
							<String ID="string_91" HPOS="1180" VPOS="1176" WIDTH="193" HEIGHT="31" WC="0.91" CONTENT="Bäckmora"/><SP WIDTH="22" VPOS="1176" HPOS="1373"/>
							<String ID="string_92" HPOS="1395" VPOS="1178" WIDTH="64" HEIGHT="29" WC="0.96" CONTENT="och"/><SP WIDTH="23" VPOS="1178" HPOS="1459"/>
							<String ID="string_93" HPOS="1482" VPOS="1178" WIDTH="148" HEIGHT="30" WC="0.96" CONTENT="Larsson"/><SP WIDTH="22" VPOS="1178" HPOS="1630"/>
							<String ID="string_94" HPOS="1652" VPOS="1179" WIDTH="7" HEIGHT="29" WC="0.96" CONTENT="i"/>
						</TextLine>
						<TextLine ID="line_13" HPOS="177" VPOS="1224" WIDTH="326" HEIGHT="41">
							<String ID="string_95" HPOS="177" VPOS="1224" WIDTH="119" HEIGHT="31" WC="0.94" CONTENT="Luttra"/><SP WIDTH="31" VPOS="1224" HPOS="296"/>
							<String ID="string_96" HPOS="327" VPOS="1225" WIDTH="79" HEIGHT="38" WC="0.94" CONTENT="(alla"/><SP WIDTH="24" VPOS="1225" HPOS="406"/>
							<String ID="string_97" HPOS="430" VPOS="1226" WIDTH="73" HEIGHT="39" WC="0.92" CONTENT="cp);"/>
						</TextLine>
					</TextBlock>
					<TextBlock ID="block_6" HPOS="175" VPOS="1278" WIDTH="1487" HEIGHT="206">
						<TextLine ID="line_14" HPOS="220" VPOS="1278" WIDTH="1442" HEIGHT="51">
							<String ID="string_98" HPOS="220" VPOS="1278" WIDTH="31" HEIGHT="38" WC="0.96" CONTENT="2)"/><SP WIDTH="32" VPOS="1278" HPOS="251"/>
							<String ID="string_99" HPOS="283" VPOS="1279" WIDTH="26" HEIGHT="29" WC="0.2" CONTENT="1:"/><SP WIDTH="15" VPOS="1279" HPOS="309"/>
							<String ID="string_100" HPOS="324" VPOS="1280" WIDTH="64" HEIGHT="29" WC="0.2" CONTENT="999"/><SP WIDTH="21" VPOS="1280" HPOS="388"/>
							<String ID="string_101" HPOS="409" VPOS="1289" WIDTH="41" HEIGHT="20" WC="0.95" CONTENT="av"/><SP WIDTH="21" VPOS="1289" HPOS="450"/>
							<String ID="string_102" HPOS="471" VPOS="1280" WIDTH="121" HEIGHT="30" WC="0.96" CONTENT="herrar"/><SP WIDTH="19" VPOS="1280" HPOS="592"/>
							<String ID="string_103" HPOS="611" VPOS="1281" WIDTH="167" HEIGHT="36" WC="0.96" CONTENT="Bohman,"/><SP WIDTH="24" VPOS="1281" HPOS="778"/>
							<String ID="string_104" HPOS="802" VPOS="1281" WIDTH="186" HEIGHT="37" WC="0.93" CONTENT="Eskilsson,"/><SP WIDTH="23" VPOS="1281" HPOS="988"/>
							<String ID="string_105" HPOS="1011" VPOS="1282" WIDTH="191" HEIGHT="37" WC="0.91" CONTENT="Hernelius,"/><SP WIDTH="23" VPOS="1282" HPOS="1202"/>
							<String ID="string_106" HPOS="1225" VPOS="1283" WIDTH="102" HEIGHT="31" WC="0.96" CONTENT="Gösta"/><SP WIDTH="21" VPOS="1283" HPOS="1327"/>
							<String ID="string_107" HPOS="1348" VPOS="1284" WIDTH="200" HEIGHT="37" WC="0.96" CONTENT="Jacobsson,"/><SP WIDTH="22" VPOS="1284" HPOS="1548"/>
							<String ID="string_108" HPOS="1570" VPOS="1281" WIDTH="92" HEIGHT="48" WC="0.92" CONTENT="Kaij-"/>
						</TextLine>
						<TextLine ID="line_15" HPOS="176" VPOS="1333" WIDTH="1484" HEIGHT="42">
							<String ID="string_109" HPOS="176" VPOS="1341" WIDTH="62" HEIGHT="27" WC="0.96" CONTENT="ser,"/><SP WIDTH="25" VPOS="1341" HPOS="238"/>
							<String ID="string_110" HPOS="263" VPOS="1333" WIDTH="116" HEIGHT="38" WC="0.96" CONTENT="Yngve"/><SP WIDTH="23" VPOS="1333" HPOS="379"/>
							<String ID="string_111" HPOS="402" VPOS="1333" WIDTH="147" HEIGHT="36" WC="0.93" CONTENT="Nilsson,"/><SP WIDTH="24" VPOS="1333" HPOS="549"/>
							<String ID="string_112" HPOS="573" VPOS="1334" WIDTH="231" HEIGHT="39" WC="0.91" CONTENT="Sveningsson"/><SP WIDTH="23" VPOS="1334" HPOS="804"/>
							<String ID="string_113" HPOS="827" VPOS="1336" WIDTH="64" HEIGHT="29" WC="0.96" CONTENT="och"/><SP WIDTH="25" VPOS="1336" HPOS="891"/>
							<String ID="string_114" HPOS="916" VPOS="1335" WIDTH="118" HEIGHT="40" WC="0.96" CONTENT="Virgin"/><SP WIDTH="23" VPOS="1335" HPOS="1034"/>
							<String ID="string_115" HPOS="1057" VPOS="1340" WIDTH="88" HEIGHT="26" WC="0.96" CONTENT="samt"/><SP WIDTH="23" VPOS="1340" HPOS="1145"/>
							<String ID="string_116" HPOS="1168" VPOS="1337" WIDTH="45" HEIGHT="29" WC="0.89" CONTENT="II:"/><SP WIDTH="17" VPOS="1337" HPOS="1213"/>
							<String ID="string_117" HPOS="1230" VPOS="1338" WIDTH="81" HEIGHT="29" WC="0.89" CONTENT="1157"/><SP WIDTH="25" VPOS="1338" HPOS="1311"/>
							<String ID="string_118" HPOS="1336" VPOS="1347" WIDTH="41" HEIGHT="20" WC="0.96" CONTENT="av"/><SP WIDTH="23" VPOS="1347" HPOS="1377"/>
							<String ID="string_119" HPOS="1400" VPOS="1339" WIDTH="120" HEIGHT="30" WC="0.92" CONTENT="herrar"/><SP WIDTH="25" VPOS="1339" HPOS="1520"/>
							<String ID="string_120" HPOS="1545" VPOS="1339" WIDTH="115" HEIGHT="30" WC="0.92" CONTENT="Holm-"/>
						</TextLine>
						<TextLine ID="line_16" HPOS="175" VPOS="1386" WIDTH="1485" HEIGHT="43">
							<String ID="string_121" HPOS="175" VPOS="1386" WIDTH="91" HEIGHT="39" WC="0.93" CONTENT="berg,"/><SP WIDTH="22" VPOS="1386" HPOS="266"/>
							<String ID="string_122" HPOS="288" VPOS="1387" WIDTH="205" HEIGHT="30" WC="0.90" CONTENT="Burenstam"/><SP WIDTH="21" VPOS="1387" HPOS="493"/>
							<String ID="string_123" HPOS="514" VPOS="1387" WIDTH="136" HEIGHT="37" WC="0.96" CONTENT="Linder,"/><SP WIDTH="22" VPOS="1387" HPOS="650"/>
							<String ID="string_124" HPOS="672" VPOS="1388" WIDTH="122" HEIGHT="36" WC="0.96" CONTENT="Cassel,"/><SP WIDTH="24" VPOS="1388" HPOS="794"/>
							<String ID="string_125" HPOS="818" VPOS="1389" WIDTH="157" HEIGHT="30" WC="0.96" CONTENT="Eliasson"/><SP WIDTH="19" VPOS="1389" HPOS="975"/>
							<String ID="string_126" HPOS="994" VPOS="1390" WIDTH="11" HEIGHT="29" WC="0.96" CONTENT="i"/><SP WIDTH="20" VPOS="1390" HPOS="1005"/>
							<String ID="string_127" HPOS="1025" VPOS="1390" WIDTH="163" HEIGHT="36" WC="0.96" CONTENT="Moholm,"/><SP WIDTH="23" VPOS="1390" HPOS="1188"/>
							<String ID="string_128" HPOS="1211" VPOS="1391" WIDTH="122" HEIGHT="36" WC="0.96" CONTENT="Hedin,"/><SP WIDTH="22" VPOS="1391" HPOS="1333"/>
							<String ID="string_129" HPOS="1355" VPOS="1392" WIDTH="57" HEIGHT="30" WC="0.96" CONTENT="fru"/><SP WIDTH="22" VPOS="1392" HPOS="1412"/>
							<String ID="string_130" HPOS="1434" VPOS="1392" WIDTH="226" HEIGHT="37" WC="0.96" CONTENT="Kristensson,"/>
						</TextLine>
						<TextLine ID="line_17" HPOS="175" VPOS="1439" WIDTH="1160" HEIGHT="45">
							<String ID="string_131" HPOS="175" VPOS="1439" WIDTH="80" HEIGHT="30" WC="0.95" CONTENT="herr"/><SP WIDTH="21" VPOS="1439" HPOS="255"/>
							<String ID="string_132" HPOS="276" VPOS="1440" WIDTH="211" HEIGHT="39" WC="0.95" CONTENT="Magnusson"/><SP WIDTH="22" VPOS="1440" HPOS="487"/>
							<String ID="string_133" HPOS="509" VPOS="1441" WIDTH="10" HEIGHT="29" WC="0.95" CONTENT="i"/><SP WIDTH="23" VPOS="1441" HPOS="519"/>
							<String ID="string_134" HPOS="542" VPOS="1440" WIDTH="105" HEIGHT="31" WC="0.95" CONTENT="Borås"/><SP WIDTH="23" VPOS="1440" HPOS="647"/>
							<String ID="string_135" HPOS="670" VPOS="1442" WIDTH="65" HEIGHT="29" WC="0.96" CONTENT="och"/><SP WIDTH="22" VPOS="1442" HPOS="735"/>
							<String ID="string_136" HPOS="757" VPOS="1442" WIDTH="124" HEIGHT="30" WC="0.93" CONTENT="fröken"/><SP WIDTH="23" VPOS="1442" HPOS="881"/>
							<String ID="string_137" HPOS="904" VPOS="1443" WIDTH="237" HEIGHT="30" WC="0.92" CONTENT="Wetterström"/><SP WIDTH="29" VPOS="1443" HPOS="1141"/>
							<String ID="string_138" HPOS="1170" VPOS="1444" WIDTH="78" HEIGHT="38" WC="0.93" CONTENT="(alla"/><SP WIDTH="22" VPOS="1444" HPOS="1248"/>
							<String ID="string_139" HPOS="1270" VPOS="1445" WIDTH="65" HEIGHT="39" WC="0.90" CONTENT="m);"/>
						</TextLine>
					</TextBlock>
					<TextBlock ID="block_7" HPOS="176" VPOS="1493" WIDTH="1486" HEIGHT="202">
						<TextLine ID="line_18" HPOS="219" VPOS="1493" WIDTH="1443" HEIGHT="42">
							<String ID="string_140" HPOS="219" VPOS="1493" WIDTH="30" HEIGHT="38" WC="0.96" CONTENT="3)"/><SP WIDTH="32" VPOS="1493" HPOS="249"/>
							<String ID="string_141" HPOS="281" VPOS="1493" WIDTH="28" HEIGHT="30" WC="0.57" CONTENT="1:"/><SP WIDTH="17" VPOS="1493" HPOS="309"/>
							<String ID="string_142" HPOS="326" VPOS="1494" WIDTH="84" HEIGHT="29" WC="0.57" CONTENT="1000"/><SP WIDTH="31" VPOS="1494" HPOS="410"/>
							<String ID="string_143" HPOS="441" VPOS="1504" WIDTH="42" HEIGHT="20" WC="0.96" CONTENT="av"/><SP WIDTH="31" VPOS="1504" HPOS="483"/>
							<String ID="string_144" HPOS="514" VPOS="1495" WIDTH="120" HEIGHT="29" WC="0.96" CONTENT="herrar"/><SP WIDTH="31" VPOS="1495" HPOS="634"/>
							<String ID="string_145" HPOS="665" VPOS="1495" WIDTH="117" HEIGHT="36" WC="0.96" CONTENT="Helén,"/><SP WIDTH="32" VPOS="1495" HPOS="782"/>
							<String ID="string_146" HPOS="814" VPOS="1496" WIDTH="265" HEIGHT="36" WC="0.96" CONTENT="Alexanderson,"/><SP WIDTH="33" VPOS="1496" HPOS="1079"/>
							<String ID="string_147" HPOS="1112" VPOS="1497" WIDTH="56" HEIGHT="30" WC="0.93" CONTENT="fru"/><SP WIDTH="32" VPOS="1497" HPOS="1168"/>
							<String ID="string_148" HPOS="1200" VPOS="1498" WIDTH="311" HEIGHT="37" WC="0.86" CONTENT="Hamrin-Thorell,"/><SP WIDTH="33" VPOS="1498" HPOS="1511"/>
							<String ID="string_149" HPOS="1544" VPOS="1501" WIDTH="118" HEIGHT="29" WC="0.95" CONTENT="herrar"/>
						</TextLine>
						<TextLine ID="line_19" HPOS="176" VPOS="1546" WIDTH="1484" HEIGHT="47">
							<String ID="string_150" HPOS="176" VPOS="1546" WIDTH="78" HEIGHT="31" WC="0.96" CONTENT="Eric"/><SP WIDTH="22" VPOS="1546" HPOS="254"/>
							<String ID="string_151" HPOS="276" VPOS="1547" WIDTH="163" HEIGHT="30" WC="0.96" CONTENT="Peterson"/><SP WIDTH="21" VPOS="1547" HPOS="439"/>
							<String ID="string_152" HPOS="460" VPOS="1549" WIDTH="65" HEIGHT="29" WC="0.93" CONTENT="och"/><SP WIDTH="24" VPOS="1549" HPOS="525"/>
							<String ID="string_153" HPOS="549" VPOS="1548" WIDTH="183" HEIGHT="31" WC="0.93" CONTENT="Stefanson"/><SP WIDTH="23" VPOS="1548" HPOS="732"/>
							<String ID="string_154" HPOS="755" VPOS="1552" WIDTH="89" HEIGHT="27" WC="0.95" CONTENT="samt"/><SP WIDTH="22" VPOS="1552" HPOS="844"/>
							<String ID="string_155" HPOS="866" VPOS="1550" WIDTH="43" HEIGHT="30" WC="0.93" CONTENT="II:"/><SP WIDTH="19" VPOS="1550" HPOS="909"/>
							<String ID="string_156" HPOS="928" VPOS="1551" WIDTH="82" HEIGHT="29" WC="0.95" CONTENT="1155"/><SP WIDTH="24" VPOS="1551" HPOS="1010"/>
							<String ID="string_157" HPOS="1034" VPOS="1560" WIDTH="42" HEIGHT="20" WC="0.96" CONTENT="av"/><SP WIDTH="22" VPOS="1560" HPOS="1076"/>
							<String ID="string_158" HPOS="1098" VPOS="1551" WIDTH="119" HEIGHT="30" WC="0.96" CONTENT="herrar"/><SP WIDTH="24" VPOS="1551" HPOS="1217"/>
							<String ID="string_159" HPOS="1241" VPOS="1552" WIDTH="186" HEIGHT="31" WC="0.95" CONTENT="Gustafson"/><SP WIDTH="22" VPOS="1552" HPOS="1427"/>
							<String ID="string_160" HPOS="1449" VPOS="1553" WIDTH="10" HEIGHT="30" WC="0.96" CONTENT="i"/><SP WIDTH="23" VPOS="1553" HPOS="1459"/>
							<String ID="string_161" HPOS="1482" VPOS="1553" WIDTH="178" HEIGHT="40" WC="0.96" CONTENT="Göteborg,"/>
						</TextLine>
						<TextLine ID="line_20" HPOS="176" VPOS="1600" WIDTH="1484" HEIGHT="46">
							<String ID="string_162" HPOS="176" VPOS="1600" WIDTH="182" HEIGHT="36" WC="0.92" CONTENT="Mundebo,"/><SP WIDTH="30" VPOS="1600" HPOS="358"/>
							<String ID="string_163" HPOS="388" VPOS="1601" WIDTH="56" HEIGHT="29" WC="0.92" CONTENT="fru"/><SP WIDTH="29" VPOS="1601" HPOS="444"/>
							<String ID="string_164" HPOS="473" VPOS="1602" WIDTH="246" HEIGHT="35" WC="0.92" CONTENT="Nettelbrandt,"/><SP WIDTH="30" VPOS="1602" HPOS="719"/>
							<String ID="string_165" HPOS="749" VPOS="1603" WIDTH="120" HEIGHT="29" WC="0.96" CONTENT="herrar"/><SP WIDTH="27" VPOS="1603" HPOS="869"/>
							<String ID="string_166" HPOS="896" VPOS="1603" WIDTH="148" HEIGHT="30" WC="0.96" CONTENT="Jönsson"/><SP WIDTH="28" VPOS="1603" HPOS="1044"/>
							<String ID="string_167" HPOS="1072" VPOS="1605" WIDTH="10" HEIGHT="29" WC="0.93" CONTENT="i"/><SP WIDTH="29" VPOS="1605" HPOS="1082"/>
							<String ID="string_168" HPOS="1111" VPOS="1604" WIDTH="315" HEIGHT="40" WC="0.90" CONTENT="Ingemarsgården,"/><SP WIDTH="30" VPOS="1604" HPOS="1426"/>
							<String ID="string_169" HPOS="1456" VPOS="1607" WIDTH="113" HEIGHT="39" WC="0.91" CONTENT="Antby"/><SP WIDTH="28" VPOS="1607" HPOS="1569"/>
							<String ID="string_170" HPOS="1597" VPOS="1609" WIDTH="63" HEIGHT="29" WC="0.96" CONTENT="och"/>
						</TextLine>
						<TextLine ID="line_21" HPOS="176" VPOS="1654" WIDTH="741" HEIGHT="41">
							<String ID="string_171" HPOS="176" VPOS="1654" WIDTH="166" HEIGHT="30" WC="0.96" CONTENT="Wiklund"/><SP WIDTH="25" VPOS="1654" HPOS="342"/>
							<String ID="string_172" HPOS="367" VPOS="1655" WIDTH="10" HEIGHT="29" WC="0.96" CONTENT="i"/><SP WIDTH="25" VPOS="1655" HPOS="377"/>
							<String ID="string_173" HPOS="402" VPOS="1655" WIDTH="199" HEIGHT="30" WC="0.96" CONTENT="Stockholm"/><SP WIDTH="30" VPOS="1655" HPOS="601"/>
							<String ID="string_174" HPOS="631" VPOS="1655" WIDTH="79" HEIGHT="39" WC="0.96" CONTENT="(alla"/><SP WIDTH="23" VPOS="1655" HPOS="710"/>
							<String ID="string_175" HPOS="733" VPOS="1656" WIDTH="69" HEIGHT="39" WC="0.96" CONTENT="fp);"/><SP WIDTH="26" VPOS="1656" HPOS="802"/>
							<String ID="string_176" HPOS="828" VPOS="1661" WIDTH="89" HEIGHT="27" WC="0.96" CONTENT="samt"/>
						</TextLine>
					</TextBlock>
					<TextBlock ID="block_8" HPOS="220" VPOS="1707" WIDTH="918" HEIGHT="44">
						<TextLine ID="line_22" HPOS="220" VPOS="1707" WIDTH="918" HEIGHT="44">
							<String ID="string_177" HPOS="220" VPOS="1707" WIDTH="30" HEIGHT="38" WC="0.95" CONTENT="4)"/><SP WIDTH="32" VPOS="1707" HPOS="250"/>
							<String ID="string_178" HPOS="282" VPOS="1708" WIDTH="44" HEIGHT="29" WC="0.84" CONTENT="II:"/><SP WIDTH="19" VPOS="1708" HPOS="326"/>
							<String ID="string_179" HPOS="345" VPOS="1709" WIDTH="81" HEIGHT="29" WC="0.84" CONTENT="1158"/><SP WIDTH="22" VPOS="1709" HPOS="426"/>
							<String ID="string_180" HPOS="448" VPOS="1717" WIDTH="42" HEIGHT="21" WC="0.96" CONTENT="av"/><SP WIDTH="21" VPOS="1717" HPOS="490"/>
							<String ID="string_181" HPOS="511" VPOS="1709" WIDTH="80" HEIGHT="29" WC="0.96" CONTENT="herr"/><SP WIDTH="23" VPOS="1709" HPOS="591"/>
							<String ID="string_182" HPOS="614" VPOS="1709" WIDTH="166" HEIGHT="30" WC="0.96" CONTENT="Wiklund"/><SP WIDTH="21" VPOS="1709" HPOS="780"/>
							<String ID="string_183" HPOS="801" VPOS="1710" WIDTH="9" HEIGHT="30" WC="0.96" CONTENT="i"/><SP WIDTH="24" VPOS="1710" HPOS="810"/>
							<String ID="string_184" HPOS="834" VPOS="1710" WIDTH="198" HEIGHT="31" WC="0.96" CONTENT="Stockholm"/><SP WIDTH="29" VPOS="1710" HPOS="1032"/>
							<String ID="string_185" HPOS="1061" VPOS="1711" WIDTH="77" HEIGHT="40" WC="0.96" CONTENT="(fp)."/>
						</TextLine>
					</TextBlock>
				</ComposedBlock>
				<ComposedBlock ID="cblock_5" HPOS="543" VPOS="1842" WIDTH="754" HEIGHT="41">
					<TextBlock ID="block_9" HPOS="543" VPOS="1842" WIDTH="754" HEIGHT="41">
						<TextLine ID="line_23" HPOS="543" VPOS="1842" WIDTH="754" HEIGHT="41">
							<String ID="string_186" HPOS="543" VPOS="1842" WIDTH="290" HEIGHT="39" WC="0.91" CONTENT="Propositionens"/><SP WIDTH="24" VPOS="1842" HPOS="833"/>
							<String ID="string_187" HPOS="857" VPOS="1844" WIDTH="258" HEIGHT="39" WC="0.96" CONTENT="huvudsakliga"/><SP WIDTH="24" VPOS="1844" HPOS="1115"/>
							<String ID="string_188" HPOS="1139" VPOS="1843" WIDTH="158" HEIGHT="33" WC="0.96" CONTENT="innehåll"/>
						</TextLine>
					</TextBlock>
				</ComposedBlock>
				<ComposedBlock ID="cblock_6" HPOS="173" VPOS="1912" WIDTH="1488" HEIGHT="417">
					<TextBlock ID="block_10" HPOS="175" VPOS="1912" WIDTH="1485" HEIGHT="206">
						<TextLine ID="line_24" HPOS="219" VPOS="1912" WIDTH="1441" HEIGHT="44">
							<String ID="string_189" HPOS="219" VPOS="1912" WIDTH="13" HEIGHT="29" WC="0.96" CONTENT="I"/><SP WIDTH="23" VPOS="1912" HPOS="232"/>
							<String ID="string_190" HPOS="255" VPOS="1913" WIDTH="268" HEIGHT="38" WC="0.96" CONTENT="propositionen"/><SP WIDTH="21" VPOS="1913" HPOS="523"/>
							<String ID="string_191" HPOS="544" VPOS="1913" WIDTH="148" HEIGHT="31" WC="0.96" CONTENT="föreslås"/><SP WIDTH="23" VPOS="1913" HPOS="692"/>
							<String ID="string_192" HPOS="715" VPOS="1915" WIDTH="235" HEIGHT="38" WC="0.96" CONTENT="upphävande"/><SP WIDTH="22" VPOS="1915" HPOS="950"/>
							<String ID="string_193" HPOS="972" VPOS="1925" WIDTH="43" HEIGHT="20" WC="0.93" CONTENT="av"/><SP WIDTH="21" VPOS="1925" HPOS="1015"/>
							<String ID="string_194" HPOS="1036" VPOS="1917" WIDTH="338" HEIGHT="39" WC="0.91" CONTENT="regeringsformens"/><SP WIDTH="22" VPOS="1917" HPOS="1374"/>
							<String ID="string_195" HPOS="1396" VPOS="1920" WIDTH="264" HEIGHT="31" WC="0.96" CONTENT="bestämmelser"/>
						</TextLine>
						<TextLine ID="line_25" HPOS="175" VPOS="1966" WIDTH="1485" HEIGHT="46">
							<String ID="string_196" HPOS="175" VPOS="1975" WIDTH="58" HEIGHT="20" WC="0.96" CONTENT="om"/><SP WIDTH="22" VPOS="1975" HPOS="233"/>
							<String ID="string_197" HPOS="255" VPOS="1966" WIDTH="198" HEIGHT="39" WC="0.96" CONTENT="skyldighet"/><SP WIDTH="22" VPOS="1966" HPOS="453"/>
							<String ID="string_198" HPOS="475" VPOS="1967" WIDTH="11" HEIGHT="29" WC="0.96" CONTENT="i"/><SP WIDTH="19" VPOS="1967" HPOS="486"/>
							<String ID="string_199" HPOS="505" VPOS="1967" WIDTH="92" HEIGHT="30" WC="0.96" CONTENT="vissa"/><SP WIDTH="21" VPOS="1967" HPOS="597"/>
							<String ID="string_200" HPOS="618" VPOS="1967" WIDTH="63" HEIGHT="30" WC="0.96" CONTENT="fall"/><SP WIDTH="21" VPOS="1967" HPOS="681"/>
							<String ID="string_201" HPOS="702" VPOS="1967" WIDTH="56" HEIGHT="30" WC="0.96" CONTENT="för"/><SP WIDTH="23" VPOS="1967" HPOS="758"/>
							<String ID="string_202" HPOS="781" VPOS="1968" WIDTH="124" HEIGHT="39" WC="0.95" CONTENT="Kungl."/><SP WIDTH="23" VPOS="1968" HPOS="905"/>
							<String ID="string_203" HPOS="928" VPOS="1969" WIDTH="101" HEIGHT="39" WC="0.96" CONTENT="Maj:t"/><SP WIDTH="20" VPOS="1969" HPOS="1029"/>
							<String ID="string_204" HPOS="1049" VPOS="1973" WIDTH="50" HEIGHT="27" WC="0.96" CONTENT="att"/><SP WIDTH="22" VPOS="1973" HPOS="1099"/>
							<String ID="string_205" HPOS="1121" VPOS="1970" WIDTH="159" HEIGHT="31" WC="0.93" CONTENT="inhämta"/><SP WIDTH="21" VPOS="1970" HPOS="1280"/>
							<String ID="string_206" HPOS="1301" VPOS="1971" WIDTH="175" HEIGHT="40" WC="0.92" CONTENT="lagrådets"/><SP WIDTH="21" VPOS="1971" HPOS="1476"/>
							<String ID="string_207" HPOS="1497" VPOS="1975" WIDTH="163" HEIGHT="37" WC="0.95" CONTENT="yttrande"/>
						</TextLine>
						<TextLine ID="line_26" HPOS="175" VPOS="2020" WIDTH="1483" HEIGHT="47">
							<String ID="string_208" HPOS="175" VPOS="2020" WIDTH="81" HEIGHT="29" WC="0.96" CONTENT="över"/><SP WIDTH="28" VPOS="2020" HPOS="256"/>
							<String ID="string_209" HPOS="284" VPOS="2020" WIDTH="200" HEIGHT="39" WC="0.95" CONTENT="lagförslag."/><SP WIDTH="30" VPOS="2020" HPOS="484"/>
							<String ID="string_210" HPOS="514" VPOS="2020" WIDTH="65" HEIGHT="30" WC="0.96" CONTENT="Det"/><SP WIDTH="30" VPOS="2020" HPOS="579"/>
							<String ID="string_211" HPOS="609" VPOS="2021" WIDTH="89" HEIGHT="30" WC="0.96" CONTENT="skall"/><SP WIDTH="28" VPOS="2021" HPOS="698"/>
							<String ID="string_212" HPOS="726" VPOS="2021" WIDTH="106" HEIGHT="39" WC="0.95" CONTENT="enligt"/><SP WIDTH="29" VPOS="2021" HPOS="832"/>
							<String ID="string_213" HPOS="861" VPOS="2021" WIDTH="168" HEIGHT="40" WC="0.96" CONTENT="förslaget"/><SP WIDTH="28" VPOS="2021" HPOS="1029"/>
							<String ID="string_214" HPOS="1057" VPOS="2023" WIDTH="11" HEIGHT="30" WC="0.96" CONTENT="i"/><SP WIDTH="29" VPOS="2023" HPOS="1068"/>
							<String ID="string_215" HPOS="1097" VPOS="2024" WIDTH="115" HEIGHT="30" WC="0.93" CONTENT="stället"/><SP WIDTH="28" VPOS="2024" HPOS="1212"/>
							<String ID="string_216" HPOS="1240" VPOS="2026" WIDTH="192" HEIGHT="30" WC="0.91" CONTENT="ankomma"/><SP WIDTH="28" VPOS="2026" HPOS="1432"/>
							<String ID="string_217" HPOS="1460" VPOS="2026" WIDTH="44" HEIGHT="39" WC="0.96" CONTENT="på"/><SP WIDTH="31" VPOS="2026" HPOS="1504"/>
							<String ID="string_218" HPOS="1535" VPOS="2027" WIDTH="123" HEIGHT="40" WC="0.95" CONTENT="Kungl."/>
						</TextLine>
						<TextLine ID="line_27" HPOS="175" VPOS="2073" WIDTH="1291" HEIGHT="45">
							<String ID="string_219" HPOS="175" VPOS="2073" WIDTH="101" HEIGHT="39" WC="0.95" CONTENT="Maj:t"/><SP WIDTH="20" VPOS="2073" HPOS="276"/>
							<String ID="string_220" HPOS="296" VPOS="2076" WIDTH="50" HEIGHT="27" WC="0.95" CONTENT="att"/><SP WIDTH="19" VPOS="2076" HPOS="346"/>
							<String ID="string_221" HPOS="365" VPOS="2074" WIDTH="196" HEIGHT="30" WC="0.96" CONTENT="bestämma"/><SP WIDTH="20" VPOS="2074" HPOS="561"/>
							<String ID="string_222" HPOS="581" VPOS="2074" WIDTH="94" HEIGHT="30" WC="0.96" CONTENT="vilka"/><SP WIDTH="19" VPOS="2074" HPOS="675"/>
							<String ID="string_223" HPOS="694" VPOS="2074" WIDTH="191" HEIGHT="40" WC="0.95" CONTENT="lagförslag"/><SP WIDTH="19" VPOS="2074" HPOS="885"/>
							<String ID="string_224" HPOS="904" VPOS="2075" WIDTH="157" HEIGHT="39" WC="0.96" CONTENT="lagrådet"/><SP WIDTH="21" VPOS="2075" HPOS="1061"/>
							<String ID="string_225" HPOS="1082" VPOS="2077" WIDTH="90" HEIGHT="30" WC="0.96" CONTENT="skall"/><SP WIDTH="19" VPOS="2077" HPOS="1172"/>
							<String ID="string_226" HPOS="1191" VPOS="2081" WIDTH="93" HEIGHT="35" WC="0.96" CONTENT="yttra"/><SP WIDTH="21" VPOS="2081" HPOS="1284"/>
							<String ID="string_227" HPOS="1305" VPOS="2079" WIDTH="50" HEIGHT="39" WC="0.96" CONTENT="sig"/><SP WIDTH="20" VPOS="2079" HPOS="1355"/>
							<String ID="string_228" HPOS="1375" VPOS="2080" WIDTH="91" HEIGHT="30" WC="0.96" CONTENT="över."/>
						</TextLine>
					</TextBlock>
					<TextBlock ID="block_11" HPOS="173" VPOS="2127" WIDTH="1488" HEIGHT="202">
						<TextLine ID="line_28" HPOS="218" VPOS="2127" WIDTH="1442" HEIGHT="45">
							<String ID="string_229" HPOS="218" VPOS="2127" WIDTH="271" HEIGHT="38" WC="0.96" CONTENT="Propositionen"/><SP WIDTH="20" VPOS="2127" HPOS="489"/>
							<String ID="string_230" HPOS="509" VPOS="2127" WIDTH="196" HEIGHT="30" WC="0.96" CONTENT="innehåller"/><SP WIDTH="19" VPOS="2127" HPOS="705"/>
							<String ID="string_231" HPOS="724" VPOS="2137" WIDTH="43" HEIGHT="20" WC="0.97" CONTENT="en"/><SP WIDTH="19" VPOS="2137" HPOS="767"/>
							<String ID="string_232" HPOS="786" VPOS="2129" WIDTH="222" HEIGHT="38" WC="0.95" CONTENT="redogörelse"/><SP WIDTH="19" VPOS="2129" HPOS="1008"/>
							<String ID="string_233" HPOS="1027" VPOS="2130" WIDTH="57" HEIGHT="29" WC="0.96" CONTENT="för"/><SP WIDTH="19" VPOS="2130" HPOS="1084"/>
							<String ID="string_234" HPOS="1103" VPOS="2132" WIDTH="204" HEIGHT="29" WC="0.96" CONTENT="nuvarande"/><SP WIDTH="20" VPOS="2132" HPOS="1307"/>
							<String ID="string_235" HPOS="1327" VPOS="2133" WIDTH="150" HEIGHT="39" WC="0.96" CONTENT="ordning"/><SP WIDTH="24" VPOS="2133" HPOS="1477"/>
							<String ID="string_236" HPOS="1501" VPOS="2133" WIDTH="74" HEIGHT="39" WC="0.93" CONTENT="(sid."/><SP WIDTH="21" VPOS="2133" HPOS="1575"/>
							<String ID="string_237" HPOS="1596" VPOS="2136" WIDTH="64" HEIGHT="29" WC="0.90" CONTENT="5—"/>
						</TextLine>
						<TextLine ID="line_29" HPOS="175" VPOS="2179" WIDTH="1486" HEIGHT="48">
							<String ID="string_238" HPOS="175" VPOS="2180" WIDTH="44" HEIGHT="39" WC="0.96" CONTENT="7),"/><SP WIDTH="22" VPOS="2180" HPOS="219"/>
							<String ID="string_239" HPOS="241" VPOS="2190" WIDTH="44" HEIGHT="20" WC="0.95" CONTENT="en"/><SP WIDTH="20" VPOS="2190" HPOS="285"/>
							<String ID="string_240" HPOS="305" VPOS="2180" WIDTH="151" HEIGHT="30" WC="0.96" CONTENT="historik"/><SP WIDTH="24" VPOS="2180" HPOS="456"/>
							<String ID="string_241" HPOS="480" VPOS="2179" WIDTH="75" HEIGHT="39" WC="0.93" CONTENT="(sid."/><SP WIDTH="22" VPOS="2179" HPOS="555"/>
							<String ID="string_242" HPOS="577" VPOS="2180" WIDTH="133" HEIGHT="39" WC="0.88" CONTENT="8—16),"/><SP WIDTH="22" VPOS="2180" HPOS="710"/>
							<String ID="string_243" HPOS="732" VPOS="2182" WIDTH="358" HEIGHT="39" WC="0.95" CONTENT="sammanfattningar"/><SP WIDTH="20" VPOS="2182" HPOS="1090"/>
							<String ID="string_244" HPOS="1110" VPOS="2193" WIDTH="43" HEIGHT="20" WC="0.96" CONTENT="av"/><SP WIDTH="19" VPOS="2193" HPOS="1153"/>
							<String ID="string_245" HPOS="1172" VPOS="2184" WIDTH="226" HEIGHT="32" WC="0.96" CONTENT="förarbetena"/><SP WIDTH="21" VPOS="2184" HPOS="1398"/>
							<String ID="string_246" HPOS="1419" VPOS="2187" WIDTH="52" HEIGHT="29" WC="0.96" CONTENT="till"/><SP WIDTH="21" VPOS="2187" HPOS="1471"/>
							<String ID="string_247" HPOS="1492" VPOS="2187" WIDTH="169" HEIGHT="40" WC="0.96" CONTENT="förslaget"/>
						</TextLine>
						<TextLine ID="line_30" HPOS="176" VPOS="2233" WIDTH="1484" HEIGHT="45">
							<String ID="string_248" HPOS="176" VPOS="2233" WIDTH="75" HEIGHT="38" WC="0.93" CONTENT="(sid."/><SP WIDTH="34" VPOS="2233" HPOS="251"/>
							<String ID="string_249" HPOS="285" VPOS="2233" WIDTH="139" HEIGHT="39" WC="0.90" CONTENT="17—34)"/><SP WIDTH="35" VPOS="2233" HPOS="424"/>
							<String ID="string_250" HPOS="459" VPOS="2234" WIDTH="67" HEIGHT="30" WC="0.93" CONTENT="och"/><SP WIDTH="30" VPOS="2234" HPOS="526"/>
							<String ID="string_251" HPOS="556" VPOS="2234" WIDTH="407" HEIGHT="39" WC="0.90" CONTENT="departementschefens"/><SP WIDTH="30" VPOS="2234" HPOS="963"/>
							<String ID="string_252" HPOS="993" VPOS="2237" WIDTH="165" HEIGHT="38" WC="0.95" CONTENT="yttrande"/><SP WIDTH="32" VPOS="2237" HPOS="1158"/>
							<String ID="string_253" HPOS="1190" VPOS="2236" WIDTH="75" HEIGHT="35" WC="0.93" CONTENT="(sid."/><SP WIDTH="32" VPOS="2236" HPOS="1265"/>
							<String ID="string_254" HPOS="1297" VPOS="2239" WIDTH="154" HEIGHT="39" WC="0.81" CONTENT="34—38)."/><SP WIDTH="33" VPOS="2239" HPOS="1451"/>
							<String ID="string_255" HPOS="1484" VPOS="2241" WIDTH="176" HEIGHT="32" WC="0.96" CONTENT="Utskottet"/>
						</TextLine>
						<TextLine ID="line_31" HPOS="173" VPOS="2287" WIDTH="1248" HEIGHT="42">
							<String ID="string_256" HPOS="173" VPOS="2288" WIDTH="167" HEIGHT="29" WC="0.96" CONTENT="hänvisar"/><SP WIDTH="22" VPOS="2288" HPOS="340"/>
							<String ID="string_257" HPOS="362" VPOS="2287" WIDTH="52" HEIGHT="30" WC="0.96" CONTENT="till"/><SP WIDTH="23" VPOS="2287" HPOS="414"/>
							<String ID="string_258" HPOS="437" VPOS="2288" WIDTH="277" HEIGHT="38" WC="0.96" CONTENT="propositionen,"/><SP WIDTH="23" VPOS="2288" HPOS="714"/>
							<String ID="string_259" HPOS="737" VPOS="2292" WIDTH="86" HEIGHT="26" WC="0.96" CONTENT="utan"/><SP WIDTH="21" VPOS="2292" HPOS="823"/>
							<String ID="string_260" HPOS="844" VPOS="2290" WIDTH="224" HEIGHT="39" WC="0.96" CONTENT="upprepning"/><SP WIDTH="22" VPOS="2290" HPOS="1068"/>
							<String ID="string_261" HPOS="1090" VPOS="2300" WIDTH="42" HEIGHT="20" WC="0.96" CONTENT="av"/><SP WIDTH="23" VPOS="2300" HPOS="1132"/>
							<String ID="string_262" HPOS="1155" VPOS="2291" WIDTH="78" HEIGHT="30" WC="0.96" CONTENT="dess"/><SP WIDTH="22" VPOS="2291" HPOS="1233"/>
							<String ID="string_263" HPOS="1255" VPOS="2291" WIDTH="166" HEIGHT="32" WC="0.96" CONTENT="innehåll."/>
						</TextLine>
					</TextBlock>
				</ComposedBlock>
				<GraphicalElement ID="cblock_7" HPOS="1340" VPOS="2257" WIDTH="43" HEIGHT="3"></GraphicalElement >
				<ComposedBlock ID="cblock_8" HPOS="806" VPOS="2422" WIDTH="223" HEIGHT="31">
					<TextBlock ID="block_12" HPOS="806" VPOS="2422" WIDTH="223" HEIGHT="31">
						<TextLine ID="line_32" HPOS="806" VPOS="2422" WIDTH="223" HEIGHT="31">
							<String ID="string_264" HPOS="806" VPOS="2422" WIDTH="223" HEIGHT="31" WC="0.96" CONTENT="Motionerna"/>
						</TextLine>
					</TextBlock>
				</ComposedBlock>
				<ComposedBlock ID="cblock_9" HPOS="174" VPOS="2492" WIDTH="1483" HEIGHT="94">
					<TextBlock ID="block_13" HPOS="174" VPOS="2492" WIDTH="1483" HEIGHT="94">
						<TextLine ID="line_33" HPOS="216" VPOS="2492" WIDTH="1441" HEIGHT="47">
							<String ID="string_265" HPOS="216" VPOS="2493" WIDTH="212" HEIGHT="29" WC="0.92" CONTENT="Yrkandena"/><SP WIDTH="25" VPOS="2493" HPOS="428"/>
							<String ID="string_266" HPOS="453" VPOS="2492" WIDTH="10" HEIGHT="30" WC="0.95" CONTENT="i"/><SP WIDTH="24" VPOS="2492" HPOS="463"/>
							<String ID="string_267" HPOS="487" VPOS="2492" WIDTH="223" HEIGHT="31" WC="0.96" CONTENT="motionerna"/><SP WIDTH="24" VPOS="2492" HPOS="710"/>
							<String ID="string_268" HPOS="734" VPOS="2492" WIDTH="134" HEIGHT="40" WC="0.96" CONTENT="återges"/><SP WIDTH="23" VPOS="2492" HPOS="868"/>
							<String ID="string_269" HPOS="891" VPOS="2495" WIDTH="117" HEIGHT="29" WC="0.96" CONTENT="nedan"/><SP WIDTH="24" VPOS="2495" HPOS="1008"/>
							<String ID="string_270" HPOS="1032" VPOS="2496" WIDTH="190" HEIGHT="38" WC="0.96" CONTENT="ordagrant"/><SP WIDTH="24" VPOS="2496" HPOS="1222"/>
							<String ID="string_271" HPOS="1246" VPOS="2497" WIDTH="106" HEIGHT="39" WC="0.95" CONTENT="enligt"/><SP WIDTH="25" VPOS="2497" HPOS="1352"/>
							<String ID="string_272" HPOS="1377" VPOS="2499" WIDTH="127" HEIGHT="38" WC="0.96" CONTENT="gängse"/><SP WIDTH="26" VPOS="2499" HPOS="1504"/>
							<String ID="string_273" HPOS="1530" VPOS="2501" WIDTH="127" HEIGHT="38" WC="0.96" CONTENT="praxis."/>
						</TextLine>
						<TextLine ID="line_34" HPOS="174" VPOS="2546" WIDTH="1184" HEIGHT="40">
							<String ID="string_274" HPOS="174" VPOS="2546" WIDTH="162" HEIGHT="30" WC="0.96" CONTENT="Därefter"/><SP WIDTH="20" VPOS="2546" HPOS="336"/>
							<String ID="string_275" HPOS="356" VPOS="2546" WIDTH="92" HEIGHT="30" WC="0.96" CONTENT="intas"/><SP WIDTH="21" VPOS="2546" HPOS="448"/>
							<String ID="string_276" HPOS="469" VPOS="2555" WIDTH="43" HEIGHT="20" WC="0.96" CONTENT="en"/><SP WIDTH="21" VPOS="2555" HPOS="512"/>
							<String ID="string_277" HPOS="533" VPOS="2546" WIDTH="316" HEIGHT="40" WC="0.95" CONTENT="sammanfattning"/><SP WIDTH="20" VPOS="2546" HPOS="849"/>
							<String ID="string_278" HPOS="869" VPOS="2557" WIDTH="42" HEIGHT="20" WC="0.92" CONTENT="av"/><SP WIDTH="19" VPOS="2557" HPOS="911"/>
							<String ID="string_279" HPOS="930" VPOS="2548" WIDTH="241" HEIGHT="31" WC="0.91" CONTENT="motionernas"/><SP WIDTH="21" VPOS="2548" HPOS="1171"/>
							<String ID="string_280" HPOS="1192" VPOS="2549" WIDTH="166" HEIGHT="32" WC="0.96" CONTENT="innehåll."/>
						</TextLine>
					</TextBlock>
				</ComposedBlock>
				<ComposedBlock ID="cblock_10" HPOS="174" VPOS="2614" WIDTH="1009" HEIGHT="32">
					<TextBlock ID="block_14" HPOS="174" VPOS="2614" WIDTH="1009" HEIGHT="32">
						<TextLine ID="line_35" HPOS="174" VPOS="2614" WIDTH="1009" HEIGHT="32">
							<String ID="string_281" HPOS="174" VPOS="2616" WIDTH="11" HEIGHT="23" WC="0.87" CONTENT="1"/><SP WIDTH="40" VPOS="2616" HPOS="185"/>
							<String ID="string_282" HPOS="225" VPOS="2615" WIDTH="111" HEIGHT="31" WC="0.79" CONTENT="Bihang"/><SP WIDTH="16" VPOS="2615" HPOS="336"/>
							<String ID="string_283" HPOS="352" VPOS="2614" WIDTH="42" HEIGHT="25" WC="0.96" CONTENT="till"/><SP WIDTH="16" VPOS="2614" HPOS="394"/>
							<String ID="string_284" HPOS="410" VPOS="2614" WIDTH="167" HEIGHT="32" WC="0.96" CONTENT="riksdagens"/><SP WIDTH="17" VPOS="2614" HPOS="577"/>
							<String ID="string_285" HPOS="594" VPOS="2615" WIDTH="145" HEIGHT="31" WC="0.96" CONTENT="protokoll"/><SP WIDTH="18" VPOS="2615" HPOS="739"/>
							<String ID="string_286" HPOS="757" VPOS="2615" WIDTH="74" HEIGHT="25" WC="0.96" CONTENT="1970."/><SP WIDTH="18" VPOS="2615" HPOS="831"/>
							<String ID="string_287" HPOS="849" VPOS="2617" WIDTH="16" HEIGHT="23" WC="0.96" CONTENT="5"/><SP WIDTH="16" VPOS="2617" HPOS="865"/>
							<String ID="string_288" HPOS="881" VPOS="2616" WIDTH="80" HEIGHT="25" WC="0.96" CONTENT="saml."/><SP WIDTH="19" VPOS="2616" HPOS="961"/>
							<String ID="string_289" HPOS="980" VPOS="2617" WIDTH="15" HEIGHT="24" WC="0.96" CONTENT="2"/><SP WIDTH="17" VPOS="2617" HPOS="995"/>
							<String ID="string_290" HPOS="1012" VPOS="2617" WIDTH="63" HEIGHT="25" WC="0.95" CONTENT="avd."/><SP WIDTH="18" VPOS="2617" HPOS="1075"/>
							<String ID="string_291" HPOS="1093" VPOS="2617" WIDTH="40" HEIGHT="25" WC="0.96" CONTENT="Nr"/><SP WIDTH="17" VPOS="2617" HPOS="1133"/>
							<String ID="string_292" HPOS="1150" VPOS="2618" WIDTH="33" HEIGHT="24" WC="0.96" CONTENT="20"/>
						</TextLine>
					</TextBlock>
				</ComposedBlock>
			</PrintSpace>
		</Page>
	</Layout>
</alto>
