2106 2656
138 30 8 47 ]

146 101 6 43 |

141 147 8 61 |
328 184 116 30 Andra
469 184 213 32 Kammarens
709 185 176 41 Tillfälliga
916 186 136 30 Utskotts
1074 186 78 38 (N:o
1179 187 30 36 1)
1238 185 167 32 Utlåtande
1430 186 61 31 N:o
1517 188 26 29 1.
1684 187 17 30 7

132 259 252 43 Istämmelser
423 263 165 36 behöfva
630 264 142 36 införas
814 265 12 34 i
867 265 178 45 gällande
1092 264 340 47 folkskolestadga.
1490 265 257 35 Föreskrifter

147 313 162 35 rörande
348 326 26 22 s.
404 313 37 37 k.
472 315 363 47 planteringsdagar
862 317 60 34 för
949 316 291 35 folkskolebarn
1268 316 114 35 hafva
1411 319 49 43 på
1489 316 92 35 flera
1610 317 136 35 ställen

147 364 127 36 blifvit
314 365 106 46 gifna
462 367 72 34 och
575 367 275 47 undervisning
892 380 61 23 om
994 367 211 46 skogsvård
1247 368 158 34 sålunda
1440 368 61 35 till
1530 371 129 43 någon
1687 368 59 35 del

147 415 254 46 praktiserats
442 417 12 35 i
495 418 92 35 flera
628 419 226 44 folkskolor,
885 419 165 35 oaktadt
1077 420 126 34 denna
1231 419 275 46 undervisning
1533 419 85 35 icke
1647 420 100 34 varit

149 467 264 47 obligatorisk.
470 469 166 35 Sålunda
677 470 71 35 har
788 470 88 35 med
918 470 207 46 anledning
1163 470 40 35 af
1228 470 180 35 anhållan
1436 470 87 35 från
1551 470 197 36 Smålands

108 514 7 41 |
148 518 408 47 skogsvårdsförbund,
601 524 59 32 att
700 521 158 35 Kalmar
898 521 241 46 domkapitel
1179 524 121 32 måtte
1343 521 193 45 förordna,
1580 522 65 34 det
1674 522 74 34 alla

105 562 3 45 |
147 569 339 37 folkskolebarnen
514 571 106 35 inom
647 572 158 35 Kalmar
833 571 84 36 stift
945 572 123 35 skulle
1097 573 236 44 sysselsättas
1362 584 46 22 en
1437 572 76 46 dag
1541 572 132 46 hvarje
1706 576 43 32 år

147 622 87 34 med
275 622 350 47 skogsplantering,
669 624 168 35 nämnda
878 623 242 46 domkapitel
1154 624 169 34 beslutat
1351 635 137 34 genom
1518 623 235 36 ämbetsbref

148 674 173 35 meddela
350 673 204 36 skolråden
583 674 13 35 i
624 675 136 45 stiftet,
796 678 59 32 att
883 675 57 45 de,
971 675 70 35 där
1068 678 41 32 så
1136 674 209 47 lämpligen
1373 674 78 35 kan
1479 675 78 45 ske,
1588 680 72 41 äga
1689 678 59 33 att

150 724 147 47 årligen
339 737 46 23 en
426 726 86 46 dag,
552 738 81 23 som
661 729 63 32 må
751 726 184 36 inräknas
963 726 12 35 i
1003 727 74 34 den
1106 727 185 46 stadgade
1318 726 205 46 lärotiden,
1552 727 82 35 låta
1662 727 45 35 de
1736 727 12 34 i

149 775 222 37 folkskolan
411 777 163 47 intagna
614 778 146 35 barnen
792 779 123 35 under
941 778 288 36 vederbörande
1257 779 144 35 lärares
1429 778 160 47 uppsikt
1617 778 131 46 syssel-

149 830 119 34 sättas
313 829 87 34 med
446 829 349 47 skogsplantering.
851 830 200 35 Liknande
1092 830 203 35 tillåtelser
1335 829 115 36 hafva
1492 830 111 35 äfven
1644 830 104 35 inom

150 880 119 34 andra
311 880 84 35 stift
436 880 128 36 blifvit
605 881 236 45 meddelade,
881 882 72 34 och
993 880 92 36 fera
1127 881 265 46 skolstyrelser
1432 881 115 35 hafva
1579 881 59 35 för
1666 882 82 34 sina

149 929 214 38 folkskolor
390 931 168 47 vidtagit
587 933 182 45 åtgärder
796 933 13 34 i
838 933 109 35 detta
975 932 108 46 syfte.

277 983 68 35 Att
366 982 129 36 därför
515 983 241 47 ovillkorligt
776 984 137 46 ålägga
934 984 75 35 alla
1027 984 214 35 folkskolor
1266 984 71 35 och
1357 983 194 36 allmänna
1569 984 180 35 läroverk

149 1033 98 36 vissa
288 1047 27 22 s.
344 1034 38 36 k.
425 1035 363 48 planteringsdagar
830 1036 92 35 eller
961 1035 156 36 utfärda
1159 1048 127 23 annan
1327 1035 184 36 liknande
1551 1035 198 36 föreskrift

148 1085 239 36 beträffande
429 1086 211 47 skogsvård
682 1091 100 32 samt
822 1087 134 36 därom
988 1087 13 35 i
1028 1087 358 47 folkskolestadgan
1414 1087 93 35 eller
1534 1087 214 36 läroverks-

150 1138 162 46 stadgan
353 1138 170 46 påbjuda
577 1151 108 34 synes
725 1140 86 35 icke
852 1139 195 36 utskottet
1088 1139 180 47 lämpligt
1310 1139 92 35 eller
1437 1139 149 47 nödigt.
1642 1139 106 36 Skol-

150 1189 206 36 distrikten
396 1190 133 35 kunna
571 1191 175 36 däremot
773 1191 14 35 i
814 1191 83 36 sina
929 1191 264 46 reglementen
1219 1191 126 36 införa
1372 1191 287 36 bestämmelser
1686 1203 63 24 om

149 1240 98 37 vissa
275 1241 373 47 planteringsdagar,
679 1243 72 35 och
778 1246 129 43 någon
935 1243 284 35 vidsträcktare
1249 1243 72 35 och
1353 1242 228 47 utförligare
1610 1243 138 35 under-

150 1292 151 47 visning
316 1293 239 36 beträffande
575 1294 211 46 skogsvård
805 1295 111 35 torde
937 1295 191 46 svårligen
1151 1295 132 35 kunna
1302 1294 192 36 meddelas
1514 1295 233 35 åtminstone

150 1343 299 38 folkskolebarn.

278 1396 214 45 Utskottet,
535 1409 81 23 som
658 1397 114 36 alltså
812 1397 114 47 gillar
966 1397 73 35 den
1079 1397 282 36 fosterländska
1388 1398 131 45 tanke,
1549 1397 199 36 motionen

150 1447 223 46 innefattar,
415 1460 87 23 men
545 1460 120 34 anser,
709 1451 59 33 att
811 1448 231 46 ändamålet,
1086 1449 97 35 efter
1223 1449 102 35 hvad
1362 1461 81 23 som
1470 1449 129 46 visats,
1629 1449 119 35 kan
1728 1443 25 56 i

150 1498 218 37 hufvudsak
407 1500 136 35 vinnas
583 1503 51 44 på
675 1513 128 23 annan
844 1506 85 41 väg,
972 1506 50 30 än
1062 1500 243 37 motionären
1335 1501 162 46 anvisar,
1527 1501 222 36 hemställer

150 1550 129 36 därför
307 1554 93 33 etc.»

278 1604 128 46 Bägge
447 1603 207 37 kamrarna
682 1604 134 36 biföllo
845 1607 95 32 utan
967 1604 180 47 votering
1173 1605 102 35 hvad
1306 1605 108 35 deras
1442 1605 217 47 respektive
1687 1609 61 32 ut-

151 1654 107 36 skott
291 1655 206 36 hemställt.
548 1656 17 34 I
593 1656 135 35 Första
769 1656 230 35 Kammaren
1026 1656 192 36 uttalades
1246 1657 213 35 emellertid
1487 1656 43 36 af
1553 1657 194 47 åtskilliga

150 1705 212 37 ledamöter
389 1707 209 46 sympatier
625 1707 60 36 för
712 1708 210 44 motionen,
952 1707 73 36 och
1052 1708 152 46 gjordes
1233 1708 111 35 äfven
1370 1709 201 46 yrkanden
1603 1708 80 36 dels
1711 1708 41 36 af

151 1758 241 35 motionären
433 1771 61 23 om
534 1758 111 36 bifall
685 1759 61 35 till
787 1759 95 35 hans
909 1759 230 36 hemställan
1167 1760 72 36 och
1267 1760 79 35 dels
1374 1772 62 23 om
1464 1760 195 36 skrifvelse
1687 1760 61 36 till

151 1809 138 48 Kungl.
332 1809 110 47 Maj:t
483 1811 13 35 i
537 1811 216 36 motionens
795 1810 109 47 syfte,
947 1811 121 36 ehuru
1101 1812 12 34 i
1147 1824 127 23 annan
1302 1811 99 36 form
1429 1817 49 30 än
1505 1812 242 36 motionären

151 1861 208 47 föreslagit.
414 1862 151 36 Jämväl
605 1863 13 34 i
654 1863 130 35 Andra
812 1863 230 35 Kammaren
1075 1863 143 47 höjdes,
1249 1863 122 47 jämte
1399 1864 271 45 motionärens,
1701 1876 47 23 en

151 1917 92 42 röst,
284 1913 90 36 herr
414 1913 87 36 Carl
542 1914 256 47 Lindhagens,
826 1914 63 36 till
916 1914 151 36 förmån
1094 1915 61 35 för
1181 1915 208 45 motionen,
1419 1916 101 35 dock
1547 1916 66 35 vid
1640 1916 107 36 detta

151 1965 151 35 tillfälle
331 1968 95 33 utan
452 1966 186 46 yrkande.

281 2173 199 46 Förslaget
510 2176 59 33 att
597 2173 124 36 införa
749 2173 211 47 skogsvård
986 2177 124 33 såsom
1138 2173 272 48 obligatoriskt
1438 2175 309 46 undervisnings-

155 2230 109 30 ämne
299 2225 13 34 i
346 2225 150 35 landets
528 2225 215 37 folkskolor
775 2225 73 36 och
875 2225 388 37 elementarläroverk
1290 2225 71 36 har
1389 2226 113 36 alltså
1529 2238 139 35 genom
1694 2239 53 23 nu

154 2276 262 47 föreliggande
448 2277 150 36 motion
631 2277 60 36 för
723 2277 119 36 andra
870 2280 151 44 gången
1047 2278 124 36 under
1198 2290 46 24 en
1267 2277 276 47 jämförelsevis
1571 2279 91 36 kort
1690 2278 58 36 tid
