2104 2654
417 198 18 30 8
551 198 119 31 Andra
694 199 216 31 Kammarens
937 200 176 42 Tillfälliga
1142 201 140 31 Utskotts
1305 200 75 40 (N:o
1405 203 28 38 1)
1462 200 167 33 Utlåtande
1653 203 63 32 N:o
1743 206 25 29 1.
1966 212 6 43 |

1968 257 5 20 NI

373 276 129 37 blifvit
530 277 116 36 väckt
674 278 12 34 i
707 278 229 47 Riksdagen.
981 279 132 36 Ehuru
1132 279 121 37 första
1272 283 150 43 gången
1442 280 160 47 afböjdt,
1623 283 129 36 visade
1774 284 57 46 sig
1848 279 126 39 likväl

374 329 108 35 detta
510 329 141 46 förslag
685 342 92 23 vara
812 330 208 36 omfattadt
1052 332 86 35 med
1170 335 81 32 rätt
1278 332 119 46 lifliga
1425 333 207 45 sympatier
1659 334 85 35 från
1774 335 195 47 åtskilliga

374 380 78 35 båll
487 381 12 34 i
532 381 236 46 Riksdagens
804 381 166 36 kamrar.
1026 383 128 35 Under
1181 384 144 34 sådana
1352 383 265 36 förhållanden
1645 386 111 35 torde
1785 388 64 34 det
1878 400 90 22 vara

373 431 178 47 lämpligt
592 432 72 35 och
705 433 42 34 af
771 434 379 46 omständigheterna
1178 435 203 46 påkalladt
1418 438 59 32 att
1516 441 98 41 ägna
1647 448 48 23 en
1728 439 240 46 omsorgsfull

374 483 184 46 pröfning
591 486 40 32 åt
665 484 45 35 de
739 485 94 45 skäl,
863 497 81 23 som
972 486 132 35 kunna
1132 486 153 35 anföras
1313 486 103 35 såväl
1444 486 60 36 för
1531 499 80 23 som
1640 492 104 32 emot
1772 489 108 36 bifall
1907 491 61 34 till

374 538 57 32 ett
459 535 125 45 dylikt
612 534 155 48 förslag.

501 588 70 34 Att
604 587 360 37 åstadkommandet
997 588 42 35 af
1062 600 47 23 en
1136 588 222 36 förbättrad
1386 589 210 47 skogsvård
1623 594 118 43 utgör
1769 603 46 23 en
1842 593 126 34 natio-

373 638 76 34 nell
477 638 154 47 uppgift
659 638 42 35 af
725 640 74 35 den
827 640 96 35 allra
951 644 141 31 största
1117 641 206 46 betydelse,
1349 641 123 47 ligger
1495 642 12 34 i
1533 646 124 42 öppen
1679 643 85 46 dag.
1792 643 53 35 Af
1860 644 108 35 detta

374 688 237 36 förhållande
631 690 112 46 följer
762 692 85 44 ock,
868 695 59 32 att
947 692 131 46 hvarje
1093 692 180 46 praktisk
1288 694 148 45 åtgärd,
1454 705 80 23 som
1550 700 42 29 är
1611 695 127 45 ägnad
1758 698 58 32 att
1831 694 135 46 främja

372 741 292 46 befolkningens
693 742 159 36 intresse
880 743 60 35 för
968 743 72 36 och
1067 743 136 36 kärlek
1231 744 62 35 till
1321 745 144 46 skogen
1494 749 97 32 samt
1611 746 76 35 öka
1707 746 82 35 dess
1804 746 164 36 insikter

373 793 162 35 rörande
564 793 163 46 skogens
755 798 104 32 rätta
887 794 154 46 skötsel,
1072 801 43 29 är
1143 807 46 23 en
1209 795 257 36 fosterländsk
1485 797 174 47 gärning,
1682 810 81 23 som
1781 799 71 34 bör
1870 811 97 33 upp-

372 848 174 31 muntras
588 845 70 35 och
700 846 277 46 understödjas.
1034 847 137 35 Tillika
1209 847 72 35 bör
1309 848 64 35 det
1401 848 188 36 erkännas
1617 861 81 23 som
1726 850 149 46 riktigt,
1907 854 59 31 att

372 908 88 22 man
501 896 135 35 härvid
676 897 13 34 i
730 897 120 36 första
892 902 166 32 rummet
1098 899 145 35 vänder
1280 899 56 46 sig
1363 900 60 35 till
1451 901 228 45 ungdomen.
1736 902 76 35 Hos
1841 902 126 34 denna

372 947 138 35 väckes
537 948 12 34 i
577 949 104 46 regel
709 949 141 36 lättare
878 950 179 35 intresset
1084 950 59 35 för
1171 963 47 22 en
1247 963 50 34 ny
1325 951 279 47 angelägenhet
1625 958 48 29 än
1692 953 70 35 hos
1782 953 45 35 de
1846 953 117 44 äldre,

373 999 71 35 och
473 1000 46 35 de
548 1000 142 47 nödiga
719 1001 274 48 kunskaperna
1022 1002 71 35 och
1121 1002 288 47 färdigheterna
1436 1003 192 36 inhämtas
1650 1004 117 35 också
1785 1005 179 46 vanligen

371 1051 86 35 med
497 1052 140 35 minsta
678 1054 141 34 mödan
860 1054 13 34 i
900 1066 104 34 unga
1038 1056 52 33 år.
1146 1055 226 46 Ungdomen
1404 1055 71 34 har
1498 1055 44 46 ju
1571 1055 73 35 ock
1671 1055 110 37 lifvet
1808 1056 158 35 framför

372 1103 67 46 sig,
470 1103 71 35 och
570 1116 46 22 en
643 1104 13 33 i
685 1104 125 35 denna
839 1105 105 35 ålder
970 1105 156 47 bibragt
1153 1105 176 36 lefvande
1357 1106 134 35 känsla
1520 1106 41 35 af
1589 1107 163 46 skogens
1772 1109 114 34 värde
1906 1109 61 33 för

371 1154 91 34 land
491 1154 71 35 och
589 1154 82 36 folk
700 1156 12 34 i
741 1155 176 48 förening
945 1158 87 34 med
1059 1157 141 46 nödiga
1229 1157 162 35 insikter
1418 1159 163 34 rörande
1610 1159 82 35 dess
1721 1159 141 36 skötsel
1886 1160 79 35 kan

373 1205 159 35 sålunda
560 1207 123 34 under
710 1219 47 23 en
785 1208 132 46 längre
946 1208 58 35 tid
1030 1209 94 34 bära
1151 1208 110 36 frukt
1290 1212 39 32 åt
1356 1209 131 36 landet
1515 1210 12 34 i
1557 1211 180 46 åtgärder
1761 1211 71 35 och
1853 1211 112 36 sträf-

374 1258 149 34 vanden
550 1257 60 35 för
637 1257 232 47 främjandet
897 1259 42 35 af
964 1272 46 22 en
1038 1260 75 46 god
1141 1260 221 46 skogsvård.

499 1309 17 34 I
545 1309 388 37 öfverensstämmelse
961 1311 157 36 härmed
1144 1312 73 34 bör
1246 1312 74 35 ock
1348 1313 199 44 erkännas,
1577 1316 59 32 att
1659 1314 306 47 undervisning
1938 1305 31 60 i

371 1360 211 46 skogsvård
613 1361 104 35 inom
749 1362 98 35 vissa
882 1362 214 36 folkskolor
1124 1363 71 36 och
1223 1364 88 34 med
1338 1364 85 35 dem
1447 1364 220 47 jämförliga
1695 1365 271 36 läroanstalter

370 1412 208 46 lämpligen
604 1413 72 35 bör
703 1414 134 35 kunna
863 1414 249 36 förekomma.
1169 1416 78 34 Där
1274 1416 275 35 lärarekrafter
1575 1418 86 33 med
1690 1418 118 46 nödig
1822 1418 143 35 utbild-

371 1463 93 47 ning
501 1467 58 32 stå
594 1464 60 35 till
687 1465 97 35 buds
823 1466 71 35 och
931 1466 166 47 tillgång
1125 1466 187 46 därjämte
1341 1467 118 35 finnes
1487 1468 61 35 till
1575 1467 71 36 fält
1675 1468 60 35 för
1762 1469 203 46 praktiska

372 1515 188 47 öfningar,
603 1517 86 34 med
730 1517 132 35 hvilka
900 1529 46 23 en
975 1518 145 35 ordnad
1148 1519 276 46 undervisning
1452 1521 21 32 å
1502 1519 107 36 detta
1637 1521 155 34 område
1820 1521 13 34 i
1860 1521 104 46 regel

371 1568 110 34 torde
512 1568 96 34 böra
641 1568 207 46 förbindas,
883 1570 69 34 där
984 1581 107 34 synes
1126 1571 265 35 anordnandet
1428 1570 41 35 af
1492 1571 275 47 undervisning
1793 1572 13 35 i
1833 1572 131 46 skogs-

372 1619 93 34 vård
492 1619 60 35 för
579 1619 285 37 folkskolornas
892 1620 199 47 lärjungar
1110 1634 92 22 vara
1221 1622 147 46 ganska
1389 1623 330 46 ändamålsenligt.
1749 1624 81 34 Den
1844 1624 122 46 lämp-

371 1670 136 46 ligaste
535 1670 147 36 formen
709 1671 60 36 för
797 1684 47 23 en
872 1672 107 46 dylik
1006 1673 275 46 undervisning
1308 1673 13 35 i
1349 1674 140 35 sådana
1518 1674 129 35 skolor
1666 1676 111 34 torde
1796 1675 169 36 tvifvels-

371 1725 95 32 utan
484 1735 92 22 vara
597 1723 83 45 den,
703 1727 57 32 att
781 1723 60 36 för
859 1724 132 45 hvarje
1012 1727 42 32 år
1073 1736 79 24 som
1172 1725 106 46 regel
1297 1728 57 32 ett
1373 1726 93 34 visst
1485 1726 106 35 antal
1610 1738 26 23 s.
1654 1726 38 35 k.
1710 1727 256 46 planterings-

372 1773 119 46 dagar
517 1775 237 44 bestämmes,
786 1776 48 34 då
860 1776 147 34 barnen
1034 1777 87 34 med
1149 1776 82 35 sina
1256 1776 122 36 lärare
1401 1777 38 35 få
1459 1778 118 46 draga
1596 1781 43 32 ut
1658 1778 62 35 till
1740 1790 46 23 en
1805 1778 161 47 lämplig

371 1825 226 46 skogsmark
626 1826 71 35 och
726 1827 69 34 där
823 1827 42 35 af
887 1829 128 44 någon
1044 1828 347 46 skogstjänsteman
1418 1829 87 35 med
1525 1828 152 48 forstlig
1691 1830 220 47 utbildning
1926 1831 41 34 få

370 1877 274 47 undervisning
671 1881 99 32 samt
798 1878 127 36 tillika
953 1878 262 48 handledning
1243 1879 60 36 för
1329 1881 198 46 praktiskt
1555 1881 130 35 arbete
1710 1881 12 35 i
1742 1881 220 47 skogsvård,

370 1927 161 36 framför
550 1929 69 36 allt
633 1929 13 35 i
661 1929 340 48 skogsplantering
1016 1931 71 35 och
1101 1931 222 46 skogssådd.
1339 1932 254 47 Naturligtvis
1606 1932 135 36 kunna
1755 1933 13 34 i
1782 1934 183 35 samband

369 1980 160 35 härmed
552 1980 144 46 jämväl
725 1993 47 23 en
801 1982 71 35 och
901 1994 128 23 annan
1056 1985 103 44 gång
1185 1983 13 34 i
1228 1983 134 46 själfva
1389 1984 137 35 skolan
1555 1985 190 34 anordnas
1772 1985 193 35 lektioner

370 2032 92 34 eller
498 2032 280 46 föreläsningar
808 2034 13 34 i
854 2033 220 47 skogsvård,
1104 2040 70 29 när
1201 2034 61 36 för
1289 2036 117 34 sådan
1434 2036 275 46 undervisning
1736 2036 226 47 kompetent

369 2083 124 35 lärare
522 2083 119 36 finnes
670 2088 60 32 att
758 2085 122 46 tillgå.

498 2135 134 47 Enligt
671 2135 135 47 kungl.
847 2136 274 48 förordningen
1150 2138 198 46 angående
1377 2138 409 47 skogsvårdsstyrelser
1813 2140 72 34 den
1915 2142 47 32 24

364 2186 74 47 juli
485 2189 95 34 1903
624 2187 99 35 skall
750 2188 13 34 i
791 2188 132 46 hvarje
950 2189 373 46 landstingsområde
1351 2190 120 35 finnas
1500 2201 47 23 en
1575 2190 389 47 skogsvårdsstyrelse

368 2241 98 33 samt
495 2250 46 23 en
568 2239 61 35 till
656 2240 144 35 dennas
827 2240 151 35 biträde
1008 2241 174 45 anställd,
1212 2241 171 47 forstligt
1409 2241 132 35 bildad
1559 2254 100 24 man.
1701 2243 114 35 Dessa
1833 2242 133 46 skogs-

368 2290 292 46 vårdsstyrelser
693 2291 110 35 skola
825 2291 158 47 jämlikt
1011 2304 142 23 samma
1179 2292 228 48 förordning
1434 2293 114 35 hafva
1575 2294 60 35 till
1662 2294 156 47 uppgift
1844 2294 119 35 bland
