2216 2616
401 197 18 30 2
854 196 115 33 Första
991 197 217 40 lagutskottets
1229 197 168 32 utlåtande
1421 197 51 31 Nr
1498 201 44 27 18.

198 293 164 39 Riksdagens
504 281 85 36 Med
629 282 202 48 anledning
872 296 46 22 av
947 296 44 23 en
1020 283 101 35 inom
1151 282 114 36 andra
1294 283 216 35 kammaren
1538 283 112 35 väckt
1679 282 154 46 motion,
1863 296 44 21 nr
1934 284 60 45 49,

186 336 48 50 den
254 329 32 57 17
308 329 56 64 ups
402 333 126 36 ANhöll
556 333 200 49 riksdagen
784 334 11 35 i
824 334 178 37 skrivelse
1031 334 71 37 den
1134 336 42 34 17
1212 335 92 48 april
1335 336 110 44 1912,
1474 348 43 22 nr
1546 336 59 44 63,
1635 339 54 31 att
1717 334 141 48 Kungl.
1890 333 106 49 Maj:t

246 398 71 23 1912.
403 385 142 36 täcktes
573 385 75 36 låta
675 385 141 45 utreda,
851 386 5 35 i
885 386 72 36 vad
985 389 86 33 mån
1102 386 118 37 behov
1249 386 126 36 kunde
1404 386 202 36 förefinnas
1637 399 45 23 av
1702 386 293 47 bestämmelser,

403 436 183 37 avseende
616 442 55 31 att
698 437 234 37 beträffande
960 438 62 36 vid
1053 438 114 36 skifte
1196 451 44 22 av
1256 438 87 49 jord
1363 438 245 48 undantagna
1628 438 88 36 eller
1735 437 152 37 därmed
1899 438 96 46 jäm-

402 489 137 47 förliga
568 490 196 35 samfällda
793 495 92 42 ägor
918 490 87 36 eller
1032 490 222 48 rättigheter
1282 490 140 36 bereda
1442 490 200 48 delägarna
1661 490 11 35 i
1693 490 303 48 samfälligheten

401 540 146 36 tillfälle
589 546 53 31 att
685 542 92 35 fatta
805 541 188 37 bindande
1021 541 121 36 beslut
1170 542 11 35 i
1210 541 128 49 frågor
1370 541 156 37 rörande
1555 542 229 46 densamma,
1814 546 97 31 samt
1941 541 56 36 för

401 592 204 49 riksdagen
647 593 210 48 framlägga
886 593 62 36 det
976 594 151 47 förslag,
1157 606 79 23 som
1266 607 45 22 av
1340 593 122 37 denna
1488 593 203 49 utredning
1719 593 125 36 kunde
1872 593 123 35 föran-

401 643 112 37 ledas.
570 643 124 38 Sedan
734 645 213 36 infordrade
987 645 201 49 yttranden
1230 650 89 32 över
1360 645 157 37 berörda
1545 645 181 36 skrivelse
1755 645 166 48 avgivits
1950 657 46 23 av

402 696 323 49 länsstyrelserna,
756 696 223 37 förordnade
999 697 132 37 chefen
1152 697 56 36 för
1221 697 449 49 justitiedepartementet
1684 697 152 48 jämlikt
1856 697 140 35 lämnat

401 747 304 49 bemyndigande
733 748 71 36 den
834 751 47 33 23
911 749 72 49 maj
1017 751 98 34 1914
1147 754 54 30 tre
1230 748 239 49 sakkunniga
1497 754 52 31 att
1576 749 102 36 inom
1699 748 296 49 departementet

402 799 146 36 biträda
589 799 83 37 med
714 800 276 37 verkställande
1031 814 46 22 av
1119 800 70 36 den
1231 800 164 49 begärda
1423 800 253 49 utredningen
1704 805 178 32 ävensom
1911 799 85 37 med

402 851 212 48 avgivande
656 865 44 22 av
743 852 142 49 förslag
925 852 56 36 till
1022 852 254 49 lagstiftning,
1306 852 125 36 vartill
1471 852 251 49 utredningen
1759 852 125 36 kunde
1921 851 74 36 för-

403 903 142 36 anleda.

199 971 163 31 Riksdagens
505 955 129 36 Redan
675 955 71 36 den
788 957 47 34 30
874 956 71 49 maj
979 957 96 35 1913
1105 955 94 37 bade
1227 955 204 37 emellertid
1459 955 205 49 riksdagen
1692 955 12 36 i
1733 955 191 47 skrivelse,
1954 968 43 23 nr

194 1007 179 58 ackränse
370 1002 17 67 .
404 1008 84 46 215,
518 1006 84 36 med
645 1006 266 37 föranledande
953 1020 44 23 av
1033 1021 46 23 en
1107 1007 100 37 inom
1235 1007 119 37 första
1382 1007 217 37 kammaren
1628 1007 112 36 väckt
1769 1006 155 47 motion,
1953 1020 44 22 nr

241 1050 130 49 1913.”
404 1060 59 43 84,
492 1058 200 48 hemställt,
723 1059 61 36 det
825 1059 142 48 Kungl.
1009 1058 108 49 Maj:t
1153 1059 144 36 täcktes
1339 1059 76 36 låta
1442 1058 143 46 utreda,
1614 1058 183 37 huruvida
1824 1058 82 37 icke
1934 1058 62 36 be-

402 1109 181 38 träffande
625 1110 269 49 Kopparbergs
935 1110 73 46 län,
1038 1110 11 36 i
1091 1110 161 37 avbidan
1289 1113 48 46 på
1375 1110 129 49 slutlig
1531 1110 244 49 lagstiftning
1803 1110 193 49 angående

402 1161 321 49 nyttjanderätten
752 1162 55 35 till
836 1161 63 36 vid
929 1161 112 37 skifte
1060 1161 245 50 undantagen
1325 1162 88 36 eller
1431 1162 107 49 eljest
1557 1162 116 36 oskift
1692 1162 150 36 lämnad
1863 1162 133 47 skogs-

402 1214 116 44 mark,
539 1213 142 48 Kungl.
710 1213 125 49 Maj:ts
865 1213 400 49 befallningshavande
1294 1214 11 36 i
1333 1214 101 36 länet
1461 1214 119 36 skulle
1608 1214 127 36 kunna
1754 1214 242 36 tillerkännas

401 1264 230 49 befogenhet
673 1270 52 31 att
766 1267 48 46 på
851 1265 166 37 ansökan
1055 1278 45 23 av
1130 1265 171 49 delägare
1331 1265 69 37 och
1429 1265 94 37 efter
1551 1266 130 48 övriga
1709 1265 194 49 delägares
1932 1265 64 37 hö-

401 1316 125 47 rande,
557 1316 66 36 där
652 1316 280 37 förhållandena
960 1316 132 37 sådant
1119 1317 208 49 påkallade,
1348 1317 202 37 tillsvidare
1570 1317 173 50 förbjuda
1763 1317 234 49 avverkning

403 1374 113 30 annat
545 1373 47 31 än
622 1369 92 35 efter
740 1369 181 48 utsyning
952 1371 20 33 å
1000 1368 104 49 dylik
1136 1369 107 48 skog,
1273 1374 180 32 ävensom
1482 1369 145 48 begärt,
1649 1375 53 30 att
1729 1369 141 48 Kungl.
1892 1368 104 49 Maj:t

403 1420 162 36 därefter
606 1420 88 36 ville
735 1421 57 35 för
832 1420 205 48 riksdagen
1074 1421 211 48 framlägga
1323 1421 64 36 det
1416 1421 151 47 förslag,
1595 1420 122 36 vartill
1747 1420 249 48 utredningen

402 1471 122 37 kunde
554 1471 203 37 föranleda.
814 1471 86 37 Med
928 1471 203 49 anledning
1158 1472 117 36 härav
1294 1472 71 36 och
1384 1472 12 36 i
1416 1472 166 48 enlighet
1601 1472 85 36 med
1705 1472 143 48 Kungl.
1869 1471 127 50 Maj:ts

402 1523 303 49 bemyndigande
734 1523 95 36 hade
859 1523 131 37 chefen
1019 1524 58 36 för
1101 1523 502 50 jordbruksdepartementet
1631 1523 74 37 den
1729 1526 48 34 20
1792 1524 84 48 juni
1899 1525 96 35 1913

402 1575 176 36 tillkallat
606 1581 55 30 tre
689 1588 179 35 personer
897 1581 54 30 att
978 1578 123 34 såsom
1131 1575 238 49 sakkunniga
1397 1575 145 37 biträda
1569 1576 102 36 inom
1700 1576 297 49 departementet

403 1627 82 36 med
527 1626 274 37 verkställande
830 1641 47 22 av
905 1627 204 49 utredning
1136 1628 11 35 i
1176 1628 108 48 fråga
1317 1640 61 24 om
1407 1628 282 36 interimistiska
1717 1627 281 37 bestämmelser

401 1679 12 35 i
450 1678 100 49 syfte
579 1684 55 30 att
663 1679 231 36 förekomma
922 1679 168 36 vanvård
1119 1693 45 22 av
1193 1679 172 36 samfälld
1395 1679 96 49 skog
1517 1679 102 36 inom
1648 1679 247 36 förenämnda
1923 1679 72 35 län.

403 1729 241 38 Sistnämnda
685 1730 239 49 sakkunniga
964 1731 96 36 hade
1102 1731 83 36 med
1226 1731 238 37 betänkande
1501 1731 71 36 den
1601 1733 46 34 27
1679 1744 97 23 mars
1807 1732 98 35 1914
1935 1744 62 22 av-

401 1782 141 36 lämnat
584 1788 54 30 ett
679 1782 141 49 förslag
848 1782 56 36 till
932 1783 63 48 lag
1022 1782 85 37 med
1136 1783 183 36 särskilda
1351 1783 282 36 bestämmelser
1660 1782 231 37 beträffande
1920 1782 76 37 viss

402 1833 171 36 samfälld
604 1834 222 48 skogsmark
855 1834 100 36 inom
983 1834 270 50 Kopparbergs
1286 1836 73 36 län.
1417 1834 122 37 Sedan
1567 1834 219 37 utlåtanden
1815 1839 89 31 över
1925 1834 71 36 för-

402 1886 121 47 slaget
559 1885 202 37 inhämtats
791 1886 80 36 från
901 1886 99 35 olika
1027 1886 264 49 myndigheter
1319 1892 98 31 samt
1445 1886 208 37 detsamma
1680 1886 84 36 med
1793 1886 204 48 anledning

402 1951 46 22 av
475 1938 102 35 imom
606 1937 167 48 lagrådet
803 1938 234 36 framställda
1055 1938 293 50 anmärkningar
1375 1938 11 36 i
1415 1939 97 35 vissa
1532 1938 102 37 delar
1654 1937 236 47 omarbetats,
1912 1938 85 36 blev

402 1989 183 47 förslaget
613 2002 136 36 genom
778 1989 245 50 proposition,
1044 2003 44 23 nr
1118 1993 59 42 92,
1199 1990 162 49 förelagt
1385 1992 95 35 1915
1502 1992 57 34 års
1578 1989 167 49 riksdag.
1800 1989 196 49 Förslaget

402 2041 223 48 tillstyrktes
654 2041 82 36 med
767 2042 98 36 vissa
894 2041 143 36 mindre
1066 2041 203 49 ändringar
1289 2056 47 22 av
1351 2041 390 50 jordbruksutskottet
1760 2041 11 36 i
1791 2041 205 47 utlåtande,

402 2106 43 22 nr
474 2094 58 45 54,
563 2093 70 36 och
662 2098 133 43 antogs
825 2107 46 22 av
898 2093 212 48 riksdagen.

203 2163 87 29 Tagen:
310 2162 51 23 den
505 2144 15 35 I
563 2144 168 46 enlighet
760 2144 83 37 med
872 2145 221 48 riksdagens
1122 2145 121 37 beslut
1270 2145 219 37 utfärdades
1519 2145 71 36 den
1622 2146 44 34 11
1692 2144 83 49 juni
1808 2146 96 35 1915
1934 2144 64 48 lag

177 2194 31 25 11
224 2196 62 31 juni
306 2194 75 25 1915.
401 2195 84 35 med
527 2195 185 37 särskilda
752 2196 282 37 bestämmelser
1074 2196 232 37 beträffande
1333 2197 76 36 viss
1438 2196 173 37 samfälld
1641 2196 225 49 skogsmark
1895 2196 101 36 inom

402 2247 269 48 Kopparbergs
712 2248 71 36 län.
839 2248 174 37 Nämnda
1053 2249 64 48 lag
1156 2248 125 49 gällde
1323 2248 198 37 samfällda
1558 2254 94 43 ägor
1678 2262 47 22 av
1754 2247 243 50 skogsmarks

403 2304 119 39 natur,
552 2299 101 36 vilka
681 2299 244 49 undantagits
954 2300 57 36 för
1037 2306 234 42 gemensamt
1300 2300 124 37 behov
1452 2300 87 36 eller
1567 2301 107 47 eljest
1693 2300 159 36 lämnats
1881 2299 116 36 oskif-
