2222 2622
688 195 120 32 Första
835 196 216 40 lagutskottets
1073 197 167 32 utlåtande
1263 199 52 31 Nr
1337 201 49 29 18.
1797 202 18 31 9

216 277 81 37 från
339 283 56 32 att
437 282 96 47 ånyo
575 280 219 49 igångsätta
835 286 53 32 ett
920 282 247 49 omständligt
1196 283 213 38 förfarande
1437 284 58 37 för
1523 290 54 32 att
1605 288 128 48 uppnå
1762 291 53 32 ett

216 329 135 49 skydd,
381 344 81 24 som
494 331 102 38 förut
624 332 149 38 bestått.
828 333 136 49 Någon
994 334 95 37 form
1118 335 107 37 torde
1254 336 126 37 därför
1407 336 91 38 böra
1525 337 177 45 utfinnas,
1732 352 82 24 som

216 382 216 50 möjliggör,
462 388 53 32 att
542 384 119 49 enligt
691 386 97 35 1915
819 388 58 34 års
897 390 65 45 lag
981 386 213 38 anordnade
1215 388 274 50 förvaltningar
1508 389 69 37 och
1596 390 218 37 meddelade

216 435 392 49 avverkningsförbud
648 436 128 37 kunna
804 437 116 37 vinna
945 438 277 48 godkännande
1250 444 95 32 även
1373 441 118 49 enligt
1522 443 94 35 1921
1649 445 59 34 års
1737 443 75 49 lag.

215 485 73 38 Vid
325 486 72 38 den
426 500 47 23 av
499 488 183 37 utskottet
712 489 198 37 förordade
937 490 334 51 undersökningen
1299 491 67 38 bör
1393 493 164 48 givetvis
1586 499 95 31 även
1711 494 103 37 detta

216 539 184 48 spörsmål
427 544 109 44 tagas
563 540 120 37 under
711 541 263 49 omprövning.

317 590 75 37 För
418 596 54 31 att
499 604 46 24 en
572 592 136 37 reform
736 593 13 36 i
777 593 228 37 sistberörda
1034 594 172 49 riktning
1232 595 82 37 icke
1342 596 95 36 skall
1465 596 100 37 bliva
1588 597 224 51 verknings-

214 642 68 47 lös,
311 642 134 38 kräves
473 644 216 47 emellertid,
719 650 55 31 att
801 646 115 36 redan
934 646 202 38 bestående
1156 647 277 50 förvaltningar
1453 649 69 37 och
1543 650 270 49 avverknings-

214 694 134 37 förbud
377 695 80 37 icke
484 696 171 49 upphöra
683 702 54 31 att
764 697 112 49 gälla,
904 698 117 36 innan
1049 699 201 49 ifrågasatt
1278 700 229 50 lagändring
1526 701 125 37 träder
1670 702 11 36 i
1701 702 109 37 kraft.

215 745 132 38 Såsom
376 747 164 50 framgår
568 762 46 23 av
643 748 62 37 det
725 762 97 23 ovan
850 750 127 48 sagda,
999 750 106 37 skola
1133 751 119 50 enligt
1284 754 43 33 17
1350 751 21 50 8
1392 752 128 50 dylika
1537 753 276 50 förvaltningar

213 798 70 37 och
325 799 135 37 förbud
501 800 189 50 tillämpas
732 801 127 48 längst
891 802 97 36 intill
1016 802 72 38 den
1120 804 16 34 1
1163 802 150 50 januari
1345 806 108 34 1924.
1509 805 221 49 Uppenbart
1759 812 51 42 är,

213 854 55 32 att
308 850 72 37 den
421 864 46 24 av
507 852 184 37 utskottet
717 853 199 44 förordade
943 854 253 49 utredningen
1224 855 82 37 icke
1334 855 80 37 före
1442 857 163 36 nämnda
1633 857 76 49 dag
1737 858 74 36 kan

213 901 98 37 hava
351 902 67 37 lett
459 903 55 37 till
555 904 241 49 lagstiftning
822 905 12 36 i
862 910 137 32 ämnet.
1055 906 72 37 Det
1158 907 106 36 torde
1293 907 125 37 därför
1448 922 87 23 vara
1563 909 247 50 erforderligt,

213 959 53 31 att
295 954 73 37 den
395 954 195 38 bestämda
617 957 261 37 slutterminen
906 961 117 45 något
1050 959 237 49 framflyttas,
1309 960 69 36 och
1411 973 111 36 synes
1547 961 62 37 det
1627 961 184 37 utskottet

212 1006 185 49 lämpligt,
427 1013 54 30 att
522 1007 121 50 dagen
684 1008 225 40 bestämmes
951 1010 54 36 till
1034 1010 71 37 den
1136 1012 17 34 1
1179 1011 151 49 januari
1361 1013 109 36 1926.
1525 1012 72 38 Det
1625 1013 186 37 erforder-

212 1057 78 49 liga
332 1059 196 37 anståndet
559 1060 104 37 torde
692 1061 148 37 enklast
868 1062 129 36 kunna
1027 1062 129 37 vinnas
1185 1063 231 49 därigenom,
1446 1069 53 32 att
1527 1065 205 49 riksdagen
1760 1079 50 23 nu

212 1116 158 43 antager
410 1124 45 23 en
497 1112 63 49 lag
602 1126 60 23 om
691 1113 154 37 fortsatt
873 1114 244 50 tillämpning
1143 1128 47 23 av
1219 1115 121 49 enligt
1371 1118 97 35 1915
1497 1120 58 33 års
1583 1118 65 48 lag
1676 1118 134 36 anord-

212 1162 96 37 nade
337 1163 274 50 förvaltningar
639 1165 70 36 och
737 1165 218 37 meddelade
984 1167 404 49 avverkningsförbud.

315 1214 51 37 På
393 1215 123 49 grund
545 1230 46 22 av
620 1217 71 36 vad
720 1217 155 37 sålunda
903 1218 144 37 anförts
1078 1219 56 36 får
1162 1219 182 37 utskottet
1372 1220 206 47 hemställa,

716 1302 35 49 1)
781 1308 55 32 att
863 1303 203 50 riksdagen
1095 1307 115 34 måtte
1239 1305 59 37 för
1325 1305 57 37 sin
1408 1305 58 37 del
1486 1312 138 43 antaga
1644 1307 165 48 följande

1048 1421 125 52 Lag

609 1522 56 24 om
695 1513 152 33 fortsatt
874 1513 236 41 tillämpning
1137 1522 41 24 av
1198 1513 223 42 förvaltning
1440 1516 91 32 eller
1551 1516 257 41 avverknings-

644 1565 132 33 förbud
806 1565 115 40 enligt
948 1566 103 39 lagen
1082 1566 68 32 den
1182 1566 40 32 11
1247 1565 84 43 juni
1362 1566 88 34 1915
1479 1568 80 32 med
1588 1568 180 33 särskilda

714 1618 275 33 bestämmelser
1023 1616 223 35 beträffande
1273 1619 74 33 viss
1376 1619 168 33 samfälld
1572 1620 124 41 skogs-

921 1669 103 33 mark
1051 1670 99 33 inom
1179 1671 254 41 Kopparbergs
1461 1673 72 32 län.

710 1752 231 48 Härigenom
972 1752 211 37 förordnas:

711 1803 79 36 Har
817 1804 118 49 enligt
963 1804 110 49 lagen
1103 1804 70 36 den
1206 1806 42 35 11
1275 1805 84 48 juni
1390 1808 96 35 1915
1517 1806 82 37 med
1625 1807 183 36 särskilda

608 1855 282 37 bestämmelser
918 1856 231 37 beträffande
1169 1857 77 36 viss
1267 1858 172 36 samfälld
1460 1858 224 49 skogsmark
1704 1858 101 37 inom

609 1907 271 50 Kopparbergs
909 1908 61 36 län
1000 1908 202 37 anordnats
1232 1910 234 49 förvaltning
1493 1910 88 37 eller
1600 1910 206 37 meddelats

607 1959 404 49 avverkningsförbud,
1046 1973 79 23 som
1168 1961 119 48 enligt
1331 1963 44 34 17
1407 1961 20 49 8
1469 1962 11 35 i
1517 1962 109 49 lagen
1656 1962 72 37 den
1761 1965 43 33 13

602 2010 83 48 juni
717 2013 95 34 1921
845 2024 60 23 om
936 2011 232 48 förvaltning
1197 2026 45 22 av
1264 2012 349 49 bysamfälligheter
1633 2014 67 36 och
1723 2014 82 36 där-

607 2062 83 36 med
728 2062 217 48 jämförliga
987 2063 197 35 samfällda
1216 2068 94 43 ägor
1342 2064 69 35 och
1439 2065 221 47 rättigheter
1688 2066 118 46 gäller

606 2112 71 37 den
712 2115 45 34 31
785 2113 195 36 december
1012 2116 108 45 1923,
1155 2114 95 36 skall
1278 2114 157 37 berörda
1463 2116 230 48 förvaltning
1718 2117 88 36 eller

607 2164 132 36 förbud
755 2165 143 48 jämväl
923 2164 163 38 därefter
1105 2165 188 49 tillämpas
1313 2166 55 36 till
1389 2166 83 37 dess
1493 2181 59 22 om
1577 2167 61 37 det
1665 2168 140 47 ifråga-

604 2216 161 36 varande
795 2216 278 37 markområdet
1101 2217 212 48 anordning
1340 2218 144 37 träffats
1510 2219 68 36 och
1599 2220 73 35 kan
1693 2220 106 35 träda

603 2267 10 36 1
643 2267 289 46 verkställighet
974 2268 9 36 i
1025 2268 165 49 enlighet
1222 2269 84 36 med
1336 2269 233 37 sistnämnda
1597 2271 74 48 lag,
1703 2271 94 36 dock

606 2319 127 49 längst
761 2319 96 37 intill
886 2319 73 38 den
990 2321 18 35 1
1034 2320 149 49 januari
1216 2322 107 35 1926.

249 2455 114 37 Bihang
386 2456 44 29 till
453 2456 166 37 riksdagens
640 2457 142 37 protokoll
807 2458 89 29 1923.
934 2458 112 29 9saml.
1086 2459 92 29 avd.
1220 2460 38 28 16
1273 2459 73 36 häft.
1372 2458 61 39 (Nr
1446 2458 65 39 18.)
1619 2468 78 19 505238
1744 2464 16 24 2
