2154 2722
377 206 38 30 10
774 205 213 42 Bevillnings-
1013 206 147 32 Utskottets
1183 207 171 31 Memorial
1378 208 64 31 N:o
1466 210 50 30 12.

459 287 135 36 Vinner
626 286 78 50 Nej,
736 287 64 37 har
834 288 201 48 Riksdagen
1065 288 162 48 beslutat,
1257 293 50 32 att
1335 289 66 37 den
1430 290 52 37 för
1511 290 230 49 anilinfärger
1769 305 47 23 nu
1844 292 75 48 gäl-

335 339 103 36 lande
467 340 134 36 tullsats
630 341 91 35 skall
750 340 202 37 bibehållas.

457 602 105 37 Hvad
608 603 176 37 Utskottet
825 605 10 35 i
874 605 100 36 16:de
1015 607 156 47 punkten
1213 607 170 44 hemstält,
1425 608 83 36 eller
1543 613 50 31 att
1620 609 164 36 klorkalk
1813 612 105 35 måtte

330 655 76 35 från
440 656 167 47 tullafgift
638 657 138 47 befrias,
805 661 38 32 är
871 657 168 37 likaledes
1067 659 37 35 af
1127 659 126 37 Första
1280 660 218 36 Kammaren
1527 660 133 38 bifallet
1688 662 64 36 och
1780 664 37 35 af
1842 664 74 36 An-

328 708 63 35 dra
419 707 216 37 Kammaren
665 709 156 47 afslaget.

456 760 68 35 För
565 759 144 48 frågans
750 761 190 47 afgörande
981 775 124 34 genom
1147 776 200 35 gemensam
1388 766 215 46 omröstning
1644 767 53 34 får
1738 767 179 35 Utskottet

330 811 128 37 föreslå
485 812 152 48 följande
664 813 412 50 voteringsproposition:

1086 940 64 34 3:0.

455 1023 89 46 Den,
572 1034 72 24 som
673 1023 60 35 vill
761 1027 49 32 att
839 1024 161 35 klorkalk
1027 1024 77 35 från
1131 1024 176 49 tullafgift
1335 1027 138 48 befrias,
1502 1032 111 32 röstar

1091 1129 58 47 Ja;

455 1230 89 46 Den,
573 1231 57 35 det
657 1230 31 47 ej
718 1230 73 47 vill,
819 1235 114 32 röstar

1081 1337 81 49 Nej;

455 1440 136 36 Vinner
618 1440 78 48 Nej,
726 1441 63 36 har
819 1441 203 48 Riksdagen
1052 1443 149 36 beslutat
1229 1448 50 32 att
1307 1445 64 35 den
1400 1447 203 35 nuvarande
1631 1446 211 47 tullafgiften
1862 1447 53 35 för

325 1491 165 36 klorkalk
518 1492 202 37 bibehålles.

453 1804 17 35 I
503 1806 99 35 17:de
631 1805 156 48 punkten
817 1807 87 35 hade
927 1808 186 40 Utskottet
1141 1809 172 48 hemstält,
1342 1815 50 32 att
1408 1812 35 34 åt
1464 1812 312 38 tulltaxerubriken
1793 1815 119 35 "Tim"

325 1856 112 35 skulle
465 1856 112 46 gifvas
606 1857 151 48 följande
784 1858 145 47 lydelse:

325 1908 110 46 "Lim,
465 1908 68 35 alla
562 1909 85 47 slag,
677 1910 141 36 husblås
847 1911 65 35 och
941 1912 129 46 gelatin
1099 1913 177 37 derunder
1300 1915 206 49 inbegripna
1540 1949 224 4 ..........
1808 1920 104 34 fritt!

451 1960 69 35 Vid
549 1961 142 47 frågans
720 1963 212 47 behandling
960 1964 92 35 inom
1081 1964 205 49 Riksdagen
1313 1968 64 35 har
1404 1968 124 36 Första
1556 1970 214 36 Kammaren
1800 1972 112 35 beslu-

323 2016 50 31 tat
401 2016 51 31 att
479 2014 167 35 rubriken
675 2015 113 35 skulle
816 2015 130 35 erhålla
976 2017 64 34 den
1069 2017 142 47 lydelse,
1240 2031 73 23 som
1342 2020 114 36 blifvit
1483 2021 39 35 af
1546 2022 128 47 Kongl.
1704 2023 99 48 Maj:t
1822 2024 88 35 före-

324 2064 121 46 slagen
486 2065 51 35 uti
577 2065 91 36 Dess
711 2067 54 35 vid
809 2068 236 35 innevarande
1086 2070 166 36 riksmöte
1293 2072 50 35 till
1389 2073 203 47 Riksdagen
1625 2074 129 36 aflåtna
1784 2076 127 47 nådiga

324 2117 211 46 proposition
577 2119 67 35 N:o
688 2121 55 40 37,
787 2120 180 46 angående
996 2121 203 48 förändring
1227 2123 11 35 i
1267 2124 222 37 tullsatserna
1513 2126 20 34 å
1561 2139 131 35 papper
1721 2128 77 35 med
1827 2128 84 36 flera

323 2180 137 24 ämnen.

453 2220 122 36 Andra
606 2222 214 37 Kammaren
846 2225 75 34 åter
948 2225 64 35 har
1040 2226 139 48 afslagit
1207 2229 174 48 punkten;
1410 2229 227 49 hvarigenom
1665 2232 105 35 alltså
1798 2234 111 34 rubri-

323 2272 67 35 ken
419 2272 118 36 "Lim"
566 2274 112 35 skulle
707 2275 139 36 komma
875 2281 49 30 att
952 2278 192 36 bibehållas
1171 2280 55 34 vid
1257 2280 52 35 sin
1338 2283 204 35 nuvarande
1570 2279 140 56 lydelse.

451 2324 69 36 För
561 2338 198 34 gemensam
802 2330 216 46 omröstning
1059 2331 10 34 i
1103 2331 124 47 frågan
1259 2332 143 37 föreslår
1427 2334 177 37 Utskottet
1631 2336 152 48 följande
1810 2343 95 30 vote-

322 2375 331 49 ringsproposition:
