2156 2620
698 216 253 31 Statsutskottets
975 217 165 31 utlåtande
1163 217 52 30 Nr
1243 219 65 28 151.
1789 219 19 27 9

427 300 213 24 Nuvarande
660 300 139 30 tydelses.

288 371 31 31 2.
381 368 139 35 Varder
562 368 150 36 läkaren
754 369 55 35 till
848 369 131 36 sådant

206 419 215 48 sjukbesök,
451 433 80 22 som
560 419 9 35 i
600 433 111 22 mom.
746 422 16 33 1
795 433 118 33 avses,
944 421 31 47 ej

209 471 164 46 hämtad,
402 473 60 32 må
482 484 83 22 resa
584 473 48 45 på
649 471 249 36 kommunens
918 472 62 35 be-

207 521 161 35 kostnad
389 534 45 22 av
455 522 150 34 läkaren
626 522 205 47 företagas,
848 522 132 36 endast

207 575 40 33 så
277 572 87 35 vida
396 572 249 47 medgivande
666 572 122 36 därtill
808 586 47 22 av
875 574 103 35 kom-

1188 302 130 30 Kungl.
1341 301 118 31 Maj:ts
1475 301 150 31 förslag.

1112 374 32 31 2.
1201 370 74 36 För
1304 370 136 35 likvids
1465 370 212 35 erhållande
1685 366 17 54 i
1729 370 76 46 fall,

1034 435 124 22 varom
1188 422 11 35 1
1228 422 124 35 denna
1380 422 181 58 paragraf
1586 426 101 43 Sägs,
1718 426 90 43 äger

1036 473 150 36 läkaren
1215 479 64 39 att,
1309 472 83 36 med
1422 472 204 48 bifogande
1648 486 46 21 av
1715 473 91 35 läm-

1035 524 94 35 nade
1158 524 121 47 intyg,
1310 524 225 35 kvartalsvis
1559 524 56 35 till
1635 524 171 34 kommu-

1033 575 337 48 nalmyndigheten
1407 574 130 48 ingiva
1578 574 165 48 räkning
1786 577 20 32 å

1032 627 152 35 läkaren
1230 626 285 35 tillkommande
1557 625 136 36 arvode
1736 625 69 36 ock

1033 678 300 47 reseersättning.

208 623 401 48 munalmyndigheten
639 624 173 36 lämnats.

287 676 33 33 3.
375 674 72 36 För
475 674 134 36 likvids
639 674 214 37 erhållande
856 670 19 57 i
903 676 76 47 fall,

207 739 131 23 varom
366 727 11 34 1
406 726 121 36 denna
555 727 181 48 paragraf
762 733 101 43 sägs,
889 732 91 43 äger

207 778 153 35 läkaren
390 783 63 41 att,
482 778 84 35 med
596 778 205 48 bifogande
822 792 46 23 av
887 780 91 35 läm-

207 830 95 35 nade
330 829 118 48 intyg,
478 829 225 36 kvartalsvis
732 831 56 34 till
808 831 169 35 kommu-

205 880 335 49 nalmyndigheten
582 881 130 47 ingiva
753 882 164 47 räkning
959 885 19 32 å

205 932 154 35 läkaren
403 932 284 36 tillkommande
730 933 137 36 arvode
909 934 69 35 och

204 983 304 49 reseersättning.

952 1052 20 49 $
1006 1054 55 34 12.

310 1137 150 36 Arvode
490 1137 69 36 och
586 1137 297 49 reseersättning
911 1137 116 49 enligt
1056 1138 120 36 denna
1205 1144 98 41 taxa,
1332 1138 102 35 vilka
1462 1137 108 37 skola
1591 1151 45 22 av
1656 1137 146 36 enskild

205 1202 139 36 person
372 1189 144 49 gäldas,
547 1189 146 48 åligger
721 1189 61 36 det
812 1189 70 36 den
911 1190 108 48 sjuke
1046 1190 89 36 eller
1164 1190 83 47 den,
1278 1203 80 23 som
1387 1190 58 36 för
1461 1189 141 37 dennes
1621 1189 92 37 vård
1735 1190 70 36 och

205 1241 196 36 underhåll
430 1253 187 33 ansvarar,
647 1240 90 36 eller
765 1240 85 48 den,
880 1255 78 22 som
984 1242 106 48 eljest
1110 1242 58 36 för
1186 1255 125 23 annan
1329 1255 136 35 person
1485 1241 133 36 anlitat
1637 1241 167 48 läkaren,

203 1297 56 31 att
287 1292 62 36 vid
378 1292 202 36 anfordran
609 1292 169 48 erlägga.

950 1410 20 49 $
1002 1413 57 34 13.

309 1497 187 37 Tredskas
525 1497 73 36 den
627 1496 391 49 betalningsskyldige
1047 1501 53 31 att
1128 1497 156 48 erlägga
1313 1497 138 37 arvode
1479 1498 89 36 eller
1590 1503 214 32 reseersätt-

204 1549 96 48 ning
341 1549 117 48 enligt
499 1549 125 36 denna
664 1554 100 40 taxa,
799 1548 103 49 njute
935 1548 150 37 läkaren
1115 1548 56 37 för
1198 1548 316 38 utbekommande
1543 1550 115 36 därav
1685 1550 118 36 hand-

203 1601 187 48 räckning
430 1601 69 36 hos
528 1600 284 47 överexekutor,
842 1599 66 37 där
935 1600 153 37 läkaren
1117 1600 158 48 styrker,
1306 1606 52 31 att
1385 1601 164 49 räkning
1578 1605 20 33 å
1625 1601 179 50 beloppet

204 1653 109 36 blivit
340 1653 114 35 minst
483 1651 141 49 fjorton
653 1652 119 48 dagar
800 1653 79 35 före
908 1652 280 48 ansökningens
1216 1652 203 48 ingivande
1447 1653 56 36 till
1531 1653 273 37 överexekutor

203 1704 171 36 tillställd
403 1704 72 36 den
502 1703 400 49 betalningsskyldige.

309 1945 72 36 Det
409 1944 148 48 förslag
584 1944 58 39 till
670 1943 416 50 provinsialläkartaxa,
1116 1943 142 49 Kungl.
1280 1944 108 49 Maj:t
1409 1945 166 49 förelagt
1594 1944 208 50 riksdagen

203 1996 60 37 för
298 1996 187 49 yttrande,
515 1996 194 36 utmärkes
752 1995 152 37 särskilt
945 1995 127 47 därav,
1102 2000 55 31 att
1198 1996 217 48 avgifterna
1458 1996 108 37 blivit
1607 1997 197 37 bestämda

203 2047 122 49 enligt
365 2048 185 49 graderad
592 2047 94 37 eller
727 2060 28 23 s.
786 2048 33 35 k.
851 2047 178 49 glidande
1056 2053 98 30 taxa.
1210 2048 58 35 Då
1297 2053 54 31 ett
1378 2047 179 38 liknande
1586 2049 149 49 förslag
1764 2052 40 33 år

207 2101 96 35 1911
346 2100 186 49 prövades
571 2112 45 23 av
644 2099 222 49 riksdagen,
895 2098 167 37 uttalade
1099 2099 61 48 sig
1191 2099 207 49 riksdagen
1427 2100 86 37 med
1542 2101 131 49 styrka
1702 2106 102 31 emot

201 2151 283 49 godkännande
522 2164 47 23 av
601 2151 166 36 nämnda
808 2151 304 49 avgiftsprincip.
1167 2151 58 36 En
1267 2152 116 36 sådan
1425 2152 219 49 gradering,
1675 2152 130 50 lagd
1783 2146 27 60 i

203 2202 173 37 läkarens
404 2203 114 47 hand,
547 2205 142 47 ansågs
716 2202 102 37 bliva
845 2208 138 43 ytterst
1011 2206 86 33 svår
1116 2207 55 32 att
1190 2203 154 37 rättvist
1362 2204 206 37 verkställa
1589 2204 70 37 och
1678 2204 125 37 kunde

204 2258 47 46 på
279 2255 123 49 grund
432 2254 116 37 därav
575 2255 151 36 befaras
755 2254 101 37 bliva
885 2255 150 48 mycket
1063 2254 143 48 ojämnt
1233 2255 207 49 tillämpad.

311 2316 114 37 Bihang
448 2317 44 28 till
514 2316 170 37 riksdagens
701 2316 146 37 protokoll
871 2317 90 28 1918.
1008 2317 18 27 6
1048 2317 81 28 saml.
1176 2317 39 28 68
1238 2317 72 35 häft.
1358 2317 61 33 (Nr
1443 2318 85 33 151)
1745 2319 16 27 2

1853 1152 139 22 Enskildas

1849 1186 157 29 betalnings-

1849 1221 147 29 skyldighet

1836 1255 80 29 enligt
1935 1256 84 22 denna

1890 1291 67 21 taxa.

1851 1510 149 24 Handräck-

1865 1545 61 30 ning
1945 1546 39 22 för

1835 1580 179 30 betalningens

1861 1615 131 22 utbekom-

1875 1649 97 23 mande.

1849 1958 149 23 Utskottets

1856 1993 129 29 yttrande.
