1934 2858
542 157 114 29 Första
677 156 222 35 lagutskottets
918 153 164 30 utlåtande
1105 152 48 29 Nr
1174 154 46 26 11.
1599 147 38 31 11

130 248 87 38 bart,
242 246 160 33 erkännes
428 246 11 31 i
465 245 55 32 det
543 244 169 39 yttrande,
736 242 171 39 lagrådets
934 241 101 32 flesta
1060 240 182 32 ledamöter
1266 236 141 39 avgivit,
1433 235 59 33 och
1518 234 118 39 dylika

133 290 159 38 åtgärder
316 289 168 31 innefatta
510 286 238 37 obestridligen
774 288 48 29 ett
848 284 55 32 det
929 283 85 32 allra
1039 281 207 37 kraftigaste
1272 279 151 37 handtag
1449 278 53 32 till
1530 277 106 32 sedes-

131 332 165 33 löshetens
317 329 241 38 befrämjande.
602 328 78 32 Vad
699 328 12 31 i
732 327 174 38 yttrandet
926 325 133 32 anföres
1081 327 70 28 mot
1171 335 39 20 en
1231 321 220 42 lagstiftning
1471 319 55 33 till
1548 322 88 29 stäv-

130 374 101 39 jande
255 385 43 20 av
321 372 145 33 nämnda
490 370 110 34 trafik
624 370 62 32 har
709 369 74 33 icke
808 370 178 36 övertygat
1008 366 71 39 mig
1105 377 51 20 om
1180 376 81 20 vare
1285 364 53 37 sig
1364 361 273 39 obehövligheten

131 417 81 32 eller
233 415 244 33 kraftlösheten
499 426 41 20 av
563 413 39 32 de
624 411 202 33 härutinnan
848 410 208 38 ifrågasatta
1076 406 259 33 bestämmelser.
1380 405 70 37 Jag
1472 403 166 33 vidhåller

132 459 118 33 därför
272 458 68 32 min
364 457 91 32 åsikt
477 468 51 20 om
553 455 96 32 deras
674 453 236 33 önskvärdhet.
956 452 19 31 I
998 450 181 37 anledning
1203 461 41 20 av
1268 447 96 39 gjord
1388 447 132 32 erinran
1544 446 93 32 torde

135 501 184 33 emellertid
349 499 105 33 sådan
483 498 144 37 ändring
656 497 12 31 i
699 496 164 37 förslaget
891 495 81 31 böra
1001 493 169 37 vidtagas,
1201 494 50 29 att
1281 490 73 32 med
1385 489 170 38 tydlighet
1585 488 54 31 må

133 543 144 39 framgå,
296 545 52 31 att
365 541 126 39 jämväl
508 539 207 39 utbjudande
733 538 54 32 till
806 536 205 39 försäljning
1028 547 43 21 av
1088 532 281 41 preventivmedel
1389 543 116 28 genom
1524 530 114 38 kring-

132 586 106 32 sända
259 584 163 33 reklamer
443 583 88 32 skall
549 594 84 20 vara
652 580 221 33 underkastat
893 579 116 32 straff.

182 669 114 33 Såsom
321 677 40 23 en
386 667 98 39 given
520 666 92 32 vinst
648 677 43 20 av
727 664 61 32 den
823 663 207 38 ifrågasatta
1065 660 245 39 lagändringen
1339 659 108 32 skulle
1472 658 58 38 jag
1557 662 83 27 även

136 712 84 38 vilja
240 710 170 39 beteckna,
431 713 50 28 att
502 708 190 37 därigenom
715 718 124 20 vunnes
861 709 47 28 ett
928 705 91 31 klart
1040 704 60 32 och
1121 702 191 38 otvetydigt
1334 701 126 38 lagbud
1480 701 12 30 i
1512 700 128 37 ifråga-

133 753 149 33 varande
299 751 197 33 hänseende.
539 750 166 33 Gällande
724 749 57 37 lag
799 748 94 32 torde
912 747 169 38 knappast
1101 745 113 32 kunna
1233 745 12 31 i
1265 744 119 32 sådant
1405 742 160 33 avseende
1585 753 55 20 an-

139 809 51 19 ses
214 796 80 31 fullt
317 792 328 38 tillfredsställande,
669 791 60 32 och
753 793 129 29 senaste
905 790 108 31 tidens
1037 788 191 32 erfarenhet
1251 787 62 31 har
1337 785 184 38 ådagalagt
1545 783 96 32 önsk-

135 837 182 33 värdheten
343 848 42 20 av
411 834 278 39 lagstadganden,
714 845 68 20 som
809 837 57 27 äro
891 831 193 38 begripliga
1109 834 82 28 även
1218 829 53 32 för
1296 829 83 37 dem,
1404 827 92 32 vilka
1522 826 85 37 vilja
1630 826 12 32 i

135 880 97 32 dessa
250 880 118 37 frågor
384 881 140 35 tangera
542 877 56 32 det
613 876 153 32 tillåtnas
784 877 146 36 yttersta
945 878 172 33 gränser.»

182 939 66 33 Det
270 938 141 33 sålunda
434 935 210 34 omarbetade
667 934 164 38 förslaget
853 933 76 32 blev
952 931 148 33 därefter
1124 942 116 26 genom
1263 929 217 39 proposition,
1504 940 40 19 nr
1568 928 74 37 223,

138 991 146 37 förelagt
305 990 84 31 1910
409 989 54 31 års
482 986 151 38 riksdag.

184 1058 59 32 Uti
267 1069 39 20 en
331 1056 75 32 med
432 1054 179 38 anledning
638 1066 42 20 av
705 1052 248 39 propositionen
979 1051 88 31 inom
1095 1050 108 31 första
1229 1048 193 32 kammaren
1449 1046 101 32 väckt
1576 1057 66 20 mo-

138 1109 82 37 tion,
241 1120 39 20 nr
301 1108 52 38 91,
375 1105 225 39 hemställdes,
623 1107 51 29 att
696 1103 180 38 riksdagen
896 1102 90 38 ville,
1009 1101 74 31 med
1105 1099 143 38 ändring
1270 1111 41 19 av
1334 1098 55 32 det
1410 1101 82 28 utav
1514 1092 129 47 Kungl.

140 1159 103 38 Maj:t
264 1157 192 38 framlagda
478 1155 175 38 förslaget,
675 1154 79 38 giva
774 1151 263 40 ifrågavarande
1059 1151 133 37 lagrum
1216 1149 103 32 sådan
1341 1148 139 40 lydelse,
1503 1151 51 29 att
1576 1147 68 32 det-

141 1221 126 21 samma
287 1208 130 32 komme
438 1210 51 29 att
509 1206 90 32 rikta
620 1205 53 38 sig
694 1204 126 39 jämväl
840 1207 69 28 mot
931 1202 108 39 själva
1060 1200 223 38 försäljandet
1305 1199 80 32 eller
1406 1197 238 34 tillhandahål-

140 1260 115 32 landet
280 1271 41 20 av
346 1257 238 39 ifrågakomna
608 1255 107 32 medel
741 1255 77 31 från
844 1253 98 33 butik
967 1253 81 32 eller
1073 1251 158 38 nederlag
1258 1254 86 28 samt
1371 1253 68 28 mot
1465 1248 180 33 tillhanda-

140 1310 171 33 hållandet
330 1321 42 20 av
391 1308 125 32 sådana
536 1306 140 33 föremål
695 1305 152 33 enskilda
865 1304 150 38 emellan,
1037 1308 81 27 även
1137 1314 51 20 om
1208 1302 55 31 det
1281 1301 29 38 ej
1332 1300 84 38 ägde
1437 1311 71 21 rum
1528 1311 117 26 genom

140 1359 244 40 kringförande
413 1358 54 33 till
496 1357 129 33 avsalu.
677 1356 246 32 Motionärerna
953 1353 163 33 hänsköto
1146 1352 183 32 emellertid
1360 1356 82 27 även
1472 1350 54 32 till
1555 1355 91 27 över-

141 1411 153 38 vägande
320 1410 62 32 den
406 1408 133 39 tanken,
565 1411 60 35 att,
651 1407 74 32 med
749 1407 131 37 hänsyn
906 1405 54 32 till
985 1403 341 38 läkarvetenskapens
1351 1401 96 39 krav,
1472 1401 174 37 undantag

143 1462 78 32 från
247 1461 39 32 de
313 1459 193 38 föreslagna
531 1457 293 33 bestämmelserna
852 1456 108 31 skulle
986 1455 114 31 kunna
1128 1459 98 33 göras
1255 1453 53 31 för
1336 1452 203 38 försäljning
1567 1451 80 32 eller

142 1510 215 34 utlämnande
376 1522 42 20 av
435 1509 61 32 här
514 1508 146 32 avsedda
679 1507 140 32 föremål
839 1507 76 31 från
934 1505 122 39 apotek
1074 1504 87 32 efter
1179 1502 211 39 legitimerad
1409 1502 132 32 läkares
1561 1501 86 32 ordi-

142 1562 126 32 nation.

188 1611 241 39 TLagutskottet
450 1608 197 33 hemställde
669 1608 11 32 i
702 1608 136 38 avgivet
858 1606 184 38 utlåtande,
1065 1617 40 19 nr
1128 1606 51 38 52,
1202 1607 50 29 att
1274 1603 248 39 propositionen
1545 1603 102 31 måtte

143 1675 43 20 av
211 1662 181 37 riksdagen
416 1660 150 38 bifallas,
592 1663 86 28 samt
702 1662 51 28 att
775 1657 140 33 berörda
940 1656 123 32 motion
1089 1655 73 32 icke
1186 1655 102 31 måtte
1314 1654 174 32 föranleda
1513 1653 54 32 till
1592 1653 55 31 nå-

144 1725 66 26 gon
240 1712 198 38 riksdagens
468 1710 132 38 åtgärd.
653 1709 68 32 Till
751 1709 73 32 stöd
855 1708 53 31 för
939 1708 105 31 denna
1074 1705 200 33 hemställan
1305 1704 139 33 anförde
1474 1703 174 39 utskottet,

144 1763 102 32 bland
267 1765 117 29 annat:

189 1821 108 32 »Lika
324 1821 75 31 med
426 1819 243 38 föredragande
698 1817 364 40 departementschefen
1090 1816 61 33 och
1177 1815 74 32 med
1278 1815 131 37 hänsyn
1437 1814 53 32 till
1516 1813 66 32 vad
1608 1825 44 19 av

144 1864 117 32 honom
284 1862 99 33 blivit
404 1863 114 31 anfört
540 1862 112 32 finner
673 1861 165 32 utskottet
859 1872 38 20 en
920 1859 231 38 lagstiftning,
1176 1870 67 19 som
1267 1857 170 38 tydligare
1460 1856 60 32 och
1542 1855 109 33 effek-

144 1906 107 32 tivare
272 1910 41 27 än
335 1905 156 38 gällande
511 1905 58 37 lag
588 1904 127 31 vänder
735 1903 52 38 sig
808 1907 69 28 mot
898 1902 39 32 de
958 1901 291 37 samhällsfarliga
1271 1899 244 36 förhållanden,
1536 1909 115 20 varom

144 1949 62 31 här
228 1953 36 27 är
285 1948 110 37 fråga,
417 1959 82 19 vara
519 1959 42 19 av
582 1946 140 32 behovet
742 1945 172 38 påkallad.

190 1990 75 32 Vad
294 1990 87 31 först
407 1989 107 37 angår
540 1988 179 37 offentligt
743 1986 205 33 utställande
975 1985 81 32 eller
1083 1984 212 32 förevisande
1321 1995 43 20 av
1390 1982 263 37 ifrågavarande

147 2032 141 33 föremål
314 2032 62 31 har
402 2031 155 38 lagrådet
584 2030 198 34 framhållit,
809 2033 52 28 att
887 2029 119 31 sådant
1033 2027 101 32 redan
1161 2026 107 37 enligt
1293 2025 157 38 gällande
1477 2024 58 38 lag
1558 2024 94 32 torde

145 2087 83 19 vara
247 2074 184 32 straffbart
449 2074 11 30 i
479 2073 69 32 alla
565 2073 39 31 de
623 2072 74 38 fall,
718 2072 41 32 då
779 2071 107 32 skada
905 2071 104 31 därav
1027 2070 67 31 kan
1115 2068 202 33 föranledas.
1348 2067 74 32 Men
1444 2072 80 26 även
1545 2078 51 20 om
1617 2066 37 31 så

147 2117 109 32 skulle
279 2128 81 20 vara
383 2115 189 38 händelsen,
598 2114 98 37 lärer,
721 2114 41 31 då
786 2113 121 32 tvekan
930 2113 114 31 härom
1067 2111 74 32 icke
1165 2116 37 26 är
1224 2110 177 37 utesluten,
1426 2112 47 29 ett
1496 2108 157 37 förtydli-

146 2159 109 38 gande
276 2159 11 31 i
308 2158 144 32 nämnda
474 2157 160 32 avseende
655 2156 73 32 icke
749 2156 112 31 kunna
883 2167 94 20 anses
999 2157 103 29 annat
1123 2158 41 27 än
1187 2152 166 38 lämpligt.

192 2200 225 32 Beträffande
447 2199 148 32 därefter
624 2198 156 32 förbudet
810 2201 69 28 mot
907 2196 239 39 ifrågakomna
1176 2194 157 33 föremåls
1364 2193 206 38 utbjudande
1600 2192 54 32 till

148 2243 75 31 salu
247 2254 115 26 genom
388 2240 313 39 tillkännagivande
727 2241 51 31 för
803 2239 221 32 allmänheten
1050 2239 61 30 har
1136 2237 153 37 lagrådet
1316 2235 198 37 framhållit,
1540 2238 51 28 att
1615 2246 41 19 ur

147 2285 224 37 sedlighetens
394 2284 59 31 och
474 2284 60 31 den
555 2282 183 37 offentliga
759 2281 295 36 anständighetens
1077 2278 173 38 synpunkt
1270 2278 53 32 till
1346 2278 72 31 stöd
1440 2278 54 31 för
1514 2277 141 31 detsam-

149 2339 53 19 ma
228 2326 110 32 kunde
364 2326 136 31 anföras
527 2324 116 32 starka
671 2324 84 37 skäl,
781 2323 93 31 vilka
900 2322 168 31 måhända
1093 2320 186 37 övervägde
1305 2320 39 31 de
1371 2319 84 33 skäl,
1482 2330 67 20 som
1578 2319 77 30 från

147 2369 106 31 andra
272 2367 209 38 synpunkter
498 2366 112 31 kunde
629 2365 208 32 framställas
858 2365 157 36 däremot,
1035 2366 88 28 samt
1140 2362 216 32 beträffande
1376 2361 56 31 det
1449 2361 207 36 ifrågasatta

151 2411 156 32 förbudet
332 2409 138 32 rörande
494 2408 242 38 kringförande
762 2407 53 31 till
840 2405 203 39 försäljning
1068 2417 41 18 av
1134 2404 143 31 nämnda
1304 2402 150 35 föremål,
1480 2405 50 28 att
1554 2403 104 35 något

150 2454 149 31 däremot
325 2451 73 32 icke
426 2454 112 34 syntes
563 2461 84 20 vara
673 2453 51 27 att
749 2449 120 30 erinra.
907 2448 50 31 De
984 2447 84 36 skäl,
1097 2458 68 20 som
1194 2446 54 31 det
1274 2445 118 31 oaktat
1416 2444 144 32 bestämt
1585 2443 71 37 lag-

152 2495 94 32 rådet
272 2495 53 30 för
350 2496 51 29 att
425 2492 163 38 avstyrka
615 2492 60 31 den
703 2490 191 37 föreslagna
921 2488 260 38 lagstiftningen
1207 2488 12 30 i
1245 2487 63 32 sist
1332 2486 140 32 berörda
1498 2486 91 32 delar
1614 2505 44 3 —

1674 926 161 31 Proposition

1663 961 41 23 till
1723 958 64 26 1910
1805 959 41 24 års

1698 994 112 30 riksdag.

1675 1044 99 25 Motion
1791 1044 46 24 vid

1690 1076 65 26 1910
1772 1077 41 25 års

1700 1112 109 29 riksdag.

1669 1610 182 30 Lagutskottet

1720 1641 72 26 1910.
