1924 2860
556 162 112 30 Första
691 162 221 34 lagutskottets
933 159 164 30 utlåtande
1120 158 48 29 Nr
1189 161 46 26 11.
1612 155 37 30 15

139 252 54 32 till
211 251 119 33 otukt.”
372 251 101 32 Strax
492 251 124 32 efteråt
634 249 98 33 anför
749 249 66 31 han
834 259 68 21 som
921 247 148 37 exempel
1088 246 42 38 på
1148 246 66 31 vad
1233 246 91 31 detta
1342 244 139 38 uttryck
1499 243 147 37 innebär,

140 298 51 29 att
210 307 39 19 en
268 293 142 39 populär
431 293 113 38 skrift,
566 293 42 32 då
628 303 81 26 nyss
730 291 192 32 utkommen
948 288 74 40 (det
1040 288 134 38 åsyftas
1198 287 152 39 Kinberg
1371 287 59 31 och
1453 285 194 38 Sundquist,

142 337 241 37 Handledning
407 336 11 31 i
443 335 126 33 sexuell
596 333 242 38 undervisning
863 332 60 32 och
949 329 234 40 uppfostran),
1211 330 12 32 i
1248 329 114 32 vilken
1390 329 38 32 de
1455 327 193 40 preventiva

140 379 145 33 medlens
309 377 339 39 antikonceptionella
670 376 126 32 verkan
820 375 144 38 anföres,
990 373 73 33 icke
1087 385 41 20 ur
1149 385 45 20 nu
1217 371 143 33 nämnda
1386 369 173 40 synpunkt
1580 369 68 32 kan

141 433 95 21 anses
258 421 169 37 brottslig.

186 463 56 32 Av
267 475 44 20 nu
332 462 142 32 anförda
497 461 190 39 yttranden,
711 460 108 33 fällda
843 472 42 20 av
908 458 290 39 preventivlagens
1222 456 229 39 upphovsman
1476 455 60 32 och
1562 455 86 32 dess-

142 509 90 28 utom
257 518 42 19 av
322 517 39 20 en
385 517 41 19 av
450 505 73 32 dess
547 504 163 38 ivrigaste
736 502 232 38 förespråkare
993 502 12 31 i
1031 500 189 38 riksdagen,
1246 499 153 38 framgår
1423 497 151 38 sålunda,
1600 500 51 28 att

144 549 104 32 denna
266 548 58 38 lag
342 547 29 38 ej
390 547 163 38 stämplar
571 547 108 32 såsom
697 546 188 37 brottsligt:

188 602 51 20 om
259 603 39 19 en
316 590 115 32 läkare
452 589 186 32 anbefaller
656 588 121 32 bruket
796 599 42 20 av
858 586 193 39 preventiva
1072 585 103 32 medel
1196 584 123 33 enskilt
1341 583 80 33 eller

187 645 51 19 om
261 644 125 20 samma
408 631 233 32 anbefallande
662 630 77 33 sker
757 631 11 31 i
787 642 38 20 en
846 628 175 38 allvarligt
1042 628 59 32 och
1121 627 229 37 vederhäftigt
1371 624 157 33 avfattad
1550 634 100 28 popu-

143 675 52 32 lär
211 675 116 32 skrift.

189 717 77 32 Hur
281 716 68 32 kan
368 716 90 32 detta
478 715 210 33 förhållande
706 714 139 33 inverka
862 715 43 37 på
924 714 62 32 den
1004 725 41 20 av
1063 713 38 32 de
1119 711 214 33 sakkunniga
1351 710 12 31 i
1382 710 54 32 det
1453 707 198 39 föregående

146 759 192 38 föreslagna
363 756 502 40 upplysningsverksamheten?

190 801 100 32 Först
309 801 54 31 må
384 800 40 32 då
446 800 208 37 framhållas,
676 803 52 28 att
748 800 53 31 det
820 798 105 38 enligt
944 798 69 31 min
1033 796 133 38 mening
1187 801 37 27 är
1244 794 188 39 självklart,
1454 796 50 29 att
1525 792 54 32 det
1598 803 54 20 en-

145 842 75 33 dast
241 845 38 29 är
300 844 12 30 i
335 842 70 33 ”den
426 843 159 37 fortsatta
605 839 490 41 upplysningsverksamheten
1119 840 53 37 för
1193 849 113 21 vuxna
1327 846 163 29 personer,
1514 846 68 20 som
1605 836 48 29 ett

145 885 239 32 omnämnande
405 896 41 20 av
467 884 60 32 den
547 884 192 39 personliga
760 883 203 39 profylaxen
982 882 68 32 kan
1071 881 120 33 tänkas
1214 885 64 33 äga
1300 891 81 20 rum.
1425 878 63 32 Ett
1509 875 143 34 ordande

145 939 51 20 om
217 928 191 31 densamma
429 927 52 31 för
501 927 186 38 ungdomen
708 938 99 20 anser
825 926 58 37 jag
903 937 80 20 vara
1006 925 36 32 så
1063 924 206 37 omotiverat,
1290 925 51 29 att
1362 921 54 32 det
1436 920 30 38 ej
1488 922 101 29 annat
1612 923 42 27 än

146 971 10 31 i
179 969 154 33 enskilda
357 969 255 38 undantagsfall
635 990 45 4 —
701 968 225 39 individuellt,
950 971 25 29 t.
1000 979 50 20 ex.
1074 967 51 31 för
1150 965 242 38 skeppsgossar
1414 983 45 4 —
1480 961 67 32 kan
1572 971 80 21 vara

147 1011 165 39 påkallat.

191 1053 51 32 De
261 1053 146 32 avsedda
428 1053 409 38 sexualföreläsningarna
858 1058 56 27 äro
934 1052 37 38 ju
990 1052 86 32 blott
1094 1050 106 33 medel
1219 1050 11 31 i
1251 1048 125 33 striden
1395 1050 68 28 mot
1480 1043 177 39 könssjuk-

149 1095 159 33 domarna
332 1095 60 33 och
414 1095 86 32 hava
524 1095 103 33 alltså
649 1100 47 28 ett
719 1095 143 32 allmänt
884 1093 250 40 profylaktiskt
1157 1092 104 38 syfte.
1294 1091 51 32 De
1368 1101 76 20 avse
1467 1092 53 28 att
1542 1086 115 39 sprida

147 1138 157 38 kunskap
332 1149 50 20 om
410 1138 95 32 dessa
532 1137 210 39 sjukdomars
768 1141 101 28 natur
894 1137 60 33 och
981 1135 164 38 farlighet
1170 1135 60 31 och
1257 1133 192 38 därigenom
1473 1130 104 32 verka
1601 1141 56 20 av-

150 1180 210 33 skräckande
383 1181 43 37 på
451 1180 173 38 åhörarna,
651 1185 83 27 även
761 1192 49 20 om
838 1180 11 31 i
876 1180 72 31 dem
975 1178 108 32 skulle
1109 1178 80 36 ingå
1215 1179 47 29 ett
1288 1173 238 34 omnämnande
1551 1184 42 20 av
1619 1171 39 32 de

149 1223 54 32 till
226 1223 85 32 buds
337 1222 134 33 stående
496 1222 269 38 skyddsmedlen.
801 1222 106 32 Deras
931 1220 165 33 karaktär
1118 1220 107 31 måste
1249 1218 102 32 alltså
1372 1228 82 20 vara
1477 1217 181 30 motsatsen

149 1265 55 32 till
231 1268 95 29 arten
354 1277 41 19 av
422 1265 126 32 sådana
576 1264 168 39 föredrag,
774 1276 69 20 som
869 1263 114 32 kunna
1010 1262 150 32 medföra
1188 1260 136 33 ”allmän
1352 1259 75 31 fara
1455 1258 55 32 för
1535 1256 123 33 andras

150 1308 179 32 förförelse
347 1307 54 32 till
420 1307 117 32 otukt.
567 1307 67 32 Det
653 1319 98 26 synes
771 1306 71 38 mig
861 1306 116 32 därför
996 1306 52 31 stå
1066 1304 11 32 i
1098 1304 64 39 god
1182 1300 326 35 överensstämmelse
1526 1299 74 32 med
1620 1298 39 32 de

150 1362 84 20 ovan
260 1350 143 32 anförda
427 1349 297 40 lagtolkningarna
749 1352 52 29 att
824 1349 11 31 i
862 1348 60 32 den
948 1347 182 37 offentliga
1156 1343 399 37 sexualundervisningen
1578 1344 82 29 utan

153 1395 118 31 hinder
291 1405 42 20 av
355 1393 222 38 strafflagens
598 1392 251 32 bestämmelser
870 1392 36 31 få
928 1395 173 27 omnämna
1124 1388 116 32 ”medel
1262 1399 68 20 som
1354 1387 50 31 stå
1425 1386 54 32 till
1500 1385 84 32 buds
1607 1384 54 31 för

151 1439 51 29 att
224 1435 122 32 hindra
369 1435 131 32 smittas
525 1434 240 37 överförande',
789 1434 12 31 i
826 1433 97 32 dessa
947 1432 75 32 ords
1046 1430 263 33 vidsträcktaste
1332 1427 216 34 bemärkelse.

196 1478 72 32 Mot
294 1489 39 20 en
361 1477 102 31 sådan
489 1476 154 38 tolkning
669 1488 43 19 av
739 1474 285 39 preventivlagen,
1051 1473 58 38 jag
1134 1484 45 20 nu
1205 1472 123 36 anfört,
1354 1470 113 32 kunna
1494 1467 166 33 måhända

151 1519 211 39 berättigade
382 1518 247 38 invändningar
647 1523 111 33 göras.
791 1518 75 31 Men
887 1528 51 20 om
959 1515 206 38 lagligheten
1186 1526 42 20 av
1249 1517 51 28 att
1320 1513 12 31 i
1351 1512 175 37 allvarligt
1547 1510 114 32 hållna

151 1562 166 39 populära
337 1561 140 32 skrifter
495 1561 59 32 och
573 1560 158 38 flygblad
751 1564 175 27 omnämna
944 1557 249 39 preservativen
1212 1556 100 32 borde
1331 1553 263 40 uppenbarligen
1613 1552 48 32 in-

152 1609 49 29 tet
219 1604 104 33 tvivel
344 1604 89 37 råda,
454 1603 73 32 med
546 1604 130 37 hänsyn
696 1602 54 32 till
769 1602 66 32 vad
853 1602 12 31 i
886 1601 178 37 riksdagen
1087 1599 156 32 anfördes
1264 1610 51 20 om
1336 1597 61 32 den
1416 1608 81 26 nyss
1517 1594 145 33 nämnda

153 1647 164 39 populära
341 1646 154 38 skriften,
519 1646 36 32 så
578 1645 135 38 mycket
735 1656 90 20 mera
849 1655 68 21 som
940 1643 12 32 i
976 1643 39 31 de
1037 1641 178 39 planerade
1240 1640 183 32 skrifterna
1446 1639 85 31 intet
1553 1632 109 48 skulle

154 1690 206 33 förekomma
386 1700 51 20 om
462 1688 94 32 deras
582 1686 339 39 antikonceptionella
946 1684 126 33 verkan
1097 1687 81 29 utan
1205 1683 118 32 endast
1346 1693 51 21 om
1424 1681 95 32 deras
1545 1679 116 39 profy-

153 1732 162 44 laktiska.
361 1751 21 3 —
420 1750 28 4 —
483 1750 31 3 —
546 1749 34 4 —
609 1749 37 3 —

195 1776 54 31 Är
280 1773 67 33 vad
379 1773 58 38 jag
470 1785 45 19 nu
549 1772 75 32 sökt
655 1771 182 39 klarlägga
872 1769 131 38 riktigt,
1038 1768 105 32 strida
1167 1768 38 32 de
1227 1766 88 33 båda
1338 1766 140 38 lagarna
1500 1764 73 33 icke
1595 1766 69 30 mot

153 1817 179 32 varandra.
365 1815 168 33 Måhända
553 1814 99 32 borde
674 1814 83 32 dock
779 1814 77 31 från
875 1811 212 43 vederbörlig
1105 1809 146 39 juridisk
1272 1808 197 39 myndighet
1491 1807 97 32 sökas
1609 1807 53 31 be-

151 1859 166 32 kräftelse
335 1859 43 37 på
397 1870 43 19 nu
458 1857 54 32 till
532 1869 96 26 synes
647 1856 122 31 komna
788 1854 235 39 uppfattning.
1065 1850 51 35 Är
1136 1853 60 31 den
1218 1852 148 31 däremot
1387 1850 136 37 oriktig,
1542 1848 121 32 kräves

155 1902 104 32 sådan
283 1901 143 37 ändring
449 1912 41 19 av
515 1900 40 31 18
576 1899 80 38 kap.
681 1899 40 31 13
746 1899 18 37 8
788 1897 217 37 strafflagen,
1029 1899 51 28 att
1103 1895 124 31 striden
1250 1897 69 28 mot
1340 1892 323 38 könssjukdomarna

155 1944 30 38 ej
205 1944 136 32 berövas
362 1946 47 28 ett
427 1954 42 20 av
488 1942 72 32 sina
579 1941 208 37 kraftigaste
805 1951 107 26 vapen
930 1959 44 3 —
993 1937 124 32 allmän
1137 1935 218 39 propaganda
1377 1935 53 31 för
1451 1935 60 31 den
1532 1945 131 26 person-

157 1988 70 36 liga
251 1985 214 40 profylaxen.
513 1984 65 31 För
603 1983 89 31 visso
718 1982 99 31 borde
844 1993 37 19 en
909 1980 104 31 sådan
1040 1979 220 36 formulering
1286 1977 112 31 kunna
1424 1976 163 34 utfinnas,
1615 1978 50 28 att

157 2029 77 32 från
259 2028 116 37 lagens
399 2025 249 33 bestämmelser
670 2024 209 37 undantoges
905 2023 60 31 den
991 2022 106 36 enligt
1121 2022 38 31 27
1187 2020 18 38 $
1230 2021 11 30 i
1266 2018 232 33 förutberörda
1522 2017 57 38 lag
1602 2017 62 32 den

158 2073 40 30 20
228 2071 64 38 juli
323 2070 84 31 1918
437 2067 199 38 anordnade,
666 2079 41 20 av
738 2069 109 29 staten
875 2063 246 33 kontrollerade
1152 2063 161 31 fortsatta
1341 2058 323 40 upplysningsverk-

158 2113 180 33 samheten.
377 2111 116 32 Denna
519 2109 146 32 kontroll
693 2108 138 32 innebär
858 2106 144 39 givetvis
1031 2118 38 19 en
1098 2104 133 39 garanti
1260 2104 53 31 för
1340 2107 50 28 att
1418 2102 247 37 föreläsningar

158 2156 59 31 och
238 2154 141 33 skrifter
398 2153 131 31 komma
550 2155 50 29 att
619 2149 253 34 tillfredsställa
893 2149 61 32 den
975 2148 168 32 allmänna
1164 2146 164 32 moralens
1351 2145 194 37 fordringar
1564 2145 11 30 i
1597 2144 67 32 det-

155 2201 35 28 ta
207 2196 217 33 hänseende.»

205 2280 145 36 Förslag
374 2278 53 32 till
452 2277 142 37 ändring
617 2276 81 32 eller
721 2274 223 38 upphävande
969 2285 42 19 av
1036 2272 271 38 preventivlagen
1332 2271 85 31 hava
1442 2270 145 38 tidigare
1611 2268 56 32 vid
1712 2271 134 39 Tidigare

161 2329 177 37 åtskilliga
361 2327 159 33 tillfällen
542 2326 89 31 varit
653 2325 140 32 föremål
818 2324 52 31 för
893 2322 277 32 statsmakternas
1194 2322 174 37 prövning.
1688 2301 135 74 förslag”
1832 2313 37 50 be-

208 2379 150 33 Sålunda
380 2376 195 33 hemställde
597 2376 11 30 i
631 2388 37 19 en
691 2375 56 31 vid
770 2375 86 30 1922
879 2374 54 30 års
957 2372 139 36 riksdag
1118 2372 86 30 inom
1228 2371 105 31 andra
1354 2370 191 31 kammaren
1568 2369 101 32 väckt
1708 2366 148 43 träffande

163 2431 134 36 motion,
320 2440 39 20 nr
382 2429 72 35 141,
477 2427 75 31 herr
573 2425 170 37 Engberg,
767 2427 49 28 att
840 2423 178 37 riksdagen
1042 2422 101 30 måtte
1166 2421 129 31 besluta
1319 2420 221 37 upphävande
1563 2432 42 19 av
1629 2420 39 30 18
1696 2406 159 32 preventiv-

336 2480 5 8 ,
1734 2439 90 32 lagen.

161 2482 78 37 kap.
262 2482 40 30 13
326 2479 17 37 $
365 2480 17 30 2
404 2489 96 20 mom.
522 2475 217 37 strafflagen.
1717 2490 64 24 1929
1800 2491 40 23 ärs

1726 2524 110 30 riksdag.
