1912 2812
348 173 110 27 Första
482 172 200 27 kammarens
703 168 104 40 första
831 172 156 34 tillfälliga
1008 171 134 27 utskotts
1166 170 158 28 utlåtande
1348 179 36 18 nr
1408 170 24 27 7.
1619 170 18 29 3

189 254 258 31 Samverkande
469 253 389 40 bildningsförbundens
878 253 142 39 styrelse
1040 252 247 39 understryker
1307 252 199 38 betydelsen
1527 261 42 21 av
1590 252 45 28 att

147 308 288 39 förutsättningar
463 308 126 38 skapas
620 308 55 30 för
704 307 226 31 akademiska
961 307 130 30 studier
1121 306 147 30 rörande
1299 306 41 30 de
1372 305 146 31 svenska
1550 304 86 31 folk-

147 362 208 31 rörelsernas
382 361 297 39 förutsättningar,
706 362 100 29 deras
831 360 145 31 historia
1001 360 65 30 och
1092 360 146 30 insatser
1263 359 10 30 i
1300 358 248 31 samhällslivet
1573 358 62 30 och

147 414 203 32 framhåller
373 415 118 30 vikten
514 425 42 20 av
579 417 49 28 att
650 414 11 30 i
685 424 42 21 en
750 414 212 30 kommande
986 413 185 39 utredning
1194 413 213 30 undersökes
1431 412 10 30 i
1466 412 65 30 vad
1555 411 80 31 mån

146 469 66 30 den
233 468 339 40 forskningsuppgift
591 468 258 30 motionärerna
868 468 46 30 ha
934 467 10 30 i
966 467 87 31 sikte
1074 467 69 30 kan
1163 465 81 40 ingå
1265 467 10 29 i
1296 467 117 29 ämnet
1433 465 172 39 sociologi,
1627 465 10 29 i

146 523 104 30 vilket
270 532 42 21 en
333 523 141 30 lärostol
494 522 63 30 bör
577 523 190 37 upprättas.

192 575 395 39 Landsorganisationen
609 576 10 29 i
639 575 136 39 Sverige
795 583 110 27 anser,
926 577 49 28 att
995 574 268 30 folkrörelserna
1284 573 64 31 och
1370 573 160 30 modernt
1550 581 86 22 sam-

146 630 137 30 hällsliv
310 630 10 29 i
348 629 112 39 övrigt
487 630 122 38 utgöra
636 631 47 28 ett
711 629 175 30 fruktbart
914 627 276 40 forskningsfält,
1221 637 74 20 som
1324 627 70 30 kan
1421 627 99 39 sägas
1548 626 89 39 ligga

146 683 110 30 under
277 683 236 38 vetenskaplig
534 683 171 34 vanhävd,
728 682 64 30 och
815 680 212 37 framhåller,
1051 684 49 27 att
1122 691 41 20 en
1184 681 201 38 utbyggnad
1407 690 42 20 av
1470 681 66 29 den
1557 680 80 30 aka-

145 736 156 32 demiska
324 736 279 39 organisationen
625 736 78 30 med
726 735 160 39 speciella
907 735 181 30 lärostolar
1116 735 1 30 i
1142 735 146 29 modern
1310 733 328 38 samhällskunskap

146 789 165 31 framstår
334 800 74 20 som
432 791 66 29 den
521 790 180 30 rationella
725 789 182 39 lösningen
930 798 42 21 av
996 789 201 38 problemet.
1235 786 402 40 Forskningsuppgifter-

147 853 61 21 nas
228 844 211 38 omfattning
457 844 65 30 och
540 844 174 38 betydelse
733 844 118 34 kräva,
871 845 50 28 att
940 843 42 30 de
1001 841 256 32 sammanföras
1277 841 111 30 under
1409 850 42 21 en
1470 850 47 30 ny
1537 840 99 39 själv-

147 897 135 39 ständig
306 897 170 38 disciplin.
512 896 398 39 Landsorganisationen
934 896 188 38 tillstyrker
1145 895 109 39 livligt
1278 896 67 29 den
1368 894 195 39 föreslagna
1587 896 50 28 ut-

147 951 199 39 redningen,
373 960 74 21 som
473 960 100 29 synes
598 951 153 30 närmast
775 950 86 30 böra
886 948 41 40 gå
951 952 38 27 ut
1012 948 45 40 på
1080 951 49 28 att
1154 948 171 31 fastställa
1350 946 286 36 ämnesområdet,

146 1004 119 30 varvid
286 1014 43 20 en
350 1004 130 30 central
501 1004 163 38 ställning
683 1004 63 30 bör
766 1003 195 30 tillkomma
982 1002 286 31 folkrörelsernas
1288 1001 154 36 historia,
1465 1001 172 39 organisa-

147 1058 241 30 tionsväsende
406 1058 64 29 och
489 1057 229 31 verksamhet.

190 1110 155 39 Sveriges
365 1110 350 39 nykterhetsvänners
737 1109 256 38 landsförbund
1014 1109 159 31 förordar
1193 1117 43 22 en
1257 1108 319 39 sammanslagning
1597 1116 42 21 av

147 1164 333 39 socialpsykologien
501 1164 65 30 och
589 1164 66 30 den
677 1164 177 30 allmänna
879 1163 207 39 sociologien
1110 1163 50 30 till
1182 1165 46 28 ett
1252 1162 241 39 självständigt
1514 1162 124 30 akade-

146 1217 104 30 miskt
270 1217 167 31 lärofack.
459 1217 194 39 Forskning
672 1218 64 29 och
757 1216 250 40 undervisning
1024 1215 45 40 på
1089 1215 267 40 ifrågavarande
1375 1214 142 32 område
1536 1224 102 30 synas

148 1271 188 30 emellertid
355 1271 76 30 icke
449 1271 119 30 kunna
586 1271 71 30 helt
675 1271 197 39 tillgodoses
892 1278 123 31 genom
1034 1280 42 20 en
1097 1270 94 39 dylik
1212 1269 223 39 omläggning
1454 1279 41 20 av
1515 1270 41 29 de
1574 1268 64 30 hit-

148 1324 222 31 tillsvarande
392 1324 224 31 akademiska
639 1324 238 30 lärostolarna.
902 1323 63 31 Det
988 1324 97 30 torde
1108 1333 81 21 vara
1211 1323 227 38 erforderligt,
1462 1325 49 28 att
1533 1332 43 21 en
1595 1321 44 39 på

147 1378 333 38 alkoholproblemet
507 1378 138 30 särskilt
671 1378 153 30 inriktad
851 1377 183 39 forskning
1061 1378 176 29 dessutom
1265 1377 158 29 kommer
1449 1376 51 30 till
1528 1374 110 32 stånd.

149 1431 73 30 Den
251 1431 55 30 för
334 1431 268 30 folkrörelserna
631 1431 243 39 angelägnaste
904 1430 385 39 forskningsuppgiften
1319 1430 39 29 är
1386 1439 43 20 en
1458 1429 181 38 forskning

148 1484 111 31 direkt
279 1485 81 30 eller
380 1484 150 30 indirekt
550 1483 45 39 på
616 1486 48 28 att
683 1484 188 39 blottlägga
892 1484 188 30 orsakerna
1101 1483 49 30 till
1172 1483 123 30 armod
1317 1483 65 30 och
1404 1482 234 34 arbetslöshet,

148 1538 241 38 dryckenskap
415 1537 65 30 och
505 1537 85 39 krig.
629 1536 64 31 Vid
719 1537 100 30 sidan
844 1547 42 20 av
912 1537 98 30 dessa
1037 1535 378 40 forskningsuppgifter
1439 1534 109 32 måste
1574 1536 66 29 den

148 1591 228 39 sociologiska
404 1590 304 39 undersökningen
734 1600 43 20 av
806 1590 228 30 folkrörelsen
1062 1599 74 21 som
1166 1589 200 39 särpräglad
1396 1588 104 31 social
1530 1597 109 30 grupp

148 1661 44 3 —
215 1644 67 30 hur
306 1644 138 39 mycket
470 1653 41 21 av
536 1644 143 30 intresse
704 1645 67 29 den
794 1644 11 29 i
829 1644 65 30 och
920 1643 55 30 för
1000 1644 51 38 sig
1075 1644 70 29 kan
1170 1643 145 38 erbjuda
1340 1660 43 3 —
1407 1641 52 31 stå
1485 1642 153 30 tillbaka.

149 1697 116 30 Under
289 1697 209 39 hänvisning
523 1697 50 30 till
598 1697 148 31 anförda
773 1697 216 39 synpunkter
1014 1697 187 38 tillstyrker
1228 1695 290 31 landsförbundet
1541 1695 98 31 bifall

148 1751 49 29 till
220 1751 187 30 motionen.

191 1859 172 30 Utskottet
387 1859 217 30 konstaterar
627 1861 48 28 att
699 1859 42 29 de
765 1858 147 39 avgivna
937 1858 206 38 yttrandena
1168 1857 60 30 äro
1253 1856 260 39 samstämmiga
1536 1856 11 29 i
1573 1856 65 29 den

147 1913 277 38 uppfattningen,
453 1915 49 27 att
527 1912 96 29 inom
651 1911 203 30 nuvarande
880 1910 455 39 universitetsorganisation
1362 1909 198 38 tillräckligt
1587 1911 50 27 ut-

146 1975 134 29 rymme
301 1966 127 30 saknas
450 1965 54 30 för
524 1964 236 39 vetenskaplig
780 1964 184 38 forskning
983 1963 65 30 och
1069 1962 249 39 undervisning
1338 1963 147 29 rörande
1506 1963 41 29 de
1567 1971 70 20 mo-

147 2020 106 29 derna
274 2019 268 30 folkrörelserna
562 2018 65 30 och
648 2017 380 38 socialvetenskaperna
1048 2016 212 30 överhuvud.
1294 2015 52 30 En
1366 2015 164 39 tämligen
1551 2024 86 21 sam-

148 2072 161 38 stämmig
331 2071 224 39 uppfattning
577 2071 182 39 föreligger
782 2069 106 31 också
910 2070 121 30 därom
1055 2072 50 28 att
1127 2070 66 29 den
1216 2068 226 31 akademiska
1466 2068 172 30 forsknin-

148 2133 63 31 gen
236 2126 65 29 och
325 2124 293 39 undervisningen
641 2123 44 39 på
709 2125 98 29 dessa
832 2122 167 32 områden
1023 2123 111 30 skulle
1158 2122 194 31 stimuleras
1378 2130 122 31 genom
1525 2124 48 27 att
1598 2130 41 21 en

148 2179 81 29 eller
247 2178 86 31 flera
351 2178 181 30 lärostolar
550 2177 9 30 i
577 2178 116 29 ämnet
710 2177 162 38 sociologi
891 2176 198 30 inrättades.
1111 2175 279 30 Folkrörelserna
1409 2175 111 29 skulle
1539 2174 99 39 själv-

149 2231 95 30 fallet
262 2232 142 29 komma
422 2233 48 28 att
488 2230 94 30 inom
602 2231 91 29 detta
711 2228 265 31 ämnesområde
994 2228 36 31 få
1048 2229 55 29 det
1122 2231 173 35 utrymme
1315 2237 74 21 som
1407 2228 79 29 med
1503 2228 136 37 hänsyn

149 2284 49 29 till
223 2284 99 29 deras
348 2286 90 27 stora
464 2283 173 38 betydelse
661 2283 211 29 tillkommer
897 2282 88 29 dem.
1023 2281 72 30 Mot
1121 2281 129 29 tanken
1275 2279 45 40 på
1346 2283 48 27 att
1419 2280 126 30 inrätta
1571 2281 68 29 sär-

149 2336 111 30 skilda
287 2336 225 30 akademiska
539 2335 329 38 lärarbefattningar
894 2335 121 29 enbart
1043 2334 56 30 för
1126 2333 286 31 folkrörelsernas
1440 2333 199 37 vetenskap-

149 2389 67 38 liga
235 2389 229 30 utforskande
483 2388 64 30 och
568 2388 54 30 för
641 2388 248 38 undervisning
909 2387 147 30 rörande
1075 2387 99 29 dessa
1194 2386 45 30 ha
1259 2386 156 29 däremot
1435 2385 204 30 invändnin-

150 2450 59 31 gar
231 2445 94 27 rests.

195 2495 66 30 För
283 2495 52 29 sin
359 2495 51 29 del
437 2495 113 29 finner
574 2494 163 30 utskottet
761 2494 8 29 i
794 2494 108 29 likhet
926 2494 77 29 med
1026 2492 257 31 motionärerna
1307 2492 64 29 och
1395 2492 41 30 de
1460 2492 107 29 hörda
1591 2491 49 29 in-

1675 1855 147 25 Utskottet.
