<?xml version="1.0" encoding="UTF-8"?>
<alto xmlns="http://www.loc.gov/standards/alto/ns-v3#" xmlns:xlink="http://www.w3.org/1999/xlink" xmlns:xsi="http://www.w3.org/2001/XMLSchema-instance" xsi:schemaLocation="http://www.loc.gov/standards/alto/ns-v3# http://www.loc.gov/alto/v3/alto-3-0.xsd">
	<Description>
		<MeasurementUnit>pixel</MeasurementUnit>
		<sourceImageInformation>
			<fileName>/tmp/tess_z4u1ox_g_input.PNG</fileName>
		</sourceImageInformation>
		<OCRProcessing ID="OCR_0">
			<ocrProcessingStep>
				<processingSoftware>
					<softwareName>tesseract 5.3.0</softwareName>
				</processingSoftware>
			</ocrProcessingStep>
		</OCRProcessing>
	</Description>
	<Layout>
		<Page WIDTH="2187" HEIGHT="2721" PHYSICAL_IMG_NR="0" ID="page_0">
			<PrintSpace HPOS="0" VPOS="0" WIDTH="2187" HEIGHT="2721">
				<ComposedBlock ID="cblock_0" HPOS="425" VPOS="206" WIDTH="1090" HEIGHT="39">
					<TextBlock ID="block_0" HPOS="425" VPOS="206" WIDTH="1090" HEIGHT="39">
						<TextLine ID="line_0" HPOS="425" VPOS="206" WIDTH="1090" HEIGHT="39">
							<String ID="string_0" HPOS="425" VPOS="206" WIDTH="39" HEIGHT="31" WC="0.96" CONTENT="18"/><SP WIDTH="353" VPOS="206" HPOS="464"/>
							<String ID="string_1" HPOS="817" VPOS="208" WIDTH="128" HEIGHT="32" WC="0.90" CONTENT="Bunko-"/><SP WIDTH="9" VPOS="208" HPOS="945"/>
							<String ID="string_2" HPOS="954" VPOS="209" WIDTH="167" HEIGHT="33" WC="0.95" CONTENT="Utskottets"/><SP WIDTH="23" VPOS="209" HPOS="1121"/>
							<String ID="string_3" HPOS="1144" VPOS="211" WIDTH="212" HEIGHT="33" WC="0.95" CONTENT="Betänkande"/><SP WIDTH="22" VPOS="211" HPOS="1356"/>
							<String ID="string_4" HPOS="1378" VPOS="212" WIDTH="63" HEIGHT="32" WC="0.94" CONTENT="N:o"/><SP WIDTH="23" VPOS="212" HPOS="1441"/>
							<String ID="string_5" HPOS="1464" VPOS="214" WIDTH="51" HEIGHT="31" WC="0.96" CONTENT="19."/>
						</TextLine>
					</TextBlock>
				</ComposedBlock>
				<ComposedBlock ID="cblock_1" HPOS="1036" VPOS="605" WIDTH="280" HEIGHT="40">
					<TextBlock ID="block_1" HPOS="1036" VPOS="605" WIDTH="280" HEIGHT="40">
						<TextLine ID="line_1" HPOS="1036" VPOS="605" WIDTH="280" HEIGHT="40">
							<String ID="string_6" HPOS="1036" VPOS="605" WIDTH="280" HEIGHT="40" WC="0.90" CONTENT="Reservationer:"/>
						</TextLine>
					</TextBlock>
				</ComposedBlock>
				<ComposedBlock ID="cblock_2" HPOS="374" VPOS="758" WIDTH="1604" HEIGHT="316">
					<TextBlock ID="block_2" HPOS="374" VPOS="758" WIDTH="1604" HEIGHT="316">
						<TextLine ID="line_2" HPOS="479" VPOS="758" WIDTH="1498" HEIGHT="46">
							<String ID="string_7" HPOS="479" VPOS="760" WIDTH="39" HEIGHT="33" WC="0.96" CONTENT="af"/><SP WIDTH="23" VPOS="760" HPOS="518"/>
							<String ID="string_8" HPOS="541" VPOS="760" WIDTH="93" HEIGHT="34" WC="0.93" CONTENT="Herr"/><SP WIDTH="34" VPOS="760" HPOS="634"/>
							<String ID="string_9" HPOS="668" VPOS="758" WIDTH="41" HEIGHT="37" WC="0.66" CONTENT="G."/><SP WIDTH="37" VPOS="758" HPOS="709"/>
							<String ID="string_10" HPOS="746" VPOS="759" WIDTH="161" HEIGHT="45" WC="0.96" CONTENT="Jonsson,"/><SP WIDTH="45" VPOS="759" HPOS="907"/>
							<String ID="string_11" HPOS="952" VPOS="763" WIDTH="76" HEIGHT="33" WC="0.96" CONTENT="med"/><SP WIDTH="41" VPOS="763" HPOS="1028"/>
							<String ID="string_12" HPOS="1069" VPOS="762" WIDTH="144" HEIGHT="36" WC="0.96" CONTENT="hvilken"/><SP WIDTH="38" VPOS="762" HPOS="1213"/>
							<String ID="string_13" HPOS="1251" VPOS="764" WIDTH="93" HEIGHT="34" WC="0.93" CONTENT="Herr"/><SP WIDTH="37" VPOS="764" HPOS="1344"/>
							<String ID="string_14" HPOS="1381" VPOS="762" WIDTH="195" HEIGHT="36" WC="0.48" CONTENT="Gumelius"/><SP WIDTH="41" VPOS="762" HPOS="1576"/>
							<String ID="string_15" HPOS="1617" VPOS="766" WIDTH="185" HEIGHT="34" WC="0.96" CONTENT="instämde:"/><SP WIDTH="51" VPOS="766" HPOS="1802"/>
							<String ID="string_16" HPOS="1853" VPOS="767" WIDTH="124" HEIGHT="35" WC="0.76" CONTENT="&quot;Emot"/>
						</TextLine>
						<TextLine ID="line_3" HPOS="377" VPOS="808" WIDTH="1599" HEIGHT="57">
							<String ID="string_17" HPOS="377" VPOS="808" WIDTH="197" HEIGHT="38" WC="0.94" CONTENT="Utskottets"/><SP WIDTH="40" VPOS="808" HPOS="574"/>
							<String ID="string_18" HPOS="614" VPOS="811" WIDTH="131" HEIGHT="36" WC="0.94" CONTENT="fattade"/><SP WIDTH="30" VPOS="811" HPOS="745"/>
							<String ID="string_19" HPOS="775" VPOS="812" WIDTH="114" HEIGHT="36" WC="0.96" CONTENT="beslut"/><SP WIDTH="28" VPOS="812" HPOS="889"/>
							<String ID="string_20" HPOS="917" VPOS="813" WIDTH="179" HEIGHT="47" WC="0.93" CONTENT="angående"/><SP WIDTH="30" VPOS="813" HPOS="1096"/>
							<String ID="string_21" HPOS="1126" VPOS="815" WIDTH="352" HEIGHT="37" WC="0.91" CONTENT="en-kronesedlarnes"/><SP WIDTH="27" VPOS="815" HPOS="1478"/>
							<String ID="string_22" HPOS="1505" VPOS="816" WIDTH="215" HEIGHT="48" WC="0.96" CONTENT="indragning"/><SP WIDTH="28" VPOS="816" HPOS="1720"/>
							<String ID="string_23" HPOS="1748" VPOS="816" WIDTH="53" HEIGHT="36" WC="0.96" CONTENT="får"/><SP WIDTH="23" VPOS="816" HPOS="1801"/>
							<String ID="string_24" HPOS="1824" VPOS="817" WIDTH="64" HEIGHT="48" WC="0.91" CONTENT="jag"/><SP WIDTH="28" VPOS="817" HPOS="1888"/>
							<String ID="string_25" HPOS="1916" VPOS="830" WIDTH="60" HEIGHT="24" WC="0.91" CONTENT="an-"/>
						</TextLine>
						<TextLine ID="line_4" HPOS="374" VPOS="862" WIDTH="1602" HEIGHT="55">
							<String ID="string_26" HPOS="374" VPOS="862" WIDTH="76" HEIGHT="35" WC="0.96" CONTENT="föra"/><SP WIDTH="40" VPOS="862" HPOS="450"/>
							<String ID="string_27" HPOS="490" VPOS="864" WIDTH="225" HEIGHT="45" WC="0.93" CONTENT="reservation,"/><SP WIDTH="40" VPOS="864" HPOS="715"/>
							<String ID="string_28" HPOS="755" VPOS="864" WIDTH="226" HEIGHT="37" WC="0.92" CONTENT="vidhållande"/><SP WIDTH="42" VPOS="864" HPOS="981"/>
							<String ID="string_29" HPOS="1023" VPOS="867" WIDTH="66" HEIGHT="34" WC="0.88" CONTENT="den"/><SP WIDTH="42" VPOS="867" HPOS="1089"/>
							<String ID="string_30" HPOS="1131" VPOS="867" WIDTH="38" HEIGHT="35" WC="0.96" CONTENT="af"/><SP WIDTH="36" VPOS="867" HPOS="1169"/>
							<String ID="string_31" HPOS="1205" VPOS="868" WIDTH="71" HEIGHT="46" WC="0.96" CONTENT="mig"/><SP WIDTH="41" VPOS="868" HPOS="1276"/>
							<String ID="string_32" HPOS="1317" VPOS="868" WIDTH="95" HEIGHT="35" WC="0.94" CONTENT="inom"/><SP WIDTH="36" VPOS="868" HPOS="1412"/>
							<String ID="string_33" HPOS="1448" VPOS="868" WIDTH="180" HEIGHT="36" WC="0.94" CONTENT="Utskottet"/><SP WIDTH="27" VPOS="868" HPOS="1628"/>
							<String ID="string_34" HPOS="1655" VPOS="870" WIDTH="139" HEIGHT="47" WC="0.96" CONTENT="yttrade"/><SP WIDTH="29" VPOS="870" HPOS="1794"/>
							<String ID="string_35" HPOS="1823" VPOS="871" WIDTH="153" HEIGHT="46" WC="0.96" CONTENT="mening,"/>
						</TextLine>
						<TextLine ID="line_5" HPOS="374" VPOS="914" WIDTH="1603" HEIGHT="56">
							<String ID="string_36" HPOS="374" VPOS="914" WIDTH="145" HEIGHT="36" WC="0.96" CONTENT="hvilken"/><SP WIDTH="51" VPOS="914" HPOS="519"/>
							<String ID="string_37" HPOS="570" VPOS="916" WIDTH="112" HEIGHT="47" WC="0.92" CONTENT="några"/><SP WIDTH="49" VPOS="916" HPOS="682"/>
							<String ID="string_38" HPOS="731" VPOS="917" WIDTH="111" HEIGHT="35" WC="0.86" CONTENT="andra"/><SP WIDTH="45" VPOS="917" HPOS="842"/>
							<String ID="string_39" HPOS="887" VPOS="918" WIDTH="346" HEIGHT="37" WC="0.86" CONTENT="utskottsledamöter"/><SP WIDTH="42" VPOS="918" HPOS="1233"/>
							<String ID="string_40" HPOS="1275" VPOS="920" WIDTH="157" HEIGHT="36" WC="0.93" CONTENT="biträdde"/><SP WIDTH="41" VPOS="920" HPOS="1432"/>
							<String ID="string_41" HPOS="1473" VPOS="921" WIDTH="114" HEIGHT="35" WC="0.93" CONTENT="såsom"/><SP WIDTH="42" VPOS="921" HPOS="1587"/>
							<String ID="string_42" HPOS="1629" VPOS="925" WIDTH="47" HEIGHT="31" WC="0.93" CONTENT="ett"/><SP WIDTH="43" VPOS="925" HPOS="1676"/>
							<String ID="string_43" HPOS="1719" VPOS="921" WIDTH="258" HEIGHT="49" WC="0.91" CONTENT="medelförslag,"/>
						</TextLine>
						<TextLine ID="line_6" HPOS="375" VPOS="967" WIDTH="1603" HEIGHT="53">
							<String ID="string_44" HPOS="375" VPOS="967" WIDTH="177" HEIGHT="47" WC="0.90" CONTENT="nemligen"/><SP WIDTH="29" VPOS="967" HPOS="552"/>
							<String ID="string_45" HPOS="581" VPOS="972" WIDTH="49" HEIGHT="31" WC="0.96" CONTENT="att"/><SP WIDTH="27" VPOS="972" HPOS="630"/>
							<String ID="string_46" HPOS="657" VPOS="968" WIDTH="11" HEIGHT="35" WC="0.96" CONTENT="i"/><SP WIDTH="28" VPOS="968" HPOS="668"/>
							<String ID="string_47" HPOS="696" VPOS="968" WIDTH="118" HEIGHT="36" WC="0.96" CONTENT="stället"/><SP WIDTH="33" VPOS="968" HPOS="814"/>
							<String ID="string_48" HPOS="847" VPOS="969" WIDTH="53" HEIGHT="35" WC="0.96" CONTENT="för"/><SP WIDTH="28" VPOS="969" HPOS="900"/>
							<String ID="string_49" HPOS="928" VPOS="970" WIDTH="115" HEIGHT="35" WC="0.93" CONTENT="sedlar"/><SP WIDTH="28" VPOS="970" HPOS="1043"/>
							<String ID="string_50" HPOS="1071" VPOS="971" WIDTH="20" HEIGHT="34" WC="0.91" CONTENT="å"/><SP WIDTH="27" VPOS="971" HPOS="1091"/>
							<String ID="string_51" HPOS="1118" VPOS="983" WIDTH="43" HEIGHT="23" WC="0.96" CONTENT="en"/><SP WIDTH="34" VPOS="983" HPOS="1161"/>
							<String ID="string_52" HPOS="1195" VPOS="971" WIDTH="121" HEIGHT="47" WC="0.96" CONTENT="krona,"/><SP WIDTH="29" VPOS="971" HPOS="1316"/>
							<String ID="string_53" HPOS="1345" VPOS="985" WIDTH="74" HEIGHT="23" WC="0.96" CONTENT="som"/><SP WIDTH="27" VPOS="985" HPOS="1419"/>
							<String ID="string_54" HPOS="1446" VPOS="985" WIDTH="48" HEIGHT="23" WC="0.96" CONTENT="nu"/><SP WIDTH="29" VPOS="985" HPOS="1494"/>
							<String ID="string_55" HPOS="1523" VPOS="973" WIDTH="106" HEIGHT="36" WC="0.93" CONTENT="borde"/><SP WIDTH="28" VPOS="973" HPOS="1629"/>
							<String ID="string_56" HPOS="1657" VPOS="973" WIDTH="175" HEIGHT="47" WC="0.91" CONTENT="indragas,"/><SP WIDTH="30" VPOS="973" HPOS="1832"/>
							<String ID="string_57" HPOS="1862" VPOS="974" WIDTH="116" HEIGHT="36" WC="0.96" CONTENT="sedlar"/>
						</TextLine>
						<TextLine ID="line_7" HPOS="374" VPOS="1020" WIDTH="1603" HEIGHT="54">
							<String ID="string_58" HPOS="374" VPOS="1020" WIDTH="22" HEIGHT="34" WC="0.92" CONTENT="å"/><SP WIDTH="29" VPOS="1020" HPOS="396"/>
							<String ID="string_59" HPOS="425" VPOS="1022" WIDTH="19" HEIGHT="33" WC="0.96" CONTENT="2"/><SP WIDTH="32" VPOS="1022" HPOS="444"/>
							<String ID="string_60" HPOS="476" VPOS="1020" WIDTH="130" HEIGHT="35" WC="0.95" CONTENT="kronor"/><SP WIDTH="28" VPOS="1020" HPOS="606"/>
							<String ID="string_61" HPOS="634" VPOS="1020" WIDTH="113" HEIGHT="36" WC="0.96" CONTENT="skulle"/><SP WIDTH="29" VPOS="1020" HPOS="747"/>
							<String ID="string_62" HPOS="776" VPOS="1021" WIDTH="39" HEIGHT="35" WC="0.96" CONTENT="af"/><SP WIDTH="24" VPOS="1021" HPOS="815"/>
							<String ID="string_63" HPOS="839" VPOS="1020" WIDTH="232" HEIGHT="37" WC="0.90" CONTENT="Riksbanken"/><SP WIDTH="28" VPOS="1020" HPOS="1071"/>
							<String ID="string_64" HPOS="1099" VPOS="1024" WIDTH="162" HEIGHT="46" WC="0.90" CONTENT="utgifvas,"/><SP WIDTH="29" VPOS="1024" HPOS="1261"/>
							<String ID="string_65" HPOS="1290" VPOS="1036" WIDTH="42" HEIGHT="24" WC="0.96" CONTENT="en"/><SP WIDTH="29" VPOS="1036" HPOS="1332"/>
							<String ID="string_66" HPOS="1361" VPOS="1025" WIDTH="150" HEIGHT="46" WC="0.96" CONTENT="ändring"/><SP WIDTH="28" VPOS="1025" HPOS="1511"/>
							<String ID="string_67" HPOS="1539" VPOS="1037" WIDTH="73" HEIGHT="23" WC="0.96" CONTENT="som"/><SP WIDTH="12" VPOS="1037" HPOS="1612"/>
							<String ID="string_68" HPOS="1624" VPOS="1024" WIDTH="63" HEIGHT="48" WC="0.96" CONTENT="jag"/><SP WIDTH="16" VPOS="1024" HPOS="1687"/>
							<String ID="string_69" HPOS="1703" VPOS="1038" WIDTH="102" HEIGHT="23" WC="0.96" CONTENT="anser"/><SP WIDTH="15" VPOS="1038" HPOS="1805"/>
							<String ID="string_70" HPOS="1820" VPOS="1025" WIDTH="157" HEIGHT="49" WC="0.96" CONTENT="lämplig,"/>
						</TextLine>
					</TextBlock>
				</ComposedBlock>
				<ComposedBlock ID="cblock_3" HPOS="374" VPOS="1071" WIDTH="1466" HEIGHT="53">
					<TextBlock ID="block_3" HPOS="374" VPOS="1071" WIDTH="1466" HEIGHT="53">
						<TextLine ID="line_8" HPOS="374" VPOS="1071" WIDTH="1466" HEIGHT="53">
							<String ID="string_71" HPOS="374" VPOS="1071" WIDTH="112" HEIGHT="37" WC="0.96" CONTENT="ehuru"/><SP WIDTH="28" VPOS="1071" HPOS="486"/>
							<String ID="string_72" HPOS="514" VPOS="1073" WIDTH="65" HEIGHT="35" WC="0.95" CONTENT="den"/><SP WIDTH="29" VPOS="1073" HPOS="579"/>
							<String ID="string_73" HPOS="608" VPOS="1072" WIDTH="77" HEIGHT="36" WC="0.96" CONTENT="icke"/><SP WIDTH="29" VPOS="1072" HPOS="685"/>
							<String ID="string_74" HPOS="714" VPOS="1072" WIDTH="54" HEIGHT="36" WC="0.96" CONTENT="för"/><SP WIDTH="29" VPOS="1072" HPOS="768"/>
							<String ID="string_75" HPOS="797" VPOS="1073" WIDTH="114" HEIGHT="36" WC="0.95" CONTENT="denna"/><SP WIDTH="29" VPOS="1073" HPOS="911"/>
							<String ID="string_76" HPOS="940" VPOS="1074" WIDTH="94" HEIGHT="47" WC="0.96" CONTENT="gång"/><SP WIDTH="29" VPOS="1074" HPOS="1034"/>
							<String ID="string_77" HPOS="1063" VPOS="1075" WIDTH="116" HEIGHT="36" WC="0.93" CONTENT="kunde"/><SP WIDTH="29" VPOS="1075" HPOS="1179"/>
							<String ID="string_78" HPOS="1208" VPOS="1076" WIDTH="161" HEIGHT="36" WC="0.91" CONTENT="tillvinna"/><SP WIDTH="29" VPOS="1076" HPOS="1369"/>
							<String ID="string_79" HPOS="1398" VPOS="1077" WIDTH="53" HEIGHT="47" WC="0.96" CONTENT="sig"/><SP WIDTH="31" VPOS="1077" HPOS="1451"/>
							<String ID="string_80" HPOS="1482" VPOS="1076" WIDTH="197" HEIGHT="37" WC="0.96" CONTENT="Utskottets"/><SP WIDTH="30" VPOS="1076" HPOS="1679"/>
							<String ID="string_81" HPOS="1709" VPOS="1077" WIDTH="131" HEIGHT="36" WC="0.70" CONTENT="bifall.”"/>
						</TextLine>
					</TextBlock>
				</ComposedBlock>
				<ComposedBlock ID="cblock_4" HPOS="373" VPOS="1169" WIDTH="1612" HEIGHT="1252">
					<TextBlock ID="block_4" HPOS="373" VPOS="1169" WIDTH="1605" HEIGHT="145">
						<TextLine ID="line_9" HPOS="505" VPOS="1169" WIDTH="1473" HEIGHT="60">
							<String ID="string_82" HPOS="505" VPOS="1176" WIDTH="37" HEIGHT="34" WC="0.96" CONTENT="af"/><SP WIDTH="39" VPOS="1176" HPOS="542"/>
							<String ID="string_83" HPOS="581" VPOS="1176" WIDTH="93" HEIGHT="35" WC="0.93" CONTENT="Herr"/><SP WIDTH="39" VPOS="1176" HPOS="674"/>
							<String ID="string_84" HPOS="713" VPOS="1169" WIDTH="42" HEIGHT="41" WC="0.82" CONTENT="Å."/><SP WIDTH="35" VPOS="1169" HPOS="755"/>
							<String ID="string_85" HPOS="790" VPOS="1174" WIDTH="218" HEIGHT="38" WC="0.95" CONTENT="Andersson:"/><SP WIDTH="49" VPOS="1174" HPOS="1008"/>
							<String ID="string_86" HPOS="1057" VPOS="1178" WIDTH="75" HEIGHT="35" WC="0.92" CONTENT="&quot;Då"/><SP WIDTH="25" VPOS="1178" HPOS="1132"/>
							<String ID="string_87" HPOS="1157" VPOS="1179" WIDTH="60" HEIGHT="47" WC="0.96" CONTENT="jag"/><SP WIDTH="20" VPOS="1179" HPOS="1217"/>
							<String ID="string_88" HPOS="1237" VPOS="1180" WIDTH="91" HEIGHT="35" WC="0.96" CONTENT="varit"/><SP WIDTH="25" VPOS="1180" HPOS="1328"/>
							<String ID="string_89" HPOS="1353" VPOS="1180" WIDTH="38" HEIGHT="35" WC="0.95" CONTENT="af"/><SP WIDTH="15" VPOS="1180" HPOS="1391"/>
							<String ID="string_90" HPOS="1406" VPOS="1180" WIDTH="93" HEIGHT="36" WC="0.96" CONTENT="olika"/><SP WIDTH="19" VPOS="1180" HPOS="1499"/>
							<String ID="string_91" HPOS="1518" VPOS="1181" WIDTH="143" HEIGHT="48" WC="0.96" CONTENT="mening"/><SP WIDTH="21" VPOS="1181" HPOS="1661"/>
							<String ID="string_92" HPOS="1682" VPOS="1181" WIDTH="77" HEIGHT="36" WC="0.96" CONTENT="med"/><SP WIDTH="25" VPOS="1181" HPOS="1759"/>
							<String ID="string_93" HPOS="1784" VPOS="1181" WIDTH="194" HEIGHT="36" WC="0.96" CONTENT="Utskottets"/>
						</TextLine>
						<TextLine ID="line_10" HPOS="373" VPOS="1226" WIDTH="1604" HEIGHT="53">
							<String ID="string_94" HPOS="373" VPOS="1226" WIDTH="118" HEIGHT="36" WC="0.94" CONTENT="flertal"/><SP WIDTH="41" VPOS="1226" HPOS="491"/>
							<String ID="string_95" HPOS="532" VPOS="1240" WIDTH="54" HEIGHT="23" WC="0.86" CONTENT="om"/><SP WIDTH="43" VPOS="1240" HPOS="586"/>
							<String ID="string_96" HPOS="629" VPOS="1228" WIDTH="351" HEIGHT="36" WC="0.78" CONTENT="en-kronesedlarnes"/><SP WIDTH="42" VPOS="1228" HPOS="980"/>
							<String ID="string_97" HPOS="1022" VPOS="1230" WIDTH="225" HEIGHT="48" WC="0.95" CONTENT="indragning,"/><SP WIDTH="42" VPOS="1230" HPOS="1247"/>
							<String ID="string_98" HPOS="1289" VPOS="1232" WIDTH="53" HEIGHT="34" WC="0.96" CONTENT="får"/><SP WIDTH="36" VPOS="1232" HPOS="1342"/>
							<String ID="string_99" HPOS="1378" VPOS="1233" WIDTH="64" HEIGHT="46" WC="0.95" CONTENT="jag"/><SP WIDTH="40" VPOS="1233" HPOS="1442"/>
							<String ID="string_100" HPOS="1482" VPOS="1234" WIDTH="10" HEIGHT="33" WC="0.96" CONTENT="i"/><SP WIDTH="49" VPOS="1234" HPOS="1492"/>
							<String ID="string_101" HPOS="1541" VPOS="1233" WIDTH="142" HEIGHT="35" WC="0.93" CONTENT="korthet"/><SP WIDTH="42" VPOS="1233" HPOS="1683"/>
							<String ID="string_102" HPOS="1725" VPOS="1234" WIDTH="135" HEIGHT="45" WC="0.90" CONTENT="afgifva"/><SP WIDTH="46" VPOS="1234" HPOS="1860"/>
							<String ID="string_103" HPOS="1906" VPOS="1234" WIDTH="71" HEIGHT="34" WC="0.96" CONTENT="min"/>
						</TextLine>
						<TextLine ID="line_11" HPOS="374" VPOS="1280" WIDTH="226" HEIGHT="34">
							<String ID="string_104" HPOS="374" VPOS="1280" WIDTH="226" HEIGHT="34" WC="0.95" CONTENT="reservation."/>
						</TextLine>
					</TextBlock>
					<TextBlock ID="block_5" HPOS="374" VPOS="1331" WIDTH="1606" HEIGHT="404">
						<TextLine ID="line_12" HPOS="479" VPOS="1331" WIDTH="1501" HEIGHT="49">
							<String ID="string_105" HPOS="479" VPOS="1331" WIDTH="97" HEIGHT="35" WC="0.96" CONTENT="Utan"/><SP WIDTH="41" VPOS="1331" HPOS="576"/>
							<String ID="string_106" HPOS="617" VPOS="1335" WIDTH="50" HEIGHT="32" WC="0.95" CONTENT="att"/><SP WIDTH="40" VPOS="1335" HPOS="667"/>
							<String ID="string_107" HPOS="707" VPOS="1331" WIDTH="140" HEIGHT="36" WC="0.96" CONTENT="vidröra"/><SP WIDTH="41" VPOS="1331" HPOS="847"/>
							<String ID="string_108" HPOS="888" VPOS="1332" WIDTH="65" HEIGHT="35" WC="0.95" CONTENT="den"/><SP WIDTH="41" VPOS="1332" HPOS="953"/>
							<String ID="string_109" HPOS="994" VPOS="1333" WIDTH="137" HEIGHT="47" WC="0.96" CONTENT="frågan,"/><SP WIDTH="41" VPOS="1333" HPOS="1131"/>
							<String ID="string_110" HPOS="1172" VPOS="1347" WIDTH="56" HEIGHT="23" WC="0.96" CONTENT="om"/><SP WIDTH="33" VPOS="1347" HPOS="1228"/>
							<String ID="string_111" HPOS="1261" VPOS="1335" WIDTH="58" HEIGHT="35" WC="0.96" CONTENT="det"/><SP WIDTH="27" VPOS="1335" HPOS="1319"/>
							<String ID="string_112" HPOS="1346" VPOS="1339" WIDTH="38" HEIGHT="31" WC="0.96" CONTENT="är"/><SP WIDTH="28" VPOS="1339" HPOS="1384"/>
							<String ID="string_113" HPOS="1412" VPOS="1340" WIDTH="108" HEIGHT="31" WC="0.96" CONTENT="större"/><SP WIDTH="29" VPOS="1340" HPOS="1520"/>
							<String ID="string_114" HPOS="1549" VPOS="1336" WIDTH="83" HEIGHT="36" WC="0.96" CONTENT="eller"/><SP WIDTH="31" VPOS="1336" HPOS="1632"/>
							<String ID="string_115" HPOS="1663" VPOS="1338" WIDTH="134" HEIGHT="34" WC="0.95" CONTENT="mindre"/><SP WIDTH="28" VPOS="1338" HPOS="1797"/>
							<String ID="string_116" HPOS="1825" VPOS="1337" WIDTH="155" HEIGHT="35" WC="0.96" CONTENT="fördelar"/>
						</TextLine>
						<TextLine ID="line_13" HPOS="374" VPOS="1383" WIDTH="1603" HEIGHT="49">
							<String ID="string_117" HPOS="374" VPOS="1384" WIDTH="53" HEIGHT="34" WC="0.96" CONTENT="för"/><SP WIDTH="41" VPOS="1384" HPOS="427"/>
							<String ID="string_118" HPOS="468" VPOS="1383" WIDTH="118" HEIGHT="36" WC="0.94" CONTENT="landet"/><SP WIDTH="36" VPOS="1383" HPOS="586"/>
							<String ID="string_119" HPOS="622" VPOS="1384" WIDTH="11" HEIGHT="35" WC="0.96" CONTENT="i"/><SP WIDTH="35" VPOS="1384" HPOS="633"/>
							<String ID="string_120" HPOS="668" VPOS="1384" WIDTH="54" HEIGHT="35" WC="0.96" CONTENT="sin"/><SP WIDTH="32" VPOS="1384" HPOS="722"/>
							<String ID="string_121" HPOS="754" VPOS="1384" WIDTH="119" HEIGHT="35" WC="0.96" CONTENT="helhet"/><SP WIDTH="28" VPOS="1384" HPOS="873"/>
							<String ID="string_122" HPOS="901" VPOS="1388" WIDTH="49" HEIGHT="31" WC="0.96" CONTENT="att"/><SP WIDTH="28" VPOS="1388" HPOS="950"/>
							<String ID="string_123" HPOS="978" VPOS="1384" WIDTH="105" HEIGHT="36" WC="0.96" CONTENT="hafva"/><SP WIDTH="29" VPOS="1384" HPOS="1083"/>
							<String ID="string_124" HPOS="1112" VPOS="1387" WIDTH="192" HEIGHT="45" WC="0.96" CONTENT="klingande"/><SP WIDTH="29" VPOS="1387" HPOS="1304"/>
							<String ID="string_125" HPOS="1333" VPOS="1387" WIDTH="118" HEIGHT="36" WC="0.96" CONTENT="valuta"/><SP WIDTH="28" VPOS="1387" HPOS="1451"/>
							<String ID="string_126" HPOS="1479" VPOS="1389" WIDTH="11" HEIGHT="34" WC="0.96" CONTENT="i"/><SP WIDTH="29" VPOS="1389" HPOS="1490"/>
							<String ID="string_127" HPOS="1519" VPOS="1390" WIDTH="67" HEIGHT="34" WC="0.97" CONTENT="den"/><SP WIDTH="29" VPOS="1390" HPOS="1586"/>
							<String ID="string_128" HPOS="1615" VPOS="1389" WIDTH="179" HEIGHT="35" WC="0.96" CONTENT="allmänna"/><SP WIDTH="29" VPOS="1389" HPOS="1794"/>
							<String ID="string_129" HPOS="1823" VPOS="1389" WIDTH="154" HEIGHT="35" WC="0.96" CONTENT="rörelsen"/>
						</TextLine>
						<TextLine ID="line_14" HPOS="374" VPOS="1435" WIDTH="1604" HEIGHT="50">
							<String ID="string_130" HPOS="374" VPOS="1435" WIDTH="85" HEIGHT="36" WC="0.95" CONTENT="eller"/><SP WIDTH="42" VPOS="1435" HPOS="459"/>
							<String ID="string_131" HPOS="501" VPOS="1439" WIDTH="50" HEIGHT="31" WC="0.95" CONTENT="att"/><SP WIDTH="28" VPOS="1439" HPOS="551"/>
							<String ID="string_132" HPOS="579" VPOS="1436" WIDTH="67" HEIGHT="35" WC="0.96" CONTENT="den"/><SP WIDTH="28" VPOS="1436" HPOS="646"/>
							<String ID="string_133" HPOS="674" VPOS="1436" WIDTH="53" HEIGHT="35" WC="0.93" CONTENT="får"/><SP WIDTH="29" VPOS="1436" HPOS="727"/>
							<String ID="string_134" HPOS="756" VPOS="1435" WIDTH="93" HEIGHT="35" WC="0.92" CONTENT="hvila"/><SP WIDTH="28" VPOS="1435" HPOS="849"/>
							<String ID="string_135" HPOS="877" VPOS="1436" WIDTH="11" HEIGHT="34" WC="0.94" CONTENT="i"/><SP WIDTH="38" VPOS="1436" HPOS="888"/>
							<String ID="string_136" HPOS="926" VPOS="1435" WIDTH="166" HEIGHT="38" WC="0.92" CONTENT="Bankens"/><SP WIDTH="28" VPOS="1435" HPOS="1092"/>
							<String ID="string_137" HPOS="1120" VPOS="1438" WIDTH="101" HEIGHT="36" WC="0.92" CONTENT="hvalf"/><SP WIDTH="24" VPOS="1438" HPOS="1221"/>
							<String ID="string_138" HPOS="1245" VPOS="1438" WIDTH="53" HEIGHT="36" WC="0.96" CONTENT="för"/><SP WIDTH="28" VPOS="1438" HPOS="1298"/>
							<String ID="string_139" HPOS="1326" VPOS="1444" WIDTH="50" HEIGHT="31" WC="0.96" CONTENT="att"/><SP WIDTH="28" VPOS="1444" HPOS="1376"/>
							<String ID="string_140" HPOS="1404" VPOS="1440" WIDTH="56" HEIGHT="35" WC="0.93" CONTENT="vid"/><SP WIDTH="30" VPOS="1440" HPOS="1460"/>
							<String ID="string_141" HPOS="1490" VPOS="1440" WIDTH="109" HEIGHT="36" WC="0.92" CONTENT="behof"/><SP WIDTH="24" VPOS="1440" HPOS="1599"/>
							<String ID="string_142" HPOS="1623" VPOS="1440" WIDTH="64" HEIGHT="36" WC="0.96" CONTENT="och"/><SP WIDTH="25" VPOS="1440" HPOS="1687"/>
							<String ID="string_143" HPOS="1712" VPOS="1441" WIDTH="87" HEIGHT="35" WC="0.93" CONTENT="efter"/><SP WIDTH="28" VPOS="1441" HPOS="1799"/>
							<String ID="string_144" HPOS="1827" VPOS="1440" WIDTH="151" HEIGHT="45" WC="0.91" CONTENT="godtfin-"/>
						</TextLine>
						<TextLine ID="line_15" HPOS="375" VPOS="1487" WIDTH="1603" HEIGHT="52">
							<String ID="string_145" HPOS="375" VPOS="1487" WIDTH="116" HEIGHT="35" WC="0.91" CONTENT="nande"/><SP WIDTH="43" VPOS="1487" HPOS="491"/>
							<String ID="string_146" HPOS="534" VPOS="1487" WIDTH="89" HEIGHT="36" WC="0.91" CONTENT="utfås"/><SP WIDTH="42" VPOS="1487" HPOS="623"/>
							<String ID="string_147" HPOS="665" VPOS="1488" WIDTH="10" HEIGHT="35" WC="0.64" CONTENT="i"/><SP WIDTH="41" VPOS="1488" HPOS="675"/>
							<String ID="string_148" HPOS="716" VPOS="1487" WIDTH="116" HEIGHT="37" WC="0.94" CONTENT="stället"/><SP WIDTH="41" VPOS="1487" HPOS="832"/>
							<String ID="string_149" HPOS="873" VPOS="1487" WIDTH="54" HEIGHT="36" WC="0.96" CONTENT="för"/><SP WIDTH="29" VPOS="1487" HPOS="927"/>
							<String ID="string_150" HPOS="956" VPOS="1489" WIDTH="125" HEIGHT="45" WC="0.96" CONTENT="sedlar,"/><SP WIDTH="29" VPOS="1489" HPOS="1081"/>
							<String ID="string_151" HPOS="1110" VPOS="1494" WIDTH="38" HEIGHT="31" WC="0.96" CONTENT="är"/><SP WIDTH="28" VPOS="1494" HPOS="1148"/>
							<String ID="string_152" HPOS="1176" VPOS="1491" WIDTH="90" HEIGHT="36" WC="0.97" CONTENT="dock"/><SP WIDTH="29" VPOS="1491" HPOS="1266"/>
							<String ID="string_153" HPOS="1295" VPOS="1492" WIDTH="58" HEIGHT="35" WC="0.93" CONTENT="det"/><SP WIDTH="27" VPOS="1492" HPOS="1353"/>
							<String ID="string_154" HPOS="1380" VPOS="1491" WIDTH="276" HEIGHT="48" WC="0.91" CONTENT="hufvudsakliga"/><SP WIDTH="29" VPOS="1491" HPOS="1656"/>
							<String ID="string_155" HPOS="1685" VPOS="1492" WIDTH="112" HEIGHT="36" WC="0.96" CONTENT="skälet"/><SP WIDTH="28" VPOS="1492" HPOS="1797"/>
							<String ID="string_156" HPOS="1825" VPOS="1492" WIDTH="53" HEIGHT="36" WC="0.96" CONTENT="för"/><SP WIDTH="28" VPOS="1492" HPOS="1878"/>
							<String ID="string_157" HPOS="1906" VPOS="1493" WIDTH="72" HEIGHT="35" WC="0.96" CONTENT="min"/>
						</TextLine>
						<TextLine ID="line_16" HPOS="374" VPOS="1538" WIDTH="1603" HEIGHT="53">
							<String ID="string_158" HPOS="374" VPOS="1538" WIDTH="193" HEIGHT="36" WC="0.89" CONTENT="afvikande"/><SP WIDTH="29" VPOS="1538" HPOS="567"/>
							<String ID="string_159" HPOS="596" VPOS="1540" WIDTH="141" HEIGHT="47" WC="0.96" CONTENT="mening"/><SP WIDTH="29" VPOS="1540" HPOS="737"/>
							<String ID="string_160" HPOS="766" VPOS="1540" WIDTH="59" HEIGHT="34" WC="0.96" CONTENT="det"/><SP WIDTH="28" VPOS="1540" HPOS="825"/>
							<String ID="string_161" HPOS="853" VPOS="1543" WIDTH="50" HEIGHT="31" WC="0.96" CONTENT="att"/><SP WIDTH="32" VPOS="1543" HPOS="903"/>
							<String ID="string_162" HPOS="935" VPOS="1540" WIDTH="75" HEIGHT="36" WC="0.96" CONTENT="icke"/><SP WIDTH="29" VPOS="1540" HPOS="1010"/>
							<String ID="string_163" HPOS="1039" VPOS="1547" WIDTH="85" HEIGHT="41" WC="0.96" CONTENT="göra"/><SP WIDTH="28" VPOS="1547" HPOS="1124"/>
							<String ID="string_164" HPOS="1152" VPOS="1543" WIDTH="166" HEIGHT="36" WC="0.95" CONTENT="reformer"/><SP WIDTH="29" VPOS="1543" HPOS="1318"/>
							<String ID="string_165" HPOS="1347" VPOS="1544" WIDTH="77" HEIGHT="34" WC="0.93" CONTENT="med"/><SP WIDTH="30" VPOS="1544" HPOS="1424"/>
							<String ID="string_166" HPOS="1454" VPOS="1545" WIDTH="273" HEIGHT="46" WC="0.88" CONTENT="bankväsendet,"/><SP WIDTH="29" VPOS="1545" HPOS="1727"/>
							<String ID="string_167" HPOS="1756" VPOS="1545" WIDTH="44" HEIGHT="34" WC="0.96" CONTENT="då"/><SP WIDTH="21" VPOS="1545" HPOS="1800"/>
							<String ID="string_168" HPOS="1821" VPOS="1545" WIDTH="78" HEIGHT="35" WC="0.93" CONTENT="icke"/><SP WIDTH="20" VPOS="1545" HPOS="1899"/>
							<String ID="string_169" HPOS="1919" VPOS="1545" WIDTH="58" HEIGHT="35" WC="0.93" CONTENT="be-"/>
						</TextLine>
						<TextLine ID="line_17" HPOS="374" VPOS="1591" WIDTH="1606" HEIGHT="51">
							<String ID="string_170" HPOS="374" VPOS="1591" WIDTH="120" HEIGHT="35" WC="0.42" CONTENT="bofvet"/><SP WIDTH="41" VPOS="1591" HPOS="494"/>
							<String ID="string_171" HPOS="535" VPOS="1591" WIDTH="85" HEIGHT="35" WC="0.96" CONTENT="eller"/><SP WIDTH="39" VPOS="1591" HPOS="620"/>
							<String ID="string_172" HPOS="659" VPOS="1591" WIDTH="309" HEIGHT="46" WC="0.96" CONTENT="nödvändigheten"/><SP WIDTH="42" VPOS="1591" HPOS="968"/>
							<String ID="string_173" HPOS="1010" VPOS="1594" WIDTH="125" HEIGHT="35" WC="0.95" CONTENT="sådant"/><SP WIDTH="41" VPOS="1594" HPOS="1135"/>
							<String ID="string_174" HPOS="1176" VPOS="1595" WIDTH="146" HEIGHT="47" WC="0.96" CONTENT="fordrar,"/><SP WIDTH="43" VPOS="1595" HPOS="1322"/>
							<String ID="string_175" HPOS="1365" VPOS="1595" WIDTH="65" HEIGHT="36" WC="0.96" CONTENT="och"/><SP WIDTH="41" VPOS="1595" HPOS="1430"/>
							<String ID="string_176" HPOS="1471" VPOS="1600" WIDTH="50" HEIGHT="31" WC="0.96" CONTENT="att"/><SP WIDTH="36" VPOS="1600" HPOS="1521"/>
							<String ID="string_177" HPOS="1557" VPOS="1601" WIDTH="64" HEIGHT="31" WC="0.96" CONTENT="när"/><SP WIDTH="28" VPOS="1601" HPOS="1621"/>
							<String ID="string_178" HPOS="1649" VPOS="1609" WIDTH="80" HEIGHT="23" WC="0.96" CONTENT="man"/><SP WIDTH="31" VPOS="1609" HPOS="1729"/>
							<String ID="string_179" HPOS="1760" VPOS="1596" WIDTH="38" HEIGHT="35" WC="0.96" CONTENT="af"/><SP WIDTH="24" VPOS="1596" HPOS="1798"/>
							<String ID="string_180" HPOS="1822" VPOS="1609" WIDTH="43" HEIGHT="22" WC="0.93" CONTENT="en"/><SP WIDTH="29" VPOS="1609" HPOS="1865"/>
							<String ID="string_181" HPOS="1894" VPOS="1597" WIDTH="86" HEIGHT="34" WC="0.82" CONTENT="elier"/>
						</TextLine>
						<TextLine ID="line_18" HPOS="376" VPOS="1643" WIDTH="1603" HEIGHT="52">
							<String ID="string_182" HPOS="376" VPOS="1654" WIDTH="117" HEIGHT="24" WC="0.95" CONTENT="annan"/><SP WIDTH="29" VPOS="1654" HPOS="493"/>
							<String ID="string_183" HPOS="522" VPOS="1643" WIDTH="102" HEIGHT="35" WC="0.96" CONTENT="orsak"/><SP WIDTH="30" VPOS="1643" HPOS="624"/>
							<String ID="string_184" HPOS="654" VPOS="1656" WIDTH="102" HEIGHT="24" WC="0.96" CONTENT="anser"/><SP WIDTH="29" VPOS="1656" HPOS="756"/>
							<String ID="string_185" HPOS="785" VPOS="1643" WIDTH="132" HEIGHT="36" WC="0.96" CONTENT="sådana"/><SP WIDTH="29" VPOS="1643" HPOS="917"/>
							<String ID="string_186" HPOS="946" VPOS="1644" WIDTH="84" HEIGHT="36" WC="0.96" CONTENT="böra"/><SP WIDTH="28" VPOS="1644" HPOS="1030"/>
							<String ID="string_187" HPOS="1058" VPOS="1646" WIDTH="169" HEIGHT="47" WC="0.96" CONTENT="vidtagas,"/><SP WIDTH="39" VPOS="1646" HPOS="1227"/>
							<String ID="string_188" HPOS="1266" VPOS="1647" WIDTH="44" HEIGHT="46" WC="0.93" CONTENT="gå"/><SP WIDTH="38" VPOS="1647" HPOS="1310"/>
							<String ID="string_189" HPOS="1348" VPOS="1647" WIDTH="179" HEIGHT="48" WC="0.92" CONTENT="försigtigt"/><SP WIDTH="27" VPOS="1647" HPOS="1527"/>
							<String ID="string_190" HPOS="1554" VPOS="1648" WIDTH="51" HEIGHT="36" WC="0.96" CONTENT="till"/><SP WIDTH="29" VPOS="1648" HPOS="1605"/>
							<String ID="string_191" HPOS="1634" VPOS="1652" WIDTH="99" HEIGHT="43" WC="0.95" CONTENT="väga,"/><SP WIDTH="30" VPOS="1652" HPOS="1733"/>
							<String ID="string_192" HPOS="1763" VPOS="1648" WIDTH="38" HEIGHT="36" WC="0.96" CONTENT="så"/><SP WIDTH="28" VPOS="1648" HPOS="1801"/>
							<String ID="string_193" HPOS="1829" VPOS="1651" WIDTH="50" HEIGHT="32" WC="0.96" CONTENT="att"/><SP WIDTH="19" VPOS="1651" HPOS="1879"/>
							<String ID="string_194" HPOS="1898" VPOS="1659" WIDTH="81" HEIGHT="24" WC="0.96" CONTENT="man"/>
						</TextLine>
						<TextLine ID="line_19" HPOS="375" VPOS="1694" WIDTH="958" HEIGHT="41">
							<String ID="string_195" HPOS="375" VPOS="1695" WIDTH="77" HEIGHT="35" WC="0.96" CONTENT="icke"/><SP WIDTH="29" VPOS="1695" HPOS="452"/>
							<String ID="string_196" HPOS="481" VPOS="1694" WIDTH="141" HEIGHT="36" WC="0.95" CONTENT="dermed"/><SP WIDTH="29" VPOS="1694" HPOS="622"/>
							<String ID="string_197" HPOS="651" VPOS="1695" WIDTH="206" HEIGHT="36" WC="0.95" CONTENT="framkallar"/><SP WIDTH="27" VPOS="1695" HPOS="857"/>
							<String ID="string_198" HPOS="884" VPOS="1694" WIDTH="128" HEIGHT="38" WC="0.93" CONTENT="folkets"/><SP WIDTH="30" VPOS="1694" HPOS="1012"/>
							<String ID="string_199" HPOS="1042" VPOS="1698" WIDTH="291" HEIGHT="37" WC="0.91" CONTENT="missbelåtenhet."/>
						</TextLine>
					</TextBlock>
					<TextBlock ID="block_6" HPOS="373" VPOS="1745" WIDTH="1612" HEIGHT="676">
						<TextLine ID="line_20" HPOS="505" VPOS="1745" WIDTH="1474" HEIGHT="53">
							<String ID="string_200" HPOS="505" VPOS="1746" WIDTH="347" HEIGHT="47" WC="0.91" CONTENT="Bankofullmäktige"/><SP WIDTH="37" VPOS="1746" HPOS="852"/>
							<String ID="string_201" HPOS="889" VPOS="1745" WIDTH="105" HEIGHT="37" WC="0.96" CONTENT="hafva"/><SP WIDTH="34" VPOS="1745" HPOS="994"/>
							<String ID="string_202" HPOS="1028" VPOS="1750" WIDTH="50" HEIGHT="34" WC="0.96" CONTENT="uti"/><SP WIDTH="29" VPOS="1750" HPOS="1078"/>
							<String ID="string_203" HPOS="1107" VPOS="1751" WIDTH="58" HEIGHT="34" WC="0.93" CONTENT="sitt"/><SP WIDTH="27" VPOS="1751" HPOS="1165"/>
							<String ID="string_204" HPOS="1192" VPOS="1751" WIDTH="246" HEIGHT="47" WC="0.91" CONTENT="tillstyrkande"/><SP WIDTH="28" VPOS="1751" HPOS="1438"/>
							<String ID="string_205" HPOS="1466" VPOS="1752" WIDTH="52" HEIGHT="34" WC="0.96" CONTENT="för"/><SP WIDTH="30" VPOS="1752" HPOS="1518"/>
							<String ID="string_206" HPOS="1548" VPOS="1752" WIDTH="99" HEIGHT="35" WC="0.93" CONTENT="dessa"/><SP WIDTH="28" VPOS="1752" HPOS="1647"/>
							<String ID="string_207" HPOS="1675" VPOS="1752" WIDTH="132" HEIGHT="35" WC="0.92" CONTENT="sedlars"/><SP WIDTH="29" VPOS="1752" HPOS="1807"/>
							<String ID="string_208" HPOS="1836" VPOS="1752" WIDTH="143" HEIGHT="45" WC="0.91" CONTENT="indrag-"/>
						</TextLine>
						<TextLine ID="line_21" HPOS="374" VPOS="1797" WIDTH="1605" HEIGHT="51">
							<String ID="string_209" HPOS="374" VPOS="1798" WIDTH="87" HEIGHT="47" WC="0.95" CONTENT="ning"/><SP WIDTH="42" VPOS="1798" HPOS="461"/>
							<String ID="string_210" HPOS="503" VPOS="1798" WIDTH="114" HEIGHT="36" WC="0.93" CONTENT="såsom"/><SP WIDTH="28" VPOS="1798" HPOS="617"/>
							<String ID="string_211" HPOS="645" VPOS="1797" WIDTH="216" HEIGHT="38" WC="0.91" CONTENT="hufvudskäl"/><SP WIDTH="38" VPOS="1797" HPOS="861"/>
							<String ID="string_212" HPOS="899" VPOS="1798" WIDTH="166" HEIGHT="50" WC="0.96" CONTENT="åberopat"/><SP WIDTH="28" VPOS="1798" HPOS="1065"/>
							<String ID="string_213" HPOS="1093" VPOS="1802" WIDTH="66" HEIGHT="35" WC="0.96" CONTENT="den"/><SP WIDTH="30" VPOS="1802" HPOS="1159"/>
							<String ID="string_214" HPOS="1189" VPOS="1807" WIDTH="93" HEIGHT="31" WC="0.96" CONTENT="stora"/><SP WIDTH="24" VPOS="1807" HPOS="1282"/>
							<String ID="string_215" HPOS="1306" VPOS="1803" WIDTH="148" HEIGHT="35" WC="0.96" CONTENT="kostnad"/><SP WIDTH="30" VPOS="1803" HPOS="1454"/>
							<String ID="string_216" HPOS="1484" VPOS="1803" WIDTH="65" HEIGHT="35" WC="0.96" CONTENT="och"/><SP WIDTH="28" VPOS="1803" HPOS="1549"/>
							<String ID="string_217" HPOS="1577" VPOS="1804" WIDTH="59" HEIGHT="35" WC="0.96" CONTENT="det"/><SP WIDTH="26" VPOS="1804" HPOS="1636"/>
							<String ID="string_218" HPOS="1662" VPOS="1804" WIDTH="125" HEIGHT="35" WC="0.96" CONTENT="besvär"/><SP WIDTH="29" VPOS="1804" HPOS="1787"/>
							<String ID="string_219" HPOS="1816" VPOS="1803" WIDTH="41" HEIGHT="35" WC="0.93" CONTENT="de"/><SP WIDTH="29" VPOS="1803" HPOS="1857"/>
							<String ID="string_220" HPOS="1886" VPOS="1803" WIDTH="93" HEIGHT="35" WC="0.92" CONTENT="med-"/>
						</TextLine>
						<TextLine ID="line_22" HPOS="375" VPOS="1849" WIDTH="1606" HEIGHT="52">
							<String ID="string_221" HPOS="375" VPOS="1849" WIDTH="85" HEIGHT="35" WC="0.93" CONTENT="föra."/><SP WIDTH="55" VPOS="1849" HPOS="460"/>
							<String ID="string_222" HPOS="515" VPOS="1849" WIDTH="56" HEIGHT="36" WC="0.94" CONTENT="Nå"/><SP WIDTH="42" VPOS="1849" HPOS="571"/>
							<String ID="string_223" HPOS="613" VPOS="1851" WIDTH="70" HEIGHT="35" WC="0.94" CONTENT="väl!"/><SP WIDTH="45" VPOS="1851" HPOS="683"/>
							<String ID="string_224" HPOS="728" VPOS="1852" WIDTH="92" HEIGHT="35" WC="0.93" CONTENT="detta"/><SP WIDTH="42" VPOS="1852" HPOS="820"/>
							<String ID="string_225" HPOS="862" VPOS="1851" WIDTH="192" HEIGHT="46" WC="0.92" CONTENT="medgifves"/><SP WIDTH="37" VPOS="1851" HPOS="1054"/>
							<String ID="string_226" HPOS="1091" VPOS="1854" WIDTH="223" HEIGHT="47" WC="0.95" CONTENT="visserligen;"/><SP WIDTH="38" VPOS="1854" HPOS="1314"/>
							<String ID="string_227" HPOS="1352" VPOS="1867" WIDTH="79" HEIGHT="23" WC="0.96" CONTENT="men"/><SP WIDTH="37" VPOS="1867" HPOS="1431"/>
							<String ID="string_228" HPOS="1468" VPOS="1855" WIDTH="34" HEIGHT="34" WC="0.96" CONTENT="vi"/><SP WIDTH="28" VPOS="1855" HPOS="1502"/>
							<String ID="string_229" HPOS="1530" VPOS="1859" WIDTH="88" HEIGHT="39" WC="0.95" CONTENT="veta,"/><SP WIDTH="30" VPOS="1859" HPOS="1618"/>
							<String ID="string_230" HPOS="1648" VPOS="1860" WIDTH="50" HEIGHT="30" WC="0.96" CONTENT="att"/><SP WIDTH="27" VPOS="1860" HPOS="1698"/>
							<String ID="string_231" HPOS="1725" VPOS="1855" WIDTH="119" HEIGHT="46" WC="0.96" CONTENT="folket,"/><SP WIDTH="31" VPOS="1855" HPOS="1844"/>
							<String ID="string_232" HPOS="1875" VPOS="1855" WIDTH="106" HEIGHT="35" WC="0.96" CONTENT="hvars"/>
						</TextLine>
						<TextLine ID="line_23" HPOS="374" VPOS="1899" WIDTH="1607" HEIGHT="55">
							<String ID="string_233" HPOS="374" VPOS="1914" WIDTH="262" HEIGHT="34" WC="0.96" CONTENT="gemensamma"/><SP WIDTH="42" VPOS="1914" HPOS="636"/>
							<String ID="string_234" HPOS="678" VPOS="1905" WIDTH="169" HEIGHT="45" WC="0.95" CONTENT="egendom"/><SP WIDTH="30" VPOS="1905" HPOS="847"/>
							<String ID="string_235" HPOS="877" VPOS="1899" WIDTH="231" HEIGHT="41" WC="0.96" CONTENT="Riksbanken"/><SP WIDTH="39" VPOS="1899" HPOS="1108"/>
							<String ID="string_236" HPOS="1147" VPOS="1906" WIDTH="108" HEIGHT="35" WC="0.96" CONTENT="måste"/><SP WIDTH="35" VPOS="1906" HPOS="1255"/>
							<String ID="string_237" HPOS="1290" VPOS="1919" WIDTH="101" HEIGHT="24" WC="0.94" CONTENT="anses"/><SP WIDTH="30" VPOS="1919" HPOS="1391"/>
							<String ID="string_238" HPOS="1421" VPOS="1919" WIDTH="94" HEIGHT="35" WC="0.95" CONTENT="vara,"/><SP WIDTH="30" VPOS="1919" HPOS="1515"/>
							<String ID="string_239" HPOS="1545" VPOS="1911" WIDTH="39" HEIGHT="31" WC="0.96" CONTENT="är"/><SP WIDTH="29" VPOS="1911" HPOS="1584"/>
							<String ID="string_240" HPOS="1613" VPOS="1908" WIDTH="38" HEIGHT="35" WC="0.96" CONTENT="så"/><SP WIDTH="28" VPOS="1908" HPOS="1651"/>
							<String ID="string_241" HPOS="1679" VPOS="1913" WIDTH="85" HEIGHT="30" WC="0.96" CONTENT="vant"/><SP WIDTH="28" VPOS="1913" HPOS="1764"/>
							<String ID="string_242" HPOS="1792" VPOS="1908" WIDTH="56" HEIGHT="34" WC="0.96" CONTENT="vid"/><SP WIDTH="31" VPOS="1908" HPOS="1848"/>
							<String ID="string_243" HPOS="1879" VPOS="1908" WIDTH="102" HEIGHT="34" WC="0.95" CONTENT="dessa"/>
						</TextLine>
						<TextLine ID="line_24" HPOS="376" VPOS="1953" WIDTH="1609" HEIGHT="54">
							<String ID="string_244" HPOS="376" VPOS="1953" WIDTH="117" HEIGHT="35" WC="0.96" CONTENT="sedlar"/><SP WIDTH="42" VPOS="1953" HPOS="493"/>
							<String ID="string_245" HPOS="535" VPOS="1955" WIDTH="113" HEIGHT="35" WC="0.91" CONTENT="såsom"/><SP WIDTH="43" VPOS="1955" HPOS="648"/>
							<String ID="string_246" HPOS="691" VPOS="1956" WIDTH="214" HEIGHT="47" WC="0.89" CONTENT="skiljemynt,"/><SP WIDTH="43" VPOS="1956" HPOS="905"/>
							<String ID="string_247" HPOS="948" VPOS="1956" WIDTH="65" HEIGHT="35" WC="0.96" CONTENT="och"/><SP WIDTH="41" VPOS="1956" HPOS="1013"/>
							<String ID="string_248" HPOS="1054" VPOS="1957" WIDTH="113" HEIGHT="36" WC="0.96" CONTENT="såsom"/><SP WIDTH="43" VPOS="1957" HPOS="1167"/>
							<String ID="string_249" HPOS="1210" VPOS="1958" WIDTH="80" HEIGHT="35" WC="0.93" CONTENT="vida"/><SP WIDTH="36" VPOS="1958" HPOS="1290"/>
							<String ID="string_250" HPOS="1326" VPOS="1959" WIDTH="209" HEIGHT="47" WC="0.90" CONTENT="beqvämare"/><SP WIDTH="42" VPOS="1959" HPOS="1535"/>
							<String ID="string_251" HPOS="1577" VPOS="1959" WIDTH="56" HEIGHT="35" WC="0.90" CONTENT="vid"/><SP WIDTH="38" VPOS="1959" HPOS="1633"/>
							<String ID="string_252" HPOS="1671" VPOS="1959" WIDTH="241" HEIGHT="48" WC="0.90" CONTENT="liqviderande"/><SP WIDTH="35" VPOS="1959" HPOS="1912"/>
							<String ID="string_253" HPOS="1947" VPOS="1958" WIDTH="38" HEIGHT="35" WC="0.96" CONTENT="af"/>
						</TextLine>
						<TextLine ID="line_25" HPOS="375" VPOS="2006" WIDTH="1605" HEIGHT="52">
							<String ID="string_254" HPOS="375" VPOS="2006" WIDTH="217" HEIGHT="35" WC="0.91" CONTENT="arbetslöner"/><SP WIDTH="29" VPOS="2006" HPOS="592"/>
							<String ID="string_255" HPOS="621" VPOS="2011" WIDTH="75" HEIGHT="42" WC="0.84" CONTENT="etc.,"/><SP WIDTH="29" VPOS="2011" HPOS="696"/>
							<String ID="string_256" HPOS="725" VPOS="2008" WIDTH="180" HEIGHT="36" WC="0.96" CONTENT="äfvensom"/><SP WIDTH="29" VPOS="2008" HPOS="905"/>
							<String ID="string_257" HPOS="934" VPOS="2012" WIDTH="50" HEIGHT="31" WC="0.96" CONTENT="att"/><SP WIDTH="28" VPOS="2012" HPOS="984"/>
							<String ID="string_258" HPOS="1012" VPOS="2009" WIDTH="75" HEIGHT="35" WC="0.96" CONTENT="föra"/><SP WIDTH="28" VPOS="2009" HPOS="1087"/>
							<String ID="string_259" HPOS="1115" VPOS="2010" WIDTH="77" HEIGHT="34" WC="0.96" CONTENT="med"/><SP WIDTH="29" VPOS="2010" HPOS="1192"/>
							<String ID="string_260" HPOS="1221" VPOS="2010" WIDTH="53" HEIGHT="47" WC="0.96" CONTENT="sig"/><SP WIDTH="19" VPOS="2010" HPOS="1274"/>
							<String ID="string_261" HPOS="1293" VPOS="2011" WIDTH="45" HEIGHT="47" WC="0.96" CONTENT="på"/><SP WIDTH="19" VPOS="2011" HPOS="1338"/>
							<String ID="string_262" HPOS="1357" VPOS="2023" WIDTH="95" HEIGHT="23" WC="0.96" CONTENT="resor"/><SP WIDTH="20" VPOS="2023" HPOS="1452"/>
							<String ID="string_263" HPOS="1472" VPOS="2011" WIDTH="64" HEIGHT="35" WC="0.96" CONTENT="och"/><SP WIDTH="20" VPOS="2011" HPOS="1536"/>
							<String ID="string_264" HPOS="1556" VPOS="2011" WIDTH="57" HEIGHT="35" WC="0.96" CONTENT="vid"/><SP WIDTH="22" VPOS="2011" HPOS="1613"/>
							<String ID="string_265" HPOS="1635" VPOS="2012" WIDTH="133" HEIGHT="34" WC="0.93" CONTENT="mindre"/><SP WIDTH="20" VPOS="2012" HPOS="1768"/>
							<String ID="string_266" HPOS="1788" VPOS="2011" WIDTH="192" HEIGHT="47" WC="0.91" CONTENT="penninge-"/>
						</TextLine>
						<TextLine ID="line_26" HPOS="375" VPOS="2056" WIDTH="1606" HEIGHT="54">
							<String ID="string_267" HPOS="375" VPOS="2056" WIDTH="233" HEIGHT="37" WC="0.96" CONTENT="försändelser"/><SP WIDTH="29" VPOS="2056" HPOS="608"/>
							<String ID="string_268" HPOS="637" VPOS="2060" WIDTH="78" HEIGHT="35" WC="0.96" CONTENT="med"/><SP WIDTH="29" VPOS="2060" HPOS="715"/>
							<String ID="string_269" HPOS="744" VPOS="2064" WIDTH="122" HEIGHT="44" WC="0.95" CONTENT="posten"/><SP WIDTH="36" VPOS="2064" HPOS="866"/>
							<String ID="string_270" HPOS="902" VPOS="2069" WIDTH="28" HEIGHT="28" WC="0.71" CONTENT="0."/><SP WIDTH="32" VPOS="2069" HPOS="930"/>
							<String ID="string_271" HPOS="962" VPOS="2072" WIDTH="24" HEIGHT="23" WC="0.88" CONTENT="s."/><SP WIDTH="30" VPOS="2072" HPOS="986"/>
							<String ID="string_272" HPOS="1016" VPOS="2074" WIDTH="30" HEIGHT="22" WC="0.92" CONTENT="v."/><SP WIDTH="30" VPOS="2074" HPOS="1046"/>
							<String ID="string_273" HPOS="1076" VPOS="2065" WIDTH="44" HEIGHT="32" WC="0.93" CONTENT="än"/><SP WIDTH="29" VPOS="2065" HPOS="1120"/>
							<String ID="string_274" HPOS="1149" VPOS="2061" WIDTH="230" HEIGHT="49" WC="0.92" CONTENT="silfvermynt,"/><SP WIDTH="30" VPOS="2061" HPOS="1379"/>
							<String ID="string_275" HPOS="1409" VPOS="2062" WIDTH="37" HEIGHT="36" WC="0.96" CONTENT="så"/><SP WIDTH="29" VPOS="2062" HPOS="1446"/>
							<String ID="string_276" HPOS="1475" VPOS="2067" WIDTH="49" HEIGHT="31" WC="0.96" CONTENT="att"/><SP WIDTH="28" VPOS="2067" HPOS="1524"/>
							<String ID="string_277" HPOS="1552" VPOS="2063" WIDTH="248" HEIGHT="46" WC="0.96" CONTENT="borttagandet"/><SP WIDTH="29" VPOS="2063" HPOS="1800"/>
							<String ID="string_278" HPOS="1829" VPOS="2063" WIDTH="37" HEIGHT="35" WC="0.93" CONTENT="af"/><SP WIDTH="25" VPOS="2063" HPOS="1866"/>
							<String ID="string_279" HPOS="1891" VPOS="2062" WIDTH="90" HEIGHT="36" WC="0.93" CONTENT="små-"/>
						</TextLine>
						<TextLine ID="line_27" HPOS="375" VPOS="2109" WIDTH="1606" HEIGHT="53">
							<String ID="string_280" HPOS="375" VPOS="2109" WIDTH="117" HEIGHT="35" WC="0.96" CONTENT="sedlar"/><SP WIDTH="29" VPOS="2109" HPOS="492"/>
							<String ID="string_281" HPOS="521" VPOS="2110" WIDTH="111" HEIGHT="36" WC="0.96" CONTENT="under"/><SP WIDTH="31" VPOS="2110" HPOS="632"/>
							<String ID="string_282" HPOS="663" VPOS="2115" WIDTH="19" HEIGHT="32" WC="0.96" CONTENT="5"/><SP WIDTH="32" VPOS="2115" HPOS="682"/>
							<String ID="string_283" HPOS="714" VPOS="2112" WIDTH="130" HEIGHT="36" WC="0.96" CONTENT="kronor"/><SP WIDTH="27" VPOS="2112" HPOS="844"/>
							<String ID="string_284" HPOS="871" VPOS="2114" WIDTH="116" HEIGHT="37" WC="0.93" CONTENT="skulle"/><SP WIDTH="21" VPOS="2114" HPOS="987"/>
							<String ID="string_285" HPOS="1008" VPOS="2113" WIDTH="19" HEIGHT="35" WC="0.92" CONTENT="å"/><SP WIDTH="21" VPOS="2113" HPOS="1027"/>
							<String ID="string_286" HPOS="1048" VPOS="2113" WIDTH="42" HEIGHT="35" WC="0.96" CONTENT="de"/><SP WIDTH="20" VPOS="2113" HPOS="1090"/>
							<String ID="string_287" HPOS="1110" VPOS="2113" WIDTH="98" HEIGHT="36" WC="0.96" CONTENT="flesta"/><SP WIDTH="20" VPOS="2113" HPOS="1208"/>
							<String ID="string_288" HPOS="1228" VPOS="2120" WIDTH="93" HEIGHT="29" WC="0.96" CONTENT="orter"/><SP WIDTH="19" VPOS="2120" HPOS="1321"/>
							<String ID="string_289" HPOS="1340" VPOS="2115" WIDTH="112" HEIGHT="35" WC="0.96" CONTENT="väcka"/><SP WIDTH="20" VPOS="2115" HPOS="1452"/>
							<String ID="string_290" HPOS="1472" VPOS="2115" WIDTH="147" HEIGHT="35" WC="0.96" CONTENT="allmänt"/><SP WIDTH="20" VPOS="2115" HPOS="1619"/>
							<String ID="string_291" HPOS="1639" VPOS="2115" WIDTH="175" HEIGHT="47" WC="0.95" CONTENT="missnöje."/><SP WIDTH="29" VPOS="2115" HPOS="1814"/>
							<String ID="string_292" HPOS="1843" VPOS="2114" WIDTH="138" HEIGHT="46" WC="0.93" CONTENT="Likväl,"/>
						</TextLine>
						<TextLine ID="line_28" HPOS="375" VPOS="2160" WIDTH="1605" HEIGHT="54">
							<String ID="string_293" HPOS="375" VPOS="2160" WIDTH="65" HEIGHT="35" WC="0.96" CONTENT="och"/><SP WIDTH="45" VPOS="2160" HPOS="440"/>
							<String ID="string_294" HPOS="485" VPOS="2161" WIDTH="54" HEIGHT="35" WC="0.95" CONTENT="för"/><SP WIDTH="41" VPOS="2161" HPOS="539"/>
							<String ID="string_295" HPOS="580" VPOS="2166" WIDTH="49" HEIGHT="31" WC="0.95" CONTENT="att"/><SP WIDTH="42" VPOS="2166" HPOS="629"/>
							<String ID="string_296" HPOS="671" VPOS="2163" WIDTH="44" HEIGHT="47" WC="0.95" CONTENT="gå"/><SP WIDTH="43" VPOS="2163" HPOS="715"/>
							<String ID="string_297" HPOS="758" VPOS="2167" WIDTH="228" HEIGHT="45" WC="0.96" CONTENT="motionären,"/><SP WIDTH="29" VPOS="2167" HPOS="986"/>
							<String ID="string_298" HPOS="1015" VPOS="2165" WIDTH="143" HEIGHT="35" WC="0.93" CONTENT="likasom"/><SP WIDTH="29" VPOS="2165" HPOS="1158"/>
							<String ID="string_299" HPOS="1187" VPOS="2165" WIDTH="348" HEIGHT="48" WC="0.91" CONTENT="Bankofullmäktige"/><SP WIDTH="28" VPOS="2165" HPOS="1535"/>
							<String ID="string_300" HPOS="1563" VPOS="2167" WIDTH="107" HEIGHT="47" WC="0.96" CONTENT="något"/><SP WIDTH="29" VPOS="2167" HPOS="1670"/>
							<String ID="string_301" HPOS="1699" VPOS="2166" WIDTH="52" HEIGHT="35" WC="0.96" CONTENT="till"/><SP WIDTH="28" VPOS="2166" HPOS="1751"/>
							<String ID="string_302" HPOS="1779" VPOS="2170" WIDTH="109" HEIGHT="31" WC="0.96" CONTENT="mötes"/><SP WIDTH="30" VPOS="2170" HPOS="1888"/>
							<String ID="string_303" HPOS="1918" VPOS="2166" WIDTH="62" HEIGHT="35" WC="0.96" CONTENT="och"/>
						</TextLine>
						<TextLine ID="line_29" HPOS="375" VPOS="2211" WIDTH="1607" HEIGHT="55">
							<String ID="string_304" HPOS="375" VPOS="2211" WIDTH="54" HEIGHT="36" WC="0.95" CONTENT="för"/><SP WIDTH="43" VPOS="2211" HPOS="429"/>
							<String ID="string_305" HPOS="472" VPOS="2216" WIDTH="51" HEIGHT="32" WC="0.95" CONTENT="att"/><SP WIDTH="42" VPOS="2216" HPOS="523"/>
							<String ID="string_306" HPOS="565" VPOS="2214" WIDTH="37" HEIGHT="35" WC="0.95" CONTENT="så"/><SP WIDTH="43" VPOS="2214" HPOS="602"/>
							<String ID="string_307" HPOS="645" VPOS="2216" WIDTH="216" HEIGHT="47" WC="0.95" CONTENT="småningom"/><SP WIDTH="43" VPOS="2216" HPOS="861"/>
							<String ID="string_308" HPOS="904" VPOS="2218" WIDTH="105" HEIGHT="47" WC="0.96" CONTENT="vänja"/><SP WIDTH="42" VPOS="2218" HPOS="1009"/>
							<String ID="string_309" HPOS="1051" VPOS="2217" WIDTH="235" HEIGHT="37" WC="0.96" CONTENT="allmänheten"/><SP WIDTH="30" VPOS="2217" HPOS="1286"/>
							<String ID="string_310" HPOS="1316" VPOS="2219" WIDTH="57" HEIGHT="34" WC="0.96" CONTENT="vid"/><SP WIDTH="31" VPOS="2219" HPOS="1373"/>
							<String ID="string_311" HPOS="1404" VPOS="2223" WIDTH="50" HEIGHT="30" WC="0.96" CONTENT="att"/><SP WIDTH="28" VPOS="2223" HPOS="1454"/>
							<String ID="string_312" HPOS="1482" VPOS="2231" WIDTH="96" HEIGHT="23" WC="0.96" CONTENT="mera"/><SP WIDTH="28" VPOS="2231" HPOS="1578"/>
							<String ID="string_313" HPOS="1606" VPOS="2219" WIDTH="161" HEIGHT="47" WC="0.96" CONTENT="begagna"/><SP WIDTH="26" VPOS="2219" HPOS="1767"/>
							<String ID="string_314" HPOS="1793" VPOS="2218" WIDTH="189" HEIGHT="47" WC="0.96" CONTENT="klingande"/>
						</TextLine>
						<TextLine ID="line_30" HPOS="373" VPOS="2266" WIDTH="1609" HEIGHT="53">
							<String ID="string_315" HPOS="373" VPOS="2268" WIDTH="120" HEIGHT="43" WC="0.90" CONTENT="mynt,"/><SP WIDTH="43" VPOS="2268" HPOS="493"/>
							<String ID="string_316" HPOS="536" VPOS="2266" WIDTH="100" HEIGHT="36" WC="0.96" CONTENT="torde"/><SP WIDTH="43" VPOS="2266" HPOS="636"/>
							<String ID="string_317" HPOS="679" VPOS="2272" WIDTH="47" HEIGHT="32" WC="0.95" CONTENT="ett"/><SP WIDTH="44" VPOS="2272" HPOS="726"/>
							<String ID="string_318" HPOS="770" VPOS="2269" WIDTH="160" HEIGHT="50" WC="0.96" CONTENT="lämpligt"/><SP WIDTH="41" VPOS="2269" HPOS="930"/>
							<String ID="string_319" HPOS="971" VPOS="2276" WIDTH="76" HEIGHT="41" WC="0.96" CONTENT="steg"/><SP WIDTH="28" VPOS="2276" HPOS="1047"/>
							<String ID="string_320" HPOS="1075" VPOS="2269" WIDTH="129" HEIGHT="36" WC="0.96" CONTENT="framåt"/><SP WIDTH="36" VPOS="2269" HPOS="1204"/>
							<String ID="string_321" HPOS="1240" VPOS="2271" WIDTH="44" HEIGHT="46" WC="0.95" CONTENT="på"/><SP WIDTH="41" VPOS="2271" HPOS="1284"/>
							<String ID="string_322" HPOS="1325" VPOS="2270" WIDTH="65" HEIGHT="36" WC="0.95" CONTENT="den"/><SP WIDTH="30" VPOS="2270" HPOS="1390"/>
							<String ID="string_323" HPOS="1420" VPOS="2271" WIDTH="154" HEIGHT="35" WC="0.96" CONTENT="önskade"/><SP WIDTH="29" VPOS="2271" HPOS="1574"/>
							<String ID="string_324" HPOS="1603" VPOS="2271" WIDTH="116" HEIGHT="35" WC="0.96" CONTENT="banan"/><SP WIDTH="29" VPOS="2271" HPOS="1719"/>
							<String ID="string_325" HPOS="1748" VPOS="2270" WIDTH="116" HEIGHT="46" WC="0.96" CONTENT="blifva,"/><SP WIDTH="31" VPOS="2270" HPOS="1864"/>
							<String ID="string_326" HPOS="1895" VPOS="2273" WIDTH="50" HEIGHT="32" WC="0.96" CONTENT="att"/><SP WIDTH="26" VPOS="2273" HPOS="1945"/>
							<String ID="string_327" HPOS="1971" VPOS="2269" WIDTH="11" HEIGHT="35" WC="0.96" CONTENT="i"/>
						</TextLine>
						<TextLine ID="line_31" HPOS="375" VPOS="2316" WIDTH="1607" HEIGHT="54">
							<String ID="string_328" HPOS="375" VPOS="2316" WIDTH="118" HEIGHT="36" WC="0.94" CONTENT="stället"/><SP WIDTH="40" VPOS="2316" HPOS="493"/>
							<String ID="string_329" HPOS="533" VPOS="2317" WIDTH="52" HEIGHT="36" WC="0.94" CONTENT="för"/><SP WIDTH="41" VPOS="2317" HPOS="585"/>
							<String ID="string_330" HPOS="626" VPOS="2331" WIDTH="42" HEIGHT="23" WC="0.96" CONTENT="en"/><SP WIDTH="43" VPOS="2331" HPOS="668"/>
							<String ID="string_331" HPOS="711" VPOS="2320" WIDTH="111" HEIGHT="37" WC="0.95" CONTENT="krona"/><SP WIDTH="28" VPOS="2320" HPOS="822"/>
							<String ID="string_332" HPOS="850" VPOS="2323" WIDTH="72" HEIGHT="36" WC="0.93" CONTENT="låta"/><SP WIDTH="26" VPOS="2323" HPOS="922"/>
							<String ID="string_333" HPOS="948" VPOS="2321" WIDTH="107" HEIGHT="37" WC="0.92" CONTENT="förfär"/><SP WIDTH="16" VPOS="2321" HPOS="1055"/>
							<String ID="string_334" HPOS="1071" VPOS="2321" WIDTH="81" HEIGHT="48" WC="0.91" CONTENT="diga"/><SP WIDTH="41" VPOS="2321" HPOS="1152"/>
							<String ID="string_335" HPOS="1193" VPOS="2322" WIDTH="312" HEIGHT="36" WC="0.88" CONTENT="två-kronesedlar."/><SP WIDTH="55" VPOS="2322" HPOS="1505"/>
							<String ID="string_336" HPOS="1560" VPOS="2321" WIDTH="218" HEIGHT="49" WC="0.87" CONTENT="Härigenom"/><SP WIDTH="42" VPOS="2321" HPOS="1778"/>
							<String ID="string_337" HPOS="1820" VPOS="2322" WIDTH="112" HEIGHT="35" WC="0.93" CONTENT="skulle"/><SP WIDTH="39" VPOS="2322" HPOS="1932"/>
							<String ID="string_338" HPOS="1971" VPOS="2321" WIDTH="11" HEIGHT="35" WC="0.96" CONTENT="i"/>
						</TextLine>
						<TextLine ID="line_32" HPOS="375" VPOS="2367" WIDTH="1607" HEIGHT="54">
							<String ID="string_339" HPOS="375" VPOS="2367" WIDTH="58" HEIGHT="36" WC="0.96" CONTENT="det"/><SP WIDTH="33" VPOS="2367" HPOS="433"/>
							<String ID="string_340" HPOS="466" VPOS="2373" WIDTH="173" HEIGHT="33" WC="0.96" CONTENT="närmaste"/><SP WIDTH="31" VPOS="2373" HPOS="639"/>
							<String ID="string_341" HPOS="670" VPOS="2374" WIDTH="38" HEIGHT="35" WC="0.96" CONTENT="så"/><SP WIDTH="28" VPOS="2374" HPOS="708"/>
							<String ID="string_342" HPOS="736" VPOS="2373" WIDTH="58" HEIGHT="35" WC="0.96" CONTENT="väl"/><SP WIDTH="28" VPOS="2373" HPOS="794"/>
							<String ID="string_343" HPOS="822" VPOS="2376" WIDTH="195" HEIGHT="35" WC="0.96" CONTENT="kostnaden"/><SP WIDTH="28" VPOS="2376" HPOS="1017"/>
							<String ID="string_344" HPOS="1045" VPOS="2387" WIDTH="72" HEIGHT="24" WC="0.92" CONTENT="som"/><SP WIDTH="29" VPOS="2387" HPOS="1117"/>
							<String ID="string_345" HPOS="1146" VPOS="2374" WIDTH="295" HEIGHT="47" WC="0.90" CONTENT="tjenstemännens"/><SP WIDTH="29" VPOS="2374" HPOS="1441"/>
							<String ID="string_346" HPOS="1470" VPOS="2375" WIDTH="11" HEIGHT="35" WC="0.96" CONTENT="i"/><SP WIDTH="28" VPOS="2375" HPOS="1481"/>
							<String ID="string_347" HPOS="1509" VPOS="2376" WIDTH="140" HEIGHT="34" WC="0.96" CONTENT="banken"/><SP WIDTH="30" VPOS="2376" HPOS="1649"/>
							<String ID="string_348" HPOS="1679" VPOS="2375" WIDTH="123" HEIGHT="35" WC="0.96" CONTENT="besvär"/><SP WIDTH="26" VPOS="2375" HPOS="1802"/>
							<String ID="string_349" HPOS="1828" VPOS="2374" WIDTH="154" HEIGHT="35" WC="0.96" CONTENT="minskas"/>
						</TextLine>
					</TextBlock>
				</ComposedBlock>
			</PrintSpace>
		</Page>
	</Layout>
</alto>
