2220 2618
415 229 247 32 Sammansatta
690 231 96 29 stats-
814 227 56 33 och
899 227 223 41 lagulskottets
1149 237 41 21 nr
1219 229 21 29 3
1266 226 168 32 memorial
1461 226 53 31 Nr
1543 227 31 29 4.
1778 226 14 30 1

929 580 67 38 Nr
1024 580 43 38 5.

742 694 128 28 Ankom
892 694 49 27 till
964 693 188 36 riksdagens
1175 692 105 28 kansli
1304 692 60 27 den
1389 692 17 27 9
1430 692 70 37 juni
1528 691 77 28 1917
1631 691 40 28 kl.
1699 692 36 26 12
1759 700 40 18 m.

512 786 269 37 Sammansatta
822 792 102 29 stats-
966 786 60 35 och
1068 784 241 49 lagutskottets
1349 784 60 46 (nr
1436 783 41 47 3)
1514 783 183 36 memorial
1723 783 79 35 med

616 846 212 36 hemställan
857 858 55 24 om
940 845 199 36 anvisande
1157 858 45 23 av
1221 844 196 48 ersättning
1436 844 39 36 åt
1493 844 179 36 utskottets
1690 843 112 36 sekre-

620 913 111 29 terare
759 906 60 36 och
848 905 277 48 vaktbetjäning.

309 1034 277 37 Sammansatta
613 1038 110 32 stats-
751 1032 71 37 och
850 1032 248 49 lagutskottet
1125 1045 45 22 nr
1197 1033 21 33 3
1248 1031 57 36 får
1331 1030 153 37 härmed
1513 1029 205 47 hemställa,

708 1141 54 32 att
801 1135 202 49 riksdagen
1045 1137 115 34 måtte
1202 1134 131 37 anvisa
1372 1136 124 34 såsom
1530 1133 211 48 ersättning
1769 1134 36 34 åt

604 1187 199 38 utskottets
832 1188 226 36 sekreterare
1085 1192 55 31 ett
1167 1186 137 49 belopp
1333 1199 47 23 av
1399 1187 74 35 250
1493 1185 138 37 kronor
1649 1190 97 31 samt
1766 1187 38 33 åt

605 1240 280 37 vaktmästarna
912 1239 12 36 i
952 1238 290 46 statsutskottet,
1276 1238 6 36 i
1309 1251 85 23 vars
1413 1237 101 37 lokal
1537 1237 62 37 det
1618 1249 187 24 samman-

608 1297 98 32 satta
745 1291 200 37 utskottets
987 1289 303 38 sammanträden
1331 1289 138 48 hållits,
1511 1294 54 31 ett
1592 1288 138 50 belopp
1758 1301 48 22 av

607 1345 47 35 25
683 1343 149 37 kronor.

312 1412 217 37 Stockholm
558 1411 72 38 den
659 1413 21 34 9
704 1411 84 50 juni
819 1412 109 35 1917.

624 1532 52 37 På
704 1536 270 32 sammansatta
999 1529 201 38 utskottets
1227 1533 160 44 vägnar:

752 1643 37 37 S.
819 1643 47 36 H.
896 1640 369 39 KVARNZELIUS.

302 2327 114 36 Bihang
439 2326 44 30 till
506 2326 168 36 riksdagens
692 2323 146 39 protokoll
862 2323 89 29 1917.
998 2323 18 28 6
1038 2322 82 29 saml.
1167 2322 18 28 4
1208 2321 63 29 avd.
1317 2321 18 28 4
1358 2321 74 36 häft.
1477 2320 61 36 (Nr
1560 2318 45 39 5)
