1928 2858
467 164 394 35 Jordbruksutskottets
894 168 187 34 utlåtande
1114 170 51 32 Nr
1188 172 52 29 36.
1552 176 13 29 1

784 456 59 39 Nr
869 456 63 42 36.

633 580 110 23 Ankom
766 582 41 22 till
828 582 160 30 riksdagens
1009 584 87 23 kansli
1118 584 53 24 den
1192 587 14 20 6
1228 586 53 29 maj
1302 587 65 23 1924
1390 587 33 22 kl.
1449 588 29 22 10
1498 588 16 22 f.
1538 595 33 15 m.

219 684 191 34 Utlåtande
444 688 12 30 i
491 688 189 38 anledning
710 699 44 21 av
778 690 104 32 väckt
904 693 135 30 motion
1064 702 56 22 om
1144 695 71 30 viss
1238 696 150 36 ändring
1411 697 12 30 i
1446 696 164 37 gällande

414 739 131 32 villkor
578 740 56 36 för
657 741 202 32 erhållande
882 753 44 22 av
949 744 213 38 statsbidrag
1186 745 55 32 till
1265 747 344 37 lantmäteriförrätt-

413 792 94 36 ning.

1388 844 65 35 (1l:a
1477 843 88 38 avd.)

150 944 17 30 I
191 953 41 22 en
256 944 93 32 inom
372 945 108 31 andra
504 947 198 32 kammaren
726 949 111 35 väckt,
859 949 54 31 till
929 950 342 36 jordbruksutskottet
1287 953 167 32 hänvisad
1469 951 139 44 motion,

106 1006 41 21 nr
183 997 51 35 86,
268 1007 45 20 av
348 997 79 31 herr
460 998 177 37 Jeppsson
660 999 62 31 har
746 1000 200 37 hemställts,
969 1004 51 29 att
1043 1003 181 37 riksdagen
1248 1005 80 30 ville
1351 1005 130 32 besluta
1504 1007 104 31 sådan

106 1047 149 37 ändring
289 1049 12 30 i
336 1049 158 37 gällande
529 1051 126 31 villkor
683 1052 52 31 för
758 1053 196 32 erhållande
976 1064 44 21 av
1044 1055 201 38 statsbidrag
1269 1057 54 31 till
1346 1058 263 32 lantmäteriför-

106 1101 166 36 rättning,
296 1102 49 30 att
368 1102 203 37 statsbidrag
595 1105 55 30 må
674 1106 81 34 utgå
779 1105 75 31 med
878 1106 129 37 belopp,
1023 1108 234 32 motsvarande
1274 1109 65 32 vad
1355 1111 43 35 på
1414 1111 195 36 egnahems-

108 1152 146 36 köparen
278 1154 12 30 i
314 1154 97 36 fråga
434 1154 135 37 belöper
591 1166 45 21 av
658 1156 54 31 det
736 1158 227 32 lantmätaren
986 1159 53 31 för
1063 1160 251 37 förrättningen
1329 1162 107 37 enligt
1452 1163 156 36 gällande

105 1204 277 33 lantmäteritaxa
416 1207 255 33 tillkommande
705 1210 132 36 arvode,
866 1211 204 32 inberäknat
1093 1213 91 31 lösen
1208 1214 51 30 för
1283 1215 113 30 kartor
1420 1216 62 30 och
1506 1216 103 31 hand-

106 1256 124 37 lingar.

148 1326 17 31 I
188 1327 49 38 $1
263 1328 11 29 i
298 1327 224 37 kungörelsen
544 1329 63 32 den
625 1331 18 30 8
659 1331 77 36 juni
753 1331 83 31 1923
853 1333 54 35 (nr
924 1332 76 38 238)
1015 1334 172 36 angående
1204 1336 125 31 villkor
1346 1336 52 31 för
1413 1337 195 32 erhållande

103 1388 45 21 av
186 1379 203 37 statsbidrag
424 1381 55 31 till
512 1382 443 38 lantmäteriförrättningar
978 1385 142 37 stadgas,
1148 1388 50 30 att
1221 1387 54 31 till
1297 1388 74 36 den,
1395 1398 71 21 som
1489 1399 120 26 genom

105 1431 281 35 upplåtelseavtal
420 1433 176 32 förvärvat
630 1435 144 37 område,
809 1436 106 31 vilket
942 1437 84 31 efter
1048 1437 64 32 den
1136 1440 18 29 1
1178 1439 136 36 januari
1338 1440 83 31 1921
1446 1441 163 32 utbrutits

103 1492 121 26 genom
258 1483 286 39 jordavsöndring
578 1487 79 31 eller
691 1496 121 27 genom
843 1489 249 37 ägostyckning
1114 1491 108 36 enligt
1246 1491 17 31 3
1281 1493 17 37 $
1321 1492 13 31 i
1357 1493 100 36 lagen
1480 1493 64 32 den
1567 1495 41 30 27

103 1535 77 36 Juni
216 1536 83 31 1896
335 1547 55 21 om
425 1537 357 39 hemmansklyvning,
817 1541 246 37 ägostyckning
1086 1543 61 31 och
1170 1543 294 39 Jordavsöndring,
1488 1547 37 30 så
1548 1547 60 30 ock

101 1588 57 30 till
192 1591 100 33 ägare
326 1599 43 20 av
404 1590 146 37 område,
578 1601 71 21 som
671 1592 83 31 efter
777 1592 64 31 den
865 1594 18 30 1
907 1593 67 37 juli
997 1594 84 32 1923
1106 1595 162 32 utbrutits
1291 1606 120 28 genom
1434 1599 174 36 ägostyck-

104 1640 84 36 ning
223 1641 108 36 enligt
365 1643 18 29 2
408 1643 17 38 $
460 1643 12 31 i
500 1644 151 31 nämnda
674 1645 65 36 lag,
763 1646 56 30 må
842 1646 54 31 till
920 1646 209 33 bestridande
1152 1658 46 21 av
1221 1649 224 32 kostnaderna
1468 1651 54 30 för
1545 1651 64 31 för-

105 1693 200 36 rättningen
328 1695 84 35 utgå
436 1696 204 37 statsbidrag
664 1697 75 31 med
762 1698 127 36 belopp,
913 1700 234 31 motsvarande
1171 1701 97 36 högst
1291 1702 67 32 vad
1373 1703 43 35 på
1432 1703 177 32 området
1591 1689 21 53 i

105 1744 98 37 fråga
237 1745 132 38 belöper
403 1757 44 21 av
481 1747 55 32 det
569 1749 227 31 lantmätaren
830 1750 53 31 för
917 1751 251 37 förrättningen
1202 1753 106 37 enligt
1342 1755 158 36 gällande
1524 1756 85 31 lant-

105 1798 203 31 mäteritaxa
336 1799 256 33 tillkommande
615 1801 133 37 arvode,
772 1803 202 31 inberäknat
997 1804 91 31 lösen
1111 1805 52 31 för
1186 1806 99 31 karta
1308 1807 60 30 och
1391 1803 217 46 handlingar,

103 1849 83 31 dock
221 1852 59 35 att,
315 1851 61 31 där
410 1853 160 36 området,
605 1854 182 32 oberäknat
818 1855 157 32 därinom
999 1857 148 31 fallande
1171 1858 228 37 impediment,
1423 1861 186 36 överstiger

101 1902 95 31 inom
220 1902 221 33 Norrbottens
464 1905 61 31 och
549 1906 253 32 Västerbottens
824 1907 74 32 läns
921 1908 214 36 lappmarker
1159 1911 40 30 75
1223 1910 128 37 hektar,
1376 1912 94 31 inom
1493 1922 114 22 annan

103 1953 53 32 del
179 1964 44 21 av
247 1955 93 32 dessa
363 1957 58 31 län
444 1959 88 29 samt
555 1958 93 31 inom
669 1959 214 37 Värmlands,
901 1960 246 38 Kopparbergs,
1163 1962 216 38 Gävleborgs,
1393 1964 214 32 Västernorr-

102 2007 98 31 lands
227 2008 62 31 och
313 2009 194 32 Jämtlands
530 2010 58 31 län
612 2011 40 31 40
676 2011 119 32 hektar
818 2015 87 29 samt
928 2014 94 31 inom
1045 2015 119 36 övriga
1188 2016 56 30 län
1270 2017 39 30 20
1334 2017 127 36 hektar,
1485 2018 122 37 bidrag

103 2059 72 31 icke
209 2061 101 35 utgår
344 2062 52 30 för
431 2062 64 31 den
527 2062 53 31 del
611 2074 43 20 av
678 2064 138 31 berörda
840 2066 188 37 kostnader,
1052 2077 71 21 som
1147 2068 134 36 belöper
1303 2070 42 35 på
1369 2070 66 31 vad
1458 2070 150 32 området

101 2112 189 32 innehåller
313 2115 119 30 utöver
455 2124 80 27 nyss
557 2117 152 35 angivna
732 2118 99 30 areal.

147 2164 119 32 Såsom
289 2166 245 37 förutsättning
558 2168 53 31 för
634 2169 134 37 bidrags
791 2170 195 32 erhållande
1009 2172 116 36 gäller,

146 2218 31 37 a)
201 2218 50 30 att
275 2218 251 38 förrättningen
549 2222 107 30 avsett
678 2222 298 32 åstadkommande
998 2234 45 20 av
1066 2225 162 31 småbruk
1251 2226 81 31 eller
1355 2228 72 35 eget
1451 2227 90 35 hem;

146 2269 34 38 b)
205 2271 50 30 att
279 2271 170 32 sökanden
473 2275 38 28 är
534 2273 130 32 enskild
688 2284 117 26 person
828 2275 81 32 eller
933 2277 134 35 utgöres
1089 2287 44 20 av
1150 2278 97 36 bolag
1263 2279 78 31 eller
1359 2279 158 36 förening
1533 2280 74 32 med

104 2322 86 36 syfte
213 2324 52 30 att
288 2323 164 38 befrämja
477 2325 157 32 bildande
657 2337 44 20 av
724 2327 162 32 småbruk
909 2329 81 31 eller
1013 2339 88 26 egna
1123 2330 92 36 hem;

145 2376 29 37 ec)
200 2376 51 30 att
274 2376 40 31 de
337 2376 170 33 sökanden
530 2378 181 37 åliggande
734 2380 225 32 kostnaderna
982 2381 52 31 för
1057 2382 250 38 förrättningen
1325 2385 104 31 måste
1444 2395 95 22 anses
1555 2386 52 32 för

102 2426 124 32 honom
262 2428 212 37 betungande
508 2431 12 30 i
556 2430 210 33 förhållande
800 2433 54 31 till
888 2434 85 31 hans
1007 2435 217 32 ekonomiska
1252 2437 163 37 ställning
1438 2438 90 37 eller,
1552 2449 54 21 om

105 2480 171 31 sökanden
310 2483 136 35 utgöres
479 2493 44 20 av
555 2483 99 37 bolag
686 2485 79 31 eller
794 2485 166 37 förening,
984 2488 50 30 att
1057 2487 119 32 sådant
1199 2488 120 37 bidrag
1343 2490 90 31 visas
1457 2490 148 32 medföra

101 2541 110 32 Bihang
233 2543 40 25 till
297 2544 166 31 riksdagens
487 2547 144 28 protokoll
655 2547 74 25 1924.
771 2549 30 23 10
820 2550 81 23 saml.
940 2550 32 23 18
992 2550 68 30 häft.
1098 2547 53 32 (Nr
1169 2551 124 28 36—38)
1556 2556 12 23 1
