1882 2808
121 2344 140 26 Utskottet.

331 163 39 30 14
756 166 289 36 Statsutskottets
1068 169 183 34 utlåtande
1275 182 40 22 nr
1335 174 51 31 78.

329 244 108 34 räkna
457 245 89 40 med,
567 250 56 29 att
645 247 241 43 statsbidraget
909 248 83 34 skall
1014 262 82 21 vara
1120 250 251 35 skoldistrikten
1393 252 165 35 tillhanda
1580 253 70 35 före
1672 254 140 35 höstter-

329 297 127 34 minens
476 298 131 42 början.

374 359 18 33 I
412 359 323 44 remissyttrandena
755 362 80 34 blev
856 363 41 34 de
917 364 227 43 sakkunnigas
1165 365 121 44 förslag
1307 366 138 35 föremål
1465 367 53 34 för
1538 369 151 43 åtskillig
1708 369 102 34 kritik

329 412 103 35 bland
450 419 106 29 annat
573 414 76 34 från
667 416 255 42 statskontoret,
940 417 398 44 riksräkenskapsverket
1357 421 62 33 och
1439 421 329 44 skolöverstyrelsen.

373 510 402 45 Departementschefen
795 513 101 34 anför
915 514 54 34 för
988 527 87 30 egen
1095 516 56 33 del
1170 516 167 43 följande.

372 582 131 43 Frågan
518 596 58 21 om
590 584 41 34 de
645 585 276 35 administrativa
933 587 253 35 bestämmelser
1199 589 63 33 och
1275 588 206 36 föreskrifter
1497 603 56 22 om
1566 591 158 43 kontroll,
1738 604 73 23 som

327 627 92 34 skola
434 628 125 42 reglera
575 630 264 42 användningen
857 643 44 21 av
916 632 56 33 det
986 631 188 44 föreslagna
1191 634 252 43 statsbidraget,
1460 638 36 30 är
1510 640 86 29 utan
1613 637 105 33 tvivel
1736 649 75 30 syn-

325 672 145 43 nerligen
488 673 247 42 betydelsefull.
753 674 240 43 Riktpunkten
1012 676 53 34 för
1084 678 271 42 anordningarna
1375 680 44 41 på
1438 680 98 34 detta
1554 681 138 34 område
1712 693 98 31 synes

326 716 69 42 mig
408 717 184 34 emellertid
610 718 80 34 böra
708 731 94 28 vara,
820 724 54 29 att
892 720 64 34 alla
971 721 251 35 bestämmelser
1237 726 97 39 göras
1352 724 100 33 enkla
1470 725 63 33 och
1549 725 87 34 lätta
1654 730 55 29 att
1725 731 84 28 utan

326 761 122 42 onödig
466 763 147 42 omgång
630 763 164 43 tillämpa.
814 764 79 34 Den
911 765 135 42 statliga
1066 766 189 34 kontrollen
1273 770 81 31 över
1373 768 266 36 skoldistriktens
1659 770 151 34 använd-

325 805 80 43 ning
425 818 43 21 av
486 807 243 43 statsbidraget
749 809 50 33 till
819 808 42 34 fri
880 810 413 43 undervisningsmateriel
1315 824 98 31 synes
1434 813 70 43 mig
1526 814 114 34 därför
1661 815 83 34 böra
1765 816 45 33 in-

325 849 161 35 skränkas
504 851 47 34 till
568 856 52 29 att
637 852 398 44 folkskolinspektörerna
1051 855 37 34 få
1104 856 8 33 i
1129 856 156 43 uppdrag
1302 862 52 29 att
1371 857 9 34 i
1396 858 167 34 samband
1580 859 78 34 med
1673 860 64 33 den
1755 859 55 35 all-

324 897 124 31 männa
476 895 235 43 inspektionen
738 897 205 35 kontrollera
971 899 69 34 dels
1070 905 53 29 att
1151 901 452 43 undervisningsmaterielen
1632 904 178 34 tillhanda-

324 938 102 35 hålles
441 944 85 30 utan
541 941 149 34 kostnad
707 941 52 34 för
772 942 152 35 eleverna
941 944 63 33 och
1021 944 69 34 dels
1106 950 54 29 att
1177 946 107 33 denna
1300 947 151 34 materiel
1467 951 196 30 motsvarar
1678 949 130 42 rimliga

325 984 148 42 anspråk
491 984 108 43 ifråga
618 998 56 21 om
694 986 248 44 omfattningen
962 988 62 33 och
1042 989 196 34 kvaliteten.
1259 990 125 43 Någon
1403 991 195 43 ytterligare
1619 993 189 42 detaljkon-

323 1029 75 33 troll
423 1029 63 33 och
510 1030 321 44 detaljredovisning
854 1033 46 41 på
924 1035 69 31 sätt
1019 1033 43 34 de
1087 1034 209 43 sakkunniga
1322 1036 64 33 och
1411 1036 396 43 riksräkenskapsverket

322 1072 168 44 föreslagit
506 1073 107 35 finner
629 1075 57 43 jag
703 1075 74 34 icke
794 1076 201 43 erforderlig.
1014 1078 78 33 Den
1111 1078 104 35 skulle
1233 1079 100 34 också
1353 1080 44 34 bli
1416 1081 211 42 synnerligen
1647 1082 79 33 tids-
1744 1083 62 33 och

324 1117 289 36 arbetskrävande
630 1120 61 33 och
711 1121 77 33 svår
804 1125 52 30 att
872 1121 11 34 i
900 1122 183 42 praktiken
1100 1123 205 42 genomföra.
1323 1124 118 43 Något
1461 1126 347 43 ståndpunktstagan-

324 1162 41 33 de
382 1162 48 34 till
448 1163 39 33 de
504 1164 232 43 sakkunnigas
753 1166 164 41 yttrande
934 1178 56 22 om
1008 1167 215 43 omläggning
1240 1181 44 20 av
1302 1169 266 35 skoldistriktens
1588 1171 219 43 räkenskaps-

322 1205 109 45 föring
448 1207 109 34 finner
574 1208 61 43 jag
653 1208 51 34 för
724 1211 212 33 närvarande
957 1211 72 33 icke
1046 1211 218 44 erforderligt.
1286 1213 224 37 Beträffande
1529 1215 205 42 tidpunkten
1754 1216 53 34 för

322 1251 292 36 rekvisitionernas
637 1253 179 43 ingivande
839 1255 63 33 och
925 1256 188 41 grunderna
1138 1256 52 34 för
1212 1257 216 35 beräknande
1450 1271 47 21 av
1521 1260 130 34 antalet
1674 1261 132 34 statsbi-

322 1296 314 44 dragsberättigade
661 1298 85 34 barn
771 1300 150 33 ansluter
943 1300 59 42 jag
1024 1301 71 42 mig
1117 1301 50 34 till
1193 1302 40 33 de
1256 1303 210 41 synpunkter
1491 1303 313 44 skolöverstyrelsen

320 1340 167 35 framfört.
507 1341 407 44 Statsbidragssummans
931 1344 126 34 storlek
1077 1346 97 33 torde
1193 1346 142 34 sålunda
1353 1347 52 33 för
1425 1348 96 42 varje
1541 1349 88 34 läsår
1649 1350 82 33 böra
1752 1351 53 33 be-

322 1388 161 32 stämmas
504 1387 78 33 med
603 1387 131 42 hänsyn
754 1388 49 34 till
824 1389 219 34 barnantalet
1063 1390 57 34 vid
1143 1390 275 43 nästföregående
1438 1393 200 35 vårtermins
1661 1394 77 34 slut.

367 1430 71 34 Det
462 1431 97 33 torde
585 1431 35 34 få
647 1432 183 34 ankomma
858 1434 45 41 på
928 1433 128 43 Kungl.
1083 1435 110 42 Maj:t
1220 1439 52 30 att
1299 1436 153 34 meddela
1482 1438 42 33 de
1550 1438 253 35 bestämmelser

321 1475 141 33 rörande
482 1476 242 43 statsbidraget
744 1478 63 32 och
827 1478 161 34 villkoren
1009 1478 52 34 för
1083 1479 74 35 dess
1178 1480 213 42 åtnjutande,
1412 1494 72 21 som
1506 1483 58 33 må
1584 1482 153 36 befinnas
1757 1495 47 22 er-

319 1518 183 44 forderliga.

364 1564 18 32 I
404 1564 145 43 enlighet
573 1566 76 33 med
674 1566 70 34 sina
769 1567 146 33 direktiv
938 1568 211 35 behandlade
1176 1572 86 31 1937
1287 1571 53 32 års
1365 1570 437 45 skolmaterielsakkunniga

319 1607 154 44 utförligt
488 1609 157 43 frågorna
661 1623 55 21 om
733 1611 280 36 skolmaterielens
1030 1612 218 44 anskaffning
1263 1615 63 33 och
1341 1615 260 43 prissättningen
1616 1618 21 32 å
1652 1618 150 33 densam-

318 1665 68 21 ma.
407 1653 54 34 De
478 1653 123 44 förslag
622 1655 41 33 de
683 1655 209 44 sakkunniga
914 1657 10 33 i
945 1657 96 34 detta
1062 1658 165 34 avseende
1245 1658 172 44 framlagt,
1438 1660 62 33 har
1519 1661 58 42 jag
1596 1661 74 34 icke
1691 1667 110 29 ansett

316 1696 208 45 erforderligt
542 1704 54 29 att
611 1704 153 38 upptaga
779 1701 52 33 till
847 1701 205 43 behandling
1068 1702 9 33 i
1094 1702 220 36 förevarande
1331 1705 258 43 sammanhang,
1606 1709 80 31 enär
1704 1707 98 34 dessa

320 1743 160 41 spörsmål
500 1743 207 43 hänskjutits
725 1745 50 33 till
794 1744 136 44 förnyat
948 1747 241 42 övervägande
1207 1760 43 21 av
1269 1749 40 33 de
1329 1749 222 43 sakkunniga,
1568 1763 75 21 som
1661 1751 59 42 jag
1738 1751 64 34 den

319 1790 41 30 19
378 1787 141 34 oktober
537 1791 87 31 1945
640 1789 160 35 tillkallat
815 1791 77 33 med
909 1791 134 42 uppgift
1063 1796 54 29 att
1131 1792 118 34 utreda
1266 1793 277 44 läroboksfrågan
1561 1795 9 33 i
1588 1795 74 35 dess
1679 1796 122 34 helhet.

317 1830 114 44 Enligt
452 1832 189 34 direktiven
661 1833 52 34 för
733 1834 150 34 nämnda
904 1835 212 43 sakkunniga
1137 1837 94 33 skola
1252 1838 40 33 de
1310 1838 123 34 utreda
1452 1838 119 44 frågan
1592 1852 56 22 om
1670 1837 131 51 möjlig-

316 1876 139 34 heterna
476 1881 54 30 att
549 1878 185 42 nedbringa
755 1878 183 43 utgifterna
959 1879 52 34 för
1032 1880 236 41 skolmateriel,
1290 1883 116 34 varvid
1429 1886 85 31 även
1535 1885 127 33 tanken
1684 1886 46 41 på
1751 1890 50 28 ett

318 1921 130 42 statligt
477 1921 267 44 läroboksförlag
772 1923 209 43 hänskjutits
1010 1925 51 34 till
1090 1926 216 34 kommittén.
1336 1927 115 34 Bland
1479 1928 118 43 övriga
1626 1930 175 42 spörsmål,

317 1964 89 34 vilka
424 1966 108 33 denna
551 1966 184 35 kommitté
753 1967 64 34 har
835 1972 53 30 att
907 1969 129 39 utreda,
1054 1969 191 35 framhålles
1263 1971 119 42 frågan
1402 1984 56 22 om
1478 1973 258 34 distributionen
1756 1987 44 22 av

317 2009 234 41 skolmateriel,
570 2011 122 34 varvid
711 2012 256 43 möjligheterna
986 2026 45 22 av
1047 2026 41 21 en
1108 2015 110 34 direkt
1237 2015 213 35 distribution
1469 2030 44 21 av
1532 2018 267 34 skolmaterielen

315 2053 74 34 från
407 2055 265 41 producenterna
689 2056 50 34 till
758 2057 158 34 skolorna
933 2058 62 33 bör
1011 2059 134 34 särskilt
1162 2060 331 42 uppmärksammas.

362 2099 201 34 Tillsvidare
583 2101 102 41 utgår
703 2100 58 43 jag
782 2101 113 34 därför
913 2101 87 41 från,
1020 2107 54 30 att
1094 2103 247 35 skoldistrikten
1362 2106 58 34 vid
1440 2106 104 43 inköp
1566 2120 44 21 av
1629 2108 170 34 undervis-

314 2142 249 43 ningsmateriel
579 2144 52 34 för
648 2145 154 34 skolorna
821 2146 93 34 skola
932 2146 129 35 förfara
1078 2149 110 33 såsom
1205 2149 151 35 hitintills
1375 2150 61 34 och
1455 2151 183 35 verkställa
1654 2152 144 43 inköpen

316 2187 63 34 och
396 2188 101 34 träffa
514 2189 342 35 överenskommelser
873 2192 76 33 med
968 2192 227 42 producenter
1214 2194 64 33 och
1296 2194 232 36 distributörer
1544 2196 106 43 enligt
1668 2209 47 22 nu
1732 2197 67 43 gäl-

314 2232 98 34 lande
428 2233 179 43 principer.

362 2339 187 34 Utskottet
568 2340 66 34 har
652 2340 76 34 icke
747 2340 120 36 funnit
886 2343 108 41 något
1014 2348 56 29 att
1090 2344 113 34 erinra
1222 2349 76 29 mot
1319 2345 70 34 vad
1410 2345 388 43 departementschefen

316 2392 110 34 under
445 2393 101 34 detta
567 2394 136 33 avsnitt
723 2394 118 35 anfört
861 2395 65 34 och
947 2395 190 44 föreslagit.
