2180 2620
406 164 36 28 10
940 165 228 28 Statsutskottets
1198 165 151 28 Utlåtande
1372 166 60 27 N:o
1457 167 28 27 3.

404 245 110 41 gatan
553 241 67 35 och
656 238 304 49 Skepparegatan
988 240 131 36 endast
1144 253 87 24 vore
1258 241 150 46 vanliga
1436 241 83 46 låga
1546 241 69 37 och
1642 241 112 36 enkla
1779 242 126 46 plank,
1933 253 79 23 som

403 291 207 46 ingalunda
637 290 172 46 lämpade
835 292 56 44 sig
918 303 79 23 som
1023 297 98 43 yttre
1148 291 145 46 hägnad
1321 292 63 36 vid
1413 297 53 30 ett
1492 291 183 48 fängelse;
1703 297 54 30 att
1781 291 232 37 beträffande

404 342 178 47 stängslet
620 348 80 28 mot
739 340 315 49 Skepparegatan,
1090 342 142 36 hvilket
1258 342 94 35 hade
1381 355 43 23 en
1453 342 114 46 längd
1594 341 40 36 af
1661 343 45 35 68
1734 348 123 40 meter,
1885 342 128 37 vidare

402 391 239 44 förekomme,
676 397 55 30 att
756 392 475 48 underhållsskyldigheten
1258 392 110 37 däraf
1392 392 105 48 ålåge
1524 392 101 37 Gäfle
1653 392 90 42 stad,
1771 405 78 24 som
1877 405 134 36 genom

402 442 130 45 nådigt
559 441 83 37 bref
667 442 70 36 den
767 445 17 33 1
810 443 84 45 juni
924 444 96 35 1850
1047 443 118 36 såsom
1194 444 133 35 villkor
1351 442 59 37 för
1429 443 239 48 upptagande
1688 442 20 37 å
1725 443 161 36 kronans
1906 443 105 36 mark

404 491 40 36 af
468 492 121 36 denna
616 498 86 41 gata
728 492 212 37 förbundits
968 498 54 31 att
1038 494 152 36 bekosta
1210 495 66 34 och
1295 493 58 36 för
1371 493 198 37 framtiden
1590 493 220 37 underhålla
1827 493 183 47 passande

403 545 171 45 stängsel,
600 543 67 35 där
695 543 132 37 sådant
853 545 10 34 i
892 544 182 37 anseende
1092 545 56 35 till
1169 558 138 22 samma
1327 550 104 41 gatas
1451 545 229 47 anläggning
1699 544 118 37 blefve
1837 545 174 46 omkring

403 594 163 35 kronans
594 599 135 31 tomter
756 594 249 47 erforderligt;
1033 600 61 38 att,
1122 596 12 35 i
1162 596 200 46 anledning
1390 595 108 36 häraf
1522 596 67 35 och
1609 595 47 36 då
1675 595 126 36 staden
1820 595 48 46 på
1887 595 123 47 grund

403 643 40 36 af
466 644 164 38 nämnda
656 645 137 46 nådiga
819 644 85 37 bref
926 646 81 36 icke
1033 645 105 37 torde
1165 645 110 38 hafva
1302 646 212 48 skyldighet
1541 652 54 30 att
1620 646 65 36 vid
1712 644 298 50 Skepparegatan

402 694 100 37 hålla
541 702 114 31 annat
692 704 46 27 än
765 697 144 45 vanligt
937 697 178 47 passande
1141 698 266 45 tomtstängsel,
1436 698 186 48 styrelsen,
1650 696 112 37 sedan
1788 696 106 49 fråga
1922 709 90 35 upp-

403 746 88 35 stått
510 759 60 23 om
588 745 326 47 fängelsetomtens
933 746 237 48 omgifvande
1188 748 83 36 med
1290 757 176 36 stenmur,
1485 748 80 36 låtit
1584 761 135 34 genom
1739 747 110 36 Eders
1868 747 139 47 Kungl.

402 796 118 46 Maj:ts
552 796 412 45 befallningshafvande
996 799 11 35 i
1035 799 99 35 länet
1160 799 124 36 inleda
1310 799 345 47 underhandlingar
1681 799 85 35 med
1792 798 129 36 staden
1950 811 61 22 an-

402 847 140 46 gående
568 847 247 47 fångvårdens
842 848 264 46 öfvertagande
1134 849 39 35 af
1197 850 157 35 berörda
1381 849 375 49 stängselskyldighet
1781 855 78 30 mot
1886 854 125 30 ersätt-

402 899 91 47 ning
533 897 125 37 därför
698 898 40 36 af
768 899 145 45 staden;
950 907 94 28 samt
1070 905 53 30 att
1151 900 112 35 Eders
1292 900 135 46 Kungl.
1455 900 118 46 Maj:ts
1599 899 412 47 befallningshafvande

402 950 233 35 underrättat
669 950 188 45 styrelsen,
885 950 76 36 dels
989 956 52 30 att
1070 950 332 48 stadsfullmäktige
1429 950 181 37 förklarat
1636 952 56 46 sig
1719 951 124 45 villige
1871 956 55 30 att
1953 949 57 37 för

402 999 147 37 stadens
588 999 202 38 frilösande
828 1000 59 37 för
927 1002 49 34 all
1011 1000 151 37 framtid
1197 1000 81 38 från
1306 1002 165 36 nämnda
1497 1002 220 48 skyldighet,
1745 1014 77 23 som
1850 1002 8 34 i
1889 1002 120 37 stället

402 1050 118 36 skulle
548 1050 207 47 öfvertagas
784 1051 40 36 af
848 1051 240 46 fångvården,
1114 1052 59 36 till
1200 1052 120 36 denna
1347 1053 125 36 betala
1498 1054 10 34 i
1536 1058 52 30 ett
1613 1052 59 36 för
1700 1053 66 35 allt
1795 1054 105 43 1,620
1927 1052 83 35 kro-

401 1115 78 31 nor,
507 1102 76 36 dels
611 1103 68 35 ock
707 1107 54 31 att
787 1102 115 36 Eders
932 1102 133 49 Kungl.
1093 1102 119 47 Maj:ts
1239 1103 410 47 befallningshafvande
1676 1103 133 45 ansåge
1836 1103 117 36 utsikt
1977 1103 29 47 ej

400 1152 200 36 förefinnas
627 1152 58 37 för
713 1153 167 36 ärendets
909 1153 190 37 ordnande
1125 1154 48 46 på
1199 1167 286 35 gynnsammare
1512 1155 144 36 villkor.

503 1203 138 36 Vidare
682 1203 151 38 anförde
872 1203 380 47 fångvårdsstyrelsen
1280 1207 9 33 i
1317 1206 159 35 berörda
1508 1204 201 46 skrifvelse,
1736 1209 54 31 att
1816 1205 192 47 styrelsen,

403 1267 79 22 som
509 1254 63 36 vid
599 1254 198 36 inledande
823 1254 41 36 af
888 1255 392 46 underhandlingarna
1307 1256 84 36 med
1420 1256 128 36 staden
1575 1257 217 46 uppskattat
1814 1256 114 46 priset
1952 1253 57 37 för

401 1304 147 37 stadens
576 1304 190 38 befriande
792 1304 81 37 från
903 1305 278 37 ofvannämnda
1208 1307 212 48 skyldighet
1446 1308 58 35 till
1531 1306 62 37 vid
1620 1319 84 34 pass
1733 1308 105 44 2,000
1858 1307 149 43 kronor,

402 1356 87 36 ville
528 1357 120 34 uttala
686 1357 55 46 sig
780 1356 58 36 för
878 1362 64 39 att,
981 1357 4 35 i
1014 1356 69 36 den
1111 1357 175 36 händelse
1313 1371 51 35 ny
1391 1357 149 47 hägnad
1566 1358 110 45 kring
1702 1357 305 46 fängelsetomten

402 1405 222 48 medgåfves,
653 1409 148 34 stadens
828 1406 270 37 ofvanberörda
1119 1407 41 36 af
1173 1408 112 36 Eders
1301 1408 137 46 Kungl.
1457 1408 118 48 Maj:ts
1594 1407 414 49 befallningshafvande

401 1458 206 48 tillstyrkta
626 1458 227 46 erbjudande
871 1458 114 38 måtte
1005 1458 39 36 af
1061 1458 114 37 Eders
1193 1459 135 47 Kungl.
1346 1459 102 46 Maj:t
1467 1464 162 42 antagas,
1645 1464 96 31 samt
1759 1464 55 31 att
1828 1460 180 47 styrelsen

400 1509 48 46 på
482 1509 45 36 de
562 1509 12 35 i
602 1510 490 44 besigtningsinstrumentet
1126 1515 191 42 upptagna
1344 1511 79 35 skäl
1456 1511 67 35 och
1555 1510 85 37 med
1671 1511 144 48 hänsyn
1845 1511 60 34 till
1938 1509 71 37 den

401 1560 144 36 mindre
573 1559 191 37 afsevärda
790 1560 384 36 kostnadsskillnaden
1203 1560 58 36 för
1288 1561 213 45 hägnadens
1528 1560 232 49 uppförande
1787 1560 40 36 af
1841 1567 79 29 sten
1942 1561 67 35 och

402 1610 40 36 af
465 1616 66 36 trä,
558 1609 205 45 förordade,
792 1616 53 30 att
873 1617 79 29 sten
981 1611 124 35 därtill
1131 1611 134 44 valdes,
1293 1612 12 35 i
1331 1611 144 36 hvilket
1500 1610 67 37 fall
1595 1611 70 36 den
1685 1611 209 36 beräknade
1914 1612 96 35 kost-

402 1661 122 36 naden
552 1660 91 37 efter
670 1660 129 49 afdrag
826 1660 40 36 af
891 1661 157 36 berörda
1070 1663 105 40 1,620
1193 1662 138 35 kronor
1350 1663 121 35 skulle
1489 1662 124 47 uppgå
1630 1662 59 36 till
1711 1664 129 41 11,080
1859 1663 151 35 kronor.

503 1711 84 37 Med
626 1712 146 44 hänsyn
811 1712 58 36 till
910 1712 45 36 de
993 1712 190 48 betydliga
1219 1714 127 44 anslag
1381 1712 59 37 för
1468 1713 115 35 andra
1610 1712 247 47 fångvårdens
1886 1712 122 45 behof,

402 1775 80 23 som
521 1763 63 36 vid
623 1764 95 34 1903
755 1762 56 36 års
847 1763 152 46 riksdag
1032 1763 115 36 måste
1173 1763 160 46 begäras,
1362 1762 218 38 föranledde
1606 1763 403 46 fångvårdsstyrelsens

402 1812 283 49 ifrågavarande
725 1813 218 36 hemställan
985 1814 77 35 icke
1101 1813 123 46 någon
1268 1813 275 47 framställning
1582 1814 60 35 till
1682 1814 113 46 sagda
1835 1814 174 46 Riksdag.

402 1863 186 45 Styrelsen
618 1864 67 35 har
711 1863 84 36 med
822 1864 203 46 anledning
1052 1864 109 36 häraf
1183 1865 12 34 i
1224 1864 190 36 skrifvelse
1442 1864 72 36 den
1542 1866 45 35 29
1617 1865 167 35 sistlidne
1802 1865 208 46 september

401 1914 152 49 förnyat
580 1915 55 35 sin
664 1914 218 36 hemställan
911 1916 10 34 i
950 1920 122 30 ämnet
1100 1915 67 36 och
1195 1915 128 36 därvid
1353 1915 178 46 åberopat
1557 1915 99 37 hvad
1680 1916 11 35 i
1714 1917 92 34 1902
1827 1915 58 36 års
1905 1914 105 37 skrif-

402 1966 99 35 velse
528 1964 123 37 blifvit
679 1964 157 36 anfördt.

503 2013 60 38 Af
586 2015 98 36 hvad
712 2016 12 34 i
751 2015 152 37 ärendet
929 2014 238 37 förekommit
1193 2016 119 36 finner
1334 2016 66 46 jag
1427 2016 62 35 det
1515 2015 155 45 framgå,
1698 2021 54 31 att
1778 2029 73 32 nya
1870 2017 140 46 hägna-

402 2066 65 36 der
506 2066 63 36 vid
609 2065 281 47 ifrågavarande
931 2065 164 48 fängelse
1135 2074 63 28 äro
1235 2065 40 37 af
1306 2066 175 37 behofvet
1514 2067 196 48 påkallade
1737 2066 189 37 äfvensom
1956 2072 54 30 att

401 2117 240 47 hägnaderna
668 2117 211 49 lämpligast
906 2117 91 36 böra
1024 2116 176 48 uppföras
1228 2116 40 36 af
1291 2126 88 27 sten.
1416 2117 93 36 Lika
1528 2118 83 35 med
1628 2116 380 47 fångvårdsstyrelsen

402 2180 107 23 anser
542 2169 63 47 jag
641 2168 79 42 ock,
756 2173 54 30 att
842 2167 71 36 den
942 2166 101 37 Gäfle
1071 2167 82 36 stad
1181 2168 194 46 åliggande
1403 2168 212 49 skyldighet
1642 2173 55 31 att
1724 2168 98 36 hålla
1849 2169 161 45 stängsel

402 2218 62 36 vid
491 2217 299 49 Skepparegatan
821 2218 129 36 endast
978 2219 72 34 kan
1079 2218 76 36 afse
1183 2216 143 50 vanligt
1353 2220 260 45 tomtstängsel
1641 2219 69 36 och
1738 2219 30 47 ej
1794 2220 161 45 stängsel
1976 2217 39 37 af
