1894 2788
497 168 289 30 Statsutskottets
813 167 181 30 utlåtande
1020 176 42 20 nr
1085 165 49 30 50.
1568 164 39 29 23

134 253 58 30 Ett
213 253 236 40 provisorium
471 262 41 21 av
534 253 67 30 den
623 255 64 31 art,
711 262 75 20 som
809 252 10 29 i
842 251 367 30 överenskommelsen
1233 259 110 27 avses,
1366 250 111 29 måste
1502 249 104 39 givet-

90 304 51 31 vis
163 304 230 30 konstrueras
415 304 89 29 efter
526 304 37 30 så
585 304 104 29 enkla
711 303 106 39 linjer
839 312 76 20 som
938 302 149 39 möjligt.
1109 302 66 29 Det
1198 302 72 29 kan
1292 301 45 39 på
1363 300 113 39 grund
1498 301 109 28 härav

88 354 77 30 icke
187 355 186 36 undvikas,
395 356 51 28 att
468 354 67 30 den
557 354 103 31 valda
685 354 184 38 lösningen
891 353 10 29 i
924 353 94 31 vissa
1040 352 227 30 hänseenden
1289 352 67 29 blir
1380 351 226 30 schematisk.

90 406 52 30 Då
166 406 57 30 det
247 406 77 30 icke
348 407 38 28 är
410 405 139 39 möjligt
574 407 50 28 att
649 407 87 28 utan
760 404 220 30 omfattande
1005 404 65 29 och
1098 403 252 30 tidskrävande
1378 402 229 38 utredningar

89 456 247 30 åstadkomma
355 456 271 40 kompensation
645 456 56 30 för
721 455 237 40 tjänstgöring
977 455 45 40 på
1041 454 171 31 obekväm
1232 454 170 30 arbetstid
1421 454 55 29 för
1495 453 112 39 tjäns-

88 508 119 29 temän
225 508 80 29 med
325 507 180 40 oreglerad
523 507 180 34 arbetstid,
724 507 113 29 måste
855 506 218 40 provisoriet,
1093 514 58 21 om
1172 515 84 20 man
1275 506 80 29 över
1373 504 121 30 huvud
1512 505 94 38 taget

88 557 59 30 vill
169 558 145 30 försöka
337 560 51 28 att
413 567 48 20 nu
484 558 116 29 införa
622 558 116 39 någon
761 557 209 39 gottgörelse
993 557 55 29 för
1070 556 99 40 dylik
1191 555 247 40 tjänstgöring,
1461 555 145 39 begrän-

90 617 56 21 sas
167 609 53 29 till
239 608 218 40 tjänstemän
478 617 75 21 som
573 608 46 30 ha
638 609 159 38 reglerad
818 607 181 30 arbetstid.
1021 607 94 30 även
1135 607 11 29 i
1167 607 111 30 andra
1298 606 226 30 hänseenden
1543 606 64 29 har

89 669 43 19 en
153 659 223 40 anknytning
398 659 53 30 till
472 660 58 29 det
550 659 205 30 nuvarande
778 658 343 40 övertidsbegreppet
1142 659 134 28 ansetts
1300 657 188 36 önskvärd,
1510 659 23 27 t.
1556 666 50 19 ex.

87 709 10 29 i
117 710 100 39 fråga
236 719 57 21 om
314 709 300 40 tjänstgöringens
635 708 321 31 kontrollerbarhet
976 709 65 30 och
1060 708 370 40 tjänsteutövningens
1454 709 64 28 art.
1540 708 65 28 Det

89 761 279 29 överenskomna
393 760 236 40 lönetillägget
655 761 91 29 skall
772 760 149 30 sålunda
948 760 83 39 utgå
1056 760 125 29 endast
1207 759 54 30 till
1287 759 217 39 tjänstemän
1529 767 76 21 som

90 811 107 39 enligt
222 811 41 30 32
290 811 15 36 $
333 813 133 30 statens
492 812 181 29 allmänna
697 811 398 39 avlöningsreglemente
1120 811 66 29 och
1213 811 80 29 med
1318 810 78 30 stöd
1422 810 108 30 därav
1554 811 54 28 ut-

90 862 145 30 färdade
256 862 225 30 föreskrifter
504 863 63 38 äga
589 864 50 28 att
663 862 55 30 för
744 862 117 29 arbete
883 862 112 29 under
1016 861 248 30 motsvarande
1287 861 247 30 förhållanden
1557 869 51 21 er-

88 913 95 30 hålla
209 913 208 39 gottgörelse
443 913 55 29 för
524 912 404 40 övertidstjänstgöring.
955 913 123 29 Denna
1106 912 223 39 anknytning
1354 912 99 30 torde
1480 911 126 30 under-

90 963 86 30 lätta
200 963 271 40 tillämpningen
496 973 42 20 av
563 963 378 35 överenskommelsen,
968 963 168 30 eftersom
1162 963 42 29 de
1229 963 255 39 myndigheter,
1512 962 94 30 vilka

90 1014 99 29 skola
209 1013 45 30 ha
274 1015 48 28 att
342 1014 152 29 utbetala
513 1014 245 37 lönetillägget,
778 1014 106 29 redan
904 1023 48 20 nu
977 1015 59 28 äro
1057 1014 181 37 förtrogna
1258 1014 79 29 med
1358 1013 40 30 de
1419 1013 11 29 1
1450 1013 157 37 gällande

92 1064 441 40 avlöningsförfattningar
565 1064 145 40 intagna
745 1065 314 30 bestämmelserna
1092 1074 57 20 om
1183 1065 209 39 gottgörelse
1425 1064 55 30 för
1513 1065 95 29 över-

89 1114 320 40 tidstjänstgöring.
430 1115 170 39 Tillägget
621 1116 91 29 skall
732 1115 77 30 icke
830 1116 83 38 utgå
936 1115 181 39 samtidigt
1136 1124 76 22 som
1235 1115 372 39 övertidsgottgörelse.

89 1165 52 29 En
161 1166 141 29 erinran
319 1165 124 31 härom
460 1165 63 30 har
543 1166 140 37 intagits
704 1166 12 29 i
740 1166 373 30 överenskommelsen.

134 1218 171 40 Tillägget
322 1219 89 29 skall
430 1218 83 40 utgå
530 1218 123 30 endast
671 1218 55 31 för
744 1218 171 40 fullgjord
931 1218 134 40 verklig
1081 1218 249 41 tjänstgöring.
1347 1218 65 31 Det
1429 1219 64 30 har
1511 1219 97 29 näm-

92 1267 91 39 ligen
207 1269 133 28 ansetts
366 1267 30 40 ej
423 1277 83 21 vara
530 1268 139 39 möjligt
692 1270 51 28 att
767 1270 87 28 utan
879 1270 48 27 ett
950 1268 248 40 föregripande
1223 1278 42 20 av
1289 1268 179 40 pågående
1492 1268 117 29 utred-

91 1317 122 38 ningar
232 1318 159 37 medgiva
411 1318 150 30 kontant
582 1319 209 39 gottgörelse
813 1319 55 29 för
889 1328 119 20 annan
1029 1319 51 29 tid
1102 1320 44 29 än
1168 1319 121 34 sådan,
1311 1319 176 30 varunder
1510 1319 99 30 verk-

92 1368 45 39 lig
164 1368 238 40 tjänstgöring
426 1369 190 39 fullgjorts,
644 1370 88 29 även
757 1378 57 21 om
839 1369 270 39 ifrågavarande
1135 1370 51 29 tid
1211 1370 58 30 vid
1295 1370 314 29 arbetstidsberäk-

92 1419 129 38 ningen
246 1419 10 28 i
280 1419 71 29 viss
376 1419 247 38 utsträckning
646 1419 279 39 tillgodoräknas
949 1420 260 29 vederbörande
1236 1420 228 39 tjänsteman,
1493 1420 114 30 såsom

91 1471 22 27 t.
134 1478 50 22 ex.
205 1469 311 40 överliggningstid
539 1470 81 29 eller
640 1470 61 33 tid,
722 1470 177 30 varunder
920 1470 289 39 tjänstemannen
1231 1471 129 39 fullgör
1379 1471 230 39 beredskaps-

92 1520 210 39 skyldighet.

135 1570 68 29 Till
224 1571 171 30 obekväm
416 1571 169 30 arbetstid
606 1571 65 30 har
691 1571 10 29 i
724 1571 368 30 överenskommelsen
1112 1572 164 30 hänförts
1298 1572 110 30 sådan
1429 1572 178 34 arbetstid,

92 1630 75 20 som
193 1621 141 30 infaller
359 1622 20 30 å
404 1623 79 28 sön-
508 1622 82 29 eller
615 1622 200 39 helgdagar,
842 1622 202 40 påskafton,
1070 1623 335 30 midsommarafton
1430 1624 83 29 eller
1540 1623 69 39 jul-

91 1671 110 35 afton,
222 1672 119 30 vidare
361 1672 111 30 sådan
491 1673 179 35 arbetstid,
691 1682 75 21 som
786 1673 142 31 infaller
949 1674 19 29 å
987 1675 86 32 natt,
1094 1674 32 29 d.
1146 1684 30 20 v.
1197 1684 27 20 s.
1244 1674 130 30 mellan
1395 1674 152 30 klockan
1567 1674 41 30 22

91 1722 65 29 och
177 1723 30 34 6,
230 1725 92 27 samt
345 1723 165 39 slutligen
531 1723 69 30 viss
623 1724 170 30 arbetstid
817 1724 112 30 under
952 1724 149 35 kvällen,
1128 1725 178 39 nämligen
1328 1725 21 30 å
1369 1725 140 39 vardag,
1532 1734 76 20 som

93 1773 216 30 omedelbart
331 1773 196 39 efterföljes
550 1784 43 20 av
616 1775 79 29 sön-
718 1775 82 29 eller
824 1775 158 38 helgdag,
1006 1775 88 30 efter
1119 1775 153 30 klockan
1298 1775 39 30 18
1361 1776 64 30 och
1449 1776 19 30 å
1491 1785 118 21 annan

94 1824 129 38 vardag
246 1824 88 29 efter
358 1824 152 30 klockan
536 1824 48 30 19.
608 1825 50 29 De
681 1825 152 38 angivna
856 1825 264 39 tidsgränserna
1145 1826 47 30 ha
1213 1844 45 3 —
1279 1826 10 29 i
1313 1826 110 30 likhet
1450 1827 79 29 med
1553 1827 56 29 öv-

94 1874 72 38 riga
192 1874 265 30 bestämmelser
484 1875 9 28 i
519 1876 368 29 överenskommelsen
914 1893 44 3 —
983 1876 187 29 förutsatts
1196 1876 77 30 icke
1300 1877 98 29 skola
1425 1887 83 20 vara
1534 1886 75 31 pre-

91 1924 230 39 judicerande
344 1925 54 29 för
424 1927 47 27 ett
494 1925 162 30 blivande
680 1926 341 39 ställningstagande
1044 1927 52 29 till
1120 1936 43 20 en
1186 1927 163 30 definitiv
1373 1928 171 38 reglering
1567 1937 42 20 av

93 1975 124 38 frågan
242 1984 57 20 om
320 1975 270 40 kompensation
610 1977 56 28 för
687 1976 118 30 arbete
827 1977 44 39 på
892 1977 170 29 obekväm
1083 1977 181 30 arbetstid.

139 2052 12 28 I
179 2051 205 40 anslutning
412 2051 51 29 till
492 2052 65 29 vad
584 2061 75 20 som
687 2052 108 39 gäller
822 2053 44 39 på
895 2053 67 29 den
989 2053 161 30 enskilda
1178 2054 339 30 arbetsmarknaden
1545 2055 65 28 har

93 2101 141 29 kretsen
255 2111 41 19 av
316 2102 41 29 de
379 2101 225 39 tjänstemän,
626 2112 76 20 som
723 2103 100 29 skola
843 2113 83 19 vara
946 2104 216 38 berättigade
1185 2106 50 28 att
1256 2104 132 30 erhålla
1409 2105 202 29 förevaran-

94 2151 41 28 de
160 2151 210 39 lönetillägg,
394 2152 205 38 begränsats
625 2153 51 29 till
701 2155 51 28 att
777 2154 10 28 i
812 2153 137 40 princip
974 2163 80 20 avse
1078 2154 219 39 tjänstemän
1325 2155 10 28 i
1360 2156 101 37 högst
1487 2155 55 34 Ca,
1567 2156 43 28 Ce

94 2201 82 29 eller
200 2202 46 38 Cg
270 2202 38 28 16
331 2202 82 29 eller
435 2202 40 29 Cf
500 2202 48 29 14.
572 2203 65 29 Det
659 2203 65 30 har
747 2204 90 29 dock
859 2204 197 33 förutsatts,
1082 2206 50 28 att
1155 2205 127 38 Kungl.
1305 2205 106 39 Maj:t
1435 2206 89 29 skall
1547 2207 62 37 äga

94 2252 208 38 befogenhet
322 2254 49 27 att
391 2252 10 28 i
420 2252 175 30 särskilda
614 2253 62 29 fall
696 2254 160 38 medgiva
877 2254 126 29 sådant
1027 2254 119 39 tillägg
1164 2255 54 29 till
1237 2255 217 39 tjänstemän
1474 2256 10 28 i
1505 2256 106 38 högre

96 2302 213 37 lönegrader.
327 2302 130 29 Härvid
475 2303 45 29 ha
538 2303 149 38 åsyftats
707 2303 52 30 till
777 2303 364 40 övertidsgottgörelse
1159 2305 216 39 berättigade
1394 2306 216 38 tjänstemän

96 2352 6 29 i
130 2352 253 38 lönegraderna
413 2352 128 30 17—22
567 2354 78 28 med
673 2363 136 20 samma
836 2354 298 39 arbetsuppgifter
1161 2365 76 19 som
1265 2355 225 39 tjänstemän,
1517 2357 93 29 vilka

95 2402 107 38 enligt
229 2403 366 29 överenskommelsen
623 2404 61 28 äro
713 2404 216 38 berättigade
960 2405 52 29 till
1041 2405 247 39 lönetillägget.

140 2453 10 29 I
174 2453 201 38 ytterligare
398 2454 55 28 två
476 2453 222 30 hänseenden
724 2455 62 29 har
808 2455 67 28 den
898 2455 50 29 till
976 2456 234 38 lönetillägget
1232 2457 215 39 berättigade
1470 2467 141 31 person-

97 2504 136 28 kretsen
261 2506 132 27 ansetts
419 2504 80 29 böra
525 2504 200 37 begränsas.
752 2505 153 30 Sålunda
931 2506 88 29 skall
1047 2507 154 37 tillägget
1227 2508 29 38 ej
1286 2509 80 37 utgå
1394 2508 49 29 till
1469 2509 143 29 anställ-
