2202 2740
336 247 112 32 Andra
473 245 204 33 Kommarens
706 243 168 45 Tillfälliga
904 241 125 36 Utskotts
1052 245 81 44 (N:o
1155 246 34 43 2)
1221 243 159 35 Utlåtande
1404 245 62 33 N:o
1489 245 50 37 19.
1710 253 18 33 vå

294 333 53 31 att
388 328 69 36 den
498 328 57 35 för
596 327 149 37 Svartlå
780 327 184 50 jernbruk
994 349 42 5 —
1066 328 148 47 hvilket,
1256 330 115 49 enligt
1412 331 284 49 Bergmästaren
1728 333 42 36 ÅA.

141 379 167 51 Tryséns
340 379 70 37 den
443 382 42 32 19
514 378 105 50 April
662 381 95 35 1862
797 379 54 36 till
880 379 339 50 Bergs-kolleginm
1248 382 138 48 afgifna
1415 382 207 48 berättelse,
1650 384 121 49 aldrig

138 430 156 37 kommit
320 431 53 36 till
404 430 119 44 stånd,
551 443 83 23 men
664 430 175 46 deremot,
868 431 91 36 efter
986 431 97 36 hvad
1110 431 259 50 kronofogden
1396 434 11 35 i
1423 434 116 36 Luleå
1553 434 146 50 fögderi
1719 436 52 35 uti

140 482 62 37 sitt
230 481 110 37 ofvan
359 482 214 49 åberopade
603 482 187 36 utlåtande
819 482 205 49 uppgifver,
1039 483 119 37 blifvit
1186 483 171 51 omkring
1376 486 41 36 år
1438 487 92 34 1801
1553 486 218 49 upprättadt

129 532 81 37 och
250 533 210 36 sedermera
501 533 179 48 nedlagdt
706 554 49 4 —
783 533 53 37 till
864 533 189 50 kolfångst
1080 535 182 49 anslagna
1294 535 94 49 skog
1414 549 60 23 om
1507 539 129 43 16,071
1664 543 107 30 tunn-

139 583 108 37 lands
275 584 88 36 vidd
393 584 190 36 användes
611 584 55 36 till
695 584 220 50 afverkning
942 585 41 36 af
1006 585 190 49 sågblock,
1224 587 66 35 "en
1308 587 58 37 del
1386 589 39 34 år
1445 587 97 37 ända
1561 588 54 37 till
1636 590 133 45 30,000

140 635 155 45 timmer,
324 649 84 23 men
437 635 157 37 sistlidet
622 637 42 34 år
693 638 95 34 1872
817 637 131 36 endast
972 638 107 44 8,000
1095 638 164 48 timmer;

293 693 52 30 att
372 701 44 22 en
445 686 139 49 mängd
612 687 55 36 till
695 687 204 38 understöd
931 688 58 36 för
1017 689 249 49 bergsbruket
1293 690 71 37 och
1389 690 145 38 landets
1563 692 209 49 uppodling

140 738 161 49 anlagda
341 738 173 36 hemman
556 738 72 36 och
668 739 202 50 nybyggen
899 739 172 38 befinner
1097 741 56 49 sig
1179 741 11 36 i
1217 741 231 38 vanhäfdadt
1475 742 114 48 skick,
1617 743 53 36 till
1700 744 70 36 och

139 789 84 37 med
250 789 10 36 i
288 789 180 48 ödesmål;

292 845 51 32 a't
370 841 463 49 privilegiinnehatvarne
861 842 149 49 försåga
1038 844 146 36 timmer
1210 844 82 36 från
1321 844 163 37 nämnda
1511 845 173 38 hemman
1700 846 69 37 och

140 892 83 36 från
252 892 44 36 de
324 892 54 36 för
407 892 185 49 åtskilliga
620 893 218 36 vattenverk
866 895 181 48 anslagna
1075 895 375 50 stockfångstskogar
1468 897 62 36 vid
1558 897 211 37 sedermera

139 943 70 36 och
237 944 247 36 annorstädes
512 944 184 36 inrättade
725 945 205 48 ångsågar;

291 999 52 33 a't
370 995 258 49 kronofogden
655 995 11 36 i
696 996 109 36 Kalix
831 997 143 49 fögderi
1001 996 190 50 föreslagit
1218 997 53 50 "ej
1301 998 140 37 mindre
1462 1004 53 31 att
1534 1000 241 49 utstämpling

138 1045 71 36 och
250 1046 219 49 afverkning
509 1047 41 35 af
574 1045 93 50 skog
694 1047 92 36 ifrån
816 1048 43 35 de
888 1048 172 36 hemman
1089 1049 70 36 och
1187 1050 216 49 nybyggen,
1442 1050 125 36 hvilka
1596 1051 81 37 icke
1706 1056 65 32 äro

137 1096 164 50 lagligen
329 1098 178 50 bebygda
541 1097 70 37 och
642 1098 144 46 odlade,
833 1100 113 35 måtte
986 1098 403 50 förbjudas,intilldess
1418 1101 246 50 verksegaren
1692 1103 78 36 låtit

138 1148 204 49 behörigen
380 1149 161 49 fullgöra
580 1149 73 36 alla
682 1150 187 36 eftersatta
906 1150 339 50 åboskyldigheter,
1274 1156 45 32 än
1349 1152 70 37 ock
1447 1158 51 31 att
1526 1153 246 50 verksegaren

140 1200 153 48 ålägges
333 1206 52 30 att
415 1201 59 36 vid
502 1200 95 36 hans
626 1201 143 49 egande
798 1202 157 48 sågverk
992 1202 101 36 inom
1121 1203 129 37 Råneå
1278 1204 136 36 socken
1442 1203 149 50 försåga
1619 1205 65 36 allt
1712 1205 61 36 det

140 1250 156 46 timmer,
325 1265 77 23 som
431 1251 75 37 han
534 1251 96 36 ifrån
659 1252 81 36 sina
771 1252 282 37 frälsehemman
1083 1253 70 37 och
1180 1255 335 49 privilegi-skogar
1544 1255 142 51 årligen
1713 1258 62 35 må

140 1315 70 35 ega
237 1306 75 33 rätt
339 1303 70 36 och
438 1302 126 37 kunna
590 1302 179 37 förskaffa
797 1303 91 49 sig;'
917 1310 96 31 samt

292 1360 51 30 att
371 1353 260 50 kronofogden
658 1354 11 36 i
698 1354 104 37 Piteå
829 1355 142 49 fögderi
999 1360 128 46 yttrat,
1157 1357 61 36 det
1245 1357 85 46 han,
1358 1358 111 37 "utan
1489 1363 53 32 att
1562 1359 211 49 egentligen

137 1404 132 36 tillvita
296 1405 215 36 nuvarande
541 1418 136 36 egarne
692 1406 40 35 af
744 1420 26 22 s.
786 1406 33 37 k.
837 1406 343 39 Gellivara-verken
1199 1414 52 30 att
1264 1409 119 37 under
1398 1410 70 36 den
1483 1409 109 37 korta
1609 1410 61 46 tid,
1693 1424 80 23 som

140 1456 44 36 de
226 1456 107 36 deraf
368 1457 95 36 varit
489 1456 9 35 i
528 1456 211 50 besittning,
768 1457 111 37 hafva
908 1459 165 36 eftersatt
1100 1460 55 35 sin
1182 1460 217 49 byggnads-
1428 1461 70 36 och
1526 1461 247 50 odlingsskyl-

140 1506 136 49 dighet,
316 1508 89 36 eller
433 1508 9 35 i
472 1509 122 47 någon
634 1509 210 49 väsendtlig
871 1511 86 34 mån
987 1510 162 50 bidragit
1176 1512 54 36 till
1259 1511 161 49 skogens
1436 1513 210 46 raserande,
1661 1511 113 38 likväl

139 1559 68 35 och
250 1558 46 36 då
337 1560 138 48 många
516 1559 69 36 och
627 1559 191 51 betydliga
858 1560 134 38 brister
1017 1563 10 35 i
1054 1562 258 37 förstnämnda
1339 1563 65 37 fall
1430 1563 208 37 förefinnas
1667 1570 105 40 samt,

137 1608 99 37 hvad
278 1609 138 50 skogen
462 1611 126 48 angår,
630 1610 218 38 densamma
891 1611 121 37 blifvit
1044 1613 117 37 under
1187 1614 227 48 föregående
1442 1616 41 35 år
1511 1615 125 36 alltför
1663 1614 111 37 hårdt

140 1661 185 48 åtgången
361 1662 70 36 och
460 1675 80 22 som
569 1662 61 35 det
657 1661 64 37 vill
749 1676 113 35 synas
890 1664 148 36 använd
1061 1664 53 36 till
1142 1665 76 36 helt
1246 1665 117 36 andra
1390 1666 172 36 ändamål
1590 1671 47 31 än
1666 1666 107 36 hvar-

138 1711 54 36 till
234 1712 71 36 den
347 1713 94 36 varit
481 1711 140 43 afsedd,
649 1713 186 49 nemligen
862 1714 266 49 bergsbrukets
1156 1715 289 50 upphjelpande,
1473 1730 111 23 anser
1612 1717 80 36 dels
1721 1723 52 31 att

141 1762 240 38 ekonomiska
422 1777 111 37 syner
573 1763 71 36 och
683 1764 258 50 besigtningar
975 1765 93 37 böra
1095 1766 110 37 hvart
1232 1767 116 49 tredje
1377 1769 42 35 år
1446 1769 22 35 å
1495 1767 276 50 egendomarne

139 1814 184 47 förrättas,
366 1817 45 46 på
452 1816 61 36 det
553 1819 54 31 att
636 1828 44 23 en
709 1829 198 36 noggrann
934 1816 208 38 kännedom
1170 1820 57 34 må
1255 1818 131 37 vinnas
1415 1832 61 23 om
1503 1819 100 36 hvad
1632 1832 137 36 egarne

139 1865 140 48 årligen
306 1866 165 49 vidgjort
498 1867 189 35 desamma
714 1867 88 36 eller
829 1867 207 46 underlåtit,
1065 1869 79 36 dels
1172 1869 71 36 ock
1274 1875 52 30 att
1354 1869 49 37 all
1430 1870 338 49 skogsafverkning

137 1916 58 36 för
237 1916 118 37 andra
391 1917 172 37 ändamål
592 1921 46 31 än
666 1916 190 39 husbehof
878 1921 65 43 må,
972 1919 205 37 tillsvidare
1206 1920 71 37 och
1304 1920 182 37 intilldess
1516 1921 140 50 skogen
1686 1935 82 23 var-

141 1966 65 37 der
246 1967 42 36 af
311 1968 282 37 vederbörande
615 1967 347 51 jägeritjensteman
990 1971 241 49 upptaxerad,
1261 1972 181 48 upphöra,
1475 1979 94 30 samt
1599 1978 53 31 att
1680 1973 86 36 den-

140 2031 141 23 samma
324 2021 56 33 må
407 2019 9 36 i
446 2019 115 37 likhet
588 2019 85 36 med
703 2019 162 39 kronans
894 2021 118 49 öfriga
1040 2021 133 48 skogar
1201 2022 126 37 ställas
1355 2023 118 37 under
1494 2023 275 50 jägeritjenste-

139 2082 106 24 mans
274 2070 90 35 vård
392 2071 69 36 och
491 2068 179 52 uppsigt.”

296 2121 182 49 Slutligen
505 2122 69 36 har
603 2121 233 51 Konungens
864 2124 419 50 Befallningshafvande
1313 2126 115 36 under
1449 2126 69 37 den
1543 2129 42 34 18
1607 2127 166 37 sistlidne

141 2172 98 36 Mars
278 2172 10 35 i
319 2172 130 50 frågan
479 2173 143 50 afgifvit
650 2174 245 50 underdånigt
922 2176 199 45 utlåtande,
1149 2176 140 37 hvilket
1315 2177 71 36 den
1415 2180 46 34 30
1489 2177 11 36 i
1528 2191 143 23 samma
1697 2181 73 34 må-

140 2224 74 36 nad
241 2222 53 38 till
322 2224 139 49 Kongl.
477 2225 454 50 Finans-departementet
952 2227 197 37 inkommit.
1176 2218 227 64 Beträffande
1431 2228 340 50 skogshushållnin-

140 2275 138 50 ningen
318 2277 45 48 på
409 2275 488 51 Gellivara-egendomarne
942 2278 67 37 har
1048 2278 237 52 Konungens
1312 2279 459 51 Befallningshafvande
1750 2271 24 63 i
