<?xml version="1.0" encoding="UTF-8"?>
<alto xmlns="http://www.loc.gov/standards/alto/ns-v3#" xmlns:xlink="http://www.w3.org/1999/xlink" xmlns:xsi="http://www.w3.org/2001/XMLSchema-instance" xsi:schemaLocation="http://www.loc.gov/standards/alto/ns-v3# http://www.loc.gov/alto/v3/alto-3-0.xsd">
	<Description>
		<MeasurementUnit>pixel</MeasurementUnit>
		<sourceImageInformation>
			<fileName>/tmp/tess_cyynk6ck_input.PNG</fileName>
		</sourceImageInformation>
		<OCRProcessing ID="OCR_0">
			<ocrProcessingStep>
				<processingSoftware>
					<softwareName>tesseract 5.3.0</softwareName>
				</processingSoftware>
			</ocrProcessingStep>
		</OCRProcessing>
	</Description>
	<Layout>
		<Page WIDTH="2265" HEIGHT="2763" PHYSICAL_IMG_NR="0" ID="page_0">
			<PrintSpace HPOS="0" VPOS="0" WIDTH="2265" HEIGHT="2763">
				<ComposedBlock ID="cblock_0" HPOS="537" VPOS="232" WIDTH="1296" HEIGHT="42">
					<TextBlock ID="block_0" HPOS="537" VPOS="232" WIDTH="1296" HEIGHT="42">
						<TextLine ID="line_0" HPOS="537" VPOS="232" WIDTH="1296" HEIGHT="42">
							<String ID="string_0" HPOS="537" VPOS="238" WIDTH="19" HEIGHT="30" WC="0.96" CONTENT="4"/><SP WIDTH="194" VPOS="238" HPOS="556"/>
							<String ID="string_1" HPOS="750" VPOS="237" WIDTH="119" HEIGHT="32" WC="0.95" CONTENT="Första"/><SP WIDTH="23" VPOS="237" HPOS="869"/>
							<String ID="string_2" HPOS="892" VPOS="237" WIDTH="221" HEIGHT="32" WC="0.95" CONTENT="Kammarens"/><SP WIDTH="26" VPOS="237" HPOS="1113"/>
							<String ID="string_3" HPOS="1139" VPOS="233" WIDTH="180" HEIGHT="41" WC="0.93" CONTENT="Tillfälliga"/><SP WIDTH="30" VPOS="233" HPOS="1319"/>
							<String ID="string_4" HPOS="1349" VPOS="233" WIDTH="141" HEIGHT="32" WC="0.92" CONTENT="Utskotts"/><SP WIDTH="29" VPOS="233" HPOS="1490"/>
							<String ID="string_5" HPOS="1519" VPOS="232" WIDTH="172" HEIGHT="33" WC="0.96" CONTENT="Utlåtande"/><SP WIDTH="23" VPOS="232" HPOS="1691"/>
							<String ID="string_6" HPOS="1714" VPOS="232" WIDTH="66" HEIGHT="32" WC="0.95" CONTENT="N:o"/><SP WIDTH="25" VPOS="232" HPOS="1780"/>
							<String ID="string_7" HPOS="1805" VPOS="234" WIDTH="28" HEIGHT="29" WC="0.96" CONTENT="8."/>
						</TextLine>
					</TextBlock>
				</ComposedBlock>
				<ComposedBlock ID="cblock_1" HPOS="500" VPOS="314" WIDTH="1582" HEIGHT="157">
					<TextBlock ID="block_1" HPOS="500" VPOS="314" WIDTH="1582" HEIGHT="157">
						<TextLine ID="line_1" HPOS="500" VPOS="314" WIDTH="1581" HEIGHT="51">
							<String ID="string_8" HPOS="500" VPOS="321" WIDTH="217" HEIGHT="36" WC="0.91" CONTENT="deremellan"/><SP WIDTH="29" VPOS="321" HPOS="717"/>
							<String ID="string_9" HPOS="746" VPOS="320" WIDTH="190" HEIGHT="36" WC="0.96" CONTENT="meddelad"/><SP WIDTH="18" VPOS="320" HPOS="936"/>
							<String ID="string_10" HPOS="954" VPOS="314" WIDTH="274" HEIGHT="51" WC="0.96" CONTENT="undervisning,"/><SP WIDTH="16" VPOS="314" HPOS="1228"/>
							<String ID="string_11" HPOS="1244" VPOS="316" WIDTH="216" HEIGHT="48" WC="0.95" CONTENT="tillräckliga"/><SP WIDTH="33" VPOS="316" HPOS="1460"/>
							<String ID="string_12" HPOS="1493" VPOS="316" WIDTH="77" HEIGHT="35" WC="0.93" CONTENT="skäl"/><SP WIDTH="28" VPOS="316" HPOS="1570"/>
							<String ID="string_13" HPOS="1598" VPOS="315" WIDTH="192" HEIGHT="35" WC="0.92" CONTENT="förefinnas"/><SP WIDTH="27" VPOS="315" HPOS="1790"/>
							<String ID="string_14" HPOS="1817" VPOS="316" WIDTH="57" HEIGHT="35" WC="0.96" CONTENT="för"/><SP WIDTH="22" VPOS="316" HPOS="1874"/>
							<String ID="string_15" HPOS="1896" VPOS="316" WIDTH="61" HEIGHT="35" WC="0.92" CONTENT="det"/><SP WIDTH="27" VPOS="316" HPOS="1957"/>
							<String ID="string_16" HPOS="1984" VPOS="316" WIDTH="97" HEIGHT="36" WC="0.92" CONTENT="stad-"/>
						</TextLine>
						<TextLine ID="line_2" HPOS="501" VPOS="367" WIDTH="1579" HEIGHT="54">
							<String ID="string_17" HPOS="501" VPOS="373" WIDTH="139" HEIGHT="48" WC="0.89" CONTENT="gandet,"/><SP WIDTH="28" VPOS="373" HPOS="640"/>
							<String ID="string_18" HPOS="668" VPOS="379" WIDTH="52" HEIGHT="28" WC="0.96" CONTENT="att"/><SP WIDTH="28" VPOS="379" HPOS="720"/>
							<String ID="string_19" HPOS="748" VPOS="373" WIDTH="106" HEIGHT="47" WC="0.95" CONTENT="ingen"/><SP WIDTH="29" VPOS="373" HPOS="854"/>
							<String ID="string_20" HPOS="883" VPOS="373" WIDTH="58" HEIGHT="33" WC="0.95" CONTENT="må"/><SP WIDTH="26" VPOS="373" HPOS="941"/>
							<String ID="string_21" HPOS="967" VPOS="371" WIDTH="56" HEIGHT="35" WC="0.94" CONTENT="till"/><SP WIDTH="29" VPOS="371" HPOS="1023"/>
							<String ID="string_22" HPOS="1052" VPOS="369" WIDTH="121" HEIGHT="36" WC="0.96" CONTENT="arbete"/><SP WIDTH="29" VPOS="369" HPOS="1173"/>
							<String ID="string_23" HPOS="1202" VPOS="369" WIDTH="10" HEIGHT="35" WC="0.95" CONTENT="i"/><SP WIDTH="29" VPOS="369" HPOS="1212"/>
							<String ID="string_24" HPOS="1241" VPOS="368" WIDTH="117" HEIGHT="35" WC="0.93" CONTENT="fabrik"/><SP WIDTH="17" VPOS="368" HPOS="1358"/>
							<String ID="string_25" HPOS="1375" VPOS="374" WIDTH="158" HEIGHT="41" WC="0.92" CONTENT="antagas,"/><SP WIDTH="19" VPOS="374" HPOS="1533"/>
							<String ID="string_26" HPOS="1552" VPOS="373" WIDTH="86" HEIGHT="29" WC="0.95" CONTENT="utan"/><SP WIDTH="21" VPOS="373" HPOS="1638"/>
							<String ID="string_27" HPOS="1659" VPOS="373" WIDTH="52" HEIGHT="29" WC="0.93" CONTENT="att"/><SP WIDTH="16" VPOS="373" HPOS="1711"/>
							<String ID="string_28" HPOS="1727" VPOS="367" WIDTH="230" HEIGHT="35" WC="0.76" CONTENT="derförinnan"/><SP WIDTH="17" VPOS="367" HPOS="1957"/>
							<String ID="string_29" HPOS="1974" VPOS="368" WIDTH="106" HEIGHT="34" WC="0.96" CONTENT="hafva"/>
						</TextLine>
						<TextLine ID="line_3" HPOS="501" VPOS="419" WIDTH="1581" HEIGHT="52">
							<String ID="string_30" HPOS="501" VPOS="425" WIDTH="176" HEIGHT="35" WC="0.91" CONTENT="inhemtat"/><SP WIDTH="37" VPOS="425" HPOS="677"/>
							<String ID="string_31" HPOS="714" VPOS="425" WIDTH="60" HEIGHT="34" WC="0.93" CONTENT="det"/><SP WIDTH="38" VPOS="425" HPOS="774"/>
							<String ID="string_32" HPOS="812" VPOS="423" WIDTH="288" HEIGHT="48" WC="0.91" CONTENT="kunskapsmått,"/><SP WIDTH="34" VPOS="423" HPOS="1100"/>
							<String ID="string_33" HPOS="1134" VPOS="420" WIDTH="137" HEIGHT="36" WC="0.91" CONTENT="hvilket"/><SP WIDTH="27" VPOS="420" HPOS="1271"/>
							<String ID="string_34" HPOS="1298" VPOS="419" WIDTH="329" HEIGHT="47" WC="0.88" CONTENT="folkskolestadgan"/><SP WIDTH="29" VPOS="419" HPOS="1627"/>
							<String ID="string_35" HPOS="1656" VPOS="419" WIDTH="231" HEIGHT="35" WC="0.92" CONTENT="föreskrifver"/><SP WIDTH="28" VPOS="419" HPOS="1887"/>
							<String ID="string_36" HPOS="1915" VPOS="432" WIDTH="77" HEIGHT="23" WC="0.95" CONTENT="som"/><SP WIDTH="29" VPOS="432" HPOS="1992"/>
							<String ID="string_37" HPOS="2021" VPOS="419" WIDTH="61" HEIGHT="36" WC="0.96" CONTENT="det"/>
						</TextLine>
					</TextBlock>
				</ComposedBlock>
				<ComposedBlock ID="cblock_2" HPOS="500" VPOS="476" WIDTH="139" HEIGHT="36">
					<TextBlock ID="block_2" HPOS="500" VPOS="476" WIDTH="139" HEIGHT="36">
						<TextLine ID="line_4" HPOS="500" VPOS="476" WIDTH="139" HEIGHT="36">
							<String ID="string_38" HPOS="500" VPOS="476" WIDTH="139" HEIGHT="36" WC="0.96" CONTENT="minsta."/>
						</TextLine>
					</TextBlock>
				</ComposedBlock>
				<ComposedBlock ID="cblock_3" HPOS="493" VPOS="624" WIDTH="1589" HEIGHT="1741">
					<TextBlock ID="block_3" HPOS="493" VPOS="624" WIDTH="1589" HEIGHT="926">
						<TextLine ID="line_5" HPOS="628" VPOS="624" WIDTH="1453" HEIGHT="52">
							<String ID="string_39" HPOS="628" VPOS="629" WIDTH="128" HEIGHT="36" WC="0.96" CONTENT="Ibland"/><SP WIDTH="39" VPOS="629" HPOS="756"/>
							<String ID="string_40" HPOS="795" VPOS="629" WIDTH="129" HEIGHT="47" WC="0.90" CONTENT="frågor,"/><SP WIDTH="41" VPOS="629" HPOS="924"/>
							<String ID="string_41" HPOS="965" VPOS="626" WIDTH="168" HEIGHT="48" WC="0.90" CONTENT="förtjenta"/><SP WIDTH="39" VPOS="626" HPOS="1133"/>
							<String ID="string_42" HPOS="1172" VPOS="626" WIDTH="38" HEIGHT="34" WC="0.96" CONTENT="af"/><SP WIDTH="47" VPOS="626" HPOS="1210"/>
							<String ID="string_43" HPOS="1257" VPOS="626" WIDTH="69" HEIGHT="34" WC="0.92" CONTENT="den"/><SP WIDTH="41" VPOS="626" HPOS="1326"/>
							<String ID="string_44" HPOS="1367" VPOS="624" WIDTH="99" HEIGHT="35" WC="0.90" CONTENT="aldra"/><SP WIDTH="28" VPOS="624" HPOS="1466"/>
							<String ID="string_45" HPOS="1494" VPOS="630" WIDTH="130" HEIGHT="29" WC="0.96" CONTENT="största"/><SP WIDTH="27" VPOS="630" HPOS="1624"/>
							<String ID="string_46" HPOS="1651" VPOS="624" WIDTH="323" HEIGHT="48" WC="0.95" CONTENT="uppmärksamhet"/><SP WIDTH="26" VPOS="624" HPOS="1974"/>
							<String ID="string_47" HPOS="2000" VPOS="625" WIDTH="81" HEIGHT="34" WC="0.96" CONTENT="från"/>
						</TextLine>
						<TextLine ID="line_6" HPOS="496" VPOS="676" WIDTH="1584" HEIGHT="50">
							<String ID="string_48" HPOS="496" VPOS="682" WIDTH="297" HEIGHT="36" WC="0.95" CONTENT="statsmakternas"/><SP WIDTH="30" VPOS="682" HPOS="793"/>
							<String ID="string_49" HPOS="823" VPOS="680" WIDTH="87" HEIGHT="40" WC="0.96" CONTENT="sida,"/><SP WIDTH="41" VPOS="680" HPOS="910"/>
							<String ID="string_50" HPOS="951" VPOS="684" WIDTH="39" HEIGHT="29" WC="0.96" CONTENT="är"/><SP WIDTH="26" VPOS="684" HPOS="990"/>
							<String ID="string_51" HPOS="1016" VPOS="677" WIDTH="210" HEIGHT="49" WC="0.95" CONTENT="visserligen"/><SP WIDTH="28" VPOS="677" HPOS="1226"/>
							<String ID="string_52" HPOS="1254" VPOS="677" WIDTH="78" HEIGHT="40" WC="0.93" CONTENT="den,"/><SP WIDTH="28" VPOS="677" HPOS="1332"/>
							<String ID="string_53" HPOS="1360" VPOS="676" WIDTH="194" HEIGHT="35" WC="0.92" CONTENT="huruledes"/><SP WIDTH="30" VPOS="676" HPOS="1554"/>
							<String ID="string_54" HPOS="1584" VPOS="676" WIDTH="60" HEIGHT="35" WC="0.96" CONTENT="det"/><SP WIDTH="28" VPOS="676" HPOS="1644"/>
							<String ID="string_55" HPOS="1672" VPOS="676" WIDTH="234" HEIGHT="47" WC="0.92" CONTENT="uppväxande"/><SP WIDTH="25" VPOS="676" HPOS="1906"/>
							<String ID="string_56" HPOS="1931" VPOS="676" WIDTH="149" HEIGHT="47" WC="0.91" CONTENT="slägtets"/>
						</TextLine>
						<TextLine ID="line_7" HPOS="496" VPOS="727" WIDTH="1583" HEIGHT="54">
							<String ID="string_57" HPOS="496" VPOS="733" WIDTH="203" HEIGHT="48" WC="0.96" CONTENT="utveckling"/><SP WIDTH="27" VPOS="733" HPOS="699"/>
							<String ID="string_58" HPOS="726" VPOS="732" WIDTH="11" HEIGHT="35" WC="0.96" CONTENT="i"/><SP WIDTH="27" VPOS="732" HPOS="737"/>
							<String ID="string_59" HPOS="764" VPOS="731" WIDTH="144" HEIGHT="49" WC="0.93" CONTENT="fysiskt,"/><SP WIDTH="28" VPOS="731" HPOS="908"/>
							<String ID="string_60" HPOS="936" VPOS="728" WIDTH="241" HEIGHT="37" WC="0.91" CONTENT="intellektuelt"/><SP WIDTH="28" VPOS="728" HPOS="1177"/>
							<String ID="string_61" HPOS="1205" VPOS="728" WIDTH="66" HEIGHT="35" WC="0.93" CONTENT="och"/><SP WIDTH="28" VPOS="728" HPOS="1271"/>
							<String ID="string_62" HPOS="1299" VPOS="728" WIDTH="129" HEIGHT="47" WC="0.90" CONTENT="sedligt"/><SP WIDTH="28" VPOS="728" HPOS="1428"/>
							<String ID="string_63" HPOS="1456" VPOS="728" WIDTH="168" HEIGHT="35" WC="0.96" CONTENT="afseende"/><SP WIDTH="25" VPOS="728" HPOS="1624"/>
							<String ID="string_64" HPOS="1649" VPOS="729" WIDTH="58" HEIGHT="33" WC="0.96" CONTENT="må"/><SP WIDTH="19" VPOS="729" HPOS="1707"/>
							<String ID="string_65" HPOS="1726" VPOS="727" WIDTH="11" HEIGHT="35" WC="0.92" CONTENT="i"/><SP WIDTH="13" VPOS="727" HPOS="1737"/>
							<String ID="string_66" HPOS="1750" VPOS="727" WIDTH="199" HEIGHT="48" WC="0.92" CONTENT="möjligaste"/><SP WIDTH="16" VPOS="727" HPOS="1949"/>
							<String ID="string_67" HPOS="1965" VPOS="729" WIDTH="114" HEIGHT="33" WC="0.96" CONTENT="måtto"/>
						</TextLine>
						<TextLine ID="line_8" HPOS="495" VPOS="779" WIDTH="1583" HEIGHT="53">
							<String ID="string_68" HPOS="495" VPOS="786" WIDTH="148" HEIGHT="46" WC="0.96" CONTENT="främjas"/><SP WIDTH="29" VPOS="786" HPOS="643"/>
							<String ID="string_69" HPOS="672" VPOS="784" WIDTH="66" HEIGHT="35" WC="0.96" CONTENT="och"/><SP WIDTH="27" VPOS="784" HPOS="738"/>
							<String ID="string_70" HPOS="765" VPOS="782" WIDTH="222" HEIGHT="48" WC="0.94" CONTENT="följaktligen"/><SP WIDTH="29" VPOS="782" HPOS="987"/>
							<String ID="string_71" HPOS="1016" VPOS="782" WIDTH="104" HEIGHT="34" WC="0.96" CONTENT="äfven"/><SP WIDTH="28" VPOS="782" HPOS="1120"/>
							<String ID="string_72" HPOS="1148" VPOS="781" WIDTH="92" HEIGHT="34" WC="0.96" CONTENT="huru"/><SP WIDTH="29" VPOS="781" HPOS="1240"/>
							<String ID="string_73" HPOS="1269" VPOS="780" WIDTH="69" HEIGHT="34" WC="0.96" CONTENT="alla"/><SP WIDTH="27" VPOS="780" HPOS="1338"/>
							<String ID="string_74" HPOS="1365" VPOS="780" WIDTH="127" HEIGHT="34" WC="0.96" CONTENT="hinder"/><SP WIDTH="28" VPOS="780" HPOS="1492"/>
							<String ID="string_75" HPOS="1520" VPOS="779" WIDTH="161" HEIGHT="34" WC="0.92" CONTENT="deremot"/><SP WIDTH="17" VPOS="779" HPOS="1681"/>
							<String ID="string_76" HPOS="1698" VPOS="780" WIDTH="111" HEIGHT="33" WC="0.93" CONTENT="måtte"/><SP WIDTH="19" VPOS="780" HPOS="1809"/>
							<String ID="string_77" HPOS="1828" VPOS="779" WIDTH="250" HEIGHT="47" WC="0.91" CONTENT="undanrödjas."/>
						</TextLine>
						<TextLine ID="line_9" HPOS="495" VPOS="829" WIDTH="1584" HEIGHT="49">
							<String ID="string_78" HPOS="495" VPOS="835" WIDTH="66" HEIGHT="35" WC="0.96" CONTENT="Hit"/><SP WIDTH="28" VPOS="835" HPOS="561"/>
							<String ID="string_79" HPOS="589" VPOS="840" WIDTH="38" HEIGHT="30" WC="0.96" CONTENT="är"/><SP WIDTH="26" VPOS="840" HPOS="627"/>
							<String ID="string_80" HPOS="653" VPOS="848" WIDTH="48" HEIGHT="21" WC="0.95" CONTENT="nu"/><SP WIDTH="24" VPOS="848" HPOS="701"/>
							<String ID="string_81" HPOS="725" VPOS="835" WIDTH="68" HEIGHT="34" WC="0.95" CONTENT="den"/><SP WIDTH="28" VPOS="835" HPOS="793"/>
							<String ID="string_82" HPOS="821" VPOS="833" WIDTH="230" HEIGHT="35" WC="0.96" CONTENT="förevarande"/><SP WIDTH="29" VPOS="833" HPOS="1051"/>
							<String ID="string_83" HPOS="1080" VPOS="832" WIDTH="124" HEIGHT="46" WC="0.96" CONTENT="frågan"/><SP WIDTH="30" VPOS="832" HPOS="1204"/>
							<String ID="string_84" HPOS="1234" VPOS="831" WIDTH="181" HEIGHT="47" WC="0.96" CONTENT="angående"/><SP WIDTH="27" VPOS="831" HPOS="1415"/>
							<String ID="string_85" HPOS="1442" VPOS="829" WIDTH="240" HEIGHT="48" WC="0.96" CONTENT="begränsning"/><SP WIDTH="27" VPOS="829" HPOS="1682"/>
							<String ID="string_86" HPOS="1709" VPOS="829" WIDTH="38" HEIGHT="35" WC="0.96" CONTENT="af"/><SP WIDTH="23" VPOS="829" HPOS="1747"/>
							<String ID="string_87" HPOS="1770" VPOS="829" WIDTH="100" HEIGHT="35" WC="0.96" CONTENT="tiden"/><SP WIDTH="24" VPOS="829" HPOS="1870"/>
							<String ID="string_88" HPOS="1894" VPOS="829" WIDTH="55" HEIGHT="34" WC="0.96" CONTENT="för"/><SP WIDTH="19" VPOS="829" HPOS="1949"/>
							<String ID="string_89" HPOS="1968" VPOS="842" WIDTH="111" HEIGHT="35" WC="0.96" CONTENT="yngre"/>
						</TextLine>
						<TextLine ID="line_10" HPOS="495" VPOS="880" WIDTH="1584" HEIGHT="55">
							<String ID="string_90" HPOS="495" VPOS="899" WIDTH="188" HEIGHT="36" WC="0.96" CONTENT="personers"/><SP WIDTH="41" VPOS="899" HPOS="683"/>
							<String ID="string_91" HPOS="724" VPOS="884" WIDTH="141" HEIGHT="49" WC="0.95" CONTENT="dagliga"/><SP WIDTH="40" VPOS="884" HPOS="865"/>
							<String ID="string_92" HPOS="905" VPOS="884" WIDTH="119" HEIGHT="35" WC="0.96" CONTENT="arbete"/><SP WIDTH="41" VPOS="884" HPOS="1024"/>
							<String ID="string_93" HPOS="1065" VPOS="884" WIDTH="12" HEIGHT="34" WC="0.96" CONTENT="i"/><SP WIDTH="35" VPOS="884" HPOS="1077"/>
							<String ID="string_94" HPOS="1112" VPOS="883" WIDTH="95" HEIGHT="35" WC="0.96" CONTENT="vissa"/><SP WIDTH="40" VPOS="883" HPOS="1207"/>
							<String ID="string_95" HPOS="1247" VPOS="882" WIDTH="157" HEIGHT="35" WC="0.93" CONTENT="fabriker"/><SP WIDTH="28" VPOS="882" HPOS="1404"/>
							<String ID="string_96" HPOS="1432" VPOS="880" WIDTH="261" HEIGHT="49" WC="0.92" CONTENT="otvifvelaktigt"/><SP WIDTH="22" VPOS="880" HPOS="1693"/>
							<String ID="string_97" HPOS="1715" VPOS="886" WIDTH="52" HEIGHT="29" WC="0.96" CONTENT="att"/><SP WIDTH="27" VPOS="886" HPOS="1767"/>
							<String ID="string_98" HPOS="1794" VPOS="880" WIDTH="159" HEIGHT="35" WC="0.93" CONTENT="hänföra."/><SP WIDTH="53" VPOS="880" HPOS="1953"/>
							<String ID="string_99" HPOS="2006" VPOS="880" WIDTH="73" HEIGHT="36" WC="0.91" CONTENT="Be-"/>
						</TextLine>
						<TextLine ID="line_11" HPOS="495" VPOS="932" WIDTH="1587" HEIGHT="52">
							<String ID="string_100" HPOS="495" VPOS="939" WIDTH="123" HEIGHT="34" WC="0.90" CONTENT="hofvet"/><SP WIDTH="37" VPOS="939" HPOS="618"/>
							<String ID="string_101" HPOS="655" VPOS="938" WIDTH="38" HEIGHT="34" WC="0.96" CONTENT="af"/><SP WIDTH="35" VPOS="938" HPOS="693"/>
							<String ID="string_102" HPOS="728" VPOS="943" WIDTH="51" HEIGHT="29" WC="0.96" CONTENT="ett"/><SP WIDTH="32" VPOS="943" HPOS="779"/>
							<String ID="string_103" HPOS="811" VPOS="941" WIDTH="174" HEIGHT="43" WC="0.95" CONTENT="noggrant"/><SP WIDTH="37" VPOS="941" HPOS="985"/>
							<String ID="string_104" HPOS="1022" VPOS="935" WIDTH="65" HEIGHT="34" WC="0.96" CONTENT="och"/><SP WIDTH="38" VPOS="935" HPOS="1087"/>
							<String ID="string_105" HPOS="1125" VPOS="934" WIDTH="168" HEIGHT="35" WC="0.90" CONTENT="nutidens"/><SP WIDTH="33" VPOS="934" HPOS="1293"/>
							<String ID="string_106" HPOS="1326" VPOS="933" WIDTH="201" HEIGHT="47" WC="0.96" CONTENT="fordringar"/><SP WIDTH="27" VPOS="933" HPOS="1527"/>
							<String ID="string_107" HPOS="1554" VPOS="932" WIDTH="250" HEIGHT="35" WC="0.95" CONTENT="motsvarande"/><SP WIDTH="28" VPOS="932" HPOS="1804"/>
							<String ID="string_108" HPOS="1832" VPOS="932" WIDTH="182" HEIGHT="34" WC="0.96" CONTENT="ordnande"/><SP WIDTH="29" VPOS="932" HPOS="2014"/>
							<String ID="string_109" HPOS="2043" VPOS="932" WIDTH="39" HEIGHT="34" WC="0.96" CONTENT="af"/>
						</TextLine>
						<TextLine ID="line_12" HPOS="496" VPOS="983" WIDTH="1583" HEIGHT="53">
							<String ID="string_110" HPOS="496" VPOS="990" WIDTH="115" HEIGHT="34" WC="0.95" CONTENT="denna"/><SP WIDTH="41" VPOS="990" HPOS="611"/>
							<String ID="string_111" HPOS="652" VPOS="987" WIDTH="259" HEIGHT="49" WC="0.95" CONTENT="angelägenhet"/><SP WIDTH="44" VPOS="987" HPOS="911"/>
							<String ID="string_112" HPOS="955" VPOS="986" WIDTH="64" HEIGHT="35" WC="0.96" CONTENT="har"/><SP WIDTH="40" VPOS="986" HPOS="1019"/>
							<String ID="string_113" HPOS="1059" VPOS="986" WIDTH="64" HEIGHT="35" WC="0.96" CONTENT="ock"/><SP WIDTH="33" VPOS="986" HPOS="1123"/>
							<String ID="string_114" HPOS="1156" VPOS="985" WIDTH="11" HEIGHT="35" WC="0.96" CONTENT="i"/><SP WIDTH="33" VPOS="985" HPOS="1167"/>
							<String ID="string_115" HPOS="1200" VPOS="985" WIDTH="85" HEIGHT="34" WC="0.96" CONTENT="flera"/><SP WIDTH="28" VPOS="985" HPOS="1285"/>
							<String ID="string_116" HPOS="1313" VPOS="984" WIDTH="110" HEIGHT="35" WC="0.96" CONTENT="andra"/><SP WIDTH="27" VPOS="984" HPOS="1423"/>
							<String ID="string_117" HPOS="1450" VPOS="984" WIDTH="124" HEIGHT="34" WC="0.96" CONTENT="länder"/><SP WIDTH="22" VPOS="984" HPOS="1574"/>
							<String ID="string_118" HPOS="1596" VPOS="983" WIDTH="103" HEIGHT="48" WC="0.96" CONTENT="länge"/><SP WIDTH="28" VPOS="983" HPOS="1699"/>
							<String ID="string_119" HPOS="1727" VPOS="983" WIDTH="91" HEIGHT="35" WC="0.96" CONTENT="varit"/><SP WIDTH="31" VPOS="983" HPOS="1818"/>
							<String ID="string_120" HPOS="1849" VPOS="983" WIDTH="134" HEIGHT="34" WC="0.96" CONTENT="erkänd"/><SP WIDTH="28" VPOS="983" HPOS="1983"/>
							<String ID="string_121" HPOS="2011" VPOS="983" WIDTH="68" HEIGHT="35" WC="0.96" CONTENT="och"/>
						</TextLine>
						<TextLine ID="line_13" HPOS="495" VPOS="1034" WIDTH="1582" HEIGHT="55">
							<String ID="string_122" HPOS="495" VPOS="1040" WIDTH="103" HEIGHT="49" WC="0.90" CONTENT="gifvit"/><SP WIDTH="36" VPOS="1040" HPOS="598"/>
							<String ID="string_123" HPOS="634" VPOS="1039" WIDTH="142" HEIGHT="50" WC="0.91" CONTENT="upphof"/><SP WIDTH="36" VPOS="1039" HPOS="776"/>
							<String ID="string_124" HPOS="812" VPOS="1039" WIDTH="55" HEIGHT="35" WC="0.96" CONTENT="till"/><SP WIDTH="41" VPOS="1039" HPOS="867"/>
							<String ID="string_125" HPOS="908" VPOS="1037" WIDTH="204" HEIGHT="49" WC="0.93" CONTENT="skiljaktiga"/><SP WIDTH="39" VPOS="1037" HPOS="1112"/>
							<String ID="string_126" HPOS="1151" VPOS="1035" WIDTH="341" HEIGHT="49" WC="0.90" CONTENT="lagbestämmelser."/><SP WIDTH="52" VPOS="1035" HPOS="1492"/>
							<String ID="string_127" HPOS="1544" VPOS="1034" WIDTH="181" HEIGHT="35" WC="0.88" CONTENT="Behofvet"/><SP WIDTH="26" VPOS="1034" HPOS="1725"/>
							<String ID="string_128" HPOS="1751" VPOS="1034" WIDTH="106" HEIGHT="35" WC="0.96" CONTENT="häraf"/><SP WIDTH="24" VPOS="1034" HPOS="1857"/>
							<String ID="string_129" HPOS="1881" VPOS="1034" WIDTH="65" HEIGHT="35" WC="0.96" CONTENT="har"/><SP WIDTH="27" VPOS="1034" HPOS="1946"/>
							<String ID="string_130" HPOS="1973" VPOS="1034" WIDTH="104" HEIGHT="35" WC="0.96" CONTENT="äfven"/>
						</TextLine>
						<TextLine ID="line_14" HPOS="495" VPOS="1084" WIDTH="1583" HEIGHT="51">
							<String ID="string_131" HPOS="495" VPOS="1093" WIDTH="97" HEIGHT="34" WC="0.96" CONTENT="inom"/><SP WIDTH="28" VPOS="1093" HPOS="592"/>
							<String ID="string_132" HPOS="620" VPOS="1094" WIDTH="77" HEIGHT="33" WC="0.96" CONTENT="vårt"/><SP WIDTH="28" VPOS="1094" HPOS="697"/>
							<String ID="string_133" HPOS="725" VPOS="1091" WIDTH="83" HEIGHT="35" WC="0.95" CONTENT="land"/><SP WIDTH="27" VPOS="1091" HPOS="808"/>
							<String ID="string_134" HPOS="835" VPOS="1090" WIDTH="91" HEIGHT="35" WC="0.93" CONTENT="varit"/><SP WIDTH="28" VPOS="1090" HPOS="926"/>
							<String ID="string_135" HPOS="954" VPOS="1089" WIDTH="154" HEIGHT="35" WC="0.91" CONTENT="uttaladt"/><SP WIDTH="23" VPOS="1089" HPOS="1108"/>
							<String ID="string_136" HPOS="1131" VPOS="1088" WIDTH="67" HEIGHT="35" WC="0.97" CONTENT="och"/><SP WIDTH="27" VPOS="1088" HPOS="1198"/>
							<String ID="string_137" HPOS="1225" VPOS="1087" WIDTH="229" HEIGHT="48" WC="0.96" CONTENT="synnerligen"/><SP WIDTH="27" VPOS="1087" HPOS="1454"/>
							<String ID="string_138" HPOS="1481" VPOS="1086" WIDTH="120" HEIGHT="35" WC="0.96" CONTENT="funnit"/><SP WIDTH="14" VPOS="1086" HPOS="1601"/>
							<String ID="string_139" HPOS="1615" VPOS="1086" WIDTH="145" HEIGHT="48" WC="0.96" CONTENT="uttryck"/><SP WIDTH="27" VPOS="1086" HPOS="1760"/>
							<String ID="string_140" HPOS="1787" VPOS="1085" WIDTH="11" HEIGHT="35" WC="0.96" CONTENT="i"/><SP WIDTH="23" VPOS="1085" HPOS="1798"/>
							<String ID="string_141" HPOS="1821" VPOS="1085" WIDTH="129" HEIGHT="36" WC="0.93" CONTENT="Rikets"/><SP WIDTH="21" VPOS="1085" HPOS="1950"/>
							<String ID="string_142" HPOS="1971" VPOS="1084" WIDTH="107" HEIGHT="37" WC="0.89" CONTENT="Stän-"/>
						</TextLine>
						<TextLine ID="line_15" HPOS="495" VPOS="1136" WIDTH="1583" HEIGHT="52">
							<String ID="string_143" HPOS="495" VPOS="1144" WIDTH="80" HEIGHT="35" WC="0.91" CONTENT="ders"/><SP WIDTH="41" VPOS="1144" HPOS="575"/>
							<String ID="string_144" HPOS="616" VPOS="1142" WIDTH="264" HEIGHT="36" WC="0.88" CONTENT="ofvannämnda"/><SP WIDTH="40" VPOS="1142" HPOS="880"/>
							<String ID="string_145" HPOS="920" VPOS="1140" WIDTH="244" HEIGHT="48" WC="0.90" CONTENT="underdåniga"/><SP WIDTH="41" VPOS="1140" HPOS="1164"/>
							<String ID="string_146" HPOS="1205" VPOS="1139" WIDTH="186" HEIGHT="36" WC="0.96" CONTENT="skrifvelse"/><SP WIDTH="43" VPOS="1139" HPOS="1391"/>
							<String ID="string_147" HPOS="1434" VPOS="1139" WIDTH="67" HEIGHT="34" WC="0.96" CONTENT="den"/><SP WIDTH="42" VPOS="1139" HPOS="1501"/>
							<String ID="string_148" HPOS="1543" VPOS="1142" WIDTH="45" HEIGHT="31" WC="0.96" CONTENT="12"/><SP WIDTH="33" VPOS="1142" HPOS="1588"/>
							<String ID="string_149" HPOS="1621" VPOS="1136" WIDTH="213" HEIGHT="49" WC="0.96" CONTENT="September"/><SP WIDTH="30" VPOS="1136" HPOS="1834"/>
							<String ID="string_150" HPOS="1864" VPOS="1137" WIDTH="104" HEIGHT="36" WC="0.96" CONTENT="1857."/><SP WIDTH="52" VPOS="1137" HPOS="1968"/>
							<String ID="string_151" HPOS="2020" VPOS="1137" WIDTH="58" HEIGHT="35" WC="0.96" CONTENT="En"/>
						</TextLine>
						<TextLine ID="line_16" HPOS="495" VPOS="1189" WIDTH="1583" HEIGHT="54">
							<String ID="string_152" HPOS="495" VPOS="1195" WIDTH="82" HEIGHT="48" WC="0.96" CONTENT="lång"/><SP WIDTH="27" VPOS="1195" HPOS="577"/>
							<String ID="string_153" HPOS="604" VPOS="1195" WIDTH="88" HEIGHT="48" WC="0.96" CONTENT="följd"/><SP WIDTH="28" VPOS="1195" HPOS="692"/>
							<String ID="string_154" HPOS="720" VPOS="1194" WIDTH="38" HEIGHT="35" WC="0.94" CONTENT="af"/><SP WIDTH="17" VPOS="1194" HPOS="758"/>
							<String ID="string_155" HPOS="775" VPOS="1193" WIDTH="204" HEIGHT="35" WC="0.96" CONTENT="erfarenhet"/><SP WIDTH="23" VPOS="1193" HPOS="979"/>
							<String ID="string_156" HPOS="1002" VPOS="1192" WIDTH="81" HEIGHT="34" WC="0.96" CONTENT="från"/><SP WIDTH="29" VPOS="1192" HPOS="1083"/>
							<String ID="string_157" HPOS="1112" VPOS="1198" WIDTH="111" HEIGHT="28" WC="0.93" CONTENT="större"/><SP WIDTH="29" VPOS="1198" HPOS="1223"/>
							<String ID="string_158" HPOS="1252" VPOS="1190" WIDTH="234" HEIGHT="35" WC="0.91" CONTENT="fabriksorter"/><SP WIDTH="27" VPOS="1190" HPOS="1486"/>
							<String ID="string_159" HPOS="1513" VPOS="1189" WIDTH="11" HEIGHT="34" WC="0.96" CONTENT="i"/><SP WIDTH="27" VPOS="1189" HPOS="1524"/>
							<String ID="string_160" HPOS="1551" VPOS="1189" WIDTH="173" HEIGHT="40" WC="0.96" CONTENT="utlandet,"/><SP WIDTH="27" VPOS="1189" HPOS="1724"/>
							<String ID="string_161" HPOS="1751" VPOS="1200" WIDTH="206" HEIGHT="36" WC="0.93" CONTENT="noggranna"/><SP WIDTH="17" VPOS="1200" HPOS="1957"/>
							<String ID="string_162" HPOS="1974" VPOS="1189" WIDTH="104" HEIGHT="34" WC="0.92" CONTENT="stati-"/>
						</TextLine>
						<TextLine ID="line_17" HPOS="497" VPOS="1240" WIDTH="1580" HEIGHT="52">
							<String ID="string_163" HPOS="497" VPOS="1247" WIDTH="111" HEIGHT="35" WC="0.92" CONTENT="stiska"/><SP WIDTH="27" VPOS="1247" HPOS="608"/>
							<String ID="string_164" HPOS="635" VPOS="1245" WIDTH="237" HEIGHT="47" WC="0.92" CONTENT="beräkningar"/><SP WIDTH="27" VPOS="1245" HPOS="872"/>
							<String ID="string_165" HPOS="899" VPOS="1243" WIDTH="216" HEIGHT="48" WC="0.91" CONTENT="ådagalägga"/><SP WIDTH="23" VPOS="1243" HPOS="1115"/>
							<String ID="string_166" HPOS="1138" VPOS="1241" WIDTH="290" HEIGHT="48" WC="0.90" CONTENT="ovedersägligen"/><SP WIDTH="20" VPOS="1241" HPOS="1428"/>
							<String ID="string_167" HPOS="1448" VPOS="1241" WIDTH="42" HEIGHT="34" WC="0.93" CONTENT="de"/><SP WIDTH="29" VPOS="1241" HPOS="1490"/>
							<String ID="string_168" HPOS="1519" VPOS="1240" WIDTH="155" HEIGHT="47" WC="0.48" CONTENT="menliga"/><SP WIDTH="26" VPOS="1240" HPOS="1674"/>
							<String ID="string_169" HPOS="1700" VPOS="1240" WIDTH="257" HEIGHT="47" WC="0.91" CONTENT="verkningarne"/><SP WIDTH="24" VPOS="1240" HPOS="1957"/>
							<String ID="string_170" HPOS="1981" VPOS="1241" WIDTH="21" HEIGHT="33" WC="0.92" CONTENT="å"/><SP WIDTH="19" VPOS="1241" HPOS="2002"/>
							<String ID="string_171" HPOS="2021" VPOS="1253" WIDTH="56" HEIGHT="22" WC="0.91" CONTENT="ar-"/>
						</TextLine>
						<TextLine ID="line_18" HPOS="496" VPOS="1290" WIDTH="1580" HEIGHT="50">
							<String ID="string_172" HPOS="496" VPOS="1297" WIDTH="165" HEIGHT="40" WC="0.91" CONTENT="betarnes"/><SP WIDTH="28" VPOS="1297" HPOS="661"/>
							<String ID="string_173" HPOS="689" VPOS="1296" WIDTH="100" HEIGHT="34" WC="0.91" CONTENT="helsa"/><SP WIDTH="28" VPOS="1296" HPOS="789"/>
							<String ID="string_174" HPOS="817" VPOS="1295" WIDTH="66" HEIGHT="34" WC="0.96" CONTENT="och"/><SP WIDTH="27" VPOS="1295" HPOS="883"/>
							<String ID="string_175" HPOS="910" VPOS="1295" WIDTH="136" HEIGHT="33" WC="0.96" CONTENT="krafter"/><SP WIDTH="27" VPOS="1295" HPOS="1046"/>
							<String ID="string_176" HPOS="1073" VPOS="1299" WIDTH="94" HEIGHT="29" WC="0.96" CONTENT="samt"/><SP WIDTH="28" VPOS="1299" HPOS="1167"/>
							<String ID="string_177" HPOS="1195" VPOS="1294" WIDTH="60" HEIGHT="33" WC="0.96" CONTENT="det"/><SP WIDTH="26" VPOS="1294" HPOS="1255"/>
							<String ID="string_178" HPOS="1281" VPOS="1305" WIDTH="110" HEIGHT="35" WC="0.93" CONTENT="yngre"/><SP WIDTH="26" VPOS="1305" HPOS="1391"/>
							<String ID="string_179" HPOS="1417" VPOS="1292" WIDTH="147" HEIGHT="47" WC="0.92" CONTENT="slägtets"/><SP WIDTH="28" VPOS="1292" HPOS="1564"/>
							<String ID="string_180" HPOS="1592" VPOS="1290" WIDTH="253" HEIGHT="49" WC="0.91" CONTENT="regelmessiga"/><SP WIDTH="27" VPOS="1290" HPOS="1845"/>
							<String ID="string_181" HPOS="1872" VPOS="1291" WIDTH="204" HEIGHT="47" WC="0.96" CONTENT="utveckling"/>
						</TextLine>
						<TextLine ID="line_19" HPOS="496" VPOS="1342" WIDTH="1580" HEIGHT="54">
							<String ID="string_182" HPOS="496" VPOS="1348" WIDTH="11" HEIGHT="34" WC="0.94" CONTENT="i"/><SP WIDTH="27" VPOS="1348" HPOS="507"/>
							<String ID="string_183" HPOS="534" VPOS="1348" WIDTH="143" HEIGHT="48" WC="0.96" CONTENT="fysiskt,"/><SP WIDTH="28" VPOS="1348" HPOS="677"/>
							<String ID="string_184" HPOS="705" VPOS="1346" WIDTH="187" HEIGHT="35" WC="0.96" CONTENT="moraliskt"/><SP WIDTH="28" VPOS="1346" HPOS="892"/>
							<String ID="string_185" HPOS="920" VPOS="1345" WIDTH="66" HEIGHT="35" WC="0.96" CONTENT="och"/><SP WIDTH="27" VPOS="1345" HPOS="986"/>
							<String ID="string_186" HPOS="1013" VPOS="1344" WIDTH="241" HEIGHT="35" WC="0.92" CONTENT="intellektuelt"/><SP WIDTH="28" VPOS="1344" HPOS="1254"/>
							<String ID="string_187" HPOS="1282" VPOS="1343" WIDTH="202" HEIGHT="35" WC="0.96" CONTENT="hänseende"/><SP WIDTH="26" VPOS="1343" HPOS="1484"/>
							<String ID="string_188" HPOS="1510" VPOS="1342" WIDTH="65" HEIGHT="35" WC="0.96" CONTENT="och"/><SP WIDTH="27" VPOS="1342" HPOS="1575"/>
							<String ID="string_189" HPOS="1602" VPOS="1342" WIDTH="12" HEIGHT="34" WC="0.96" CONTENT="i"/><SP WIDTH="27" VPOS="1342" HPOS="1614"/>
							<String ID="string_190" HPOS="1641" VPOS="1342" WIDTH="259" HEIGHT="47" WC="0.96" CONTENT="sammanhang"/><SP WIDTH="28" VPOS="1342" HPOS="1900"/>
							<String ID="string_191" HPOS="1928" VPOS="1342" WIDTH="148" HEIGHT="34" WC="0.96" CONTENT="dermed"/>
						</TextLine>
						<TextLine ID="line_20" HPOS="496" VPOS="1393" WIDTH="1581" HEIGHT="54">
							<String ID="string_192" HPOS="496" VPOS="1413" WIDTH="42" HEIGHT="22" WC="0.96" CONTENT="en"/><SP WIDTH="28" VPOS="1413" HPOS="538"/>
							<String ID="string_193" HPOS="566" VPOS="1398" WIDTH="178" HEIGHT="49" WC="0.96" CONTENT="betydligt"/><SP WIDTH="27" VPOS="1398" HPOS="744"/>
							<String ID="string_194" HPOS="771" VPOS="1398" WIDTH="91" HEIGHT="34" WC="0.96" CONTENT="ökad"/><SP WIDTH="27" VPOS="1398" HPOS="862"/>
							<String ID="string_195" HPOS="889" VPOS="1396" WIDTH="206" HEIGHT="41" WC="0.96" CONTENT="mortalitet,"/><SP WIDTH="25" VPOS="1396" HPOS="1095"/>
							<String ID="string_196" HPOS="1120" VPOS="1409" WIDTH="77" HEIGHT="22" WC="0.96" CONTENT="som"/><SP WIDTH="28" VPOS="1409" HPOS="1197"/>
							<String ID="string_197" HPOS="1225" VPOS="1394" WIDTH="91" HEIGHT="35" WC="0.96" CONTENT="varit"/><SP WIDTH="27" VPOS="1394" HPOS="1316"/>
							<String ID="string_198" HPOS="1343" VPOS="1394" WIDTH="134" HEIGHT="48" WC="0.96" CONTENT="följden"/><SP WIDTH="28" VPOS="1394" HPOS="1477"/>
							<String ID="string_199" HPOS="1505" VPOS="1394" WIDTH="39" HEIGHT="35" WC="0.93" CONTENT="af"/><SP WIDTH="24" VPOS="1394" HPOS="1544"/>
							<String ID="string_200" HPOS="1568" VPOS="1393" WIDTH="312" HEIGHT="35" WC="0.91" CONTENT="uraktlåtenheten"/><SP WIDTH="19" VPOS="1393" HPOS="1880"/>
							<String ID="string_201" HPOS="1899" VPOS="1399" WIDTH="51" HEIGHT="28" WC="0.96" CONTENT="att"/><SP WIDTH="16" VPOS="1399" HPOS="1950"/>
							<String ID="string_202" HPOS="1966" VPOS="1393" WIDTH="111" HEIGHT="35" WC="0.96" CONTENT="ordna"/>
						</TextLine>
						<TextLine ID="line_21" HPOS="497" VPOS="1443" WIDTH="1579" HEIGHT="52">
							<String ID="string_203" HPOS="497" VPOS="1451" WIDTH="103" HEIGHT="34" WC="0.96" CONTENT="dessa"/><SP WIDTH="40" VPOS="1451" HPOS="600"/>
							<String ID="string_204" HPOS="640" VPOS="1448" WIDTH="248" HEIGHT="36" WC="0.95" CONTENT="förhållanden"/><SP WIDTH="35" VPOS="1448" HPOS="888"/>
							<String ID="string_205" HPOS="923" VPOS="1449" WIDTH="47" HEIGHT="46" WC="0.96" CONTENT="på"/><SP WIDTH="36" VPOS="1449" HPOS="970"/>
							<String ID="string_206" HPOS="1006" VPOS="1453" WIDTH="51" HEIGHT="29" WC="0.96" CONTENT="ett"/><SP WIDTH="37" VPOS="1453" HPOS="1057"/>
							<String ID="string_207" HPOS="1094" VPOS="1448" WIDTH="81" HEIGHT="33" WC="0.96" CONTENT="med"/><SP WIDTH="28" VPOS="1448" HPOS="1175"/>
							<String ID="string_208" HPOS="1203" VPOS="1459" WIDTH="141" HEIGHT="22" WC="0.96" CONTENT="vunnen"/><SP WIDTH="24" VPOS="1459" HPOS="1344"/>
							<String ID="string_209" HPOS="1368" VPOS="1445" WIDTH="204" HEIGHT="35" WC="0.96" CONTENT="erfarenhet"/><SP WIDTH="27" VPOS="1445" HPOS="1572"/>
							<String ID="string_210" HPOS="1599" VPOS="1444" WIDTH="66" HEIGHT="35" WC="0.96" CONTENT="och"/><SP WIDTH="27" VPOS="1444" HPOS="1665"/>
							<String ID="string_211" HPOS="1692" VPOS="1443" WIDTH="268" HEIGHT="48" WC="0.93" CONTENT="vetenskapliga"/><SP WIDTH="27" VPOS="1443" HPOS="1960"/>
							<String ID="string_212" HPOS="1987" VPOS="1444" WIDTH="89" HEIGHT="35" WC="0.91" CONTENT="iakt-"/>
						</TextLine>
						<TextLine ID="line_22" HPOS="493" VPOS="1499" WIDTH="673" HEIGHT="51">
							<String ID="string_213" HPOS="493" VPOS="1501" WIDTH="153" HEIGHT="49" WC="0.90" CONTENT="tagelser"/><SP WIDTH="27" VPOS="1501" HPOS="646"/>
							<String ID="string_214" HPOS="673" VPOS="1499" WIDTH="390" HEIGHT="36" WC="0.92" CONTENT="öfverensstämmande"/><SP WIDTH="25" VPOS="1499" HPOS="1063"/>
							<String ID="string_215" HPOS="1088" VPOS="1503" WIDTH="78" HEIGHT="30" WC="0.84" CONTENT="sätt."/>
						</TextLine>
					</TextBlock>
					<TextBlock ID="block_4" HPOS="493" VPOS="1545" WIDTH="1581" HEIGHT="717">
						<TextLine ID="line_23" HPOS="626" VPOS="1545" WIDTH="1448" HEIGHT="50">
							<String ID="string_216" HPOS="626" VPOS="1550" WIDTH="68" HEIGHT="37" WC="0.93" CONTENT="Om"/><SP WIDTH="41" VPOS="1550" HPOS="694"/>
							<String ID="string_217" HPOS="735" VPOS="1557" WIDTH="44" HEIGHT="29" WC="0.95" CONTENT="än"/><SP WIDTH="40" VPOS="1557" HPOS="779"/>
							<String ID="string_218" HPOS="819" VPOS="1552" WIDTH="78" HEIGHT="33" WC="0.96" CONTENT="vårt"/><SP WIDTH="38" VPOS="1552" HPOS="897"/>
							<String ID="string_219" HPOS="935" VPOS="1550" WIDTH="94" HEIGHT="40" WC="0.96" CONTENT="land,"/><SP WIDTH="39" VPOS="1550" HPOS="1029"/>
							<String ID="string_220" HPOS="1068" VPOS="1550" WIDTH="39" HEIGHT="34" WC="0.96" CONTENT="så"/><SP WIDTH="39" VPOS="1550" HPOS="1107"/>
							<String ID="string_221" HPOS="1146" VPOS="1548" WIDTH="77" HEIGHT="35" WC="0.96" CONTENT="vidt"/><SP WIDTH="37" VPOS="1548" HPOS="1223"/>
							<String ID="string_222" HPOS="1260" VPOS="1547" WIDTH="112" HEIGHT="35" WC="0.96" CONTENT="kändt"/><SP WIDTH="28" VPOS="1547" HPOS="1372"/>
							<String ID="string_223" HPOS="1400" VPOS="1552" WIDTH="48" HEIGHT="35" WC="0.96" CONTENT="är,"/><SP WIDTH="39" VPOS="1552" HPOS="1448"/>
							<String ID="string_224" HPOS="1487" VPOS="1548" WIDTH="30" HEIGHT="47" WC="0.95" CONTENT="ej"/><SP WIDTH="29" VPOS="1548" HPOS="1517"/>
							<String ID="string_225" HPOS="1546" VPOS="1546" WIDTH="130" HEIGHT="35" WC="0.96" CONTENT="hittills"/><SP WIDTH="29" VPOS="1546" HPOS="1676"/>
							<String ID="string_226" HPOS="1705" VPOS="1545" WIDTH="168" HEIGHT="35" WC="0.96" CONTENT="drabbats"/><SP WIDTH="29" VPOS="1545" HPOS="1873"/>
							<String ID="string_227" HPOS="1902" VPOS="1546" WIDTH="38" HEIGHT="34" WC="0.96" CONTENT="af"/><SP WIDTH="25" VPOS="1546" HPOS="1940"/>
							<String ID="string_228" HPOS="1965" VPOS="1547" WIDTH="109" HEIGHT="47" WC="0.95" CONTENT="några"/>
						</TextLine>
						<TextLine ID="line_24" HPOS="494" VPOS="1596" WIDTH="1579" HEIGHT="53">
							<String ID="string_229" HPOS="494" VPOS="1616" WIDTH="98" HEIGHT="23" WC="0.95" CONTENT="mera"/><SP WIDTH="23" VPOS="1616" HPOS="592"/>
							<String ID="string_230" HPOS="615" VPOS="1602" WIDTH="244" HEIGHT="36" WC="0.95" CONTENT="oroväckande"/><SP WIDTH="27" VPOS="1602" HPOS="859"/>
							<String ID="string_231" HPOS="886" VPOS="1601" WIDTH="129" HEIGHT="48" WC="0.96" CONTENT="följder"/><SP WIDTH="28" VPOS="1601" HPOS="1015"/>
							<String ID="string_232" HPOS="1043" VPOS="1601" WIDTH="38" HEIGHT="34" WC="0.96" CONTENT="af"/><SP WIDTH="24" VPOS="1601" HPOS="1081"/>
							<String ID="string_233" HPOS="1105" VPOS="1599" WIDTH="183" HEIGHT="36" WC="0.93" CONTENT="bristande"/><SP WIDTH="28" VPOS="1599" HPOS="1288"/>
							<String ID="string_234" HPOS="1316" VPOS="1598" WIDTH="333" HEIGHT="48" WC="0.92" CONTENT="lagbestämmelser"/><SP WIDTH="28" VPOS="1598" HPOS="1649"/>
							<String ID="string_235" HPOS="1677" VPOS="1597" WIDTH="51" HEIGHT="35" WC="0.96" CONTENT="uti"/><SP WIDTH="28" VPOS="1597" HPOS="1728"/>
							<String ID="string_236" HPOS="1756" VPOS="1596" WIDTH="213" HEIGHT="36" WC="0.93" CONTENT="hithörande"/><SP WIDTH="29" VPOS="1596" HPOS="1969"/>
							<String ID="string_237" HPOS="1998" VPOS="1603" WIDTH="75" HEIGHT="29" WC="0.92" CONTENT="äm-"/>
						</TextLine>
						<TextLine ID="line_25" HPOS="494" VPOS="1647" WIDTH="1579" HEIGHT="53">
							<String ID="string_238" HPOS="494" VPOS="1668" WIDTH="79" HEIGHT="26" WC="0.95" CONTENT="nen,"/><SP WIDTH="24" VPOS="1668" HPOS="573"/>
							<String ID="string_239" HPOS="597" VPOS="1655" WIDTH="39" HEIGHT="34" WC="0.96" CONTENT="så"/><SP WIDTH="27" VPOS="1655" HPOS="636"/>
							<String ID="string_240" HPOS="663" VPOS="1654" WIDTH="100" HEIGHT="35" WC="0.96" CONTENT="torde"/><SP WIDTH="29" VPOS="1654" HPOS="763"/>
							<String ID="string_241" HPOS="792" VPOS="1654" WIDTH="98" HEIGHT="33" WC="0.96" CONTENT="detta"/><SP WIDTH="27" VPOS="1654" HPOS="890"/>
							<String ID="string_242" HPOS="917" VPOS="1652" WIDTH="165" HEIGHT="48" WC="0.96" CONTENT="möjligen"/><SP WIDTH="30" VPOS="1652" HPOS="1082"/>
							<String ID="string_243" HPOS="1112" VPOS="1664" WIDTH="83" HEIGHT="21" WC="0.96" CONTENT="vara"/><SP WIDTH="27" VPOS="1664" HPOS="1195"/>
							<String ID="string_244" HPOS="1222" VPOS="1650" WIDTH="175" HEIGHT="34" WC="0.96" CONTENT="beroende"/><SP WIDTH="25" VPOS="1650" HPOS="1397"/>
							<String ID="string_245" HPOS="1422" VPOS="1649" WIDTH="109" HEIGHT="40" WC="0.96" CONTENT="deraf,"/><SP WIDTH="29" VPOS="1649" HPOS="1531"/>
							<String ID="string_246" HPOS="1560" VPOS="1655" WIDTH="53" HEIGHT="28" WC="0.96" CONTENT="att"/><SP WIDTH="27" VPOS="1655" HPOS="1613"/>
							<String ID="string_247" HPOS="1640" VPOS="1649" WIDTH="69" HEIGHT="34" WC="0.96" CONTENT="den"/><SP WIDTH="22" VPOS="1649" HPOS="1709"/>
							<String ID="string_248" HPOS="1731" VPOS="1647" WIDTH="214" HEIGHT="35" WC="0.92" CONTENT="industriela"/><SP WIDTH="25" VPOS="1647" HPOS="1945"/>
							<String ID="string_249" HPOS="1970" VPOS="1649" WIDTH="103" HEIGHT="34" WC="0.91" CONTENT="verk-"/>
						</TextLine>
						<TextLine ID="line_26" HPOS="495" VPOS="1700" WIDTH="1579" HEIGHT="48">
							<String ID="string_250" HPOS="495" VPOS="1705" WIDTH="185" HEIGHT="36" WC="0.92" CONTENT="samheten"/><SP WIDTH="38" VPOS="1705" HPOS="680"/>
							<String ID="string_251" HPOS="718" VPOS="1704" WIDTH="128" HEIGHT="35" WC="0.92" CONTENT="hittills"/><SP WIDTH="42" VPOS="1704" HPOS="846"/>
							<String ID="string_252" HPOS="888" VPOS="1703" WIDTH="126" HEIGHT="35" WC="0.96" CONTENT="endast"/><SP WIDTH="36" VPOS="1703" HPOS="1014"/>
							<String ID="string_253" HPOS="1050" VPOS="1702" WIDTH="56" HEIGHT="36" WC="0.95" CONTENT="till"/><SP WIDTH="40" VPOS="1702" HPOS="1106"/>
							<String ID="string_254" HPOS="1146" VPOS="1701" WIDTH="137" HEIGHT="35" WC="0.96" CONTENT="mindre"/><SP WIDTH="30" VPOS="1701" HPOS="1283"/>
							<String ID="string_255" HPOS="1313" VPOS="1701" WIDTH="95" HEIGHT="34" WC="0.96" CONTENT="antal"/><SP WIDTH="24" VPOS="1701" HPOS="1408"/>
							<String ID="string_256" HPOS="1432" VPOS="1700" WIDTH="190" HEIGHT="48" WC="0.96" CONTENT="sysselsatt"/><SP WIDTH="28" VPOS="1700" HPOS="1622"/>
							<String ID="string_257" HPOS="1650" VPOS="1700" WIDTH="133" HEIGHT="34" WC="0.96" CONTENT="sådana"/><SP WIDTH="27" VPOS="1700" HPOS="1783"/>
							<String ID="string_258" HPOS="1810" VPOS="1711" WIDTH="171" HEIGHT="35" WC="0.95" CONTENT="personer"/><SP WIDTH="27" VPOS="1711" HPOS="1981"/>
							<String ID="string_259" HPOS="2008" VPOS="1700" WIDTH="66" HEIGHT="35" WC="0.96" CONTENT="här"/>
						</TextLine>
						<TextLine ID="line_27" HPOS="495" VPOS="1750" WIDTH="1578" HEIGHT="53">
							<String ID="string_260" HPOS="495" VPOS="1762" WIDTH="60" HEIGHT="30" WC="0.95" CONTENT="äro"/><SP WIDTH="40" VPOS="1762" HPOS="555"/>
							<String ID="string_261" HPOS="595" VPOS="1756" WIDTH="11" HEIGHT="34" WC="0.95" CONTENT="i"/><SP WIDTH="39" VPOS="1756" HPOS="606"/>
							<String ID="string_262" HPOS="645" VPOS="1756" WIDTH="110" HEIGHT="47" WC="0.96" CONTENT="fråga,"/><SP WIDTH="27" VPOS="1756" HPOS="755"/>
							<String ID="string_263" HPOS="782" VPOS="1755" WIDTH="136" HEIGHT="34" WC="0.96" CONTENT="hvilket"/><SP WIDTH="26" VPOS="1755" HPOS="918"/>
							<String ID="string_264" HPOS="944" VPOS="1753" WIDTH="222" HEIGHT="36" WC="0.95" CONTENT="förhållande"/><SP WIDTH="30" VPOS="1753" HPOS="1166"/>
							<String ID="string_265" HPOS="1196" VPOS="1753" WIDTH="90" HEIGHT="34" WC="0.96" CONTENT="dock"/><SP WIDTH="28" VPOS="1753" HPOS="1286"/>
							<String ID="string_266" HPOS="1314" VPOS="1752" WIDTH="29" HEIGHT="48" WC="0.96" CONTENT="ej"/><SP WIDTH="29" VPOS="1752" HPOS="1343"/>
							<String ID="string_267" HPOS="1372" VPOS="1751" WIDTH="64" HEIGHT="34" WC="0.96" CONTENT="bör"/><SP WIDTH="28" VPOS="1751" HPOS="1436"/>
							<String ID="string_268" HPOS="1464" VPOS="1751" WIDTH="118" HEIGHT="34" WC="0.96" CONTENT="lemna"/><SP WIDTH="27" VPOS="1751" HPOS="1582"/>
							<String ID="string_269" HPOS="1609" VPOS="1752" WIDTH="116" HEIGHT="46" WC="0.96" CONTENT="någon"/><SP WIDTH="28" VPOS="1752" HPOS="1725"/>
							<String ID="string_270" HPOS="1753" VPOS="1750" WIDTH="101" HEIGHT="48" WC="0.96" CONTENT="giltig"/><SP WIDTH="27" VPOS="1750" HPOS="1854"/>
							<String ID="string_271" HPOS="1881" VPOS="1750" WIDTH="192" HEIGHT="49" WC="0.96" CONTENT="anledning"/>
						</TextLine>
						<TextLine ID="line_28" HPOS="495" VPOS="1801" WIDTH="1576" HEIGHT="53">
							<String ID="string_272" HPOS="495" VPOS="1814" WIDTH="51" HEIGHT="28" WC="0.96" CONTENT="att"/><SP WIDTH="27" VPOS="1814" HPOS="546"/>
							<String ID="string_273" HPOS="573" VPOS="1807" WIDTH="120" HEIGHT="47" WC="0.93" CONTENT="längre"/><SP WIDTH="28" VPOS="1807" HPOS="693"/>
							<String ID="string_274" HPOS="721" VPOS="1806" WIDTH="194" HEIGHT="48" WC="0.93" CONTENT="uppskjuta"/><SP WIDTH="28" VPOS="1806" HPOS="915"/>
							<String ID="string_275" HPOS="943" VPOS="1806" WIDTH="116" HEIGHT="33" WC="0.96" CONTENT="denna"/><SP WIDTH="27" VPOS="1806" HPOS="1059"/>
							<String ID="string_276" HPOS="1086" VPOS="1803" WIDTH="267" HEIGHT="48" WC="0.96" CONTENT="angelägenhet,"/><SP WIDTH="29" VPOS="1803" HPOS="1353"/>
							<String ID="string_277" HPOS="1382" VPOS="1802" WIDTH="66" HEIGHT="34" WC="0.96" CONTENT="och"/><SP WIDTH="28" VPOS="1802" HPOS="1448"/>
							<String ID="string_278" HPOS="1476" VPOS="1803" WIDTH="99" HEIGHT="33" WC="0.95" CONTENT="detta"/><SP WIDTH="29" VPOS="1803" HPOS="1575"/>
							<String ID="string_279" HPOS="1604" VPOS="1803" WIDTH="39" HEIGHT="33" WC="0.96" CONTENT="så"/><SP WIDTH="14" VPOS="1803" HPOS="1643"/>
							<String ID="string_280" HPOS="1657" VPOS="1802" WIDTH="145" HEIGHT="46" WC="0.96" CONTENT="mycket"/><SP WIDTH="16" VPOS="1802" HPOS="1802"/>
							<String ID="string_281" HPOS="1818" VPOS="1801" WIDTH="149" HEIGHT="41" WC="0.96" CONTENT="mindre,"/><SP WIDTH="15" VPOS="1801" HPOS="1967"/>
							<String ID="string_282" HPOS="1982" VPOS="1814" WIDTH="89" HEIGHT="28" WC="0.96" CONTENT="som,"/>
						</TextLine>
						<TextLine ID="line_29" HPOS="495" VPOS="1852" WIDTH="1577" HEIGHT="54">
							<String ID="string_283" HPOS="495" VPOS="1858" WIDTH="110" HEIGHT="48" WC="0.96" CONTENT="enligt"/><SP WIDTH="39" VPOS="1858" HPOS="605"/>
							<String ID="string_284" HPOS="644" VPOS="1858" WIDTH="93" HEIGHT="35" WC="0.73" CONTENT="hvad"/><SP WIDTH="38" VPOS="1858" HPOS="737"/>
							<String ID="string_285" HPOS="775" VPOS="1857" WIDTH="104" HEIGHT="35" WC="0.95" CONTENT="ofvan"/><SP WIDTH="40" VPOS="1857" HPOS="879"/>
							<String ID="string_286" HPOS="919" VPOS="1856" WIDTH="118" HEIGHT="34" WC="0.92" CONTENT="blifvit"/><SP WIDTH="39" VPOS="1856" HPOS="1037"/>
							<String ID="string_287" HPOS="1076" VPOS="1855" WIDTH="160" HEIGHT="41" WC="0.90" CONTENT="nämndt,"/><SP WIDTH="41" VPOS="1855" HPOS="1236"/>
							<String ID="string_288" HPOS="1277" VPOS="1854" WIDTH="43" HEIGHT="35" WC="0.96" CONTENT="de"/><SP WIDTH="42" VPOS="1854" HPOS="1320"/>
							<String ID="string_289" HPOS="1362" VPOS="1852" WIDTH="200" HEIGHT="37" WC="0.93" CONTENT="statistiska"/><SP WIDTH="33" VPOS="1852" HPOS="1562"/>
							<String ID="string_290" HPOS="1595" VPOS="1852" WIDTH="282" HEIGHT="47" WC="0.91" CONTENT="beräkningarne"/><SP WIDTH="29" VPOS="1852" HPOS="1877"/>
							<String ID="string_291" HPOS="1906" VPOS="1852" WIDTH="85" HEIGHT="41" WC="0.96" CONTENT="visa,"/><SP WIDTH="29" VPOS="1852" HPOS="1991"/>
							<String ID="string_292" HPOS="2020" VPOS="1859" WIDTH="52" HEIGHT="29" WC="0.96" CONTENT="att"/>
						</TextLine>
						<TextLine ID="line_30" HPOS="494" VPOS="1904" WIDTH="1577" HEIGHT="53">
							<String ID="string_293" HPOS="494" VPOS="1922" WIDTH="110" HEIGHT="35" WC="0.96" CONTENT="yngre"/><SP WIDTH="40" VPOS="1922" HPOS="604"/>
							<String ID="string_294" HPOS="644" VPOS="1921" WIDTH="170" HEIGHT="36" WC="0.96" CONTENT="personer"/><SP WIDTH="39" VPOS="1921" HPOS="814"/>
							<String ID="string_295" HPOS="853" VPOS="1908" WIDTH="113" HEIGHT="34" WC="0.93" CONTENT="under"/><SP WIDTH="28" VPOS="1908" HPOS="966"/>
							<String ID="string_296" HPOS="994" VPOS="1907" WIDTH="148" HEIGHT="34" WC="0.91" CONTENT="sednare"/><SP WIDTH="22" VPOS="1907" HPOS="1142"/>
							<String ID="string_297" HPOS="1164" VPOS="1906" WIDTH="94" HEIGHT="35" WC="0.96" CONTENT="tider"/><SP WIDTH="26" VPOS="1906" HPOS="1258"/>
							<String ID="string_298" HPOS="1284" VPOS="1905" WIDTH="115" HEIGHT="47" WC="0.96" CONTENT="börjat"/><SP WIDTH="24" VPOS="1905" HPOS="1399"/>
							<String ID="string_299" HPOS="1423" VPOS="1904" WIDTH="61" HEIGHT="34" WC="0.96" CONTENT="allt"/><SP WIDTH="28" VPOS="1904" HPOS="1484"/>
							<String ID="string_300" HPOS="1512" VPOS="1917" WIDTH="75" HEIGHT="21" WC="0.96" CONTENT="mer"/><SP WIDTH="28" VPOS="1917" HPOS="1587"/>
							<String ID="string_301" HPOS="1615" VPOS="1904" WIDTH="66" HEIGHT="34" WC="0.96" CONTENT="och"/><SP WIDTH="28" VPOS="1904" HPOS="1681"/>
							<String ID="string_302" HPOS="1709" VPOS="1916" WIDTH="76" HEIGHT="22" WC="0.95" CONTENT="mer"/><SP WIDTH="23" VPOS="1916" HPOS="1785"/>
							<String ID="string_303" HPOS="1808" VPOS="1904" WIDTH="180" HEIGHT="34" WC="0.96" CONTENT="användas"/><SP WIDTH="28" VPOS="1904" HPOS="1988"/>
							<String ID="string_304" HPOS="2016" VPOS="1904" WIDTH="55" HEIGHT="35" WC="0.96" CONTENT="för"/>
						</TextLine>
						<TextLine ID="line_31" HPOS="494" VPOS="1954" WIDTH="1576" HEIGHT="53">
							<String ID="string_305" HPOS="494" VPOS="1961" WIDTH="156" HEIGHT="34" WC="0.96" CONTENT="nämnda"/><SP WIDTH="39" VPOS="1961" HPOS="650"/>
							<String ID="string_306" HPOS="689" VPOS="1959" WIDTH="166" HEIGHT="48" WC="0.96" CONTENT="göromål,"/><SP WIDTH="39" VPOS="1959" HPOS="855"/>
							<String ID="string_307" HPOS="894" VPOS="1967" WIDTH="93" HEIGHT="26" WC="0.96" CONTENT="samt"/><SP WIDTH="38" VPOS="1967" HPOS="987"/>
							<String ID="string_308" HPOS="1025" VPOS="1958" WIDTH="59" HEIGHT="35" WC="0.96" CONTENT="det"/><SP WIDTH="27" VPOS="1958" HPOS="1084"/>
							<String ID="string_309" HPOS="1111" VPOS="1958" WIDTH="12" HEIGHT="34" WC="0.96" CONTENT="i"/><SP WIDTH="27" VPOS="1958" HPOS="1123"/>
							<String ID="string_310" HPOS="1150" VPOS="1957" WIDTH="107" HEIGHT="47" WC="0.96" CONTENT="öfrigt"/><SP WIDTH="26" VPOS="1957" HPOS="1257"/>
							<String ID="string_311" HPOS="1283" VPOS="1956" WIDTH="76" HEIGHT="35" WC="0.96" CONTENT="dels"/><SP WIDTH="28" VPOS="1956" HPOS="1359"/>
							<String ID="string_312" HPOS="1387" VPOS="1957" WIDTH="114" HEIGHT="33" WC="0.96" CONTENT="måste"/><SP WIDTH="20" VPOS="1957" HPOS="1501"/>
							<String ID="string_313" HPOS="1521" VPOS="1968" WIDTH="82" HEIGHT="21" WC="0.96" CONTENT="vara"/><SP WIDTH="26" VPOS="1968" HPOS="1603"/>
							<String ID="string_314" HPOS="1629" VPOS="1954" WIDTH="276" HEIGHT="48" WC="0.96" CONTENT="fördelaktigare"/><SP WIDTH="28" VPOS="1954" HPOS="1905"/>
							<String ID="string_315" HPOS="1933" VPOS="1961" WIDTH="52" HEIGHT="29" WC="0.93" CONTENT="att"/><SP WIDTH="26" VPOS="1961" HPOS="1985"/>
							<String ID="string_316" HPOS="2011" VPOS="1968" WIDTH="59" HEIGHT="35" WC="0.92" CONTENT="ge-"/>
						</TextLine>
						<TextLine ID="line_32" HPOS="494" VPOS="2005" WIDTH="1576" HEIGHT="53">
							<String ID="string_317" HPOS="494" VPOS="2023" WIDTH="83" HEIGHT="23" WC="0.95" CONTENT="nom"/><SP WIDTH="28" VPOS="2023" HPOS="577"/>
							<String ID="string_318" HPOS="605" VPOS="2011" WIDTH="170" HEIGHT="47" WC="0.96" CONTENT="lämpliga"/><SP WIDTH="26" VPOS="2011" HPOS="775"/>
							<String ID="string_319" HPOS="801" VPOS="2010" WIDTH="224" HEIGHT="35" WC="0.96" CONTENT="föreskrifter"/><SP WIDTH="28" VPOS="2010" HPOS="1025"/>
							<String ID="string_320" HPOS="1053" VPOS="2009" WIDTH="85" HEIGHT="34" WC="0.96" CONTENT="söka"/><SP WIDTH="26" VPOS="2009" HPOS="1138"/>
							<String ID="string_321" HPOS="1164" VPOS="2008" WIDTH="223" HEIGHT="35" WC="0.96" CONTENT="förekomma"/><SP WIDTH="24" VPOS="2008" HPOS="1387"/>
							<String ID="string_322" HPOS="1411" VPOS="2007" WIDTH="59" HEIGHT="34" WC="0.96" CONTENT="det"/><SP WIDTH="27" VPOS="2007" HPOS="1470"/>
							<String ID="string_323" HPOS="1497" VPOS="2006" WIDTH="102" HEIGHT="40" WC="0.96" CONTENT="onda,"/><SP WIDTH="28" VPOS="2006" HPOS="1599"/>
							<String ID="string_324" HPOS="1627" VPOS="2006" WIDTH="76" HEIGHT="35" WC="0.96" CONTENT="dels"/><SP WIDTH="29" VPOS="2006" HPOS="1703"/>
							<String ID="string_325" HPOS="1732" VPOS="2005" WIDTH="65" HEIGHT="35" WC="0.96" CONTENT="ock"/><SP WIDTH="16" VPOS="2005" HPOS="1797"/>
							<String ID="string_326" HPOS="1813" VPOS="2018" WIDTH="43" HEIGHT="21" WC="0.93" CONTENT="en"/><SP WIDTH="15" VPOS="2018" HPOS="1856"/>
							<String ID="string_327" HPOS="1871" VPOS="2006" WIDTH="199" HEIGHT="47" WC="0.91" CONTENT="reglemen-"/>
						</TextLine>
						<TextLine ID="line_33" HPOS="494" VPOS="2056" WIDTH="1575" HEIGHT="54">
							<String ID="string_328" HPOS="494" VPOS="2063" WIDTH="115" HEIGHT="47" WC="0.96" CONTENT="tering"/><SP WIDTH="27" VPOS="2063" HPOS="609"/>
							<String ID="string_329" HPOS="636" VPOS="2062" WIDTH="12" HEIGHT="35" WC="0.96" CONTENT="i"/><SP WIDTH="26" VPOS="2062" HPOS="648"/>
							<String ID="string_330" HPOS="674" VPOS="2062" WIDTH="52" HEIGHT="35" WC="0.96" CONTENT="tid"/><SP WIDTH="28" VPOS="2062" HPOS="726"/>
							<String ID="string_331" HPOS="754" VPOS="2062" WIDTH="62" HEIGHT="34" WC="0.96" CONTENT="bör"/><SP WIDTH="27" VPOS="2062" HPOS="816"/>
							<String ID="string_332" HPOS="843" VPOS="2061" WIDTH="120" HEIGHT="35" WC="0.96" CONTENT="kunna"/><SP WIDTH="23" VPOS="2061" HPOS="963"/>
							<String ID="string_333" HPOS="986" VPOS="2061" WIDTH="82" HEIGHT="34" WC="0.96" CONTENT="med"/><SP WIDTH="23" VPOS="2061" HPOS="1068"/>
							<String ID="string_334" HPOS="1091" VPOS="2072" WIDTH="98" HEIGHT="29" WC="0.96" CONTENT="mera"/><SP WIDTH="26" VPOS="2072" HPOS="1189"/>
							<String ID="string_335" HPOS="1215" VPOS="2059" WIDTH="130" HEIGHT="35" WC="0.96" CONTENT="lätthet"/><SP WIDTH="27" VPOS="2059" HPOS="1345"/>
							<String ID="string_336" HPOS="1372" VPOS="2056" WIDTH="66" HEIGHT="36" WC="0.96" CONTENT="och"/><SP WIDTH="29" VPOS="2056" HPOS="1438"/>
							<String ID="string_337" HPOS="1467" VPOS="2058" WIDTH="81" HEIGHT="34" WC="0.95" CONTENT="med"/><SP WIDTH="28" VPOS="2058" HPOS="1548"/>
							<String ID="string_338" HPOS="1576" VPOS="2057" WIDTH="138" HEIGHT="35" WC="0.91" CONTENT="mindre"/><SP WIDTH="24" VPOS="2057" HPOS="1714"/>
							<String ID="string_339" HPOS="1738" VPOS="2056" WIDTH="177" HEIGHT="48" WC="0.91" CONTENT="rubbning"/><SP WIDTH="27" VPOS="2056" HPOS="1915"/>
							<String ID="string_340" HPOS="1942" VPOS="2058" WIDTH="38" HEIGHT="34" WC="0.93" CONTENT="af"/><SP WIDTH="16" VPOS="2058" HPOS="1980"/>
							<String ID="string_341" HPOS="1996" VPOS="2058" WIDTH="73" HEIGHT="34" WC="0.92" CONTENT="för-"/>
						</TextLine>
						<TextLine ID="line_34" HPOS="493" VPOS="2108" WIDTH="1575" HEIGHT="51">
							<String ID="string_342" HPOS="493" VPOS="2113" WIDTH="297" HEIGHT="35" WC="0.91" CONTENT="handenvarande"/><SP WIDTH="28" VPOS="2113" HPOS="790"/>
							<String ID="string_343" HPOS="818" VPOS="2112" WIDTH="177" HEIGHT="35" WC="0.95" CONTENT="intressen"/><SP WIDTH="28" VPOS="2112" HPOS="995"/>
							<String ID="string_344" HPOS="1023" VPOS="2111" WIDTH="234" HEIGHT="48" WC="0.95" CONTENT="genomföras."/><SP WIDTH="65" VPOS="2111" HPOS="1257"/>
							<String ID="string_345" HPOS="1322" VPOS="2108" WIDTH="54" HEIGHT="35" WC="0.96" CONTENT="De"/><SP WIDTH="31" VPOS="2108" HPOS="1376"/>
							<String ID="string_346" HPOS="1407" VPOS="2108" WIDTH="228" HEIGHT="48" WC="0.96" CONTENT="svårigheter,"/><SP WIDTH="30" VPOS="2108" HPOS="1635"/>
							<String ID="string_347" HPOS="1665" VPOS="2120" WIDTH="77" HEIGHT="22" WC="0.96" CONTENT="som"/><SP WIDTH="27" VPOS="2120" HPOS="1742"/>
							<String ID="string_348" HPOS="1769" VPOS="2108" WIDTH="12" HEIGHT="34" WC="0.72" CONTENT="i"/><SP WIDTH="27" VPOS="2108" HPOS="1781"/>
							<String ID="string_349" HPOS="1808" VPOS="2108" WIDTH="162" HEIGHT="34" WC="0.95" CONTENT="utlandet"/><SP WIDTH="23" VPOS="2108" HPOS="1970"/>
							<String ID="string_350" HPOS="1993" VPOS="2109" WIDTH="75" HEIGHT="34" WC="0.96" CONTENT="ofta"/>
						</TextLine>
						<TextLine ID="line_35" HPOS="494" VPOS="2158" WIDTH="1573" HEIGHT="55">
							<String ID="string_351" HPOS="494" VPOS="2170" WIDTH="113" HEIGHT="43" WC="0.90" CONTENT="yppat"/><SP WIDTH="37" VPOS="2170" HPOS="607"/>
							<String ID="string_352" HPOS="644" VPOS="2164" WIDTH="53" HEIGHT="48" WC="0.95" CONTENT="sig"/><SP WIDTH="36" VPOS="2164" HPOS="697"/>
							<String ID="string_353" HPOS="733" VPOS="2164" WIDTH="59" HEIGHT="34" WC="0.96" CONTENT="vid"/><SP WIDTH="40" VPOS="2164" HPOS="792"/>
							<String ID="string_354" HPOS="832" VPOS="2176" WIDTH="44" HEIGHT="21" WC="0.95" CONTENT="en"/><SP WIDTH="36" VPOS="2176" HPOS="876"/>
							<String ID="string_355" HPOS="912" VPOS="2163" WIDTH="157" HEIGHT="47" WC="0.95" CONTENT="fördröjd"/><SP WIDTH="40" VPOS="2163" HPOS="1069"/>
							<String ID="string_356" HPOS="1109" VPOS="2161" WIDTH="217" HEIGHT="47" WC="0.96" CONTENT="behandling"/><SP WIDTH="28" VPOS="2161" HPOS="1326"/>
							<String ID="string_357" HPOS="1354" VPOS="2160" WIDTH="37" HEIGHT="34" WC="0.96" CONTENT="af"/><SP WIDTH="31" VPOS="2160" HPOS="1391"/>
							<String ID="string_358" HPOS="1422" VPOS="2160" WIDTH="115" HEIGHT="34" WC="0.96" CONTENT="denna"/><SP WIDTH="28" VPOS="2160" HPOS="1537"/>
							<String ID="string_359" HPOS="1565" VPOS="2159" WIDTH="266" HEIGHT="48" WC="0.95" CONTENT="angelägenhet,"/><SP WIDTH="28" VPOS="2159" HPOS="1831"/>
							<String ID="string_360" HPOS="1859" VPOS="2158" WIDTH="86" HEIGHT="35" WC="0.96" CONTENT="böra"/><SP WIDTH="26" VPOS="2158" HPOS="1945"/>
							<String ID="string_361" HPOS="1971" VPOS="2160" WIDTH="96" HEIGHT="47" WC="0.96" CONTENT="tjena"/>
						</TextLine>
						<TextLine ID="line_36" HPOS="495" VPOS="2211" WIDTH="1065" HEIGHT="51">
							<String ID="string_362" HPOS="495" VPOS="2228" WIDTH="57" HEIGHT="23" WC="0.80" CONTENT="oss"/><SP WIDTH="27" VPOS="2228" HPOS="552"/>
							<String ID="string_363" HPOS="579" VPOS="2215" WIDTH="55" HEIGHT="36" WC="0.95" CONTENT="till"/><SP WIDTH="27" VPOS="2215" HPOS="634"/>
							<String ID="string_364" HPOS="661" VPOS="2214" WIDTH="146" HEIGHT="48" WC="0.95" CONTENT="varning"/><SP WIDTH="27" VPOS="2214" HPOS="807"/>
							<String ID="string_365" HPOS="834" VPOS="2220" WIDTH="52" HEIGHT="29" WC="0.96" CONTENT="att"/><SP WIDTH="26" VPOS="2220" HPOS="886"/>
							<String ID="string_366" HPOS="912" VPOS="2215" WIDTH="30" HEIGHT="46" WC="0.96" CONTENT="ej"/><SP WIDTH="29" VPOS="2215" HPOS="942"/>
							<String ID="string_367" HPOS="971" VPOS="2214" WIDTH="55" HEIGHT="34" WC="0.96" CONTENT="för"/><SP WIDTH="26" VPOS="2214" HPOS="1026"/>
							<String ID="string_368" HPOS="1052" VPOS="2213" WIDTH="102" HEIGHT="47" WC="0.96" CONTENT="länge"/><SP WIDTH="27" VPOS="2213" HPOS="1154"/>
							<String ID="string_369" HPOS="1181" VPOS="2212" WIDTH="150" HEIGHT="35" WC="0.93" CONTENT="härmed"/><SP WIDTH="26" VPOS="2212" HPOS="1331"/>
							<String ID="string_370" HPOS="1357" VPOS="2211" WIDTH="203" HEIGHT="48" WC="0.92" CONTENT="uppskjuta."/>
						</TextLine>
					</TextBlock>
					<TextBlock ID="block_5" HPOS="493" VPOS="2260" WIDTH="1573" HEIGHT="105">
						<TextLine ID="line_37" HPOS="626" VPOS="2260" WIDTH="1440" HEIGHT="52">
							<String ID="string_371" HPOS="626" VPOS="2265" WIDTH="106" HEIGHT="36" WC="0.96" CONTENT="Hvad"/><SP WIDTH="31" VPOS="2265" HPOS="732"/>
							<String ID="string_372" HPOS="763" VPOS="2267" WIDTH="75" HEIGHT="33" WC="0.93" CONTENT="åter"/><SP WIDTH="31" VPOS="2267" HPOS="838"/>
							<String ID="string_373" HPOS="869" VPOS="2265" WIDTH="223" HEIGHT="35" WC="0.91" CONTENT="vidkommer"/><SP WIDTH="26" VPOS="2265" HPOS="1092"/>
							<String ID="string_374" HPOS="1118" VPOS="2264" WIDTH="226" HEIGHT="48" WC="0.96" CONTENT="lämpligaste"/><SP WIDTH="29" VPOS="2264" HPOS="1344"/>
							<String ID="string_375" HPOS="1373" VPOS="2268" WIDTH="108" HEIGHT="29" WC="0.96" CONTENT="sättet"/><SP WIDTH="27" VPOS="2268" HPOS="1481"/>
							<String ID="string_376" HPOS="1508" VPOS="2268" WIDTH="52" HEIGHT="28" WC="0.96" CONTENT="att"/><SP WIDTH="26" VPOS="2268" HPOS="1560"/>
							<String ID="string_377" HPOS="1586" VPOS="2260" WIDTH="160" HEIGHT="48" WC="0.93" CONTENT="lagstifta"/><SP WIDTH="26" VPOS="2260" HPOS="1746"/>
							<String ID="string_378" HPOS="1772" VPOS="2260" WIDTH="225" HEIGHT="41" WC="0.91" CONTENT="härutinnan,"/><SP WIDTH="29" VPOS="2260" HPOS="1997"/>
							<String ID="string_379" HPOS="2026" VPOS="2263" WIDTH="40" HEIGHT="33" WC="0.96" CONTENT="så"/>
						</TextLine>
						<TextLine ID="line_38" HPOS="493" VPOS="2311" WIDTH="1572" HEIGHT="54">
							<String ID="string_380" HPOS="493" VPOS="2317" WIDTH="94" HEIGHT="36" WC="0.95" CONTENT="visar"/><SP WIDTH="39" VPOS="2317" HPOS="587"/>
							<String ID="string_381" HPOS="626" VPOS="2317" WIDTH="54" HEIGHT="48" WC="0.96" CONTENT="sig"/><SP WIDTH="37" VPOS="2317" HPOS="680"/>
							<String ID="string_382" HPOS="717" VPOS="2329" WIDTH="43" HEIGHT="22" WC="0.96" CONTENT="en"/><SP WIDTH="40" VPOS="2329" HPOS="760"/>
							<String ID="string_383" HPOS="800" VPOS="2318" WIDTH="31" HEIGHT="47" WC="0.93" CONTENT="ej"/><SP WIDTH="40" VPOS="2318" HPOS="831"/>
							<String ID="string_384" HPOS="871" VPOS="2315" WIDTH="221" HEIGHT="47" WC="0.92" CONTENT="oväsendtlig"/><SP WIDTH="40" VPOS="2315" HPOS="1092"/>
							<String ID="string_385" HPOS="1132" VPOS="2314" WIDTH="244" HEIGHT="49" WC="0.92" CONTENT="skiljaktighet"/><SP WIDTH="26" VPOS="2314" HPOS="1376"/>
							<String ID="string_386" HPOS="1402" VPOS="2313" WIDTH="12" HEIGHT="36" WC="0.97" CONTENT="i"/><SP WIDTH="27" VPOS="2313" HPOS="1414"/>
							<String ID="string_387" HPOS="1441" VPOS="2314" WIDTH="43" HEIGHT="34" WC="0.96" CONTENT="de"/><SP WIDTH="28" VPOS="2314" HPOS="1484"/>
							<String ID="string_388" HPOS="1512" VPOS="2312" WIDTH="95" HEIGHT="36" WC="0.96" CONTENT="olika"/><SP WIDTH="26" VPOS="2312" HPOS="1607"/>
							<String ID="string_389" HPOS="1633" VPOS="2312" WIDTH="189" HEIGHT="35" WC="0.93" CONTENT="ländernas"/><SP WIDTH="27" VPOS="2312" HPOS="1822"/>
							<String ID="string_390" HPOS="1849" VPOS="2311" WIDTH="216" HEIGHT="49" WC="0.92" CONTENT="lagbestäm-"/>
						</TextLine>
					</TextBlock>
				</ComposedBlock>
			</PrintSpace>
		</Page>
	</Layout>
</alto>
