1887 2834
269 168 19 30 2
610 167 312 30 Bankoutskottets
945 165 177 31 utlåtande
1142 175 42 20 nr
1203 164 41 31 38
1264 164 39 31 år
1324 164 84 30 1968

269 251 88 28 efter
373 251 50 28 att
439 249 41 30 de
496 249 37 30 är
549 249 92 30 klart
657 248 184 30 medvetna
856 257 56 21 om
929 250 49 28 att
994 248 66 29 den
1076 247 143 30 liberala
1234 246 273 41 handelspolitik
1525 255 74 21 som
1617 245 138 40 Sverige

272 305 110 28 under
403 313 42 20 en
466 303 89 40 följd
575 313 42 21 av
636 303 38 30 år
695 303 173 40 tillämpat
888 302 64 31 har
972 303 89 30 varit
1080 302 52 30 till
1154 310 89 32 gagn
1264 302 53 29 för
1338 301 128 30 landet.
1487 301 122 29 Denna
1629 300 125 41 politik

270 360 111 29 mäste
399 358 202 35 emellertid,
621 359 98 39 säger
737 358 50 35 de,
807 367 168 30 anpassas
994 357 87 30 efter
1099 356 41 30 de
1159 356 154 31 aktuella
1331 355 268 31 förhållandena
1616 354 65 31 och
1700 354 54 30 får

270 413 30 40 ej
322 414 116 29 drivas
456 422 73 20 mer
546 414 147 28 extremt
711 413 44 28 än
773 412 11 30 i
801 412 110 30 andra
928 411 131 31 länder.

315 467 162 30 Härefter
494 467 221 31 konstateras
732 469 50 27 att
800 466 212 30 situationen
1031 466 54 29 för
1102 465 41 30 de
1160 465 148 30 berörda
1325 464 256 30 industriernas
1599 463 156 30 vidkom-

270 523 126 28 mande
413 522 158 29 avsevärt
588 521 192 30 förvärrats
797 520 107 30 sedan
920 520 106 30 våren
1046 519 91 30 1967.
1157 519 176 41 Importen
1351 519 80 30 från
1448 518 307 40 låglöneländerna

272 585 42 20 av
340 576 87 29 bl.a.
454 575 160 35 textilier,
644 574 135 31 skodon
806 574 64 31 och
899 574 131 30 möbler
1057 574 102 30 hotar
1187 583 57 25 nu,
1274 573 102 31 anför
1405 573 269 34 motionärerna,
1705 574 50 28 att

271 632 158 28 svämma
447 630 80 29 Över
545 630 69 29 alla
631 629 161 35 bräddar,
811 629 65 30 och
896 629 60 29 allt
976 628 138 30 svårare
1135 627 444 41 sysselsättningsproblem
1598 626 157 40 uppstår.

271 684 71 30 Allt
368 685 88 29 flera
480 692 124 31 grenar
630 693 42 20 av
696 683 67 30 den
789 683 149 30 svenska
962 681 515 31 hemmamarknadsindustrin
1504 682 98 39 säges
1628 681 90 39 ligga
1745 681 10 29 i

272 738 198 30 farozonen.
501 738 148 30 Särskilt
679 738 108 40 pekas
816 737 181 40 härvidlag
1027 737 44 39 på
1101 736 247 41 ylleindustrin
1379 735 65 30 och
1474 735 281 30 konfektionsin-

271 792 149 31 dustrin.
440 793 49 29 De
510 793 137 29 alltmer
667 792 174 40 påtagliga
861 790 393 40 marknadsstörningar
1276 799 74 21 som
1371 790 122 30 inträtt
1514 789 144 30 bedöms
1678 789 78 30 leda

270 847 53 29 till
343 848 164 28 fortsatta
524 846 344 39 driftsnedläggelser
887 854 75 21 som
981 845 44 40 på
1043 845 119 39 längre
1182 845 68 30 sikt
1269 845 70 29 kan
1360 845 167 39 äventyra
1544 843 137 30 landets
1699 843 56 30 be-

270 900 163 39 redskap.

315 954 260 30 Motionärerna
592 952 205 31 framhåller
815 954 49 28 att
882 952 41 30 de
942 953 37 29 är
997 951 185 31 medvetna
1198 960 57 21 om
1274 952 49 29 att
1341 951 76 30 vårt
1435 950 101 31 lands
1553 950 202 40 handlings-

272 1010 177 37 utrymme
472 1008 44 39 på
540 1007 56 30 det
620 1006 316 40 handelspolitiska
960 1006 99 29 fältet
1085 1006 37 29 är
1147 1006 139 39 mycket
1310 1005 186 39 begränsat
1520 1005 53 29 till
1599 1004 90 40 följd
1715 1014 42 20 av

271 1063 84 28 vära
381 1069 237 32 engagemang
645 1061 11 29 i
682 1060 116 31 GATT
826 1060 65 30 och
918 1060 127 30 EFTA.
1073 1059 116 40 Enligt
1217 1059 280 30 motionärernas
1525 1058 141 40 mening
1694 1058 62 30 bör

271 1115 193 30 emellertid
480 1115 145 40 möjliga
639 1114 161 41 åtgärder
814 1132 45 4 —
872 1114 108 40 varpå
996 1114 154 40 exempel
1167 1114 135 29 lämnas
1317 1131 45 3 —
1377 1115 137 28 snarast
1531 1112 157 40 vidiagas
1704 1112 52 30 till

271 1170 113 40 skydd
411 1169 53 30 för
490 1169 67 29 den
582 1169 149 30 svenska
756 1168 524 30 hemmamarknadsindustrin.
1307 1167 282 39 Avslutningsvis
1616 1166 140 30 anföres

271 1225 50 28 att
343 1223 155 40 Sveriges
518 1223 204 40 anslutning
740 1223 53 29 till
813 1222 83 30 EEC
916 1231 103 31 synes
1038 1222 91 39 ligga
1149 1221 10 30 i
1177 1221 80 30 vida
1277 1221 99 30 fältet
1396 1221 64 30 och
1481 1223 50 28 att
1550 1221 117 29 EFTA
1687 1221 69 29 för-

271 1278 89 29 lorat
375 1278 11 29 i
401 1277 105 30 värde
521 1285 125 32 genom
661 1276 309 40 devalveringarna
986 1276 10 29 i
1013 1275 288 35 Storbritannien,
1318 1275 181 30 Danmark
1515 1276 65 28 och
1595 1274 161 30 Finland.

317 1332 219 29 Motionerna
556 1331 29 30 1:
599 1330 61 31 655
682 1330 65 30 och
766 1330 48 29 II:
827 1330 64 30 844
911 1330 64 30 har
996 1329 167 31 likaledes
1185 1329 53 30 sin
1259 1329 264 40 utgångspunkt
1545 1329 10 30 i
1576 1328 41 30 de
1638 1328 119 30 drifts-

271 1385 299 39 inskränkningar
591 1384 66 29 och
679 1383 392 40 företagsnedläggelser
1094 1392 73 20 som
1191 1383 225 29 förekommit
1439 1383 95 28 inom
1557 1382 112 30 textil-
1692 1382 65 29 och

271 1438 418 30 konfektionsindustrin.
713 1437 341 40 Lågprisimportens
1077 1437 65 29 roll
1167 1436 10 30 i
1202 1436 93 30 detta
1322 1436 255 39 sammanhang
1601 1436 155 30 betonas.

272 1492 148 30 Särskilt
439 1492 251 39 understryker
709 1491 260 30 motionärerna
987 1490 263 40 utvecklingens
1269 1490 160 39 negativa
1447 1490 211 39 verkningar
1677 1490 80 29 från

271 1545 407 40 beredskapssynpunkt.
698 1545 48 29 De
765 1544 135 40 påtalar
919 1544 106 30 också
1043 1546 50 28 att
1113 1545 113 28 staten
1244 1543 57 30 vid
1319 1544 94 29 olika
1432 1544 163 29 tillfällen
1615 1543 54 30 för
1689 1543 69 30 för-

272 1602 134 27 svarets
427 1599 151 40 räkning
601 1599 123 39 inköpt
747 1597 271 31 förnödenheter
1041 1598 96 30 inom
1160 1597 57 30 det
1240 1597 120 30 textila
1384 1597 157 30 området
1564 1597 45 40 på
1633 1597 124 30 sådant

272 1654 68 29 sätt
357 1655 50 28 att
423 1653 57 30 det
495 1653 151 39 bidragit
662 1653 53 29 till
731 1654 50 28 att
799 1652 67 30 öka
883 1651 407 41 sysselsättningskrisen
1307 1651 11 30 i
1335 1651 76 30 vårt
1428 1651 93 30 land.
1539 1651 103 30 Detta
1660 1652 98 38 säges

272 1708 110 29 strida
399 1709 73 28 mot
489 1707 67 29 den
575 1707 11 29 i
607 1707 36 29 15
665 1707 15 36 8
701 1706 497 40 upphandlingskungörelsen
1217 1705 162 30 lämnade
1399 1705 227 30 föreskriften
1647 1707 49 28 att
1716 1715 42 20 av

271 1760 42 30 de
329 1761 117 30 anbud
463 1770 74 20 som
552 1761 159 29 kommer
727 1760 11 29 i
753 1760 100 39 fråga
867 1759 57 30 det
940 1759 118 31 anbud
1075 1759 88 30 skall
1180 1760 154 38 antagas,
1356 1769 12 18 »
1374 1759 107 29 vilket
1497 1759 79 29 med
1591 1759 167 29 beaktan-

272 1815 41 29 de
334 1824 43 21 av
396 1815 162 39 samtliga
577 1814 298 39 omständigheter
896 1814 38 29 är
956 1815 49 28 att
1027 1822 83 21 anse
1132 1813 115 30 såsom
1269 1813 54 30 för
1345 1815 113 28 staten
1480 1813 277 39 förmånligast>.

494 1948 151 42 Tidigare
661 1947 200 42 behandling
876 1958 42 19 av
934 1946 39 31 de
988 1947 12 29 i
1015 1947 210 31 motionerna
1240 1946 121 31 väckta
1376 1946 157 41 frågorna

316 2030 172 30 Motioner
508 2039 43 20 av
569 2029 215 40 väsentligen
805 2038 135 21 samma
960 2028 169 30 innebörd
1151 2038 74 20 som
1247 2028 41 30 de
1309 2038 47 20 nu
1378 2028 237 40 föreliggande
1636 2028 122 30 motio-

272 2093 110 21 nerna
401 2084 28 29 I:
446 2083 60 30 184
524 2083 65 30 och
608 2083 46 29 II:
668 2083 63 30 240
748 2083 64 30 har
830 2083 147 39 tidigare
995 2083 121 29 väckts
1133 2083 57 29 vid
1212 2082 81 30 1967
1313 2083 57 31 års
1388 2082 152 40 riksdag.
1560 2082 13 29 I
1593 2082 59 30 sitt
1670 2082 88 29 utlå-

271 2138 106 30 tande
394 2137 145 30 däröver
556 2137 141 39 återgav
712 2137 290 29 bankoutskottet
1025 2136 78 35 (utl.
1125 2136 98 29 1967:
1238 2136 57 34 31)
1319 2145 42 20 en
1379 2136 145 39 utförlig
1541 2136 217 39 redogörelse

273 2193 55 29 för
350 2193 127 29 svensk
497 2192 275 39 handelspolitik
793 2201 45 20 m.
851 2200 45 21 m.
920 2200 74 21 som
1016 2191 152 29 lämnats
1191 2200 42 20 av
1254 2190 369 39 kommerskollegium
1647 2189 10 30 i
1680 2189 79 30 dess

271 2247 164 40 yttrande
451 2247 80 29 över
548 2246 229 29 motionerna.
794 2245 127 30 Vidare
937 2244 225 40 redogjordes
1179 2245 54 29 för
1251 2244 159 39 gällande
1427 2243 263 30 bestämmelser
1706 2243 53 29 rö-

272 2303 109 29 rande
397 2301 277 40 importlicenser
689 2300 65 29 och
770 2300 55 29 för
840 2299 42 29 de
897 2299 156 29 debatter
1070 2307 74 21 som
1160 2298 225 29 förekommit
1401 2298 11 29 i
1428 2297 109 30 andra
1553 2297 206 30 kammaren

273 2356 67 30 den
360 2356 37 29 16
414 2355 155 30 februari
584 2354 64 30 och
665 2353 67 30 den
749 2353 18 30 2
783 2362 94 20 mars
896 2352 81 30 1967
995 2352 10 29 i
1021 2351 189 40 anledning
1226 2361 42 20 av
1284 2351 103 30 enkla
1404 2351 117 39 frågor
1537 2350 222 30 beträffande

272 2409 236 40 begränsning
529 2418 42 20 av
591 2407 373 39 textilvaruimporten.
986 2406 167 29 Förutom
1176 2405 79 30 från
1278 2404 369 40 kommerskollegium
1671 2404 88 30 före-

273 2464 56 39 låg
347 2462 314 40 remissyttranden
681 2461 79 30 från
781 2460 155 40 Sveriges
956 2458 316 35 industriförbund,
1295 2458 155 40 Sveriges
1469 2458 205 30 hantverks-
1694 2457 65 30 och

274 2515 402 41 industriorganisation,
706 2513 403 40 Landsorganisationen
1139 2514 11 29 i
1180 2513 145 39 Sverige,
1358 2512 154 39 Sveriges
1543 2511 218 40 grossistför-
