1909 2827
514 154 313 29 Bankoutskottets
851 152 177 30 utlåtande
1051 161 41 19 nr
1113 152 41 29 38
1176 153 39 30 år
1238 152 83 28 1968
1622 150 39 29 23

812 268 216 31 Reservation

224 354 41 20 av
284 344 80 30 herr
384 344 179 29 Enarsson
591 343 71 34 (h),
686 352 73 21 som
781 344 113 28 ansett

225 398 72 30 dels
318 400 49 28 att
388 397 188 30 utskottets
596 395 162 40 yttrande
778 395 42 30 fr.
841 405 29 20 o.
892 405 44 19 m.
958 395 56 29 det
1036 395 117 39 stycke
1175 404 74 20 som
1269 394 118 39 börjar
1408 394 44 39 på
1474 403 24 20 s.
1521 394 39 29 20
1582 392 78 30 med

179 452 107 30 orden
314 452 195 30 »Utskottet
534 451 59 30 vill
619 450 270 39 inledningsvis»
917 450 77 30 bort
1019 450 45 29 ha
1090 449 156 40 följande
1272 449 145 39 lydelse:

224 506 196 30 »Utskottet
443 505 116 30 finner
580 504 188 40 anledning
790 503 234 40 understryka
1046 505 49 28 att
1117 502 298 40 förutsättningen
1438 503 53 30 för
1514 503 66 29 den
1602 510 62 20 nu-

178 560 152 30 varande
351 559 293 40 lågtullpolitiken
664 559 98 34 varit,
785 559 49 29 att
855 558 75 30 vårt
951 557 83 31 land
1055 557 177 39 samtidigt
1254 557 69 30 fört
1345 567 42 20 en
1409 557 108 30 sådan
1539 557 125 29 ekono-

179 615 93 29 misk
296 614 124 40 politik
445 615 50 28 att
520 613 41 30 de
587 613 222 29 inflatoriska
834 612 181 29 krafterna
1039 611 119 30 hållits
1182 611 155 30 tillbaka.
1365 611 12 29 I
1404 611 114 29 stället
1543 611 63 28 har
1631 610 33 29 vi

179 668 77 30 haft
285 678 43 20 en
358 666 271 36 fortskridande,
661 667 40 29 de
732 668 135 28 senaste
897 666 83 30 åren
1011 665 214 30 accelererad
1255 663 410 42 penningvärdeförsäm-

178 723 78 39 ring
284 723 64 29 och
375 731 42 21 en
444 722 163 29 inhemsk
635 720 379 39 kostnadsutveckling,
1043 720 117 29 vilken
1187 720 157 29 avsevärt
1372 719 188 30 försämrat
1588 718 76 30 vårt

179 776 301 39 konkurrensläge
503 776 174 40 gentemot
699 774 168 30 utlandet.

225 829 262 40 Gränsskyddet
513 831 174 37 gentemot
714 828 156 30 utlandet
895 829 64 29 har
984 828 52 30 till
1063 827 88 39 följd
1177 827 109 30 härav
1310 827 44 40 på
1379 826 132 40 viktiga
1536 825 128 31 avsnitt

181 885 146 29 förlorat
357 885 10 29 i
396 884 120 30 effekt.
545 883 95 30 Från
667 882 246 41 produktions-
943 883 64 29 och
1037 881 467 40 sysselsättningssynpunkt
1534 879 131 40 viktiga

181 938 279 40 industrigrenar
487 938 64 29 har
579 937 201 40 därigenom
808 936 148 30 kommit
983 935 12 30 i
1021 938 48 28 ett
1097 936 109 29 utsatt
1234 935 74 39 läge
1335 935 58 30 vid
1421 933 244 40 försäljnings-

180 992 191 30 offensiver
391 992 45 39 på
456 992 66 29 den
544 992 148 29 svenska
712 990 227 30 marknaden.

226 1046 175 30 Utskottet
422 1046 37 29 är
479 1045 54 30 för
554 1045 53 30 sin
628 1045 54 30 del
702 1044 80 30 fullt
802 1045 44 39 på
866 1043 56 30 det
942 1044 98 29 klara
1061 1043 79 30 med
1160 1045 49 27 att
1229 1044 190 38 utrymmet
1440 1042 54 29 för
1513 1041 152 40 tullpoli-

180 1100 94 30 tiska
293 1100 64 29 och
377 1099 110 30 andra
507 1098 313 40 handelspolitiska
839 1097 230 40 ingripanden
1089 1097 51 30 till
1163 1096 111 40 skydd
1296 1096 53 30 för
1369 1095 126 30 hotade
1517 1095 149 29 svenska

180 1154 191 29 industrier
393 1162 74 20 som
488 1153 127 29 utsätts
636 1153 54 29 för
711 1151 215 40 övermäktig
946 1150 168 30 utländsk
1133 1150 222 30 konkurrens
1377 1149 71 31 f.n.
1470 1150 37 29 är
1528 1149 137 39 mycket

180 1208 196 39 begränsat.
400 1207 75 30 Den
497 1206 337 31 överenskommelse
858 1214 74 21 som
956 1204 95 31 inom
1073 1214 122 20 ramen
1219 1204 54 30 för
1296 1202 308 40 Kennedyrundan
1628 1203 38 30 år

184 1261 82 30 1967
287 1261 171 30 träffades
477 1261 96 29 inom
593 1260 115 30 GATT
729 1259 185 40 förpliktar
934 1259 106 30 också
1059 1258 52 31 till
1132 1258 285 30 återhållsamhet
1438 1257 10 29 i
1468 1257 112 29 denna
1601 1256 65 29 del.

181 1316 80 29 Icke
283 1315 97 30 desto
403 1315 135 29 mindre
561 1314 116 30 finner
700 1314 169 29 utskottet
892 1313 56 30 det
971 1312 202 30 nuvarande
1196 1311 376 40 sysselsättningsläget
1596 1319 70 20 mo-

181 1369 112 31 tivera
316 1368 263 40 överväganden
602 1369 10 29 i
635 1368 65 30 vad
723 1368 82 30 mån
829 1366 160 41 åtgärder
1013 1367 10 30 i
1047 1367 149 39 angivna
1220 1366 89 40 syfte
1334 1367 37 29 är
1395 1364 169 40 förenliga
1588 1364 79 30 med

182 1425 76 29 vårt
281 1423 101 31 lands
405 1422 281 31 internationella
709 1421 194 40 åtaganden
927 1422 81 29 eller
1032 1421 100 39 eljest
1155 1420 187 40 lämpligen
1365 1420 62 30 bör
1450 1420 142 29 komma
1614 1418 52 30 till

185 1477 114 30 stånd.
327 1477 58 29 Att
413 1477 312 39 uppmärksamma
753 1477 37 28 är
817 1477 49 28 att
894 1475 56 30 det
977 1483 124 32 genom
1129 1475 66 29 den
1222 1474 110 30 ökade
1359 1474 174 39 importen
1561 1474 106 28 fram-

185 1531 138 30 kallade
351 1529 411 42 produktionsbortfallet
791 1530 74 29 ofta
893 1528 123 31 endast
1045 1529 44 40 på
1118 1528 137 39 mycket
1285 1527 81 40 lång
1395 1527 69 30 sikt
1494 1527 91 30 leder
1614 1526 52 30 till

184 1595 42 20 en
246 1585 108 30 sådan
374 1584 214 41 anpassning
607 1594 41 20 av
665 1592 204 21 resurserna
889 1592 74 21 som
982 1590 129 33 gagnar
1131 1581 262 31 folkhushållet.
1413 1581 126 29 Teorin
1558 1580 110 30 håller

184 1640 76 29 icke
278 1639 98 30 alltid
393 1639 10 29 i
421 1637 196 41 praktiken.
636 1638 48 30 På
701 1638 79 29 kort
798 1638 69 29 sikt
886 1638 37 29 är
940 1635 215 31 innebörden
1173 1636 73 29 ofta
1264 1635 122 30 endast
1405 1635 75 34 den,
1501 1636 49 28 att
1569 1634 99 29 drift-

185 1693 283 40 nedläggelserna
495 1692 109 30 lokalt
632 1692 136 29 medför
797 1689 498 41 sysselsättningssvårigheter
1325 1690 53 29 för
1407 1689 261 38 arbetstagarna

185 1748 64 28 och
266 1746 302 40 kapitalförluster
584 1746 54 29 för
655 1746 231 38 företagarna.
903 1745 49 29 De
969 1742 475 40 arbetsmarknadspolitiska
1462 1741 207 40 åtgärderna

185 1801 64 29 har
276 1800 75 30 sina
377 1800 153 39 gränser.
556 1798 266 30 Fortbeståndet
849 1808 42 19 av
916 1797 66 30 den
1009 1797 149 30 svenska
1183 1795 276 31 textilindustrin
1487 1797 37 28 är
1551 1805 46 20 nu
1625 1795 44 39 på

185 1854 92 30 vissa
297 1854 129 29 avsnitt
446 1852 171 40 allvarligt
636 1851 117 31 hotad.
774 1852 118 29 Redan
912 1851 291 39 beredskapsskäl
1224 1851 59 39 gör
1304 1851 49 28 att
1374 1858 42 21 en
1436 1849 233 40 begränsning

187 1918 41 19 av
245 1908 172 39 importen
434 1906 80 30 från
529 1906 259 40 låglöneländer
804 1905 166 30 framstår
988 1914 74 21 som
1079 1904 198 39 angelägen.
1294 1904 93 29 Från
1403 1903 125 39 Kungl.
1546 1902 123 39 Maj:ts

188 1961 74 30 sida
285 1961 64 29 har
372 1960 169 40 politiken
564 1960 44 39 på
631 1959 156 30 området
812 1959 152 40 präglats
989 1968 41 20 av
1054 1960 71 27 stor
1149 1957 218 30 tveksamhet
1392 1957 63 29 och
1479 1956 190 40 passivitet.

186 2015 102 30 Trots
313 2017 49 27 att
386 2014 65 30 den
475 2013 177 41 pågående
676 2013 243 39 utvecklingen
942 2013 100 39 länge
1065 2012 89 30 varit
1178 2011 94 30 känd
1296 2012 64 29 har
1383 2010 253 40 ingripandena
1660 2010 11 29 i

186 2069 187 30 huvudsak
392 2068 88 30 varit
499 2067 214 41 begränsade
730 2067 53 30 till
803 2067 92 30 vissa
915 2067 132 39 ganska
1068 2065 195 41 obetydliga
1282 2065 241 29 restriktioner
1542 2064 128 30 beträf-

188 2123 105 30 fande
318 2123 67 29 den
410 2121 177 31 svällande
612 2122 173 39 importen
811 2121 79 29 från
916 2120 185 40 Sydkorea.
1127 2118 197 41 Anledning
1350 2119 95 29 finns
1471 2118 119 30 därför
1617 2118 53 29 för

185 2176 188 40 riksdagen
398 2178 49 28 att
472 2175 234 40 understryka
729 2174 303 40 nödvändigheten
1057 2183 42 21 av
1123 2175 49 29 att
1196 2173 11 30 i
1230 2172 154 31 rådande
1409 2172 262 30 arbetslöshets-

190 2231 166 30 situation
386 2229 246 39 framkomliga
663 2228 313 40 handelspolitiska
1007 2227 159 40 åtgärder
1197 2229 85 27 utan
1312 2226 216 30 tidsutdräkt
1558 2225 112 30 vidtas

188 2285 52 29 till
265 2284 110 40 skydd
400 2285 54 29 för
477 2284 67 29 den
568 2283 148 30 svenska
739 2281 560 34 hemmamarknadsindustrin.»;

234 2338 72 30 dels
329 2340 48 28 att
399 2338 169 30 utskottet
589 2336 111 31 under
720 2336 39 30 A.
780 2336 77 30 bort
878 2335 200 30 hemställa:

546 2391 58 29 »A.
632 2392 49 29 att
707 2390 186 39 riksdagen
920 2390 77 29 med
1025 2389 98 30 bifall
1149 2389 53 29 till
1228 2389 218 29 motionerna
1474 2388 28 29 I:
1520 2387 61 29 184
1608 2387 63 30 och

501 2445 44 29 II:
562 2445 62 29 240
641 2445 10 29 i
669 2444 165 30 skrivelse
850 2444 52 29 till
919 2443 125 39 Kungl.
1062 2442 105 39 Maj:t
1184 2443 103 38 begär
1303 2444 50 27 att
1369 2442 191 38 temporärt
1578 2441 94 29 inom

499 2508 121 20 ramen
645 2499 54 29 för
724 2498 114 30 GATT
864 2498 64 29 och
953 2497 116 29 EFTA
1093 2495 242 31 restriktioner
1359 2495 155 39 vidtages
1540 2496 9 29 i
1575 2495 97 39 fråga
