1900 2828
122 624 130 26 Utskottet.

299 152 38 31 10
748 159 275 30 Statsutskottets
1043 159 176 31 utlåtande
1237 160 49 30 Nr
1312 162 69 29 186.

299 241 279 31 önskvärdheten
601 250 43 21 av
668 244 49 28 att
739 242 373 38 restaureringsfrågan
1137 242 254 38 påskyndades,
1418 243 37 31 så
1480 246 50 28 att
1554 245 250 30 värmelednin-

302 291 63 35 gen
387 284 117 30 kunde
525 284 93 30 inom
640 294 42 21 en
704 285 85 30 nära
813 285 143 31 framtid
981 287 140 29 komma
1145 286 51 30 till
1220 286 195 30 utförande.

344 325 94 30 Även
457 325 105 36 enligt
584 326 70 30 min
675 326 139 36 mening
832 328 63 29 bör
915 337 42 20 en
978 328 229 35 restaurering
1230 338 42 20 av
1291 327 347 37 Amiralitetskyrkan
1660 329 11 30 i
1691 329 113 30 Karls-

301 367 110 30 krona
440 368 141 30 komma
610 368 50 30 till
688 368 194 30 utförande.
932 368 259 36 Anmnslagsmedel
1219 369 121 30 härför
1371 379 102 26 synas
1504 370 186 36 lämpligen
1720 372 85 29 böra

300 411 170 33 upptagas
491 408 20 31 å
529 409 322 36 beredskapsstaten
871 410 55 30 för
944 409 235 36 nästföljande
1198 410 177 36 budgetår.
1418 411 72 30 Mot
1509 412 43 30 de
1571 411 121 36 gjorda
1713 413 90 29 kost-

300 450 378 36 nadsberäkningarna,
702 450 93 31 vilka
816 451 89 31 sluta
926 451 20 31 å
971 452 137 34 112,000
1133 452 139 36 kronor,
1294 452 98 31 torde
1415 453 84 30 intet
1523 457 106 27 annat
1652 462 82 22 vara
1756 455 49 28 att

300 491 113 30 erinra
435 492 45 30 än
502 494 48 29 att
573 492 160 36 beloppet
756 493 77 30 med
857 493 137 35 hänsyn
1016 493 50 30 till
1089 494 110 29 under
1222 501 119 23 senare
1363 494 50 30 tid
1435 494 188 30 inträffade
1648 494 155 37 prissteg-

300 533 116 35 ringar
438 533 98 31 torde
559 534 85 29 böra
667 532 101 37 höjas
793 536 78 29 med
896 534 97 31 cirka
1019 535 41 29 20
1083 538 142 32 procent
1249 535 52 30 till
1327 536 139 34 135,000
1490 536 138 30 kronor.

345 624 180 36 Utskottet,
552 633 73 21 som
649 624 144 37 tidigare
818 625 76 31 haft
919 625 234 37 föreliggande
1180 624 99 38 fråga
1303 626 110 31 under
1440 627 237 36 övervägande
1703 627 65 30 och
1794 626 11 30 i

300 676 171 29 samband
493 676 142 30 därmed
655 676 115 36 avlagt
791 677 106 29 besök
919 677 11 29 i
951 675 359 38 Amiralitetskyrkan,
1332 677 64 30 har
1420 677 117 30 funnit
1558 677 173 35 önskvärt,
1757 679 48 29 att

300 724 136 36 kyrkan
458 728 209 27 restaureras
689 726 65 29 och
776 729 48 27 att
843 727 259 35 värmeledning
1125 727 176 36 samtidigt
1322 727 203 30 installeras.
1571 727 78 30 Med
1669 728 137 37 hänsyn

298 775 50 29 till
365 775 56 30 det
437 775 191 36 trängande
644 776 147 30 behovet
807 785 43 21 av
863 778 49 28 att
929 776 275 37 restaureringen
1221 779 135 28 snarast
1374 777 159 30 kommer
1550 777 51 30 till
1618 777 186 30 utförande

299 825 65 30 och
385 824 45 31 då
451 826 535 37 värmeledningsinstallationen
1008 827 186 36 lämpligen
1216 836 100 28 synes
1339 828 84 29 böra
1444 827 135 31 utföras
1602 827 9 30 i
1634 828 171 30 samband

300 877 77 29 med
406 877 241 30 anordnandet
675 877 112 30 under
811 878 100 30 nästa
938 877 169 36 budgetår
1134 887 43 21 av
1204 878 260 37 värmeledning
1492 878 11 30 i
1531 879 274 30 kustartilleriets

298 926 248 36 näraliggande
570 927 135 35 kasern,
732 936 100 28 synes
857 928 56 29 det
938 928 175 35 utskottet,
1139 930 50 28 att
1215 928 66 30 den
1307 928 197 36 föreslagna
1530 929 273 36 restaureringen

298 985 42 21 av
358 976 349 38 Amiralitetskyrkan
725 978 10 30 i
753 978 212 30 Karlskrona
983 979 73 35 bör,
1076 978 53 30 för
1148 979 67 29 den
1233 979 164 30 händelse
1416 978 37 31 så
1472 989 42 20 av
1533 979 178 36 praktiska
1730 980 76 30 skäl

297 1026 85 31 låter
400 1028 50 36 sig
469 1029 91 35 göra,
579 1027 255 37 ifrågakomma
854 1028 114 31 såsom
988 1032 46 27 ett
1052 1039 42 20 av
1113 1029 41 30 de
1174 1029 110 30 första
1302 1030 150 35 arbeten,
1473 1029 94 31 vilka
1586 1029 218 37 igångsättas,

297 1078 114 30 därest
430 1079 326 36 beredskapsstaten
776 1079 157 30 kommer
952 1079 11 30 i
983 1079 228 37 tillämpning.

341 1128 173 31 Utskottet
534 1129 208 36 hemställer,

651 1215 50 28 att
720 1213 184 37 riksdagen
928 1212 58 32 må
1010 1213 51 30 till
1085 1214 243 37 Restaurering
1351 1224 42 20 av
1419 1215 348 37 Amiralitetskyrkan
1793 1216 10 30 i

607 1263 214 30 Karlskrona
842 1262 21 31 å
883 1264 281 36 beredskapsstat
1186 1264 55 30 för
1263 1264 202 36 budgetåret
1490 1260 138 42 1938/39
1650 1268 153 34 upptaga

605 1316 47 27 ett
671 1313 288 37 förskottsanslag
978 1323 43 20 av
1042 1314 138 35 135,000
1200 1314 139 30 kronor.

823 1463 455 40 Sjökarteverket.

342 1548 88 40 11:o0)
459 1549 85 36 Nytt
581 1549 390 38 utsjölodningsfartyg.
1010 1550 123 36 Kungl.
1174 1550 103 37 Maj:t
1315 1551 65 30 har
1406 1551 182 37 föreslagit
1615 1551 187 37 riksdagen

303 1598 123 39 (punkt
449 1601 49 34 11,
521 1600 61 30 sid.
604 1600 142 38 52—55)
773 1603 48 27 att
841 1601 51 29 till
914 1601 82 36 Nytt
1016 1601 371 37 utsjölodningsfartyg
1408 1601 20 31 å
1447 1602 282 37 beredskapsstat
1749 1603 56 30 för

296 1650 203 37 budgetåret
523 1647 141 34 1938/39
686 1654 153 33 upptaga
862 1654 46 28 ett
930 1651 288 38 förskottsanslag
1241 1661 42 21 av
1306 1651 140 37 750,000
1468 1652 139 30 kronor.

341 1750 251 36 Inledningsvis
616 1750 66 30 har
704 1750 380 36 departementschefen
1108 1751 128 30 erinrat
1260 1752 132 34 därom,
1418 1754 49 27 att
1492 1751 123 37 frågan
1639 1762 58 20 om
1720 1753 81 36 byg-

295 1800 110 37 gande
427 1809 43 21 av
491 1803 46 27 ett
557 1803 75 34 nytt
652 1799 374 39 utsjölodningsfartyg
1045 1801 88 31 varit
1154 1802 131 29 aktuell
1303 1802 106 30 sedan
1431 1811 74 21 mer
1528 1803 45 29 än
1594 1802 47 31 tio
1664 1802 48 37 år,
1736 1803 66 30 och

296 1854 49 28 att
374 1851 88 30 flera
489 1851 296 36 framställningar
812 1850 106 37 gjorts
947 1862 58 20 om
1033 1852 207 36 vidtagande
1267 1861 42 21 av
1337 1852 161 36 åtgärder
1525 1853 55 30 för
1607 1854 195 37 byggandet

297 1910 42 21 av
362 1905 47 27 ett
432 1901 111 39 dylikt
565 1902 114 36 fartyg
701 1910 80 22 men
802 1904 48 28 att
873 1902 179 31 desamma
1073 1901 159 32 hitintills
1256 1901 75 32 icke
1353 1901 164 32 föranlett
1539 1902 114 37 någon
1678 1903 123 36 Kungl.

297 1951 119 36 Maj:ts
436 1951 130 37 åtgärd.

339 2002 14 29 I
377 2002 52 30 sin
449 2001 165 31 skrivelse
634 2002 66 30 den
723 2002 39 30 31
784 2002 136 35 augusti
944 2002 82 30 1937
1049 2000 177 38 angående
1248 2000 289 37 sjökarteverkets
1558 2003 242 29 medelsbehov

295 2052 56 30 för
376 2051 203 37 budgetåret
610 2047 143 35 1938/39
781 2052 161 30 anmälde
972 2052 165 36 styrelsen
1165 2051 56 31 för
1247 2051 283 37 sjökarteverket,
1559 2055 50 28 att
1636 2053 164 36 styrelsen

296 2102 85 30 efter
403 2102 196 38 ytterligare
619 2102 185 37 utredning
827 2102 89 30 hade
938 2102 55 30 för
1016 2101 111 31 avsikt
1151 2105 49 28 att
1224 2103 122 30 hösten
1371 2103 81 29 1937
1478 2102 52 31 till
1554 2102 122 37 Kungl.
1700 2103 101 36 Maj:t

294 2153 115 36 ingiva
436 2152 257 37 framställning
719 2151 177 37 angående
924 2153 111 29 medel
1060 2152 50 30 till
1134 2154 47 29 ett
1208 2155 75 34 nytt
1308 2150 381 41 utsjölodningsfartyg.

339 2203 14 30 I
372 2202 202 38 anslutning
592 2202 114 31 därtill
727 2203 89 30 hade
834 2201 166 39 styrelsen
1018 2202 54 37 för
1091 2202 272 36 sjökarteverket
1382 2203 10 29 i
1411 2202 164 31 skrivelse
1595 2203 65 30 den
1683 2204 39 29 18
1740 2212 59 20 no-

295 2254 139 30 vember
455 2254 81 29 1937
557 2254 50 29 till
625 2263 42 20 en
685 2251 125 37 början
826 2251 177 37 redogjort
1020 2253 55 29 för
1094 2253 54 29 det
1166 2253 202 29 nuvarande
1386 2253 265 36 mätningsläget
1671 2253 11 29 i
1702 2252 96 37 fråga

293 2311 58 21 om
375 2302 139 37 Sverige
536 2302 205 37 omgivande
766 2302 172 30 farvatten
961 2303 66 29 och
1052 2302 121 30 därvid
1198 2301 192 31 framhållit
1414 2303 148 29 behovet
1586 2311 43 21 av
1654 2305 47 28 ett
1725 2305 76 34 nytt

293 2352 382 38 utsjölodningsfartyg.

341 2403 279 36 Sjökarteverket
637 2403 229 36 disponerade
882 2403 56 30 för
952 2402 227 36 närvarande,
1197 2402 166 30 framhöll
1380 2403 167 36 styrelsen
1562 2403 107 30 bland
1686 2406 116 33 annat,

293 2452 55 31 för
366 2452 258 38 utsjöarbetena
643 2452 57 31 två
720 2452 123 37 fartyg,
865 2452 127 30 Svalan
1012 2453 65 30 och
1097 2452 141 36 Falken,
1260 2452 135 37 byggda
1415 2452 192 37 respektive
1631 2454 81 30 1881
1734 2453 66 31 och
