1822 2786
250 173 37 30 18
628 173 388 31 Jordbruksutskottets
1039 173 180 31 utlåtande
1240 184 43 20 nr
1304 173 53 31 38.

253 258 100 29 mark
374 258 107 39 enligt
499 257 229 40 stadsplanen
747 258 211 29 reserverats
980 257 54 29 för
1055 256 126 30 sådant
1200 256 102 40 syfte.
1325 256 75 30 Den
1422 256 122 40 gjorda
1565 257 189 30 framställ-

253 308 128 39 ningen
404 317 57 21 om
482 317 44 21 en
549 307 215 40 uppdelning
786 317 42 20 av
851 306 211 40 fastigheten
1086 306 55 30 för
1164 308 50 28 att
1237 306 203 40 därigenom
1463 307 180 40 tillgodose
1668 309 85 28 även

253 358 228 30 kommunala
502 358 215 30 markbehov
739 357 63 30 har
826 357 121 30 därför
970 357 186 39 tillstyrkts
1181 366 42 21 av
1246 358 100 29 dessa
1370 357 252 40 myndigheter.

295 433 394 40 Departementschefen
714 432 64 31 har
803 432 129 30 anfört.

298 484 72 29 >Av
394 484 232 39 utredningen
649 484 12 29 i
687 483 142 30 ärendet
855 482 165 40 framgår,
1046 484 50 28 att
1122 492 42 20 av
1189 483 57 29 det
1271 482 153 35 område,
1451 492 73 21 som
1549 483 58 30 vid
1633 484 122 28 avvitt-

252 533 122 39 ringen
403 534 131 29 avsatts
561 532 54 30 till
643 532 217 40 kyrkoplats,
890 533 193 39 kyrkostad
1112 532 65 30 och
1204 532 325 40 begravningsplats
1557 532 11 29 i
1599 533 153 30 Stensele

252 585 137 33 socken,
413 584 123 30 endast
558 593 43 21 en
625 584 136 29 mindre
789 583 54 30 del
869 583 149 30 behöver
1040 585 99 37 tagas
1164 583 12 30 i
1200 583 155 40 anspråk
1378 583 57 30 för
1458 584 94 29 detta
1577 583 174 31 ändamål.

250 634 64 31 Vid
335 635 127 30 sådant
482 634 220 31 förhållande
722 634 64 30 och
807 634 46 30 då
872 634 58 30 det
952 643 42 21 av
1014 634 432 40 kommunalfullmäktige
1466 634 197 40 framlagda
1682 634 71 30 för-

252 685 106 40 slaget
385 685 53 30 till
460 685 177 30 områdets
660 685 208 40 disposition
892 694 103 30 synes
1016 685 55 30 väl
1094 685 182 39 tillgodose
1300 685 41 30 de
1366 694 43 21 av
1433 685 227 36 kommunen,
1684 685 69 30 för-

252 736 194 39 samlingen
473 736 63 30 och
565 735 382 41 municipalsamhället
974 735 197 30 framförda
1196 736 200 40 anspråken
1424 736 64 29 och
1514 736 238 34 önskemålen,

250 786 59 30 vill
327 786 62 40 jag
409 786 186 40 tillstyrka,
618 788 52 29 att
691 786 156 30 området
868 787 81 29 med
969 786 196 39 föreslagen
1186 786 200 40 fördelning
1408 786 169 31 överlåtes
1599 786 20 31 å
1641 787 111 29 dessa.

253 838 13 29 I
284 837 111 31 likhet
413 838 80 29 med
510 837 326 40 kammarkollegiet
854 836 118 31 finner
990 837 60 40 jag
1068 837 164 40 vederlag
1248 837 57 30 för
1324 837 228 30 överlåtelsen
1570 837 78 31 icke
1669 837 85 30 böra

251 888 267 39 ifrågakomma.
538 888 225 30 Härutinnan
782 887 61 31 vill
865 887 61 40 jag
947 888 124 34 erinra,
1094 890 51 27 att
1168 887 82 31 1943
1272 888 57 29 års
1349 888 145 39 riksdag
1518 887 87 34 (skr.
1627 897 43 20 nr
1689 887 58 34 54)

251 939 78 30 med
358 938 101 30 bifall
487 938 53 30 till
567 938 128 39 Kungl.
724 938 125 40 Maj:ts
876 938 217 40 proposition
1123 938 12 29 i
1163 939 118 29 ämnet
1317 938 60 34 (nr
1405 938 58 35 27)
1496 938 176 40 medgivit,
1701 940 51 28 att

251 989 104 30 bland
377 990 109 29 annat
507 991 48 28 ett
575 989 55 30 till
652 989 193 39 kyrkostad
866 989 59 30 vid
947 989 232 39 avvittringen
1202 991 113 28 avsatt
1337 989 143 30 område
1503 989 12 29 i
1537 989 118 30 Tärna
1681 998 71 21 soc-

251 1041 67 28 ken
347 1041 82 30 med
456 1040 181 39 undantag
663 1040 57 30 för
748 1040 86 30 visst
863 1048 76 22 som
970 1039 324 41 begravningsplats
1322 1040 132 31 använt
1486 1040 143 30 område
1658 1040 94 39 finge

252 1091 83 29 utan
357 1090 162 40 vederlag
540 1090 173 31 överlåtas
736 1091 45 39 på
802 1091 119 30 Tärna
941 1090 181 30 kommun.

293 1142 65 29 Det
381 1142 99 29 torde
501 1141 37 30 få
560 1142 191 29 ankomma
772 1141 45 40 på
840 1141 128 40 Kungl.
991 1140 105 41 Maj:t
1118 1143 52 28 att
1196 1141 188 30 framdeles
1407 1141 159 30 meddela
1590 1142 162 29 närmare

254 1192 220 31 föreskrifter
491 1202 55 20 om
564 1192 229 31 överlåtelsen
810 1193 167 29 ävensom
992 1193 13 29 i
1022 1192 111 39 övrigt
1152 1192 175 30 fastställa
1344 1192 172 30 villkoren
1534 1192 55 30 för
1608 1193 144 29 denna.»

297 1268 186 30 Utskottet.
501 1269 65 29 Det
584 1277 43 21 av
645 1268 125 40 Kungl.
790 1268 107 39 Maj:t
916 1268 195 39 framlagda
1130 1268 166 39 förslaget
1314 1268 53 29 till
1387 1268 206 39 disposition
1613 1277 42 21 av
1672 1268 83 29 ifrå-

254 1319 196 38 gavarande
470 1318 165 40 fastighet
653 1319 67 30 har
737 1319 76 29 icke
834 1318 167 30 föranlett
1020 1318 172 31 utskottet
1213 1319 82 39 göra
1315 1318 117 39 någon
1452 1319 149 29 erinran.
1623 1318 132 40 Fastig-

253 1369 103 29 heten
382 1369 64 30 bör
473 1369 114 30 såsom
614 1368 197 40 föreslagits
839 1368 172 31 överlåtas
1037 1370 87 29 utan
1150 1369 160 40 vederlag
1335 1368 47 40 på
1408 1369 42 30 de
1475 1368 128 30 villkor
1629 1369 125 39 Kungl.

254 1419 103 39 Maj:t
379 1419 72 30 kan
473 1419 98 30 finna
592 1419 160 40 lämpligt
773 1419 186 30 fastställa.
981 1419 176 30 Utskottet
1178 1419 203 30 hemställer
1403 1419 157 34 sålunda,

605 1471 51 29 att
678 1469 187 40 riksdagen
887 1469 59 30 må
967 1469 168 39 medgiva,
1160 1471 51 29 att
1234 1469 212 40 fastigheten
1468 1469 235 40 Kyrkplatsen
1728 1470 27 29 1'

559 1521 12 29 i
593 1520 154 30 Stensele
766 1520 140 34 socken,
927 1520 262 29 Västerbottens
1210 1520 68 34 län,
1299 1519 58 30 må
1375 1537 46 4 —
1440 1521 77 29 med
1536 1520 12 30 i
1569 1520 186 30 huvudsak

561 1571 68 29 den
653 1570 209 39 fördelning,
889 1579 76 21 som
988 1570 431 39 kommunalfullmäktige
1442 1570 13 30 i
1481 1570 152 30 Stensele
1660 1571 95 29 kom-

561 1630 88 21 mun
668 1621 179 39 föreslagit
864 1621 13 29 i
895 1621 162 39 yttrande
1075 1620 13 30 i
1108 1621 143 30 ärendet
1269 1621 69 30 den
1358 1620 40 30 15
1417 1620 66 40 juli
1505 1621 83 30 1950
1607 1638 45 4 —-
1670 1623 85 28 utan

560 1671 163 40 vederlag
744 1671 67 30 och
835 1671 46 40 på
906 1672 41 29 de
970 1670 126 31 villkor
1118 1671 13 30 i
1155 1671 122 39 övrigt,
1303 1679 77 21 som
1404 1671 124 39 Kungl.
1555 1671 106 40 Maj:t
1686 1672 69 29 kan

561 1721 144 30 komma
723 1723 50 28 att
790 1720 206 35 föreskriva,
1014 1721 172 30 överlåtas
1204 1721 53 30 till
1273 1721 197 40 respektive
1488 1722 153 30 Stensele
1659 1722 97 29 kom-

560 1780 98 26 mun,
683 1771 362 41 municipalsamhälle
1070 1772 66 29 och
1161 1771 217 40 församling.

298 1871 203 31 Stockholm
525 1870 67 32 den
618 1871 39 31 17
681 1871 71 41 maj
782 1872 95 30 1951.

691 1972 47 31 På
761 1972 383 40 jordbruksutskottets
1167 1974 146 39 vägnar:

838 2073 37 30 L.
897 2072 267 31 TJÄLLGREN.
