2137 2658
366 209 17 30 8
808 208 133 32 Banko-
951 207 166 34 Utskottets
1141 206 168 34 Memorial
1333 207 62 33 N:o
1418 208 51 32 15.

320 288 190 37 ordinarie
538 287 310 48 tjenstemännen
866 288 179 49 fördelas,
1066 288 191 50 styrelsen
1273 288 209 38 nödsakats
1497 289 201 50 uppdraga
1713 289 195 38 desamma

320 344 38 34 åt
399 354 46 24 en
488 345 106 33 extra
635 340 189 37 ordinarie
866 341 232 50 tjensteman
1128 346 102 32 emot
1259 355 47 24 en
1335 341 171 50 aflöning
1534 341 83 37 från
1646 342 179 49 anslaget
1852 343 58 37 till

319 399 106 32 extra
468 393 158 37 arbeten
670 394 84 36 med
796 407 103 23 mera
942 394 41 36 af
1015 396 110 45 1,200
1155 394 142 37 kronor
1325 394 58 37 för
1412 397 51 46 år,
1493 400 99 31 samt
1622 399 66 44 att,
1719 394 97 37 efter
1845 395 66 37 det

318 446 168 37 nämnda
516 446 156 37 arfvode
700 449 130 46 utgått
858 447 72 36 och
959 446 355 38 semestervikariat
1342 446 125 38 blifvit
1487 446 245 50 godtgjorda,
1750 450 159 34 återsto-

318 500 74 36 den
418 498 41 38 af
482 499 45 37 de
556 498 58 37 till
643 504 106 32 extra
779 499 158 37 arbeten
966 500 86 37 med
1082 512 105 24 mera
1216 500 184 49 anslagna
1433 501 110 44 1,800
1571 500 144 37 kronor
1744 513 90 23 vore
1850 500 59 37 för

317 553 112 48 ringa
457 552 57 36 för
543 551 126 37 dertill
699 552 155 37 afsedda
883 552 188 48 ändamål,
1101 551 176 38 hvarföre
1307 552 192 49 styrelsen
1528 552 212 48 föreslagit,
1770 557 55 32 att
1844 553 65 36 vid

318 605 180 37 kontoret
541 607 117 34 måtte
700 604 58 36 för
792 604 246 38 bestridande
1082 606 39 35 af
1146 604 475 50 registratorsgöromålen
1650 604 181 38 tillsättas
1861 618 48 24 en

317 658 236 49 tjensteman
581 656 9 36 1
621 656 120 37 första
765 658 146 47 graden
940 658 86 36 med
1055 657 166 37 derefter
1249 657 198 37 beräknad
1476 657 186 48 aflöning;
1688 656 72 37 och
1780 663 55 30 att
1850 657 58 36 till

321 709 189 36 arfvoden
539 709 58 35 för
626 714 107 30 extra
761 709 168 47 arbeten,
960 709 352 35 semestervikariat
1340 709 71 35 och
1440 709 277 49 flitpenningar
1736 708 58 36 för
1810 709 99 35 ordi-

320 760 104 37 narie
454 759 70 38 och
553 765 106 32 extra
689 759 189 38 ordinarie
908 760 232 50 tjenstemän
1171 763 118 35 måtte
1319 760 126 38 anslås
1476 766 55 32 ett
1559 760 139 50 belopp
1728 759 42 38 af
1794 762 112 47 3,000

315 813 154 47 kronor,
499 826 81 24 som
611 813 122 36 skulle
763 813 36 36 få
827 813 189 37 beräknas
1046 813 83 37 från
1159 813 105 37 detta
1294 816 59 34 års
1382 813 146 49 början.

446 865 66 37 Uti
553 865 183 36 häröfver
777 865 163 48 afgifvet
980 865 182 49 yttrande
1191 865 58 36 till
1277 865 200 37 Utskottet
1504 865 115 37 hafva
1647 864 259 50 Fullmäktige

316 918 128 37 anfört
471 917 186 49 följande:

445 970 73 36 »Af
542 970 71 36 den
649 970 103 37 tablå
781 970 109 37 öfver
918 971 201 36 kontorets
1148 971 157 47 rörelse,
1335 970 203 49 Styrelsen
1567 971 122 50 bilagt
1718 972 71 36 och
1819 971 87 37 åbe-

315 1027 121 45 ropat,
480 1023 102 36 visar
623 1022 71 50 sig,
725 1028 55 31 att
808 1022 146 38 antalet
984 1022 273 38 diskonterade
1287 1023 133 37 vexlar
1449 1023 122 37 under
1600 1024 45 37 de
1674 1029 58 33 tre
1757 1023 149 38 sistför-

315 1075 120 36 flutna
478 1078 90 33 åren
610 1076 98 35 varit
738 1075 193 49 betydligt
965 1081 121 31 större
1117 1080 47 32 än
1194 1076 112 48 förut,
1337 1076 71 36 och
1437 1078 40 34 år
1510 1078 109 46 1879,
1650 1078 120 35 ehuru
1799 1076 106 49 lägre

316 1132 48 31 än
407 1127 322 48 nästföregående
772 1130 51 46 år,
853 1127 99 37 varit
980 1132 91 32 nära
1100 1133 56 31 tre
1185 1131 150 45 gånger
1364 1133 124 31 större
1518 1133 49 31 än
1599 1131 109 35 1873.
1764 1128 142 37 Likaså

315 1180 69 36 har
426 1180 144 35 antalet
598 1179 329 48 afbetalningslån
957 1180 119 36 under
1105 1180 192 36 nästlidna
1327 1183 40 33 år
1395 1180 137 36 vunnit
1560 1180 152 49 afgjord
1740 1180 165 47 tillväxt,

314 1231 150 36 hvilket
492 1230 108 38 torde
630 1245 90 24 vara
748 1231 190 37 beroende
968 1231 42 36 af
1033 1232 74 36 den
1135 1231 223 49 förhöjning
1386 1231 11 36 1
1427 1231 167 49 förlaget
1609 1232 59 36 för
1684 1232 130 49 dylika
1829 1232 74 47 lån,

314 1296 82 24 som
426 1283 63 36 vid
517 1285 95 35 1879
640 1286 59 35 års
729 1283 160 49 riksdag
918 1283 156 48 beslöts,
1105 1283 153 37 hvadan
1287 1283 259 49 förökningen
1575 1284 11 36 1
1616 1285 143 36 antalet
1775 1283 129 50 dylika

315 1336 62 36 lån
407 1335 58 36 väl
496 1335 172 37 kommer
697 1342 53 31 att
781 1335 167 37 fortfara.
1005 1335 105 37 Båda
1140 1335 112 37 dessa
1279 1349 142 35 grenar
1449 1335 42 37 af
1514 1336 170 37 rörelsen
1713 1336 117 37 verka
1847 1335 57 36 till

315 1387 121 37 ökade
470 1387 174 49 göromål
674 1388 56 36 för
758 1387 272 49 registratorn;
1062 1388 69 36 och
1163 1387 46 36 då
1238 1387 177 37 hållande
1445 1388 41 36 af
1509 1388 176 48 register,
1716 1388 76 37 lika
1821 1401 82 24 som

314 1439 241 37 uträknande
594 1439 41 37 af
658 1446 131 31 räntor
819 1443 19 33 å
865 1439 270 37 diskonterade
1166 1440 143 47 vexlar,
1340 1445 65 31 äro
1435 1439 144 37 sådana
1606 1441 185 48 göromål,
1822 1453 82 23 som

315 1492 172 49 ständigt
516 1494 118 34 måste
664 1492 125 49 fortgå
819 1492 70 37 och
919 1492 41 37 af
984 1491 131 37 hvilka
1144 1492 305 49 sysselsättning
1477 1492 108 37 alltid
1605 1493 76 36 kan
1700 1492 203 50 påräknas,

314 1549 99 31 samt
455 1544 58 36 för
554 1544 132 37 hvilka
729 1545 150 35 derföre
922 1544 191 36 ordinarie
1142 1545 230 47 tjenstemän
1400 1544 12 35 1
1442 1544 135 48 regeln
1606 1545 92 36 böra
1727 1557 92 24 vara
1848 1549 56 31 att

314 1595 122 49 tillgå,
464 1596 36 36 få
528 1596 270 49 Fullmäktige,
829 1595 86 37 med
944 1596 181 36 afseende
1155 1599 20 33 å
1203 1596 74 36 den
1293 1595 226 49 utveckling
1539 1597 170 36 rörelsen
1729 1596 65 36 vid
1811 1596 93 36 kon-

313 1653 102 32 toret
454 1648 12 36 i
507 1648 140 37 Malmö
691 1649 162 45 erhållit,
897 1648 163 48 förorda,
1104 1653 55 31 att
1199 1648 66 36 vid
1290 1648 180 36 kontoret
1498 1651 116 34 måtte
1643 1648 181 37 tillsättas
1855 1662 47 22 en

313 1701 234 47 tjensteman
590 1700 10 36 i
643 1701 119 36 första
790 1701 147 48 graden
966 1703 125 34 såsom
1121 1700 227 48 registrator
1376 1699 59 37 för
1462 1700 247 36 bestridande
1739 1700 37 37 af
1802 1700 100 48 regi-

313 1752 170 49 strering
511 1753 71 36 och
612 1752 119 37 andra
759 1752 186 49 göromål,
976 1765 81 23 som
1083 1752 131 37 kunna
1242 1751 42 37 af
1307 1752 140 37 honom
1478 1751 242 38 medhinnas.

441 1804 244 37 Beträffande
727 1805 178 48 anslaget
947 1804 57 36 till
1045 1809 108 32 extra
1181 1804 171 49 utgifter,
1383 1808 43 33 så
1454 1804 125 36 skulle
1608 1804 211 49 utgifterna
1843 1803 60 36 för

312 1861 206 32 semestrar
546 1859 119 46 något
693 1857 91 36 ökas
815 1870 140 34 genom
985 1856 238 36 tillkomsten
1254 1856 41 36 af
1319 1870 46 22 en
1383 1870 52 35 ny
1452 1856 189 37 ordinarie
1658 1856 244 49 tjensteman,

312 1922 87 23 men
443 1908 171 37 deremot
655 1909 118 36 blifva
815 1908 45 37 de
907 1909 108 48 1,200
1058 1908 153 47 kronor,
1240 1908 131 37 hvilka
1396 1922 50 22 nu
1472 1908 198 37 användas
1699 1908 59 36 för
1786 1907 113 50 godt-

312 1960 170 48 görande
521 1961 41 36 af
584 1961 410 48 registratorsarbetet,
1025 1960 217 49 disponibla
1270 1960 59 36 för
1357 1965 116 32 annat
1502 1960 267 37 användande.
1824 1959 75 37 Vid

312 2012 136 37 sådant
476 2012 236 37 förhållande
742 2026 91 23 anse
863 2012 60 48 sig
951 2012 262 48 Fullmäktige
1242 2012 63 36 väl
1334 2012 32 48 ej
1395 2012 243 36 kunna
1526 2007 19 57 i
1562 2012 76 36 allo
1655 2011 246 49 understödja

312 2063 218 50 Styrelsens
559 2064 144 49 förslag
733 2078 59 23 om
823 2064 195 48 anslagets
1047 2063 165 50 höjande
1240 2064 56 36 till
1323 2065 111 47 3,000
1464 2064 142 37 kronor
1637 2063 158 49 årligen,
1813 2076 89 23 men

312 2116 47 36 då
400 2116 321 37 Malmökontoret
746 2117 68 36 allt
842 2116 130 36 ibland
1001 2116 69 36 har
1099 2121 55 31 att
1182 2116 84 36 från
1293 2115 257 49 Köpenhamn
1579 2121 197 43 emottaga
1800 2120 101 31 samt

310 2168 201 49 uppräkna
539 2168 180 37 remisser
749 2168 40 36 af
813 2168 110 48 guld-
953 2168 70 36 och
1049 2168 244 48 silfvermynt
1322 2168 56 35 till
1402 2167 200 49 betydliga
1632 2168 151 49 belopp,
1801 2172 99 31 samt

311 2220 65 36 det
404 2224 49 45 på
478 2234 134 22 senare
642 2221 54 36 tid
724 2220 202 36 tillkomna
942 2221 172 47 bestyret
1129 2225 55 31 att
1199 2220 84 36 från
1298 2220 217 36 hvarandra
1532 2220 178 48 särskilja
1728 2219 173 46 svenskt,

311 2272 134 36 norskt
487 2272 70 37 och
599 2272 139 36 danskt
780 2272 370 48 konventionsmynt
1192 2271 41 37 af
1268 2271 131 37 silfver
1422 2271 286 49 jemförelsevis
1738 2270 162 37 hårdare

311 2323 163 37 drabbar
502 2324 331 42 Malmökontoret,
860 2329 91 31 enär
979 2324 11 35 i
1020 2323 126 37 Skåne
1176 2323 155 50 mycket
1360 2323 142 38 danskt
1527 2328 110 45 mynt
1657 2327 119 32 sättes
1795 2322 12 37 i
1824 2335 77 23 om-
