2199 2560
371 169 37 29 10
837 163 98 33 Stats-
942 162 161 34 Utskottets
1134 160 168 35 Utlåtande
1323 160 65 32 N:o
1409 161 53 30 43.

325 251 310 40 talbetalningarne
670 249 89 41 ingå.
807 247 118 33 Såsom
960 246 129 33 bekant
1117 248 138 38 utgöras
1281 244 102 32 dessa
1406 241 193 40 fordringar
1625 238 281 41 hufvudsakligen
1930 238 35 33 af

325 302 247 43 byggnadslån,
612 299 328 42 tomtregleringslån
976 300 87 30 samt
1097 297 57 31 lån
1183 296 52 31 för
1257 295 118 32 hamn-
1397 293 63 33 och
1484 289 271 45 brobyggnader,
1779 291 75 30 åars
1882 300 81 30 upp-

326 354 172 41 rensning,
523 352 118 33 kanal-
667 351 62 33 och
752 349 344 40 slussanläggningar,
1116 345 409 43 jernvägsanläggningar
1548 354 41 21 m.
1614 353 41 21 m.
1692 341 15 31 I
1734 335 228 50 sammanhang

326 406 78 32 med
435 405 56 32 det
522 406 38 30 år
584 405 82 31 1873
690 402 130 32 fattade
845 400 148 32 beslutet
1017 409 54 21 om
1095 397 170 32 allmänna
1287 396 249 37 bevillningens
1562 393 63 32 och
1648 392 104 40 öfriga
1774 390 188 42 uppbörds-

326 457 130 32 medels
486 455 192 39 leverering
705 452 50 32 till
781 451 255 33 Statskontoret
1059 451 87 29 samt
1171 458 52 21 om
1249 445 258 42 öfverflyttande
1532 445 50 32 till
1606 442 147 34 nämnda
1776 442 131 32 Kontor
1932 440 36 33 af

327 507 239 40 befattningen
591 504 78 33 med
695 506 96 29 extra
815 500 298 41 statsregleringen
1137 497 139 33 väcktes
1299 497 98 41 fråga
1420 507 52 21 om
1496 499 50 28 att
1568 495 51 32 till
1643 493 253 33 Statskontoret
1918 491 47 32 öf-

326 558 172 32 verlemna
535 556 100 32 äfven
670 552 279 34 handhafvandet
985 550 34 32 af
1057 548 222 33 omförmälda
1312 547 202 40 fordringar,
1541 557 76 21 men
1640 544 196 39 Riksdagen
1861 543 105 40 ansåg

329 609 76 32 dem
443 606 213 35 fortfarande
694 605 84 31 böra
814 603 35 32 af
881 600 347 42 Riksgäldskontoret
1250 599 173 31 förvaltas.
1470 597 116 32 Skälet
1609 595 113 32 härtill
1745 605 58 21 var
1826 593 139 33 hufvud-

328 660 166 40 sakligen,
535 660 50 29 att
617 655 148 33 nämnda
802 654 55 32 lån
893 652 50 33 till
975 652 66 32 den
1064 651 75 32 vida
1164 649 248 41 öfvervägande
1439 648 99 32 delen
1561 649 110 40 utgått
1695 646 36 32 af
1751 645 118 38 medel,
1896 655 69 21 som

327 711 111 32 blifvit
473 709 35 33 af
541 706 343 42 Riksgäldskontoret
909 703 55 32 för
989 706 129 28 statens
1146 701 143 39 räkning
1312 698 203 43 upplånade.
1561 698 66 31 Det
1651 708 78 21 vore
1756 696 113 32 derför
1891 695 74 32 icke

330 761 185 41 olämpligt,
552 761 51 30 att
638 760 119 29 räntor
792 756 64 31 och
892 752 382 43 kapitalafbetalningar
1304 753 20 30 å
1350 751 102 31 dessa
1479 749 57 32 lån
1556 748 136 40 inginge
1717 747 50 32 till
1792 747 58 32 det
1872 745 90 39 verk,

330 823 72 21 som
436 811 88 32 hade
560 812 51 29 att
642 807 192 42 ombestyra
860 803 250 43 liqviderandet
1134 804 36 31 af
1191 806 130 29 statens
1347 801 88 41 gäld.
1482 799 229 45 (Riksdagens
1735 796 232 41 underdåniga

330 862 175 32 skrifvelse
532 861 65 31 den
627 862 18 29 6
670 859 65 41 Maj
762 860 94 36 1873,
882 856 62 32 N:o
970 857 64 40 32).
1079 854 63 32 Vid
1170 856 80 30 1875
1276 854 53 31 års
1352 851 141 40 riksdag
1516 849 151 39 väcktes,
1692 849 37 31 af
1750 848 131 32 enskild
1898 858 69 21 mo-

329 914 122 37 tionär,
480 922 128 22 samma
631 910 95 40 fråga
751 911 96 39 ånyo,
873 918 76 21 men
973 905 193 40 Riksdagen
1190 903 130 33 fattade
1347 903 116 31 derom
1488 899 180 34 enahanda
1691 898 124 40 beslut;
1832 898 60 33 och
1907 898 61 32 Ut-

331 964 130 32 skottet
485 963 61 31 har
570 962 29 41 ej
625 960 107 33 heller
755 971 44 20 nu
824 959 110 32 funnit
957 957 71 32 skäl
1053 959 50 29 att
1125 956 74 31 häri
1224 953 169 43 tillstyrka
1421 952 154 39 ändring.

467 1014 49 31 På
540 1012 107 41 grund
673 1011 35 32 af
728 1010 86 32 hvad
841 1009 96 32 ofvan
963 1008 142 38 anförts,
1130 1005 195 33 hemställer
1347 1004 187 38 Utskottet,

844 1063 50 30 att
917 1059 88 32 Herr
1028 1058 84 32 Jöns
1135 1057 189 32 Pehrssons
1348 1053 224 34 förevarande
1597 1053 128 31 motion
1749 1052 54 31 må
1826 1050 37 33 af
1875 1050 95 32 Riks-

739 1112 111 40 dagen
873 1111 129 32 lemnas
1026 1112 81 29 utan
1132 1106 170 34 afseende.

470 1214 197 34 Stockholm
697 1214 63 31 den
790 1215 41 30 20
858 1203 92 50 Åpril
978 1213 92 30 1880.

884 1363 48 32 På
957 1360 304 34 Stats-Utskottets
1287 1362 141 37 vägnar:

999 1457 105 43 Carl
1130 1457 186 41 Ekman.

612 2233 171 29 Stockholm,
801 2232 96 31 tryckt
916 2232 50 24 hos
986 2233 30 23 A.
1035 2232 29 24 L.
1083 2231 137 24 Normans
1239 2226 375 34 Boktryckeri-Aktiebolag,
1633 2224 75 25 1880.
