<?xml version="1.0" encoding="UTF-8"?>
<alto xmlns="http://www.loc.gov/standards/alto/ns-v3#" xmlns:xlink="http://www.w3.org/1999/xlink" xmlns:xsi="http://www.w3.org/2001/XMLSchema-instance" xsi:schemaLocation="http://www.loc.gov/standards/alto/ns-v3# http://www.loc.gov/alto/v3/alto-3-0.xsd">
	<Description>
		<MeasurementUnit>pixel</MeasurementUnit>
		<sourceImageInformation>
			<fileName>/tmp/tess_1gqm0thz_input.PNG</fileName>
		</sourceImageInformation>
		<OCRProcessing ID="OCR_0">
			<ocrProcessingStep>
				<processingSoftware>
					<softwareName>tesseract 5.3.0</softwareName>
				</processingSoftware>
			</ocrProcessingStep>
		</OCRProcessing>
	</Description>
	<Layout>
		<Page WIDTH="2202" HEIGHT="2622" PHYSICAL_IMG_NR="0" ID="page_0">
			<PrintSpace HPOS="0" VPOS="0" WIDTH="2202" HEIGHT="2622">
				<ComposedBlock ID="cblock_0" HPOS="432" VPOS="144" WIDTH="1047" HEIGHT="43">
					<TextBlock ID="block_0" HPOS="432" VPOS="144" WIDTH="1047" HEIGHT="43">
						<TextLine ID="line_0" HPOS="432" VPOS="144" WIDTH="1047" HEIGHT="43">
							<String ID="string_0" HPOS="432" VPOS="146" WIDTH="38" HEIGHT="31" WC="0.96" CONTENT="12"/><SP WIDTH="435" VPOS="146" HPOS="470"/>
							<String ID="string_1" HPOS="905" VPOS="145" WIDTH="236" HEIGHT="42" WC="0.90" CONTENT="Lagutskottets"/><SP WIDTH="22" VPOS="145" HPOS="1141"/>
							<String ID="string_2" HPOS="1163" VPOS="144" WIDTH="166" HEIGHT="32" WC="0.95" CONTENT="utlåtande"/><SP WIDTH="23" VPOS="144" HPOS="1329"/>
							<String ID="string_3" HPOS="1352" VPOS="145" WIDTH="53" HEIGHT="31" WC="0.93" CONTENT="Nr"/><SP WIDTH="23" VPOS="145" HPOS="1405"/>
							<String ID="string_4" HPOS="1428" VPOS="146" WIDTH="51" HEIGHT="31" WC="0.95" CONTENT="26."/>
						</TextLine>
					</TextBlock>
				</ComposedBlock>
				<ComposedBlock ID="cblock_1" HPOS="384" VPOS="223" WIDTH="1610" HEIGHT="2058">
					<TextBlock ID="block_1" HPOS="384" VPOS="223" WIDTH="1610" HEIGHT="1543">
						<TextLine ID="line_1" HPOS="387" VPOS="223" WIDTH="1607" HEIGHT="48">
							<String ID="string_5" HPOS="387" VPOS="224" WIDTH="113" HEIGHT="36" WC="0.96" CONTENT="ställd"/><SP WIDTH="28" VPOS="224" HPOS="500"/>
							<String ID="string_6" HPOS="528" VPOS="223" WIDTH="209" HEIGHT="48" WC="0.96" CONTENT="utredning"/><SP WIDTH="27" VPOS="223" HPOS="737"/>
							<String ID="string_7" HPOS="764" VPOS="224" WIDTH="161" HEIGHT="35" WC="0.96" CONTENT="rörande"/><SP WIDTH="29" VPOS="224" HPOS="925"/>
							<String ID="string_8" HPOS="954" VPOS="223" WIDTH="45" HEIGHT="36" WC="0.96" CONTENT="de"/><SP WIDTH="24" VPOS="223" HPOS="999"/>
							<String ID="string_9" HPOS="1023" VPOS="224" WIDTH="11" HEIGHT="35" WC="0.92" CONTENT="i"/><SP WIDTH="20" VPOS="224" HPOS="1034"/>
							<String ID="string_10" HPOS="1054" VPOS="223" WIDTH="99" HEIGHT="36" WC="0.96" CONTENT="riket"/><SP WIDTH="27" VPOS="223" HPOS="1153"/>
							<String ID="string_11" HPOS="1180" VPOS="223" WIDTH="204" HEIGHT="36" WC="0.93" CONTENT="bestående"/><SP WIDTH="28" VPOS="223" HPOS="1384"/>
							<String ID="string_12" HPOS="1412" VPOS="223" WIDTH="582" HEIGHT="47" WC="0.68" CONTENT="familjefideikommisstiftelser"/>
						</TextLine>
						<TextLine ID="line_2" HPOS="385" VPOS="274" WIDTH="1606" HEIGHT="48">
							<String ID="string_13" HPOS="385" VPOS="276" WIDTH="11" HEIGHT="35" WC="0.94" CONTENT="i"/><SP WIDTH="30" VPOS="276" HPOS="396"/>
							<String ID="string_14" HPOS="426" VPOS="275" WIDTH="76" HEIGHT="36" WC="0.96" CONTENT="fast"/><SP WIDTH="29" VPOS="275" HPOS="502"/>
							<String ID="string_15" HPOS="531" VPOS="274" WIDTH="199" HEIGHT="48" WC="0.94" CONTENT="egendom,"/><SP WIDTH="30" VPOS="274" HPOS="730"/>
							<String ID="string_16" HPOS="760" VPOS="275" WIDTH="145" HEIGHT="35" WC="0.96" CONTENT="täcktes"/><SP WIDTH="28" VPOS="275" HPOS="905"/>
							<String ID="string_17" HPOS="933" VPOS="279" WIDTH="92" HEIGHT="43" WC="0.96" CONTENT="taga"/><SP WIDTH="28" VPOS="279" HPOS="1025"/>
							<String ID="string_18" HPOS="1053" VPOS="275" WIDTH="122" HEIGHT="36" WC="0.96" CONTENT="under"/><SP WIDTH="28" VPOS="275" HPOS="1175"/>
							<String ID="string_19" HPOS="1203" VPOS="274" WIDTH="279" HEIGHT="48" WC="0.96" CONTENT="övervägande,"/><SP WIDTH="31" VPOS="274" HPOS="1482"/>
							<String ID="string_20" HPOS="1513" VPOS="274" WIDTH="187" HEIGHT="36" WC="0.96" CONTENT="huruvida"/><SP WIDTH="29" VPOS="274" HPOS="1700"/>
							<String ID="string_21" HPOS="1729" VPOS="274" WIDTH="71" HEIGHT="36" WC="0.96" CONTENT="och"/><SP WIDTH="19" VPOS="274" HPOS="1800"/>
							<String ID="string_22" HPOS="1819" VPOS="277" WIDTH="48" HEIGHT="45" WC="0.96" CONTENT="på"/><SP WIDTH="19" VPOS="277" HPOS="1867"/>
							<String ID="string_23" HPOS="1886" VPOS="274" WIDTH="105" HEIGHT="36" WC="0.96" CONTENT="vilka"/>
						</TextLine>
						<TextLine ID="line_3" HPOS="384" VPOS="325" WIDTH="1606" HEIGHT="51">
							<String ID="string_24" HPOS="384" VPOS="327" WIDTH="137" HEIGHT="36" WC="0.96" CONTENT="villkor"/><SP WIDTH="29" VPOS="327" HPOS="521"/>
							<String ID="string_25" HPOS="550" VPOS="326" WIDTH="177" HEIGHT="49" WC="0.96" CONTENT="gällande"/><SP WIDTH="19" VPOS="326" HPOS="727"/>
							<String ID="string_26" HPOS="746" VPOS="326" WIDTH="286" HEIGHT="37" WC="0.59" CONTENT="bestämmelser"/><SP WIDTH="19" VPOS="326" HPOS="1032"/>
							<String ID="string_27" HPOS="1051" VPOS="339" WIDTH="61" HEIGHT="23" WC="0.96" CONTENT="om"/><SP WIDTH="28" VPOS="339" HPOS="1112"/>
							<String ID="string_28" HPOS="1140" VPOS="325" WIDTH="127" HEIGHT="51" WC="0.96" CONTENT="dylika"/><SP WIDTH="20" VPOS="325" HPOS="1267"/>
							<String ID="string_29" HPOS="1287" VPOS="326" WIDTH="182" HEIGHT="36" WC="0.96" CONTENT="stiftelser"/><SP WIDTH="20" VPOS="326" HPOS="1469"/>
							<String ID="string_30" HPOS="1489" VPOS="325" WIDTH="121" HEIGHT="37" WC="0.95" CONTENT="skulle"/><SP WIDTH="20" VPOS="325" HPOS="1610"/>
							<String ID="string_31" HPOS="1630" VPOS="325" WIDTH="129" HEIGHT="37" WC="0.96" CONTENT="kunna"/><SP WIDTH="20" VPOS="325" HPOS="1759"/>
							<String ID="string_32" HPOS="1779" VPOS="325" WIDTH="211" HEIGHT="50" WC="0.96" CONTENT="upphävas,"/>
						</TextLine>
						<TextLine ID="line_4" HPOS="385" VPOS="378" WIDTH="1607" HEIGHT="50">
							<String ID="string_33" HPOS="385" VPOS="384" WIDTH="99" HEIGHT="32" WC="0.96" CONTENT="samt"/><SP WIDTH="30" VPOS="384" HPOS="484"/>
							<String ID="string_34" HPOS="514" VPOS="379" WIDTH="58" HEIGHT="37" WC="0.96" CONTENT="för"/><SP WIDTH="27" VPOS="379" HPOS="572"/>
							<String ID="string_35" HPOS="599" VPOS="379" WIDTH="210" HEIGHT="49" WC="0.96" CONTENT="riksdagen"/><SP WIDTH="29" VPOS="379" HPOS="809"/>
							<String ID="string_36" HPOS="838" VPOS="378" WIDTH="216" HEIGHT="50" WC="0.95" CONTENT="framlägga"/><SP WIDTH="28" VPOS="378" HPOS="1054"/>
							<String ID="string_37" HPOS="1082" VPOS="379" WIDTH="63" HEIGHT="36" WC="0.96" CONTENT="det"/><SP WIDTH="29" VPOS="379" HPOS="1145"/>
							<String ID="string_38" HPOS="1174" VPOS="379" WIDTH="156" HEIGHT="48" WC="0.96" CONTENT="förslag,"/><SP WIDTH="29" VPOS="379" HPOS="1330"/>
							<String ID="string_39" HPOS="1359" VPOS="378" WIDTH="129" HEIGHT="36" WC="0.96" CONTENT="vartill"/><SP WIDTH="28" VPOS="378" HPOS="1488"/>
							<String ID="string_40" HPOS="1516" VPOS="378" WIDTH="72" HEIGHT="36" WC="0.96" CONTENT="den"/><SP WIDTH="24" VPOS="378" HPOS="1588"/>
							<String ID="string_41" HPOS="1612" VPOS="378" WIDTH="234" HEIGHT="37" WC="0.92" CONTENT="verkställda"/><SP WIDTH="20" VPOS="378" HPOS="1846"/>
							<String ID="string_42" HPOS="1866" VPOS="378" WIDTH="126" HEIGHT="37" WC="0.92" CONTENT="utred-"/>
						</TextLine>
						<TextLine ID="line_5" HPOS="385" VPOS="430" WIDTH="1608" HEIGHT="50">
							<String ID="string_43" HPOS="385" VPOS="431" WIDTH="144" HEIGHT="49" WC="0.96" CONTENT="ningen"/><SP WIDTH="40" VPOS="431" HPOS="529"/>
							<String ID="string_44" HPOS="569" VPOS="431" WIDTH="129" HEIGHT="36" WC="0.95" CONTENT="kunde"/><SP WIDTH="40" VPOS="431" HPOS="698"/>
							<String ID="string_45" HPOS="738" VPOS="431" WIDTH="227" HEIGHT="36" WC="0.95" CONTENT="föranleda»."/><SP WIDTH="59" VPOS="431" HPOS="965"/>
							<String ID="string_46" HPOS="1024" VPOS="431" WIDTH="132" HEIGHT="35" WC="0.96" CONTENT="Denna"/><SP WIDTH="36" VPOS="431" HPOS="1156"/>
							<String ID="string_47" HPOS="1192" VPOS="431" WIDTH="206" HEIGHT="35" WC="0.95" CONTENT="utskottets"/><SP WIDTH="34" VPOS="431" HPOS="1398"/>
							<String ID="string_48" HPOS="1432" VPOS="430" WIDTH="225" HEIGHT="36" WC="0.96" CONTENT="hemställan"/><SP WIDTH="29" VPOS="430" HPOS="1657"/>
							<String ID="string_49" HPOS="1686" VPOS="430" WIDTH="86" HEIGHT="36" WC="0.96" CONTENT="blev"/><SP WIDTH="29" VPOS="430" HPOS="1772"/>
							<String ID="string_50" HPOS="1801" VPOS="444" WIDTH="46" HEIGHT="22" WC="0.96" CONTENT="av"/><SP WIDTH="28" VPOS="444" HPOS="1847"/>
							<String ID="string_51" HPOS="1875" VPOS="430" WIDTH="118" HEIGHT="36" WC="0.95" CONTENT="andra"/>
						</TextLine>
						<TextLine ID="line_6" HPOS="385" VPOS="481" WIDTH="1607" HEIGHT="49">
							<String ID="string_52" HPOS="385" VPOS="483" WIDTH="222" HEIGHT="35" WC="0.91" CONTENT="kammaren"/><SP WIDTH="42" VPOS="483" HPOS="607"/>
							<String ID="string_53" HPOS="649" VPOS="482" WIDTH="166" HEIGHT="36" WC="0.90" CONTENT="bifallen."/><SP WIDTH="55" VPOS="482" HPOS="815"/>
							<String ID="string_54" HPOS="870" VPOS="482" WIDTH="132" HEIGHT="36" WC="0.94" CONTENT="Under"/><SP WIDTH="41" VPOS="482" HPOS="1002"/>
							<String ID="string_55" HPOS="1043" VPOS="482" WIDTH="331" HEIGHT="48" WC="0.95" CONTENT="överläggningen"/><SP WIDTH="38" VPOS="482" HPOS="1374"/>
							<String ID="string_56" HPOS="1412" VPOS="482" WIDTH="11" HEIGHT="34" WC="0.96" CONTENT="i"/><SP WIDTH="37" VPOS="482" HPOS="1423"/>
							<String ID="string_57" HPOS="1460" VPOS="482" WIDTH="118" HEIGHT="35" WC="0.96" CONTENT="första"/><SP WIDTH="42" VPOS="482" HPOS="1578"/>
							<String ID="string_58" HPOS="1620" VPOS="481" WIDTH="219" HEIGHT="36" WC="0.93" CONTENT="kammaren"/><SP WIDTH="38" VPOS="481" HPOS="1839"/>
							<String ID="string_59" HPOS="1877" VPOS="482" WIDTH="115" HEIGHT="34" WC="0.92" CONTENT="fram-"/>
						</TextLine>
						<TextLine ID="line_7" HPOS="385" VPOS="532" WIDTH="1606" HEIGHT="48">
							<String ID="string_60" HPOS="385" VPOS="533" WIDTH="166" HEIGHT="47" WC="0.96" CONTENT="ställdes,"/><SP WIDTH="31" VPOS="533" HPOS="551"/>
							<String ID="string_61" HPOS="582" VPOS="533" WIDTH="113" HEIGHT="35" WC="0.96" CONTENT="bland"/><SP WIDTH="30" VPOS="533" HPOS="695"/>
							<String ID="string_62" HPOS="725" VPOS="533" WIDTH="128" HEIGHT="45" WC="0.96" CONTENT="andra,"/><SP WIDTH="30" VPOS="533" HPOS="853"/>
							<String ID="string_63" HPOS="883" VPOS="538" WIDTH="95" HEIGHT="30" WC="0.96" CONTENT="även"/><SP WIDTH="30" VPOS="538" HPOS="978"/>
							<String ID="string_64" HPOS="1008" VPOS="533" WIDTH="64" HEIGHT="35" WC="0.96" CONTENT="det"/><SP WIDTH="27" VPOS="533" HPOS="1072"/>
							<String ID="string_65" HPOS="1099" VPOS="533" WIDTH="183" HEIGHT="47" WC="0.96" CONTENT="yrkande,"/><SP WIDTH="31" VPOS="533" HPOS="1282"/>
							<String ID="string_66" HPOS="1313" VPOS="537" WIDTH="55" HEIGHT="30" WC="0.96" CONTENT="att"/><SP WIDTH="27" VPOS="537" HPOS="1368"/>
							<String ID="string_67" HPOS="1395" VPOS="532" WIDTH="208" HEIGHT="36" WC="0.96" CONTENT="utskottets"/><SP WIDTH="19" VPOS="532" HPOS="1603"/>
							<String ID="string_68" HPOS="1622" VPOS="532" WIDTH="225" HEIGHT="36" WC="0.96" CONTENT="hemställan"/><SP WIDTH="20" VPOS="532" HPOS="1847"/>
							<String ID="string_69" HPOS="1867" VPOS="532" WIDTH="124" HEIGHT="36" WC="0.96" CONTENT="skulle"/>
						</TextLine>
						<TextLine ID="line_8" HPOS="384" VPOS="583" WIDTH="1608" HEIGHT="50">
							<String ID="string_70" HPOS="384" VPOS="584" WIDTH="148" HEIGHT="37" WC="0.92" CONTENT="bifallas"/><SP WIDTH="43" VPOS="584" HPOS="532"/>
							<String ID="string_71" HPOS="575" VPOS="584" WIDTH="84" HEIGHT="36" WC="0.96" CONTENT="med"/><SP WIDTH="43" VPOS="584" HPOS="659"/>
							<String ID="string_72" HPOS="702" VPOS="584" WIDTH="73" HEIGHT="37" WC="0.95" CONTENT="den"/><SP WIDTH="42" VPOS="584" HPOS="775"/>
							<String ID="string_73" HPOS="817" VPOS="583" WIDTH="164" HEIGHT="50" WC="0.95" CONTENT="ändring"/><SP WIDTH="37" VPOS="583" HPOS="981"/>
							<String ID="string_74" HPOS="1018" VPOS="589" WIDTH="57" HEIGHT="30" WC="0.95" CONTENT="att"/><SP WIDTH="27" VPOS="589" HPOS="1075"/>
							<String ID="string_75" HPOS="1102" VPOS="584" WIDTH="12" HEIGHT="35" WC="0.95" CONTENT="i"/><SP WIDTH="29" VPOS="584" HPOS="1114"/>
							<String ID="string_76" HPOS="1143" VPOS="584" WIDTH="126" HEIGHT="36" WC="0.96" CONTENT="stället"/><SP WIDTH="29" VPOS="584" HPOS="1269"/>
							<String ID="string_77" HPOS="1298" VPOS="583" WIDTH="58" HEIGHT="36" WC="0.96" CONTENT="för"/><SP WIDTH="29" VPOS="583" HPOS="1356"/>
							<String ID="string_78" HPOS="1385" VPOS="583" WIDTH="116" HEIGHT="37" WC="0.93" CONTENT="orden"/><SP WIDTH="28" VPOS="583" HPOS="1501"/>
							<String ID="string_79" HPOS="1529" VPOS="583" WIDTH="91" HEIGHT="36" WC="0.92" CONTENT="»och"/><SP WIDTH="28" VPOS="583" HPOS="1620"/>
							<String ID="string_80" HPOS="1648" VPOS="586" WIDTH="48" HEIGHT="46" WC="0.96" CONTENT="på"/><SP WIDTH="28" VPOS="586" HPOS="1696"/>
							<String ID="string_81" HPOS="1724" VPOS="583" WIDTH="101" HEIGHT="36" WC="0.96" CONTENT="vilka"/><SP WIDTH="29" VPOS="583" HPOS="1825"/>
							<String ID="string_82" HPOS="1854" VPOS="583" WIDTH="138" HEIGHT="36" WC="0.96" CONTENT="villkor"/>
						</TextLine>
						<TextLine ID="line_9" HPOS="384" VPOS="635" WIDTH="1607" HEIGHT="50">
							<String ID="string_83" HPOS="384" VPOS="636" WIDTH="178" HEIGHT="58" WC="0.96" CONTENT="gällande"/><SP WIDTH="27" VPOS="636" HPOS="562"/>
							<String ID="string_84" HPOS="589" VPOS="636" WIDTH="284" HEIGHT="37" WC="0.96" CONTENT="bestämmelser"/><SP WIDTH="29" VPOS="636" HPOS="873"/>
							<String ID="string_85" HPOS="902" VPOS="649" WIDTH="60" HEIGHT="23" WC="0.96" CONTENT="om"/><SP WIDTH="30" VPOS="649" HPOS="962"/>
							<String ID="string_86" HPOS="992" VPOS="636" WIDTH="129" HEIGHT="49" WC="0.96" CONTENT="dylika"/><SP WIDTH="29" VPOS="636" HPOS="1121"/>
							<String ID="string_87" HPOS="1150" VPOS="636" WIDTH="204" HEIGHT="36" WC="0.86" CONTENT="stiftelser»"/><SP WIDTH="32" VPOS="636" HPOS="1354"/>
							<String ID="string_88" HPOS="1386" VPOS="636" WIDTH="159" HEIGHT="36" WC="0.92" CONTENT="insattes"/><SP WIDTH="32" VPOS="636" HPOS="1545"/>
							<String ID="string_89" HPOS="1577" VPOS="635" WIDTH="143" HEIGHT="36" WC="0.89" CONTENT="»under"/><SP WIDTH="27" VPOS="635" HPOS="1720"/>
							<String ID="string_90" HPOS="1747" VPOS="635" WIDTH="104" HEIGHT="37" WC="0.91" CONTENT="vilka"/><SP WIDTH="19" VPOS="635" HPOS="1851"/>
							<String ID="string_91" HPOS="1870" VPOS="635" WIDTH="121" HEIGHT="36" WC="0.91" CONTENT="förut-"/>
						</TextLine>
						<TextLine ID="line_10" HPOS="384" VPOS="687" WIDTH="1607" HEIGHT="49">
							<String ID="string_92" HPOS="384" VPOS="689" WIDTH="216" HEIGHT="47" WC="0.95" CONTENT="sättningar"/><SP WIDTH="29" VPOS="689" HPOS="600"/>
							<String ID="string_93" HPOS="629" VPOS="688" WIDTH="67" HEIGHT="36" WC="0.96" CONTENT="och"/><SP WIDTH="31" VPOS="688" HPOS="696"/>
							<String ID="string_94" HPOS="727" VPOS="690" WIDTH="47" HEIGHT="46" WC="0.96" CONTENT="på"/><SP WIDTH="25" VPOS="690" HPOS="774"/>
							<String ID="string_95" HPOS="799" VPOS="688" WIDTH="73" HEIGHT="36" WC="0.96" CONTENT="vad"/><SP WIDTH="20" VPOS="688" HPOS="872"/>
							<String ID="string_96" HPOS="892" VPOS="692" WIDTH="75" HEIGHT="32" WC="0.96" CONTENT="sätt"/><SP WIDTH="20" VPOS="692" HPOS="967"/>
							<String ID="string_97" HPOS="987" VPOS="701" WIDTH="48" HEIGHT="23" WC="0.96" CONTENT="en"/><SP WIDTH="20" VPOS="701" HPOS="1035"/>
							<String ID="string_98" HPOS="1055" VPOS="687" WIDTH="105" HEIGHT="49" WC="0.96" CONTENT="dylik"/><SP WIDTH="20" VPOS="687" HPOS="1160"/>
							<String ID="string_99" HPOS="1180" VPOS="688" WIDTH="195" HEIGHT="35" WC="0.93" CONTENT="stiftelse»."/><SP WIDTH="45" VPOS="688" HPOS="1375"/>
							<String ID="string_100" HPOS="1420" VPOS="687" WIDTH="231" HEIGHT="35" WC="0.64" CONTENT="Kammaren"/><SP WIDTH="21" VPOS="687" HPOS="1651"/>
							<String ID="string_101" HPOS="1672" VPOS="687" WIDTH="133" HEIGHT="48" WC="0.91" CONTENT="avslog"/><SP WIDTH="18" VPOS="687" HPOS="1805"/>
							<String ID="string_102" HPOS="1823" VPOS="687" WIDTH="168" HEIGHT="36" WC="0.91" CONTENT="emeller-"/>
						</TextLine>
						<TextLine ID="line_11" HPOS="385" VPOS="738" WIDTH="1607" HEIGHT="49">
							<String ID="string_103" HPOS="385" VPOS="740" WIDTH="56" HEIGHT="35" WC="0.95" CONTENT="tid"/><SP WIDTH="29" VPOS="740" HPOS="441"/>
							<String ID="string_104" HPOS="470" VPOS="745" WIDTH="96" HEIGHT="30" WC="0.96" CONTENT="även"/><SP WIDTH="29" VPOS="745" HPOS="566"/>
							<String ID="string_105" HPOS="595" VPOS="739" WIDTH="125" HEIGHT="36" WC="0.96" CONTENT="denna"/><SP WIDTH="29" VPOS="739" HPOS="720"/>
							<String ID="string_106" HPOS="749" VPOS="742" WIDTH="106" HEIGHT="45" WC="0.96" CONTENT="gång"/><SP WIDTH="28" VPOS="742" HPOS="855"/>
							<String ID="string_107" HPOS="883" VPOS="740" WIDTH="177" HEIGHT="47" WC="0.95" CONTENT="samtliga"/><SP WIDTH="31" VPOS="740" HPOS="1060"/>
							<String ID="string_108" HPOS="1091" VPOS="739" WIDTH="265" HEIGHT="47" WC="0.95" CONTENT="föreliggande"/><SP WIDTH="28" VPOS="739" HPOS="1356"/>
							<String ID="string_109" HPOS="1384" VPOS="739" WIDTH="158" HEIGHT="47" WC="0.95" CONTENT="förslag."/><SP WIDTH="43" VPOS="739" HPOS="1542"/>
							<String ID="string_110" HPOS="1585" VPOS="738" WIDTH="73" HEIGHT="36" WC="0.96" CONTENT="Vid"/><SP WIDTH="33" VPOS="738" HPOS="1658"/>
							<String ID="string_111" HPOS="1691" VPOS="716" WIDTH="111" HEIGHT="57" WC="0.85" CONTENT="1907"/><SP WIDTH="16" VPOS="716" HPOS="1802"/>
							<String ID="string_112" HPOS="1818" VPOS="741" WIDTH="59" HEIGHT="33" WC="0.90" CONTENT="års"/><SP WIDTH="20" VPOS="741" HPOS="1877"/>
							<String ID="string_113" HPOS="1897" VPOS="738" WIDTH="95" HEIGHT="35" WC="0.90" CONTENT="riks-"/>
						</TextLine>
						<TextLine ID="line_12" HPOS="385" VPOS="764" WIDTH="1607" HEIGHT="76">
							<String ID="string_114" HPOS="385" VPOS="791" WIDTH="78" HEIGHT="47" WC="0.96" CONTENT="dag"/><SP WIDTH="36" VPOS="791" HPOS="463"/>
							<String ID="string_115" HPOS="499" VPOS="791" WIDTH="187" HEIGHT="47" WC="0.96" CONTENT="föreslogs"/><SP WIDTH="29" VPOS="791" HPOS="686"/>
							<String ID="string_116" HPOS="715" VPOS="790" WIDTH="11" HEIGHT="35" WC="0.96" CONTENT="i"/><SP WIDTH="29" VPOS="790" HPOS="726"/>
							<String ID="string_117" HPOS="755" VPOS="803" WIDTH="47" HEIGHT="23" WC="0.95" CONTENT="en"/><SP WIDTH="37" VPOS="803" HPOS="802"/>
							<String ID="string_118" HPOS="839" VPOS="791" WIDTH="102" HEIGHT="34" WC="0.93" CONTENT="inom"/><SP WIDTH="40" VPOS="791" HPOS="941"/>
							<String ID="string_119" HPOS="981" VPOS="768" WIDTH="117" HEIGHT="58" WC="0.96" CONTENT="andra"/><SP WIDTH="28" VPOS="768" HPOS="1098"/>
							<String ID="string_120" HPOS="1126" VPOS="790" WIDTH="222" HEIGHT="35" WC="0.95" CONTENT="kammaren"/><SP WIDTH="28" VPOS="790" HPOS="1348"/>
							<String ID="string_121" HPOS="1376" VPOS="790" WIDTH="113" HEIGHT="35" WC="0.96" CONTENT="väckt"/><SP WIDTH="16" VPOS="790" HPOS="1489"/>
							<String ID="string_122" HPOS="1505" VPOS="764" WIDTH="169" HEIGHT="76" WC="0.61" CONTENT="&quot;motion,"/><SP WIDTH="30" VPOS="764" HPOS="1674"/>
							<String ID="string_123" HPOS="1704" VPOS="794" WIDTH="55" HEIGHT="30" WC="0.96" CONTENT="att"/><SP WIDTH="26" VPOS="794" HPOS="1759"/>
							<String ID="string_124" HPOS="1785" VPOS="789" WIDTH="207" HEIGHT="48" WC="0.95" CONTENT="riksdagen"/>
						</TextLine>
						<TextLine ID="line_13" HPOS="384" VPOS="840" WIDTH="1609" HEIGHT="49">
							<String ID="string_125" HPOS="384" VPOS="819" WIDTH="239" HEIGHT="59" WC="0.93" CONTENT="beträffande"/><SP WIDTH="17" VPOS="819" HPOS="623"/>
							<String ID="string_126" HPOS="640" VPOS="819" WIDTH="448" HEIGHT="58" WC="0.87" CONTENT="fideikommisstiftelser"/><SP WIDTH="27" VPOS="819" HPOS="1088"/>
							<String ID="string_127" HPOS="1115" VPOS="841" WIDTH="12" HEIGHT="36" WC="0.96" CONTENT="i"/><SP WIDTH="28" VPOS="841" HPOS="1127"/>
							<String ID="string_128" HPOS="1155" VPOS="842" WIDTH="76" HEIGHT="35" WC="0.96" CONTENT="fast"/><SP WIDTH="28" VPOS="842" HPOS="1231"/>
							<String ID="string_129" HPOS="1259" VPOS="841" WIDTH="187" HEIGHT="48" WC="0.95" CONTENT="egendom"/><SP WIDTH="29" VPOS="841" HPOS="1446"/>
							<String ID="string_130" HPOS="1475" VPOS="843" WIDTH="116" HEIGHT="34" WC="0.96" CONTENT="måtte"/><SP WIDTH="29" VPOS="843" HPOS="1591"/>
							<String ID="string_131" HPOS="1620" VPOS="840" WIDTH="69" HEIGHT="36" WC="0.96" CONTENT="hos"/><SP WIDTH="29" VPOS="840" HPOS="1689"/>
							<String ID="string_132" HPOS="1718" VPOS="840" WIDTH="142" HEIGHT="49" WC="0.94" CONTENT="Kungl."/><SP WIDTH="26" VPOS="840" HPOS="1860"/>
							<String ID="string_133" HPOS="1886" VPOS="840" WIDTH="107" HEIGHT="49" WC="0.96" CONTENT="Maj:t"/>
						</TextLine>
						<TextLine ID="line_14" HPOS="386" VPOS="892" WIDTH="1606" HEIGHT="51">
							<String ID="string_134" HPOS="386" VPOS="894" WIDTH="139" HEIGHT="49" WC="0.96" CONTENT="begära"/><SP WIDTH="28" VPOS="894" HPOS="525"/>
							<String ID="string_135" HPOS="553" VPOS="893" WIDTH="206" HEIGHT="49" WC="0.96" CONTENT="utredning"/><SP WIDTH="28" VPOS="893" HPOS="759"/>
							<String ID="string_136" HPOS="787" VPOS="893" WIDTH="70" HEIGHT="37" WC="0.96" CONTENT="och"/><SP WIDTH="29" VPOS="893" HPOS="857"/>
							<String ID="string_137" HPOS="886" VPOS="894" WIDTH="144" HEIGHT="48" WC="0.96" CONTENT="förslag"/><SP WIDTH="29" VPOS="894" HPOS="1030"/>
							<String ID="string_138" HPOS="1059" VPOS="895" WIDTH="74" HEIGHT="35" WC="0.93" CONTENT="dels"/><SP WIDTH="28" VPOS="895" HPOS="1133"/>
							<String ID="string_139" HPOS="1161" VPOS="899" WIDTH="76" HEIGHT="31" WC="0.92" CONTENT="»att"/><SP WIDTH="25" VPOS="899" HPOS="1237"/>
							<String ID="string_140" HPOS="1262" VPOS="893" WIDTH="130" HEIGHT="49" WC="0.96" CONTENT="dylika"/><SP WIDTH="19" VPOS="893" HPOS="1392"/>
							<String ID="string_141" HPOS="1411" VPOS="892" WIDTH="227" HEIGHT="49" WC="0.96" CONTENT="fastigheter"/><SP WIDTH="19" VPOS="892" HPOS="1638"/>
							<String ID="string_142" HPOS="1657" VPOS="892" WIDTH="121" HEIGHT="36" WC="0.96" CONTENT="skulle"/><SP WIDTH="19" VPOS="892" HPOS="1778"/>
							<String ID="string_143" HPOS="1797" VPOS="893" WIDTH="129" HEIGHT="35" WC="0.96" CONTENT="kunna"/><SP WIDTH="19" VPOS="893" HPOS="1926"/>
							<String ID="string_144" HPOS="1945" VPOS="905" WIDTH="47" HEIGHT="23" WC="0.96" CONTENT="av"/>
						</TextLine>
						<TextLine ID="line_15" HPOS="385" VPOS="944" WIDTH="1607" HEIGHT="50">
							<String ID="string_145" HPOS="385" VPOS="946" WIDTH="257" HEIGHT="36" WC="0.96" CONTENT="innehavaren"/><SP WIDTH="43" VPOS="946" HPOS="642"/>
							<String ID="string_146" HPOS="685" VPOS="946" WIDTH="78" HEIGHT="35" WC="0.92" CONTENT="helt"/><SP WIDTH="37" VPOS="946" HPOS="763"/>
							<String ID="string_147" HPOS="800" VPOS="945" WIDTH="91" HEIGHT="36" WC="0.95" CONTENT="eller"/><SP WIDTH="35" VPOS="945" HPOS="891"/>
							<String ID="string_148" HPOS="926" VPOS="945" WIDTH="121" HEIGHT="36" WC="0.96" CONTENT="delvis"/><SP WIDTH="29" VPOS="945" HPOS="1047"/>
							<String ID="string_149" HPOS="1076" VPOS="946" WIDTH="112" HEIGHT="48" WC="0.96" CONTENT="säljas"/><SP WIDTH="29" VPOS="946" HPOS="1188"/>
							<String ID="string_150" HPOS="1217" VPOS="952" WIDTH="78" HEIGHT="29" WC="0.96" CONTENT="mot"/><SP WIDTH="28" VPOS="952" HPOS="1295"/>
							<String ID="string_151" HPOS="1323" VPOS="945" WIDTH="62" HEIGHT="36" WC="0.96" CONTENT="det"/><SP WIDTH="30" VPOS="945" HPOS="1385"/>
							<String ID="string_152" HPOS="1415" VPOS="950" WIDTH="53" HEIGHT="30" WC="0.97" CONTENT="att"/><SP WIDTH="27" VPOS="950" HPOS="1468"/>
							<String ID="string_153" HPOS="1495" VPOS="944" WIDTH="305" HEIGHT="48" WC="0.96" CONTENT="köpeskillingen"/><SP WIDTH="28" VPOS="944" HPOS="1800"/>
							<String ID="string_154" HPOS="1828" VPOS="945" WIDTH="12" HEIGHT="35" WC="0.96" CONTENT="i"/><SP WIDTH="28" VPOS="945" HPOS="1840"/>
							<String ID="string_155" HPOS="1868" VPOS="944" WIDTH="124" HEIGHT="36" WC="0.96" CONTENT="stället"/>
						</TextLine>
						<TextLine ID="line_16" HPOS="385" VPOS="995" WIDTH="1607" HEIGHT="48">
							<String ID="string_156" HPOS="385" VPOS="1002" WIDTH="117" HEIGHT="31" WC="0.95" CONTENT="sattes"/><SP WIDTH="43" VPOS="1002" HPOS="502"/>
							<String ID="string_157" HPOS="545" VPOS="1000" WIDTH="123" HEIGHT="33" WC="0.96" CONTENT="såsom"/><SP WIDTH="42" VPOS="1000" HPOS="668"/>
							<String ID="string_158" HPOS="710" VPOS="996" WIDTH="286" HEIGHT="47" WC="0.86" CONTENT="fideikommiss,"/><SP WIDTH="44" VPOS="996" HPOS="996"/>
							<String ID="string_159" HPOS="1040" VPOS="997" WIDTH="131" HEIGHT="35" WC="0.96" CONTENT="därvid"/><SP WIDTH="39" VPOS="997" HPOS="1171"/>
							<String ID="string_160" HPOS="1210" VPOS="996" WIDTH="98" HEIGHT="36" WC="0.96" CONTENT="dock"/><SP WIDTH="28" VPOS="996" HPOS="1308"/>
							<String ID="string_161" HPOS="1336" VPOS="996" WIDTH="116" HEIGHT="37" WC="0.93" CONTENT="borde"/><SP WIDTH="29" VPOS="996" HPOS="1452"/>
							<String ID="string_162" HPOS="1481" VPOS="997" WIDTH="122" HEIGHT="46" WC="0.91" CONTENT="sörjas"/><SP WIDTH="29" VPOS="997" HPOS="1603"/>
							<String ID="string_163" HPOS="1632" VPOS="996" WIDTH="59" HEIGHT="35" WC="0.96" CONTENT="för"/><SP WIDTH="29" VPOS="996" HPOS="1691"/>
							<String ID="string_164" HPOS="1720" VPOS="1001" WIDTH="53" HEIGHT="30" WC="0.96" CONTENT="att"/><SP WIDTH="28" VPOS="1001" HPOS="1773"/>
							<String ID="string_165" HPOS="1801" VPOS="995" WIDTH="191" HEIGHT="48" WC="0.95" CONTENT="skogarna"/>
						</TextLine>
						<TextLine ID="line_17" HPOS="387" VPOS="1046" WIDTH="1604" HEIGHT="50">
							<String ID="string_166" HPOS="387" VPOS="1049" WIDTH="57" HEIGHT="35" WC="0.96" CONTENT="för"/><SP WIDTH="41" VPOS="1049" HPOS="444"/>
							<String ID="string_167" HPOS="485" VPOS="1048" WIDTH="204" HEIGHT="36" WC="0.96" CONTENT="framtiden"/><SP WIDTH="43" VPOS="1048" HPOS="689"/>
							<String ID="string_168" HPOS="732" VPOS="1047" WIDTH="152" HEIGHT="37" WC="0.96" CONTENT="ställdes"/><SP WIDTH="42" VPOS="1047" HPOS="884"/>
							<String ID="string_169" HPOS="926" VPOS="1048" WIDTH="120" HEIGHT="36" WC="0.95" CONTENT="under"/><SP WIDTH="42" VPOS="1048" HPOS="1046"/>
							<String ID="string_170" HPOS="1088" VPOS="1048" WIDTH="190" HEIGHT="48" WC="0.95" CONTENT="ordentlig"/><SP WIDTH="38" VPOS="1048" HPOS="1278"/>
							<String ID="string_171" HPOS="1316" VPOS="1047" WIDTH="259" HEIGHT="48" WC="0.95" CONTENT="hushållning,"/><SP WIDTH="39" VPOS="1047" HPOS="1575"/>
							<String ID="string_172" HPOS="1614" VPOS="1048" WIDTH="75" HEIGHT="34" WC="0.96" CONTENT="dels"/><SP WIDTH="28" VPOS="1048" HPOS="1689"/>
							<String ID="string_173" HPOS="1717" VPOS="1049" WIDTH="63" HEIGHT="34" WC="0.96" CONTENT="ock"/><SP WIDTH="29" VPOS="1049" HPOS="1780"/>
							<String ID="string_174" HPOS="1809" VPOS="1060" WIDTH="61" HEIGHT="22" WC="0.90" CONTENT="om"/><SP WIDTH="30" VPOS="1060" HPOS="1870"/>
							<String ID="string_175" HPOS="1900" VPOS="1046" WIDTH="91" HEIGHT="36" WC="0.92" CONTENT="fast-"/>
						</TextLine>
						<TextLine ID="line_18" HPOS="385" VPOS="1098" WIDTH="1607" HEIGHT="50">
							<String ID="string_176" HPOS="385" VPOS="1100" WIDTH="184" HEIGHT="36" WC="0.96" CONTENT="ställande"/><SP WIDTH="35" VPOS="1100" HPOS="569"/>
							<String ID="string_177" HPOS="604" VPOS="1113" WIDTH="47" HEIGHT="22" WC="0.96" CONTENT="av"/><SP WIDTH="28" VPOS="1113" HPOS="651"/>
							<String ID="string_178" HPOS="679" VPOS="1100" WIDTH="104" HEIGHT="35" WC="0.96" CONTENT="vissa"/><SP WIDTH="28" VPOS="1100" HPOS="783"/>
							<String ID="string_179" HPOS="811" VPOS="1099" WIDTH="233" HEIGHT="49" WC="0.96" CONTENT="tidpunkter,"/><SP WIDTH="31" VPOS="1099" HPOS="1044"/>
							<String ID="string_180" HPOS="1075" VPOS="1099" WIDTH="82" HEIGHT="36" WC="0.96" CONTENT="från"/><SP WIDTH="28" VPOS="1099" HPOS="1157"/>
							<String ID="string_181" HPOS="1185" VPOS="1100" WIDTH="102" HEIGHT="35" WC="0.96" CONTENT="vilka"/><SP WIDTH="29" VPOS="1100" HPOS="1287"/>
							<String ID="string_182" HPOS="1316" VPOS="1099" WIDTH="129" HEIGHT="49" WC="0.96" CONTENT="dylika"/><SP WIDTH="28" VPOS="1099" HPOS="1445"/>
							<String ID="string_183" HPOS="1473" VPOS="1098" WIDTH="240" HEIGHT="48" WC="0.96" CONTENT="fastigheter,"/><SP WIDTH="30" VPOS="1098" HPOS="1713"/>
							<String ID="string_184" HPOS="1743" VPOS="1111" WIDTH="80" HEIGHT="23" WC="0.96" CONTENT="som"/><SP WIDTH="30" VPOS="1111" HPOS="1823"/>
							<String ID="string_185" HPOS="1853" VPOS="1098" WIDTH="32" HEIGHT="48" WC="0.93" CONTENT="ej"/><SP WIDTH="33" VPOS="1098" HPOS="1885"/>
							<String ID="string_186" HPOS="1918" VPOS="1098" WIDTH="74" HEIGHT="36" WC="0.92" CONTENT="för-"/>
						</TextLine>
						<TextLine ID="line_19" HPOS="384" VPOS="1149" WIDTH="1608" HEIGHT="50">
							<String ID="string_187" HPOS="384" VPOS="1151" WIDTH="105" HEIGHT="46" WC="0.95" CONTENT="sålts,"/><SP WIDTH="43" VPOS="1151" HPOS="489"/>
							<String ID="string_188" HPOS="532" VPOS="1151" WIDTH="121" HEIGHT="36" WC="0.95" CONTENT="skulle"/><SP WIDTH="36" VPOS="1151" HPOS="653"/>
							<String ID="string_189" HPOS="689" VPOS="1151" WIDTH="173" HEIGHT="48" WC="0.96" CONTENT="upphöra"/><SP WIDTH="29" VPOS="1151" HPOS="862"/>
							<String ID="string_190" HPOS="891" VPOS="1157" WIDTH="56" HEIGHT="30" WC="0.96" CONTENT="att"/><SP WIDTH="28" VPOS="1157" HPOS="947"/>
							<String ID="string_191" HPOS="975" VPOS="1164" WIDTH="91" HEIGHT="23" WC="0.96" CONTENT="vara"/><SP WIDTH="29" VPOS="1164" HPOS="1066"/>
							<String ID="string_192" HPOS="1095" VPOS="1150" WIDTH="270" HEIGHT="36" WC="0.95" CONTENT="fideikommiss"/><SP WIDTH="29" VPOS="1150" HPOS="1365"/>
							<String ID="string_193" HPOS="1394" VPOS="1150" WIDTH="70" HEIGHT="36" WC="0.96" CONTENT="och"/><SP WIDTH="27" VPOS="1150" HPOS="1464"/>
							<String ID="string_194" HPOS="1491" VPOS="1150" WIDTH="13" HEIGHT="35" WC="0.83" CONTENT="i"/><SP WIDTH="27" VPOS="1150" HPOS="1504"/>
							<String ID="string_195" HPOS="1531" VPOS="1149" WIDTH="125" HEIGHT="36" WC="0.96" CONTENT="stället"/><SP WIDTH="27" VPOS="1149" HPOS="1656"/>
							<String ID="string_196" HPOS="1683" VPOS="1149" WIDTH="88" HEIGHT="48" WC="0.96" CONTENT="lyda"/><SP WIDTH="27" VPOS="1149" HPOS="1771"/>
							<String ID="string_197" HPOS="1798" VPOS="1149" WIDTH="120" HEIGHT="36" WC="0.96" CONTENT="under"/><SP WIDTH="28" VPOS="1149" HPOS="1918"/>
							<String ID="string_198" HPOS="1946" VPOS="1149" WIDTH="46" HEIGHT="36" WC="0.96" CONTENT="de"/>
						</TextLine>
						<TextLine ID="line_20" HPOS="387" VPOS="1200" WIDTH="1605" HEIGHT="50">
							<String ID="string_199" HPOS="387" VPOS="1203" WIDTH="190" HEIGHT="35" WC="0.93" CONTENT="allmänna"/><SP WIDTH="28" VPOS="1203" HPOS="577"/>
							<String ID="string_200" HPOS="605" VPOS="1202" WIDTH="258" HEIGHT="48" WC="0.91" CONTENT="civillagarna,"/><SP WIDTH="29" VPOS="1202" HPOS="863"/>
							<String ID="string_201" HPOS="892" VPOS="1202" WIDTH="97" HEIGHT="36" WC="0.96" CONTENT="dock"/><SP WIDTH="28" VPOS="1202" HPOS="989"/>
							<String ID="string_202" HPOS="1017" VPOS="1202" WIDTH="85" HEIGHT="36" WC="0.96" CONTENT="med"/><SP WIDTH="28" VPOS="1202" HPOS="1102"/>
							<String ID="string_203" HPOS="1130" VPOS="1202" WIDTH="259" HEIGHT="48" WC="0.96" CONTENT="nyssnämnda"/><SP WIDTH="29" VPOS="1202" HPOS="1389"/>
							<String ID="string_204" HPOS="1418" VPOS="1201" WIDTH="137" HEIGHT="36" WC="0.96" CONTENT="villkor"/><SP WIDTH="27" VPOS="1201" HPOS="1555"/>
							<String ID="string_205" HPOS="1582" VPOS="1201" WIDTH="13" HEIGHT="34" WC="0.96" CONTENT="i"/><SP WIDTH="20" VPOS="1201" HPOS="1595"/>
							<String ID="string_206" HPOS="1615" VPOS="1200" WIDTH="185" HEIGHT="36" WC="0.96" CONTENT="avseende"/><SP WIDTH="29" VPOS="1200" HPOS="1800"/>
							<String ID="string_207" HPOS="1829" VPOS="1203" WIDTH="47" HEIGHT="45" WC="0.93" CONTENT="på"/><SP WIDTH="30" VPOS="1203" HPOS="1876"/>
							<String ID="string_208" HPOS="1906" VPOS="1200" WIDTH="86" HEIGHT="36" WC="0.92" CONTENT="sko-"/>
						</TextLine>
						<TextLine ID="line_21" HPOS="387" VPOS="1251" WIDTH="1604" HEIGHT="51">
							<String ID="string_209" HPOS="387" VPOS="1266" WIDTH="149" HEIGHT="36" WC="0.87" CONTENT="garna»."/><SP WIDTH="57" VPOS="1266" HPOS="536"/>
							<String ID="string_210" HPOS="593" VPOS="1254" WIDTH="17" HEIGHT="35" WC="0.96" CONTENT="I"/><SP WIDTH="41" VPOS="1254" HPOS="610"/>
							<String ID="string_211" HPOS="651" VPOS="1254" WIDTH="66" HEIGHT="35" WC="0.94" CONTENT="sitt"/><SP WIDTH="41" VPOS="1254" HPOS="717"/>
							<String ID="string_212" HPOS="758" VPOS="1253" WIDTH="193" HEIGHT="37" WC="0.96" CONTENT="utlåtande"/><SP WIDTH="28" VPOS="1253" HPOS="951"/>
							<String ID="string_213" HPOS="979" VPOS="1254" WIDTH="11" HEIGHT="35" WC="0.96" CONTENT="i"/><SP WIDTH="30" VPOS="1254" HPOS="990"/>
							<String ID="string_214" HPOS="1020" VPOS="1253" WIDTH="206" HEIGHT="48" WC="0.96" CONTENT="anledning"/><SP WIDTH="29" VPOS="1253" HPOS="1226"/>
							<String ID="string_215" HPOS="1255" VPOS="1266" WIDTH="47" HEIGHT="22" WC="0.96" CONTENT="av"/><SP WIDTH="29" VPOS="1266" HPOS="1302"/>
							<String ID="string_216" HPOS="1331" VPOS="1253" WIDTH="126" HEIGHT="36" WC="0.96" CONTENT="denna"/><SP WIDTH="28" VPOS="1253" HPOS="1457"/>
							<String ID="string_217" HPOS="1485" VPOS="1252" WIDTH="144" HEIGHT="36" WC="0.92" CONTENT="motion"/><SP WIDTH="29" VPOS="1252" HPOS="1629"/>
							<String ID="string_218" HPOS="1658" VPOS="1251" WIDTH="224" HEIGHT="37" WC="0.91" CONTENT="hemställde"/><SP WIDTH="28" VPOS="1251" HPOS="1882"/>
							<String ID="string_219" HPOS="1910" VPOS="1252" WIDTH="81" HEIGHT="47" WC="0.91" CONTENT="lag-"/>
						</TextLine>
						<TextLine ID="line_22" HPOS="385" VPOS="1303" WIDTH="1607" HEIGHT="51">
							<String ID="string_220" HPOS="385" VPOS="1305" WIDTH="195" HEIGHT="46" WC="0.96" CONTENT="utskottet,"/><SP WIDTH="43" VPOS="1305" HPOS="580"/>
							<String ID="string_221" HPOS="623" VPOS="1310" WIDTH="55" HEIGHT="31" WC="0.96" CONTENT="att"/><SP WIDTH="42" VPOS="1310" HPOS="678"/>
							<String ID="string_222" HPOS="720" VPOS="1304" WIDTH="206" HEIGHT="50" WC="0.92" CONTENT="riksdagen"/><SP WIDTH="41" VPOS="1304" HPOS="926"/>
							<String ID="string_223" HPOS="967" VPOS="1307" WIDTH="118" HEIGHT="34" WC="0.95" CONTENT="måtte"/><SP WIDTH="42" VPOS="1307" HPOS="1085"/>
							<String ID="string_224" HPOS="1127" VPOS="1305" WIDTH="12" HEIGHT="35" WC="0.96" CONTENT="i"/><SP WIDTH="42" VPOS="1305" HPOS="1139"/>
							<String ID="string_225" HPOS="1181" VPOS="1304" WIDTH="205" HEIGHT="48" WC="0.95" CONTENT="anledning"/><SP WIDTH="41" VPOS="1304" HPOS="1386"/>
							<String ID="string_226" HPOS="1427" VPOS="1318" WIDTH="48" HEIGHT="22" WC="0.96" CONTENT="av"/><SP WIDTH="41" VPOS="1318" HPOS="1475"/>
							<String ID="string_227" HPOS="1516" VPOS="1304" WIDTH="62" HEIGHT="35" WC="0.96" CONTENT="det"/><SP WIDTH="37" VPOS="1304" HPOS="1578"/>
							<String ID="string_228" HPOS="1615" VPOS="1303" WIDTH="11" HEIGHT="36" WC="0.96" CONTENT="i"/><SP WIDTH="37" VPOS="1303" HPOS="1626"/>
							<String ID="string_229" HPOS="1663" VPOS="1303" WIDTH="193" HEIGHT="37" WC="0.96" CONTENT="motionen"/><SP WIDTH="40" VPOS="1303" HPOS="1856"/>
							<String ID="string_230" HPOS="1896" VPOS="1303" WIDTH="96" HEIGHT="37" WC="0.96" CONTENT="först"/>
						</TextLine>
						<TextLine ID="line_23" HPOS="386" VPOS="1355" WIDTH="1603" HEIGHT="50">
							<String ID="string_231" HPOS="386" VPOS="1357" WIDTH="235" HEIGHT="36" WC="0.96" CONTENT="framställda"/><SP WIDTH="41" VPOS="1357" HPOS="621"/>
							<String ID="string_232" HPOS="662" VPOS="1357" WIDTH="187" HEIGHT="48" WC="0.96" CONTENT="yrkandet"/><SP WIDTH="28" VPOS="1357" HPOS="849"/>
							<String ID="string_233" HPOS="877" VPOS="1357" WIDTH="12" HEIGHT="36" WC="0.96" CONTENT="i"/><SP WIDTH="29" VPOS="1357" HPOS="889"/>
							<String ID="string_234" HPOS="918" VPOS="1357" WIDTH="182" HEIGHT="36" WC="0.96" CONTENT="skrivelse"/><SP WIDTH="41" VPOS="1357" HPOS="1100"/>
							<String ID="string_235" HPOS="1141" VPOS="1357" WIDTH="58" HEIGHT="35" WC="0.95" CONTENT="till"/><SP WIDTH="41" VPOS="1357" HPOS="1199"/>
							<String ID="string_236" HPOS="1240" VPOS="1357" WIDTH="143" HEIGHT="47" WC="0.95" CONTENT="Kungl."/><SP WIDTH="44" VPOS="1357" HPOS="1383"/>
							<String ID="string_237" HPOS="1427" VPOS="1356" WIDTH="108" HEIGHT="46" WC="0.96" CONTENT="Maj:t"/><SP WIDTH="28" VPOS="1356" HPOS="1535"/>
							<String ID="string_238" HPOS="1563" VPOS="1355" WIDTH="160" HEIGHT="45" WC="0.95" CONTENT="anhålla,"/><SP WIDTH="41" VPOS="1355" HPOS="1723"/>
							<String ID="string_239" HPOS="1764" VPOS="1359" WIDTH="55" HEIGHT="32" WC="0.95" CONTENT="att"/><SP WIDTH="28" VPOS="1359" HPOS="1819"/>
							<String ID="string_240" HPOS="1847" VPOS="1355" WIDTH="142" HEIGHT="48" WC="0.93" CONTENT="Kungl."/>
						</TextLine>
						<TextLine ID="line_24" HPOS="386" VPOS="1407" WIDTH="1605" HEIGHT="50">
							<String ID="string_241" HPOS="386" VPOS="1408" WIDTH="109" HEIGHT="48" WC="0.94" CONTENT="Maj:t"/><SP WIDTH="41" VPOS="1408" HPOS="495"/>
							<String ID="string_242" HPOS="536" VPOS="1409" WIDTH="88" HEIGHT="36" WC="0.93" CONTENT="ville"/><SP WIDTH="36" VPOS="1409" HPOS="624"/>
							<String ID="string_243" HPOS="660" VPOS="1409" WIDTH="116" HEIGHT="36" WC="0.92" CONTENT="»efter"/><SP WIDTH="28" VPOS="1409" HPOS="776"/>
							<String ID="string_244" HPOS="804" VPOS="1408" WIDTH="230" HEIGHT="49" WC="0.96" CONTENT="föregående"/><SP WIDTH="28" VPOS="1408" HPOS="1034"/>
							<String ID="string_245" HPOS="1062" VPOS="1409" WIDTH="207" HEIGHT="48" WC="0.96" CONTENT="utredning"/><SP WIDTH="27" VPOS="1409" HPOS="1269"/>
							<String ID="string_246" HPOS="1296" VPOS="1409" WIDTH="77" HEIGHT="35" WC="0.96" CONTENT="låta"/><SP WIDTH="27" VPOS="1409" HPOS="1373"/>
							<String ID="string_247" HPOS="1400" VPOS="1408" WIDTH="172" HEIGHT="36" WC="0.96" CONTENT="utarbeta"/><SP WIDTH="28" VPOS="1408" HPOS="1572"/>
							<String ID="string_248" HPOS="1600" VPOS="1407" WIDTH="71" HEIGHT="36" WC="0.96" CONTENT="och"/><SP WIDTH="29" VPOS="1407" HPOS="1671"/>
							<String ID="string_249" HPOS="1700" VPOS="1407" WIDTH="57" HEIGHT="36" WC="0.96" CONTENT="för"/><SP WIDTH="28" VPOS="1407" HPOS="1757"/>
							<String ID="string_250" HPOS="1785" VPOS="1407" WIDTH="206" HEIGHT="48" WC="0.96" CONTENT="riksdagen"/>
						</TextLine>
						<TextLine ID="line_25" HPOS="386" VPOS="1458" WIDTH="1606" HEIGHT="50">
							<String ID="string_251" HPOS="386" VPOS="1460" WIDTH="211" HEIGHT="48" WC="0.95" CONTENT="framlägga"/><SP WIDTH="20" VPOS="1460" HPOS="597"/>
							<String ID="string_252" HPOS="617" VPOS="1460" WIDTH="146" HEIGHT="48" WC="0.96" CONTENT="förslag"/><SP WIDTH="19" VPOS="1460" HPOS="763"/>
							<String ID="string_253" HPOS="782" VPOS="1460" WIDTH="56" HEIGHT="36" WC="0.92" CONTENT="till"/><SP WIDTH="19" VPOS="1460" HPOS="838"/>
							<String ID="string_254" HPOS="857" VPOS="1460" WIDTH="353" HEIGHT="48" WC="0.91" CONTENT="lagbestämmelser"/><SP WIDTH="18" VPOS="1460" HPOS="1210"/>
							<String ID="string_255" HPOS="1228" VPOS="1463" WIDTH="47" HEIGHT="44" WC="0.96" CONTENT="på"/><SP WIDTH="15" VPOS="1463" HPOS="1275"/>
							<String ID="string_256" HPOS="1290" VPOS="1460" WIDTH="103" HEIGHT="36" WC="0.96" CONTENT="vilka"/><SP WIDTH="14" VPOS="1460" HPOS="1393"/>
							<String ID="string_257" HPOS="1407" VPOS="1459" WIDTH="137" HEIGHT="36" WC="0.93" CONTENT="villkor"/><SP WIDTH="14" VPOS="1459" HPOS="1544"/>
							<String ID="string_258" HPOS="1558" VPOS="1458" WIDTH="434" HEIGHT="36" WC="0.44" CONTENT="fideikommisstiftelser"/>
						</TextLine>
						<TextLine ID="line_26" HPOS="384" VPOS="1510" WIDTH="1608" HEIGHT="49">
							<String ID="string_259" HPOS="384" VPOS="1511" WIDTH="12" HEIGHT="36" WC="0.96" CONTENT="i"/><SP WIDTH="29" VPOS="1511" HPOS="396"/>
							<String ID="string_260" HPOS="425" VPOS="1512" WIDTH="74" HEIGHT="35" WC="0.96" CONTENT="fast"/><SP WIDTH="28" VPOS="1512" HPOS="499"/>
							<String ID="string_261" HPOS="527" VPOS="1511" WIDTH="189" HEIGHT="48" WC="0.96" CONTENT="egendom"/><SP WIDTH="29" VPOS="1511" HPOS="716"/>
							<String ID="string_262" HPOS="745" VPOS="1511" WIDTH="122" HEIGHT="36" WC="0.96" CONTENT="skulle"/><SP WIDTH="28" VPOS="1511" HPOS="867"/>
							<String ID="string_263" HPOS="895" VPOS="1511" WIDTH="130" HEIGHT="36" WC="0.95" CONTENT="kunna"/><SP WIDTH="29" VPOS="1511" HPOS="1025"/>
							<String ID="string_264" HPOS="1054" VPOS="1524" WIDTH="45" HEIGHT="23" WC="0.96" CONTENT="av"/><SP WIDTH="28" VPOS="1524" HPOS="1099"/>
							<String ID="string_265" HPOS="1127" VPOS="1511" WIDTH="259" HEIGHT="36" WC="0.96" CONTENT="innehavaren"/><SP WIDTH="29" VPOS="1511" HPOS="1386"/>
							<String ID="string_266" HPOS="1415" VPOS="1511" WIDTH="79" HEIGHT="35" WC="0.96" CONTENT="helt"/><SP WIDTH="27" VPOS="1511" HPOS="1494"/>
							<String ID="string_267" HPOS="1521" VPOS="1511" WIDTH="89" HEIGHT="35" WC="0.96" CONTENT="eller"/><SP WIDTH="27" VPOS="1511" HPOS="1610"/>
							<String ID="string_268" HPOS="1637" VPOS="1510" WIDTH="119" HEIGHT="35" WC="0.96" CONTENT="delvis"/><SP WIDTH="20" VPOS="1510" HPOS="1756"/>
							<String ID="string_269" HPOS="1776" VPOS="1510" WIDTH="114" HEIGHT="48" WC="0.96" CONTENT="säljas"/><SP WIDTH="23" VPOS="1510" HPOS="1890"/>
							<String ID="string_270" HPOS="1913" VPOS="1515" WIDTH="79" HEIGHT="30" WC="0.96" CONTENT="mot"/>
						</TextLine>
						<TextLine ID="line_27" HPOS="385" VPOS="1562" WIDTH="1607" HEIGHT="50">
							<String ID="string_271" HPOS="385" VPOS="1563" WIDTH="63" HEIGHT="36" WC="0.96" CONTENT="det"/><SP WIDTH="29" VPOS="1563" HPOS="448"/>
							<String ID="string_272" HPOS="477" VPOS="1568" WIDTH="55" HEIGHT="31" WC="0.96" CONTENT="att"/><SP WIDTH="34" VPOS="1568" HPOS="532"/>
							<String ID="string_273" HPOS="566" VPOS="1562" WIDTH="306" HEIGHT="50" WC="0.95" CONTENT="köpeskillingen"/><SP WIDTH="21" VPOS="1562" HPOS="872"/>
							<String ID="string_274" HPOS="893" VPOS="1563" WIDTH="12" HEIGHT="35" WC="0.94" CONTENT="i"/><SP WIDTH="20" VPOS="1563" HPOS="905"/>
							<String ID="string_275" HPOS="925" VPOS="1563" WIDTH="125" HEIGHT="36" WC="0.95" CONTENT="stället"/><SP WIDTH="28" VPOS="1563" HPOS="1050"/>
							<String ID="string_276" HPOS="1078" VPOS="1567" WIDTH="115" HEIGHT="32" WC="0.96" CONTENT="sattes"/><SP WIDTH="21" VPOS="1567" HPOS="1193"/>
							<String ID="string_277" HPOS="1214" VPOS="1576" WIDTH="79" HEIGHT="23" WC="0.96" CONTENT="som"/><SP WIDTH="21" VPOS="1576" HPOS="1293"/>
							<String ID="string_278" HPOS="1314" VPOS="1562" WIDTH="273" HEIGHT="36" WC="0.94" CONTENT="fideikommiss"/><SP WIDTH="21" VPOS="1562" HPOS="1587"/>
							<String ID="string_279" HPOS="1608" VPOS="1567" WIDTH="97" HEIGHT="30" WC="0.96" CONTENT="samt"/><SP WIDTH="20" VPOS="1567" HPOS="1705"/>
							<String ID="string_280" HPOS="1725" VPOS="1566" WIDTH="55" HEIGHT="31" WC="0.96" CONTENT="att"/><SP WIDTH="20" VPOS="1566" HPOS="1780"/>
							<String ID="string_281" HPOS="1800" VPOS="1562" WIDTH="192" HEIGHT="35" WC="0.96" CONTENT="motionen"/>
						</TextLine>
						<TextLine ID="line_28" HPOS="385" VPOS="1613" WIDTH="1607" HEIGHT="50">
							<String ID="string_282" HPOS="385" VPOS="1615" WIDTH="12" HEIGHT="35" WC="0.96" CONTENT="i"/><SP WIDTH="36" VPOS="1615" HPOS="397"/>
							<String ID="string_283" HPOS="433" VPOS="1615" WIDTH="126" HEIGHT="48" WC="0.96" CONTENT="övrigt"/><SP WIDTH="33" VPOS="1615" HPOS="559"/>
							<String ID="string_284" HPOS="592" VPOS="1615" WIDTH="82" HEIGHT="36" WC="0.96" CONTENT="icke"/><SP WIDTH="28" VPOS="1615" HPOS="674"/>
							<String ID="string_285" HPOS="702" VPOS="1617" WIDTH="116" HEIGHT="34" WC="0.95" CONTENT="måtte"/><SP WIDTH="28" VPOS="1617" HPOS="818"/>
							<String ID="string_286" HPOS="846" VPOS="1615" WIDTH="57" HEIGHT="36" WC="0.96" CONTENT="till"/><SP WIDTH="28" VPOS="1615" HPOS="903"/>
							<String ID="string_287" HPOS="931" VPOS="1618" WIDTH="128" HEIGHT="45" WC="0.96" CONTENT="någon"/><SP WIDTH="28" VPOS="1618" HPOS="1059"/>
							<String ID="string_288" HPOS="1087" VPOS="1614" WIDTH="225" HEIGHT="49" WC="0.96" CONTENT="riksdagens"/><SP WIDTH="30" VPOS="1614" HPOS="1312"/>
							<String ID="string_289" HPOS="1342" VPOS="1614" WIDTH="135" HEIGHT="49" WC="0.96" CONTENT="åtgärd"/><SP WIDTH="29" VPOS="1614" HPOS="1477"/>
							<String ID="string_290" HPOS="1506" VPOS="1613" WIDTH="226" HEIGHT="37" WC="0.94" CONTENT="föranleda»."/><SP WIDTH="55" VPOS="1613" HPOS="1732"/>
							<String ID="string_291" HPOS="1787" VPOS="1613" WIDTH="58" HEIGHT="36" WC="0.96" CONTENT="Då"/><SP WIDTH="29" VPOS="1613" HPOS="1845"/>
							<String ID="string_292" HPOS="1874" VPOS="1613" WIDTH="118" HEIGHT="36" WC="0.96" CONTENT="första"/>
						</TextLine>
						<TextLine ID="line_29" HPOS="385" VPOS="1664" WIDTH="1606" HEIGHT="51">
							<String ID="string_293" HPOS="385" VPOS="1666" WIDTH="220" HEIGHT="36" WC="0.95" CONTENT="kammaren"/><SP WIDTH="29" VPOS="1666" HPOS="605"/>
							<String ID="string_294" HPOS="634" VPOS="1666" WIDTH="135" HEIGHT="48" WC="0.95" CONTENT="avslog"/><SP WIDTH="29" VPOS="1666" HPOS="769"/>
							<String ID="string_295" HPOS="798" VPOS="1666" WIDTH="117" HEIGHT="36" WC="0.96" CONTENT="första"/><SP WIDTH="19" VPOS="1666" HPOS="915"/>
							<String ID="string_296" HPOS="934" VPOS="1666" WIDTH="172" HEIGHT="49" WC="0.96" CONTENT="punkten"/><SP WIDTH="20" VPOS="1666" HPOS="1106"/>
							<String ID="string_297" HPOS="1126" VPOS="1680" WIDTH="47" HEIGHT="22" WC="0.96" CONTENT="av"/><SP WIDTH="19" VPOS="1680" HPOS="1173"/>
							<String ID="string_298" HPOS="1192" VPOS="1667" WIDTH="207" HEIGHT="35" WC="0.96" CONTENT="utskottets"/><SP WIDTH="20" VPOS="1667" HPOS="1399"/>
							<String ID="string_299" HPOS="1419" VPOS="1665" WIDTH="237" HEIGHT="44" WC="0.96" CONTENT="hemställan,"/><SP WIDTH="22" VPOS="1665" HPOS="1656"/>
							<String ID="string_300" HPOS="1678" VPOS="1664" WIDTH="126" HEIGHT="36" WC="0.93" CONTENT="förföll"/><SP WIDTH="19" VPOS="1664" HPOS="1804"/>
							<String ID="string_301" HPOS="1823" VPOS="1664" WIDTH="168" HEIGHT="37" WC="0.92" CONTENT="emeller-"/>
						</TextLine>
						<TextLine ID="line_30" HPOS="385" VPOS="1717" WIDTH="642" HEIGHT="49">
							<String ID="string_302" HPOS="385" VPOS="1717" WIDTH="54" HEIGHT="36" WC="0.95" CONTENT="tid"/><SP WIDTH="29" VPOS="1717" HPOS="439"/>
							<String ID="string_303" HPOS="468" VPOS="1718" WIDTH="136" HEIGHT="48" WC="0.96" CONTENT="frågan"/><SP WIDTH="28" VPOS="1718" HPOS="604"/>
							<String ID="string_304" HPOS="632" VPOS="1723" WIDTH="96" HEIGHT="30" WC="0.95" CONTENT="även"/><SP WIDTH="30" VPOS="1723" HPOS="728"/>
							<String ID="string_305" HPOS="758" VPOS="1718" WIDTH="126" HEIGHT="35" WC="0.96" CONTENT="denna"/><SP WIDTH="28" VPOS="1718" HPOS="884"/>
							<String ID="string_306" HPOS="912" VPOS="1721" WIDTH="115" HEIGHT="45" WC="0.96" CONTENT="gång."/>
						</TextLine>
					</TextBlock>
					<TextBlock ID="block_2" HPOS="384" VPOS="1767" WIDTH="1608" HEIGHT="514">
						<TextLine ID="line_31" HPOS="515" VPOS="1767" WIDTH="1477" HEIGHT="51">
							<String ID="string_307" HPOS="515" VPOS="1769" WIDTH="74" HEIGHT="36" WC="0.95" CONTENT="Vid"/><SP WIDTH="38" VPOS="1769" HPOS="589"/>
							<String ID="string_308" HPOS="627" VPOS="1770" WIDTH="96" HEIGHT="35" WC="0.95" CONTENT="1909"/><SP WIDTH="40" VPOS="1770" HPOS="723"/>
							<String ID="string_309" HPOS="763" VPOS="1772" WIDTH="59" HEIGHT="33" WC="0.95" CONTENT="års"/><SP WIDTH="28" VPOS="1772" HPOS="822"/>
							<String ID="string_310" HPOS="850" VPOS="1769" WIDTH="159" HEIGHT="49" WC="0.96" CONTENT="riksdag"/><SP WIDTH="27" VPOS="1769" HPOS="1009"/>
							<String ID="string_311" HPOS="1036" VPOS="1769" WIDTH="153" HEIGHT="36" WC="0.96" CONTENT="väcktes"/><SP WIDTH="29" VPOS="1769" HPOS="1189"/>
							<String ID="string_312" HPOS="1218" VPOS="1771" WIDTH="98" HEIGHT="46" WC="0.96" CONTENT="ånyo"/><SP WIDTH="29" VPOS="1771" HPOS="1316"/>
							<String ID="string_313" HPOS="1345" VPOS="1781" WIDTH="46" HEIGHT="24" WC="0.95" CONTENT="en"/><SP WIDTH="29" VPOS="1781" HPOS="1391"/>
							<String ID="string_314" HPOS="1420" VPOS="1768" WIDTH="143" HEIGHT="36" WC="0.96" CONTENT="motion"/><SP WIDTH="33" VPOS="1768" HPOS="1563"/>
							<String ID="string_315" HPOS="1596" VPOS="1768" WIDTH="12" HEIGHT="35" WC="0.93" CONTENT="i"/><SP WIDTH="33" VPOS="1768" HPOS="1608"/>
							<String ID="string_316" HPOS="1641" VPOS="1767" WIDTH="99" HEIGHT="50" WC="0.96" CONTENT="syfte"/><SP WIDTH="29" VPOS="1767" HPOS="1740"/>
							<String ID="string_317" HPOS="1769" VPOS="1772" WIDTH="55" HEIGHT="31" WC="0.93" CONTENT="att"/><SP WIDTH="28" VPOS="1772" HPOS="1824"/>
							<String ID="string_318" HPOS="1852" VPOS="1769" WIDTH="140" HEIGHT="46" WC="0.89" CONTENT="åväga-"/>
						</TextLine>
						<TextLine ID="line_32" HPOS="385" VPOS="1819" WIDTH="1606" HEIGHT="50">
							<String ID="string_319" HPOS="385" VPOS="1820" WIDTH="137" HEIGHT="49" WC="0.96" CONTENT="bringa"/><SP WIDTH="28" VPOS="1820" HPOS="522"/>
							<String ID="string_320" HPOS="550" VPOS="1821" WIDTH="245" HEIGHT="48" WC="0.96" CONTENT="förvandling"/><SP WIDTH="28" VPOS="1821" HPOS="795"/>
							<String ID="string_321" HPOS="823" VPOS="1835" WIDTH="47" HEIGHT="22" WC="0.93" CONTENT="av"/><SP WIDTH="28" VPOS="1835" HPOS="870"/>
							<String ID="string_322" HPOS="898" VPOS="1820" WIDTH="434" HEIGHT="37" WC="0.90" CONTENT="fideikommisstiftelser"/><SP WIDTH="28" VPOS="1820" HPOS="1332"/>
							<String ID="string_323" HPOS="1360" VPOS="1821" WIDTH="12" HEIGHT="36" WC="0.96" CONTENT="i"/><SP WIDTH="29" VPOS="1821" HPOS="1372"/>
							<String ID="string_324" HPOS="1401" VPOS="1821" WIDTH="75" HEIGHT="36" WC="0.97" CONTENT="fast"/><SP WIDTH="28" VPOS="1821" HPOS="1476"/>
							<String ID="string_325" HPOS="1504" VPOS="1820" WIDTH="186" HEIGHT="48" WC="0.80" CONTENT="egendom"/><SP WIDTH="29" VPOS="1820" HPOS="1690"/>
							<String ID="string_326" HPOS="1719" VPOS="1819" WIDTH="57" HEIGHT="36" WC="0.92" CONTENT="till"/><SP WIDTH="28" VPOS="1819" HPOS="1776"/>
							<String ID="string_327" HPOS="1804" VPOS="1819" WIDTH="187" HEIGHT="49" WC="0.89" CONTENT="penning-"/>
						</TextLine>
						<TextLine ID="line_33" HPOS="384" VPOS="1871" WIDTH="1603" HEIGHT="49">
							<String ID="string_328" HPOS="384" VPOS="1873" WIDTH="284" HEIGHT="36" WC="0.92" CONTENT="fideikommiss."/><SP WIDTH="62" VPOS="1873" HPOS="668"/>
							<String ID="string_329" HPOS="730" VPOS="1872" WIDTH="125" HEIGHT="37" WC="0.0" CONTENT="HSedan"/><SP WIDTH="36" VPOS="1872" HPOS="855"/>
							<String ID="string_330" HPOS="891" VPOS="1873" WIDTH="203" HEIGHT="36" WC="0.96" CONTENT="kamrarna"/><SP WIDTH="28" VPOS="1873" HPOS="1094"/>
							<String ID="string_331" HPOS="1122" VPOS="1886" WIDTH="67" HEIGHT="23" WC="0.96" CONTENT="var"/><SP WIDTH="30" VPOS="1886" HPOS="1189"/>
							<String ID="string_332" HPOS="1219" VPOS="1873" WIDTH="57" HEIGHT="36" WC="0.96" CONTENT="för"/><SP WIDTH="29" VPOS="1873" HPOS="1276"/>
							<String ID="string_333" HPOS="1305" VPOS="1873" WIDTH="60" HEIGHT="47" WC="0.96" CONTENT="sig"/><SP WIDTH="29" VPOS="1873" HPOS="1365"/>
							<String ID="string_334" HPOS="1394" VPOS="1872" WIDTH="146" HEIGHT="48" WC="0.96" CONTENT="antagit"/><SP WIDTH="28" VPOS="1872" HPOS="1540"/>
							<String ID="string_335" HPOS="1568" VPOS="1871" WIDTH="186" HEIGHT="37" WC="0.93" CONTENT="särskilda"/><SP WIDTH="33" VPOS="1871" HPOS="1754"/>
							<String ID="string_336" HPOS="1787" VPOS="1871" WIDTH="200" HEIGHT="36" WC="0.88" CONTENT="skrivelse-"/>
						</TextLine>
						<TextLine ID="line_34" HPOS="385" VPOS="1923" WIDTH="1607" HEIGHT="50">
							<String ID="string_337" HPOS="385" VPOS="1924" WIDTH="145" HEIGHT="49" WC="0.95" CONTENT="förslag"/><SP WIDTH="40" VPOS="1924" HPOS="530"/>
							<String ID="string_338" HPOS="570" VPOS="1924" WIDTH="12" HEIGHT="36" WC="0.96" CONTENT="i"/><SP WIDTH="42" VPOS="1924" HPOS="582"/>
							<String ID="string_339" HPOS="624" VPOS="1925" WIDTH="213" HEIGHT="36" WC="0.94" CONTENT="motionens"/><SP WIDTH="41" VPOS="1925" HPOS="837"/>
							<String ID="string_340" HPOS="878" VPOS="1924" WIDTH="113" HEIGHT="49" WC="0.95" CONTENT="syfte,"/><SP WIDTH="29" VPOS="1924" HPOS="991"/>
							<String ID="string_341" HPOS="1020" VPOS="1924" WIDTH="122" HEIGHT="37" WC="0.96" CONTENT="beslöt"/><SP WIDTH="26" VPOS="1924" HPOS="1142"/>
							<String ID="string_342" HPOS="1168" VPOS="1924" WIDTH="219" HEIGHT="48" WC="0.96" CONTENT="riksdagen,"/><SP WIDTH="30" VPOS="1924" HPOS="1387"/>
							<String ID="string_343" HPOS="1417" VPOS="1924" WIDTH="95" HEIGHT="36" WC="0.93" CONTENT="efter"/><SP WIDTH="29" VPOS="1924" HPOS="1512"/>
							<String ID="string_344" HPOS="1541" VPOS="1923" WIDTH="375" HEIGHT="48" WC="0.91" CONTENT="sammanjämkning"/><SP WIDTH="29" VPOS="1923" HPOS="1916"/>
							<String ID="string_345" HPOS="1945" VPOS="1936" WIDTH="47" HEIGHT="22" WC="0.94" CONTENT="av"/>
						</TextLine>
						<TextLine ID="line_35" HPOS="384" VPOS="1973" WIDTH="1607" HEIGHT="50">
							<String ID="string_346" HPOS="384" VPOS="1976" WIDTH="222" HEIGHT="36" WC="0.92" CONTENT="kamrarnas"/><SP WIDTH="42" VPOS="1976" HPOS="606"/>
							<String ID="string_347" HPOS="648" VPOS="1976" WIDTH="99" HEIGHT="36" WC="0.96" CONTENT="olika"/><SP WIDTH="38" VPOS="1976" HPOS="747"/>
							<String ID="string_348" HPOS="785" VPOS="1976" WIDTH="137" HEIGHT="46" WC="0.96" CONTENT="beslut,"/><SP WIDTH="39" VPOS="1976" HPOS="922"/>
							<String ID="string_349" HPOS="961" VPOS="1982" WIDTH="54" HEIGHT="29" WC="0.96" CONTENT="att"/><SP WIDTH="39" VPOS="1982" HPOS="1015"/>
							<String ID="string_350" HPOS="1054" VPOS="1976" WIDTH="12" HEIGHT="35" WC="0.96" CONTENT="i"/><SP WIDTH="44" VPOS="1976" HPOS="1066"/>
							<String ID="string_351" HPOS="1110" VPOS="1976" WIDTH="182" HEIGHT="36" WC="0.96" CONTENT="skrivelse"/><SP WIDTH="42" VPOS="1976" HPOS="1292"/>
							<String ID="string_352" HPOS="1334" VPOS="1976" WIDTH="58" HEIGHT="35" WC="0.95" CONTENT="till"/><SP WIDTH="37" VPOS="1976" HPOS="1392"/>
							<String ID="string_353" HPOS="1429" VPOS="1975" WIDTH="141" HEIGHT="48" WC="0.95" CONTENT="Kungl."/><SP WIDTH="30" VPOS="1975" HPOS="1570"/>
							<String ID="string_354" HPOS="1600" VPOS="1975" WIDTH="108" HEIGHT="48" WC="0.96" CONTENT="Maj:t"/><SP WIDTH="29" VPOS="1975" HPOS="1708"/>
							<String ID="string_355" HPOS="1737" VPOS="1973" WIDTH="161" HEIGHT="48" WC="0.95" CONTENT="anhålla,"/><SP WIDTH="31" VPOS="1973" HPOS="1898"/>
							<String ID="string_356" HPOS="1929" VPOS="1974" WIDTH="62" HEIGHT="35" WC="0.96" CONTENT="det"/>
						</TextLine>
						<TextLine ID="line_36" HPOS="385" VPOS="2025" WIDTH="1607" HEIGHT="50">
							<String ID="string_357" HPOS="385" VPOS="2027" WIDTH="141" HEIGHT="48" WC="0.94" CONTENT="Kungl."/><SP WIDTH="33" VPOS="2027" HPOS="526"/>
							<String ID="string_358" HPOS="559" VPOS="2027" WIDTH="106" HEIGHT="48" WC="0.96" CONTENT="Maj:t"/><SP WIDTH="29" VPOS="2027" HPOS="665"/>
							<String ID="string_359" HPOS="694" VPOS="2027" WIDTH="88" HEIGHT="36" WC="0.96" CONTENT="ville"/><SP WIDTH="28" VPOS="2027" HPOS="782"/>
							<String ID="string_360" HPOS="810" VPOS="2028" WIDTH="75" HEIGHT="35" WC="0.96" CONTENT="låta"/><SP WIDTH="31" VPOS="2028" HPOS="885"/>
							<String ID="string_361" HPOS="916" VPOS="2027" WIDTH="177" HEIGHT="36" WC="0.96" CONTENT="utarbeta"/><SP WIDTH="33" VPOS="2027" HPOS="1093"/>
							<String ID="string_362" HPOS="1126" VPOS="2027" WIDTH="69" HEIGHT="36" WC="0.95" CONTENT="och"/><SP WIDTH="33" VPOS="2027" HPOS="1195"/>
							<String ID="string_363" HPOS="1228" VPOS="2027" WIDTH="58" HEIGHT="36" WC="0.95" CONTENT="för"/><SP WIDTH="23" VPOS="2027" HPOS="1286"/>
							<String ID="string_364" HPOS="1309" VPOS="2026" WIDTH="206" HEIGHT="48" WC="0.96" CONTENT="riksdagen"/><SP WIDTH="20" VPOS="2026" HPOS="1515"/>
							<String ID="string_365" HPOS="1535" VPOS="2026" WIDTH="216" HEIGHT="47" WC="0.96" CONTENT="framlägga"/><SP WIDTH="20" VPOS="2026" HPOS="1751"/>
							<String ID="string_366" HPOS="1771" VPOS="2025" WIDTH="144" HEIGHT="48" WC="0.95" CONTENT="förslag"/><SP WIDTH="19" VPOS="2025" HPOS="1915"/>
							<String ID="string_367" HPOS="1934" VPOS="2025" WIDTH="58" HEIGHT="35" WC="0.96" CONTENT="till"/>
						</TextLine>
						<TextLine ID="line_37" HPOS="386" VPOS="2076" WIDTH="1604" HEIGHT="51">
							<String ID="string_368" HPOS="386" VPOS="2078" WIDTH="361" HEIGHT="49" WC="0.91" CONTENT="lagbestämmelser,"/><SP WIDTH="21" VPOS="2078" HPOS="747"/>
							<String ID="string_369" HPOS="768" VPOS="2081" WIDTH="48" HEIGHT="46" WC="0.96" CONTENT="på"/><SP WIDTH="19" VPOS="2081" HPOS="816"/>
							<String ID="string_370" HPOS="835" VPOS="2079" WIDTH="102" HEIGHT="35" WC="0.96" CONTENT="vilka"/><SP WIDTH="20" VPOS="2079" HPOS="937"/>
							<String ID="string_371" HPOS="957" VPOS="2078" WIDTH="136" HEIGHT="36" WC="0.93" CONTENT="villkor"/><SP WIDTH="18" VPOS="2078" HPOS="1093"/>
							<String ID="string_372" HPOS="1111" VPOS="2078" WIDTH="276" HEIGHT="49" WC="0.91" CONTENT="lantfastighet,"/><SP WIDTH="23" VPOS="2078" HPOS="1387"/>
							<String ID="string_373" HPOS="1410" VPOS="2091" WIDTH="82" HEIGHT="23" WC="0.96" CONTENT="som"/><SP WIDTH="20" VPOS="2091" HPOS="1492"/>
							<String ID="string_374" HPOS="1512" VPOS="2077" WIDTH="177" HEIGHT="48" WC="0.96" CONTENT="utgjorde"/><SP WIDTH="19" VPOS="2077" HPOS="1689"/>
							<String ID="string_375" HPOS="1708" VPOS="2076" WIDTH="282" HEIGHT="47" WC="0.75" CONTENT="fideikommiss,"/>
						</TextLine>
						<TextLine ID="line_38" HPOS="386" VPOS="2127" WIDTH="1604" HEIGHT="49">
							<String ID="string_376" HPOS="386" VPOS="2130" WIDTH="119" HEIGHT="36" WC="0.95" CONTENT="skulle"/><SP WIDTH="41" VPOS="2130" HPOS="505"/>
							<String ID="string_377" HPOS="546" VPOS="2130" WIDTH="129" HEIGHT="36" WC="0.96" CONTENT="kunna"/><SP WIDTH="41" VPOS="2130" HPOS="675"/>
							<String ID="string_378" HPOS="716" VPOS="2144" WIDTH="47" HEIGHT="21" WC="0.96" CONTENT="av"/><SP WIDTH="37" VPOS="2144" HPOS="763"/>
							<String ID="string_379" HPOS="800" VPOS="2130" WIDTH="255" HEIGHT="36" WC="0.96" CONTENT="innehavaren"/><SP WIDTH="29" VPOS="2130" HPOS="1055"/>
							<String ID="string_380" HPOS="1084" VPOS="2130" WIDTH="78" HEIGHT="36" WC="0.96" CONTENT="helt"/><SP WIDTH="27" VPOS="2130" HPOS="1162"/>
							<String ID="string_381" HPOS="1189" VPOS="2130" WIDTH="89" HEIGHT="36" WC="0.96" CONTENT="eller"/><SP WIDTH="28" VPOS="2130" HPOS="1278"/>
							<String ID="string_382" HPOS="1306" VPOS="2130" WIDTH="118" HEIGHT="36" WC="0.96" CONTENT="delvis"/><SP WIDTH="29" VPOS="2130" HPOS="1424"/>
							<String ID="string_383" HPOS="1453" VPOS="2129" WIDTH="113" HEIGHT="47" WC="0.96" CONTENT="säljas"/><SP WIDTH="28" VPOS="2129" HPOS="1566"/>
							<String ID="string_384" HPOS="1594" VPOS="2135" WIDTH="78" HEIGHT="29" WC="0.96" CONTENT="mot"/><SP WIDTH="30" VPOS="2135" HPOS="1672"/>
							<String ID="string_385" HPOS="1702" VPOS="2128" WIDTH="62" HEIGHT="36" WC="0.96" CONTENT="det"/><SP WIDTH="29" VPOS="2128" HPOS="1764"/>
							<String ID="string_386" HPOS="1793" VPOS="2133" WIDTH="53" HEIGHT="30" WC="0.93" CONTENT="att"/><SP WIDTH="28" VPOS="2133" HPOS="1846"/>
							<String ID="string_387" HPOS="1874" VPOS="2127" WIDTH="116" HEIGHT="49" WC="0.92" CONTENT="köpe-"/>
						</TextLine>
						<TextLine ID="line_39" HPOS="387" VPOS="2179" WIDTH="1605" HEIGHT="50">
							<String ID="string_388" HPOS="387" VPOS="2181" WIDTH="205" HEIGHT="48" WC="0.91" CONTENT="skillingen"/><SP WIDTH="30" VPOS="2181" HPOS="592"/>
							<String ID="string_389" HPOS="622" VPOS="2182" WIDTH="11" HEIGHT="35" WC="0.96" CONTENT="i"/><SP WIDTH="24" VPOS="2182" HPOS="633"/>
							<String ID="string_390" HPOS="657" VPOS="2182" WIDTH="126" HEIGHT="35" WC="0.96" CONTENT="stället"/><SP WIDTH="28" VPOS="2182" HPOS="783"/>
							<String ID="string_391" HPOS="811" VPOS="2186" WIDTH="117" HEIGHT="31" WC="0.96" CONTENT="sattes"/><SP WIDTH="30" VPOS="2186" HPOS="928"/>
							<String ID="string_392" HPOS="958" VPOS="2184" WIDTH="123" HEIGHT="33" WC="0.96" CONTENT="såsom"/><SP WIDTH="29" VPOS="2184" HPOS="1081"/>
							<String ID="string_393" HPOS="1110" VPOS="2181" WIDTH="307" HEIGHT="36" WC="0.95" CONTENT="fideikommiss»."/><SP WIDTH="56" VPOS="2181" HPOS="1417"/>
							<String ID="string_394" HPOS="1473" VPOS="2180" WIDTH="114" HEIGHT="36" WC="0.95" CONTENT="Detta"/><SP WIDTH="27" VPOS="2180" HPOS="1587"/>
							<String ID="string_395" HPOS="1614" VPOS="2179" WIDTH="225" HEIGHT="48" WC="0.96" CONTENT="riksdagens"/><SP WIDTH="29" VPOS="2179" HPOS="1839"/>
							<String ID="string_396" HPOS="1868" VPOS="2179" WIDTH="124" HEIGHT="36" WC="0.96" CONTENT="beslut"/>
						</TextLine>
						<TextLine ID="line_40" HPOS="386" VPOS="2232" WIDTH="1429" HEIGHT="49">
							<String ID="string_397" HPOS="386" VPOS="2233" WIDTH="192" HEIGHT="36" WC="0.96" CONTENT="anmäldes"/><SP WIDTH="28" VPOS="2233" HPOS="578"/>
							<String ID="string_398" HPOS="606" VPOS="2232" WIDTH="70" HEIGHT="36" WC="0.96" CONTENT="hos"/><SP WIDTH="31" VPOS="2232" HPOS="676"/>
							<String ID="string_399" HPOS="707" VPOS="2232" WIDTH="140" HEIGHT="49" WC="0.92" CONTENT="Kungl."/><SP WIDTH="31" VPOS="2232" HPOS="847"/>
							<String ID="string_400" HPOS="878" VPOS="2232" WIDTH="109" HEIGHT="49" WC="0.94" CONTENT="Maj:t"/><SP WIDTH="28" VPOS="2232" HPOS="987"/>
							<String ID="string_401" HPOS="1015" VPOS="2246" WIDTH="140" HEIGHT="35" WC="0.96" CONTENT="genom"/><SP WIDTH="29" VPOS="2246" HPOS="1155"/>
							<String ID="string_402" HPOS="1184" VPOS="2232" WIDTH="183" HEIGHT="37" WC="0.96" CONTENT="skrivelse"/><SP WIDTH="29" VPOS="2232" HPOS="1367"/>
							<String ID="string_403" HPOS="1396" VPOS="2232" WIDTH="72" HEIGHT="36" WC="0.96" CONTENT="den"/><SP WIDTH="33" VPOS="2232" HPOS="1468"/>
							<String ID="string_404" HPOS="1501" VPOS="2232" WIDTH="43" HEIGHT="35" WC="0.96" CONTENT="16"/><SP WIDTH="31" VPOS="2232" HPOS="1544"/>
							<String ID="string_405" HPOS="1575" VPOS="2244" WIDTH="99" HEIGHT="23" WC="0.96" CONTENT="mars"/><SP WIDTH="32" VPOS="2244" HPOS="1674"/>
							<String ID="string_406" HPOS="1706" VPOS="2233" WIDTH="109" HEIGHT="34" WC="0.96" CONTENT="1909."/>
						</TextLine>
					</TextBlock>
				</ComposedBlock>
			</PrintSpace>
		</Page>
	</Layout>
</alto>
