2206 2628
736 157 235 42 Lagutskottets
993 158 165 32 utlåtande
1182 159 52 31 Nr
1256 160 52 30 26.
1753 162 18 30 d

214 233 246 49 ställigheten
501 235 138 35 mellan
680 234 94 37 barn
817 249 45 22 av
903 249 144 23 samma
1089 237 195 36 föräldrar.
1340 238 61 35 Må
1438 251 102 33 vara,
1571 243 53 31 att
1652 239 61 36 det
1741 240 73 35 kan

213 285 130 48 lyckas
387 285 203 37 föräldrars
632 285 156 38 klokhet
831 293 54 30 att
927 288 137 49 dämpa
1106 289 89 36 eller
1227 288 159 48 minska,
1415 290 120 35 under
1563 303 252 35 gynnsamma

214 336 261 37 förhållanden
503 338 190 36 måhända
722 339 153 37 alldeles
904 339 98 36 häva
1029 340 282 49 verkningarna
1331 354 46 22 av
1397 341 125 36 denna
1542 342 270 48 onaturlighet;

213 402 87 23 men
342 389 61 37 det
444 394 40 31 är
526 390 79 35 min
643 389 239 50 fullkomliga
911 393 252 48 övertygelse,
1194 398 53 30 att
1270 393 45 49 ju
1344 405 79 24 mer
1451 394 269 47 utvecklingen
1747 404 69 39 gär

212 441 150 47 framåt,
401 441 43 48 ju
489 454 81 23 mer
603 442 167 37 släktens
798 442 195 50 betydelse
1021 444 126 36 träder
1175 444 11 35 i
1214 444 176 48 skuggan
1420 445 57 36 för
1503 445 212 37 individens
1744 447 70 35 och

214 492 73 36 den
329 505 99 35 egna
465 492 202 50 familjens,
698 493 105 37 desto
832 507 79 23 mer
939 495 160 49 hopplös
1128 496 96 35 skall
1252 496 124 36 denna
1403 497 157 48 uppgift
1589 497 108 36 bliva.
1754 498 60 35 Nu

213 548 112 44 säger
352 557 107 23 man:
490 557 86 23 men
606 545 104 36 detta
737 550 41 31 är
800 546 45 48 ju
873 546 207 49 ingenting
1109 552 111 41 orätt;
1248 547 62 36 det
1338 552 40 31 är
1397 548 42 48 ju
1460 548 83 36 icke
1563 549 251 36 föräldrarnas

213 595 62 47 fel,
305 595 62 36 det
395 600 41 31 är
464 609 46 23 en
539 609 126 23 annan
694 609 81 23 som
804 600 41 33 så
872 597 177 37 bestämt!
1106 598 255 49 Naturligtvis
1388 621 52 4 —
1468 613 86 23 men
1584 599 69 36 blir
1676 600 138 36 förhål-

213 646 129 36 landet
369 647 12 34 i
409 647 139 36 minsta
589 650 87 33 mån
718 648 122 36 bättre
874 649 127 35 därför
1030 654 54 31 att
1112 650 63 35 det
1203 655 41 30 är
1272 663 45 23 en
1339 651 237 43 främmande
1602 652 102 47 vilja,
1734 665 80 22 som

212 700 48 46 på
289 697 63 36 det
379 702 113 32 sättet
520 704 156 43 tränger
704 699 60 48 sig
792 700 39 35 in
859 699 11 36 i
900 700 194 49 familjen?
1142 700 142 37 Sådant
1311 706 41 31 är
1380 701 249 37 förhållandet
1657 703 61 36 vid
1743 704 72 35 den

212 749 170 36 normala
410 750 277 48 successionen,
718 756 68 31 när
814 751 135 48 godset
976 754 70 46 går
1074 752 83 36 från
1186 753 58 35 far
1270 753 58 35 till
1356 766 79 23 son.
1484 753 86 37 Men
1590 754 70 36 hur
1679 760 40 30 är
1740 754 73 47 det,

212 805 71 31 när
324 800 63 37 det
428 804 68 46 går
537 801 85 36 från
660 815 47 23 en
735 815 94 35 gren
858 803 57 36 till
945 816 47 23 en
1021 817 137 33 annan,
1189 810 69 30 när
1285 805 529 37 fideikommissinnehavaren

212 859 25 29 t.
268 865 57 24 ex.
364 853 69 36 har
461 853 134 37 endast
624 853 145 37 döttrar
797 855 69 35 och
896 855 46 36 de
971 855 33 48 ej
1035 860 64 32 äro
1128 856 498 50 successionsberättigade?
1679 858 135 36 Vilken

213 904 209 49 anledning
463 905 57 35 till
556 904 275 50 pliktkollision
869 907 139 35 mellan
1037 908 144 48 plikten
1210 913 79 31 mot
1317 908 72 36 den
1418 908 176 37 blivande
1622 909 191 37 fideikom-

213 956 199 36 missarien
440 956 71 36 och
539 957 205 36 omtanken
773 970 61 24 om
863 959 82 35 sina
973 971 112 35 egna,
1116 960 125 35 vilken
1271 959 100 36 källa
1399 960 56 35 till
1480 960 253 48 stridigheter,
1758 962 56 34 till

212 1007 205 48 slitningar
445 1008 70 36 och
543 1008 57 36 till
629 1009 322 49 misshälligheter
979 1010 138 36 mellan
1146 1010 219 49 närskylda!
1414 1011 71 36 Det
1513 1011 69 37 har
1606 1013 32 48 ej
1662 1012 152 36 saknats

212 1058 206 49 förhatliga
447 1060 172 48 exempel
646 1063 49 46 på
724 1060 144 37 sådant.
920 1061 333 37 Fideikommisset
1281 1067 110 44 säger
1415 1063 71 48 jag
1515 1064 136 47 därför,
1680 1064 135 49 skapat

212 1110 57 37 till
298 1111 165 36 släktens
490 1117 101 43 yttre
621 1112 125 37 "heder
774 1113 70 36 och
872 1114 285 47 conservation',
1188 1114 74 36 kan
1290 1114 180 37 innebära
1497 1115 56 36 frö
1573 1116 56 35 till
1649 1116 165 36 släktens

212 1162 82 36 inre
322 1162 205 49 söndring.”

342 1213 17 36 I
387 1214 224 49 anslutning
639 1215 57 36 till
726 1215 123 37 denna
877 1216 250 49 uppfattning
1154 1221 41 31 är
1224 1217 73 47 det,
1327 1230 80 23 som
1432 1219 72 47 jag
1532 1232 49 22 nu
1610 1219 65 35 vill
1701 1219 112 35 fram-

213 1264 82 37 föra
321 1265 187 49 yrkandet
536 1269 48 46 på
611 1266 484 38 fideikommissinstitutets
1126 1268 248 49 fullständiga
1402 1270 265 48 upphävande.
1725 1270 88 36 Som

212 1329 99 24 ovan
343 1322 164 43 nämnts,
554 1318 120 49 gäller
710 1320 98 35 1810
837 1322 58 34 års
924 1319 135 37 förbud
1089 1324 80 32 mot
1198 1320 219 37 instiftande
1446 1335 47 22 av
1521 1335 75 35 nya
1623 1322 191 37 fideikom-

212 1369 91 36 miss
351 1369 132 37 endast
531 1369 73 37 fast
646 1371 198 48 egendom.
900 1371 85 50 Nya
1026 1371 272 38 fideikommiss
1339 1373 12 36 i
1384 1373 57 36 lös
1471 1374 185 47 egendom
1687 1374 127 36 kunna

212 1420 158 36 sålunda
399 1425 102 32 ännu
529 1422 180 47 instiftas,
739 1422 70 36 och
839 1423 123 36 denna
991 1424 200 48 möjlighet
1219 1424 86 47 kan,
1335 1437 80 23 som
1444 1425 87 36 herr
1556 1426 174 48 Trygger
1749 1426 64 35 vid

215 1473 97 35 1906
342 1475 60 33 års
430 1472 158 50 riksdag
616 1473 187 47 framhöll,
847 1475 193 36 användas
1082 1480 95 31 även
1207 1476 57 35 för
1292 1482 54 30 att
1375 1476 103 36 stifta
1506 1477 267 36 fideikommiss
1801 1478 13 34 i

212 1523 195 49 fastighet.
463 1524 137 36 Därtill
628 1525 167 36 behöves
824 1525 107 47 blott,
961 1532 55 30 att
1044 1540 87 22 man
1174 1532 116 31 sätter
1332 1540 46 23 en
1407 1528 184 48 fastighet
1618 1531 47 46 på
1694 1529 120 36 aktier

212 1574 71 36 och
312 1580 72 42 gör
412 1580 55 31 ett
494 1575 275 37 fideikommiss
798 1590 45 22 av
872 1577 182 46 aktierna,
1084 1578 47 35 då
1159 1578 67 36 har
1254 1592 86 22 man
1370 1579 11 35 i
1409 1579 197 36 realiteten
1636 1585 53 31 ett
1718 1580 96 36 fidei-

213 1625 183 37 kommiss
426 1626 143 48 färdigt
597 1633 97 30 även
722 1628 12 35 i
764 1628 75 36 fast
867 1629 198 47 egendom.

342 1677 245 49 Föregående
616 1678 146 50 förslag
790 1680 11 35 i
830 1680 124 36 denna
995 1680 109 49 fråga
1137 1681 97 36 hava
1263 1681 125 36 därför
1416 1682 32 49 ej
1479 1682 75 36 löst
1583 1683 228 36 densamma.

213 1728 122 49 Utgår
362 1743 88 22 man
478 1730 84 36 från
590 1732 353 48 rättssynpunkten,
973 1732 75 36 kan
1077 1746 88 23 man
1199 1733 33 49 ej
1276 1739 133 30 stanna
1440 1734 124 36 förrän
1593 1748 86 22 man
1706 1734 108 36 krävt

211 1781 85 36 hela
340 1782 209 36 institutets
595 1782 267 50 upphävande,
905 1784 160 36 sålunda
1107 1784 10 36 i
1161 1785 109 48 fråga
1303 1799 61 23 om
1394 1787 103 35 såväl
1525 1786 74 37 fast
1628 1786 184 49 egendom

212 1846 81 23 som
321 1833 134 37 lösöre.

341 1885 68 36 Att
437 1886 295 37 statsmakterna
760 1900 139 36 genom
929 1892 53 32 ett
1010 1888 126 36 beslut
1160 1890 11 35 i
1192 1888 115 37 sådan
1326 1889 174 49 riktning
1519 1890 33 48 ej
1575 1889 120 37 skulle
1715 1889 98 48 begå

211 1938 126 46 någon
367 1937 327 49 rättskränkning,
724 1938 106 36 torde
857 1952 157 23 numera
1042 1940 157 37 allmänt
1228 1941 196 35 erkännas.
1482 1941 128 36 Redan
1629 1941 64 36 vid
1715 1943 96 34 1882

211 1989 59 33 års
298 1987 158 49 riksdag
484 1989 197 36 framhölls
711 2002 45 23 av
784 1990 72 36 den
881 1990 255 38 framstående
1173 1992 340 36 statsrättsläraren
1547 1993 189 47 professor
1764 1992 46 35 H.

210 2038 42 35 L.
282 2038 137 49 Rydin,
463 2045 54 31 att
559 2040 46 36 då
645 2040 467 39 fideikommisstiftelsens
1142 2043 229 37 fortfarande
1400 2043 158 37 bestånd
1588 2044 69 36 och
1685 2044 128 48 giltig-

211 2090 65 36 het
304 2091 69 36 har
401 2092 58 35 sin
488 2092 124 48 grund
644 2093 12 35 i
685 2098 55 31 ett
767 2092 397 49 lagstiftningsarbete
1192 2095 70 37 och
1291 2095 72 37 den
1392 2096 56 36 till
1478 2096 57 36 sin
1564 2102 110 30 natur
1702 2100 40 31 är
1766 2109 47 23 en

211 2142 248 49 singularlag,
489 2146 41 33 så
558 2147 121 33 måste
708 2144 69 37 den
809 2150 96 31 även
933 2145 128 37 kunna
1090 2147 11 35 i
1129 2147 345 49 lagstiftningsväg
1494 2148 145 36 ändras.
1669 2147 72 37 Det
1761 2153 51 41 är,

210 2193 179 36 framhöll
417 2194 87 48 han,
534 2195 171 49 orimligt
733 2201 54 31 att
815 2196 11 36 i
855 2209 46 24 en
929 2209 159 36 persons
1116 2199 92 48 vilja
1236 2199 116 49 lägga
1380 2199 105 36 makt
1514 2205 54 30 att
1597 2199 57 37 för
1681 2199 131 36 evärd-
