1884 2824
548 157 256 31 Statsutskottets
827 156 169 31 utlåtande
1020 155 52 31 Nr
1095 157 29 28 8.
1529 153 60 30 107

143 236 107 42 196:0)
275 237 126 41 Kungl.
428 237 98 40 Maj:t
549 237 62 31 har
635 233 121 44 (punkt
784 232 73 43 181)
883 234 172 41 föreslagit
1079 233 180 40 riksdagen
1285 235 48 29 att
1360 232 47 31 till
1426 231 166 41 gratilika-

97 292 106 31 tioner
239 293 33 30 åt
296 291 42 32 de
361 292 53 30 för
437 288 489 43 gymnastikundervisningen
951 287 56 32 vid
1032 286 82 32 folk-
1139 286 62 32 och
1226 285 197 39 småskolor,
1448 286 145 30 fortsätt-

96 345 223 41 ningsskolor,
357 344 101 41 högre
495 343 186 32 folkskolor
705 345 88 29 samt
818 341 231 32 läroanstalter
1073 341 52 31 för
1149 340 218 32 dövstumma
1391 339 61 31 och
1478 338 116 32 blinda

97 398 167 32 anställda
298 398 256 40 inspektörerna
588 397 54 31 för
676 396 198 40 budgetåret
905 395 217 31 1928—1929
1147 393 119 31 anvisa
1290 396 46 28 ett
1360 396 93 28 extra
1476 391 119 41 anslag

97 462 41 21 av
164 452 121 37 20,000
311 451 121 31 kronor
456 453 48 28 att
529 451 81 39 utgå
633 449 105 40 enligt
762 448 158 41 grunder,
946 458 73 20 som
1044 458 41 20 av
1110 446 126 41 Kungl.
1264 446 98 40 Maj:t
1379 446 214 31 bestämmas.

142 504 235 40 Utredningen
401 503 10 31 i
435 503 138 31 ärendet
598 502 179 31 återfinnes
802 502 20 30 å
846 501 60 31 sid.
932 501 177 30 462—464
1133 500 9 30 i
1168 497 373 42 statsrådsprotokollet.

142 610 15 31 I
191 609 166 33 samband
381 608 140 33 härmed
546 609 62 31 har
632 608 162 31 utskottet
818 607 51 31 till
893 605 208 41 behandling
1125 605 149 32 förehaft
1297 606 58 30 två
1378 603 218 42 likalydande

98 663 176 39 motioner,
299 662 121 32 väckta
444 662 64 31 den
534 672 64 21 ena
622 661 93 31 inom
741 661 106 30 första
872 660 198 31 kammaren
1094 669 40 22 av
1145 658 131 42 herrar
1300 659 39 30 A.
1365 658 90 31 Dahl
1475 657 63 31 och
1558 656 35 32 V.

98 716 121 41 Björck
242 713 36 43 (I:
307 714 72 42 139)
404 716 61 31 och
483 715 66 32 den
566 714 106 33 andra
688 714 93 32 inom
800 713 107 32 andra
924 713 196 31 kammaren
1139 722 42 22 av
1198 711 78 32 herr
1292 711 132 32 Laurén
1440 708 53 43 (II:
1512 707 83 43 141),

97 770 10 31 i
132 770 93 32 vilka
249 770 166 32 motioner
438 768 199 39 hemställts,
663 771 48 28 att
735 767 181 41 riksdagen
939 766 79 32 ville

142 824 68 31 dels
233 823 139 39 besluta,

143 880 49 28 att
226 876 51 32 till
312 887 42 21 en
389 887 59 21 var
481 886 42 21 av
553 875 55 40 sju
632 874 219 32 konsulenter
874 874 53 31 för
950 872 288 41 undervisningen
1264 872 11 31 i
1299 870 196 42 gymnastik
1519 870 78 32 med

98 929 53 33 lek
178 929 63 32 och
265 929 103 32 idrott
391 928 84 33 skall
502 929 76 31 från
603 928 63 32 och
691 927 78 32 med
794 927 65 31 den
887 928 14 30 1
927 926 64 41 juli
1019 926 82 31 1928
1127 926 81 40 utgå
1225 924 163 41 avlöning
1403 923 78 32 med
1498 924 99 37 5,300

99 983 134 38 kronor,
270 983 103 32 därav
409 983 99 38 3,500
544 982 124 31 kronor
702 980 58 33 lön
793 980 64 32 och
883 980 97 38 1,800
1004 979 123 32 kronor
1150 976 447 43 tjänstgöringspenningar,

99 1036 112 33 vartill
247 1037 139 32 komma
420 1037 58 31 två
506 1034 231 42 ålderstillägg
760 1033 50 32 till
834 1033 111 38 lönen,
969 1032 156 32 vartdera
1148 1034 20 30 å
1192 1033 65 31 500
1281 1032 134 37 kronor,
1440 1030 86 32 dock
1550 1032 49 29 att

99 1091 54 31 för
177 1090 190 38 konsulent,
393 1100 73 22 som
490 1099 43 22 av
557 1088 128 41 Kungl.
713 1088 97 40 Maj:t
835 1086 133 33 tillsatts
993 1097 123 31 genom
1140 1084 229 33 förordnande
1393 1086 44 40 på
1454 1084 68 32 viss
1539 1083 58 39 tid,

99 1144 101 32 lönen
225 1143 86 33 skall
335 1143 150 32 minskas
510 1142 78 33 med
613 1143 65 31 200
701 1142 139 38 kronor;

144 1201 50 28 att
217 1197 188 41 ortstillägg
428 1196 168 41 därjämte
620 1195 85 32 skall
730 1196 81 40 utgå
835 1194 78 32 med
936 1194 67 32 400
1026 1193 124 32 kronor
1173 1192 110 32 under
1301 1190 180 34 enahanda
1496 1191 103 32 förut-

100 1251 190 41 sättningar
314 1262 72 21 som
410 1251 10 31 i
445 1251 98 40 fråga
567 1260 56 21 om
648 1248 324 40 folkskolinspektör
995 1252 36 27 är
1055 1246 213 39 föreskrivet;

145 1308 50 29 att
229 1304 139 32 arvodet
403 1304 49 32 till
488 1302 234 33 vikarierande
758 1301 182 32 konsulent
964 1300 95 39 skall,
1084 1300 61 31 där
1168 1299 128 41 Kungl.
1322 1299 98 40 Maj:t
1443 1298 30 40 ej
1499 1297 11 32 i
1535 1302 64 27 sär-

100 1358 80 32 skilt
203 1358 61 32 fall
288 1357 214 33 annorlunda
526 1356 188 38 förordnar,
731 1356 82 40 utgå
830 1354 77 33 med
924 1355 100 38 4,300
1040 1354 124 31 kronor
1180 1353 53 31 för
1249 1352 199 32 kalenderår
1464 1351 134 38 räknat;

146 1415 48 29 att
228 1412 122 41 högsta
384 1409 361 44 pensionsunderlaget
780 1409 53 31 för
868 1407 182 33 konsulent
1084 1406 85 33 skall
1193 1409 122 38 utgöra
1337 1406 99 39 4,300
1459 1405 139 38 kronor;

101 1469 89 29 samt

146 1522 49 30 att
229 1520 54 31 för
317 1529 162 31 expenser
503 1517 85 32 skall
613 1516 50 33 till
687 1515 183 33 konsulent
893 1516 81 40 utgå
998 1514 187 41 ersättning
1208 1512 79 33 med
1311 1513 65 32 500
1400 1512 125 32 kronor
1548 1512 53 32 för

102 1575 37 31 år
161 1573 12 32 i
197 1573 149 41 enlighet
369 1572 79 32 med
472 1570 41 33 de
537 1576 156 28 närmare
717 1568 264 40 bestämmelser,
1007 1579 73 21 som
1103 1567 90 42 gälla
1217 1567 11 31 i
1252 1568 98 40 fråga
1369 1577 54 21 om
1440 1564 160 33 folkskol-

101 1627 188 41 inspektör;

146 1681 69 32 dels
248 1679 187 33 föreskriva
470 1681 48 29 att
542 1679 53 32 för
618 1677 203 41 åtnjutande
845 1687 43 22 av
912 1676 40 32 de
976 1674 192 42 föreslagna
1192 1674 408 40 avlöningsförmånerna,

101 1740 163 27 ävensom
288 1744 44 22 av
355 1733 148 40 tillfällig
526 1731 292 40 löneförbättring,
843 1729 95 33 skola
961 1728 89 42 gälla
1069 1729 10 31 i
1095 1727 204 42 tillämpliga
1315 1727 91 32 delar
1422 1726 180 32 enahanda

102 1788 124 32 villkor
260 1787 64 33 och
359 1786 262 38 bestämmelser,
658 1796 73 21 som
762 1784 12 31 i
798 1784 121 32 sådant
942 1782 192 32 hänseende
1158 1787 58 26 äro
1240 1780 162 42 stadgade
1426 1779 175 42 angående

102 1841 355 41 avlöningsförmåner
480 1841 34 30 åt
538 1838 361 42 folkskolinspektörer
922 1848 44 20 m.
992 1847 62 28 m.;

148 1896 68 31 dels
249 1895 11 31 i
296 1894 179 32 riksstaten
505 1893 148 42 uppföra
677 1895 46 29 ett
747 1890 168 33 ordinarie
939 1889 264 42 förslagsanslag
1226 1888 51 32 till
1300 1887 162 41 avlöning
1485 1898 44 20 m.
1555 1898 44 21 m.

103 1951 35 30 åt
161 1948 218 32 konsulenter
402 1948 53 31 för
478 1946 291 41 undervisningen
792 1945 11 31 i
827 1944 196 43 gymnastik
1049 1943 77 32 med
1149 1943 54 32 lek
1228 1942 63 32 och
1308 1941 102 32 idrott
1425 1940 57 33 vid
1499 1940 103 32 rikets

103 2002 188 33 folkskolor
314 2013 44 20 m.
383 2002 31 31 fl.
440 1999 234 34 läroanstalter
697 1998 79 33 med
800 2002 46 29 ett
871 1997 121 42 belopp
1016 2008 42 21 av
1082 1997 122 39 42,000
1228 1996 133 32 kronor.

149 2055 216 33 Beträffande
400 2054 66 33 vad
502 2065 42 22 av
580 2053 252 32 motionärerna
855 2052 130 32 anförts
1010 2050 50 32 till
1083 2050 75 33 stöd
1181 2051 54 31 för
1258 2049 161 41 förslaget
1441 2047 162 33 hänvisar

104 2110 164 32 utskottet
291 2108 51 32 till
366 2108 172 32 motionen
563 2107 42 32 II:
633 2108 72 30 141.

149 2163 16 32 I
201 2162 186 41 anledning
410 2172 42 21 av
476 2160 119 33 därom
619 2160 101 32 väckt
744 2159 130 31 motion
899 2157 161 33 anvisade
1085 2158 83 31 1926
1194 2158 52 30 års
1271 2155 137 41 riksdag
1431 2154 50 32 till
1505 2153 98 42 grati-

104 2216 179 33 fikationer
315 2217 34 30 åt
372 2215 41 32 de
438 2215 53 32 för
514 2212 487 44 gymnastikundervisningen
1026 2210 58 33 vid
1108 2210 83 32 folk-
1216 2209 61 33 och
1303 2208 197 38 småskolor,
1524 2208 79 31 fort-

105 2269 291 43 sättningsskolor,
437 2269 104 40 högre
582 2267 187 32 folkskolor
810 2269 88 29 samt
932 2264 232 33 läroanstalter
1201 2264 52 32 för
1288 2263 218 32 dövstumma
1540 2261 63 32 och

104 2324 118 33 blinda
257 2322 167 34 anställda
457 2322 257 41 inspektörerna
750 2323 46 29 ett
829 2323 94 29 extra
946 2318 118 42 anslag
1087 2329 41 21 av
1153 2318 122 38 20,000
1299 2317 124 32 kronor
1447 2316 53 32 för
1523 2314 81 33 bud-

105 2379 129 41 getåret
276 2377 216 32 1926—1927
534 2379 48 29 att
617 2376 82 39 utgå
734 2373 105 42 enligt
874 2373 158 42 grunder,
1068 2382 71 22 som
1177 2382 43 22 av
1256 2370 126 42 Kungl.
1421 2369 98 41 Maj:t
1552 2368 52 33 be-

106 2431 159 33 stämdes.
315 2430 67 33 Vid
416 2429 169 42 anslagets
620 2427 195 42 beviljande
851 2426 152 33 erinrade
1039 2425 189 42 riksdagen,
1266 2428 48 28 att
1346 2422 259 43 ifrågavarande

107 2485 210 41 inspektörer
349 2485 53 31 för
425 2484 57 32 sitt
506 2483 112 32 arbete
643 2482 73 32 icke
740 2481 129 41 åtnjöte
894 2490 113 22 annan
1031 2478 202 43 gottgörelse
1258 2483 44 27 än
1325 2488 81 22 rese-
1431 2476 63 33 och
1518 2476 86 32 trak-

1644 230 148 25 Gratifika-

1614 266 98 25 tioner
1732 265 29 25 åt
1781 266 36 24 in-

1625 302 189 32 spektörerna

1631 338 44 24 för
1694 344 113 25 gymna:

1641 372 158 26 stikunder-

1643 408 153 32 visningen

1645 444 47 25 vid
1713 444 78 25 vissa

1668 479 105 25 skolor.

1673 520 96 43 [181.]

1626 576 91 32 jämte
1736 574 50 26 två
1807 575 5 24 ;

1616 613 97 23 ämnet
1726 610 103 26 väckta

1651 646 149 26 motioner.
