2220 2626
718 176 345 34 Jordbruksutskottets
1089 180 162 33 utlåtande
1277 183 49 30 Nr
1351 186 47 29 81.
1777 190 35 30 21

263 248 258 38 ovanberörda
566 253 276 48 förändringar.
902 256 80 36 Han
1029 257 66 37 har
1133 260 119 35 tillika
1282 261 196 37 verkställt
1507 264 213 49 beräkning
1749 272 113 44 angä-

261 299 95 36 ende
393 301 271 51 livförsäkring
693 306 7 34 i
732 306 176 49 förening
946 309 82 35 med
1070 310 226 38 bostadslån.
1354 313 104 37 Hans
1487 317 178 46 yttrande
1695 319 102 36 torde
1827 321 35 34 få

261 353 121 34 såsom
409 353 129 49 bilaga
554 354 23 38 ')
607 355 109 49 fogas
745 357 55 36 till
830 358 103 36 detta
964 361 195 47 protokoll.

392 404 79 35 Vad
500 405 164 37 därefter
692 412 117 45 angår
839 410 145 48 frågan,
1005 412 187 37 huruvida
1214 416 348 54 försäkringen
1496 412 67 62 bör
1581 425 112 41 göras
1716 422 143 48 obliga-

259 454 128 46 torisk,
430 456 73 36 kan
541 458 71 47 jag
654 459 81 35 icke
776 461 175 48 tillstyrka
1005 476 44 22 en
1094 465 113 36 sådan
1252 467 143 47 åtgärd.
1465 473 109 32 Även
1616 485 60 21 om
1706 473 61 36 vid
1798 474 62 35 fri-

260 505 106 47 villig
407 506 216 50 försäkring
665 510 219 37 densamma
926 514 133 35 endast
1102 516 120 36 skulle
1257 518 139 35 erhålla
1425 534 44 21 en
1495 521 279 46 jämförelsevis
1803 525 55 34 in-

256 555 156 36 skränkt
445 559 242 49 omfattning,
718 574 111 36 synes
858 564 79 47 mig
966 564 102 36 detta
1097 566 96 36 dock
1222 582 89 22 vara
1341 569 143 37 mindre
1513 573 269 49 ofördelaktigt
1810 580 46 31 än

255 619 60 22 om
370 621 137 34 genom
560 610 413 53 livförsäkringstvång
1019 617 392 47 egnahemsrörelsens
1457 623 223 50 utveckling
1725 626 130 47 skulle,

254 660 122 34 såsom
403 659 69 49 jag
499 667 77 30 tror
604 662 82 49 mig
713 664 97 36 hava
840 665 66 36 allt
934 667 81 36 skäl
1046 674 54 31 att
1129 669 138 48 befara,
1298 674 46 46 på
1365 678 51 30 ett
1437 675 246 49 synnerligen
1704 677 149 37 betänk-

253 709 72 48 ligt
353 716 74 31 sätt
456 712 180 38 hämmas.
698 716 40 48 Ej
771 717 114 36 heller
913 718 73 37 kan
1011 720 71 48 jag
1109 721 158 37 tillmäta
1296 727 126 45 någon
1451 727 181 36 avsevärd
1663 728 192 50 betydelse

252 763 38 33 åt
318 762 72 44 den
421 765 344 49 omständigheten,
796 775 54 30 att
879 770 62 36 vid
970 784 45 22 en
1045 772 55 35 till
1129 773 94 49 följd
1253 788 45 22 av
1324 776 284 50 försäkringens
1632 779 221 51 frivillighet

251 813 146 36 mindre
427 815 345 50 försäkringsstock
797 820 509 51 förvaltningskostnaderna
1327 828 118 36 skulle
1466 830 148 36 relativt
1635 832 100 36 ökas.
1781 832 71 37 Om

250 864 263 50 försäkringen
543 869 168 47 grundas
740 874 46 44 på
815 873 234 48 frivillighet,
1080 875 189 37 förenklas
1299 883 94 31 även
1424 880 262 46 förhållandet,
1712 884 58 35 för
1790 885 63 36 det

249 915 64 35 fall
356 922 56 30 att
448 918 221 48 låntagaren
707 922 115 36 redan
852 923 68 36 bar
947 925 274 51 livförsäkring
1248 929 10 34 i
1288 930 145 35 enskild
1464 932 384 50 försäkringsanstalt.

378 968 131 37 Såsom
539 970 248 39 Norrbottens
816 975 81 36 läns
926 977 350 47 egnahemsnämnd
1306 981 196 49 föreslagit
1531 985 70 34 och
1631 990 96 31 även
1755 987 94 36 riks-

248 1017 426 51 försäkringsanstalten
717 1038 112 35 synes
870 1029 203 36 eventuellt
1110 1029 161 49 förorda,
1310 1032 69 36 bör
1407 1035 208 36 emellertid
1644 1042 73 31 rätt
1746 1039 101 36 med-

246 1069 109 48 givas
396 1071 312 41 låneförmedlare
751 1082 53 31 att
833 1078 10 35 i
873 1079 183 37 särskilda
1098 1081 76 45 fall,
1205 1087 67 32 när
1300 1084 73 36 han
1403 1088 39 33 så
1471 1100 109 23 anser
1609 1089 238 50 erforderligt

245 1121 59 36 för
333 1123 243 38 säkerhetens
605 1127 214 49 stärkande,
850 1130 126 37 fordra
1004 1132 274 51 livförsäkring
1307 1150 45 22 av
1372 1151 50 22 nu
1443 1138 287 49 ifrågavarande
1750 1143 93 48 slag.

242 1172 83 37 Ifall
352 1174 223 50 låntagaren
604 1179 69 35 har
702 1181 89 36 eller
820 1182 66 35 vill
905 1188 88 42 taga
1014 1197 124 23 annan
1159 1186 228 50 försäkring,
1409 1203 79 22 som
1509 1191 336 40 låneförmedlaren

240 1225 124 36 finner
405 1228 178 36 innebära
626 1230 203 51 tillräcklig
870 1234 184 47 säkerhet,
1097 1236 68 36 bör
1208 1239 218 48 låntagaren
1462 1242 95 36 dock
1587 1249 73 43 äga
1688 1250 75 31 rätt
1791 1252 55 30 att

240 1278 218 37 överlämna
501 1280 236 39 sistnämnda
779 1284 218 50 försäkring
1025 1288 10 34 i
1065 1288 124 37 stället
1231 1290 57 36 för
1331 1305 52 35 ny
1424 1307 45 21 av
1510 1307 45 22 nu
1603 1297 140 36 avsedd
1782 1298 61 36 be-

239 1327 223 39 skaffenhet.

367 1381 201 50 Förslaget
597 1390 55 30 att
680 1386 84 47 den,
794 1401 80 23 som
903 1390 66 35 vill
998 1391 84 35 med
1111 1393 274 46 egnahemslån
1415 1396 129 37 förena
1569 1399 273 50 hvförsäkring

237 1444 45 22 av
310 1445 51 22 nu
391 1433 289 50 ifrågavarande
709 1438 95 49 slag,
834 1439 68 38 bör
930 1445 73 44 äga
1032 1442 188 38 företräde
1249 1445 56 36 till
1334 1447 215 38 erhållande
1570 1464 45 22 av
1634 1451 73 47 lån,
1729 1466 110 35 synes

235 1482 80 49 mig
344 1484 75 36 vila
446 1489 47 45 på
522 1500 46 23 en
595 1488 120 49 riktig
743 1491 211 50 åskådning
982 1493 69 36 och
1081 1478 155 67 biträdes
1261 1497 150 37 därför.

363 1536 51 36 På
456 1539 125 47 grund
624 1554 47 22 av
713 1543 71 35 vad
826 1543 507 51 riksförsäkringsanstalten
1375 1552 123 36 anfört
1535 1566 115 35 synes
1680 1556 157 37 särskild

232 1585 139 49 högsta
395 1589 251 51 åldersgräns,
666 1593 106 48 lägre
792 1600 48 31 än
860 1595 73 37 den
953 1596 59 37 för
1033 1598 216 38 erhållande
1271 1614 46 23 av
1337 1604 272 46 egnahemslån
1630 1606 205 50 bestämda,

230 1638 82 36 icke
356 1639 90 37 böra
477 1645 221 46 uppställas
740 1646 62 36 vid
844 1647 274 52 livförsäkring
1155 1651 11 35 i
1205 1652 178 49 förening
1425 1656 85 36 med
1552 1659 282 47 egnahemslån.

230 1689 71 37 Det
329 1696 41 31 är
399 1694 194 49 naturligt,
623 1701 54 31 att
705 1697 62 36 vid
795 1699 119 48 högre
943 1700 102 37 ålder
1072 1703 213 47 premierna
1313 1705 101 37 bliva
1443 1707 131 50 högre.

358 1744 66 36 Att
453 1746 173 37 använda
654 1748 321 52 karenssystemet
1003 1753 62 36 vid
1096 1767 46 23 en
1170 1755 219 51 försäkring
1408 1772 45 23 av
1473 1773 49 22 nu
1542 1761 292 49 ifrågavarande

228 1793 86 49 slag
344 1809 113 35 synes
486 1798 80 49 mig
595 1800 85 36 med
710 1801 148 50 hänsyn
887 1803 56 36 till
971 1805 73 36 vad
1072 1806 512 52 riksförsäkringsanstalten
1604 1814 127 37 anfört
1750 1816 83 36 icke

227 1845 84 36 fullt
353 1847 186 50 lämpligt,
582 1852 70 35 och
690 1852 71 50 jag
800 1854 69 36 har
911 1855 105 37 desto
1059 1856 148 39 mindre
1248 1860 80 36 skäl
1370 1867 53 31 att
1458 1863 150 38 förorda
1641 1879 45 23 en
1715 1867 115 37 sådan

226 1898 225 50 anordning,
497 1915 80 23 som
616 1903 72 49 jag
730 1918 108 24 anser
880 1907 211 38 kostnaden
1135 1910 58 36 för
1233 1911 225 52 läkarbetyg
1496 1915 91 38 böra
1620 1918 134 47 gäldas
1785 1933 45 22 av

224 1954 134 32 staten.

352 2003 520 53 Riksförsäkringsanstalten
901 2012 67 35 har
997 2018 121 31 ansett
1146 2014 194 49 påföljden
1370 2031 45 22 av
1440 2018 120 37 lånets
1581 2023 247 49 uppsägning

222 2053 63 36 vid
316 2054 261 40 försummelse
608 2064 55 31 att
692 2061 156 49 erlägga
876 2064 162 47 premier
1057 2065 33 48 ej
1118 2065 179 37 innebära
1316 2068 206 50 tillräcklig
1541 2072 175 37 säkerhet
1736 2080 90 31 utan

222 2105 169 37 förordat
431 2108 224 52 inteckning
683 2112 11 35 i
723 2112 226 49 lägenheten
987 2117 104 35 såväl
1120 2117 57 36 för
1206 2118 46 36 de
1281 2118 195 40 bestämda
1504 2124 211 47 premierna
1744 2139 80 23 som

220 2156 56 37 för
304 2157 72 38 den
405 2159 293 51 tilläggsavgift,
728 2177 79 24 som
850 2166 11 35 i
894 2167 101 36 vissa
1030 2168 64 36 fall
1124 2169 119 36 skulle
1272 2175 92 45 utgå
1391 2174 63 36 vid
1483 2174 156 51 förtidig
1666 2176 157 38 inbetal-

219 2208 94 49 ning
342 2224 45 23 av
416 2211 111 38 lånet.
574 2213 72 38 Det
665 2228 112 37 synes
799 2217 79 50 mig
898 2218 95 37 dock
1013 2225 135 44 ytterst
1168 2221 210 51 betänkligt
1398 2231 65 41 att,
1489 2226 46 36 då
1557 2227 265 52 försäkringen

304 2271 55 41 1)
377 2272 59 33 Här
456 2281 147 27 utesluten.

1931 1102 14 26 3
1965 1101 40 24 19.

1890 1468 15 26 5
1925 1467 14 23 5
1959 1469 33 22 st;
2012 1470 23 22 2.
