1866 2792
294 186 41 31 16
626 185 327 31 Bankoutskottets
970 183 185 33 utlåtande
1176 194 41 20 nr
1235 184 41 37 42
1295 183 41 32 år
1352 184 87 31 1959

292 283 177 31 sionsrätt
483 283 91 30 skall
589 282 200 31 tillkomma
804 281 179 31 ordinarie
998 281 220 39 tjänstemän
1234 280 154 30 tillsatta
1404 279 149 32 medelst
1569 280 213 30 förordnan-

295 328 41 30 de
351 327 75 31 tills
441 327 131 36 vidare,
588 327 99 30 vilka
702 326 26 31 f.
745 336 31 21 n.
794 327 72 29 inte
882 326 67 30 har
964 325 245 39 pensionsrätt
1226 325 9 30 i
1251 324 154 31 nämnda
1421 323 190 40 egenskap.
1627 324 79 31 Vad
1721 333 60 21 an-

294 372 66 39 gar
379 372 165 31 arbetare
565 371 150 31 innebär
735 371 60 30 det
815 379 70 30 nya
908 371 172 38 systemet
1102 369 183 31 såtillvida
1307 377 41 22 en
1370 368 240 40 utsträcknng
1633 378 45 21 av
1700 377 81 31 pen-

294 416 219 30 sionsrätten
534 425 75 21 som
629 416 90 30 även
739 414 134 31 sådana
893 414 175 36 arbetare,
1090 423 76 21 som
1187 413 131 30 hittills
1338 413 126 30 endast
1483 413 139 30 kunnat
1640 412 39 31 få
1700 422 81 31 pen-

293 460 77 30 sion
389 460 112 39 enligt
518 460 40 31 de
577 469 27 21 s.
624 459 33 31 k.
678 459 239 31 summariska
937 457 497 40 pensionsbestämmelserna,
1456 457 57 31 får
1533 457 147 39 formlig
1699 466 82 31 pen-

294 504 176 30 sionsrätt
487 504 110 39 enligt
614 504 61 30 det
691 513 70 30 nya
778 503 243 39 reglementet.

338 558 71 30 För
423 557 178 31 ordinarie
619 557 65 31 och
701 558 102 29 extra
819 556 179 31 ordinarie
1014 556 222 39 tjänstemän
1252 555 92 31 skall
1362 555 127 31 liksom
1504 555 25 31 f.
1548 564 32 22 n.
1599 555 182 39 pensions-

294 602 119 30 rätten
435 610 86 22 vara
542 601 119 31 direkt
681 601 134 30 knuten
836 601 55 29 till
913 600 391 38 anställningsformen.
1327 599 237 31 Beträffande
1586 599 113 31 andra
1721 608 60 21 an-

293 646 326 38 ställningshavare
633 645 42 31 är
688 645 157 30 inträdet
859 655 44 20 av
916 644 245 40 pensionsrätt
1174 644 174 31 beroende
1363 654 45 21 av
1421 645 55 29 att
1490 644 97 31 vissa
1601 643 180 31 särskilda

293 690 130 31 villkor
439 691 41 29 är
495 690 196 39 uppfyllda.
709 689 121 31 Delvis
847 690 41 29 är
904 689 128 30 härvid
1048 688 106 40 fråga
1172 698 57 21 om
1245 688 135 31 sådana
1396 688 139 37 villkor,
1554 697 77 22 som
1648 689 11 29 i
1676 688 104 39 prak-

294 734 98 31 tiken
412 734 113 39 gäller
544 735 89 30 även
653 734 60 30 för
732 734 216 30 innehavare
969 743 45 21 av
1034 733 179 31 ordinarie
1235 733 85 30 eller
1340 734 103 30 extra
1464 732 179 31 ordinarie
1664 733 118 38 tjänst

293 778 46 39 på
353 779 117 38 grund
485 788 45 21 av
544 778 357 40 förutsättningarna
916 778 60 31 för
991 778 153 30 innehav
1159 786 45 22 av
1220 777 112 31 sådan
1348 777 125 39 tjänst,
1491 786 81 22 men
1588 777 194 31 därutöver

294 823 66 30 har
380 832 78 21 som
479 823 148 31 särskilt
649 822 130 31 villkor
800 823 59 30 för
880 822 245 39 pensionsrätt
1148 822 168 39 angivits,
1341 824 56 28 att
1419 821 246 40 tjänstgöring
1689 821 92 31 skall

293 868 45 29 ha
359 867 187 39 fullgjorts
567 868 10 29 i
599 868 75 30 viss
695 867 133 31 minsta
848 866 232 39 omfattning.
1102 867 110 30 Detta
1233 866 130 31 villkor
1383 865 183 40 angående
1588 865 192 31 kvalifika-

293 912 151 30 tionstid
458 931 45 3 —
518 921 76 21 som
611 912 10 29 i
637 912 156 30 motsats
808 911 55 30 till
879 911 253 31 motsvarande
1148 910 60 31 för
1224 910 165 31 arbetare
1406 920 47 21 nu
1470 910 165 40 gällande
1652 910 130 31 villkor

292 956 92 30 skall
405 955 267 40 upprätthållas
693 955 227 40 fortlöpande
942 975 45 3 —
1008 955 157 37 innebär,
1189 956 56 30 att
1267 954 399 39 anställningshavaren
1688 954 93 31 skall

292 1000 112 30 under
419 1000 66 31 den
500 1002 141 29 senaste
658 1000 167 39 perioden
841 1009 45 21 av
901 1000 43 31 36
960 999 344 31 kalendermånader
1319 1000 10 29 i
1345 999 220 39 anställning
1582 1008 77 22 som
1676 1008 104 22 avses

293 1045 9 29 i
314 1045 233 38 reglementet
559 1045 120 30 kunna
692 1044 154 39 åberopa
859 1044 246 39 tjänstgöring
1124 1044 102 35 (eller
1238 1044 69 31 vad
1318 1044 146 31 därmed
1477 1044 111 38 enligt
1600 1043 180 31 särskilda

293 1088 116 39 regler
430 1088 191 35 likställes)
648 1089 114 30 under
782 1088 241 39 sammanlagt
1043 1088 110 31 minst
1175 1087 42 31 21
1240 1088 94 37 eller,
1358 1088 57 31 för
1437 1088 66 30 den
1526 1097 77 21 som
1626 1087 154 40 tidigare

292 1133 94 30 varit
404 1133 245 30 underkastad
668 1132 151 40 statliga
837 1132 450 41 pensionsbestämmelser,
1308 1132 19 31 9
1347 1132 179 31 månader.

337 1186 125 38 Enligt
480 1186 234 39 reglementet
733 1186 87 39 äger
837 1185 130 40 Kungl.
988 1185 120 39 Maj:t,
1129 1186 66 30 där
1215 1185 40 31 så
1275 1184 118 32 finnes
1413 1184 162 41 påkallat
1594 1184 81 31 med
1694 1185 86 30 hän-

293 1239 66 29 syn
378 1231 55 29 till
455 1230 274 31 förhållandena
752 1230 94 31 inom
867 1230 93 31 visst
981 1229 389 40 förvaltningsområde
1393 1229 85 31 eller
1499 1229 180 31 särskilda
1702 1228 78 32 skäl

294 1274 121 30 därtill
430 1275 104 38 eljest
548 1275 206 39 föreligger,
771 1275 182 37 förordna,
969 1278 55 28 att
1039 1276 9 29 i
1064 1275 122 31 stället
1200 1275 59 30 för
1275 1275 69 30 vad
1358 1276 10 30 i
1383 1274 234 40 reglementet
1631 1274 148 39 angives

291 1319 11 29 i
318 1318 106 40 fråga
442 1328 56 21 om
514 1317 407 41 halvtidstjänstgöring
938 1319 65 31 och
1020 1318 330 31 kvalifikationstid
1366 1318 92 31 skall
1475 1318 74 31 helt
1565 1318 87 30 eller
1667 1317 113 31 delvis

291 1363 94 39 gälla
404 1363 112 30 andra
534 1363 131 31 villkor
683 1363 231 31 beträffande
934 1362 392 40 sysselsättningsgrad
1345 1363 65 31 och
1430 1362 154 39 tidigare
1605 1362 176 39 fullgjord

291 1387 19 50 t
308 1407 238 39 jänstgöring.
561 1408 69 30 Det
644 1408 68 30 har
724 1407 207 37 förutsatts,
947 1409 56 29 att
1016 1407 180 31 avvikelse
1211 1406 83 31 från
1309 1402 252 59 reglementets
1575 1406 131 31 villkor
1719 1415 60 21 an-

291 1451 134 39 gående
448 1452 109 30 minst
580 1450 408 42 halvtidstjänstgöring
1011 1453 65 29 och
1100 1450 330 32 kvalifikationstid
1453 1452 10 29 i
1486 1451 197 30 allmänhet
1706 1451 73 30 inte

291 1475 64 51 ska
359 1496 23 29 ll
399 1496 117 39 göras.
534 1496 235 39 Möjligheten
787 1498 55 29 att
859 1496 161 30 meddela
1039 1495 332 32 särbestämmelser
1389 1497 66 29 har
1473 1495 208 39 tillskapats
1700 1495 78 31 med

293 1539 107 32 tanke
418 1540 44 39 på
478 1540 74 31 dels
569 1540 98 31 vissa
684 1541 334 39 personalgrupper,
1037 1550 75 21 som
1130 1541 131 31 hittills
1279 1541 136 31 kunnat
1433 1541 111 39 enligt
1561 1541 217 39 reglemente

290 1584 85 31 eller
394 1584 178 31 särskilda
594 1584 272 31 bestämmelser
887 1584 236 31 tillerkännas
1144 1584 149 39 pension
1315 1584 60 31 vid
1395 1583 111 40 något
1527 1584 99 39 lägre
1648 1583 130 40 syssel-

290 1628 273 39 sättningsgrad
576 1630 45 29 än
636 1629 149 36 halvtid,
800 1629 74 31 dels
887 1629 98 31 vissa
999 1630 96 38 slags
1109 1630 273 38 anställningar,
1397 1629 59 31 vid
1469 1629 96 31 vilka
1579 1629 196 31 arbetsför-

290 1672 213 31 hållandena
532 1673 41 30 är
601 1672 147 37 sådana,
780 1674 55 29 att
854 1673 41 31 de
916 1674 10 29 i
946 1673 233 39 reglementet
1200 1673 148 38 intagna
1366 1672 319 31 bestämmelserna
1706 1672 73 31 inte

290 1716 191 40 lämpligen
501 1717 69 30 kan
588 1716 184 41 tillämpas
791 1717 230 31 beträffande
1040 1718 88 30 dem.

333 1770 383 40 Avgångsskyldighet
736 1779 44 22 m.
800 1779 45 22 m.
869 1770 40 38 (4
930 1772 66 29 och
1016 1771 19 30 5
1057 1772 41 35 $$
1118 1769 266 40 reglementet).
1406 1769 216 31 Nuvarande
1642 1771 137 38 system

288 1814 80 30 med
382 1814 437 40 pensioneringsperioder
833 1814 205 37 bibehålles,
1056 1814 115 31 likaså
1187 1824 47 21 nu
1250 1814 164 40 gällande
1430 1814 179 40 principer
1624 1813 154 40 angåen-

289 1858 41 31 de
352 1859 331 39 anställningarnas
705 1859 220 39 inplacering
947 1860 10 29 i
981 1860 40 30 de
1044 1859 115 31 skilda
1181 1858 494 40 pensioneringsperioderna.
1699 1858 80 31 Vad

288 1902 183 31 beträffar
483 1903 245 39 anordningen
742 1904 79 30 med
835 1903 155 31 anstånd
1003 1904 79 30 med
1096 1904 135 30 avsked
1245 1904 119 39 slopas
1379 1903 88 31 dock
1481 1903 207 31 nuvarande
1704 1903 73 30 for-

288 1947 105 30 mella
418 1947 244 39 begränsning
687 1957 45 21 av
757 1947 294 32 anståndstidens
1078 1948 117 38 längd,
1224 1949 65 29 och
1316 1947 121 31 vidare
1463 1947 227 31 underlättas
1716 1956 61 21 an-

288 1991 320 40 ständsfrågornas
628 1992 217 40 behandling
865 2001 128 30 genom
1011 1993 74 30 viss
1104 1993 313 39 procedurmässig
1436 1991 214 40 förenkling.

333 2044 51 30 De
407 2054 69 29 nya
500 2045 164 39 reglerna
688 2054 57 21 om
768 2045 371 39 avgångsskyldighet
1161 2045 46 40 på
1231 2046 116 39 grund
1370 2055 44 21 av
1437 2045 168 40 sjukdom
1629 2045 148 30 innebär

288 2088 96 31 vissa
397 2089 195 39 ändringar
605 2090 10 29 i
628 2089 226 32 förhållande
867 2090 55 30 till
933 2091 70 30 vad
1015 2099 76 21 som
1104 2099 47 22 nu
1164 2090 122 40 gäller.
1300 2090 30 29 Å
1343 2100 65 21 ena
1421 2090 102 32 sidan
1535 2090 170 39 utvidgas
1718 2098 58 22 av-

287 2133 369 40 gångsskyldigheten
670 2133 41 31 så
725 2136 56 30 att
795 2135 65 30 den
874 2135 71 30 kan
959 2136 107 38 göras
1081 2134 166 39 gällande
1261 2135 133 39 jämväl
1410 2136 183 38 gentemot
1606 2135 78 36 den,
1699 2143 78 21 som

287 2177 95 31 varit
398 2177 180 40 sjukledig
594 2179 115 30 under
724 2178 62 32 två
803 2178 42 31 år
861 2180 65 29 och
945 2179 230 31 beträffande
1193 2179 119 31 vilken
1330 2179 110 39 enligt
1458 2178 318 40 medicinalstyrel-

288 2230 81 22 sens
389 2222 218 30 bedömande
627 2222 197 39 föreligger
844 2223 101 30 såväl
965 2223 228 31 sannolikhet
1214 2224 58 30 för
1293 2226 55 29 att
1368 2224 70 30 han
1459 2224 73 30 inte
1554 2223 71 30 kan
1646 2223 130 31 återin-

287 2266 105 30 träda
407 2267 9 29 i
432 2266 121 31 arbete
568 2267 96 30 inom
679 2267 211 40 ytterligare
905 2270 54 29 ett
973 2267 41 31 år
1028 2277 76 21 som
1119 2267 161 31 ovisshet
1295 2267 182 39 angående
1493 2268 122 30 vidare
1631 2268 145 30 utveck-

287 2310 74 39 ling
377 2320 45 21 av
440 2311 325 39 arbetsförmågan.
785 2311 30 31 Å
833 2312 112 31 andra
964 2313 101 30 sidan
1084 2313 106 38 göres
1209 2313 120 29 rätten
1347 2313 54 30 till
1420 2312 233 39 sjukpension
1673 2321 102 30 gene-

288 2358 80 30 rellt
384 2358 174 30 beroende
576 2367 44 21 av
637 2360 57 29 att
712 2357 399 39 anställningshavaren
1129 2366 45 21 av
1192 2356 264 31 vederbörande
1475 2356 210 39 myndighet
1704 2357 72 29 för-

288 2402 121 31 klaras
430 2402 142 40 skyldig
592 2404 57 29 att
669 2402 102 39 avgå.
793 2402 133 30 Rätten
947 2402 55 30 till
1023 2401 233 40 sjukpension
1277 2401 92 30 skall
1389 2410 44 22 m.
1456 2410 29 22 a.
1509 2411 29 20 o.
1561 2401 73 30 inte
1656 2400 121 31 såsom

288 2447 25 30 f.
337 2456 31 21 n.
391 2447 121 30 kunna
534 2456 87 21 vara
643 2446 172 39 betingad
838 2455 44 22 av
904 2448 81 29 rent
1008 2445 221 31 medicinska
1253 2445 249 37 indikationer,
1526 2446 88 30 utan
1639 2445 59 31 för
1720 2447 57 28 att

286 2492 119 29 rätten
424 2491 92 30 skall
534 2491 217 39 uppkomma
769 2490 186 31 erfordras
973 2490 192 36 dessutom,
1185 2491 56 30 att
1259 2491 60 29 det
1338 2489 72 31 inte
1428 2490 163 30 befinnes
1612 2489 164 40 lämpligt
