2238 2644
628 218 408 33 Konstitutionsutskottets
1066 218 172 34 Utlåtande
1261 219 64 32 N:o
1352 222 30 29 5.
1795 223 18 30 5

214 301 206 47 befattning
461 301 77 35 icke
581 313 60 24 sex
675 303 38 34 år
751 302 178 45 innehaft,
972 304 57 34 må
1057 302 143 36 dermed
1228 303 56 36 till
1313 303 207 47 riksdagens
1544 304 74 36 slut
1647 305 163 46 fortfara,

212 354 91 36 ändå
332 356 54 34 att
413 355 114 36 under
554 355 100 36 tiden
683 367 60 24 sex
766 357 38 34 år
832 356 80 35 från
942 356 95 36 valet
1065 356 154 49 förflyta.

970 482 20 46 8
1024 484 33 34 9.

320 570 73 36 Till
420 570 196 36 ledamöter
643 571 13 35 i
683 571 125 36 Första
832 572 221 35 Kammaren
1077 572 123 36 kunna
1228 573 127 36 endast
1385 573 108 48 väljas
1512 576 95 42 män,
1628 586 77 24 som
1726 587 88 36 upp-

214 625 80 34 nått
333 624 199 48 trettiofem
571 626 56 34 års
661 625 97 35 ålder
800 627 93 34 samt
936 638 65 35 ega
1038 626 66 35 och
1132 627 111 35 minst
1269 628 54 35 tre
1353 628 38 34 år
1419 629 80 33 näst
1526 602 81 61 före
1630 628 95 36 valet
1753 630 62 46 egt

214 678 174 46 fastighet
414 664 63 49 till
498 679 300 47 taxeringsvärde,
829 680 31 47 ej
892 680 278 47 understigande
1198 679 223 37 sextiotusen
1445 681 171 36 riksdaler
1644 682 85 35 eller
1749 682 67 36 ock

214 731 57 35 till
299 733 116 34 staten
446 731 153 49 erlägga
623 735 92 33 samt
738 733 114 35 under
880 734 65 45 tid,
975 746 76 23 som
1076 746 84 36 nyss
1188 738 37 32 är
1248 735 117 47 sagdt,
1391 733 119 49 erlagt
1539 733 201 50 bevillning
1747 736 69 47 för

207 784 187 48 fastighet
423 784 88 36 eller
537 784 170 47 inkomst,
737 759 277 80 sammanlagdt
1038 787 36 49 ej
1095 787 296 49 understigande
1420 787 72 36 den
1510 787 68 49 för
1593 788 223 37 sextiotusen

214 837 187 37 riksdaler
430 838 47 48 af
484 838 187 49 fastighet
699 838 187 50 utgående
916 840 210 49 bevillning.
1170 842 177 36 Kommer
1365 842 258 48 riksdagsman,
1645 843 91 36 efter
1755 844 61 35 det

213 892 72 35 han
325 892 82 36 vald
449 893 132 45 blifvit,
616 894 13 34 i
656 894 68 35 den
753 894 182 48 ställning,
965 897 54 34 att
1048 896 70 35 han
1143 897 30 46 ej
1203 896 122 48 längre
1354 896 116 35 skulle
1494 897 92 35 varit
1615 897 120 36 valbar
1758 897 58 36 till

214 945 157 36 ledamot
394 946 13 35 i
435 947 233 45 Kammaren,
698 948 198 36 frånträder
924 949 71 35 han
1024 949 54 35 sin
1108 950 216 47 befattning.

962 1075 22 46 8
1017 1076 59 35 12.

321 1161 263 48 Riksdagsman
625 1163 13 35 i
679 1163 126 36 Första
846 1164 221 35 Kammaren
1105 1162 166 50 åtnjuter
1300 1164 49 48 af
1365 1164 214 37 statsmedel
1608 1165 207 62 ersättning

206 1213 68 49 för
301 1214 242 37 resekostnad
570 1215 57 36 till
654 1216 66 35 och
738 1215 99 48 från
865 1216 213 49 riksdagen.
1127 1218 77 35 Vill
1224 1219 69 35 han
1327 1219 250 47 befattningen
1601 1220 55 47 sig
1682 1221 132 46 afsäga,

216 1281 82 34 eger
339 1269 71 35 han
453 1269 62 35 det
557 1273 84 43 göra
679 1270 60 35 vid
767 1270 218 36 valtillfället
1013 1271 84 35 eller
1126 1272 209 45 sedermera,
1367 1273 129 35 mellan
1525 1273 195 48 riksdagar,
1751 1274 65 63 hos

215 1322 228 47 Konungens
472 1323 427 47 befallningshafvande.;
1139 1340 4 4 :

322 1429 37 36 af
387 1429 82 36 herr
495 1428 194 43 Elowson;
718 1432 92 34 samt

323 1536 37 35 af
388 1537 81 35 herr
496 1535 133 37 Hedin
657 1538 82 36 med
766 1538 358 48 tillkännagifvande,
1155 1541 54 34 att
1247 1541 70 35 han
1346 1541 108 48 yrkat
1478 1541 100 36 bifall
1607 1542 56 35 till
1689 1542 126 35 motio-

216 1592 126 33 närens
366 1590 143 47 förslag.

323 1812 97 35 Herr
458 1810 138 37 Vahlin
626 1814 63 34 har
713 1814 93 35 velat
835 1815 150 45 anmäla,
1017 1817 53 34 att
1098 1816 68 35 han
1197 1817 31 46 ej
1259 1816 151 47 deltagit
1433 1817 12 34 i
1468 1817 165 35 ärendets
1662 1817 154 35 behand-

216 1864 78 48 ling
321 1865 99 36 inom
450 1866 188 36 utskottet.

311 2349 71 32 Bih.
411 2349 52 33 till
485 2351 111 31 Riksd.
627 2351 82 33 Prot.
739 2354 91 30 1894.
881 2355 21 29 3
928 2353 104 33 Saml.
1084 2357 20 28 5
1132 2355 90 41 Häft.
1253 2356 3 4 '
1759 2360 18 19 2
