1857 2832
416 212 118 33 Första
549 213 236 40 lagutskottets
801 215 173 32 utlåtande
990 227 39 20 nr
1044 219 16 28 1
1081 216 36 31 år
1131 219 81 29 1969
1541 228 13 26 1

756 461 119 43 Nr
842 457 37 58 1

302 625 193 35 Utlåtande
519 627 10 33 i
551 627 188 43 anledning
762 641 46 21 av
830 629 194 34 verkställd
1047 631 212 42 granskning
1283 644 45 21 av
1351 632 204 43 riksdagens

525 681 252 35 ombudsmäns
798 682 365 44 ämbetsförvaltning.

115 822 150 34 Jämlikt
283 826 43 30 42
349 824 15 39 $
385 827 20 30 2
423 837 108 21 mom.
549 825 353 45 riksdagsordningen
919 827 65 34 har
1001 827 111 35 första
1131 829 237 42 lagutskottet
1386 830 167 43 granskat

71 876 202 43 riksdagens
294 877 253 35 ombudsmäns
569 879 356 45 ämbetsförvaltning
945 882 111 34 under
1079 883 38 33 år
1140 886 99 31 1968.
1261 883 70 34 För
1352 884 202 34 ändamålet

70 930 64 33 har
150 930 179 36 utskottet
345 931 79 35 från
440 933 530 45 ombudsmannaexpeditionen
987 936 168 43 mottagit
1173 937 72 34 dels
1263 938 43 34 de
1324 938 136 40 diarier,
1478 950 72 22 som

70 983 89 34 förts
178 985 64 33 där
261 986 156 33 nämnda
437 987 48 39 år,
506 987 72 33 dels
598 988 175 42 protokoll
793 992 84 30 över
896 990 42 33 de
959 1002 45 21 av
1023 990 305 34 ombudsmännen
1348 992 112 33 under
1478 993 73 33 året

70 1037 216 36 verkställda
310 1039 297 43 inspektionerna,
633 1041 71 34 dels
730 1042 66 34 ock
821 1043 262 43 expeditionens
1109 1044 206 43 registratur
1339 1044 55 35 för
1418 1058 134 22 samma

71 1092 48 33 år.
135 1092 188 42 Därjämte
339 1093 65 34 har
419 1094 305 35 ombudsmännen
741 1096 166 34 företrätt
923 1097 92 34 inför
1030 1098 179 34 utskottet
1225 1099 65 33 och
1308 1100 135 33 lämnat
1460 1100 93 33 vissa

70 1146 179 34 allmänna
268 1147 254 43 upplysningar
540 1148 66 34 och
625 1149 221 43 synpunkter
865 1150 66 34 och
950 1150 65 34 har
1034 1152 47 42 på
1100 1152 148 34 särskild
1269 1152 153 43 begäran
1441 1153 111 34 hand-

70 1199 159 43 lingarna
244 1201 147 34 rörande
407 1201 93 34 vissa
515 1214 46 21 av
576 1203 304 34 ombudsmännen
896 1204 201 44 handlagda
1112 1206 152 34 ärenden
1280 1206 119 35 hållits
1414 1207 137 34 utskot-

71 1257 53 29 tet
141 1253 53 34 till
210 1253 131 35 handa.

115 1305 93 36 Över
226 1308 68 34 den
313 1320 147 23 numera
476 1308 221 36 fullbordade
713 1311 259 43 granskningen
990 1311 55 35 får
1062 1312 179 35 utskottet
1258 1313 147 35 härmed
1425 1315 126 42 avgiva

69 1361 197 34 utlåtande.

114 1540 53 33 På
184 1540 130 44 förslag
333 1554 45 21 av
399 1548 236 28 sammansatt
654 1543 270 35 konstitutions-
945 1545 66 34 och
1031 1545 112 35 första
1161 1546 199 43 lagutskott
1384 1547 164 42 (1967:1)

71 1594 112 34 beslöt
205 1594 185 45 riksdagen
414 1596 68 35 den
507 1600 41 30 14
572 1598 183 34 december
779 1602 99 37 1967,
902 1603 56 30 att
981 1599 203 44 riksdagens
1207 1600 236 35 ombudsmän
1467 1601 85 34 skall

71 1660 86 21 vara
176 1652 54 30 tre
250 1649 65 34 och
335 1650 96 34 bilda
449 1655 54 30 ett
521 1657 218 37 gemensamt
758 1652 151 34 ämbete.
929 1653 121 34 Envar
1068 1654 88 34 skall
1176 1654 85 34 bära
1280 1654 102 35 titeln
1401 1654 151 43 justitie-

69 1701 236 35 ombudsman
332 1703 65 34 och
423 1704 68 34 den
516 1716 262 31 gemensamma
804 1706 283 43 organisationen
1111 1707 111 34 kallas
1249 1707 202 44 riksdagens
1479 1721 72 21 om-

69 1755 437 45 budsmannaexpedition.
522 1757 82 35 Som
618 1759 173 43 riktlinjer
803 1759 55 35 för
872 1760 359 44 arbetsfördelningen
1245 1762 128 33 mellan
1387 1761 165 35 ombuds-

69 1811 154 31 männen
239 1809 112 35 skulle
366 1811 91 42 gälla
473 1816 55 29 att
544 1824 43 21 en
603 1812 234 34 ombudsman
853 1812 109 35 borde
976 1816 69 31 öva
1058 1814 120 43 tillsyn
1193 1817 84 31 över
1292 1815 261 40 vårdområdet,

68 1861 225 35 omfattande
318 1863 127 35 främst
471 1864 125 34 barna-
622 1865 65 34 och
712 1866 319 42 ungdomsvården,
1055 1866 353 44 nykterhetsvården,
1433 1867 120 36 social-

69 1915 144 40 vården,
238 1916 215 42 sjukvården
476 1917 66 34 och
565 1918 309 41 kriminalvården,
898 1925 94 28 samt
1014 1923 84 31 över
1119 1921 244 42 angränsande
1385 1922 168 33 områden

69 1967 126 35 främst
218 1969 357 44 socialförsäkringen.
599 1971 56 34 En
676 1971 236 35 ombudsman
934 1973 108 34 borde
1063 1973 46 34 ha
1131 1974 120 43 tillsyn
1274 1977 84 32 över
1379 1974 173 35 försvaret

69 2027 93 29 samt
187 2022 190 44 taxerings-
402 2023 66 34 och
492 2024 362 43 uppbördsväsendet.
878 2026 81 34 Den
981 2026 114 43 tredje
1116 2027 305 35 ombudsmannen
1446 2028 107 35 borde

69 2087 104 22 svara
196 2075 56 34 för
274 2076 343 44 civilförvaltningen
639 2078 11 33 i
671 2078 127 43 övrigt,
821 2078 46 35 bl.
890 2092 31 21 a.
943 2079 401 44 utbildningsväsendet,
1365 2081 99 44 plan-
1486 2081 64 35 och

69 2128 356 44 byggnadsväsendet
444 2130 65 35 och
529 2131 386 41 lantmäteriväsendet,
935 2135 168 32 ävensom
1122 2134 152 35 ärenden
1293 2135 180 42 angående
1492 2136 59 34 all-

68 2185 132 32 männa
218 2182 225 44 handlingars
463 2183 233 44 offentlighet.
714 2184 180 44 Tillsynen
913 2189 84 31 över
1014 2186 240 35 domstolarna
1271 2195 93 29 samt
1383 2189 169 43 åklagar-,

68 2236 104 43 polis-
194 2236 67 34 och
283 2237 377 34 exekutionsväsendet
682 2237 206 36 förutsattes
911 2239 103 34 delad
1035 2240 128 34 mellan
1183 2241 43 34 de
1246 2242 65 33 två
1331 2242 221 35 sistnämnda

68 2289 317 35 ombudsmännen.
406 2290 70 34 För
499 2291 42 33 de
564 2295 54 30 tre
641 2291 305 35 ombudsmännen
968 2292 111 35 skulle
1100 2293 114 35 finnas
1238 2295 64 34 två
1324 2295 228 35 ställföreträ-

69 2344 94 34 dare.
180 2343 204 44 Riksdagen
401 2344 113 35 beslöt
533 2344 121 35 vidare
671 2349 56 30 att
744 2345 133 35 inrätta
895 2350 55 31 ett
967 2347 267 44 samrådsorgan
1253 2348 95 35 inom
1367 2349 184 44 riksdagen

69 2397 55 34 för
144 2401 56 30 att
220 2398 56 33 stå
294 2398 306 34 ombudsmännen
619 2399 53 34 till
692 2399 90 34 buds
801 2399 55 34 för
874 2400 248 44 överläggning
1141 2414 58 21 om
1217 2402 118 42 frågor
1353 2415 45 22 av
1416 2404 135 42 organi-

68 2451 152 34 satorisk
245 2455 66 30 art.
338 2450 169 45 Slutligen
535 2456 108 39 antog
668 2452 186 44 riksdagen
881 2465 43 22 en
950 2466 49 30 ny
1026 2454 215 35 instruktion
1269 2455 54 34 för
1350 2456 203 44 riksdagens

68 2504 247 41 ombudsmän,
342 2505 117 34 vilken
486 2505 205 35 utfärdades
719 2506 68 34 den
813 2509 43 31 29
884 2507 183 35 december
1094 2510 87 32 1967
1208 2509 67 34 och
1300 2509 115 44 intogs
1443 2511 71 35 dels
1540 2511 12 34 i

68 2557 136 35 Svensk
223 2557 380 44 författningssamling
625 2559 115 44 (1967:
755 2560 80 43 928)
858 2561 65 33 och
944 2561 72 33 dels
1036 2561 9 33 i
1066 2561 221 44 Riksdagens
1307 2563 245 44 författnings-

71 2632 10 22 1
96 2644 33 4 —
142 2629 101 33 Bihang
258 2629 38 26 till
309 2630 148 31 riksdagens
470 2631 129 31 protokoll
611 2633 72 23 1969.
699 2634 14 22 9
727 2632 72 25 saml.
820 2634 6 23 1
842 2632 59 25 avd.
915 2632 40 25 Nr
967 2635 12 22 1
