1912 2828
286 146 40 31 60
680 149 117 31 Andra
818 149 237 37 lagutskottets
1078 148 176 31 utlåtande
1275 149 49 30 Nr
1357 149 49 30 54.

337 234 113 36 Enligt
477 233 11 30 i
518 228 175 36 Österrike
720 234 158 36 gällande
903 233 259 30 bestämmelser
1190 232 55 31 får
1272 232 188 30 befordran
1488 241 43 21 av
1559 234 46 28 ett
1632 231 163 36 tämligen

293 279 83 27 stort
398 276 94 29 antal
513 285 112 26 varor,
650 274 115 31 såsom
787 276 42 34 öl,
853 275 38 35 is,
915 274 121 37 mjölk,
1061 275 96 35 bröd,
1183 275 145 30 levande
1352 273 90 37 djur,
1466 272 247 37 mineraloljor,
1739 274 55 29 ke-

293 318 157 30 mikalier
475 318 66 29 och
567 317 278 30 konditorivaror
870 318 63 35 äga
960 327 79 20 rum
1065 317 78 30 med
1170 317 258 36 specialvagnar
1456 319 85 27 utan
1568 315 137 30 särskilt
1730 315 65 30 till-

293 359 110 35 stånd,
429 358 170 38 varjämte
624 360 159 29 handels-
810 360 65 29 och
900 359 290 30 trafikministern
1215 359 71 30 kan
1314 359 10 29 i
1351 358 171 30 särskilda
1551 358 61 30 fall
1639 358 157 36 medgiva

292 401 194 37 ytterligare
510 402 188 35 undantag.

338 443 113 37 Enligt
476 443 9 30 i
512 443 137 36 Ungern
677 443 159 36 gällande
860 443 259 30 bestämmelser
1144 444 38 29 är
1209 443 164 29 likaledes
1397 445 178 33 transport
1600 451 42 21 av
1668 444 46 28 ett
1740 450 55 21 av-

294 486 110 29 sevärt
432 485 96 30 antal
554 494 111 26 varor,
695 485 243 30 företrädesvis
965 485 396 36 livsmedelsprodukter,
1388 484 76 30 icke
1492 484 237 30 underkastad
1756 484 41 29 de

292 527 304 36 inskränkningar,
618 536 74 21 som
713 527 10 29 i
743 527 110 36 övrigt
876 527 89 36 gälla
986 526 56 30 för
1064 527 298 36 godstransporter
1382 526 81 30 med
1486 526 200 30 automobil.

337 592 352 37 Trafikutredningen
707 593 102 30 anför
825 593 131 30 vidare:

337 643 57 30 Ett
411 644 145 29 aktuellt
574 643 170 37 spörsmål
762 644 38 29 är
818 643 132 37 frågan,
970 643 182 36 huruvida,
1172 644 10 29 i
1203 643 246 36 motsvarighet
1466 643 53 30 till
1539 643 90 30 vissa
1650 643 146 30 bestäm-

293 686 122 29 melser
434 685 9 30 i
460 686 164 30 utländsk
640 687 78 34 rätt,
735 688 213 34 transporter
967 695 44 21 av
1027 685 91 31 vissa
1134 686 90 36 slags
1241 695 112 26 varor,
1373 684 115 32 såsom
1504 688 24 27 t.
1546 694 51 21 ex.
1617 694 42 21 av
1676 684 120 37 mjölk,

292 726 205 38 trädgårds-,
533 728 196 29 lantbruks-
764 728 81 29 eller
878 727 322 37 mejeriprodukter,
1238 728 137 29 timmer
1401 728 66 30 och
1493 727 303 36 skogsprodukter,

292 769 182 37 flyttsaker
492 779 45 20 m.
558 779 56 26 m.,
633 770 85 29 böra
735 770 71 30 helt
824 770 64 30 och
906 769 107 31 hållet
1031 770 81 30 eller
1129 770 10 30 i
1158 770 91 30 vissa
1269 770 193 30 avseenden
1480 770 219 35 undantagas
1718 768 79 31 från

292 811 263 37 tillämpningen
574 820 43 21 av
633 812 42 29 de
692 811 55 30 för
764 812 66 29 den
849 812 178 30 allmänna
1045 812 343 30 automobiltrafiken
1406 812 10 30 i
1434 812 111 35 övrigt
1565 812 157 35 gällande
1742 812 54 29 be-

293 853 223 30 stämmelser.
562 853 49 30 De
633 853 139 36 förslag,
794 863 74 20 som
887 854 58 29 vid
965 854 94 30 olika
1079 854 159 30 tillfällen
1259 853 241 31 framkommit
1522 854 10 29 i
1554 853 123 31 sådant
1698 853 98 37 syfte,

293 895 137 29 särskilt
457 894 38 31 så
520 895 61 30 vitt
607 898 214 33 transporter
845 905 42 20 av
913 894 111 37 mjölk
1053 895 116 37 angår,
1197 897 60 29 äro
1286 896 278 36 huvudsakligen
1592 895 205 30 föranledda

293 945 42 21 av
359 937 156 30 intresset
541 946 43 21 av
609 939 48 27 att
684 937 119 36 dylika
826 940 215 33 transporter
1065 937 57 31 må
1147 938 121 29 kunna
1295 938 175 30 anordnas
1495 941 86 26 utan
1606 938 122 29 hinder
1755 946 42 21 av

292 977 38 31 så
351 978 194 37 vittgående
567 978 303 37 inskränkningar,
893 988 76 21 som
992 980 120 29 kunna
1133 988 100 22 anses
1258 979 211 31 motiverade
1493 980 56 29 för
1573 979 223 30 varuforslin-

292 1026 63 29 gen
377 1020 79 30 med
476 1020 154 30 lastbilar
651 1020 11 30 i
682 1020 121 37 övrigt.

338 1062 78 30 Med
442 1062 169 30 avseende
635 1061 21 31 å
680 1062 93 31 detta
798 1061 170 38 spörsmål
994 1063 98 30 torde
1117 1063 51 30 till
1193 1073 43 20 en
1261 1062 126 38 början
1412 1064 86 29 böra
1523 1063 142 36 erinras,
1691 1066 49 27 att
1765 1063 33 30 vi

292 1106 108 27 avsett
420 1106 49 28 att
491 1112 123 29 genom
636 1104 319 37 individualisering
975 1114 43 21 av
1038 1104 309 31 trafiktillstånden
1367 1104 205 38 möjliggöra
1594 1105 55 30 för
1671 1106 42 29 de
1732 1106 65 29 till-

293 1145 316 37 ståndsbeviljande
631 1146 287 37 myndigheterna
939 1149 49 28 att
1009 1147 178 36 tillgodose
1209 1147 170 30 särskilda
1400 1147 224 30 trafikbehov
1644 1150 84 27 utan
1750 1150 48 27 att

293 1188 173 36 samtidigt
486 1187 185 38 tillgången
692 1187 45 37 på
756 1189 375 36 transportlägenheter
1150 1189 55 30 för
1225 1190 111 29 andra
1357 1189 165 31 ändamål
1544 1190 149 30 behöver
1714 1190 84 30 ökas

292 1230 120 29 utöver
432 1230 67 29 vad
521 1239 75 21 som
619 1232 193 28 motsvarar
832 1231 157 30 behovet.
1036 1231 45 30 Ju
1104 1240 95 22 mera
1220 1241 42 21 en
1285 1231 96 37 dylik
1402 1232 308 30 individualiserad
1733 1232 64 30 till-

293 1270 261 38 ståndsgivning
578 1272 158 29 kommer
758 1272 50 30 till
832 1272 233 37 användning,
1090 1273 95 30 desto
1208 1282 96 21 mera
1327 1274 97 30 torde
1447 1273 106 31 också
1576 1273 224 37 möjligheten

293 1316 49 27 att
367 1312 131 31 erhålla
522 1313 217 37 erforderligt
763 1313 265 31 trafiktillstånd
1054 1315 55 29 för
1132 1315 119 36 dylika
1276 1316 213 36 begränsade
1514 1316 164 30 ändamål
1703 1317 94 29 ökas.

293 1355 63 30 Det
375 1364 100 28 synes
495 1365 56 20 oss
569 1356 120 29 därför
707 1356 76 30 icke
800 1365 82 21 vara
902 1356 188 37 anledning
1110 1359 49 28 att
1176 1357 132 35 befara,
1330 1360 49 27 att
1396 1358 148 30 behovet
1562 1367 43 21 av
1623 1361 174 34 transpor-

292 1400 51 27 ter
361 1397 55 30 för
435 1398 156 30 nämnda
609 1397 164 31 ändamål
793 1398 75 30 icke
888 1399 110 30 skulle
1019 1399 119 30 kunna
1159 1399 208 36 tillgodoses,
1388 1401 89 29 även
1496 1410 59 20 om
1574 1399 155 31 tillstånd
1748 1401 50 30 till

292 1439 118 36 dylika
432 1439 189 36 körningar
641 1439 150 37 alltjämt
811 1440 132 30 kräves.
988 1440 54 31 Då
1061 1441 110 30 tillika
1191 1441 76 30 icke
1287 1442 145 30 allenast
1455 1442 344 31 närtrafikutövarna

293 1480 108 38 ålagts
438 1482 261 36 körskyldighet
738 1491 105 21 envar
880 1482 96 31 inom
1002 1483 57 30 sitt
1084 1482 253 31 trafikområde
1362 1486 83 28 utan
1474 1485 88 29 även
1588 1484 210 36 fjärrtrafik-

293 1524 141 29 utövare
460 1522 110 38 ålagts
596 1523 214 37 förpliktelse
836 1527 49 27 att
911 1527 73 27 mot
1012 1525 158 30 bestämd
1195 1528 82 27 taxa
1304 1525 116 31 utföra
1447 1526 150 37 körning
1623 1526 44 37 på
1694 1527 105 30 vilket

293 1564 147 31 avstånd
463 1575 75 20 som
564 1566 97 35 helst,
687 1575 103 27 synas
814 1566 272 31 trafikanternas
1110 1567 168 30 intressen
1304 1567 10 30 i
1339 1577 47 21 nu
1413 1568 265 37 ifrågavarande
1705 1578 93 21 avse-

293 1607 86 30 ende
399 1616 83 21 vara
503 1607 199 37 tillräckligt
721 1608 264 36 tillgodosedda;
1007 1610 67 29 och
1093 1609 33 30 vi
1148 1610 91 29 hava
1262 1608 44 38 på
1327 1611 112 35 grund
1459 1611 109 29 därav
1588 1611 75 30 icke
1683 1611 115 30 funnit

294 1649 186 37 anledning
505 1652 50 27 att
580 1650 71 29 helt
678 1650 199 37 undantaga
904 1650 120 37 dylika
1049 1653 214 34 transporter
1289 1651 79 31 från
1394 1652 265 37 tillämpningen
1687 1663 42 20 av
1758 1654 41 30 de

294 1691 267 36 bestämmelser,
582 1701 74 21 som
677 1691 97 37 eljest
794 1693 89 36 gälla
901 1692 56 30 för
976 1693 67 30 den
1065 1693 177 30 allmänna
1261 1694 346 31 automobiltrafiken
1626 1695 55 30 för
1700 1696 98 36 gods-

294 1733 198 31 befordran.
543 1734 164 30 Däremot
734 1735 90 30 hava
852 1735 32 29 vi
914 1738 113 27 ansett
1053 1735 171 31 lättnader
1248 1736 89 30 böra
1363 1736 144 31 beredas
1537 1737 91 30 vissa
1655 1738 73 36 slag
1757 1747 41 20 av

293 1775 118 37 dylika
429 1778 224 34 transporter,
672 1776 174 37 nämligen
863 1776 44 31 då
925 1776 99 37 fråga
1043 1778 38 29 är
1101 1787 57 20 om
1175 1777 108 30 trafik
1301 1779 218 30 uteslutande
1537 1779 56 30 för
1610 1780 188 30 befordran

293 1825 43 21 av
354 1816 110 37 mjölk
485 1818 82 29 eller
586 1827 42 20 av
648 1818 173 37 slaktdjur
840 1819 81 30 eller
942 1828 43 20 av
1006 1819 294 37 skogsprodukter
1322 1819 79 31 från
1422 1822 375 36 avverkningsplatsen,

295 1858 93 31 såväl
412 1859 58 30 vid
491 1860 256 37 behandlingen
770 1870 43 20 av
834 1861 236 37 ansökningar
1093 1871 58 20 om
1174 1861 156 30 tillstånd
1352 1862 115 30 därtill
1490 1872 76 21 som
1588 1863 10 30 i
1621 1863 98 38 fråga
1742 1874 56 20 om

294 1901 168 31 trafikens
481 1902 221 31 bedrivande.
747 1903 263 30 Bestämmelser
1029 1903 11 30 i
1061 1902 122 31 sådant
1203 1903 89 37 syfte
1311 1904 91 31 hava
1422 1905 133 30 influtit
1574 1907 109 29 under
1704 1905 43 39 88
1767 1907 30 35 4,

292 1943 20 29 9
333 1943 65 30 och
420 1944 49 29 10.

338 2027 351 38 Trafikutredningen
715 2028 65 31 har
802 2028 11 31 i
837 2027 20 41 $
881 2029 19 29 4
926 2028 83 31 sista
1033 2029 132 37 stycket
1190 2029 11 30 i
1225 2029 58 31 sitt
1308 2029 129 39 förslag
1460 2032 159 37 upptagit
1643 2031 155 37 följande

294 2078 254 31 bestämmelse:

334 2129 131 36 Trafik,
488 2139 74 21 som
587 2130 218 30 uteslutande
826 2131 38 29 är
885 2131 130 30 avsedd
1037 2130 54 30 för
1111 2130 190 31 befordran
1323 2141 42 20 av
1386 2131 110 37 mjölk
1520 2133 81 30 eller
1624 2132 170 38 slaktdjur

288 2172 81 30 eller
402 2172 294 37 skogsprodukter
730 2172 79 30 från
845 2173 376 37 avverkningsplatsen,
1257 2174 97 36 skall,
1390 2177 131 28 oavsett
1558 2178 236 34 transportens

289 2214 114 37 längd,
427 2224 85 20 vara
534 2217 49 28 att
606 2215 150 30 hänföra
778 2216 109 29 under
909 2216 165 36 närgods-
1098 2216 80 30 eller
1202 2215 354 38 närgodslinjetrafik.

340 2281 121 31 Denna
479 2282 251 36 bestämmelse,
752 2292 73 21 som
846 2283 161 30 närmare
1026 2283 199 31 motiverats
1246 2283 11 30 i
1274 2284 236 31 betänkandet
1526 2284 64 31 sid.
1615 2285 181 35 152—154,

290 2332 48 35 är,
361 2331 114 31 såsom
494 2342 43 21 av
556 2333 248 36 motiveringen
824 2333 163 36 framgår,
1008 2334 128 30 avsedd
1155 2337 48 27 att
1224 2334 158 31 medföra
1401 2334 157 37 följande
1576 2335 217 36 verkningar,

290 2383 173 36 nämligen
487 2386 50 27 att
560 2383 367 37 tillståndsgivningen,
951 2385 88 29 även
1062 2385 62 30 där
1148 2384 99 37 fråga
1271 2386 38 29 är
1334 2395 57 20 om
1414 2385 132 31 sådana
1572 2387 221 34 transporter,

292 2442 75 21 som
384 2432 43 37 på
446 2434 112 36 grund
575 2443 42 21 av
635 2434 51 30 sin
704 2435 104 36 Jängd
826 2434 96 37 eljest
940 2435 110 30 skulle
1068 2444 82 21 vara
1169 2438 49 28 att
1235 2435 149 31 hänföra
1402 2436 51 30 till
1472 2435 207 37 fjärrtrafik,
1698 2435 95 30 kom-
