2244 2622
444 184 18 29 6
671 188 112 29 Försla
811 190 199 30 Kammarens
1037 192 173 38 Tillfälliga
1237 194 135 30 Utskotts
1396 196 71 33 (N:o
1489 194 36 40 2)
1553 198 160 29 Utlåtande
1736 200 58 28 N:o
1816 201 30 28 8.

444 261 106 35 dessa
580 263 249 46 sträfvanden,
861 278 76 23 som
966 268 115 35 redan
1100 269 170 47 tydligen
1298 273 47 43 gå
1376 271 112 47 därpå
1513 275 41 33 ut
1582 276 55 33 att
1665 275 40 34 af
1724 276 84 35 hela
1828 277 163 36 unionen
2011 279 36 35 få

442 314 146 36 behålla
630 318 130 35 endast
789 318 213 48 konungen,
1033 333 132 35 genom
1195 323 154 36 hvilken
1380 325 44 34 de
1454 326 140 46 hoppas
1624 327 138 46 kunna,
1792 333 91 33 utan
1914 331 133 37 minsta

443 368 237 47 ansvarighet
721 372 68 34 och
831 374 173 45 gengäld,
1048 375 140 36 erhålla
1224 376 153 45 försvar,
1408 378 153 48 ledning
1590 380 40 35 af
1655 382 170 48 Sveriges
1855 384 95 35 öden
1979 386 68 34 och

442 425 96 32 stora
582 423 240 37 ekonomiska
864 426 168 45 fördelar,
1068 429 149 35 hvarför
1244 430 121 36 skulle
1396 431 36 36 vi
1461 433 45 34 då
1534 433 147 36 behålla
1710 436 122 36 denna
1861 438 186 47 olyckliga

440 475 185 47 förening;
656 480 40 45 ty
724 480 118 34 såsom
874 492 47 23 en
940 481 112 35 aktad
1071 482 162 36 ledamot
1253 483 40 35 af
1308 485 123 35 denna
1451 485 188 37 kammare
1659 500 44 23 en
1725 491 99 45 gång
1845 490 25 47 (i
1890 491 157 36 skriften

440 528 383 39 Unionskommitténs
865 533 166 49 resultat)
1071 535 114 36 skref:
1246 536 185 37 ”'Unionen
1474 545 39 29 är
1539 540 84 35 icke
1653 541 64 36 sitt
1744 547 86 42 eget
1858 544 84 44 mål,
1974 546 71 34 den

440 587 40 29 är
522 582 94 36 blott
658 587 53 32 ett
752 586 121 35 medel
915 587 56 35 till
1001 588 44 35 de
1073 588 98 36 folks
1201 590 153 45 välfärd,
1386 604 75 23 som
1493 593 72 35 den
1592 594 157 46 förenar,
1780 597 68 35 och
1878 598 72 34 den
1980 599 66 34 har

439 639 164 33 närmast
644 637 120 37 blifvit
798 639 143 47 skapad
969 640 55 36 för
1052 645 54 32 att
1135 655 87 23 vara
1251 647 53 32 ett
1332 646 122 34 medel
1481 646 56 35 till
1565 647 159 46 Sveriges
1752 650 154 36 välfärd.
1966 652 80 35 Och

438 701 57 23 om
535 690 63 35 det
640 693 38 33 så
722 697 49 39 är,
817 696 55 32 att
914 694 70 35 den
1025 694 83 36 icke
1147 696 74 35 kan
1249 697 91 47 fylla
1370 698 58 35 sin
1457 700 146 46 uppgift
1633 704 53 33 att
1713 715 88 23 vara
1831 707 53 32 ett
1912 705 133 36 sådant

438 743 130 43 medel,
599 747 90 32 utan
717 744 13 35 i
758 746 125 36 stället
910 747 211 36 förvandlas
1150 749 57 36 till
1235 754 53 32 ett
1317 752 121 35 medel
1465 753 56 34 för
1549 756 82 33 vårt
1658 755 106 36 lands
1793 757 106 43 ofärd
1928 779 46 4 —
1997 760 46 33 då

436 795 67 35 har
546 796 164 37 unionen
751 798 153 37 förlorat
945 800 64 36 sitt
1048 803 121 35 raison
1210 805 115 34 détre.
1384 806 58 34 Då
1475 806 74 35 kan
1578 807 82 36 icke
1690 811 117 33 såsom
1838 812 121 45 grund
1988 812 55 35 för

436 849 182 37 unionens
647 851 209 37 bevarande
886 854 188 47 åberopas,
1106 859 54 33 att
1190 857 170 47 Sveriges
1388 859 115 35 heder
1531 860 132 48 bjuder
1692 862 62 35 det
1783 866 54 32 att
1863 864 84 35 icke
1967 865 75 36 låta

435 902 58 47 sig
520 903 169 37 beröfvas
730 905 99 36 hvad
860 907 63 36 det
950 920 46 22 en
1025 911 99 44 gång
1153 909 213 49 tillkämpat
1397 912 68 46 sig,
1495 916 40 44 ty
1563 913 114 47 ingen
1705 915 68 35 har
1799 916 116 36 heder
1934 918 40 35 af
1990 921 53 33 att

434 955 56 35 för
531 956 133 37 skenet
700 958 39 35 af
764 964 62 30 ära
855 960 135 36 bevara
1017 962 99 35 hvad
1146 975 75 23 som
1252 964 13 35 i
1294 965 258 47 verkligheten
1580 967 152 47 bringar
1760 970 134 35 honom
1924 971 116 36 skada

435 1010 65 34 och
530 1023 101 23 nesa.
690 1012 78 35 Och
796 1012 78 36 lika
902 1013 81 37 litet
1010 1015 157 48 betyder
1193 1016 13 35 i
1235 1018 132 35 sådant
1386 1018 64 36 fall
1471 1020 62 35 det
1551 1023 230 44 påståendet,
1803 1027 55 32 att
1876 1024 164 36 unionen

435 1068 39 29 är
514 1063 54 36 för
611 1065 149 46 Sverige
790 1078 47 23 en
867 1068 144 45 garanti
1039 1069 56 35 för
1123 1073 96 43 yttre
1248 1071 91 44 fred,
1371 1075 41 44 ty
1441 1073 108 35 äfven
1577 1074 129 36 freden
1736 1076 75 35 kan
1839 1077 117 47 köpas
1984 1079 56 35 för

434 1116 93 47 dyrt,
574 1118 69 34 och
685 1119 71 34 den
796 1125 40 29 är
864 1120 56 35 för
949 1122 83 47 dyrt
1060 1122 101 47 köpt,
1193 1136 55 23 om
1280 1125 116 46 priset
1425 1131 39 30 är
1491 1126 180 37 förlusten
1700 1129 39 34 af
1763 1132 66 33 vår
1857 1131 181 48 själfstän-

433 1169 151 47 dighet".
651 1172 109 35 Hvad
790 1185 78 23 som
898 1175 282 48 nödvändiggör
1208 1178 67 35 och
1300 1179 215 47 påskyndar
1543 1193 47 22 en
1619 1180 165 49 (numera
1809 1183 40 35 af
1865 1187 64 33 vår
1944 1197 94 34 egen

431 1223 172 47 regering
644 1226 241 49 understödd)
927 1228 204 45 upplösning
1173 1231 89 35 eller
1299 1232 222 36 åtminstone
1552 1246 45 23 en
1627 1237 315 47 genomgripande
1971 1252 65 22 om-

430 1277 155 44 bildning
628 1278 40 35 af
703 1279 166 36 unionen
912 1286 39 30 är
988 1282 70 35 den
1088 1284 238 36 sannolikhet
1356 1285 46 44 vi,
1433 1299 132 34 genom
1596 1289 251 48 mångfaldiga
1876 1291 160 48 ojäfviga

429 1329 103 36 bevis
575 1336 80 42 äga,
700 1335 52 33 att
787 1334 73 34 den
890 1334 292 38 skandinaviska
1210 1337 126 36 halfön
1365 1338 115 37 innan
1509 1340 85 37 kort
1622 1342 74 35 kan
1726 1356 87 23 vara
1838 1347 116 33 utsatt
1981 1346 56 35 för

430 1383 167 36 öfverfall
626 1385 40 35 af
690 1398 45 23 en
764 1387 192 45 stormakt,
983 1393 94 32 samt
1106 1393 54 32 att
1189 1390 35 36 vi
1253 1392 47 34 då
1328 1393 143 46 nödgas
1490 1394 146 46 splittra
1655 1398 87 33 våra
1762 1409 115 35 svaga
1897 1398 139 36 krafter

428 1436 56 35 för
523 1441 63 41 att,
623 1438 115 48 jämte
766 1442 83 34 vårt
874 1445 84 42 eget
987 1442 227 37 vidsträckta
1242 1445 100 44 land,
1373 1445 164 37 försvara
1567 1448 108 36 äfven
1704 1453 53 32 ett
1786 1451 136 47 Norge,
1953 1452 82 35 från

428 1489 143 37 hvilket
603 1492 38 35 vi
670 1492 130 48 själfva
829 1494 84 35 icke
942 1495 127 36 kunna
1097 1497 166 46 påräkna
1294 1499 62 35 det
1385 1500 135 36 minsta
1548 1502 295 47 verkningsfulla
1873 1500 159 56 bistånd,

427 1556 84 22 men
536 1545 59 34 väl
624 1545 195 36 allehanda
843 1547 243 37 trakasserier
1114 1550 69 34 och
1211 1551 278 37 etikettstrider.

589 1598 122 35 »Inom
755 1602 66 33 vår
859 1601 147 47 dynasti
1049 1602 136 36 saknas
1228 1604 83 35 icke
1354 1605 313 48 konungaämnen
1706 1608 56 36 för
1796 1611 71 34 den
1896 1613 136 35 norska

424 1653 143 43 tronen,
607 1664 56 23 om
708 1665 83 23 man
834 1653 85 36 icke
959 1654 13 36 i
1013 1657 247 45 grannlandet
1296 1658 213 48 föredrager
1535 1662 232 46 republiken,
1797 1664 146 36 hvilket
1966 1666 66 47 jag

424 1703 188 47 betviflar;
644 1706 67 35 och
741 1707 152 47 Sverige
922 1708 98 47 finge
1049 1709 56 36 för
1133 1710 57 47 sig
1219 1712 121 35 allena
1368 1712 147 36 behålla
1543 1714 58 35 sin
1621 1715 164 48 konung,
1809 1730 76 23 som
1905 1719 125 36 kunde

425 1762 94 41 ägna
562 1758 58 35 sin
661 1760 73 46 håg
777 1761 69 35 och
889 1761 81 36 sina
1001 1762 140 37 krafter
1170 1766 37 33 åt
1235 1767 81 34 vårt
1344 1766 88 35 land
1463 1767 119 36 allena
1612 1770 67 34 och
1708 1770 95 35 hade
1832 1771 94 36 blott
1954 1774 77 35 dess

425 1811 58 34 väl
511 1811 56 35 till
591 1813 73 34 mål
693 1814 67 34 och
788 1817 215 33 rättesnöre.

588 1866 68 35 »Så
698 1879 75 23 som
816 1868 248 37 förhållandet
1106 1883 52 23 nu
1200 1876 49 40 är,
1294 1872 76 35 kan
1413 1874 63 35 det
1511 1874 83 36 icke
1635 1879 90 32 utan
1761 1878 172 47 Sveriges
1960 1879 68 36 för-

421 1917 159 48 nedring
623 1920 67 34 och
733 1921 151 47 slutliga
912 1923 218 47 undergång
1157 1924 135 48 fortgå;
1322 1929 52 45 ty,
1405 1927 111 36 låtom
1546 1941 59 23 oss
1634 1929 13 35 i
1675 1929 148 37 korthet
1852 1944 49 32 se,
1932 1933 96 35 huru

421 1971 226 47 ställningen
676 1979 53 29 är:

586 2027 98 35 »>Den
723 2039 246 31 gemensamme
1009 2031 198 45 konungens
1248 2034 95 35 makt
1385 2039 42 30 är
1468 2035 14 34 i
1522 2036 56 35 det
1617 2048 65 24 ena
1723 2039 88 35 riket
1842 2044 92 30 nära
1961 2051 66 33 nog

419 2080 169 44 enväldig,

579 2135 123 34 medan
742 2136 71 35 han
853 2137 14 34 i
909 2138 54 34 det
1004 2139 114 35 andra
1159 2140 87 35 riket
1286 2141 201 44 visserligen
1524 2143 72 36 icke
1624 2143 53 36 till
1703 2149 140 31 namnet
1871 2151 42 29 är
1940 2149 86 32 utan

418 2186 104 42 makt,
566 2197 76 24 men
684 2188 13 34 i
737 2190 227 44 verkligheten
1004 2203 146 25 numera
1191 2194 239 36 underkastad
1463 2195 80 36 eller
1570 2199 233 34 underkastar
1830 2199 53 43 sig
1911 2200 113 44 några

417 2239 273 36 vänsterledares
716 2243 126 44 nycker
871 2244 59 35 och
959 2246 156 45 ensidiga
1142 2247 241 44 sträfvanden.
