1904 2828
293 158 38 30 12
686 167 116 30 Andra
824 167 237 36 lagutskottets
1084 170 175 31 utlåtande
1280 172 50 29 Nr
1355 174 49 28 36.

293 247 245 36 kompletteras
557 248 46 36 så,
624 252 49 28 att
691 251 156 30 enskilda
869 252 300 37 kraftverksägare
1191 254 115 31 ålades
1329 256 194 36 skyldighet
1545 260 49 27 att
1613 258 57 30 vid
1689 268 107 27 nyan-

293 297 201 37 läggningar
512 301 78 34 taga
611 300 135 37 hänsyn
767 301 50 30 till
840 303 42 29 de
902 303 148 30 militära
1071 304 95 36 krav,
1191 305 123 31 främst
1336 306 10 29 i
1370 307 167 30 avseende
1561 306 44 38 på
1627 308 169 38 luftskyd-

292 347 66 36 det,
382 357 74 21 som
478 349 115 31 kunde
617 351 141 30 komma
782 355 49 27 att
853 354 201 36 uppställas.

334 422 75 31 Vad
430 423 11 30 i
462 424 111 30 denna
596 425 53 30 del
673 426 132 30 anförts
827 427 10 29 i
861 427 41 30 de
925 429 79 29 över
1027 429 188 30 skrivelsen
1235 430 201 32 infordrade
1458 434 207 35 yttrandena
1686 435 114 31 finnes

290 471 164 37 återgivet
472 473 19 31 å
509 474 60 31 sid.
590 476 127 30 14—15
736 476 9 29 i
763 477 268 37 propositionen,
1053 479 49 29 till
1120 480 114 30 vilken
1250 482 214 35 redogörelse
1480 484 165 30 utskottet
1663 486 61 29 här
1745 484 56 31 får

289 523 157 31 hänvisa.

336 599 13 29 I
376 599 55 30 sin
455 600 254 38 framställning
733 604 79 29 med
835 604 151 37 begäran
1013 615 56 21 om
1096 607 185 37 utredning
1305 609 150 31 rörande
1476 609 224 38 erforderliga
1726 611 69 30 för-

295 649 431 37 fattningsbestämmelser
754 653 168 31 framhöll
953 656 341 39 överbefälhavaren,
1327 661 48 27 att
1406 660 112 30 under
1546 660 70 30 den
1646 661 150 31 förbere-

292 699 115 31 dande
429 701 227 37 utredningen
680 703 200 37 betydelsen
903 714 43 21 av
969 708 50 28 att
1042 707 345 38 kraftanläggningar
1411 710 130 31 erhölle
1564 711 233 37 betryggande

288 750 114 36 skydd
418 750 97 31 blivit
531 753 252 36 samstämmigt
798 754 177 31 vitsordat.
993 756 63 30 Det
1073 756 10 30 i
1101 756 90 31 vissa
1207 759 185 35 yttranden
1406 759 202 37 ifrågasatta
1625 762 99 30 sättet
1743 762 55 30 för

287 799 172 32 ernående
477 810 41 21 av
539 800 124 32 sådant
681 803 113 37 skydd
812 822 45 3 —
877 814 43 21 en
938 806 148 36 skriftlig
1107 807 185 31 försäkran
1312 808 80 31 från
1413 811 290 37 kraftföretagens
1723 813 75 30 sida

287 853 49 27 att
355 851 58 30 vid
431 852 179 37 planering
627 863 41 20 av
687 855 297 37 nyanläggningar
1003 860 153 33 upptaga
1175 858 320 38 underhandlingar
1515 862 80 30 med
1617 863 179 30 vederbör-

287 900 67 36 liga
369 902 239 36 myndigheter
624 913 57 20 om
697 905 165 36 lämpliga
880 906 290 37 skyddsåtgärder
1186 926 45 3 —
1247 910 117 29 kunde
1380 920 41 20 ur
1439 911 259 32 riksförsvarets
1718 923 78 27 syn-

286 951 112 35 punkt
421 952 75 30 icke
520 962 98 21 anses
644 954 241 37 betryggande.
913 957 114 30 Under
1050 956 154 32 rådande
1229 959 244 32 förhållanden
1500 962 152 36 vidtoges
1676 963 119 31 visser-

286 1001 90 36 ligen
401 1000 157 38 åtgärder
580 1004 56 30 för
660 1004 317 32 försvarsändamål
1003 1007 9 30 i
1036 1009 168 30 avsevärd
1227 1010 210 37 omfattning
1460 1010 45 37 på
1527 1013 67 29 alla
1619 1009 176 46 områden,

286 1061 80 21 men
383 1052 44 30 då
444 1053 227 32 förevarande
687 1054 159 37 åtgärder
861 1066 81 21 vore
957 1067 42 20 av
1015 1057 185 32 bestående
1217 1063 52 26 art
1285 1061 65 29 och
1366 1060 109 31 måste
1491 1072 51 20 ses
1559 1062 44 37 på
1620 1063 79 37 lång
1717 1065 78 35 sikt,

285 1102 107 31 borde
410 1103 54 30 för
484 1104 187 31 framtiden
690 1106 167 36 gällande,
879 1107 246 37 allmängiltiga
1144 1109 216 31 föreskrifter
1379 1112 185 31 utarbetas.
1584 1112 137 33 Sådana
1738 1115 56 30 be-

285 1154 215 30 stämmelser
521 1155 110 30 skulle
653 1156 175 30 dessutom
850 1157 143 37 bidraga
1017 1159 49 29 till
1087 1169 41 20 en
1152 1160 333 32 eftersträvansvärd
1507 1164 208 36 enhetlighet
1738 1165 58 30 vid

284 1201 222 38 åtgärdernas
529 1206 280 35 genomförande.

329 1309 53 30 De
402 1309 235 38 sakkunniga.

330 1359 52 30 De
405 1360 219 37 sakkunniga
648 1361 89 31 hava
761 1362 203 36 framhållit,
989 1367 49 27 att
1061 1365 160 35 gällande
1244 1366 261 32 bestämmelser
1528 1378 57 20 om
1610 1365 180 46 luftskydd

286 1409 55 30 för
363 1409 215 32 industriella
601 1412 257 36 anläggningar,
882 1413 50 30 till
953 1414 92 30 vilka
1067 1414 130 39 jämväl
1219 1416 225 32 kraftverken
1464 1418 118 36 hörde,
1606 1422 76 34 toge
1702 1420 89 31 sikte

286 1459 44 36 på
354 1460 241 31 anordnandet
619 1471 42 21 av
685 1463 210 36 skyddsrum
919 1464 56 30 för
996 1466 207 34 personalen
1226 1468 65 29 och
1314 1467 229 38 brandskydd
1566 1472 90 28 samt
1679 1469 111 38 åtgär-

285 1510 60 29 der
371 1511 80 29 med
476 1512 168 30 avseende
669 1511 21 32 å
715 1513 137 31 driften.
901 1513 93 37 Några
1020 1516 325 37 lagbestämmelser,
1372 1518 94 31 vilka
1491 1521 165 35 tryggade
1681 1530 42 21 en
1748 1530 43 21 ur

287 1560 380 38 luftskyddssynpunkt
698 1563 143 37 lämplig
870 1565 180 37 planering
1081 1575 42 21 av
1157 1567 355 39 kraftanläggningar,
1545 1570 126 31 funnes
1701 1571 87 33 icke.

285 1610 50 30 De
355 1612 225 36 stadganden,
604 1622 76 21 som
701 1614 112 36 gällde
834 1615 271 37 brandskyddet,
1130 1616 123 37 avsåge
1275 1621 50 27 att
1346 1619 141 36 reglera,
1511 1620 68 30 hur
1601 1621 55 30 det
1679 1621 111 31 skulle

284 1661 152 31 förfaras
456 1661 11 30 i
487 1661 98 38 fråga
605 1673 58 20 om
681 1664 243 31 anordnandet
943 1675 42 21 av
1004 1667 255 30 brandbottnar
1277 1669 66 30 och
1365 1669 119 37 dylikt,
1506 1672 64 29 när
1590 1671 200 37 byggnader

283 1720 43 21 av
351 1711 84 31 visst
457 1713 157 35 planerat
637 1715 163 29 utseende
823 1715 111 30 skulle
956 1716 143 31 utföras.
1124 1718 50 29 De
1196 1717 85 37 gåve
1304 1719 174 37 knappast
1501 1721 287 37 myndigheterna

282 1761 207 37 befogenhet
522 1766 49 27 att
603 1765 158 29 meddela
795 1766 231 37 anvisningar,
1060 1768 67 30 hur
1148 1769 253 36 anläggningen
1435 1771 9 29 i
1481 1770 98 37 fråga
1601 1772 185 37 lämpligen

281 1812 114 31 skulle
421 1814 173 35 utspridas
620 1815 83 30 eller
727 1815 136 36 infogas
890 1816 11 30 i
928 1818 189 36 terrängen,
1145 1819 56 30 för
1228 1822 49 28 att
1304 1820 66 30 den
1397 1821 111 30 skulle
1533 1822 92 31 bliva
1651 1822 39 31 så
1715 1823 73 30 litet

283 1862 122 31 sårbar
428 1873 75 20 som
529 1864 144 37 möjligt.
700 1865 264 32 Bestämmelser
990 1877 57 20 om
1072 1867 190 38 åläggande
1286 1873 50 27 att
1361 1871 116 30 utföra
1502 1871 132 32 sådana
1658 1873 130 37 viktiga

282 1913 250 37 anläggningar
553 1924 75 21 som
650 1917 464 36 vattenregleringsdammar
1134 1918 47 37 på
1201 1922 47 27 ett
1269 1930 41 20 ur
1332 1921 380 39 luftskyddssynpunkt
1733 1923 54 31 så-

280 1963 62 30 vitt
360 1963 134 37 möjligt
511 1965 232 37 betryggande
760 1968 67 29 sätt
844 1968 170 31 saknades
1031 1969 80 31 helt.

328 2013 139 32 Sådana
496 2017 206 34 egenartade
743 2017 251 37 anläggningar
1025 2028 74 21 som
1140 2020 187 31 elektriska
1371 2019 415 46 starkströmsledningar,

280 2064 435 32 transformatorstationer
740 2068 66 29 och
832 2068 351 37 kopplingsstationer
1209 2080 80 21 vore
1313 2089 45 3 —
1383 2072 90 31 hava
1499 2074 41 29 de
1565 2071 220 44 sakkunniga

280 2114 118 31 vidare
417 2118 105 33 yttrat
537 2133 45 4 —
598 2117 202 30 överhuvud
817 2121 91 33 taget
925 2119 75 30 icke
1016 2121 139 31 särskilt
1172 2122 357 35 uppmärksammade
1544 2124 11 29 i
1573 2121 211 44 luftskydds-

281 2165 268 37 lagstiftningen.
580 2167 73 30 Den
682 2168 188 38 möjlighet,
901 2179 74 20 som
1003 2170 126 31 funnes
1157 2174 49 27 att
1234 2172 10 29 i
1273 2173 171 30 samband
1472 2175 80 29 med
1580 2175 204 30 koncession

281 2214 105 36 enligt
416 2216 82 29 1902
523 2214 55 32 års
603 2217 66 35 lag,
696 2217 238 31 innefattande
959 2219 89 30 vissa
1072 2220 258 32 bestämmelser
1354 2232 56 20 om
1436 2224 184 31 elektriska
1648 2225 136 36 anlägg-

281 2264 133 37 ningar,
445 2266 118 36 stadga
589 2267 124 30 villkor
739 2267 55 30 för
821 2269 113 29 rätten
959 2272 49 27 att
1034 2270 111 31 bruka
1174 2271 66 30 den
1265 2272 309 32 koncessionerade
1602 2275 182 37 ledningen

281 2323 81 21 vore
379 2315 100 37 högst
496 2316 193 37 bristfällig,
708 2318 88 30 helst
817 2328 75 20 som
908 2320 67 29 den
995 2320 75 30 icke
1088 2321 119 30 kunde
1224 2323 173 36 tillämpas
1416 2323 46 37 på
1478 2325 107 29 redan
1606 2325 179 37 befintliga

280 2365 258 37 anläggningar.

322 2416 54 30 En
398 2417 86 31 brist
507 2418 11 29 i
541 2419 159 36 gällande
723 2420 216 38 lagstiftning
961 2421 126 37 ansåge
1110 2423 41 30 de
1174 2424 219 37 sakkunniga
1417 2426 86 30 även
1527 2435 92 26 vara,
1643 2430 50 28 att
1716 2427 66 30 den

277 2466 277 38 huvudsakligen
582 2469 123 37 avsåge
733 2471 114 36 skydd
874 2475 71 27 mot
973 2473 107 30 anfall
1109 2473 112 31 direkt
1248 2474 78 31 från
1355 2476 110 30 luften
1493 2477 65 29 och
1586 2476 75 31 icke
1687 2477 95 30 inne-
