1912 2810
615 167 231 28 Statsutskottets
867 167 149 27 utlåtande
1037 168 49 26 Nr
1107 165 51 29 27.
1601 164 38 30 13

138 241 207 43 personalen
361 241 197 43 lämpligast
573 241 64 32 bör
651 241 151 32 fördelas
817 244 20 29 å
852 241 43 32 de
910 241 89 32 båda
1013 240 418 43 livgardesregementena,
1444 240 61 31 har
1517 242 122 35 ansett,

137 294 53 31 att
211 292 127 43 Kungl.
363 292 99 42 Maj:t
483 292 65 32 bör
569 292 225 42 bemyndigas
817 294 58 37 att,
900 292 115 31 därest
1035 293 38 30 så
1092 291 91 32 visar
1198 291 53 42 sig
1266 290 221 42 erforderligt,
1504 289 136 42 vidtaga

135 343 219 43 jämkningar
375 343 13 31 i
410 343 238 42 fördelningen
671 354 41 21 av
734 343 206 42 personalen
963 344 19 29 å
1003 344 239 40 regementena
1264 341 12 32 i
1298 342 101 41 fråga.
1422 340 218 32 Beträffande

139 394 68 32 den
240 394 53 31 för
326 394 334 41 garnisonstjänsten
693 393 12 32 i
739 393 201 32 Stockholm
973 393 221 41 erforderliga
1226 392 202 41 personalen
1462 393 98 40 utgår
1592 393 49 29 ut-

140 445 131 31 skottet
293 444 145 42 givetvis
460 444 75 31 från
557 446 51 29 att
630 445 85 30 även
737 455 42 19 ur
802 443 88 32 Svea
912 443 150 41 livgarde
1085 445 105 39 trupp
1212 443 53 30 för
1286 442 180 31 framtiden
1489 442 152 30 kommer

138 496 53 30 att
222 494 166 32 beordras
421 494 53 31 för
507 494 122 31 sådant
651 493 158 32 ändamål
831 495 89 30 samt
942 495 50 29 att
1013 492 387 41 fästningsbataljonens
1422 491 220 41 förläggande

140 545 55 31 till
216 544 170 33 Vaxholm
409 544 76 32 icke
499 544 51 32 får
565 543 176 32 föranleda
756 544 82 31 krav
853 545 44 40 på
913 543 127 41 ökning
1054 554 41 20 av
1111 542 294 42 truppförbanden
1417 542 12 31 i
1442 541 198 32 Stockholm

138 596 55 31 för
208 595 355 42 garnisonstjänstens
578 594 232 32 bestridande.
834 594 179 42 Förslaget
1028 596 50 29 att
1089 593 66 32 den
1168 594 53 31 för
1233 592 408 42 stridsvagnsbataljonen

139 646 59 32 vid
221 645 91 32 Göta
333 645 152 42 livgarde
508 645 149 32 avsedda
672 645 205 41 personalen
893 644 122 32 endast
1031 644 110 31 skulle
1157 644 128 31 erhålla
1299 643 147 31 arvoden
1462 642 64 31 och
1541 643 102 30 alltså

139 696 138 31 kvarstå
289 695 79 32 med
389 696 59 31 lön
471 695 57 32 vid
550 695 42 31 de
615 695 260 41 truppförband,
899 694 145 32 varifrån
1067 694 66 31 den
1156 693 273 32 kommenderats
1452 693 52 30 till
1527 693 116 40 tjänst-

140 746 124 42 göring
286 746 58 31 vid
361 745 421 42 stridsvagnsbataljonen,
805 745 111 31 finner
939 744 52 42 sig
1006 744 169 31 utskottet
1189 743 84 32 böra
1287 743 142 37 biträda,
1446 754 77 20 men
1540 753 103 30 synes

140 796 61 32 det
230 796 170 31 utskottet
433 795 74 32 icke
540 807 79 20 vara
652 795 167 31 uteslutet
841 796 59 38 att,
924 794 43 32 då
989 794 92 32 vissa
1104 793 210 42 svårigheter
1335 794 114 30 kunna
1470 793 173 31 förväntas

141 849 130 40 uppstå
301 858 123 30 genom
448 846 111 32 denna
585 846 200 42 anordning,
810 845 275 32 modifikationer
1106 845 12 31 i
1140 844 182 33 framtiden
1349 844 113 31 kunna
1483 843 91 32 bliva
1597 854 46 20 er-

141 897 194 42 forderliga.

196 948 181 31 Utskottet
410 949 141 40 övergår
584 947 147 31 därefter
764 949 50 29 att
846 946 171 31 behandla
1050 946 42 31 de
1114 946 137 41 förslag,
1276 957 73 20 som
1371 945 120 31 beröra
1514 945 41 31 de
1578 946 66 30 sär-

141 999 109 31 skilda
273 1000 146 29 staterna
434 997 60 40 för
518 997 278 41 truppförbanden
817 1008 40 20 m.
874 998 39 39 fl.

201 1048 177 32 Utskottet
411 1048 62 31 har
507 1047 43 31 då
582 1048 87 30 först
691 1047 90 31 velat
803 1048 105 39 något
929 1048 154 29 närmare
1105 1046 79 41 ingå
1207 1048 43 39 på
1274 1046 203 41 spörsmålet
1499 1056 54 20 om
1578 1045 66 30 den

143 1098 218 42 lämpligaste
383 1098 252 40 benämningen
659 1108 40 20 av
721 1096 305 42 truppförbanden.
1060 1097 69 30 Det
1153 1107 102 30 synes
1278 1096 169 41 nämligen
1466 1095 178 37 utskottet,

145 1160 75 20 som
244 1160 55 20 om
323 1148 123 32 tvekan
468 1148 67 31 kan
557 1147 90 39 råda,
672 1147 169 31 huruvida
863 1147 126 41 Kungl.
1013 1146 116 41 Maj:ts
1151 1146 129 41 förslag
1301 1146 203 31 härutinnan
1525 1145 11 31 i
1552 1145 93 41 fråga

144 1211 57 20 om
234 1199 93 31 vissa
360 1198 252 42 truppförband
645 1198 66 31 kan
745 1209 102 20 anses
869 1208 79 20 vara
971 1197 42 31 de
1036 1208 40 20 ur
1098 1197 66 31 alla
1188 1197 210 41 synpunkter
1420 1195 224 42 lämpligaste.

145 1250 106 31 Detta
274 1249 107 41 gäller
403 1249 108 41 enligt
532 1248 188 31 utskottets
743 1248 139 41 mening
904 1249 150 29 närmast
1076 1258 147 20 namnen
1245 1246 401 41 Jönköpings—Kalmar

145 1302 204 39 regemente,
384 1299 276 41 Livregementet
693 1299 53 30 till
779 1298 78 31 häst
891 1297 64 32 och
979 1297 180 32 Smålands
1182 1297 343 41 artilleriregemente.
1570 1295 76 33 Vad

145 1351 60 31 det
237 1351 88 31 först
358 1349 149 32 nämnda
541 1349 288 41 truppförbandet
862 1351 112 39 angår,
998 1348 97 31 torde
1129 1348 92 31 vissa
1249 1348 72 30 skäl
1344 1348 66 30 tala
1432 1347 52 30 för
1506 1349 49 29 att
1578 1346 68 31 det-

146 1412 131 20 samma
291 1400 13 31 i
319 1400 110 31 likhet
444 1399 78 31 med
537 1399 146 31 flertalet
698 1399 116 41 övriga
829 1398 412 41 infanteritruppförband
1258 1398 143 30 erhåller
1416 1408 100 19 namn
1532 1397 12 30 i
1556 1399 90 28 över-

148 1450 262 32 ensstämmelse
432 1449 79 31 med
533 1448 399 41 inskrivningsområdet,
957 1448 104 31 vilket
1075 1448 187 30 benämnes
1278 1448 109 30 Norra
1404 1447 181 31 Smålands
1600 1446 47 30 in-

147 1500 346 42 skrivningsområde.
537 1499 76 32 Vad
635 1499 161 31 beträffar
817 1500 140 29 namnet
978 1498 275 41 Livregementet
1279 1498 52 30 till
1354 1498 85 37 häst,
1465 1508 101 30 synes
1590 1497 57 30 det

148 1552 177 37 utskottet,
352 1562 73 19 som
449 1561 55 20 om
527 1549 187 32 historiska
738 1549 73 31 skäl
824 1549 112 31 talade
952 1551 71 28 mot
1038 1551 50 28 att
1102 1548 254 41 ifrågavarande
1371 1547 276 41 kavalleritrupp-

147 1601 146 32 förband
316 1601 146 31 erhåller
484 1600 112 32 denna
617 1599 217 42 benämning.
872 1599 105 31 Detta
992 1610 101 20 namn
1110 1599 97 31 torde
1223 1598 169 41 nämligen
1409 1598 76 31 med
1500 1598 69 30 lika
1580 1600 68 28 rätt

148 1652 116 31 kunna
290 1651 190 31 tillkomma
502 1651 294 41 Livregementets
819 1650 151 37 husarer,
993 1649 104 31 vilket
1120 1649 249 41 truppförband
1391 1651 36 28 är
1450 1648 55 31 del
1527 1659 40 20 av
1591 1648 57 31 det

147 1703 96 31 äldre
258 1702 266 41 livregementet.
549 1701 180 32 Utskottet
741 1712 100 20 anser
853 1700 53 31 för
918 1700 53 31 sin
982 1700 55 31 del
1050 1700 57 31 det
1119 1700 115 30 kunna
1245 1700 222 40 ifrågasättas,
1480 1699 168 31 huruvida

148 1754 75 31 icke
246 1753 58 31 det
326 1754 203 40 regemente,
555 1763 73 20 som
646 1752 85 31 skall
747 1751 113 31 bildas
877 1762 122 30 genom
1016 1750 311 41 sammanslagning
1343 1761 39 20 av
1398 1750 182 41 Livgardet
1595 1749 52 31 till

148 1804 79 31 häst
261 1803 64 32 och
348 1803 294 41 Livregementets
665 1802 176 41 dragoner,
865 1801 106 31 borde
993 1801 187 31 benämnas
1202 1801 291 41 Livregementets
1517 1800 132 42 gardes-

150 1855 176 41 dragoner.
355 1854 76 31 Vad
448 1854 161 41 slutligen
627 1853 182 31 Smålands
825 1852 335 41 artilleriregemente
1176 1854 111 39 angår,
1306 1863 101 30 synas
1423 1851 226 40 förväxlingar

148 1906 117 30 kunna
298 1906 136 40 uppstå,
459 1904 123 38 därest,
608 1906 112 29 såsom
755 1915 40 19 av
823 1903 126 41 Kungl.
973 1903 97 40 Maj:t
1092 1902 203 41 föreslagits,
1320 1904 132 28 arméns
1476 1904 103 38 tunga
1603 1912 46 19 ar-

150 1955 309 41 tilleriregemente,
474 1954 58 31 det
542 1954 195 31 nuvarande
750 1953 539 40 Positionsartilleriregementet,
1300 1964 46 19 nu
1359 1952 143 31 erhåller
1514 1954 137 28 namnet

152 2005 182 31 Smålands
357 2005 346 40 artilleriregemente.
728 2004 165 30 Däremot
917 2014 101 30 synes
1041 2003 122 30 hinder
1185 2003 73 30 icke
1282 2004 90 28 möta
1394 2003 52 29 för
1469 2004 57 32 att,
1545 2001 103 31 sedan

150 2057 113 39 någon
286 2055 51 31 tid
360 2057 73 39 gått
456 2055 64 31 och
543 2054 221 41 möjligheten
789 2054 53 30 till
864 2053 227 41 förväxlingar
1113 2053 73 30 icke
1210 2055 43 38 på
1277 2063 126 20 samma
1427 2054 66 29 sätt
1514 2063 72 19 som
1603 2063 46 19 nu

151 2106 193 38 förefinnes,
380 2105 76 42 giva
489 2107 135 29 arméns
648 2107 105 39 tunga
776 2104 336 40 artilleriregemente
1135 2104 138 29 namnet
1297 2102 179 31 Smålands
1499 2102 151 31 artilleri-

151 2158 202 39 regemente.
400 2155 65 31 Om
500 2155 168 31 utskottet
700 2155 101 30 alltså
824 2154 102 40 hyser
948 2154 71 30 viss
1042 2153 130 37 tvekan,
1197 2153 166 30 huruvida
1386 2153 115 40 Kungl
1535 2152 115 40 Maj:ts

152 2206 128 41 förslag
313 2206 53 30 till
399 2217 102 19 namn
536 2207 18 29 å
588 2204 236 32 ovannämnda
851 2203 250 41 truppförband
1124 2203 115 30 kunna
1261 2214 100 19 anses
1384 2214 77 19 vara
1484 2202 42 31 de
1548 2203 102 39 lämp-

152 2256 131 41 ligaste,
318 2256 62 31 har
413 2256 169 30 utskottet
617 2255 87 31 dock
736 2254 75 31 icke
845 2255 113 29 ansett
982 2253 51 41 sig
1055 2253 83 31 böra
1161 2253 11 30 1
1196 2253 93 30 detta
1311 2252 193 31 hänseende
1527 2252 123 31 föreslå

153 2308 104 40 några
290 2306 184 41 ändringar
496 2306 11 30 i
531 2305 41 31 de
605 2304 187 42 framlagda
827 2306 158 29 staterna.
1031 2303 179 32 Utskottet
1243 2303 61 31 har
1337 2303 168 41 nämligen
1529 2304 121 34 ansett,

155 2359 50 28 att
226 2356 255 42 ifrågavarande
497 2356 218 40 namnfrågor
729 2355 85 31 böra
830 2354 226 31 underkastas
1072 2354 135 41 förnyat
1223 2353 230 41 övervägande
1469 2364 40 19 av
1525 2353 126 40 Kungl.

154 2406 106 42 Maj:t,
286 2407 64 31 och
384 2417 102 31 synes
510 2406 57 31 det
590 2406 148 31 därefter
759 2405 85 32 böra
866 2405 189 30 tillkomma
1077 2404 126 41 Kungl.
1227 2404 98 40 Maj:t
1347 2406 49 28 att
1419 2403 154 31 meddela
1599 2403 53 30 be-

154 2457 70 31 slut
246 2457 11 31 i
280 2459 122 30 ämnet.
