1888 2820
507 156 377 33 Jordbruksutskottets
909 159 176 31 utlåtande
1108 169 41 21 nr
1180 160 47 31 70.
1610 157 18 31 3

120 241 159 36 lägenhet
299 240 36 34 åt
357 241 229 32 förevarande
605 242 349 37 befattningshavare.
977 243 15 31 I
1016 244 153 36 enlighet
1191 245 82 30 med
1294 245 68 30 vad
1382 245 244 38 investerings-

121 291 234 37 utredningen
379 291 182 37 föreslagit
588 293 99 30 torde
711 293 230 37 erforderliga
965 295 115 30 medel
1103 294 57 31 för
1184 295 168 31 arbetena
1377 296 11 30 i
1412 295 101 38 fråga
1539 296 87 31 böra

122 345 168 34 upptagas
318 342 21 32 å
363 343 280 37 beredskapsstat
667 343 57 32 för
746 343 202 38 budgetåret
974 342 154 34 1944/45.
1158 346 51 30 De
1234 356 43 21 av
1304 347 229 37 utredningen
1561 348 65 31 och

120 392 331 39 högskolestyrelsen
479 395 210 31 verkställda
717 395 446 38 kostnadsberäkningarna
1191 413 46 4 —
1266 397 95 31 vilka
1387 397 239 38 beräkningar

120 443 89 32 sluta
232 443 21 32 å
275 445 42 30 23
331 443 62 32 000
415 446 131 30 kronor
566 445 56 31 för
641 445 222 38 uppförande
883 456 43 21 av
947 447 340 32 vaktmästarbostad
1309 447 58 32 vid
1387 448 237 37 husdjursför-

120 494 262 40 söksanstalten,
400 496 41 30 55
455 496 65 30 000
534 496 129 31 kronor
677 496 57 32 för
749 496 220 38 uppförande
985 507 43 22 av
1043 498 158 32 häststall
1216 499 59 31 vid
1290 499 232 38 Kungsängen
1537 503 89 28 samt

121 545 61 30 130
195 545 66 30 000
282 545 130 32 kronor
430 546 55 32 för
506 546 282 33 förmansbostad
809 548 65 30 och
893 548 324 38 ekonomibyggnad
1237 550 58 31 vid
1318 550 217 37 Brännbergs
1555 551 69 31 för-

120 595 167 37 söksgård
303 613 45 5 —
365 596 181 34 föranleda
565 598 31 37 ej
616 597 113 38 någon
748 599 138 31 erinran
903 598 80 34 från
1001 600 74 30 min
1093 600 83 31 sida.
1200 600 65 31 Det
1283 600 144 33 sålunda
1445 601 57 32 för
1519 603 105 30 ända-

118 644 105 33 målet
245 646 182 38 behövliga
451 648 163 37 anslaget,
646 648 53 39 (23
713 649 63 31 000
805 646 32 32 -+
864 650 41 30 55
919 650 63 31 000
1009 645 37 36 —-
1072 651 61 31 130
1147 651 64 31 000
1235 650 57 41 =)
1322 652 63 30 208
1398 652 63 31 000
1485 653 139 36 kronor,

122 696 97 31 torde
236 697 86 30 böra
341 698 167 31 hänföras
527 699 50 31 till
596 700 129 30 allmän
742 700 281 37 beredskapsstat
1042 701 77 31 III.»

163 797 240 32 Förevarande
422 798 256 39 framställning
694 800 186 38 tillstyrkes
899 811 42 21 av
961 803 175 37 utskottet,
1157 813 76 21 som
1252 803 146 32 sålunda
1416 805 208 37 hemställer,

471 895 49 27 att
538 892 184 38 riksdagen
736 893 59 31 må
809 893 51 31 till
877 893 405 39 Lantbrukshögskolan:
1300 897 324 37 Byggnadsarbeten

426 941 21 32 å
470 943 130 32 allmän
625 943 279 38 beredskapsstat
928 945 48 31 III
1000 946 57 31 för
1081 946 203 38 budgetåret
1308 945 141 34 1944/45
1473 949 151 36 uppföra

425 995 48 28 ett
492 994 121 37 anslag
633 1003 42 22 av
696 995 64 30 208
774 995 66 31 000
859 996 137 31 kronor.

160 1140 69 40 3:0)
256 1142 152 37 Alnarps
430 1144 211 37 lantbruks-,
664 1145 139 37 mejeri-
828 1147 67 30 och
917 1146 341 38 trädgårdsinstitut:
1282 1150 342 37 Byggnadsarbeten.

118 1191 115 32 Under
251 1194 114 30 denna
381 1195 113 35 punkt
511 1195 64 31 har
594 1195 122 37 Kungl.
736 1197 102 36 Maj:t
856 1198 175 37 föreslagit
1050 1200 183 37 riksdagen
1252 1204 49 28 att
1319 1202 50 30 till
1389 1202 198 31 ändamålet
1604 1202 21 32 å

116 1242 281 38 beredskapsstat
413 1244 48 31 III
479 1245 57 31 för
555 1247 291 32 nästkommande
862 1248 168 38 budgetår
1048 1250 151 37 uppföra
1219 1254 47 28 ett
1284 1253 120 37 anslag
1421 1262 43 22 av
1482 1254 65 30 860
1560 1253 65 32 000

116 1293 138 32 kronor.

161 1343 97 32 Efter
277 1345 216 37 redogörelse
512 1346 56 32 för
584 1348 140 31 ärendet
743 1349 65 30 har
828 1350 380 41 departementschefen
1227 1353 118 32 anfört
1363 1355 65 31 och
1447 1351 177 48 föreslagit

116 1393 170 38 följande:

163 1444 141 32 »Såsom
322 1455 43 22 av
383 1447 66 32 den
466 1448 163 31 lämnade
645 1451 240 35 redogörelsen
902 1451 154 38 framgår
1074 1453 64 31 har
1156 1454 51 31 till
1225 1455 321 37 byggnadsarbeten
1566 1458 57 31 vid

115 1494 147 37 Alnarps
281 1496 205 39 lantbruks-,
505 1499 135 36 mejeri-
661 1500 64 31 och
746 1500 318 38 trädgårdsinstitut
1081 1504 117 31 äskats
1219 1508 48 28 ett
1284 1506 119 38 anslag
1420 1516 43 22 av
1481 1508 64 31 860
1558 1509 65 30 000

115 1545 138 33 kronor.
274 1546 52 31 Av
344 1548 153 32 nämnda
520 1549 125 37 belopp
667 1559 97 23 avses
786 1552 64 30 280
863 1552 64 30 000
948 1553 131 32 kronor
1099 1554 50 31 till
1170 1555 375 40 institutionsbyggnad
1567 1559 57 32 för

112 1595 273 38 jordbrukslära,
401 1598 241 37 husdjurslära
657 1610 45 22 m.
717 1611 46 21 m.
779 1606 89 27 samt
882 1604 269 37 samlingslokal,
1168 1606 66 30 270
1246 1607 66 31 000
1326 1608 129 31 kronor
1470 1609 50 31 till
1535 1619 86 29 upp-

114 1645 147 33 förande
277 1656 43 23 av
337 1648 244 40 elevbostäder,
603 1651 41 30 35
658 1651 63 31 000
739 1652 130 32 kronor
888 1653 49 31 till
957 1655 222 36 uppförande
1194 1667 44 21 av
1255 1658 225 38 lärarbostad,
1501 1661 42 30 65
1558 1661 63 31 000

114 1696 130 31 kronor
267 1697 51 31 till
342 1699 221 36 uppförande
589 1710 42 22 av
655 1701 353 41 föreståndarbostad,
1035 1707 41 30 90
1090 1707 63 31 000
1182 1708 129 32 kronor
1335 1710 50 31 till
1409 1707 212 45 maskinhall

113 1745 55 31 för
186 1748 249 38 undervisning
453 1750 179 37 angående
650 1753 369 40 lantbruksmaskiner,
1040 1757 41 31 60
1095 1758 64 30 000
1179 1759 130 31 kronor
1326 1760 51 31 till
1396 1762 226 36 lagerkällare

114 1800 88 27 samt
221 1798 42 30 60
277 1798 64 30 000
360 1799 128 32 kronor
508 1801 51 31 till
578 1803 161 31 växthus-
757 1805 66 30 och
843 1806 337 41 värmeanläggning,
1202 1809 111 33 första
1331 1814 156 34 etappen.
1510 1813 109 31 Samt-

113 1847 68 36 liga
202 1847 266 38 ifrågavarande
489 1852 142 31 arbeten
652 1855 97 30 torde
771 1864 83 22 vara
879 1866 41 21 av
944 1858 67 30 den
1034 1861 103 28 natur
1161 1862 49 28 att
1233 1861 42 30 de
1296 1862 85 30 böra
1404 1863 142 32 komma
1569 1865 50 30 till

113 1897 186 32 utförande
316 1899 95 31 inom
430 1901 42 30 de
491 1903 175 31 närmaste
684 1903 93 32 åren.
798 1905 110 32 Medel
930 1907 50 30 till
999 1908 42 30 de
1062 1909 79 30 med
1162 1910 164 32 arbetena
1343 1912 166 32 förenade
1528 1915 91 30 kost-

112 1948 154 31 naderna
286 1958 102 27 synas
407 1951 85 31 böra
510 1955 169 34 upptagas
697 1953 21 31 å
736 1955 129 30 allmän
883 1956 281 38 beredskapsstat
1182 1960 48 30 III
1251 1960 56 32 för
1324 1963 98 31 nästa
1440 1960 178 45 budgetår.

112 1996 71 32 Mot
204 1999 172 31 storleken
396 2010 42 21 av
456 2001 57 31 det
531 2002 56 31 för
605 2003 197 33 ändamålet
821 2007 129 31 äskade
971 2009 163 36 anslaget,
1154 2011 64 30 860
1232 2011 66 30 000
1318 2012 137 38 kronor,
1476 2015 65 31 har
1562 2014 58 39 jag

111 2046 84 32 intet
213 2052 49 28 att
280 2050 123 31 erinra.
423 2051 64 38 Jag
505 2052 209 39 förutsätter,
735 2059 49 28 att
802 2056 56 31 vid
877 2057 360 37 byggnadsarbetenas
1258 2062 184 34 utförande
1461 2066 159 31 kommer

111 2101 48 28 att
180 2098 171 38 iakttagas
372 2102 123 32 största
515 2103 142 37 möjliga
676 2107 215 35 sparsamhet
914 2108 37 31 så
971 2112 49 28 att
1039 2111 42 30 de
1103 2110 75 33 icke
1198 2114 100 34 göras
1317 2123 96 23 mera
1431 2116 186 32 omfattan-

112 2148 41 30 de
171 2149 82 30 eller
270 2151 213 33 kostsamma
502 2155 45 29 än
565 2164 74 21 som
658 2157 276 37 oundgängligen
955 2168 43 21 av
1017 2160 267 34 förhållandena
1304 2164 187 36 påkallas.»

155 2247 171 33 Utskottet
347 2250 153 33 biträder
521 2253 122 37 Kungl.
668 2255 118 36 Maj:ts
809 2256 257 41 framställning
1085 2265 91 27 samt
1199 2263 199 33 hemställer
1417 2266 110 38 alltså,

463 2347 49 27 att
532 2344 182 38 riksdagen
738 2347 57 31 må
818 2349 49 29 till
889 2349 147 38 Alnarps
1058 2352 206 41 lantbruks-,
1286 2356 133 36 mejeri-
1440 2359 65 29 och
1526 2360 91 30 träd-

418 2393 252 36 gårdsinstitut:
698 2397 325 37 Byggnadsarbeten
1051 2411 20 21 å
1101 2404 129 30 allmän
1258 2406 279 37 beredskapsstat
1568 2410 48 30 III

419 2442 54 31 för
492 2444 200 37 budgetåret
714 2445 141 34 1944/45
875 2451 150 35 uppföra
1046 2455 45 28 ett
1111 2454 120 37 anslag
1253 2465 42 21 av
1314 2457 62 30 860
1390 2458 63 31 000
1477 2459 137 33 kronor.

1673 811 129 27 Utskottet.

1666 2281 128 26 Utskottet.
