2204 2678
664 137 349 32 Jordbruksutskottets
1035 137 164 32 utlåtande
1222 137 53 32 Nr
1303 139 67 30 120.
1759 137 19 31 3

358 222 55 31 att
454 216 153 50 bolaget
648 217 121 36 skulle
796 230 90 23 vara
914 216 168 50 skyldigt
1113 222 65 43 att,
1209 223 91 31 utan
1328 216 162 38 särskild
1519 217 226 48 ersättning,
1775 230 47 23 av

227 270 169 36 området
437 272 107 34 avstå
583 269 73 37 vad
695 283 81 23 som
806 270 119 48 enligt
954 269 143 50 Kungl.
1125 270 127 49 Maj:ts
1282 269 238 50 beprövande
1547 269 125 37 kunde
1699 269 122 37 finnas

227 322 242 48 erforderligt
510 322 59 37 för
611 321 237 50 anläggning
876 336 47 23 av
951 322 138 36 allmän
1116 326 77 45 väg
1220 322 88 37 eller
1336 322 56 37 till
1419 327 188 45 utrymme
1638 323 58 36 för
1718 323 104 49 järn-

226 379 78 45 väg
340 374 90 37 eller
467 375 56 36 till
551 375 56 36 för
636 375 84 36 dess
749 375 90 36 drift
867 374 248 50 erforderliga
1143 375 279 49 anläggningar
1449 374 67 37 och
1548 375 272 48 anordningar;

357 433 65 41 att,
466 441 61 22 om
569 440 47 23 av
659 427 220 48 anledning,
922 440 80 23 som
1045 427 101 37 förut
1183 428 32 48 ej
1248 427 107 36 blivit
1382 427 152 47 nämnd,
1564 427 62 37 det
1654 441 49 22 nu
1732 427 91 37 eller

228 479 198 36 framdeles
468 479 121 36 skulle
632 479 82 36 visa
755 479 60 49 sig
856 479 213 49 angeläget,
1099 484 54 31 att
1182 482 124 46 någon
1334 479 115 36 sådan
1477 479 60 36 del
1565 493 47 22 av
1640 479 180 47 området,

227 544 80 24 som
337 531 59 37 för
423 531 153 49 bolaget
599 531 83 37 icke
701 544 89 24 vore
809 531 314 50 oundgängligen
1141 531 191 50 behövlig,
1353 532 85 36 från
1456 531 171 50 bolagets
1648 531 173 37 arrende-

227 588 75 31 rätt
343 583 249 49 undantoges,
635 583 154 49 bolaget
830 583 120 37 skulle
990 597 89 23 vara
1120 584 169 49 skyldigt
1331 584 227 36 underkasta
1589 584 61 48 sig
1677 583 142 49 Kungl.

228 635 124 50 Maj:ts
380 636 287 37 bestämmande
695 635 242 46 härutinnan;

356 692 55 32 att
438 688 153 49 bolaget
620 687 119 37 skulle
768 688 197 47 övervaka,
996 693 53 31 att
1078 689 162 36 åverkan
1259 688 81 37 icke
1360 687 138 38 skedde
1518 691 20 34 å
1558 689 72 36 den
1649 688 171 40 växande

228 740 147 49 skogen
403 741 102 35 inom
535 740 180 47 området,
745 746 97 30 samt
870 741 12 35 i
910 740 58 37 sin
997 743 86 34 mån
1112 741 91 36 söka
1232 746 54 31 att
1309 741 56 36 till
1383 741 87 49 laga
1491 754 135 23 ansvar
1645 740 175 37 befordra

228 792 96 48 dem,
354 805 81 24 som
464 792 57 37 till
550 792 105 49 dylik
684 792 164 37 åverkan
876 793 133 48 gjorde
1038 792 61 49 sig
1126 793 191 49 skyldiga;

356 850 55 31 att
438 845 154 48 bolaget
619 847 48 47 på
695 845 124 48 grund
849 858 46 23 av
923 859 50 22 nu
1002 845 289 48 ifrågavarande
1319 845 154 37 arrende
1500 846 83 35 icke
1609 845 119 36 skulle
1748 849 73 44 äga

228 910 125 23 annan
380 902 75 31 rätt
483 897 55 36 till
567 897 146 48 skogen
742 900 20 33 å
790 898 180 45 området,
1000 903 47 31 än
1077 903 53 31 att
1153 898 153 48 bolaget
1333 897 103 49 finge
1465 897 90 48 dels,
1584 897 94 37 efter
1697 897 123 36 anvis-

227 949 95 48 ning
363 963 44 22 av
450 949 280 37 vederbörande
772 949 349 50 skogstjänsteman
1163 949 70 37 och
1274 949 124 37 därest
1431 949 81 36 från
1542 948 278 50 skogsvårdens

227 1001 194 49 synpunkt
463 1002 133 36 hinder
637 1001 82 37 icke
761 1006 129 43 mötte,
933 1001 139 37 erhålla
1100 1001 135 49 nödigt
1262 1001 357 50 byggnadstimmer
1648 1002 54 35 till
1730 1001 90 49 pris,

227 1066 80 24 som
350 1068 46 21 av
437 1054 323 48 domänstyrelsen
793 1053 226 48 bestämdes,
1063 1054 78 36 dels
1183 1054 69 36 ock
1282 1054 127 48 avröja
1438 1053 108 48 skog,
1577 1067 78 23 som
1685 1053 136 36 funnes

227 1107 21 34 å
275 1106 212 48 tomtplats,
516 1111 80 31 mot
623 1105 223 48 ersättning,
876 1119 81 23 som
986 1106 324 49 domänstyrelsen
1338 1105 177 37 likaledes
1544 1105 206 45 bestämde;

357 1162 54 32 att
448 1157 155 49 bolaget
637 1158 119 36 skulle
784 1157 283 37 tillhandahålla
1094 1158 142 48 Kungl.
1266 1158 125 49 Maj:ts
1418 1157 403 49 befallningshavande

227 1210 246 48 erforderliga
502 1209 121 37 medel
651 1210 58 36 för
738 1210 207 36 avlönande
974 1223 45 23 av
1047 1210 73 36 den
1147 1210 240 49 polisstyrka,
1415 1223 78 23 som
1515 1209 57 36 till
1591 1210 230 48 ordningens

227 1261 349 37 vidmakthållande
616 1262 103 35 inom
760 1275 50 22 nu
851 1262 288 48 ifrågavarande
1173 1262 70 36 och
1270 1266 168 32 närmast
1466 1262 166 36 därintill
1660 1261 162 49 belägna

228 1313 151 36 område
409 1327 45 22 av
481 1313 141 49 Kungl.
652 1313 126 49 Maj:ts
807 1313 404 50 befallningshavande
1241 1314 261 44 förordnades;

358 1370 56 32 att
455 1365 72 37 den
569 1366 122 48 enligt
732 1366 176 48 gällande
949 1366 259 49 gruvestadga
1244 1366 202 49 jordägare
1486 1365 231 37 tillhörande
1748 1370 75 32 rätt

228 1417 232 37 beträffande
502 1418 261 49 fyndigheters
804 1418 329 48 tillgodogörande
1173 1419 85 36 icke
1298 1421 48 46 på
1374 1418 124 48 grund
1527 1432 47 22 av
1602 1432 49 22 nu
1680 1418 142 48 ifråga-

229 1470 165 36 varande
423 1470 158 36 arrende
608 1470 103 48 finge
740 1470 210 36 tillkomma
979 1471 168 49 bolaget;
1178 1477 96 30 samt

358 1527 55 32 att
454 1521 173 50 bolagets
665 1522 233 37 arrenderätt
926 1523 82 37 icke
1036 1523 103 49 finge
1168 1537 47 22 av
1242 1523 155 48 bolaget
1425 1525 20 34 å
1474 1536 123 23 annan
1626 1523 196 46 överlåtas,

230 1574 85 37 med
343 1574 147 36 mindre
518 1574 141 49 Kungl.
689 1574 108 49 Maj:t
825 1575 132 36 sådant
985 1575 195 49 medgåve.

357 1626 16 36 I
402 1627 168 47 enlighet
611 1626 85 36 med
736 1626 259 37 ovanberörda
1022 1628 148 46 villkor,
1198 1628 103 35 vilka
1328 1628 121 35 finnas
1479 1627 199 49 återgivna
1706 1626 13 36 1
1747 1631 76 32 sär-

228 1678 121 37 skilda
390 1678 58 36 till
485 1678 392 58 kammarkollegium,
911 1679 397 49 kommerskollegium
1338 1680 69 36 och
1436 1679 140 48 Kungl.
1606 1679 126 49 Maj:ts
1759 1678 64 37 be-

228 1730 355 49 fallningshavande
611 1730 12 36 1
650 1731 253 36 Norrbottens
944 1731 61 36 län
1047 1732 73 35 den
1164 1733 43 34 11
1251 1732 75 48 maj
1372 1733 96 35 1900
1504 1708 148 59 avlåtna
1684 1731 140 48 nådiga

229 1781 103 48 brev,
361 1782 247 49 upprättades
638 1782 72 37 den
740 1784 47 34 25
812 1783 72 48 juli
915 1785 97 35 1900
1041 1784 339 36 arrendekontrakt
1408 1783 84 37 med
1520 1783 164 48 bolaget.

358 1834 61 36 Nu
460 1834 69 36 har
570 1834 154 49 bolaget
764 1835 12 35 i
818 1848 46 23 en
910 1835 52 36 till
1008 1835 325 50 domänstyrelsen
1374 1835 111 36 ställd
1526 1835 110 36 skrift
1674 1835 72 36 den
1777 1835 45 35 15

224 1886 152 48 januari
419 1888 95 34 1911
558 1886 103 49 gjort
703 1886 280 49 framställning
1024 1901 60 23 om
1126 1894 55 29 att
1223 1888 35 35 få
1297 1888 176 36 förvärva
1509 1888 89 36 eller
1627 1887 197 36 arrendera

228 1938 218 49 ytterligare
488 1938 152 36 område
680 1941 49 46 på
769 1938 239 48 kronomark,
1051 1940 213 48 gränsande
1292 1940 97 36 intill
1426 1940 62 36 det
1515 1939 101 37 förut
1643 1939 181 49 upplåtna

229 1990 180 36 området.

358 2042 86 36 Med
487 2043 236 49 underdånig
764 2043 181 36 skrivelse
987 2043 72 36 den
1102 2045 45 34 31
1192 2043 198 36 december
1434 2045 95 34 1912
1563 2042 69 37 har
1673 2043 153 36 domän-

228 2095 189 48 styrelsen
457 2095 222 37 underställt
720 2095 291 48 ifrågavarande
1053 2095 137 37 ärende
1217 2095 142 49 Kungl.
1389 2095 127 48 Maj:ts
1545 2095 140 49 nådiga
1711 2100 113 44 pröv-

229 2146 95 50 ning
365 2152 99 31 samt
505 2147 132 36 därvid
678 2147 120 37 tillika
840 2148 232 36 överlämnat
1113 2147 213 37 infordrade
1365 2147 204 50 yttranden
1611 2161 46 22 av
1694 2147 130 36 veder-

229 2198 168 38 börande
433 2199 234 58 jägmästare
705 2199 69 36 och
804 2200 324 48 överjägmästare
1156 2204 177 32 ävensom
1363 2214 46 22 av
1436 2200 141 48 Kungl.
1608 2199 127 50 Maj:ts
1761 2199 64 37 be-

231 2250 356 50 fallningshavande
616 2251 11 36 i
656 2252 112 46 länet,
798 2251 128 37 vilken
955 2251 236 37 sistnämnda
1219 2252 225 49 myndighet
1465 2252 102 36 såväl
1586 2251 239 38 införskaffat
