1898 2792
582 159 314 31 Bankoutskottets
919 159 182 30 memorial
1120 168 43 21 nr
1184 160 30 29 2.
1635 157 19 29 9

145 246 109 29 konto
277 245 112 29 skulle
413 244 155 30 härefter
591 244 132 31 återstå
745 244 48 29 ett
815 243 124 40 belopp
963 253 43 20 av
1027 243 51 29 kr.
1103 242 63 30 499
1182 243 78 29 717:
1279 242 49 30 14.
1352 242 233 38 Fullmäktige
1608 242 45 28 ha

145 296 67 30 den
232 296 41 30 30
291 295 186 31 november
496 295 63 30 hos
578 294 126 40 Kungl.
726 294 107 39 Maj:t
851 294 92 40 gjort
962 293 262 39 framställning
1242 302 67 25 om,
1329 294 51 28 att
1400 292 126 39 Kungl.
1548 291 105 39 Maj:t

145 347 109 30 måtte
276 347 169 39 medgiva,
468 347 51 28 att
541 345 161 40 beloppet
724 345 175 30 överföres
922 344 53 29 till
997 344 130 30 fonden
1149 344 56 29 för
1227 343 198 39 oreglerade
1448 342 206 40 kapitalme-

145 398 254 30 delsförluster.

191 498 282 40 Förräntningen
489 507 42 21 av
548 497 89 31 vissa
654 497 212 40 fondmedel.
884 496 117 39 Enligt
1016 496 113 30 beslut
1146 505 42 21 av
1205 495 221 39 fullmäktige
1445 494 89 30 skall
1549 494 102 29 ränta

147 549 22 30 å
187 549 124 34 medel,
332 558 76 20 som
427 548 140 31 innestå
584 548 11 29 i
615 547 339 40 riksgäldskontoret
975 547 19 29 å
1013 547 92 29 vissa
1126 546 116 30 såsom
1264 545 171 30 fonderad
1457 544 194 30 statsskuld

146 599 204 30 redovisade
373 600 145 33 konton,
541 599 175 29 beräknas
739 598 89 29 efter
849 607 43 20 en
914 598 184 33 räntesats,
1122 596 247 30 motsvarande
1393 596 67 29 den
1482 594 169 31 effektiva

148 649 316 31 medelräntefoten
489 649 55 30 för
569 649 41 29 de
635 649 94 30 fasta
755 648 157 34 statslån,
940 657 74 21 som
1040 657 42 20 av
1106 647 340 39 riksgäldskontoret
1473 645 179 40 upptagits

149 701 112 30 under
287 701 41 29 de
351 700 73 30 fem
447 701 158 28 närmast
629 699 97 30 förut
750 698 174 30 förflutna
947 698 224 39 budgetåren.
1198 698 49 28 De
1273 696 269 40 ifrågavarande
1567 696 86 29 kon-

147 753 85 28 tona
248 752 61 28 äro
327 752 132 28 statens
476 749 310 41 pensionsanstalt,
803 748 486 41 folkpensioneringsfonden,
1309 746 343 41 olycksfallsförsäk-

146 801 242 40 ringsfonden,
418 800 103 31 civila
550 799 443 41 tjänstepensionsfonden,
1023 798 154 32 militära
1207 797 443 41 tjänstepensionsfonden,

146 852 181 30 allmänna
347 851 450 40 familjepensionsfonden,
819 850 298 41 pensionsfonden
1140 850 56 29 för
1218 849 93 30 vissa
1332 848 206 39 riksdagens
1559 847 95 35 verk,

148 903 236 29 riksbankens
417 902 265 40 pensionsfond,
716 901 145 40 Bergsjö
892 900 287 40 bredspårsfond,
1214 899 288 40 Sparbankernas
1536 899 117 29 säker-

147 953 196 34 hetskassa,
360 952 391 34 Norrbackainstitutet,
768 951 130 30 fonden
914 951 56 31 för
986 950 133 40 skoglig
1135 950 186 39 forskning
1337 950 65 30 och
1419 949 235 30 norrländska

149 1003 249 40 skogsfonden.
429 1003 14 30 I
475 1002 348 31 överensstämmelse
851 1002 81 31 med
963 1001 96 30 förut
1090 1001 150 39 angivna
1272 1000 284 39 beräkningssätt
1587 999 65 30 har

148 1054 269 39 ifrågavarande
439 1053 154 30 räntefot
615 1053 56 30 för
692 1052 205 40 budgetåret
922 1052 146 35 1950/51
1094 1051 189 30 fastställts
1303 1050 53 30 till
1379 1051 44 34 2,3
1451 1050 46 34 9.

193 1137 371 41 Riksgäldskontorets
589 1137 147 39 fordran
760 1137 65 29 hos
849 1136 253 30 statskontoret
1127 1135 55 30 för
1208 1135 142 30 lämnad
1375 1134 279 30 kassaförstärk-

150 1188 85 40 ning
257 1188 162 40 utgjorde
442 1188 68 29 den
535 1188 15 28 1
574 1187 67 40 juli
668 1187 84 30 1950
776 1187 18 30 5
810 1187 62 30 050
896 1186 89 40 milj.
1008 1187 52 29 kr.
1083 1186 75 29 Den
1182 1185 39 30 31
1249 1185 182 30 december
1457 1185 83 30 1950
1563 1184 90 30 hade

150 1239 271 30 statskontorets
439 1237 269 40 ifrågavarande
728 1237 103 30 skuld
849 1237 53 29 till
919 1236 340 40 riksgäldskontoret
1279 1236 82 30 ökat
1381 1236 80 29 med
1483 1235 60 30 150
1563 1235 89 39 milj.

147 1290 54 30 kr.
220 1291 91 28 samt
328 1289 163 39 utgjorde
510 1288 147 31 sålunda
675 1288 19 30 5
709 1288 64 30 200
790 1287 88 41 milj.
897 1288 53 29 kr.

192 1372 185 40 Uppköpta
403 1372 150 30 svenska
577 1371 330 39 statsobligationer.
932 1371 270 39 Ifrågavarande
1226 1371 109 29 konto
1361 1369 159 31 utvisade
1544 1370 66 29 den
1637 1370 15 28 1

145 1423 68 39 juli
236 1423 83 30 1950
340 1432 42 20 en
402 1422 171 39 ingående
594 1422 123 29 balans
739 1422 21 30 å
779 1422 19 29 6
814 1421 60 30 155
889 1422 63 29 653
974 1422 52 29 kr.
1047 1421 130 29 Kontot
1198 1421 64 29 har
1283 1421 112 29 under
1418 1429 122 20 senare
1560 1419 96 31 halv-

147 1474 75 29 året
241 1473 83 31 1950
341 1474 83 29 ökat
440 1473 80 29 med
539 1473 41 30 50
596 1473 52 29 kr.
666 1480 125 31 genom
808 1472 143 40 uppköp
968 1472 81 29 från
1066 1471 216 30 riksbanken
1300 1480 42 21 av
1358 1480 43 20 en
1419 1471 133 29 skadad
1571 1470 84 30 obli-

148 1524 119 39 gation
288 1533 42 21 av
351 1523 84 30 1944
455 1523 39 30 år
513 1522 414 41 premieobligationslån.
947 1522 68 29 Till
1035 1522 89 39 följd
1145 1531 42 20 av
1208 1521 94 31 vissa
1321 1521 232 39 utlottningar
1574 1521 20 29 å
1614 1529 43 21 av

147 1574 341 40 riksgäldskontoret
517 1575 188 37 övertagna
735 1573 228 40 järnvägslån
991 1582 46 20 m.
1066 1582 45 20 m.
1141 1572 65 30 har
1237 1572 124 29 kontot
1390 1571 156 30 minskat
1575 1571 80 29 med

147 1625 64 30 328
226 1625 63 30 000
307 1625 52 30 kr.
379 1625 99 29 Efter
499 1626 101 29 dessa
618 1624 261 30 transaktioner
898 1623 159 30 utvisade
1076 1624 124 29 kontot
1220 1623 66 29 den
1306 1622 39 30 31
1368 1622 182 30 december
1571 1621 83 30 1950

147 1685 43 20 en
207 1676 172 39 utgående
396 1675 124 30 balans
538 1675 20 30 å
575 1675 17 30 5
608 1675 61 30 827
684 1675 63 30 703
764 1675 53 29 kr.

191 1760 141 39 Rörliga
353 1759 165 30 krediter.
541 1758 26 30 Å
590 1760 41 29 de
654 1768 43 21 av
717 1759 339 39 riksgäldskontoret
1078 1758 54 31 för
1154 1757 94 31 vissa
1270 1757 222 30 ämbetsverk
1514 1756 142 40 jämlikt

147 1810 207 39 riksdagens
378 1810 115 29 beslut
517 1810 159 39 öppnade
701 1809 129 39 rörliga
853 1808 201 30 krediterna
1077 1809 98 39 togos
1200 1808 112 29 under
1337 1807 98 30 tiden
1460 1808 15 29 1
1500 1807 67 39 juli
1590 1806 63 30 —31

148 1860 183 30 december
360 1860 83 30 1950
474 1859 12 29 i
514 1860 153 39 anspråk
696 1859 158 39 följande
882 1859 135 39 belopp,
1046 1858 177 39 nämligen
1251 1858 55 30 för
1336 1857 320 40 telegrafstyrelsen

147 1911 42 30 20
208 1911 90 38 milj.
318 1911 63 35 kr.,
402 1911 55 29 för
476 1910 376 39 vattenfallsstyrelsen
872 1910 18 29 5
913 1909 88 39 milj.
1022 1909 63 34 kr.,
1105 1909 55 29 för
1180 1908 304 39 domänstyrelsen
1506 1908 39 30 10
1566 1907 89 39 milj.

146 1961 65 35 kr.,
234 1961 56 30 för
312 1961 191 29 försvarets
525 1960 284 39 fabriksstyrelse
834 1960 42 34 3,;
897 1959 89 39 milj.
1009 1960 63 33 kr.,
1097 1959 55 30 för
1174 1958 255 30 riksnämnden
1453 1959 56 30 för
1530 1958 127 29 ekono-

148 2012 93 29 misk
266 2011 351 40 försvarsberedskap
641 2010 42 30 42
709 2011 89 39 milj.
823 2011 51 29 kr.
901 2011 92 29 samt
1016 2010 54 30 för
1094 2011 133 28 statens
1252 2008 404 41 reproduktionsanstalt

149 2062 39 29 75
203 2062 64 31 000
285 2063 52 29 kr.
356 2062 26 29 Ä
399 2062 112 29 andra
528 2061 100 30 sidan
646 2061 252 30 återbetalades
917 2061 111 29 under
1046 2069 135 21 samma
1199 2060 48 29 tid
1266 2059 20 30 å
1303 2059 199 30 krediterna
1519 2068 42 21 av
1577 2059 80 29 tele-

148 2113 251 39 grafstyrelsen
424 2112 38 30 15
488 2112 88 39 milj.
598 2113 64 35 kr.,
685 2121 43 21 av
750 2111 375 39 vattenfallsstyrelsen
1148 2111 18 29 5
1190 2110 88 39 milj.
1302 2110 63 34 kr.,
1392 2119 42 21 av
1456 2110 201 38 domänsty-

148 2163 115 29 relsen
285 2163 41 30 42
347 2163 88 39 milj.
457 2163 64 33 kr.,
543 2172 42 20 av
606 2163 192 29 försvarets
819 2161 282 39 fabriksstyrelse
1124 2161 18 29 2
1163 2160 89 39 milj.
1273 2161 52 30 kr.
1349 2162 91 27 samt
1461 2169 43 20 av
1524 2161 131 28 statens

148 2213 406 39 reproduktionsanstalt
579 2213 60 29 175
655 2213 63 30 000
743 2213 52 28 kr.
820 2212 97 29 Efter
941 2212 101 29 dessa
1066 2211 261 29 transaktioner
1351 2210 159 30 utvisade
1533 2211 124 28 kontot

148 2264 131 38 rörliga
303 2263 154 29 krediter
483 2263 66 28 den
575 2263 37 29 31
641 2262 181 30 december
852 2262 82 30 1950
961 2263 48 27 ett
1034 2261 172 38 utnyttjat
1232 2260 241 39 kreditbelopp
1500 2270 41 19 av
1567 2269 90 20 sam-

148 2314 153 36 manlagt
321 2314 51 28 kr.
397 2313 61 29 163
476 2313 60 29 169
551 2313 77 29 935:
645 2312 40 29 47
709 2314 73 28 mot
804 2312 52 29 kr.
882 2311 60 30 146
958 2312 62 28 769
1035 2311 77 29 935:
1129 2310 39 29 47
1194 2310 57 30 vid
1274 2310 222 39 budgcetårets
1521 2310 135 38 början.

192 2397 230 30 Norrbottens
442 2396 177 40 järnverk.
641 2396 118 38 Enligt
781 2396 112 29 beslut
915 2404 41 20 av
979 2394 93 34 1941,
1098 2393 83 30 1946
1203 2394 65 29 och
1292 2393 80 30 1947
1397 2394 56 29 års
1475 2393 182 38 riksdagar

150 2448 90 30 skall
262 2449 113 28 staten
397 2455 124 31 genom
545 2446 338 39 riksgäldskontoret
905 2445 102 30 ställa
1030 2444 134 40 garanti
1187 2445 9 28 i
1219 2444 82 30 mån
1326 2454 42 20 av
1389 2444 112 31 behov
1523 2444 53 29 för
1600 2444 56 29 lån

181 2515 16 26 2
241 2516 111 30 Bihang
366 2515 45 24 till
424 2515 169 30 riksdagens
604 2513 149 32 protokoll
766 2514 75 23 1951.
861 2513 15 24 8
877 2502 94 35 saml.
992 2513 40 24 Nr
1050 2513 23 24 2.
