1906 2816
553 151 296 35 Statsutskottets
868 152 187 34 utlåtande
1076 152 54 34 Nr
1149 154 33 32 8.
1573 154 42 31 65

121 232 88 40 dare,
240 236 89 29 samt
360 233 190 32 hemställts
574 244 55 21 om
654 233 187 32 anvisande
866 244 41 21 av
935 234 97 37 1,300
1057 233 123 31 kronor
1203 233 51 31 till
1278 233 338 41 skrivbiträdeshjälp

121 286 58 32 vid
204 286 350 41 provårsläroverken.
580 286 65 31 Till
670 286 74 32 stöd
769 286 116 32 härför
910 286 61 32 har
995 287 130 30 anförts
1149 286 10 31 i
1183 286 182 32 huvudsak
1389 287 166 40 följande:

165 358 58 31 Ett
255 357 314 41 provårsläroverks
601 357 170 41 kapacitet
803 368 79 21 vore
914 357 10 31 i
949 358 144 31 främsta
1117 364 148 25 rummet
1288 357 165 32 beroende
1477 368 43 22 av
1545 357 69 32 dels

121 402 206 32 läroverkets
352 402 133 38 storlek,
512 402 30 32 d.
561 413 30 21 v.
610 413 24 20 s.
660 402 128 31 antalet
812 402 327 41 klassavdelningar,
1164 402 70 32 dels
1252 402 64 32 den
1334 402 58 39 tid,
1409 414 73 20 som
1500 403 114 32 kunde

121 449 51 30 stå
203 447 51 31 till
287 447 275 32 föreståndarens
595 447 213 41 förfogande.
839 447 73 31 Den
938 448 91 30 förra
1053 447 135 31 faktorn
1213 447 131 41 gjorde,
1369 451 47 28 att
1440 451 48 28 ett
1511 452 103 28 större

120 492 154 31 läroverk
307 492 87 32 hade
427 492 119 31 lättare
578 495 48 28 att
656 495 78 38 taga
759 495 90 28 emot
873 495 46 28 ett
943 495 105 28 större
1072 491 91 32 antal
1187 492 290 32 lärarkandidater
1500 497 43 27 än
1568 496 46 28 ett

120 537 141 32 mindre.
281 537 75 31 Den
374 548 115 21 senare
507 536 145 32 verkade
669 537 8 31 i
696 540 139 28 motsatt
851 537 162 40 riktning,
1032 542 79 26 enär
1128 537 255 32 föreståndaren
1401 536 50 42 (=
1465 535 147 43 rektorn)

120 582 56 32 vid
210 585 46 28 ett
289 586 105 27 större
427 582 154 32 läroverk
614 581 185 40 självfallet
831 581 88 32 hade
949 582 137 40 mycket
1110 593 71 20 mer
1204 582 113 32 arbete
1341 582 10 31 i
1375 583 171 41 egenskap
1570 593 42 22 av

120 627 110 31 rektor
254 627 63 31 och
342 627 53 31 för
417 626 212 32 närvarande
652 627 73 31 icke
749 626 125 32 erhölie
898 627 113 40 någon
1036 626 219 42 nedsättning
1278 627 10 31 i
1313 627 91 32 detta
1427 627 58 32 sitt
1508 632 104 27 större

118 671 113 32 arbete
256 673 43 39 på
323 671 111 41 grund
459 682 42 21 av
526 671 180 41 uppgiften
732 674 49 28 att
804 671 108 31 tillika
937 682 81 20 vara
1041 672 241 31 föreståndare.
1308 672 77 31 Med
1410 672 134 40 hänsyn
1562 672 49 31 till

119 716 64 31 den
208 717 92 31 förra
324 716 136 31 faktorn
485 716 108 31 skulle
618 727 79 20 man
721 716 118 31 kunna
863 716 93 31 tänka
990 716 52 40 sig
1066 727 40 20 en
1131 717 170 40 utökning
1317 727 40 21 av
1375 717 126 31 antalet
1517 728 94 30 prov-

118 761 180 40 årsplatser
330 761 57 32 vid
421 761 40 31 de
495 762 18 30 8
544 760 339 41 provårsläroverken
908 762 45 36 så,
979 765 48 27 att
1051 762 56 30 två
1132 771 40 21 av
1198 761 97 31 dessa
1318 761 59 31 allt
1400 762 211 31 fortfarande

118 806 108 31 skulle
250 809 79 38 taga
352 809 90 28 emot
468 807 49 36 11,
543 807 56 31 två
619 807 39 30 14
675 806 62 31 och
757 806 74 40 fyra
851 806 37 31 15
905 805 300 32 lärarkandidater.
1224 805 142 32 Särskilt
1382 806 96 32 dessa
1494 817 117 21 senare

118 850 154 32 läroverk
296 861 80 21 vore
399 852 36 30 så
458 853 100 36 stora,
583 853 48 29 att
654 850 92 32 detta
762 854 104 27 större
883 850 91 31 antal
991 850 109 32 skulle
1117 851 117 30 kunna
1251 851 148 41 placeras
1416 851 70 38 där,
1504 851 108 32 under

119 895 246 41 förutsättning
397 898 48 29 att
478 906 40 21 en
552 895 141 41 lämplig
727 895 194 41 fördelning
953 895 125 31 mellan
1113 895 40 32 de
1181 895 92 32 olika
1296 892 314 45 ämnesgrupperna

118 940 113 31 kunde
255 940 264 31 åstadkommas.
546 940 116 32 Under
687 940 129 31 sådana
839 939 240 32 förhållanden
1096 940 108 32 skulle
1221 951 41 21 en
1280 940 129 41 ökning
1425 952 42 21 av
1485 941 125 32 antalet

117 985 267 41 provårsplatser
416 985 121 32 vinnas
571 985 76 31 med
683 986 50 37 17,
759 985 76 30 från
860 995 46 21 nu
931 985 41 31 93
998 984 49 32 till
1075 986 72 37 110,
1173 985 30 31 d.
1222 997 31 20 v.
1272 996 24 21 s.
1322 996 71 20 mer
1416 991 43 25 än
1485 996 123 30 genom

116 1030 207 31 inrättandet
346 1041 42 20 av
411 1029 192 41 ytterligare
626 1032 47 28 ett
696 1032 76 38 nytt
795 1029 305 41 provårsläroverk.

161 1074 285 41 Organisationen
470 1085 42 21 av
536 1075 63 30 och
623 1074 128 32 arbetet
775 1074 57 31 vid
857 1076 81 29 våra
961 1074 297 40 provårsläroverk
1283 1085 79 21 vore
1386 1074 187 33 emellertid
1598 1076 9 31 i

117 1119 119 41 högsta
266 1119 84 41 grad
382 1119 130 31 knutna
536 1119 57 32 vid
618 1119 266 37 föreståndaren,
910 1120 116 30 varför
1049 1118 397 42 provårsutbildningens
1470 1120 139 32 resultat

116 1174 79 21 vore
228 1164 166 32 beroende
427 1174 41 21 av
502 1164 66 31 den
600 1163 48 31 tid
682 1164 69 31 han
785 1163 114 32 kunde
932 1168 89 36 ägna
1046 1164 103 31 däråt.
1176 1163 118 32 Redan
1319 1169 61 26 när
1403 1164 206 32 lärarkandi-

116 1208 157 32 daternas
297 1208 90 32 antal
411 1208 88 32 varit
525 1210 48 36 10,
599 1208 86 32 hade
709 1208 66 31 den
800 1207 179 42 behövliga
996 1208 93 32 tiden
1106 1208 133 32 kunnat
1254 1209 254 32 åstadkommas
1525 1209 83 33 blott

116 1255 44 48 på
191 1256 36 29 så
261 1257 76 34 sätt,
362 1256 48 29 alt
433 1235 441 50 föreståndarens-rektorns
899 1253 260 41 expeditionella
1183 1253 113 32 arbete
1320 1254 10 31 i
1355 1258 67 27 stor
1447 1255 160 31 utsträck-

116 1299 84 40 ning
222 1298 194 40 förskjutits
440 1299 75 30 från
540 1298 65 31 den
630 1298 168 31 ordinarie
823 1298 206 31 arbetstiden
1054 1298 50 31 till
1121 1298 186 38 kvällarna,
1325 1299 62 31 och
1405 1299 87 32 hade
1509 1299 98 41 själv-

116 1343 94 32 fallet
233 1354 41 21 en
299 1343 193 40 ytterligare
516 1343 235 41 förskjutning
776 1344 88 30 måst
888 1348 63 35 äga
975 1354 87 27 rum,
1088 1343 102 31 sedan
1215 1343 127 32 antalet
1365 1345 42 39 på
1432 1345 92 30 förut
1540 1355 67 21 om-

115 1392 121 27 nämnt
267 1391 66 28 sätt
357 1388 104 31 ökats.
488 1387 115 32 Skulle
626 1399 56 27 nu,
709 1398 71 21 som
807 1388 61 30 här
891 1388 223 40 ifrågasattes,
1140 1388 350 40 provkandidaternas
1515 1390 91 31 antal

115 1433 81 31 ökas
220 1438 93 26 ännu
339 1443 79 26 mer,
443 1432 114 31 kunde
582 1432 83 32 dock
691 1432 29 40 ej
747 1432 113 31 denna
883 1431 192 42 belastning
1098 1433 241 40 kompenseras
1361 1444 124 29 genom
1509 1437 97 37 ytter-

114 1477 104 41 ligare
241 1478 82 30 ökat
346 1476 230 32 kvällsarbete.
602 1476 267 32 Föreståndaren
895 1478 106 29 måste
1026 1477 103 30 åhöra
1153 1480 45 28 ett
1222 1477 84 32 visst
1328 1477 91 31 antal
1441 1477 166 33 lektioner

115 1523 53 31 för
200 1522 94 39 varje
327 1521 253 32 lärarkandidat
612 1521 62 31 och
707 1521 95 40 varje
834 1521 361 40 undervisningsserie,
1229 1522 64 31 och
1323 1521 96 32 dessa
1442 1522 165 33 lektioner

116 1569 106 29 måste
247 1577 82 21 vara
352 1566 155 40 förlagda
531 1566 50 31 till
605 1566 40 31 de
670 1566 168 31 ordinarie
862 1565 460 41 undervisningstimmarna.
1341 1566 141 32 Särskilt
1499 1568 108 31 under

115 1612 88 31 vissa
227 1611 95 38 tider,
348 1611 42 31 då
414 1611 96 31 dessa
533 1610 163 32 lektioner
713 1611 78 31 med
808 1610 258 41 nödvändighet
1081 1610 132 41 hopade
1231 1611 59 40 sig,
1309 1611 111 32 räckte
1436 1612 169 32 schemats

114 1656 137 32 timmar
283 1656 70 31 inte
386 1655 58 32 till.
479 1656 50 30 De
562 1655 89 32 olika
683 1655 211 31 lektionerna
918 1658 100 28 stötte
1042 1655 80 41 ihop
1146 1655 77 32 med
1248 1656 168 32 varandra
1440 1657 62 31 och
1528 1658 77 31 med

115 1700 272 32 föreståndarens
412 1711 86 29 egna
522 1700 412 41 undervisningstimmar.
961 1700 90 31 Utan
1077 1703 48 28 att
1149 1700 97 31 dessa
1270 1711 115 21 senare
1409 1701 195 33 minskades

114 1745 51 32 till
193 1745 135 38 antalet,
359 1746 122 30 funnes
509 1745 57 53 det
595 1745 114 31 därför
733 1745 102 40 ingen
862 1745 151 40 praktisk
1039 1745 179 40 möjlighet
1242 1749 48 27 att
1314 1745 64 32 öka
1400 1746 204 32 lärarkandi-

114 1791 155 31 daternas
296 1772 92 49 antal
413 1791 43 40 på
482 1793 74 35 sätt,
582 1800 72 21 som
680 1790 61 30 här
767 1790 205 40 ifrågasatts,
999 1790 65 30 hur
1082 1790 134 40 mycket
1232 1790 193 32 överarbete
1443 1792 160 31 förestån-

114 1835 102 31 daren
242 1840 42 25 än
310 1836 120 39 påtoge
454 1834 60 40 sig.

159 1880 130 30 Genom
320 1890 40 20 en
386 1879 104 31 sådan
515 1878 198 40 minskning
737 1878 109 31 skulle
871 1878 153 31 däremot
1048 1889 39 20 en
1114 1879 206 40 utvidgning
1343 1890 41 20 av
1409 1882 196 38 provårsan-

113 1924 119 31 stalten
270 1934 69 20 vara
364 1923 127 40 möjlig,
518 1922 141 31 emedan
685 1923 197 40 därigenom
907 1926 45 27 ett
977 1927 105 27 större
1098 1923 91 31 antal
1206 1923 138 31 timmar
1361 1924 113 31 kunde
1492 1924 113 33 ställas

113 1969 49 31 till
198 1968 269 31 föreståndarens
503 1967 200 40 förfogande
737 1968 53 30 för
823 1967 252 40 provlektioner
1107 1967 76 31 med
1219 1967 106 41 därpå
1349 1968 152 39 följande
1526 1969 77 31 kon-

117 2014 154 30 ferenser.
310 2014 82 29 1936
426 2014 53 29 års
504 1992 214 59 sakkunniga
743 2011 87 32 hade
855 2011 174 40 föreslagit
1053 2022 39 20 en
1119 2012 200 40 minskning
1344 2013 73 30 med
1444 2014 18 30 3
1488 2014 116 32 vecko-

113 2058 146 36 timmar,
293 2057 122 31 d.v.s.
447 2057 75 30 från
548 2067 45 20 nu
619 2057 18 29 8
663 2038 48 49 till
737 2058 19 29 5
782 2056 146 37 timmar,
955 2056 56 31 vid
1038 2056 63 31 den
1127 2068 41 20 av
1193 2056 77 31 dem
1297 2038 191 59 föreslagna
1512 2069 91 29 Orga-

113 2102 201 37 nisationen,
340 2112 69 20 som
437 2101 84 31 dock
547 2100 106 32 skulle
677 2101 106 31 kräva
807 2104 152 28 avsevärt
986 2100 132 32 mindre
1143 2101 112 31 arbete
1279 2112 41 20 av
1338 2084 263 51 föreståndaren.

114 2147 50 31 En
190 2146 200 39 minskning
413 2157 41 19 av
480 2147 18 29 3
524 2146 136 30 timmar
683 2156 79 20 vore
786 2146 100 30 också
911 2145 56 31 det
991 2145 124 31 minsta
1140 2157 77 19 man
1244 2146 107 31 skulle
1368 2147 116 31 kunna
1501 2149 103 31 tänka

113 2193 51 38 på.
193 2191 70 30 Den
290 2201 79 20 vore
393 2190 84 30 dock
504 2192 36 28 så
560 2200 76 30 pass
654 2193 77 33 stor,
750 2192 48 29 att
815 2190 62 30 den
897 2190 108 30 skulle
1024 2190 116 30 kunna
1158 2190 202 40 möjliggöra
1376 2202 40 20 en
1435 2193 169 40 utökning

112 2247 41 19 av
179 2235 126 31 antalet
330 2234 273 40 provårsplatser,
628 2234 106 31 ehuru
760 2234 183 39 självfallet
968 2234 256 40 utbildningens
1249 2235 158 31 standard
1434 2236 29 38 ej
1490 2237 113 31 kunde

113 2280 44 30 bli
182 2281 34 28 så
243 2279 68 39 hög
335 2289 70 20 som
432 2278 141 39 tidigare
598 2278 75 30 med
700 2278 55 31 det
780 2278 132 31 mindre
937 2278 135 31 antalet.
1093 2279 169 30 Eftersom
1285 2280 28 38 ej
1336 2280 157 40 samtliga
1510 2292 93 29 prov-

113 2323 208 31 årsläroverk
348 2322 106 31 skulle
482 2324 33 28 få
538 2323 59 30 fler
621 2322 288 40 provkandidater
933 2327 41 26 än
1001 2333 57 26 nu,
1084 2322 107 31 skulle
1216 2323 241 39 minskningen
1476 2336 41 20 av
1536 2326 67 30 rek-

113 2372 66 27 tors
204 2366 404 40 undervisningstimmar
631 2366 148 31 behövas
804 2367 119 30 endast
946 2366 56 31 vid
1030 2368 18 29 6
1073 2366 150 31 läroverk
1251 2367 61 31 och
1338 2367 127 32 således
1490 2372 113 37 uppgå

113 2413 47 30 till
187 2412 117 30 inalles
335 2413 35 28 18
396 2411 252 36 veckotlimmar,
675 2411 30 30 d.
725 2422 29 19 v.
774 2422 23 19 s.
818 2411 131 31 mindre
967 2416 41 25 än
1028 2422 38 20 en
1086 2414 89 27 extra
1195 2411 116 38 lärare,
1329 2412 60 31 och
1407 2414 194 40 antagligen

113 2458 115 29 kunna
262 2466 149 30 rymmas
445 2455 91 30 inom
571 2455 62 31 den
670 2466 68 19 ram
776 2466 40 20 av
852 2455 71 31 icke
947 2455 168 31 ordinarie
1140 2456 236 38 ämneslärare,
1402 2468 71 20 som
1501 2459 100 31 redan

112 2502 179 30 beräknats
316 2511 41 20 av
381 2499 382 41 departementschefen.

159 2563 108 30 Bihang
288 2562 43 25 till
351 2561 158 32 riksdagens
529 2561 132 33 protokoll
684 2562 75 25 1941.
799 2563 16 22 6
833 2562 78 24 saml.
953 2561 40 25 Nr
1012 2564 24 22 8.
1552 2565 15 25 5
