<?xml version="1.0" encoding="UTF-8"?>
<alto xmlns="http://www.loc.gov/standards/alto/ns-v3#" xmlns:xlink="http://www.w3.org/1999/xlink" xmlns:xsi="http://www.w3.org/2001/XMLSchema-instance" xsi:schemaLocation="http://www.loc.gov/standards/alto/ns-v3# http://www.loc.gov/alto/v3/alto-3-0.xsd">
	<Description>
		<MeasurementUnit>pixel</MeasurementUnit>
		<sourceImageInformation>
			<fileName>/tmp/tess_fl3hnn4h_input.PNG</fileName>
		</sourceImageInformation>
		<OCRProcessing ID="OCR_0">
			<ocrProcessingStep>
				<processingSoftware>
					<softwareName>tesseract 5.3.0</softwareName>
				</processingSoftware>
			</ocrProcessingStep>
		</OCRProcessing>
	</Description>
	<Layout>
		<Page WIDTH="1910" HEIGHT="2814" PHYSICAL_IMG_NR="0" ID="page_0">
			<PrintSpace HPOS="0" VPOS="0" WIDTH="1910" HEIGHT="2814">
				<ComposedBlock ID="cblock_0" HPOS="549" VPOS="164" WIDTH="1061" HEIGHT="37">
					<TextBlock ID="block_0" HPOS="549" VPOS="164" WIDTH="1061" HEIGHT="37">
						<TextLine ID="line_0" HPOS="549" VPOS="164" WIDTH="1061" HEIGHT="37">
							<String ID="string_0" HPOS="549" VPOS="166" WIDTH="297" HEIGHT="35" WC="0.92" CONTENT="Statsutskottets"/><SP WIDTH="20" VPOS="166" HPOS="846"/>
							<String ID="string_1" HPOS="866" VPOS="164" WIDTH="186" HEIGHT="36" WC="0.96" CONTENT="utlåtande"/><SP WIDTH="20" VPOS="164" HPOS="1052"/>
							<String ID="string_2" HPOS="1072" VPOS="166" WIDTH="55" HEIGHT="33" WC="0.95" CONTENT="Nr"/><SP WIDTH="19" VPOS="166" HPOS="1127"/>
							<String ID="string_3" HPOS="1146" VPOS="167" WIDTH="33" HEIGHT="32" WC="0.95" CONTENT="8."/><SP WIDTH="389" VPOS="167" HPOS="1179"/>
							<String ID="string_4" HPOS="1568" VPOS="165" WIDTH="42" HEIGHT="31" WC="0.96" CONTENT="57"/>
						</TextLine>
					</TextBlock>
				</ComposedBlock>
				<ComposedBlock ID="cblock_1" HPOS="118" VPOS="245" WIDTH="1507" HEIGHT="2059">
					<TextBlock ID="block_1" HPOS="118" VPOS="245" WIDTH="1500" HEIGHT="316">
						<TextLine ID="line_1" HPOS="118" VPOS="245" WIDTH="1496" HEIGHT="45">
							<String ID="string_5" HPOS="118" VPOS="250" WIDTH="16" HEIGHT="32" WC="0.96" CONTENT="I"/><SP WIDTH="35" VPOS="250" HPOS="134"/>
							<String ID="string_6" HPOS="169" VPOS="250" WIDTH="109" HEIGHT="40" WC="0.96" CONTENT="själva"/><SP WIDTH="34" VPOS="250" HPOS="278"/>
							<String ID="string_7" HPOS="312" VPOS="250" WIDTH="118" HEIGHT="32" WC="0.96" CONTENT="verket"/><SP WIDTH="30" VPOS="250" HPOS="430"/>
							<String ID="string_8" HPOS="460" VPOS="249" WIDTH="86" HEIGHT="32" WC="0.96" CONTENT="hade"/><SP WIDTH="25" VPOS="249" HPOS="546"/>
							<String ID="string_9" HPOS="571" VPOS="249" WIDTH="93" HEIGHT="31" WC="0.96" CONTENT="detta"/><SP WIDTH="23" VPOS="249" HPOS="664"/>
							<String ID="string_10" HPOS="687" VPOS="248" WIDTH="92" HEIGHT="32" WC="0.96" CONTENT="antal"/><SP WIDTH="23" VPOS="248" HPOS="779"/>
							<String ID="string_11" HPOS="802" VPOS="248" WIDTH="74" HEIGHT="31" WC="0.96" CONTENT="icke"/><SP WIDTH="26" VPOS="248" HPOS="876"/>
							<String ID="string_12" HPOS="902" VPOS="249" WIDTH="162" HEIGHT="40" WC="0.96" CONTENT="uppnåtts"/><SP WIDTH="25" VPOS="249" HPOS="1064"/>
							<String ID="string_13" HPOS="1089" VPOS="250" WIDTH="81" HEIGHT="28" WC="0.96" CONTENT="utan"/><SP WIDTH="26" VPOS="250" HPOS="1170"/>
							<String ID="string_14" HPOS="1196" VPOS="247" WIDTH="10" HEIGHT="30" WC="0.96" CONTENT="i"/><SP WIDTH="24" VPOS="247" HPOS="1206"/>
							<String ID="string_15" HPOS="1230" VPOS="246" WIDTH="112" HEIGHT="32" WC="0.92" CONTENT="stället"/><SP WIDTH="24" VPOS="246" HPOS="1342"/>
							<String ID="string_16" HPOS="1366" VPOS="245" WIDTH="248" HEIGHT="32" WC="0.91" CONTENT="underskridits"/>
						</TextLine>
						<TextLine ID="line_2" HPOS="120" VPOS="291" WIDTH="1496" HEIGHT="42">
							<String ID="string_17" HPOS="120" VPOS="295" WIDTH="77" HEIGHT="31" WC="0.96" CONTENT="med"/><SP WIDTH="35" VPOS="295" HPOS="197"/>
							<String ID="string_18" HPOS="232" VPOS="295" WIDTH="74" HEIGHT="31" WC="0.96" CONTENT="icke"/><SP WIDTH="33" VPOS="295" HPOS="306"/>
							<String ID="string_19" HPOS="339" VPOS="294" WIDTH="133" HEIGHT="31" WC="0.95" CONTENT="mindre"/><SP WIDTH="24" VPOS="294" HPOS="472"/>
							<String ID="string_20" HPOS="496" VPOS="299" WIDTH="43" HEIGHT="26" WC="0.95" CONTENT="än"/><SP WIDTH="27" VPOS="299" HPOS="539"/>
							<String ID="string_21" HPOS="566" VPOS="295" WIDTH="39" HEIGHT="30" WC="0.96" CONTENT="13"/><SP WIDTH="26" VPOS="295" HPOS="605"/>
							<String ID="string_22" HPOS="631" VPOS="293" WIDTH="232" HEIGHT="40" WC="0.93" CONTENT="avdelningar."/><SP WIDTH="49" VPOS="293" HPOS="863"/>
							<String ID="string_23" HPOS="912" VPOS="291" WIDTH="326" HEIGHT="41" WC="0.74" CONTENT="Skolöverstyrelsen"/><SP WIDTH="25" VPOS="291" HPOS="1238"/>
							<String ID="string_24" HPOS="1263" VPOS="292" WIDTH="154" HEIGHT="39" WC="0.91" CONTENT="motsåge"/><SP WIDTH="24" VPOS="292" HPOS="1417"/>
							<String ID="string_25" HPOS="1441" VPOS="291" WIDTH="53" HEIGHT="31" WC="0.96" CONTENT="för"/><SP WIDTH="23" VPOS="291" HPOS="1494"/>
							<String ID="string_26" HPOS="1517" VPOS="293" WIDTH="99" HEIGHT="28" WC="0.96" CONTENT="nästa"/>
						</TextLine>
						<TextLine ID="line_3" HPOS="119" VPOS="334" WIDTH="1496" HEIGHT="44">
							<String ID="string_27" HPOS="119" VPOS="340" WIDTH="90" HEIGHT="31" WC="0.95" CONTENT="läsår"/><SP WIDTH="23" VPOS="340" HPOS="209"/>
							<String ID="string_28" HPOS="232" VPOS="351" WIDTH="40" HEIGHT="20" WC="0.96" CONTENT="en"/><SP WIDTH="25" VPOS="351" HPOS="272"/>
							<String ID="string_29" HPOS="297" VPOS="339" WIDTH="69" HEIGHT="33" WC="0.96" CONTENT="viss"/><SP WIDTH="25" VPOS="339" HPOS="366"/>
							<String ID="string_30" HPOS="391" VPOS="338" WIDTH="264" HEIGHT="40" WC="0.96" CONTENT="återhämtning,"/><SP WIDTH="26" VPOS="338" HPOS="655"/>
							<String ID="string_31" HPOS="681" VPOS="341" WIDTH="82" HEIGHT="28" WC="0.96" CONTENT="utan"/><SP WIDTH="24" VPOS="341" HPOS="763"/>
							<String ID="string_32" HPOS="787" VPOS="341" WIDTH="49" HEIGHT="28" WC="0.97" CONTENT="att"/><SP WIDTH="23" VPOS="341" HPOS="836"/>
							<String ID="string_33" HPOS="859" VPOS="337" WIDTH="106" HEIGHT="32" WC="0.96" CONTENT="likväl"/><SP WIDTH="24" VPOS="337" HPOS="965"/>
							<String ID="string_34" HPOS="989" VPOS="337" WIDTH="107" HEIGHT="31" WC="0.96" CONTENT="räkna"/><SP WIDTH="24" VPOS="337" HPOS="1096"/>
							<String ID="string_35" HPOS="1120" VPOS="336" WIDTH="77" HEIGHT="32" WC="0.95" CONTENT="med"/><SP WIDTH="25" VPOS="336" HPOS="1197"/>
							<String ID="string_36" HPOS="1222" VPOS="339" WIDTH="48" HEIGHT="28" WC="0.95" CONTENT="att"/><SP WIDTH="24" VPOS="339" HPOS="1270"/>
							<String ID="string_37" HPOS="1294" VPOS="335" WIDTH="128" HEIGHT="32" WC="0.93" CONTENT="antalet"/><SP WIDTH="18" VPOS="335" HPOS="1422"/>
							<String ID="string_38" HPOS="1440" VPOS="334" WIDTH="175" HEIGHT="41" WC="0.92" CONTENT="nybörjar-"/>
						</TextLine>
						<TextLine ID="line_4" HPOS="120" VPOS="379" WIDTH="1497" HEIGHT="46">
							<String ID="string_39" HPOS="120" VPOS="384" WIDTH="222" HEIGHT="41" WC="0.96" CONTENT="avdelningar"/><SP WIDTH="35" VPOS="384" HPOS="342"/>
							<String ID="string_40" HPOS="377" VPOS="383" WIDTH="108" HEIGHT="32" WC="0.96" CONTENT="under"/><SP WIDTH="34" VPOS="383" HPOS="485"/>
							<String ID="string_41" HPOS="519" VPOS="383" WIDTH="123" HEIGHT="32" WC="0.93" CONTENT="läsåret"/><SP WIDTH="34" VPOS="383" HPOS="642"/>
							<String ID="string_42" HPOS="676" VPOS="379" WIDTH="143" HEIGHT="40" WC="0.92" CONTENT="1939/40"/><SP WIDTH="26" VPOS="379" HPOS="819"/>
							<String ID="string_43" HPOS="845" VPOS="382" WIDTH="136" HEIGHT="31" WC="0.96" CONTENT="komme"/><SP WIDTH="24" VPOS="382" HPOS="981"/>
							<String ID="string_44" HPOS="1005" VPOS="384" WIDTH="49" HEIGHT="29" WC="0.96" CONTENT="att"/><SP WIDTH="24" VPOS="384" HPOS="1054"/>
							<String ID="string_45" HPOS="1078" VPOS="382" WIDTH="143" HEIGHT="40" WC="0.96" CONTENT="uppnås,"/><SP WIDTH="25" VPOS="382" HPOS="1221"/>
							<String ID="string_46" HPOS="1246" VPOS="381" WIDTH="63" HEIGHT="31" WC="0.96" CONTENT="och"/><SP WIDTH="24" VPOS="381" HPOS="1309"/>
							<String ID="string_47" HPOS="1333" VPOS="380" WIDTH="208" HEIGHT="41" WC="0.96" CONTENT="ifrågasatte,"/><SP WIDTH="26" VPOS="380" HPOS="1541"/>
							<String ID="string_48" HPOS="1567" VPOS="382" WIDTH="50" HEIGHT="29" WC="0.96" CONTENT="att"/>
						</TextLine>
						<TextLine ID="line_5" HPOS="120" VPOS="424" WIDTH="1496" HEIGHT="43">
							<String ID="string_49" HPOS="120" VPOS="429" WIDTH="127" HEIGHT="32" WC="0.95" CONTENT="antalet"/><SP WIDTH="33" VPOS="429" HPOS="247"/>
							<String ID="string_50" HPOS="280" VPOS="429" WIDTH="125" HEIGHT="32" WC="0.94" CONTENT="liksom"/><SP WIDTH="37" VPOS="429" HPOS="405"/>
							<String ID="string_51" HPOS="442" VPOS="429" WIDTH="53" HEIGHT="31" WC="0.94" CONTENT="för"/><SP WIDTH="33" VPOS="429" HPOS="495"/>
							<String ID="string_52" HPOS="528" VPOS="427" WIDTH="232" HEIGHT="33" WC="0.96" CONTENT="innevarande"/><SP WIDTH="33" VPOS="427" HPOS="760"/>
							<String ID="string_53" HPOS="793" VPOS="427" WIDTH="89" HEIGHT="31" WC="0.96" CONTENT="läsår"/><SP WIDTH="25" VPOS="427" HPOS="882"/>
							<String ID="string_54" HPOS="907" VPOS="426" WIDTH="109" HEIGHT="32" WC="0.96" CONTENT="skulle"/><SP WIDTH="24" VPOS="426" HPOS="1016"/>
							<String ID="string_55" HPOS="1040" VPOS="426" WIDTH="183" HEIGHT="41" WC="0.96" CONTENT="begränsas"/><SP WIDTH="23" VPOS="426" HPOS="1223"/>
							<String ID="string_56" HPOS="1246" VPOS="425" WIDTH="50" HEIGHT="32" WC="0.96" CONTENT="till"/><SP WIDTH="24" VPOS="425" HPOS="1296"/>
							<String ID="string_57" HPOS="1320" VPOS="425" WIDTH="101" HEIGHT="41" WC="0.96" CONTENT="högst"/><SP WIDTH="23" VPOS="425" HPOS="1421"/>
							<String ID="string_58" HPOS="1444" VPOS="425" WIDTH="55" HEIGHT="31" WC="0.96" CONTENT="det"/><SP WIDTH="24" VPOS="425" HPOS="1499"/>
							<String ID="string_59" HPOS="1523" VPOS="424" WIDTH="93" HEIGHT="32" WC="0.96" CONTENT="antal"/>
						</TextLine>
						<TextLine ID="line_6" HPOS="120" VPOS="468" WIDTH="1498" HEIGHT="47">
							<String ID="string_60" HPOS="120" VPOS="474" WIDTH="232" HEIGHT="41" WC="0.96" CONTENT="avdelningar,"/><SP WIDTH="37" VPOS="474" HPOS="352"/>
							<String ID="string_61" HPOS="389" VPOS="484" WIDTH="73" HEIGHT="21" WC="0.94" CONTENT="som"/><SP WIDTH="36" VPOS="484" HPOS="462"/>
							<String ID="string_62" HPOS="498" VPOS="473" WIDTH="133" HEIGHT="32" WC="0.94" CONTENT="funnits"/><SP WIDTH="36" VPOS="473" HPOS="631"/>
							<String ID="string_63" HPOS="667" VPOS="472" WIDTH="122" HEIGHT="32" WC="0.93" CONTENT="läsåret"/><SP WIDTH="30" VPOS="472" HPOS="789"/>
							<String ID="string_64" HPOS="819" VPOS="468" WIDTH="155" HEIGHT="41" WC="0.92" CONTENT="1939/40."/><SP WIDTH="49" VPOS="468" HPOS="974"/>
							<String ID="string_65" HPOS="1023" VPOS="470" WIDTH="387" HEIGHT="42" WC="0.91" CONTENT="Departementschefen"/><SP WIDTH="24" VPOS="470" HPOS="1410"/>
							<String ID="string_66" HPOS="1434" VPOS="469" WIDTH="184" HEIGHT="41" WC="0.91" CONTENT="tillstyrkte"/>
						</TextLine>
						<TextLine ID="line_7" HPOS="120" VPOS="518" WIDTH="519" HEIGHT="43">
							<String ID="string_67" HPOS="120" VPOS="520" WIDTH="54" HEIGHT="31" WC="0.96" CONTENT="för"/><SP WIDTH="23" VPOS="520" HPOS="174"/>
							<String ID="string_68" HPOS="197" VPOS="530" WIDTH="83" HEIGHT="31" WC="0.95" CONTENT="egen"/><SP WIDTH="26" VPOS="530" HPOS="280"/>
							<String ID="string_69" HPOS="306" VPOS="519" WIDTH="53" HEIGHT="32" WC="0.96" CONTENT="del"/><SP WIDTH="26" VPOS="519" HPOS="359"/>
							<String ID="string_70" HPOS="385" VPOS="519" WIDTH="92" HEIGHT="31" WC="0.96" CONTENT="detta"/><SP WIDTH="24" VPOS="519" HPOS="477"/>
							<String ID="string_71" HPOS="501" VPOS="518" WIDTH="138" HEIGHT="41" WC="0.96" CONTENT="förslag."/>
						</TextLine>
					</TextBlock>
					<TextBlock ID="block_2" HPOS="120" VPOS="558" WIDTH="1500" HEIGHT="450">
						<TextLine ID="line_8" HPOS="167" VPOS="558" WIDTH="1450" HEIGHT="46">
							<String ID="string_72" HPOS="167" VPOS="565" WIDTH="136" HEIGHT="31" WC="0.96" CONTENT="Liksom"/><SP WIDTH="25" VPOS="565" HPOS="303"/>
							<String ID="string_73" HPOS="328" VPOS="564" WIDTH="10" HEIGHT="31" WC="0.95" CONTENT="i"/><SP WIDTH="25" VPOS="564" HPOS="338"/>
							<String ID="string_74" HPOS="363" VPOS="563" WIDTH="63" HEIGHT="41" WC="0.96" CONTENT="fjol"/><SP WIDTH="25" VPOS="563" HPOS="426"/>
							<String ID="string_75" HPOS="451" VPOS="563" WIDTH="86" HEIGHT="31" WC="0.93" CONTENT="hade"/><SP WIDTH="25" VPOS="563" HPOS="537"/>
							<String ID="string_76" HPOS="562" VPOS="562" WIDTH="246" HEIGHT="41" WC="0.91" CONTENT="överstyrelsen"/><SP WIDTH="26" VPOS="562" HPOS="808"/>
							<String ID="string_77" HPOS="834" VPOS="567" WIDTH="84" HEIGHT="27" WC="0.96" CONTENT="även"/><SP WIDTH="26" VPOS="567" HPOS="918"/>
							<String ID="string_78" HPOS="944" VPOS="561" WIDTH="10" HEIGHT="31" WC="0.96" CONTENT="i"/><SP WIDTH="25" VPOS="561" HPOS="954"/>
							<String ID="string_79" HPOS="979" VPOS="562" WIDTH="36" HEIGHT="30" WC="0.96" CONTENT="år"/><SP WIDTH="23" VPOS="562" HPOS="1015"/>
							<String ID="string_80" HPOS="1038" VPOS="560" WIDTH="159" HEIGHT="41" WC="0.96" CONTENT="företagit"/><SP WIDTH="24" VPOS="560" HPOS="1197"/>
							<String ID="string_81" HPOS="1221" VPOS="571" WIDTH="41" HEIGHT="21" WC="0.96" CONTENT="en"/><SP WIDTH="19" VPOS="571" HPOS="1262"/>
							<String ID="string_82" HPOS="1281" VPOS="559" WIDTH="218" HEIGHT="40" WC="0.96" CONTENT="inventering"/><SP WIDTH="16" VPOS="559" HPOS="1499"/>
							<String ID="string_83" HPOS="1515" VPOS="569" WIDTH="42" HEIGHT="21" WC="0.96" CONTENT="av"/><SP WIDTH="18" VPOS="569" HPOS="1557"/>
							<String ID="string_84" HPOS="1575" VPOS="558" WIDTH="42" HEIGHT="32" WC="0.95" CONTENT="de"/>
						</TextLine>
						<TextLine ID="line_9" HPOS="121" VPOS="604" WIDTH="1497" HEIGHT="43">
							<String ID="string_85" HPOS="121" VPOS="609" WIDTH="105" HEIGHT="32" WC="0.96" CONTENT="minst"/><SP WIDTH="34" VPOS="609" HPOS="226"/>
							<String ID="string_86" HPOS="260" VPOS="608" WIDTH="259" HEIGHT="32" WC="0.91" CONTENT="frekventerade"/><SP WIDTH="35" VPOS="608" HPOS="519"/>
							<String ID="string_87" HPOS="554" VPOS="607" WIDTH="324" HEIGHT="40" WC="0.89" CONTENT="läroverkslinjerna"/><SP WIDTH="35" VPOS="607" HPOS="878"/>
							<String ID="string_88" HPOS="913" VPOS="607" WIDTH="10" HEIGHT="31" WC="0.96" CONTENT="i"/><SP WIDTH="33" VPOS="607" HPOS="923"/>
							<String ID="string_89" HPOS="956" VPOS="607" WIDTH="88" HEIGHT="39" WC="0.96" CONTENT="syfte"/><SP WIDTH="24" VPOS="607" HPOS="1044"/>
							<String ID="string_90" HPOS="1068" VPOS="608" WIDTH="49" HEIGHT="29" WC="0.96" CONTENT="att"/><SP WIDTH="23" VPOS="608" HPOS="1117"/>
							<String ID="string_91" HPOS="1140" VPOS="605" WIDTH="192" HEIGHT="32" WC="0.96" CONTENT="undersöka"/><SP WIDTH="23" VPOS="605" HPOS="1332"/>
							<String ID="string_92" HPOS="1355" VPOS="604" WIDTH="263" HEIGHT="41" WC="0.96" CONTENT="möjligheterna"/>
						</TextLine>
						<TextLine ID="line_10" HPOS="121" VPOS="649" WIDTH="1497" HEIGHT="45">
							<String ID="string_93" HPOS="121" VPOS="657" WIDTH="48" HEIGHT="28" WC="0.96" CONTENT="att"/><SP WIDTH="35" VPOS="657" HPOS="169"/>
							<String ID="string_94" HPOS="204" VPOS="653" WIDTH="165" HEIGHT="41" WC="0.93" CONTENT="tillfälligt"/><SP WIDTH="23" VPOS="653" HPOS="369"/>
							<String ID="string_95" HPOS="392" VPOS="654" WIDTH="143" HEIGHT="39" WC="0.89" CONTENT="indraga"/><SP WIDTH="24" VPOS="654" HPOS="535"/>
							<String ID="string_96" HPOS="559" VPOS="653" WIDTH="88" HEIGHT="31" WC="0.96" CONTENT="vissa"/><SP WIDTH="24" VPOS="653" HPOS="647"/>
							<String ID="string_97" HPOS="671" VPOS="652" WIDTH="106" HEIGHT="39" WC="0.92" CONTENT="linjer."/><SP WIDTH="49" VPOS="652" HPOS="777"/>
							<String ID="string_98" HPOS="826" VPOS="651" WIDTH="384" HEIGHT="41" WC="0.91" CONTENT="Departementschefen"/><SP WIDTH="24" VPOS="651" HPOS="1210"/>
							<String ID="string_99" HPOS="1234" VPOS="649" WIDTH="118" HEIGHT="32" WC="0.96" CONTENT="delade"/><SP WIDTH="26" VPOS="649" HPOS="1352"/>
							<String ID="string_100" HPOS="1378" VPOS="649" WIDTH="64" HEIGHT="32" WC="0.93" CONTENT="den"/><SP WIDTH="25" VPOS="649" HPOS="1442"/>
							<String ID="string_101" HPOS="1467" VPOS="649" WIDTH="151" HEIGHT="41" WC="0.92" CONTENT="uppfatt-"/>
						</TextLine>
						<TextLine ID="line_11" HPOS="120" VPOS="693" WIDTH="1498" HEIGHT="46">
							<String ID="string_102" HPOS="120" VPOS="699" WIDTH="93" HEIGHT="40" WC="0.96" CONTENT="ning,"/><SP WIDTH="25" VPOS="699" HPOS="213"/>
							<String ID="string_103" HPOS="238" VPOS="698" WIDTH="113" HEIGHT="32" WC="0.92" CONTENT="vartill"/><SP WIDTH="24" VPOS="698" HPOS="351"/>
							<String ID="string_104" HPOS="375" VPOS="697" WIDTH="246" HEIGHT="41" WC="0.91" CONTENT="överstyrelsen"/><SP WIDTH="26" VPOS="697" HPOS="621"/>
							<String ID="string_105" HPOS="647" VPOS="696" WIDTH="153" HEIGHT="38" WC="0.96" CONTENT="kommit,"/><SP WIDTH="26" VPOS="696" HPOS="800"/>
							<String ID="string_106" HPOS="826" VPOS="700" WIDTH="51" HEIGHT="27" WC="0.96" CONTENT="att"/><SP WIDTH="23" VPOS="700" HPOS="877"/>
							<String ID="string_107" HPOS="900" VPOS="695" WIDTH="208" HEIGHT="41" WC="0.96" CONTENT="indragning"/><SP WIDTH="15" VPOS="695" HPOS="1108"/>
							<String ID="string_108" HPOS="1123" VPOS="695" WIDTH="73" HEIGHT="31" WC="0.96" CONTENT="icke"/><SP WIDTH="17" VPOS="695" HPOS="1196"/>
							<String ID="string_109" HPOS="1213" VPOS="696" WIDTH="52" HEIGHT="30" WC="0.96" CONTENT="för"/><SP WIDTH="15" VPOS="696" HPOS="1265"/>
							<String ID="string_110" HPOS="1280" VPOS="694" WIDTH="216" HEIGHT="31" WC="0.96" CONTENT="närvarande"/><SP WIDTH="17" VPOS="694" HPOS="1496"/>
							<String ID="string_111" HPOS="1513" VPOS="693" WIDTH="105" HEIGHT="31" WC="0.96" CONTENT="borde"/>
						</TextLine>
						<TextLine ID="line_12" HPOS="120" VPOS="738" WIDTH="1498" HEIGHT="46">
							<String ID="string_112" HPOS="120" VPOS="744" WIDTH="216" HEIGHT="40" WC="0.96" CONTENT="ifrågasättas"/><SP WIDTH="30" VPOS="744" HPOS="336"/>
							<String ID="string_113" HPOS="366" VPOS="744" WIDTH="54" HEIGHT="30" WC="0.97" CONTENT="för"/><SP WIDTH="23" VPOS="744" HPOS="420"/>
							<String ID="string_114" HPOS="443" VPOS="742" WIDTH="107" HEIGHT="32" WC="0.96" CONTENT="andra"/><SP WIDTH="23" VPOS="742" HPOS="550"/>
							<String ID="string_115" HPOS="573" VPOS="742" WIDTH="102" HEIGHT="40" WC="0.96" CONTENT="linjer"/><SP WIDTH="24" VPOS="742" HPOS="675"/>
							<String ID="string_116" HPOS="699" VPOS="747" WIDTH="42" HEIGHT="26" WC="0.96" CONTENT="än"/><SP WIDTH="26" VPOS="747" HPOS="741"/>
							<String ID="string_117" HPOS="767" VPOS="741" WIDTH="56" HEIGHT="31" WC="0.96" CONTENT="det"/><SP WIDTH="24" VPOS="741" HPOS="823"/>
							<String ID="string_118" HPOS="847" VPOS="740" WIDTH="144" HEIGHT="41" WC="0.92" CONTENT="treåriga"/><SP WIDTH="23" VPOS="740" HPOS="991"/>
							<String ID="string_119" HPOS="1014" VPOS="740" WIDTH="278" HEIGHT="41" WC="0.90" CONTENT="latingymnasiet"/><SP WIDTH="25" VPOS="740" HPOS="1292"/>
							<String ID="string_120" HPOS="1317" VPOS="739" WIDTH="58" HEIGHT="32" WC="0.96" CONTENT="vid"/><SP WIDTH="25" VPOS="739" HPOS="1375"/>
							<String ID="string_121" HPOS="1400" VPOS="738" WIDTH="98" HEIGHT="32" WC="0.93" CONTENT="södra"/><SP WIDTH="24" VPOS="738" HPOS="1498"/>
							<String ID="string_122" HPOS="1522" VPOS="738" WIDTH="96" HEIGHT="31" WC="0.92" CONTENT="latin-"/>
						</TextLine>
						<TextLine ID="line_13" HPOS="120" VPOS="783" WIDTH="1498" HEIGHT="44">
							<String ID="string_123" HPOS="120" VPOS="788" WIDTH="189" HEIGHT="33" WC="0.96" CONTENT="läroverket"/><SP WIDTH="34" VPOS="788" HPOS="309"/>
							<String ID="string_124" HPOS="343" VPOS="788" WIDTH="10" HEIGHT="31" WC="0.96" CONTENT="i"/><SP WIDTH="32" VPOS="788" HPOS="353"/>
							<String ID="string_125" HPOS="385" VPOS="787" WIDTH="207" HEIGHT="33" WC="0.92" CONTENT="Stockholm."/><SP WIDTH="50" VPOS="787" HPOS="592"/>
							<String ID="string_126" HPOS="642" VPOS="785" WIDTH="388" HEIGHT="42" WC="0.89" CONTENT="Departementschefen"/><SP WIDTH="25" VPOS="785" HPOS="1030"/>
							<String ID="string_127" HPOS="1055" VPOS="784" WIDTH="180" HEIGHT="32" WC="0.96" CONTENT="förordade"/><SP WIDTH="24" VPOS="784" HPOS="1235"/>
							<String ID="string_128" HPOS="1259" VPOS="784" WIDTH="10" HEIGHT="31" WC="0.96" CONTENT="i"/><SP WIDTH="24" VPOS="784" HPOS="1269"/>
							<String ID="string_129" HPOS="1293" VPOS="783" WIDTH="107" HEIGHT="32" WC="0.96" CONTENT="likhet"/><SP WIDTH="25" VPOS="783" HPOS="1400"/>
							<String ID="string_130" HPOS="1425" VPOS="783" WIDTH="77" HEIGHT="31" WC="0.93" CONTENT="med"/><SP WIDTH="25" VPOS="783" HPOS="1502"/>
							<String ID="string_131" HPOS="1527" VPOS="787" WIDTH="91" HEIGHT="27" WC="0.92" CONTENT="över-"/>
						</TextLine>
						<TextLine ID="line_14" HPOS="121" VPOS="827" WIDTH="1498" HEIGHT="47">
							<String ID="string_132" HPOS="121" VPOS="833" WIDTH="174" HEIGHT="41" WC="0.96" CONTENT="styrelsen,"/><SP WIDTH="37" VPOS="833" HPOS="295"/>
							<String ID="string_133" HPOS="332" VPOS="836" WIDTH="49" HEIGHT="28" WC="0.92" CONTENT="att"/><SP WIDTH="35" VPOS="836" HPOS="381"/>
							<String ID="string_134" HPOS="416" VPOS="832" WIDTH="181" HEIGHT="41" WC="0.91" CONTENT="intagning"/><SP WIDTH="36" VPOS="832" HPOS="597"/>
							<String ID="string_135" HPOS="633" VPOS="842" WIDTH="42" HEIGHT="21" WC="0.96" CONTENT="av"/><SP WIDTH="35" VPOS="842" HPOS="675"/>
							<String ID="string_136" HPOS="710" VPOS="831" WIDTH="109" HEIGHT="32" WC="0.96" CONTENT="elever"/><SP WIDTH="24" VPOS="831" HPOS="819"/>
							<String ID="string_137" HPOS="843" VPOS="831" WIDTH="9" HEIGHT="31" WC="0.96" CONTENT="i"/><SP WIDTH="27" VPOS="831" HPOS="852"/>
							<String ID="string_138" HPOS="879" VPOS="831" WIDTH="105" HEIGHT="31" WC="0.96" CONTENT="första"/><SP WIDTH="24" VPOS="831" HPOS="984"/>
							<String ID="string_139" HPOS="1008" VPOS="830" WIDTH="119" HEIGHT="40" WC="0.96" CONTENT="ringen"/><SP WIDTH="25" VPOS="830" HPOS="1127"/>
							<String ID="string_140" HPOS="1152" VPOS="840" WIDTH="41" HEIGHT="21" WC="0.96" CONTENT="av"/><SP WIDTH="25" VPOS="840" HPOS="1193"/>
							<String ID="string_141" HPOS="1218" VPOS="829" WIDTH="112" HEIGHT="32" WC="0.93" CONTENT="denna"/><SP WIDTH="24" VPOS="829" HPOS="1330"/>
							<String ID="string_142" HPOS="1354" VPOS="827" WIDTH="265" HEIGHT="42" WC="0.89" CONTENT="gymnasielinje"/>
						</TextLine>
						<TextLine ID="line_15" HPOS="121" VPOS="872" WIDTH="1496" HEIGHT="45">
							<String ID="string_143" HPOS="121" VPOS="879" WIDTH="73" HEIGHT="31" WC="0.96" CONTENT="icke"/><SP WIDTH="35" VPOS="879" HPOS="194"/>
							<String ID="string_144" HPOS="229" VPOS="877" WIDTH="108" HEIGHT="32" WC="0.96" CONTENT="skulle"/><SP WIDTH="35" VPOS="877" HPOS="337"/>
							<String ID="string_145" HPOS="372" VPOS="878" WIDTH="36" HEIGHT="31" WC="0.96" CONTENT="få"/><SP WIDTH="35" VPOS="878" HPOS="408"/>
							<String ID="string_146" HPOS="443" VPOS="882" WIDTH="63" HEIGHT="35" WC="0.96" CONTENT="äga"/><SP WIDTH="35" VPOS="882" HPOS="506"/>
							<String ID="string_147" HPOS="541" VPOS="888" WIDTH="76" HEIGHT="20" WC="0.95" CONTENT="rum"/><SP WIDTH="30" VPOS="888" HPOS="617"/>
							<String ID="string_148" HPOS="647" VPOS="876" WIDTH="107" HEIGHT="31" WC="0.95" CONTENT="under"/><SP WIDTH="24" VPOS="876" HPOS="754"/>
							<String ID="string_149" HPOS="778" VPOS="875" WIDTH="246" HEIGHT="32" WC="0.96" CONTENT="höstterminen"/><SP WIDTH="27" VPOS="875" HPOS="1024"/>
							<String ID="string_150" HPOS="1051" VPOS="876" WIDTH="95" HEIGHT="37" WC="0.96" CONTENT="1941,"/><SP WIDTH="26" VPOS="876" HPOS="1146"/>
							<String ID="string_151" HPOS="1172" VPOS="874" WIDTH="117" HEIGHT="32" WC="0.96" CONTENT="såvida"/><SP WIDTH="23" VPOS="874" HPOS="1289"/>
							<String ID="string_152" HPOS="1312" VPOS="873" WIDTH="75" HEIGHT="32" WC="0.96" CONTENT="icke"/><SP WIDTH="24" VPOS="873" HPOS="1387"/>
							<String ID="string_153" HPOS="1411" VPOS="872" WIDTH="126" HEIGHT="32" WC="0.93" CONTENT="antalet"/><SP WIDTH="25" VPOS="872" HPOS="1537"/>
							<String ID="string_154" HPOS="1562" VPOS="883" WIDTH="55" HEIGHT="21" WC="0.92" CONTENT="an-"/>
						</TextLine>
						<TextLine ID="line_16" HPOS="123" VPOS="918" WIDTH="1497" HEIGHT="41">
							<String ID="string_155" HPOS="123" VPOS="923" WIDTH="113" HEIGHT="32" WC="0.90" CONTENT="mälda"/><SP WIDTH="20" VPOS="923" HPOS="236"/>
							<String ID="string_156" HPOS="256" VPOS="922" WIDTH="303" HEIGHT="32" WC="0.91" CONTENT="inträdessökande"/><SP WIDTH="24" VPOS="922" HPOS="559"/>
							<String ID="string_157" HPOS="583" VPOS="921" WIDTH="52" HEIGHT="33" WC="0.96" CONTENT="till"/><SP WIDTH="24" VPOS="921" HPOS="635"/>
							<String ID="string_158" HPOS="659" VPOS="920" WIDTH="241" HEIGHT="32" WC="0.96" CONTENT="motsvarande"/><SP WIDTH="24" VPOS="920" HPOS="900"/>
							<String ID="string_159" HPOS="924" VPOS="920" WIDTH="82" HEIGHT="39" WC="0.96" CONTENT="linje"/><SP WIDTH="23" VPOS="920" HPOS="1006"/>
							<String ID="string_160" HPOS="1029" VPOS="919" WIDTH="56" HEIGHT="33" WC="0.96" CONTENT="vid"/><SP WIDTH="26" VPOS="919" HPOS="1085"/>
							<String ID="string_161" HPOS="1111" VPOS="920" WIDTH="103" HEIGHT="39" WC="0.96" CONTENT="högre"/><SP WIDTH="24" VPOS="920" HPOS="1214"/>
							<String ID="string_162" HPOS="1238" VPOS="918" WIDTH="173" HEIGHT="32" WC="0.96" CONTENT="allmänna"/><SP WIDTH="17" VPOS="918" HPOS="1411"/>
							<String ID="string_163" HPOS="1428" VPOS="918" WIDTH="192" HEIGHT="31" WC="0.96" CONTENT="läroverket"/>
						</TextLine>
						<TextLine ID="line_17" HPOS="122" VPOS="965" WIDTH="988" HEIGHT="43">
							<String ID="string_164" HPOS="122" VPOS="969" WIDTH="54" HEIGHT="31" WC="0.96" CONTENT="för"/><SP WIDTH="23" VPOS="969" HPOS="176"/>
							<String ID="string_165" HPOS="199" VPOS="978" WIDTH="115" HEIGHT="30" WC="0.93" CONTENT="gossar"/><SP WIDTH="24" VPOS="978" HPOS="314"/>
							<String ID="string_166" HPOS="338" VPOS="969" WIDTH="19" HEIGHT="29" WC="0.92" CONTENT="å"/><SP WIDTH="24" VPOS="969" HPOS="357"/>
							<String ID="string_167" HPOS="381" VPOS="966" WIDTH="195" HEIGHT="33" WC="0.95" CONTENT="Norrmalm"/><SP WIDTH="25" VPOS="966" HPOS="576"/>
							<String ID="string_168" HPOS="601" VPOS="967" WIDTH="11" HEIGHT="31" WC="0.96" CONTENT="i"/><SP WIDTH="25" VPOS="967" HPOS="612"/>
							<String ID="string_169" HPOS="637" VPOS="965" WIDTH="197" HEIGHT="32" WC="0.92" CONTENT="Stockholm"/><SP WIDTH="26" VPOS="965" HPOS="834"/>
							<String ID="string_170" HPOS="860" VPOS="968" WIDTH="173" HEIGHT="37" WC="0.91" CONTENT="överstege"/><SP WIDTH="25" VPOS="968" HPOS="1033"/>
							<String ID="string_171" HPOS="1058" VPOS="965" WIDTH="52" HEIGHT="31" WC="0.96" CONTENT="30."/>
						</TextLine>
					</TextBlock>
					<TextBlock ID="block_3" HPOS="122" VPOS="1006" WIDTH="1503" HEIGHT="1030">
						<TextLine ID="line_18" HPOS="167" VPOS="1006" WIDTH="1453" HEIGHT="48">
							<String ID="string_172" HPOS="167" VPOS="1013" WIDTH="52" HEIGHT="32" WC="0.95" CONTENT="En"/><SP WIDTH="15" VPOS="1013" HPOS="219"/>
							<String ID="string_173" HPOS="234" VPOS="1012" WIDTH="190" HEIGHT="42" WC="0.95" CONTENT="ytterligare"/><SP WIDTH="15" VPOS="1012" HPOS="424"/>
							<String ID="string_174" HPOS="439" VPOS="1012" WIDTH="131" HEIGHT="40" WC="0.96" CONTENT="höjning"/><SP WIDTH="17" VPOS="1012" HPOS="570"/>
							<String ID="string_175" HPOS="587" VPOS="1023" WIDTH="40" HEIGHT="20" WC="0.93" CONTENT="av"/><SP WIDTH="16" VPOS="1023" HPOS="627"/>
							<String ID="string_176" HPOS="643" VPOS="1009" WIDTH="476" HEIGHT="42" WC="0.91" CONTENT="undervisningsskyldigheten"/><SP WIDTH="15" VPOS="1009" HPOS="1119"/>
							<String ID="string_177" HPOS="1134" VPOS="1007" WIDTH="211" HEIGHT="33" WC="0.96" CONTENT="försämrade"/><SP WIDTH="15" VPOS="1007" HPOS="1345"/>
							<String ID="string_178" HPOS="1360" VPOS="1007" WIDTH="72" HEIGHT="32" WC="0.92" CONTENT="icke"/><SP WIDTH="14" VPOS="1007" HPOS="1432"/>
							<String ID="string_179" HPOS="1446" VPOS="1006" WIDTH="174" HEIGHT="32" WC="0.92" CONTENT="undervis-"/>
						</TextLine>
						<TextLine ID="line_19" HPOS="123" VPOS="1053" WIDTH="1497" HEIGHT="46">
							<String ID="string_180" HPOS="123" VPOS="1057" WIDTH="276" HEIGHT="42" WC="0.90" CONTENT="ningsresultatet"/><SP WIDTH="23" VPOS="1057" HPOS="399"/>
							<String ID="string_181" HPOS="422" VPOS="1057" WIDTH="109" HEIGHT="31" WC="0.97" CONTENT="under"/><SP WIDTH="23" VPOS="1057" HPOS="531"/>
							<String ID="string_182" HPOS="554" VPOS="1055" WIDTH="255" HEIGHT="41" WC="0.95" CONTENT="förutsättning,"/><SP WIDTH="27" VPOS="1055" HPOS="809"/>
							<String ID="string_183" HPOS="836" VPOS="1058" WIDTH="48" HEIGHT="28" WC="0.96" CONTENT="att"/><SP WIDTH="24" VPOS="1058" HPOS="884"/>
							<String ID="string_184" HPOS="908" VPOS="1059" WIDTH="144" HEIGHT="37" WC="0.96" CONTENT="gränsen"/><SP WIDTH="21" VPOS="1059" HPOS="1052"/>
							<String ID="string_185" HPOS="1073" VPOS="1055" WIDTH="54" HEIGHT="30" WC="0.96" CONTENT="för"/><SP WIDTH="16" VPOS="1055" HPOS="1127"/>
							<String ID="string_186" HPOS="1143" VPOS="1053" WIDTH="148" HEIGHT="31" WC="0.96" CONTENT="lärarnas"/><SP WIDTH="17" VPOS="1053" HPOS="1291"/>
							<String ID="string_187" HPOS="1308" VPOS="1053" WIDTH="157" HEIGHT="40" WC="0.96" CONTENT="förmåga"/><SP WIDTH="20" VPOS="1053" HPOS="1465"/>
							<String ID="string_188" HPOS="1485" VPOS="1055" WIDTH="48" HEIGHT="28" WC="0.93" CONTENT="att"/><SP WIDTH="16" VPOS="1055" HPOS="1533"/>
							<String ID="string_189" HPOS="1549" VPOS="1062" WIDTH="71" HEIGHT="30" WC="0.92" CONTENT="pre-"/>
						</TextLine>
						<TextLine ID="line_20" HPOS="123" VPOS="1096" WIDTH="1497" HEIGHT="46">
							<String ID="string_190" HPOS="123" VPOS="1105" WIDTH="87" HEIGHT="29" WC="0.92" CONTENT="stera"/><SP WIDTH="17" VPOS="1105" HPOS="210"/>
							<String ID="string_191" HPOS="227" VPOS="1113" WIDTH="40" HEIGHT="21" WC="0.96" CONTENT="en"/><SP WIDTH="18" VPOS="1113" HPOS="267"/>
							<String ID="string_192" HPOS="285" VPOS="1101" WIDTH="132" HEIGHT="41" WC="0.96" CONTENT="fullgod"/><SP WIDTH="19" VPOS="1101" HPOS="417"/>
							<String ID="string_193" HPOS="436" VPOS="1101" WIDTH="248" HEIGHT="40" WC="0.96" CONTENT="undervisning"/><SP WIDTH="16" VPOS="1101" HPOS="684"/>
							<String ID="string_194" HPOS="700" VPOS="1100" WIDTH="73" HEIGHT="32" WC="0.96" CONTENT="icke"/><SP WIDTH="13" VPOS="1100" HPOS="773"/>
							<String ID="string_195" HPOS="786" VPOS="1100" WIDTH="199" HEIGHT="40" WC="0.93" CONTENT="därigenom"/><SP WIDTH="18" VPOS="1100" HPOS="985"/>
							<String ID="string_196" HPOS="1003" VPOS="1098" WIDTH="226" HEIGHT="33" WC="0.91" CONTENT="överskredes."/><SP WIDTH="27" VPOS="1098" HPOS="1229"/>
							<String ID="string_197" HPOS="1256" VPOS="1097" WIDTH="48" HEIGHT="33" WC="0.96" CONTENT="Ur"/><SP WIDTH="13" VPOS="1097" HPOS="1304"/>
							<String ID="string_198" HPOS="1317" VPOS="1098" WIDTH="113" HEIGHT="31" WC="0.96" CONTENT="denna"/><SP WIDTH="13" VPOS="1098" HPOS="1430"/>
							<String ID="string_199" HPOS="1443" VPOS="1096" WIDTH="177" HEIGHT="41" WC="0.96" CONTENT="synpunkt"/>
						</TextLine>
						<TextLine ID="line_21" HPOS="123" VPOS="1141" WIDTH="1496" HEIGHT="44">
							<String ID="string_200" HPOS="123" VPOS="1147" WIDTH="63" HEIGHT="32" WC="0.96" CONTENT="och"/><SP WIDTH="17" VPOS="1147" HPOS="186"/>
							<String ID="string_201" HPOS="203" VPOS="1147" WIDTH="106" HEIGHT="32" WC="0.96" CONTENT="under"/><SP WIDTH="17" VPOS="1147" HPOS="309"/>
							<String ID="string_202" HPOS="326" VPOS="1146" WIDTH="152" HEIGHT="32" WC="0.96" CONTENT="nämnda"/><SP WIDTH="15" VPOS="1146" HPOS="478"/>
							<String ID="string_203" HPOS="493" VPOS="1146" WIDTH="246" HEIGHT="39" WC="0.96" CONTENT="förutsättning"/><SP WIDTH="12" VPOS="1146" HPOS="739"/>
							<String ID="string_204" HPOS="751" VPOS="1155" WIDTH="79" HEIGHT="22" WC="0.96" CONTENT="vore"/><SP WIDTH="13" VPOS="1155" HPOS="830"/>
							<String ID="string_205" HPOS="843" VPOS="1155" WIDTH="42" HEIGHT="21" WC="0.96" CONTENT="en"/><SP WIDTH="14" VPOS="1155" HPOS="885"/>
							<String ID="string_206" HPOS="899" VPOS="1144" WIDTH="145" HEIGHT="41" WC="0.96" CONTENT="höjning"/><SP WIDTH="13" VPOS="1144" HPOS="1044"/>
							<String ID="string_207" HPOS="1057" VPOS="1154" WIDTH="42" HEIGHT="21" WC="0.93" CONTENT="av"/><SP WIDTH="13" VPOS="1154" HPOS="1099"/>
							<String ID="string_208" HPOS="1112" VPOS="1141" WIDTH="507" HEIGHT="42" WC="0.91" CONTENT="undervisningsskyldigheten"/>
						</TextLine>
						<TextLine ID="line_22" HPOS="122" VPOS="1186" WIDTH="1500" HEIGHT="47">
							<String ID="string_209" HPOS="122" VPOS="1192" WIDTH="73" HEIGHT="32" WC="0.96" CONTENT="icke"/><SP WIDTH="24" VPOS="1192" HPOS="195"/>
							<String ID="string_210" HPOS="219" VPOS="1191" WIDTH="111" HEIGHT="42" WC="0.96" CONTENT="ägnad"/><SP WIDTH="25" VPOS="1191" HPOS="330"/>
							<String ID="string_211" HPOS="355" VPOS="1195" WIDTH="50" HEIGHT="27" WC="0.96" CONTENT="att"/><SP WIDTH="29" VPOS="1195" HPOS="405"/>
							<String ID="string_212" HPOS="434" VPOS="1191" WIDTH="4" HEIGHT="31" WC="0.96" CONTENT="i"/><SP WIDTH="25" VPOS="1191" HPOS="438"/>
							<String ID="string_213" HPOS="463" VPOS="1201" WIDTH="132" HEIGHT="21" WC="0.96" CONTENT="samma"/><SP WIDTH="23" VPOS="1201" HPOS="595"/>
							<String ID="string_214" HPOS="618" VPOS="1190" WIDTH="82" HEIGHT="41" WC="0.96" CONTENT="grad"/><SP WIDTH="26" VPOS="1190" HPOS="700"/>
							<String ID="string_215" HPOS="726" VPOS="1201" WIDTH="73" HEIGHT="20" WC="0.96" CONTENT="som"/><SP WIDTH="17" VPOS="1201" HPOS="799"/>
							<String ID="string_216" HPOS="816" VPOS="1189" WIDTH="119" HEIGHT="41" WC="0.96" CONTENT="övriga"/><SP WIDTH="15" VPOS="1189" HPOS="935"/>
							<String ID="string_217" HPOS="950" VPOS="1189" WIDTH="62" HEIGHT="31" WC="0.96" CONTENT="här"/><SP WIDTH="16" VPOS="1189" HPOS="1012"/>
							<String ID="string_218" HPOS="1028" VPOS="1187" WIDTH="216" HEIGHT="33" WC="0.93" CONTENT="diskuterade"/><SP WIDTH="18" VPOS="1187" HPOS="1244"/>
							<String ID="string_219" HPOS="1262" VPOS="1186" WIDTH="360" HEIGHT="42" WC="0.91" CONTENT="besparingsåtgärder"/>
						</TextLine>
						<TextLine ID="line_23" HPOS="123" VPOS="1230" WIDTH="1496" HEIGHT="48">
							<String ID="string_220" HPOS="123" VPOS="1237" WIDTH="117" HEIGHT="41" WC="0.92" CONTENT="ingiva"/><SP WIDTH="23" VPOS="1237" HPOS="240"/>
							<String ID="string_221" HPOS="263" VPOS="1236" WIDTH="281" HEIGHT="41" WC="0.96" CONTENT="betänkligheter."/><SP WIDTH="35" VPOS="1236" HPOS="544"/>
							<String ID="string_222" HPOS="579" VPOS="1235" WIDTH="68" HEIGHT="32" WC="0.93" CONTENT="Vid"/><SP WIDTH="26" VPOS="1235" HPOS="647"/>
							<String ID="string_223" HPOS="673" VPOS="1234" WIDTH="227" HEIGHT="33" WC="0.92" CONTENT="bedömandet"/><SP WIDTH="24" VPOS="1234" HPOS="900"/>
							<String ID="string_224" HPOS="924" VPOS="1245" WIDTH="41" HEIGHT="21" WC="0.96" CONTENT="av"/><SP WIDTH="24" VPOS="1245" HPOS="965"/>
							<String ID="string_225" HPOS="989" VPOS="1233" WIDTH="243" HEIGHT="41" WC="0.96" CONTENT="lämpligheten"/><SP WIDTH="26" VPOS="1233" HPOS="1232"/>
							<String ID="string_226" HPOS="1258" VPOS="1243" WIDTH="42" HEIGHT="21" WC="0.96" CONTENT="av"/><SP WIDTH="17" VPOS="1243" HPOS="1300"/>
							<String ID="string_227" HPOS="1317" VPOS="1243" WIDTH="40" HEIGHT="21" WC="0.96" CONTENT="en"/><SP WIDTH="19" VPOS="1243" HPOS="1357"/>
							<String ID="string_228" HPOS="1376" VPOS="1232" WIDTH="106" HEIGHT="31" WC="0.96" CONTENT="sådan"/><SP WIDTH="17" VPOS="1232" HPOS="1482"/>
							<String ID="string_229" HPOS="1499" VPOS="1230" WIDTH="120" HEIGHT="41" WC="0.96" CONTENT="åtgärd"/>
						</TextLine>
						<TextLine ID="line_24" HPOS="123" VPOS="1276" WIDTH="1497" HEIGHT="47">
							<String ID="string_230" HPOS="123" VPOS="1282" WIDTH="89" HEIGHT="41" WC="0.96" CONTENT="finge"/><SP WIDTH="35" VPOS="1282" HPOS="212"/>
							<String ID="string_231" HPOS="247" VPOS="1281" WIDTH="188" HEIGHT="32" WC="0.96" CONTENT="emellertid"/><SP WIDTH="36" VPOS="1281" HPOS="435"/>
							<String ID="string_232" HPOS="471" VPOS="1286" WIDTH="86" HEIGHT="27" WC="0.96" CONTENT="även"/><SP WIDTH="36" VPOS="1286" HPOS="557"/>
							<String ID="string_233" HPOS="593" VPOS="1280" WIDTH="134" HEIGHT="40" WC="0.96" CONTENT="hänsyn"/><SP WIDTH="35" VPOS="1280" HPOS="727"/>
							<String ID="string_234" HPOS="762" VPOS="1282" WIDTH="96" HEIGHT="38" WC="0.95" CONTENT="tagas"/><SP WIDTH="36" VPOS="1282" HPOS="858"/>
							<String ID="string_235" HPOS="894" VPOS="1279" WIDTH="51" HEIGHT="31" WC="0.94" CONTENT="till"/><SP WIDTH="35" VPOS="1279" HPOS="945"/>
							<String ID="string_236" HPOS="980" VPOS="1278" WIDTH="63" HEIGHT="32" WC="0.96" CONTENT="den"/><SP WIDTH="32" VPOS="1278" HPOS="1043"/>
							<String ID="string_237" HPOS="1075" VPOS="1277" WIDTH="187" HEIGHT="41" WC="0.96" CONTENT="skärpning"/><SP WIDTH="23" VPOS="1277" HPOS="1262"/>
							<String ID="string_238" HPOS="1285" VPOS="1287" WIDTH="43" HEIGHT="22" WC="0.96" CONTENT="av"/><SP WIDTH="24" VPOS="1287" HPOS="1328"/>
							<String ID="string_239" HPOS="1352" VPOS="1276" WIDTH="268" HEIGHT="32" WC="0.95" CONTENT="arbetslösheten"/>
						</TextLine>
						<TextLine ID="line_25" HPOS="123" VPOS="1320" WIDTH="1498" HEIGHT="45">
							<String ID="string_240" HPOS="123" VPOS="1326" WIDTH="104" HEIGHT="33" WC="0.95" CONTENT="bland"/><SP WIDTH="23" VPOS="1326" HPOS="227"/>
							<String ID="string_241" HPOS="250" VPOS="1326" WIDTH="135" HEIGHT="32" WC="0.93" CONTENT="lärarna"/><SP WIDTH="23" VPOS="1326" HPOS="385"/>
							<String ID="string_242" HPOS="408" VPOS="1342" WIDTH="42" HEIGHT="4" WC="0.91" CONTENT="—"/><SP WIDTH="24" VPOS="1342" HPOS="450"/>
							<String ID="string_243" HPOS="474" VPOS="1326" WIDTH="50" HEIGHT="31" WC="0.96" CONTENT="till"/><SP WIDTH="23" VPOS="1326" HPOS="524"/>
							<String ID="string_244" HPOS="547" VPOS="1325" WIDTH="75" HEIGHT="32" WC="0.96" CONTENT="icke"/><SP WIDTH="24" VPOS="1325" HPOS="622"/>
							<String ID="string_245" HPOS="646" VPOS="1324" WIDTH="191" HEIGHT="41" WC="0.95" CONTENT="oväsentlig"/><SP WIDTH="24" VPOS="1324" HPOS="837"/>
							<String ID="string_246" HPOS="861" VPOS="1323" WIDTH="54" HEIGHT="32" WC="0.91" CONTENT="del"/><SP WIDTH="24" VPOS="1323" HPOS="915"/>
							<String ID="string_247" HPOS="939" VPOS="1323" WIDTH="111" HEIGHT="32" WC="0.91" CONTENT="vållad"/><SP WIDTH="25" VPOS="1323" HPOS="1050"/>
							<String ID="string_248" HPOS="1075" VPOS="1334" WIDTH="43" HEIGHT="21" WC="0.96" CONTENT="av"/><SP WIDTH="25" VPOS="1334" HPOS="1118"/>
							<String ID="string_249" HPOS="1143" VPOS="1323" WIDTH="40" HEIGHT="31" WC="0.96" CONTENT="de"/><SP WIDTH="20" VPOS="1323" HPOS="1183"/>
							<String ID="string_250" HPOS="1203" VPOS="1322" WIDTH="103" HEIGHT="32" WC="0.96" CONTENT="redan"/><SP WIDTH="18" VPOS="1322" HPOS="1306"/>
							<String ID="string_251" HPOS="1324" VPOS="1322" WIDTH="165" HEIGHT="40" WC="0.93" CONTENT="vidtagna"/><SP WIDTH="16" VPOS="1322" HPOS="1489"/>
							<String ID="string_252" HPOS="1505" VPOS="1320" WIDTH="116" HEIGHT="42" WC="0.92" CONTENT="bespa-"/>
						</TextLine>
						<TextLine ID="line_26" HPOS="123" VPOS="1366" WIDTH="1497" HEIGHT="47">
							<String ID="string_253" HPOS="123" VPOS="1371" WIDTH="299" HEIGHT="42" WC="0.92" CONTENT="ringsåtgärderna"/><SP WIDTH="24" VPOS="1371" HPOS="422"/>
							<String ID="string_254" HPOS="446" VPOS="1387" WIDTH="42" HEIGHT="4" WC="0.91" CONTENT="—"/><SP WIDTH="24" VPOS="1387" HPOS="488"/>
							<String ID="string_255" HPOS="512" VPOS="1381" WIDTH="73" HEIGHT="21" WC="0.95" CONTENT="som"/><SP WIDTH="26" VPOS="1381" HPOS="585"/>
							<String ID="string_256" HPOS="611" VPOS="1369" WIDTH="108" HEIGHT="32" WC="0.95" CONTENT="skulle"/><SP WIDTH="23" VPOS="1369" HPOS="719"/>
							<String ID="string_257" HPOS="742" VPOS="1369" WIDTH="93" HEIGHT="32" WC="0.96" CONTENT="bliva"/><SP WIDTH="24" VPOS="1369" HPOS="835"/>
							<String ID="string_258" HPOS="859" VPOS="1368" WIDTH="131" HEIGHT="41" WC="0.96" CONTENT="följden"/><SP WIDTH="26" VPOS="1368" HPOS="990"/>
							<String ID="string_259" HPOS="1016" VPOS="1368" WIDTH="115" HEIGHT="32" WC="0.95" CONTENT="därav."/><SP WIDTH="49" VPOS="1368" HPOS="1131"/>
							<String ID="string_260" HPOS="1180" VPOS="1367" WIDTH="64" HEIGHT="31" WC="0.96" CONTENT="För"/><SP WIDTH="24" VPOS="1367" HPOS="1244"/>
							<String ID="string_261" HPOS="1268" VPOS="1377" WIDTH="85" HEIGHT="30" WC="0.96" CONTENT="egen"/><SP WIDTH="25" VPOS="1377" HPOS="1353"/>
							<String ID="string_262" HPOS="1378" VPOS="1367" WIDTH="53" HEIGHT="31" WC="0.96" CONTENT="del"/><SP WIDTH="23" VPOS="1367" HPOS="1431"/>
							<String ID="string_263" HPOS="1454" VPOS="1366" WIDTH="89" HEIGHT="31" WC="0.92" CONTENT="hade"/><SP WIDTH="24" VPOS="1366" HPOS="1543"/>
							<String ID="string_264" HPOS="1567" VPOS="1366" WIDTH="53" HEIGHT="31" WC="0.91" CONTENT="de-"/>
						</TextLine>
						<TextLine ID="line_27" HPOS="124" VPOS="1410" WIDTH="1496" HEIGHT="48">
							<String ID="string_265" HPOS="124" VPOS="1416" WIDTH="331" HEIGHT="42" WC="0.91" CONTENT="partementschefen"/><SP WIDTH="35" VPOS="1416" HPOS="455"/>
							<String ID="string_266" HPOS="490" VPOS="1414" WIDTH="147" HEIGHT="32" WC="0.96" CONTENT="kommit"/><SP WIDTH="35" VPOS="1414" HPOS="637"/>
							<String ID="string_267" HPOS="672" VPOS="1415" WIDTH="50" HEIGHT="31" WC="0.95" CONTENT="till"/><SP WIDTH="24" VPOS="1415" HPOS="722"/>
							<String ID="string_268" HPOS="746" VPOS="1414" WIDTH="65" HEIGHT="32" WC="0.96" CONTENT="den"/><SP WIDTH="26" VPOS="1414" HPOS="811"/>
							<String ID="string_269" HPOS="837" VPOS="1413" WIDTH="278" HEIGHT="41" WC="0.96" CONTENT="uppfattningen,"/><SP WIDTH="26" VPOS="1413" HPOS="1115"/>
							<String ID="string_270" HPOS="1141" VPOS="1415" WIDTH="47" HEIGHT="28" WC="0.96" CONTENT="att"/><SP WIDTH="23" VPOS="1415" HPOS="1188"/>
							<String ID="string_271" HPOS="1211" VPOS="1411" WIDTH="195" HEIGHT="41" WC="0.96" CONTENT="ytterligare"/><SP WIDTH="24" VPOS="1411" HPOS="1406"/>
							<String ID="string_272" HPOS="1430" VPOS="1410" WIDTH="156" HEIGHT="42" WC="0.94" CONTENT="åtgärder"/><SP WIDTH="24" VPOS="1410" HPOS="1586"/>
							<String ID="string_273" HPOS="1610" VPOS="1410" WIDTH="10" HEIGHT="31" WC="0.96" CONTENT="i"/>
						</TextLine>
						<TextLine ID="line_28" HPOS="124" VPOS="1455" WIDTH="1496" HEIGHT="46">
							<String ID="string_274" HPOS="124" VPOS="1461" WIDTH="113" HEIGHT="32" WC="0.95" CONTENT="denna"/><SP WIDTH="33" VPOS="1461" HPOS="237"/>
							<String ID="string_275" HPOS="270" VPOS="1461" WIDTH="155" HEIGHT="40" WC="0.96" CONTENT="riktning"/><SP WIDTH="34" VPOS="1461" HPOS="425"/>
							<String ID="string_276" HPOS="459" VPOS="1459" WIDTH="78" HEIGHT="32" WC="0.95" CONTENT="med"/><SP WIDTH="34" VPOS="1459" HPOS="537"/>
							<String ID="string_277" HPOS="571" VPOS="1460" WIDTH="136" HEIGHT="39" WC="0.94" CONTENT="hänsyn"/><SP WIDTH="35" VPOS="1460" HPOS="707"/>
							<String ID="string_278" HPOS="742" VPOS="1458" WIDTH="114" HEIGHT="31" WC="0.96" CONTENT="härtill"/><SP WIDTH="34" VPOS="1458" HPOS="856"/>
							<String ID="string_279" HPOS="890" VPOS="1458" WIDTH="73" HEIGHT="31" WC="0.96" CONTENT="icke"/><SP WIDTH="35" VPOS="1458" HPOS="963"/>
							<String ID="string_280" HPOS="998" VPOS="1458" WIDTH="53" HEIGHT="31" WC="0.96" CONTENT="för"/><SP WIDTH="36" VPOS="1458" HPOS="1051"/>
							<String ID="string_281" HPOS="1087" VPOS="1456" WIDTH="212" HEIGHT="32" WC="0.95" CONTENT="närvarande"/><SP WIDTH="32" VPOS="1456" HPOS="1299"/>
							<String ID="string_282" HPOS="1331" VPOS="1456" WIDTH="103" HEIGHT="31" WC="0.93" CONTENT="borde"/><SP WIDTH="23" VPOS="1456" HPOS="1434"/>
							<String ID="string_283" HPOS="1457" VPOS="1455" WIDTH="163" HEIGHT="32" WC="0.92" CONTENT="tillrådas."/>
						</TextLine>
						<TextLine ID="line_29" HPOS="125" VPOS="1500" WIDTH="1498" HEIGHT="44">
							<String ID="string_284" HPOS="125" VPOS="1506" WIDTH="173" HEIGHT="31" WC="0.92" CONTENT="Fastmera"/><SP WIDTH="24" VPOS="1506" HPOS="298"/>
							<String ID="string_285" HPOS="322" VPOS="1504" WIDTH="117" HEIGHT="32" WC="0.96" CONTENT="kunde"/><SP WIDTH="23" VPOS="1504" HPOS="439"/>
							<String ID="string_286" HPOS="462" VPOS="1504" WIDTH="157" HEIGHT="40" WC="0.93" CONTENT="åtgärder"/><SP WIDTH="23" VPOS="1504" HPOS="619"/>
							<String ID="string_287" HPOS="642" VPOS="1503" WIDTH="151" HEIGHT="32" WC="0.91" CONTENT="befinnas"/><SP WIDTH="25" VPOS="1503" HPOS="793"/>
							<String ID="string_288" HPOS="818" VPOS="1502" WIDTH="179" HEIGHT="41" WC="0.96" CONTENT="påkallade"/><SP WIDTH="24" VPOS="1502" HPOS="997"/>
							<String ID="string_289" HPOS="1021" VPOS="1502" WIDTH="8" HEIGHT="31" WC="0.96" CONTENT="i"/><SP WIDTH="24" VPOS="1502" HPOS="1029"/>
							<String ID="string_290" HPOS="1053" VPOS="1503" WIDTH="89" HEIGHT="39" WC="0.96" CONTENT="syfte"/><SP WIDTH="17" VPOS="1503" HPOS="1142"/>
							<String ID="string_291" HPOS="1159" VPOS="1503" WIDTH="47" HEIGHT="29" WC="0.96" CONTENT="att"/><SP WIDTH="16" VPOS="1503" HPOS="1206"/>
							<String ID="string_292" HPOS="1222" VPOS="1501" WIDTH="123" HEIGHT="32" WC="0.96" CONTENT="bereda"/><SP WIDTH="17" VPOS="1501" HPOS="1345"/>
							<String ID="string_293" HPOS="1362" VPOS="1500" WIDTH="261" HEIGHT="41" WC="0.95" CONTENT="sysselsättning"/>
						</TextLine>
						<TextLine ID="line_30" HPOS="125" VPOS="1544" WIDTH="1495" HEIGHT="41">
							<String ID="string_294" HPOS="125" VPOS="1552" WIDTH="34" HEIGHT="30" WC="0.96" CONTENT="åt"/><SP WIDTH="35" VPOS="1552" HPOS="159"/>
							<String ID="string_295" HPOS="194" VPOS="1550" WIDTH="206" HEIGHT="32" WC="0.96" CONTENT="åtminstone"/><SP WIDTH="29" VPOS="1550" HPOS="400"/>
							<String ID="string_296" HPOS="429" VPOS="1560" WIDTH="40" HEIGHT="20" WC="0.96" CONTENT="en"/><SP WIDTH="25" VPOS="1560" HPOS="469"/>
							<String ID="string_297" HPOS="494" VPOS="1548" WIDTH="54" HEIGHT="32" WC="0.95" CONTENT="del"/><SP WIDTH="25" VPOS="1548" HPOS="548"/>
							<String ID="string_298" HPOS="573" VPOS="1559" WIDTH="43" HEIGHT="21" WC="0.96" CONTENT="av"/><SP WIDTH="24" VPOS="1559" HPOS="616"/>
							<String ID="string_299" HPOS="640" VPOS="1548" WIDTH="41" HEIGHT="32" WC="0.96" CONTENT="de"/><SP WIDTH="24" VPOS="1548" HPOS="681"/>
							<String ID="string_300" HPOS="705" VPOS="1548" WIDTH="116" HEIGHT="37" WC="0.96" CONTENT="lärare,"/><SP WIDTH="26" VPOS="1548" HPOS="821"/>
							<String ID="string_301" HPOS="847" VPOS="1558" WIDTH="73" HEIGHT="20" WC="0.96" CONTENT="som"/><SP WIDTH="25" VPOS="1558" HPOS="920"/>
							<String ID="string_302" HPOS="945" VPOS="1558" WIDTH="47" HEIGHT="20" WC="0.96" CONTENT="nu"/><SP WIDTH="23" VPOS="1558" HPOS="992"/>
							<String ID="string_303" HPOS="1015" VPOS="1547" WIDTH="73" HEIGHT="31" WC="0.96" CONTENT="icke"/><SP WIDTH="24" VPOS="1547" HPOS="1088"/>
							<String ID="string_304" HPOS="1112" VPOS="1545" WIDTH="114" HEIGHT="32" WC="0.96" CONTENT="kunde"/><SP WIDTH="25" VPOS="1545" HPOS="1226"/>
							<String ID="string_305" HPOS="1251" VPOS="1546" WIDTH="36" HEIGHT="31" WC="0.93" CONTENT="få"/><SP WIDTH="23" VPOS="1546" HPOS="1287"/>
							<String ID="string_306" HPOS="1310" VPOS="1544" WIDTH="310" HEIGHT="41" WC="0.90" CONTENT="läraranställning."/>
						</TextLine>
						<TextLine ID="line_31" HPOS="125" VPOS="1589" WIDTH="1497" HEIGHT="46">
							<String ID="string_307" HPOS="125" VPOS="1596" WIDTH="15" HEIGHT="30" WC="0.95" CONTENT="I"/><SP WIDTH="36" VPOS="1596" HPOS="140"/>
							<String ID="string_308" HPOS="176" VPOS="1595" WIDTH="90" HEIGHT="32" WC="0.96" CONTENT="detta"/><SP WIDTH="35" VPOS="1595" HPOS="266"/>
							<String ID="string_309" HPOS="301" VPOS="1595" WIDTH="89" HEIGHT="40" WC="0.96" CONTENT="syfte"/><SP WIDTH="29" VPOS="1595" HPOS="390"/>
							<String ID="string_310" HPOS="419" VPOS="1593" WIDTH="103" HEIGHT="32" WC="0.96" CONTENT="borde"/><SP WIDTH="25" VPOS="1593" HPOS="522"/>
							<String ID="string_311" HPOS="547" VPOS="1593" WIDTH="107" HEIGHT="40" WC="0.93" CONTENT="enligt"/><SP WIDTH="23" VPOS="1593" HPOS="654"/>
							<String ID="string_312" HPOS="677" VPOS="1592" WIDTH="392" HEIGHT="41" WC="0.91" CONTENT="departementschefens"/><SP WIDTH="25" VPOS="1592" HPOS="1069"/>
							<String ID="string_313" HPOS="1094" VPOS="1590" WIDTH="139" HEIGHT="41" WC="0.96" CONTENT="mening"/><SP WIDTH="24" VPOS="1590" HPOS="1233"/>
							<String ID="string_314" HPOS="1257" VPOS="1595" WIDTH="186" HEIGHT="36" WC="0.93" CONTENT="övervägas"/><SP WIDTH="23" VPOS="1595" HPOS="1443"/>
							<String ID="string_315" HPOS="1466" VPOS="1589" WIDTH="156" HEIGHT="41" WC="0.92" CONTENT="lämplig-"/>
						</TextLine>
						<TextLine ID="line_32" HPOS="125" VPOS="1634" WIDTH="1496" HEIGHT="45">
							<String ID="string_316" HPOS="125" VPOS="1640" WIDTH="100" HEIGHT="32" WC="0.96" CONTENT="heten"/><SP WIDTH="36" VPOS="1640" HPOS="225"/>
							<String ID="string_317" HPOS="261" VPOS="1642" WIDTH="48" HEIGHT="29" WC="0.96" CONTENT="att"/><SP WIDTH="34" VPOS="1642" HPOS="309"/>
							<String ID="string_318" HPOS="343" VPOS="1639" WIDTH="141" HEIGHT="32" WC="0.96" CONTENT="beskära"/><SP WIDTH="24" VPOS="1639" HPOS="484"/>
							<String ID="string_319" HPOS="508" VPOS="1638" WIDTH="263" HEIGHT="41" WC="0.96" CONTENT="möjligheterna"/><SP WIDTH="24" VPOS="1638" HPOS="771"/>
							<String ID="string_320" HPOS="795" VPOS="1638" WIDTH="53" HEIGHT="31" WC="0.93" CONTENT="för"/><SP WIDTH="23" VPOS="1638" HPOS="848"/>
							<String ID="string_321" HPOS="871" VPOS="1636" WIDTH="281" HEIGHT="33" WC="0.90" CONTENT="läroverkslärare"/><SP WIDTH="25" VPOS="1636" HPOS="1152"/>
							<String ID="string_322" HPOS="1177" VPOS="1638" WIDTH="48" HEIGHT="28" WC="0.92" CONTENT="att"/><SP WIDTH="23" VPOS="1638" HPOS="1225"/>
							<String ID="string_323" HPOS="1248" VPOS="1636" WIDTH="100" HEIGHT="40" WC="0.92" CONTENT="åtaga"/><SP WIDTH="24" VPOS="1636" HPOS="1348"/>
							<String ID="string_324" HPOS="1372" VPOS="1635" WIDTH="52" HEIGHT="40" WC="0.93" CONTENT="sig"/><SP WIDTH="23" VPOS="1635" HPOS="1424"/>
							<String ID="string_325" HPOS="1447" VPOS="1634" WIDTH="174" HEIGHT="32" WC="0.91" CONTENT="undervis-"/>
						</TextLine>
						<TextLine ID="line_33" HPOS="125" VPOS="1679" WIDTH="1496" HEIGHT="46">
							<String ID="string_326" HPOS="125" VPOS="1685" WIDTH="84" HEIGHT="40" WC="0.95" CONTENT="ning"/><SP WIDTH="22" VPOS="1685" HPOS="209"/>
							<String ID="string_327" HPOS="231" VPOS="1685" WIDTH="10" HEIGHT="31" WC="0.96" CONTENT="i"/><SP WIDTH="25" VPOS="1685" HPOS="241"/>
							<String ID="string_328" HPOS="266" VPOS="1695" WIDTH="114" HEIGHT="21" WC="0.95" CONTENT="annan"/><SP WIDTH="25" VPOS="1695" HPOS="380"/>
							<String ID="string_329" HPOS="405" VPOS="1683" WIDTH="201" HEIGHT="32" WC="0.95" CONTENT="läroanstalt"/><SP WIDTH="23" VPOS="1683" HPOS="606"/>
							<String ID="string_330" HPOS="629" VPOS="1683" WIDTH="59" HEIGHT="32" WC="0.96" CONTENT="vid"/><SP WIDTH="24" VPOS="1683" HPOS="688"/>
							<String ID="string_331" HPOS="712" VPOS="1682" WIDTH="96" HEIGHT="32" WC="0.96" CONTENT="sidan"/><SP WIDTH="26" VPOS="1682" HPOS="808"/>
							<String ID="string_332" HPOS="834" VPOS="1692" WIDTH="42" HEIGHT="21" WC="0.96" CONTENT="av"/><SP WIDTH="25" VPOS="1692" HPOS="876"/>
							<String ID="string_333" HPOS="901" VPOS="1682" WIDTH="51" HEIGHT="31" WC="0.96" CONTENT="sin"/><SP WIDTH="26" VPOS="1682" HPOS="952"/>
							<String ID="string_334" HPOS="978" VPOS="1680" WIDTH="170" HEIGHT="42" WC="0.93" CONTENT="egentliga"/><SP WIDTH="22" VPOS="1680" HPOS="1148"/>
							<String ID="string_335" HPOS="1170" VPOS="1680" WIDTH="204" HEIGHT="40" WC="0.92" CONTENT="lärartjänst."/><SP WIDTH="36" VPOS="1680" HPOS="1374"/>
							<String ID="string_336" HPOS="1410" VPOS="1679" WIDTH="211" HEIGHT="41" WC="0.96" CONTENT="Härigenom"/>
						</TextLine>
						<TextLine ID="line_34" HPOS="125" VPOS="1724" WIDTH="1498" HEIGHT="43">
							<String ID="string_337" HPOS="125" VPOS="1730" WIDTH="94" HEIGHT="31" WC="0.96" CONTENT="torde"/><SP WIDTH="24" VPOS="1730" HPOS="219"/>
							<String ID="string_338" HPOS="243" VPOS="1730" WIDTH="118" HEIGHT="31" WC="0.96" CONTENT="kunna"/><SP WIDTH="24" VPOS="1730" HPOS="361"/>
							<String ID="string_339" HPOS="385" VPOS="1729" WIDTH="255" HEIGHT="31" WC="0.96" CONTENT="åstadkommas"/><SP WIDTH="25" VPOS="1729" HPOS="640"/>
							<String ID="string_340" HPOS="665" VPOS="1739" WIDTH="41" HEIGHT="20" WC="0.96" CONTENT="en"/><SP WIDTH="24" VPOS="1739" HPOS="706"/>
							<String ID="string_341" HPOS="730" VPOS="1727" WIDTH="68" HEIGHT="32" WC="0.96" CONTENT="viss"/><SP WIDTH="25" VPOS="1727" HPOS="798"/>
							<String ID="string_342" HPOS="823" VPOS="1727" WIDTH="131" HEIGHT="40" WC="0.96" CONTENT="ökning"/><SP WIDTH="23" VPOS="1727" HPOS="954"/>
							<String ID="string_343" HPOS="977" VPOS="1737" WIDTH="42" HEIGHT="21" WC="0.92" CONTENT="av"/><SP WIDTH="24" VPOS="1737" HPOS="1019"/>
							<String ID="string_344" HPOS="1043" VPOS="1724" WIDTH="293" HEIGHT="33" WC="0.90" CONTENT="arbetstillfällena"/><SP WIDTH="25" VPOS="1724" HPOS="1336"/>
							<String ID="string_345" HPOS="1361" VPOS="1726" WIDTH="53" HEIGHT="30" WC="0.96" CONTENT="för"/><SP WIDTH="23" VPOS="1726" HPOS="1414"/>
							<String ID="string_346" HPOS="1437" VPOS="1724" WIDTH="186" HEIGHT="32" WC="0.96" CONTENT="arbetslösa"/>
						</TextLine>
						<TextLine ID="line_35" HPOS="125" VPOS="1769" WIDTH="1500" HEIGHT="43">
							<String ID="string_347" HPOS="125" VPOS="1774" WIDTH="115" HEIGHT="32" WC="0.94" CONTENT="lärare."/><SP WIDTH="48" VPOS="1774" HPOS="240"/>
							<String ID="string_348" HPOS="288" VPOS="1773" WIDTH="168" HEIGHT="32" WC="0.86" CONTENT="Tillstånd"/><SP WIDTH="36" VPOS="1773" HPOS="456"/>
							<String ID="string_349" HPOS="492" VPOS="1774" WIDTH="52" HEIGHT="31" WC="0.96" CONTENT="för"/><SP WIDTH="35" VPOS="1774" HPOS="544"/>
							<String ID="string_350" HPOS="579" VPOS="1773" WIDTH="107" HEIGHT="31" WC="0.96" CONTENT="lärare"/><SP WIDTH="24" VPOS="1773" HPOS="686"/>
							<String ID="string_351" HPOS="710" VPOS="1775" WIDTH="49" HEIGHT="28" WC="0.93" CONTENT="att"/><SP WIDTH="24" VPOS="1775" HPOS="759"/>
							<String ID="string_352" HPOS="783" VPOS="1773" WIDTH="99" HEIGHT="39" WC="0.90" CONTENT="åtaga"/><SP WIDTH="25" VPOS="1773" HPOS="882"/>
							<String ID="string_353" HPOS="907" VPOS="1771" WIDTH="52" HEIGHT="41" WC="0.96" CONTENT="sig"/><SP WIDTH="23" VPOS="1771" HPOS="959"/>
							<String ID="string_354" HPOS="982" VPOS="1774" WIDTH="93" HEIGHT="28" WC="0.95" CONTENT="extra"/><SP WIDTH="26" VPOS="1774" HPOS="1075"/>
							<String ID="string_355" HPOS="1101" VPOS="1770" WIDTH="246" HEIGHT="40" WC="0.96" CONTENT="undervisning"/><SP WIDTH="23" VPOS="1770" HPOS="1347"/>
							<String ID="string_356" HPOS="1370" VPOS="1769" WIDTH="175" HEIGHT="32" WC="0.96" CONTENT="lämnades"/><SP WIDTH="25" VPOS="1769" HPOS="1545"/>
							<String ID="string_357" HPOS="1570" VPOS="1770" WIDTH="55" HEIGHT="30" WC="0.96" CONTENT="för"/>
						</TextLine>
						<TextLine ID="line_36" HPOS="126" VPOS="1813" WIDTH="1498" HEIGHT="42">
							<String ID="string_358" HPOS="126" VPOS="1822" WIDTH="47" HEIGHT="29" WC="0.96" CONTENT="ett"/><SP WIDTH="23" VPOS="1822" HPOS="173"/>
							<String ID="string_359" HPOS="196" VPOS="1821" WIDTH="35" HEIGHT="29" WC="0.96" CONTENT="år"/><SP WIDTH="24" VPOS="1821" HPOS="231"/>
							<String ID="string_360" HPOS="255" VPOS="1819" WIDTH="10" HEIGHT="31" WC="0.96" CONTENT="i"/><SP WIDTH="25" VPOS="1819" HPOS="265"/>
							<String ID="string_361" HPOS="290" VPOS="1818" WIDTH="123" HEIGHT="32" WC="0.96" CONTENT="sänder"/><SP WIDTH="24" VPOS="1818" HPOS="413"/>
							<String ID="string_362" HPOS="437" VPOS="1828" WIDTH="41" HEIGHT="22" WC="0.96" CONTENT="av"/><SP WIDTH="24" VPOS="1828" HPOS="478"/>
							<String ID="string_363" HPOS="502" VPOS="1817" WIDTH="254" HEIGHT="33" WC="0.96" CONTENT="vederbörande"/><SP WIDTH="25" VPOS="1817" HPOS="756"/>
							<String ID="string_364" HPOS="781" VPOS="1816" WIDTH="113" HEIGHT="32" WC="0.96" CONTENT="rektor"/><SP WIDTH="23" VPOS="1816" HPOS="894"/>
							<String ID="string_365" HPOS="917" VPOS="1817" WIDTH="85" HEIGHT="31" WC="0.96" CONTENT="efter"/><SP WIDTH="23" VPOS="1817" HPOS="1002"/>
							<String ID="string_366" HPOS="1025" VPOS="1826" WIDTH="42" HEIGHT="21" WC="0.93" CONTENT="av"/><SP WIDTH="17" VPOS="1826" HPOS="1067"/>
							<String ID="string_367" HPOS="1084" VPOS="1814" WIDTH="323" HEIGHT="41" WC="0.92" CONTENT="skolöverstyrelsen"/><SP WIDTH="18" VPOS="1814" HPOS="1407"/>
							<String ID="string_368" HPOS="1425" VPOS="1814" WIDTH="103" HEIGHT="41" WC="0.91" CONTENT="givna"/><SP WIDTH="17" VPOS="1814" HPOS="1528"/>
							<String ID="string_369" HPOS="1545" VPOS="1813" WIDTH="79" HEIGHT="31" WC="0.91" CONTENT="rikt-"/>
						</TextLine>
						<TextLine ID="line_37" HPOS="125" VPOS="1859" WIDTH="1498" HEIGHT="44">
							<String ID="string_370" HPOS="125" VPOS="1864" WIDTH="109" HEIGHT="39" WC="0.93" CONTENT="linjer."/><SP WIDTH="48" VPOS="1864" HPOS="234"/>
							<String ID="string_371" HPOS="282" VPOS="1863" WIDTH="386" HEIGHT="40" WC="0.91" CONTENT="Departementschefen"/><SP WIDTH="31" VPOS="1863" HPOS="668"/>
							<String ID="string_372" HPOS="699" VPOS="1862" WIDTH="189" HEIGHT="37" WC="0.95" CONTENT="förutsatte,"/><SP WIDTH="26" VPOS="1862" HPOS="888"/>
							<String ID="string_373" HPOS="914" VPOS="1864" WIDTH="47" HEIGHT="28" WC="0.93" CONTENT="att"/><SP WIDTH="24" VPOS="1864" HPOS="961"/>
							<String ID="string_374" HPOS="985" VPOS="1859" WIDTH="243" HEIGHT="41" WC="0.92" CONTENT="överstyrelsen"/><SP WIDTH="26" VPOS="1859" HPOS="1228"/>
							<String ID="string_375" HPOS="1254" VPOS="1862" WIDTH="78" HEIGHT="38" WC="0.92" CONTENT="toge"/><SP WIDTH="24" VPOS="1862" HPOS="1332"/>
							<String ID="string_376" HPOS="1356" VPOS="1859" WIDTH="108" HEIGHT="31" WC="0.93" CONTENT="under"/><SP WIDTH="24" VPOS="1859" HPOS="1464"/>
							<String ID="string_377" HPOS="1488" VPOS="1863" WIDTH="135" HEIGHT="27" WC="0.72" CONTENT="övervä-"/>
						</TextLine>
						<TextLine ID="line_38" HPOS="126" VPOS="1903" WIDTH="1496" HEIGHT="47">
							<String ID="string_378" HPOS="126" VPOS="1909" WIDTH="109" HEIGHT="41" WC="0.96" CONTENT="gande"/><SP WIDTH="25" VPOS="1909" HPOS="235"/>
							<String ID="string_379" HPOS="260" VPOS="1907" WIDTH="262" HEIGHT="40" WC="0.95" CONTENT="möjligheterna"/><SP WIDTH="24" VPOS="1907" HPOS="522"/>
							<String ID="string_380" HPOS="546" VPOS="1909" WIDTH="50" HEIGHT="29" WC="0.96" CONTENT="att"/><SP WIDTH="24" VPOS="1909" HPOS="596"/>
							<String ID="string_381" HPOS="620" VPOS="1906" WIDTH="122" HEIGHT="40" WC="0.96" CONTENT="skärpa"/><SP WIDTH="24" VPOS="1906" HPOS="742"/>
							<String ID="string_382" HPOS="766" VPOS="1905" WIDTH="168" HEIGHT="31" WC="0.96" CONTENT="villkoren"/><SP WIDTH="24" VPOS="1905" HPOS="934"/>
							<String ID="string_383" HPOS="958" VPOS="1906" WIDTH="52" HEIGHT="30" WC="0.96" CONTENT="för"/><SP WIDTH="24" VPOS="1906" HPOS="1010"/>
							<String ID="string_384" HPOS="1034" VPOS="1904" WIDTH="94" HEIGHT="40" WC="0.96" CONTENT="dylik"/><SP WIDTH="25" VPOS="1904" HPOS="1128"/>
							<String ID="string_385" HPOS="1153" VPOS="1904" WIDTH="158" HEIGHT="40" WC="0.96" CONTENT="förening"/><SP WIDTH="23" VPOS="1904" HPOS="1311"/>
							<String ID="string_386" HPOS="1334" VPOS="1914" WIDTH="42" HEIGHT="21" WC="0.96" CONTENT="av"/><SP WIDTH="25" VPOS="1914" HPOS="1376"/>
							<String ID="string_387" HPOS="1401" VPOS="1903" WIDTH="142" HEIGHT="40" WC="0.95" CONTENT="tjänster"/><SP WIDTH="17" VPOS="1903" HPOS="1543"/>
							<String ID="string_388" HPOS="1560" VPOS="1903" WIDTH="62" HEIGHT="31" WC="0.96" CONTENT="och"/>
						</TextLine>
						<TextLine ID="line_39" HPOS="127" VPOS="1947" WIDTH="1498" HEIGHT="46">
							<String ID="string_389" HPOS="127" VPOS="1954" WIDTH="85" HEIGHT="31" WC="0.96" CONTENT="efter"/><SP WIDTH="34" VPOS="1954" HPOS="212"/>
							<String ID="string_390" HPOS="246" VPOS="1952" WIDTH="172" HEIGHT="41" WC="0.96" CONTENT="prövning"/><SP WIDTH="29" VPOS="1952" HPOS="418"/>
							<String ID="string_391" HPOS="447" VPOS="1962" WIDTH="41" HEIGHT="20" WC="0.95" CONTENT="av"/><SP WIDTH="24" VPOS="1962" HPOS="488"/>
							<String ID="string_392" HPOS="512" VPOS="1953" WIDTH="44" HEIGHT="38" WC="0.95" CONTENT="på"/><SP WIDTH="33" VPOS="1953" HPOS="556"/>
							<String ID="string_393" HPOS="589" VPOS="1952" WIDTH="120" HEIGHT="38" WC="0.93" CONTENT="frågan"/><SP WIDTH="32" VPOS="1952" HPOS="709"/>
							<String ID="string_394" HPOS="741" VPOS="1950" WIDTH="210" HEIGHT="32" WC="0.91" CONTENT="inverkande"/><SP WIDTH="25" VPOS="1950" HPOS="951"/>
							<String ID="string_395" HPOS="976" VPOS="1948" WIDTH="290" HEIGHT="41" WC="0.93" CONTENT="omständigheter"/><SP WIDTH="24" VPOS="1948" HPOS="1266"/>
							<String ID="string_396" HPOS="1290" VPOS="1948" WIDTH="138" HEIGHT="40" WC="0.92" CONTENT="vidtoge"/><SP WIDTH="25" VPOS="1948" HPOS="1428"/>
							<String ID="string_397" HPOS="1453" VPOS="1947" WIDTH="40" HEIGHT="32" WC="0.92" CONTENT="de"/><SP WIDTH="24" VPOS="1947" HPOS="1493"/>
							<String ID="string_398" HPOS="1517" VPOS="1949" WIDTH="108" HEIGHT="39" WC="0.92" CONTENT="åtgär-"/>
						</TextLine>
						<TextLine ID="line_40" HPOS="127" VPOS="1994" WIDTH="654" HEIGHT="42">
							<String ID="string_399" HPOS="127" VPOS="1998" WIDTH="68" HEIGHT="36" WC="0.96" CONTENT="der,"/><SP WIDTH="25" VPOS="1998" HPOS="195"/>
							<String ID="string_400" HPOS="220" VPOS="2008" WIDTH="71" HEIGHT="20" WC="0.95" CONTENT="som"/><SP WIDTH="27" VPOS="2008" HPOS="291"/>
							<String ID="string_401" HPOS="318" VPOS="1996" WIDTH="116" HEIGHT="32" WC="0.96" CONTENT="kunde"/><SP WIDTH="24" VPOS="1996" HPOS="434"/>
							<String ID="string_402" HPOS="458" VPOS="1996" WIDTH="110" HEIGHT="30" WC="0.95" CONTENT="finnas"/><SP WIDTH="25" VPOS="1996" HPOS="568"/>
							<String ID="string_403" HPOS="593" VPOS="1994" WIDTH="188" HEIGHT="42" WC="0.96" CONTENT="påkallade."/>
						</TextLine>
					</TextBlock>
					<TextBlock ID="block_4" HPOS="127" VPOS="2036" WIDTH="1498" HEIGHT="268">
						<TextLine ID="line_41" HPOS="173" VPOS="2036" WIDTH="1452" HEIGHT="44">
							<String ID="string_404" HPOS="173" VPOS="2042" WIDTH="248" HEIGHT="32" WC="0.96" CONTENT="Statskontoret"/><SP WIDTH="23" VPOS="2042" HPOS="421"/>
							<String ID="string_405" HPOS="444" VPOS="2040" WIDTH="86" HEIGHT="32" WC="0.96" CONTENT="hade"/><SP WIDTH="23" VPOS="2040" HPOS="530"/>
							<String ID="string_406" HPOS="553" VPOS="2042" WIDTH="110" HEIGHT="29" WC="0.86" CONTENT="såsom"/><SP WIDTH="19" VPOS="2042" HPOS="663"/>
							<String ID="string_407" HPOS="682" VPOS="2051" WIDTH="38" HEIGHT="19" WC="0.95" CONTENT="en"/><SP WIDTH="19" VPOS="2051" HPOS="720"/>
							<String ID="string_408" HPOS="739" VPOS="2039" WIDTH="144" HEIGHT="41" WC="0.93" CONTENT="lämplig"/><SP WIDTH="17" VPOS="2039" HPOS="883"/>
							<String ID="string_409" HPOS="900" VPOS="2037" WIDTH="317" HEIGHT="42" WC="0.92" CONTENT="besparingsåtgärd"/><SP WIDTH="19" VPOS="2037" HPOS="1217"/>
							<String ID="string_410" HPOS="1236" VPOS="2037" WIDTH="132" HEIGHT="41" WC="0.96" CONTENT="angivit"/><SP WIDTH="16" VPOS="2037" HPOS="1368"/>
							<String ID="string_411" HPOS="1384" VPOS="2036" WIDTH="241" HEIGHT="39" WC="0.94" CONTENT="inskränkning"/>
						</TextLine>
						<TextLine ID="line_42" HPOS="127" VPOS="2080" WIDTH="1496" HEIGHT="46">
							<String ID="string_412" HPOS="127" VPOS="2099" WIDTH="40" HEIGHT="20" WC="0.96" CONTENT="av"/><SP WIDTH="33" VPOS="2099" HPOS="167"/>
							<String ID="string_413" HPOS="200" VPOS="2089" WIDTH="59" HEIGHT="29" WC="0.95" CONTENT="den"/><SP WIDTH="26" VPOS="2089" HPOS="259"/>
							<String ID="string_414" HPOS="285" VPOS="2086" WIDTH="173" HEIGHT="40" WC="0.95" CONTENT="frivilliga"/><SP WIDTH="34" VPOS="2086" HPOS="458"/>
							<String ID="string_415" HPOS="492" VPOS="2085" WIDTH="274" HEIGHT="39" WC="0.96" CONTENT="undervisningen"/><SP WIDTH="34" VPOS="2085" HPOS="766"/>
							<String ID="string_416" HPOS="800" VPOS="2084" WIDTH="8" HEIGHT="31" WC="0.96" CONTENT="i"/><SP WIDTH="36" VPOS="2084" HPOS="808"/>
							<String ID="string_417" HPOS="844" VPOS="2084" WIDTH="90" HEIGHT="31" WC="0.93" CONTENT="vissa"/><SP WIDTH="33" VPOS="2084" HPOS="934"/>
							<String ID="string_418" HPOS="967" VPOS="2083" WIDTH="282" HEIGHT="40" WC="0.91" CONTENT="övningsämnen."/><SP WIDTH="51" VPOS="2083" HPOS="1249"/>
							<String ID="string_419" HPOS="1300" VPOS="2081" WIDTH="76" HEIGHT="32" WC="0.96" CONTENT="Med"/><SP WIDTH="38" VPOS="2081" HPOS="1376"/>
							<String ID="string_420" HPOS="1414" VPOS="2081" WIDTH="132" HEIGHT="40" WC="0.93" CONTENT="hänsyn"/><SP WIDTH="26" VPOS="2081" HPOS="1546"/>
							<String ID="string_421" HPOS="1572" VPOS="2080" WIDTH="51" HEIGHT="31" WC="0.96" CONTENT="till"/>
						</TextLine>
						<TextLine ID="line_43" HPOS="128" VPOS="2125" WIDTH="1497" HEIGHT="47">
							<String ID="string_422" HPOS="128" VPOS="2131" WIDTH="191" HEIGHT="41" WC="0.96" CONTENT="betydelsen"/><SP WIDTH="32" VPOS="2131" HPOS="319"/>
							<String ID="string_423" HPOS="351" VPOS="2142" WIDTH="42" HEIGHT="20" WC="0.96" CONTENT="av"/><SP WIDTH="25" VPOS="2142" HPOS="393"/>
							<String ID="string_424" HPOS="418" VPOS="2130" WIDTH="111" HEIGHT="31" WC="0.96" CONTENT="denna"/><SP WIDTH="25" VPOS="2130" HPOS="529"/>
							<String ID="string_425" HPOS="554" VPOS="2129" WIDTH="247" HEIGHT="39" WC="0.93" CONTENT="undervisning"/><SP WIDTH="23" VPOS="2129" HPOS="801"/>
							<String ID="string_426" HPOS="824" VPOS="2130" WIDTH="124" HEIGHT="37" WC="0.89" CONTENT="ansåge"/><SP WIDTH="25" VPOS="2130" HPOS="948"/>
							<String ID="string_427" HPOS="973" VPOS="2127" WIDTH="372" HEIGHT="41" WC="0.91" CONTENT="departementschefen"/><SP WIDTH="27" VPOS="2127" HPOS="1345"/>
							<String ID="string_428" HPOS="1372" VPOS="2126" WIDTH="51" HEIGHT="40" WC="0.96" CONTENT="sig"/><SP WIDTH="23" VPOS="2126" HPOS="1423"/>
							<String ID="string_429" HPOS="1446" VPOS="2126" WIDTH="72" HEIGHT="31" WC="0.96" CONTENT="icke"/><SP WIDTH="26" VPOS="2126" HPOS="1518"/>
							<String ID="string_430" HPOS="1544" VPOS="2125" WIDTH="81" HEIGHT="32" WC="0.96" CONTENT="böra"/>
						</TextLine>
						<TextLine ID="line_44" HPOS="128" VPOS="2170" WIDTH="1496" HEIGHT="43">
							<String ID="string_431" HPOS="128" VPOS="2176" WIDTH="135" HEIGHT="32" WC="0.96" CONTENT="förorda"/><SP WIDTH="24" VPOS="2176" HPOS="263"/>
							<String ID="string_432" HPOS="287" VPOS="2187" WIDTH="40" HEIGHT="19" WC="0.96" CONTENT="en"/><SP WIDTH="27" VPOS="2187" HPOS="327"/>
							<String ID="string_433" HPOS="354" VPOS="2175" WIDTH="105" HEIGHT="31" WC="0.95" CONTENT="sådan"/><SP WIDTH="26" VPOS="2175" HPOS="459"/>
							<String ID="string_434" HPOS="485" VPOS="2174" WIDTH="128" HEIGHT="39" WC="0.95" CONTENT="åtgärd."/><SP WIDTH="40" VPOS="2174" HPOS="613"/>
							<String ID="string_435" HPOS="653" VPOS="2174" WIDTH="76" HEIGHT="30" WC="0.96" CONTENT="Han"/><SP WIDTH="27" VPOS="2174" HPOS="729"/>
							<String ID="string_436" HPOS="756" VPOS="2173" WIDTH="115" HEIGHT="31" WC="0.96" CONTENT="kunde"/><SP WIDTH="25" VPOS="2173" HPOS="871"/>
							<String ID="string_437" HPOS="896" VPOS="2173" WIDTH="72" HEIGHT="30" WC="0.96" CONTENT="icke"/><SP WIDTH="25" VPOS="2173" HPOS="968"/>
							<String ID="string_438" HPOS="993" VPOS="2172" WIDTH="104" HEIGHT="31" WC="0.96" CONTENT="heller"/><SP WIDTH="24" VPOS="2172" HPOS="1097"/>
							<String ID="string_439" HPOS="1121" VPOS="2171" WIDTH="132" HEIGHT="31" WC="0.96" CONTENT="ansluta"/><SP WIDTH="17" VPOS="2171" HPOS="1253"/>
							<String ID="string_440" HPOS="1270" VPOS="2171" WIDTH="52" HEIGHT="40" WC="0.96" CONTENT="sig"/><SP WIDTH="17" VPOS="2171" HPOS="1322"/>
							<String ID="string_441" HPOS="1339" VPOS="2170" WIDTH="49" HEIGHT="32" WC="0.96" CONTENT="till"/><SP WIDTH="18" VPOS="2170" HPOS="1388"/>
							<String ID="string_442" HPOS="1406" VPOS="2174" WIDTH="46" HEIGHT="28" WC="0.96" CONTENT="ett"/><SP WIDTH="17" VPOS="2174" HPOS="1452"/>
							<String ID="string_443" HPOS="1469" VPOS="2181" WIDTH="42" HEIGHT="20" WC="0.93" CONTENT="av"/><SP WIDTH="18" VPOS="2181" HPOS="1511"/>
							<String ID="string_444" HPOS="1529" VPOS="2173" WIDTH="95" HEIGHT="28" WC="0.91" CONTENT="stats-"/>
						</TextLine>
						<TextLine ID="line_45" HPOS="128" VPOS="2214" WIDTH="1497" HEIGHT="44">
							<String ID="string_445" HPOS="128" VPOS="2221" WIDTH="155" HEIGHT="30" WC="0.96" CONTENT="kontoret"/><SP WIDTH="25" VPOS="2221" HPOS="283"/>
							<String ID="string_446" HPOS="308" VPOS="2220" WIDTH="160" HEIGHT="31" WC="0.96" CONTENT="framfört"/><SP WIDTH="24" VPOS="2220" HPOS="468"/>
							<String ID="string_447" HPOS="492" VPOS="2218" WIDTH="128" HEIGHT="40" WC="0.96" CONTENT="förslag"/><SP WIDTH="25" VPOS="2218" HPOS="620"/>
							<String ID="string_448" HPOS="645" VPOS="2229" WIDTH="53" HEIGHT="20" WC="0.94" CONTENT="om"/><SP WIDTH="26" VPOS="2229" HPOS="698"/>
							<String ID="string_449" HPOS="724" VPOS="2229" WIDTH="41" HEIGHT="19" WC="0.94" CONTENT="en"/><SP WIDTH="24" VPOS="2229" HPOS="765"/>
							<String ID="string_450" HPOS="789" VPOS="2217" WIDTH="193" HEIGHT="40" WC="0.95" CONTENT="ytterligare"/><SP WIDTH="24" VPOS="2217" HPOS="982"/>
							<String ID="string_451" HPOS="1006" VPOS="2216" WIDTH="147" HEIGHT="40" WC="0.96" CONTENT="höjning"/><SP WIDTH="24" VPOS="2216" HPOS="1153"/>
							<String ID="string_452" HPOS="1177" VPOS="2226" WIDTH="40" HEIGHT="21" WC="0.96" CONTENT="av"/><SP WIDTH="25" VPOS="2226" HPOS="1217"/>
							<String ID="string_453" HPOS="1242" VPOS="2215" WIDTH="55" HEIGHT="31" WC="0.96" CONTENT="det"/><SP WIDTH="25" VPOS="2215" HPOS="1297"/>
							<String ID="string_454" HPOS="1322" VPOS="2216" WIDTH="108" HEIGHT="38" WC="0.96" CONTENT="lägsta"/><SP WIDTH="20" VPOS="2216" HPOS="1430"/>
							<String ID="string_455" HPOS="1450" VPOS="2214" WIDTH="90" HEIGHT="32" WC="0.93" CONTENT="antal"/><SP WIDTH="20" VPOS="2214" HPOS="1540"/>
							<String ID="string_456" HPOS="1560" VPOS="2215" WIDTH="65" HEIGHT="30" WC="0.92" CONTENT="del-"/>
						</TextLine>
						<TextLine ID="line_46" HPOS="129" VPOS="2259" WIDTH="1494" HEIGHT="45">
							<String ID="string_457" HPOS="129" VPOS="2268" WIDTH="122" HEIGHT="36" WC="0.96" CONTENT="tagare,"/><SP WIDTH="37" VPOS="2268" HPOS="251"/>
							<String ID="string_458" HPOS="288" VPOS="2275" WIDTH="71" HEIGHT="20" WC="0.84" CONTENT="som"/><SP WIDTH="35" VPOS="2275" HPOS="359"/>
							<String ID="string_459" HPOS="394" VPOS="2263" WIDTH="211" HEIGHT="31" WC="0.84" CONTENT="erfordrades"/><SP WIDTH="26" VPOS="2263" HPOS="605"/>
							<String ID="string_460" HPOS="631" VPOS="2263" WIDTH="52" HEIGHT="30" WC="0.96" CONTENT="för"/><SP WIDTH="24" VPOS="2263" HPOS="683"/>
							<String ID="string_461" HPOS="707" VPOS="2265" WIDTH="48" HEIGHT="27" WC="0.96" CONTENT="att"/><SP WIDTH="24" VPOS="2265" HPOS="755"/>
							<String ID="string_462" HPOS="779" VPOS="2261" WIDTH="235" HEIGHT="39" WC="0.96" CONTENT="undervisning"/><SP WIDTH="24" VPOS="2261" HPOS="1014"/>
							<String ID="string_463" HPOS="1038" VPOS="2261" WIDTH="13" HEIGHT="30" WC="0.93" CONTENT="i"/><SP WIDTH="23" VPOS="2261" HPOS="1051"/>
							<String ID="string_464" HPOS="1074" VPOS="2260" WIDTH="151" HEIGHT="39" WC="0.96" CONTENT="grekiska"/><SP WIDTH="24" VPOS="2260" HPOS="1225"/>
							<String ID="string_465" HPOS="1249" VPOS="2259" WIDTH="110" HEIGHT="31" WC="0.95" CONTENT="skulle"/><SP WIDTH="28" VPOS="2259" HPOS="1359"/>
							<String ID="string_466" HPOS="1387" VPOS="2261" WIDTH="32" HEIGHT="29" WC="0.96" CONTENT="få"/><SP WIDTH="23" VPOS="2261" HPOS="1419"/>
							<String ID="string_467" HPOS="1442" VPOS="2259" WIDTH="181" HEIGHT="31" WC="0.96" CONTENT="anordnas."/>
						</TextLine>
					</TextBlock>
				</ComposedBlock>
				<ComposedBlock ID="cblock_2" HPOS="129" VPOS="2364" WIDTH="1500" HEIGHT="150">
					<TextBlock ID="block_5" HPOS="129" VPOS="2364" WIDTH="1500" HEIGHT="150">
						<TextLine ID="line_47" HPOS="173" VPOS="2364" WIDTH="1456" HEIGHT="43">
							<String ID="string_468" HPOS="173" VPOS="2371" WIDTH="14" HEIGHT="30" WC="0.95" CONTENT="I"/><SP WIDTH="25" VPOS="2371" HPOS="187"/>
							<String ID="string_469" HPOS="212" VPOS="2370" WIDTH="157" HEIGHT="31" WC="0.96" CONTENT="motionen"/><SP WIDTH="30" VPOS="2370" HPOS="369"/>
							<String ID="string_470" HPOS="399" VPOS="2369" WIDTH="46" HEIGHT="30" WC="0.79" CONTENT="II:"/><SP WIDTH="22" VPOS="2369" HPOS="445"/>
							<String ID="string_471" HPOS="467" VPOS="2372" WIDTH="60" HEIGHT="27" WC="0.92" CONTENT="176"/><SP WIDTH="27" VPOS="2372" HPOS="527"/>
							<String ID="string_472" HPOS="554" VPOS="2367" WIDTH="205" HEIGHT="37" WC="0.92" CONTENT="framhålles,"/><SP WIDTH="24" VPOS="2367" HPOS="759"/>
							<String ID="string_473" HPOS="783" VPOS="2369" WIDTH="48" HEIGHT="29" WC="0.93" CONTENT="att"/><SP WIDTH="18" VPOS="2369" HPOS="831"/>
							<String ID="string_474" HPOS="849" VPOS="2365" WIDTH="390" HEIGHT="42" WC="0.92" CONTENT="departementschefens"/><SP WIDTH="18" VPOS="2365" HPOS="1239"/>
							<String ID="string_475" HPOS="1257" VPOS="2364" WIDTH="176" HEIGHT="32" WC="0.96" CONTENT="uttalande"/><SP WIDTH="18" VPOS="2364" HPOS="1433"/>
							<String ID="string_476" HPOS="1451" VPOS="2364" WIDTH="178" HEIGHT="39" WC="0.95" CONTENT="angående"/>
						</TextLine>
						<TextLine ID="line_48" HPOS="129" VPOS="2417" WIDTH="1496" HEIGHT="45">
							<String ID="string_477" HPOS="129" VPOS="2423" WIDTH="200" HEIGHT="39" WC="0.96" CONTENT="rättigheten"/><SP WIDTH="39" VPOS="2423" HPOS="329"/>
							<String ID="string_478" HPOS="368" VPOS="2423" WIDTH="52" HEIGHT="29" WC="0.92" CONTENT="för"/><SP WIDTH="36" VPOS="2423" HPOS="420"/>
							<String ID="string_479" HPOS="456" VPOS="2420" WIDTH="280" HEIGHT="32" WC="0.91" CONTENT="läroverkslärare"/><SP WIDTH="36" VPOS="2420" HPOS="736"/>
							<String ID="string_480" HPOS="772" VPOS="2423" WIDTH="48" HEIGHT="28" WC="0.93" CONTENT="att"/><SP WIDTH="34" VPOS="2423" HPOS="820"/>
							<String ID="string_481" HPOS="854" VPOS="2421" WIDTH="100" HEIGHT="37" WC="0.91" CONTENT="åtaga"/><SP WIDTH="24" VPOS="2421" HPOS="954"/>
							<String ID="string_482" HPOS="978" VPOS="2419" WIDTH="51" HEIGHT="39" WC="0.95" CONTENT="sig"/><SP WIDTH="24" VPOS="2419" HPOS="1029"/>
							<String ID="string_483" HPOS="1053" VPOS="2418" WIDTH="247" HEIGHT="38" WC="0.96" CONTENT="undervisning"/><SP WIDTH="25" VPOS="2418" HPOS="1300"/>
							<String ID="string_484" HPOS="1325" VPOS="2418" WIDTH="7" HEIGHT="30" WC="0.95" CONTENT="i"/><SP WIDTH="28" VPOS="2418" HPOS="1332"/>
							<String ID="string_485" HPOS="1360" VPOS="2428" WIDTH="110" HEIGHT="20" WC="0.93" CONTENT="annan"/><SP WIDTH="28" VPOS="2428" HPOS="1470"/>
							<String ID="string_486" HPOS="1498" VPOS="2417" WIDTH="127" HEIGHT="31" WC="0.91" CONTENT="läroan-"/>
						</TextLine>
						<TextLine ID="line_49" HPOS="129" VPOS="2470" WIDTH="1495" HEIGHT="44">
							<String ID="string_487" HPOS="129" VPOS="2477" WIDTH="77" HEIGHT="31" WC="0.91" CONTENT="stalt"/><SP WIDTH="21" VPOS="2477" HPOS="206"/>
							<String ID="string_488" HPOS="227" VPOS="2476" WIDTH="114" HEIGHT="31" WC="0.96" CONTENT="kunde"/><SP WIDTH="84" VPOS="2476" HPOS="341"/>
							<String ID="string_489" HPOS="425" VPOS="2478" WIDTH="144" HEIGHT="28" WC="0.96" CONTENT="extremt"/><SP WIDTH="18" VPOS="2478" HPOS="569"/>
							<String ID="string_490" HPOS="587" VPOS="2473" WIDTH="177" HEIGHT="41" WC="0.93" CONTENT="tillämpad"/><SP WIDTH="18" VPOS="2473" HPOS="764"/>
							<String ID="string_491" HPOS="782" VPOS="2490" WIDTH="42" HEIGHT="3" WC="0.92" CONTENT="—"/><SP WIDTH="20" VPOS="2490" HPOS="824"/>
							<String ID="string_492" HPOS="844" VPOS="2473" WIDTH="154" HEIGHT="31" WC="0.96" CONTENT="medföra"/><SP WIDTH="17" VPOS="2473" HPOS="998"/>
							<String ID="string_493" HPOS="1015" VPOS="2472" WIDTH="88" HEIGHT="31" WC="0.96" CONTENT="ökad"/><SP WIDTH="18" VPOS="2472" HPOS="1103"/>
							<String ID="string_494" HPOS="1121" VPOS="2471" WIDTH="222" HEIGHT="32" WC="0.96" CONTENT="arbetslöshet"/><SP WIDTH="18" VPOS="2471" HPOS="1343"/>
							<String ID="string_495" HPOS="1361" VPOS="2470" WIDTH="100" HEIGHT="31" WC="0.96" CONTENT="bland"/><SP WIDTH="19" VPOS="2470" HPOS="1461"/>
							<String ID="string_496" HPOS="1480" VPOS="2470" WIDTH="144" HEIGHT="31" WC="0.96" CONTENT="lärarna."/>
						</TextLine>
					</TextBlock>
				</ComposedBlock>
				<GraphicalElement ID="cblock_3" HPOS="362" VPOS="2492" WIDTH="42" HEIGHT="3"></GraphicalElement >
			</PrintSpace>
		</Page>
	</Layout>
</alto>
