1912 2818
562 162 297 36 Statsutskottets
878 158 186 36 utlåtande
1084 158 55 34 Nr
1157 159 33 32 8.
1560 153 60 32 121

178 249 235 32 Statskontoret
444 248 62 31 har
537 247 190 40 ifrågasatt,
760 255 56 21 om
850 243 73 32 icke
956 241 207 33 åtminstone
1191 239 90 33 vissa
1309 248 43 22 av
1381 237 40 31 de
1445 234 179 41 kvinnliga

131 303 126 38 kurser,
291 302 94 32 vilka
417 302 53 31 för
497 298 213 34 närvarande
738 297 129 40 åtnjöte
892 294 184 34 understöd
1100 295 77 30 från
1201 291 163 41 anslaget,
1388 300 79 22 vore
1491 300 43 21 av
1559 288 65 31 den

131 360 61 36 art,
225 359 49 29 att
297 356 42 32 de
371 354 104 33 borde
507 354 119 31 kunna
653 352 67 32 tills
748 351 116 33 vidare
888 348 152 33 inställas
1065 347 79 33 eller
1168 347 11 31 i
1202 345 94 41 varje
1321 344 61 33 fall
1405 344 112 39 fortgå
1540 344 83 29 utan

131 410 185 32 understöd
341 420 43 21 av
408 407 203 33 statsmedel.
658 406 53 32 En
734 403 233 43 begränsning
991 413 42 21 av
1057 400 274 33 medelsbehovet
1355 399 20 30 å
1398 396 154 41 anslaget
1575 394 50 33 till

132 467 47 29 ett
210 464 134 41 belopp,
378 460 265 43 understigande
675 460 144 38 400,000
847 458 125 32 kronor
1000 455 109 33 skulle
1133 453 173 33 måhända
1328 452 199 40 härigenom
1553 449 73 32 visa

133 519 51 40 sig
208 518 120 40 möjlig
352 519 49 30 att
425 515 245 33 åstadkomma.

177 569 359 43 Departementschefen
573 568 62 32 har
669 567 125 32 erinrat
829 576 56 21 om
921 567 127 29 statens
1084 553 542 51 arbetsmarknadskommissions

134 625 108 32 under
269 624 155 42 punkten
452 619 105 43 180:0)
582 622 62 31 här
668 631 87 22 ovan
780 619 178 41 återgivna
982 615 176 34 uttalande
1182 614 143 33 rörande
1350 611 275 34 önskvärdheten

134 681 48 29 att
212 676 394 43 yrkesundervisningen
637 675 72 31 icke
737 673 86 32 blott
847 670 248 43 upprätthölles
1119 669 11 31 i
1154 667 132 33 normal
1311 665 209 41 omfattning
1542 666 83 29 utan

135 737 85 28 även
244 732 11 31 i
278 731 182 41 görligaste
485 731 79 30 mån
589 727 211 42 utvidgades.

180 821 250 32 Statskontoret
460 820 62 31 har
556 836 39 3 —
630 819 111 31 såsom
775 827 42 22 av
851 816 66 32 den
950 813 159 33 lämnade
1141 810 237 42 redogörelsen
1408 809 153 40 framgår
1584 823 43 4 —

134 876 187 40 ifrågasatt,
347 885 56 21 om
427 873 73 32 icke
520 872 90 33 vissa
627 882 42 21 av
686 871 40 32 de
743 870 180 41 kvinnliga
939 869 128 36 kurser,
1086 866 92 33 vilka
1193 866 53 31 för
1262 863 213 33 närvarande
1493 861 135 40 åtnjuta

135 928 184 33 understöd
344 929 78 30 från
446 925 223 33 förevarande
692 924 127 41 anslag,
846 928 57 27 äro
928 933 42 22 av
994 921 66 32 den
1085 925 61 33 art,
1171 922 47 29 att
1242 919 40 31 de
1306 917 104 33 borde
1426 917 118 31 kunna
1560 914 67 32 tills

135 982 116 33 vidare
274 981 154 32 inställas
453 980 78 32 eller
554 980 12 31 i
589 979 95 40 varje
704 978 61 31 fall
780 978 114 40 fortgå
911 979 82 29 utan
1010 973 185 33 understöd
1212 984 41 21 av
1270 970 206 34 statsmedel.
1511 968 117 33 Skulle

136 1036 101 38 detta,
271 1035 79 32 med
383 1035 133 40 hänsyn
550 1032 51 33 till
625 1032 66 32 den
723 1030 132 33 mindre
885 1027 258 35 framträdande
1167 1025 231 38 arbetslöshet,
1424 1034 72 21 som
1521 1021 108 41 enligt

135 1090 68 32 vad
226 1089 235 33 erfarenheten
486 1087 90 33 visar
599 1085 203 33 framträder
825 1083 105 33 bland
955 1083 65 31 den
1045 1080 178 41 kvinnliga
1246 1079 207 41 ungdomen,
1482 1076 69 32 låta
1578 1075 51 41 sig

136 1148 91 37 göra,
257 1142 60 33 vill
348 1142 163 32 utskottet
534 1157 43 4 —
602 1150 73 21 som
699 1139 72 32 icke
796 1148 99 22 anser
919 1136 53 41 sig
995 1136 82 31 böra
1100 1145 43 22 av
1167 1134 111 32 denna
1302 1131 187 40 anledning
1504 1129 125 32 föreslå

137 1208 41 21 en
202 1196 172 41 sänkning
397 1206 43 21 av
463 1194 153 41 anslaget
639 1210 43 4 —
706 1191 192 38 framhålla,
924 1193 49 29 att
997 1189 41 32 de
1062 1188 200 41 härigenom
1282 1184 193 43 disponibla
1492 1182 135 33 medlen

137 1261 101 31 synas
272 1250 81 31 böra
386 1260 42 21 av
461 1248 128 41 Kungl.
616 1246 97 41 Maj:t
744 1247 86 31 efter
855 1244 129 41 förslag
1007 1254 43 21 av
1075 1239 320 42 skolöverstyrelsen
1420 1238 62 32 och
1506 1236 123 33 arbets-

138 1302 453 34 marknadskommissionen
626 1300 175 33 användas
833 1299 10 31 i
873 1299 88 40 syfte
992 1300 49 29 att
1069 1306 124 32 genom
1218 1294 108 32 andra
1350 1292 72 41 slag
1445 1302 42 22 av
1512 1291 119 32 kurser

138 1357 189 33 motarbeta
350 1354 455 43 ungdomsarbetslösheten.

183 1411 173 32 Utskottet
379 1408 195 33 hemställer
598 1408 107 37 alltså,

502 1465 49 29 att
575 1461 180 40 riksdagen
779 1461 58 30 må

502 1513 30 42 a)
556 1514 169 41 medgiva,
743 1516 49 29 att
809 1511 128 41 Kungl.
955 1511 99 40 Maj:t
1071 1511 57 30 må
1144 1509 108 32 under
1269 1507 199 41 budgetåret
1486 1501 145 41 1941/42

459 1569 127 40 bevilja
611 1567 185 32 understöd
813 1568 34 30 åt
864 1565 155 33 enskilda
1036 1563 161 33 anstalter
1212 1564 53 30 för
1281 1558 352 45 yrkesundervisning

459 1622 78 33 med
562 1622 142 40 tillhopa
727 1621 147 37 415,000
898 1619 139 37 kronor;

503 1674 32 42 b)
559 1675 50 33 till
635 1674 218 33 Kommunala
877 1673 54 32 och
955 1671 148 33 enskilda
1127 1670 159 32 anstalter
1301 1668 60 42 för
1375 1667 258 42 yrkesundervis-

459 1731 97 40 ning:
596 1729 180 33 Understöd
809 1730 35 29 åt
877 1727 147 32 enskilda
1048 1725 159 32 anstalter
1223 1723 58 41 för
1303 1720 329 44 yrkesundervisning

460 1786 53 30 för
536 1783 199 41 budgetåret
761 1777 145 42 1941/42
931 1780 120 32 anvisa
1075 1781 46 30 ett
1139 1777 260 42 förslagsanslag
1424 1786 41 22 av
1489 1775 144 38 415,000

461 1838 133 31 kronor.

188 1960 105 43 183:o0)
318 1960 260 34 Kommunala
610 1959 74 32 och
707 1957 181 33 enskilda
913 1955 194 33 anstalter
1130 1954 62 32 för
1211 1947 422 51 yrkesundervisning:

142 2016 224 41 Stipendier
389 2014 41 33 åt
454 2013 252 33 obemedlade
730 2012 74 32 och
820 2010 150 33 mindre
986 2008 229 33 bemedlade
1232 2007 132 32 elever
1378 2006 66 32 vid
1460 2006 174 31 kommu-

141 2070 90 33 nala
262 2070 75 32 och
368 2068 180 33 enskilda
577 2066 192 32 anstalter
794 2065 63 31 för
880 2061 419 44 yrkesundervisning.
1345 2060 15 32 I
1385 2060 148 41 enlighet
1557 2059 77 32 med

142 2125 127 40 Kungl.
295 2124 117 40 Maj:ts
436 2122 126 41 förslag
585 2119 122 43 (punkt
733 2121 73 37 182,
825 2119 60 31 sid.
904 2119 64 31 306
986 2117 63 32 och
1067 2113 85 43 307),
1170 2116 104 32 vilket
1290 2114 142 33 innebär
1448 2113 187 33 anvisande

142 2189 42 22 av
209 2188 132 21 samma
364 2175 261 42 anslagsbelopp
650 2185 70 20 som
739 2174 53 31 för
809 2170 231 34 innevarande
1057 2170 173 40 budgetår,
1248 2167 196 33 hemställer
1461 2167 173 37 utskottet,

507 2232 48 28 att
578 2228 181 39 riksdagen
783 2228 57 29 må
864 2225 50 32 till
938 2224 218 32 Kommunala
1179 2223 53 31 och
1249 2222 147 31 enskilda
1412 2220 224 40 anstalter
1585 2216 53 55 för

462 2280 347 42 yrkesundervisning:
836 2278 187 40 Stipendier
1042 2279 34 28 åt
1092 2276 197 31 obemedlade
1305 2275 54 31 och
1375 2274 127 31 mindre
1519 2274 116 31 bemed-

464 2335 71 31 lade
567 2334 99 31 elever
689 2333 55 31 vid
777 2331 204 32 kommunala
1014 2330 54 31 och
1101 2328 147 32 enskilda
1277 2327 158 32 anstalter
1451 2326 59 40 för
1532 2326 103 40 yrkes-

463 2387 233 39 undervisning
721 2387 53 30 för
798 2385 201 40 budgetåret
1025 2379 143 40 1941/42
1185 2381 118 32 anvisa
1320 2383 46 29 ett
1375 2379 261 41 förslagsanslag

464 2452 40 21 av
531 2441 143 37 730,000
698 2440 135 30 kronor.

1686 810 140 28 Utskottet.
