1916 2816
554 168 297 36 Statsutskottets
869 168 186 35 utlåtande
1074 168 56 34 Nr
1148 171 33 31 8.
1573 169 42 31 33

113 252 119 32 sendet
265 252 63 31 och
362 255 49 28 att
443 253 80 30 ernå
557 262 40 20 en
632 262 40 20 ur
705 251 90 31 olika
828 250 212 41 synpunkter
1073 249 313 32 tilltfredsställande
1419 249 198 41 avvägning

114 306 125 32 mellan
272 306 40 31 de
337 305 111 32 skilda
471 305 197 31 intressena.
694 304 67 32 Vid
785 303 306 41 förhandlingarna
1115 303 103 31 borde
1243 307 86 27 även
1354 302 92 32 vissa
1462 313 42 21 av
1524 305 94 29 stats-

114 360 156 31 kontoret
295 358 212 33 beträffande
530 358 174 31 allmänna
721 357 289 32 barnbördshuset
1028 356 187 32 framförda
1241 356 213 41 synpunkter
1478 355 140 32 komma

117 413 109 32 under
259 412 245 41 övervägande.
536 411 384 42 Departementechefen
945 410 87 32 hade
1049 410 57 32 vid
1132 410 92 31 detta
1257 409 135 31 tillfälle
1426 414 109 27 ansett
1568 409 52 41 sig

113 467 75 32 icke
222 467 81 31 böra
336 466 81 40 ingå
450 467 43 39 på
528 466 121 40 frågan
684 476 55 20 om
774 464 217 42 uppsägning
1024 474 41 22 av
1091 464 40 31 de
1156 463 142 32 rörande
1323 463 173 31 allmänna
1520 462 97 33 barn-

115 520 205 32 bördshuset
353 520 144 32 träffade
529 519 136 32 avtalen
702 530 76 20 men
804 520 111 39 utgått
939 519 75 30 från
1036 520 48 29 att
1104 517 269 32 kommissionen
1398 516 107 32 skulle
1528 517 91 32 hava

114 575 54 30 sin
193 573 306 42 uppmärksamhet
523 572 110 32 riktad
658 574 44 40 på
726 572 92 32 detta
842 571 177 42 spörsmål.

159 647 70 31 När
261 645 377 42 departementschefen
667 647 71 28 mot
761 643 222 41 bakgrunden
1009 643 106 31 härav
1139 642 108 32 skulle
1272 641 146 32 bedöma
1442 641 174 32 allmänna

113 691 309 32 barnbördshusets
456 689 310 41 anslagsäskanden
802 690 53 30 för
891 688 199 41 budgetåret
1129 684 154 41 1941/42,
1319 686 212 32 framställde
1564 686 52 41 sig

115 738 85 30 först
224 737 131 40 frågan,
382 746 54 21 om
462 735 55 31 det
534 745 79 21 vore
630 733 156 41 lämpligt
802 737 59 34 att,
879 733 104 31 innan
1002 732 324 40 förhandlingarnas
1344 731 140 32 resultat
1500 731 115 31 kunde

114 780 220 39 överblickas,
366 779 182 33 verkställa
576 778 185 41 utredning
784 778 143 32 rörande
950 776 309 33 barnbördshusets
1283 775 333 32 lokalförhållanden

114 826 80 32 eller
226 826 193 41 igångsätta
450 824 318 41 byggnadsarbeten
805 823 57 32 vid
896 822 177 32 anstalten.
1105 821 199 32 Emellertid
1329 831 79 21 vore
1432 821 56 31 det
1511 820 103 41 givet,

114 875 50 28 att
184 871 65 31 den
271 869 183 43 planerade
471 875 188 34 översynen
679 879 41 21 av
740 868 64 32 den
821 867 262 41 ifrågavarande
1100 866 424 41 sjukhusorganisationen
1541 865 75 32 icke

113 916 105 32 borde
251 915 10 32 i
295 915 63 32 och
392 916 54 30 för
478 914 51 41 sig
557 913 148 32 utesluta
728 912 223 41 vidtagandet
975 923 41 22 av
1041 911 128 32 sådana
1193 911 167 41 åtgärder,
1386 921 71 21 som
1483 911 10 30 i
1517 910 97 32 barn-

114 960 221 33 bördshusets
360 959 198 32 nuvarande
582 958 218 33 verksamhet
823 957 187 32 framstode
1035 967 73 21 som
1134 955 210 33 omedelbart
1368 955 200 41 angelägna.

159 1014 76 32 Vad
260 1012 187 34 beträffade
471 1012 161 41 förslaget
656 1023 55 20 om
736 1011 186 32 anvisande
946 1021 42 21 av
1013 1009 111 32 medel
1148 1009 49 32 till
1222 1009 215 32 bestridande
1462 1019 41 21 av
1527 1008 87 32 kost-

114 1059 151 32 naderna
296 1060 54 30 för
374 1069 41 21 en
440 1057 198 41 preliminär
661 1056 183 41 utredning
860 1055 143 32 rörande
1021 1054 308 32 barnbördshusets
1346 1053 147 32 aktuella
1511 1053 102 41 bygg-

113 1104 212 41 nadsfrågor,
351 1113 80 22 vore
455 1102 56 32 det
535 1101 268 42 uppenbarligen
827 1104 47 28 ett
898 1099 176 32 önskemål
1099 1102 58 35 att,
1183 1099 111 31 därest
1318 1098 165 32 anstalten
1505 1098 110 32 under

112 1148 228 33 oförändrade
372 1148 128 31 former
532 1146 108 32 skulle
664 1147 156 31 fortsätta
844 1146 52 31 sin
921 1144 228 38 verksamhet,
1174 1143 126 32 erhålla
1324 1154 40 21 en
1390 1143 225 41 uppfattning

114 1206 56 20 om
196 1193 264 41 möjligheterna
483 1194 48 29 att
547 1191 158 32 anskaffa
723 1189 290 41 ändamålsenliga
1030 1189 128 31 lokaler
1175 1190 52 30 för
1244 1188 290 32 barnbördshuset
1550 1188 62 31 och

114 1251 56 20 om
196 1238 228 32 kostnaderna
449 1237 124 31 härför.
600 1235 383 42 Departementschefen
1000 1234 79 32 ville
1097 1234 116 31 därför
1229 1233 135 32 förorda
1383 1232 230 33 direktionens

114 1283 257 40 framställning
395 1293 56 21 om
476 1281 186 32 anvisande
686 1292 41 20 av
753 1280 110 32 medel
888 1279 49 32 till
962 1291 41 20 en
1028 1278 196 42 preliminär
1244 1277 184 42 utredning
1443 1289 41 20 av
1502 1278 113 31 denna

114 1332 61 29 art.
210 1328 46 32 På
290 1339 42 21 av
366 1325 376 34 universitetskanslern
776 1325 146 32 anförda
955 1324 71 32 skäl
1050 1323 105 32 borde
1179 1323 225 40 utredningen
1430 1322 10 31 i
1465 1322 150 41 enlighet

115 1373 78 32 med
213 1373 231 32 direktionens
461 1375 74 37 eget
551 1371 130 41 förslag
697 1381 77 21 avse
791 1370 120 32 endast
926 1380 42 20 en
985 1368 270 41 modernisering
1271 1378 42 22 av
1331 1368 66 31 den
1415 1367 199 32 nuvarande

114 1418 179 37 anstalten,
319 1417 121 32 varvid
464 1416 85 32 dock
575 1416 95 31 torde
694 1415 81 32 böra
798 1414 220 38 undersökas,
1043 1424 55 21 om
1123 1413 10 31 1
1159 1412 166 32 samband
1350 1412 76 32 med
1452 1423 40 20 en
1518 1412 95 40 dylik

114 1462 271 41 modernisering
409 1472 40 21 en
474 1460 214 41 tillbyggnad
712 1471 41 20 av
778 1459 167 32 anstalten
971 1459 52 30 för
1047 1457 131 40 ökning
1201 1468 41 21 av
1260 1456 127 32 antalet
1404 1456 211 41 vårdplatser

113 1507 186 42 lämpligen
325 1506 104 32 borde
454 1506 61 31 och
541 1504 115 32 kunde
680 1505 67 31 ske.
775 1503 238 32 Kostnaderna
1036 1502 95 32 torde
1156 1501 79 32 böra
1262 1501 200 41 uppskattas
1487 1501 49 31 till
1557 1501 56 32 det

114 1564 43 21 av
181 1552 212 32 direktionen
417 1550 125 32 äskade
567 1549 167 41 beloppet,
754 1550 119 37 10,000
890 1549 132 35 kronor,
1040 1558 43 21 av
1099 1546 105 32 vilket
1220 1549 109 29 staten
1346 1545 104 32 borde
1467 1545 147 32 bestrida

114 1599 100 37 8,000
239 1597 124 32 kronor
382 1595 63 32 och
463 1594 214 32 Stockholms
694 1594 72 31 läns
783 1593 174 40 landsting
973 1592 105 41 enligt
1095 1591 167 40 åtagande
1280 1592 99 36 2,000
1397 1591 131 31 kronor.
1548 1590 66 31 För

113 1641 214 34 närvarande
350 1641 94 31 torde
461 1640 72 32 icke
550 1639 82 32 böra
649 1638 177 42 påfordras
844 1637 119 41 bidrag
980 1638 52 30 för
1048 1636 195 32 ändamålet
1258 1635 131 40 jämväl
1406 1636 75 30 från
1499 1635 114 32 Stock-

115 1687 111 32 holms
251 1686 84 32 stad.

160 1741 239 32 Direktionens
423 1738 183 41 utredning
629 1737 88 31 hade
741 1739 177 38 övertygat
942 1734 374 42 departementschefen
1338 1744 55 21 om
1410 1733 145 32 behovet
1571 1744 42 22 av

114 1797 42 21 en
181 1784 206 40 förbättring
410 1794 41 21 av
476 1781 400 34 bostadsförhållandena
900 1781 53 31 för
969 1779 259 32 underläkarna.
1256 1779 73 31 Den
1347 1778 200 32 alternativa
1564 1782 48 27 ut-

114 1836 77 35 väg,
225 1841 72 20 som
331 1828 96 32 stode
460 1828 212 31 direktionen
703 1831 121 36 öppen,
850 1825 172 41 nämligen
1047 1828 50 28 att
1119 1824 74 31 icke
1219 1823 107 32 tillåta
1350 1823 40 32 de
1414 1823 199 31 nuvarande

113 1875 190 32 lokalernas
327 1873 223 39 användning
569 1883 72 20 som
659 1870 300 41 familjebostäder,
977 1869 177 32 medförde
1171 1880 40 20 en
1229 1868 147 40 höjning
1391 1878 42 21 av
1451 1868 40 31 de
1507 1867 106 40 årliga

115 1919 228 32 kostnaderna
377 1919 52 30 för
461 1917 197 40 sjukhusets
691 1915 83 32 drift
806 1915 62 31 och
902 1913 291 32 svårbemästrade
1218 1912 216 40 olägenheter
1457 1912 10 30 i
1492 1912 119 40 övrigt.

116 1964 78 32 Med
227 1964 134 39 hänsyn
394 1961 114 32 härtill
540 1961 63 31 och
637 1960 44 31 då
719 1959 228 32 kostnaderna
979 1959 53 31 för
1067 1958 41 31 de
1147 1957 199 40 ifrågasatta
1384 1956 229 41 byggnadsar-

114 2009 122 32 betena
268 2018 80 22 vore
380 2005 249 42 jämförelsevis
661 2003 218 42 begränsade,
914 2006 112 37 syntes
1060 2002 98 32 dessa
1191 2001 136 32 arbeten
1361 2000 82 32 böra
1474 2001 140 31 komma

115 2054 49 31 till
197 2052 182 32 utförande
413 2056 80 26 utan
523 2049 166 32 samband
715 2049 76 32 med
816 2049 41 31 de
881 2059 72 20 mer
976 2046 212 32 omfattande
1214 2045 315 41 byggnadsarbeten
1555 2046 58 31 vid

115 2099 175 31 allmänna
323 2095 297 37 barnbördshuset,
654 2094 90 31 vilka
768 2094 105 39 enligt
897 2093 228 31 direktionens
1152 2091 138 40 mening
1314 2090 222 31 erfordrades.
1563 2090 50 31 De

115 2142 194 42 uppgjorda
333 2139 438 40 kostnadsberäkningarna
795 2138 61 31 och
882 2136 392 42 byggnadsritningarna
1292 2135 94 31 torde
1404 2135 8 30 i
1431 2134 182 32 huvudsak

116 2189 118 30 kunna
255 2186 210 40 godkännas.
493 2183 381 41 Departementschefen
900 2182 86 31 hade
1011 2182 115 30 därför
1143 2180 71 31 icke
1231 2181 104 39 något
1351 2182 49 28 att
1416 2179 110 31 erinra
1542 2182 73 29 mot

116 2232 232 31 direktionens
374 2229 135 40 förslag,
532 2232 48 27 att
601 2227 103 32 bland
727 2228 185 39 utgifterna
936 2227 52 30 för
1012 2225 223 40 fastighetens
1252 2223 178 32 underhåll
1449 2224 51 30 för
1517 2227 97 28 nästa

116 2276 165 40 budgetår
314 2274 50 31 till
398 2274 91 30 detta
522 2272 159 31 ändamål
715 2271 204 31 inräknades
951 2272 121 35 47,665
1106 2270 132 30 kronor.
1265 2268 348 40 Byggnadsstyrelsen

116 2320 89 32 hade
230 2321 66 29 fäst
321 2317 346 41 uppmärksamheten
694 2317 43 39 på
753 2319 45 27 att
818 2313 395 39 kostnadsberäkningen
1232 2312 167 31 hänförde
1416 2312 51 39 sig
1483 2312 48 31 till
1548 2312 64 30 den

117 2366 8 30 i
152 2364 134 40 augusti
314 2364 84 30 1939
425 2361 147 31 rådande
597 2360 185 41 prisnivån.
810 2360 51 31 Då
886 2358 183 32 emellertid
1096 2357 211 31 direktionen
1334 2356 7 30 i
1367 2356 73 31 sina
1464 2367 46 20 nu
1531 2357 83 30 före-

118 2408 157 41 liggande
309 2405 310 40 anslagsäskanden
653 2405 72 30 icke
750 2405 175 39 ifrågasatt
949 2405 111 38 någon
1087 2401 205 39 omräkning
1316 2411 41 20 av
1385 2400 230 31 kostnadskal-

117 2454 150 40 kylerna,
296 2451 93 31 torde
416 2451 55 30 det
496 2451 35 30 få
559 2451 205 36 förutsättas,
791 2452 48 27 att
865 2447 227 32 kostnaderna
1118 2446 113 31 kunde
1254 2445 108 31 hållas
1386 2445 90 30 inom
1501 2445 113 31 denna

117 2510 83 19 ram.

163 2559 111 32 Bihang
296 2558 43 25 till
359 2557 160 31 riksdagens
537 2555 136 33 protokoll
698 2556 71 24 1941.
808 2556 16 22 6
844 2554 79 25 saml.
960 2553 42 26 Nr
1021 2555 24 23 8.
1561 2551 16 23 3
