1908 2818
550 161 296 35 Statsutskottets
866 162 186 34 utlåtande
1072 162 55 34 Nr
1147 164 33 32 8.
1572 165 39 30 77

118 254 47 30 ny
190 244 151 40 praktisk
366 243 225 32 mellanskola
615 243 178 32 föranledd
818 244 283 40 anslagshöjning
1117 243 79 32 med
1213 244 143 37 450,000
1373 244 134 39 kronor,
1524 247 91 28 hem-

116 297 115 32 ställer
255 297 172 38 utskottet,

482 353 48 28 att
563 350 182 41 riksdagen
779 351 55 30 må
867 350 51 31 till
951 350 218 32 Kommunala
1203 350 160 32 läroverk:
1396 350 132 41 Bidrag
1562 351 51 31 till

433 404 176 41 praktiska
633 404 222 32 mellanskolor
879 405 54 30 för
956 403 200 42 budgetåret
1184 400 142 41 1941/42
1344 404 121 32 anvisa
1481 407 47 29 ett
1543 404 69 41 för-

436 458 205 40 slagsanslag
666 468 42 21 av
734 458 177 38 2,150,000
935 458 134 31 kronor.

163 563 106 43 125:0)
299 565 336 32 Privatläroverk:
675 564 147 41 Bidrag
860 564 63 32 till
960 564 125 41 högre
1120 573 113 31 goss-
1269 564 73 32 och
1378 564 233 33 samskolor.

114 618 335 33 Privatläroverk:
486 618 147 41 Bidrag
667 618 62 32 till
756 618 125 40 högre
904 617 240 33 flickskolor.
1191 617 334 34 Privatläroverk:
1549 619 62 31 Bi-

115 672 100 40 drag
250 672 61 32 till
339 672 182 32 enskilda
544 671 293 33 mellanskolor.
884 672 216 32 Beträffande
1125 671 66 33 vad
1216 671 127 42 Kungl.
1369 672 99 40 Maj:t
1491 671 121 42 (punkt

118 725 73 41 124)
225 726 177 41 föreslagit
430 725 182 42 riksdagen
638 726 10 31 i
673 727 96 40 fråga
794 736 55 21 om
875 725 119 41 anslag
1018 725 48 31 till
1091 725 224 32 förevarande
1339 726 161 31 ändamål
1524 726 89 41 avgi-

114 791 60 21 ver
198 780 162 31 utskottet
384 790 118 22 senare
527 780 107 31 under
658 779 181 41 riksdagen
863 778 185 40 utlåtande,
1074 779 105 32 vilket
1202 779 140 32 härmed

480 833 161 32 anmäles.

163 929 105 43 126:0)
298 931 335 32 Privatläroverk:
669 931 147 40 Bidrag
839 930 63 32 till
937 930 350 41 Höglandsskolan
1320 930 14 32 i
1371 930 239 33 Stockholm.

114 984 336 33 Privatläroverk:
486 984 147 41 Bidrag
668 984 62 32 till
765 984 235 32 Olofskolan
1030 984 13 31 i
1074 983 238 33 Stockholm.
1359 984 128 41 Kungl.
1513 985 98 40 Maj:t

114 1039 63 31 har
211 1036 122 43 (punkt
360 1039 73 38 125,
469 1039 60 31 sid.
560 1035 188 43 213—216)
773 1038 175 41 föreslagit
972 1038 181 39 riksdagen
1178 1040 49 29 att
1250 1038 49 31 till
1323 1038 284 32 Privatläroverk:

115 1092 127 41 Bidrag
277 1092 49 32 till
361 1091 303 42 Höglandsskolan
687 1092 11 31 i
723 1091 195 32 Stockholm
949 1092 54 31 för
1026 1091 200 41 budgetåret
1253 1088 143 41 1941/42
1422 1092 116 32 anvisa
1563 1095 47 28 ett

113 1145 121 42 anslag
256 1156 42 22 av
322 1146 99 38 5,000
445 1146 133 31 kronor.

158 1200 17 31 I
208 1199 164 32 samband
397 1199 143 32 härmed
564 1199 62 31 har
650 1199 165 31 utskottet
838 1198 51 32 till
913 1198 211 41 behandling
1147 1198 150 32 förehaft
1321 1209 42 21 en
1386 1198 95 31 inom
1505 1199 106 31 första

114 1253 200 32 kammaren
343 1264 42 21 av
410 1253 78 31 herr
511 1253 40 31 RB.
577 1252 190 32 Lindström
790 1252 102 32 väckt
916 1252 129 32 motion
1070 1250 36 41 (I:
1128 1249 83 43 143),
1238 1252 71 32 vari
1332 1251 205 39 hemställes,
1562 1255 49 28 att

114 1306 182 41 riksdagen
320 1308 105 30 måtte
447 1306 131 32 besluta
595 1309 47 28 att
659 1307 54 30 för
729 1305 200 41 budgetåret
949 1302 142 40 1941/42
1109 1305 127 40 bevilja
1253 1305 200 32 Olofskolan
1470 1305 10 31 i
1497 1305 112 32 Stock-

114 1360 95 32 holm
233 1363 47 28 ett
303 1360 119 40 anslag
445 1370 43 22 av
514 1360 119 38 70,000
657 1360 134 31 kronor.

509 1456 384 42 Höglandsskolan
918 1456 10 31 i
954 1455 263 33 Stockholm.

159 1529 52 32 Av
236 1528 365 41 statsrådsprotokollet
625 1528 171 31 inhämtas
821 1530 49 29 att
892 1527 161 40 stiftelsen
1078 1528 284 39 Höglandsskolan
1386 1527 144 32 anhållit
1552 1538 55 20 om

112 1585 49 29 ett
183 1581 120 41 anslag
326 1592 42 22 av
395 1582 119 37 18,000
538 1581 134 32 kronor.

159 1643 172 32 Stiftelsen
355 1643 270 32 konstituerades
650 1645 36 29 år
712 1644 81 30 1931
820 1642 79 32 med
923 1642 159 32 ändamål
1107 1645 48 28 att
1179 1642 114 32 vidare
1318 1642 157 32 utveckla
1499 1654 40 20 en
1565 1642 43 32 då

113 1688 153 41 befintlig
290 1688 94 32 skola
409 1699 41 21 av
476 1689 42 30 fri
543 1688 172 41 studietyp
740 1688 10 31 i
775 1688 161 31 Bromma
960 1687 204 41 församling
1187 1687 9 31 i
1222 1687 207 32 Stockholm.
1465 1687 142 32 Skolans

113 1733 139 41 uppgilt
286 1733 141 41 angives
461 1744 81 21 vara
576 1736 48 28 att
648 1733 93 31 inom
767 1744 40 20 en
832 1732 351 41 organisationsform,
1210 1743 71 20 som
1307 1732 9 31 i
1341 1732 60 31 allt
1425 1733 183 40 väsentligt

112 1778 152 32 ansluter
296 1778 50 40 sig
378 1777 52 31 till
454 1778 124 31 svensk
603 1777 246 38 skoltradition,
875 1777 83 31 söka
981 1777 155 41 tillämpa
1160 1788 103 29 nyare
1288 1777 231 40 pedagogiska
1542 1788 64 20 me-

113 1823 96 31 toder
244 1823 61 31 och
339 1822 250 32 arbetsformer.
638 1823 128 31 Därvid
801 1823 217 30 eftersträvas
1047 1821 276 40 förverkligande
1348 1833 41 20 av
1415 1825 46 27 ett
1484 1821 122 32 arbets-

112 1867 253 41 skoleprogram
389 1878 125 29 genom
539 1870 48 28 att
610 1867 9 30 1
645 1867 289 40 undervisningen
952 1867 213 39 tillvarataga
1182 1866 237 41 lärjungarnas
1437 1866 169 41 naturliga

113 1911 305 32 verksamhetslust
439 1912 62 31 och
521 1911 75 32 leda
613 1911 75 32 dem
708 1915 48 27 att
772 1913 43 39 på
832 1921 84 30 egen
934 1911 91 31 hand
1043 1914 78 37 taga
1137 1911 49 30 itu
1206 1911 74 31 med
1298 1911 306 40 skoluppgifterna.

114 1957 49 31 De
188 1956 229 41 pedagogiska
442 1956 197 31 metoderna
663 1966 78 21 avse
765 1955 102 32 bland
893 1959 105 27 annat
1022 1955 200 32 individuell
1247 1955 257 40 undervisning,
1522 1966 84 20 sam-

113 2001 55 31 lad
203 2000 180 40 arbetsdag
407 2001 63 31 och
496 2000 255 41 undervisning,
776 2000 202 40 minskning
1002 2010 41 20 av
1067 1999 234 40 läxläsningen
1326 2003 89 27 samt
1440 2000 166 40 praktiskt

112 2046 113 31 arbete
250 2046 62 31 och
336 2045 187 32 friluftsliv.
556 2045 274 40 Planmässighet
853 2045 63 30 och
941 2044 145 40 ordning
1111 2043 96 32 skola
1230 2044 84 31 dock
1338 2044 179 40 iakttagas,
1543 2045 62 31 och

113 2091 252 31 lärokursernas
399 2090 193 40 anordning
616 2090 84 31 skall
726 2090 202 40 möjliggöra
954 2090 52 30 för
1029 2089 155 32 eleverna
1208 2092 47 28 att
1279 2091 124 39 övergå
1427 2089 50 31 till
1501 2090 105 30 andra

113 2135 242 31 läroanstalter.

159 2179 124 32 Skolan
320 2184 36 26 är
391 2179 216 40 organiserad
644 2180 111 30 såsom
784 2178 181 32 samskola.
1013 2178 47 30 På
1083 2188 41 20 en
1150 2177 246 31 förberedande
1421 2178 185 40 avdelning

113 2224 77 31 med
227 2225 72 38 fyra
324 2223 193 38 årsklasser,
542 2223 238 31 motsvarande
804 2222 211 32 folkskolans
1043 2224 73 38 fyra
1140 2223 106 30 första
1270 2222 137 38 klasser,
1432 2227 36 26 är
1493 2223 112 40 byggd

113 2279 40 20 en
189 2268 137 39 sjuårig,
352 2268 206 30 examensfri
583 2267 92 39 linje,
701 2278 71 20 som
798 2267 84 31 skall
909 2266 155 31 meddela
1087 2277 40 19 en
1153 2266 66 40 god
1244 2266 125 31 allmän
1395 2267 210 39 medborger-

114 2312 46 40 lig
184 2312 166 39 bildning,
376 2311 138 41 lämpad
540 2312 52 30 för
617 2312 132 30 utträde
774 2311 7 30 i
805 2311 153 41 praktisk
977 2310 216 31 verksamhet
1210 2309 78 32 eller
1305 2311 157 30 fortsatta
1479 2311 127 31 studier

113 2357 57 31 vid
196 2355 238 41 specialskolor
459 2356 60 30 och
545 2356 203 40 gymnasier.
775 2356 11 30 I
814 2358 84 28 stort
922 2359 64 27 sett
1009 2360 56 25 äro
1091 2355 163 30 kurserna
1278 2356 37 29 så
1338 2354 111 40 lagda,
1474 2358 49 28 att
1546 2355 58 31 lär-

113 2402 171 39 jungarna
308 2400 174 39 bibringas
508 2403 45 28 ett
577 2400 274 40 kunskapsmått,
877 2399 239 31 motsvarande
1141 2399 56 31 det
1220 2410 70 19 som
1318 2399 174 31 meddelas
1512 2399 9 31 i
1539 2400 65 39 sju-

112 2446 73 38 årig
221 2445 101 39 högre
355 2444 176 31 flickskola
555 2445 75 30 med
657 2456 24 19 s.
708 2445 30 30 k.
766 2444 437 40 normalskolekompetens.
1251 2445 129 29 Genom
1407 2444 108 30 beslut
1539 2444 63 31 den

118 2492 38 30 19
193 2489 133 40 augusti
366 2490 84 30 1938
485 2489 60 31 har
574 2489 127 40 Kungl.
728 2489 96 40 Maj:t
849 2488 174 40 medgivit,
1048 2491 48 28 att
1120 2488 118 31 skolan
1264 2489 55 30 må
1343 2488 109 31 under
1475 2488 128 32 läsåren
