1918 2812
568 156 295 34 Statsutskottets
882 155 186 36 utlåtande
1088 156 54 35 Nr
1160 158 33 32 8.
1585 158 37 32 31

180 237 132 33 Genom
327 236 108 34 beslut
448 237 64 32 den
531 238 38 31 15
583 237 190 40 september
788 238 83 31 1939
890 238 86 31 hade
990 237 126 41 Kungl.
1132 238 97 39 Maj:t
1241 237 165 32 anbefallt
1419 238 210 32 direktionen

137 286 78 27 över
248 281 173 32 allmänna
455 281 287 33 barnbördshuset
767 285 48 28 att
839 282 95 31 träda
957 282 10 31 i
992 282 261 40 förhandlingar
1277 282 77 31 med
1379 282 251 32 stadsfullmäk-

136 326 67 41 tige
239 326 10 31 i
286 326 197 32 Stockholm
520 326 63 32 och
619 326 215 33 Stockholms
867 327 73 31 läns
976 326 175 41 landsting
1186 327 177 41 angående
1394 327 236 41 fördelningen

137 371 124 32 mellan
296 374 118 35 staten,
447 371 214 31 Stockholms
686 371 74 32 stad
786 371 63 32 och
874 371 215 32 Stockholms
1114 371 55 33 län
1194 383 41 21 av
1261 372 228 31 kostnaderna
1513 373 54 30 för
1590 383 40 21 en

136 416 198 41 preliminär
360 416 182 40 utredning
567 416 141 31 rörande
733 416 72 32 dels
834 417 269 41 modernisering
1125 427 45 21 av
1197 417 308 31 barnbördshusets
1530 428 102 21 nuva-

137 461 103 32 rande
266 461 170 40 byggnad,
462 461 72 31 dels
565 461 60 31 ock
651 461 215 41 uppförande
892 472 41 21 av
960 473 40 20 en
1030 461 209 41 nybyggnad
1264 462 54 31 för
1343 461 288 34 barnbördshuset

137 508 19 30 å
179 516 115 21 annan
319 506 86 40 plats
430 511 42 26 än
498 506 65 31 den
588 506 198 32 nuvarande
811 506 62 32 och
891 506 127 32 sådana
1035 506 228 42 provisoriska
1279 506 242 41 förbättringar
1538 507 92 31 inom

138 551 63 31 den
226 551 199 32 nuvarande
448 550 214 42 byggnaden,
688 562 72 21 som
787 553 141 39 ansåges
953 551 80 32 böra
1057 552 153 40 vidtagas
1227 551 10 32 i
1254 552 171 32 avvaktan
1450 553 44 40 på
1518 555 49 29 att
1590 563 40 20 en

138 595 209 42 nybyggnad
372 596 112 31 kunde
509 600 95 36 tagas
627 596 10 31 i
662 596 96 31 bruk.

183 641 112 32 Sedan
329 640 211 32 direktionen
575 641 76 32 med
675 641 187 40 anledning
885 641 106 32 härav
1014 641 62 31 hos
1100 640 310 42 stadsfullmäktige
1435 641 63 31 och
1522 641 109 31 lands-

138 686 108 39 tinget
281 685 182 38 hemställt,
499 689 50 28 att
584 685 117 32 staden
737 686 191 40 respektive
953 685 91 32 länet
1069 687 103 30 måtte
1195 685 150 32 förklara
1369 686 50 40 sig
1443 685 117 42 villiga
1584 688 48 29 att

138 730 140 41 bidraga
303 730 51 31 till
379 731 226 31 förenämnda
628 730 193 38 kostnader,
846 730 227 41 uppskattade
1098 730 49 32 till
1171 731 160 40 omkring
1358 732 117 36 10,000
1496 731 134 37 kronor,

138 776 84 31 efter
253 775 41 32 de
318 775 156 40 grunder,
500 786 73 21 som
597 775 110 41 gällde
732 775 106 40 enligt
861 775 125 32 avtalet
1009 775 176 41 angående
1209 775 305 36 barnbördshusets
1540 775 90 38 drift,

139 820 86 31 bade
248 820 224 41 landstingets
497 820 359 40 förvaltningsutskott
879 822 20 29 å
923 820 224 41 landstingets
1172 825 130 35 vägnar
1325 821 104 30 utfäst
1446 819 120 42 bidrag
1583 820 48 31 till

139 864 226 41 utredningen
390 865 105 41 enligt
519 865 65 32 den
609 864 193 42 föreslagna
826 864 373 41 beräkningsgrunden,
1218 864 124 33 medan
1360 865 153 31 däremot
1530 865 102 31 stads-

139 910 216 40 fullmäktige
379 909 129 32 lämnat
533 910 296 41 framställningen
853 913 81 28 utan
960 909 106 32 bifall.
1095 909 65 32 Vid
1184 910 122 31 sådant
1330 909 215 32 förhållande
1570 910 60 31 och

140 955 42 31 då
218 955 56 31 det
309 965 42 21 av
386 955 209 41 landstinget
629 956 127 30 utfästa
786 954 152 41 bidraget
962 954 106 40 enligt
1092 954 64 32 den
1181 954 198 42 tillämpade
1402 955 157 40 grunden
1584 958 47 28 ut-

139 1000 118 41 gjorde
283 1000 87 38 20,05
395 1003 139 37 procent
558 1011 42 21 av
624 999 274 38 totalkostnaden
922 998 80 33 eller
1026 1000 98 37 2,050
1148 999 134 39 kronor,
1300 999 211 32 erfordrades
1529 999 103 41 enligt

140 1044 213 32 direktionen
376 1055 41 21 av
441 1044 195 33 statsmedel
660 1047 46 29 ett
729 1044 124 41 belopp
877 1054 42 26 av
944 1044 160 40 omkring
1128 1045 97 37 8,000
1249 1044 133 31 kronor.

184 1151 168 31 Kanslern
369 1150 58 41 för
450 1150 101 32 rikets
573 1150 191 32 universitet
786 1150 62 31 har
871 1150 78 31 med
966 1150 133 40 hänsyn
1117 1149 48 32 till
1184 1150 55 31 det
1255 1149 274 32 statsfinansiella
1545 1149 88 41 läget

141 1199 109 28 ansett
274 1194 349 42 nybyggnadsfrågan
647 1195 82 32 böra
753 1195 131 41 skjutas
908 1196 35 30 åt
966 1194 98 33 sidan
1089 1194 62 32 och
1171 1194 63 32 den
1253 1194 147 41 begärda
1416 1194 218 42 preliminära

141 1240 226 41 utredningen
399 1240 183 41 begränsas
609 1239 49 32 till
683 1251 41 20 en
749 1239 269 42 modernisering
1042 1250 42 22 av
1107 1239 305 32 barnbördshusets
1436 1239 198 32 nuvarande

141 1285 171 41 byggnad.
347 1285 127 31 Därvid
498 1284 103 32 borde
624 1290 85 27 även
733 1284 219 39 undersökas,
978 1284 170 32 huruvida
1164 1284 10 31 i
1192 1284 166 32 samband
1375 1284 78 31 med
1469 1295 41 21 en
1529 1284 103 31 sådan

142 1330 269 41 modernisering
443 1329 180 42 möjlighet
655 1329 149 41 förelåge
836 1329 50 31 till
914 1340 41 21 en
979 1329 224 41 tillbyggnad,
1229 1340 74 21 som
1327 1329 241 41 möjliggjorde
1592 1340 41 21 en

143 1375 129 41 ökning
305 1385 42 21 av
379 1374 257 41 vårdplatserna
659 1374 78 32 med
762 1377 47 29 ett
835 1374 99 32 15-tal
958 1379 132 35 sängar.
1138 1374 78 31 Ifall
1241 1374 226 41 utredningen
1492 1373 143 32 sålunda

142 1419 236 41 begränsades,
404 1423 113 36 syntes
542 1419 225 32 kostnaderna
793 1419 53 31 för
870 1419 201 31 densamma
1094 1422 155 28 avsevärt
1273 1419 119 40 nedgå.

187 1464 348 40 Medicinalstyrelsen,
561 1474 69 21 som
656 1464 11 31 i
691 1466 107 30 annat
814 1463 252 41 sammanhang
1081 1463 170 41 tillstyrkt,
1270 1466 48 28 att
1336 1463 166 31 medicine
1519 1462 115 33 kandi-

142 1509 104 38 dater,
280 1508 257 42 tjänstgörande
569 1508 57 32 vid
659 1508 196 32 karolinska
878 1508 197 44 sjukhusets
1099 1507 460 43 obstetrisk-gynekologiska
1582 1518 52 21 av-

143 1553 150 41 delning,
329 1553 108 31 skulle
472 1564 83 21 vara
590 1553 149 31 befriade
775 1553 77 30 från
885 1553 104 41 utgift
1012 1553 54 31 för
1090 1553 74 31 kost
1188 1552 108 32 under
1320 1552 40 31 de
1384 1552 86 32 tider
1494 1551 41 32 de
1559 1551 74 32 full-

143 1598 118 41 gjorde
297 1608 23 21 8.
358 1598 31 31 k.
421 1598 186 40 jourtjänst
638 1598 58 31 vid
727 1597 237 41 avdelningen,
999 1597 62 32 har
1090 1600 110 29 ansett
1229 1597 240 31 motsvarande
1493 1596 141 31 bestäm-

144 1643 120 32 melser
288 1642 81 32 böra
391 1642 89 42 gälla
504 1644 53 30 för
581 1642 40 32 de
645 1642 167 32 medicine
836 1642 209 38 kandidater,
1071 1653 72 20 som
1168 1641 184 42 fullgjorde
1376 1641 185 41 jourtjänst
1577 1640 57 33 vid

143 1688 174 32 allmänna
349 1687 288 32 barnbördshuset
670 1688 10 31 i
705 1687 207 32 Stockholm.
961 1687 53 32 Då
1036 1687 228 40 jourtjänsten
1301 1686 155 41 utgjorde
1492 1687 143 39 ungefär

144 1744 40 21 en
221 1732 166 41 fjärdedel
420 1743 41 22 av
496 1732 78 32 hela
607 1732 282 41 tjänstgöringen,
914 1732 115 31 kunde
1053 1733 98 37 4,000
1175 1733 125 31 kronor
1323 1742 97 21 anses
1444 1742 81 22 vara
1551 1731 84 32 kost-

144 1777 146 41 utgiften
317 1778 106 31 under
447 1777 238 41 jourtjänsten.
735 1777 49 32 De
811 1776 190 32 beräknade
1028 1777 228 31 kostnaderna
1280 1777 53 31 för
1357 1777 42 31 fri
1424 1776 75 32 kost
1523 1775 113 32 kunde

144 1822 97 32 alltså
266 1822 151 31 minskas
442 1822 78 31 med
548 1823 117 36 13,000
690 1822 133 31 kronor.

191 1867 232 32 Statskontoret
446 1867 62 31 har
531 1867 72 31 icke
627 1867 133 31 kunnat
776 1866 148 38 förorda,
941 1868 49 29 att
1006 1866 110 31 medel
1140 1866 53 30 för
1209 1865 184 40 utredning
1410 1865 144 31 rörande
1571 1875 66 20 mo-

145 1911 213 41 dernisering
394 1922 41 21 av
472 1911 173 31 allmänna
679 1911 307 31 barnbördshusets
1022 1910 198 31 nuvarande
1259 1909 159 41 byggnad
1459 1909 178 31 anvisades

145 1958 115 29 förrän
294 1956 131 31 klarhet
459 1956 141 31 vunnits
633 1955 211 32 beträffande
880 1954 209 41 spörsmålet,
1126 1954 103 32 vilket
1265 1954 91 33 antal
1386 1954 210 40 vårdplatser
1619 1955 19 29 å

146 2000 299 39 barnbördshuset,
481 2011 74 21 som
590 2010 143 21 numera
768 2001 86 30 efter
885 1999 195 32 karolinska
1118 1999 198 40 sjukhusets
1355 1999 181 40 öppnande
1561 2009 77 21 vore

146 2046 278 40 oundgängligen
457 2045 213 41 erforderligt
706 2056 41 20 ur
784 2044 452 41 undervisningssynpunkt.
1288 2044 64 30 Det
1386 2046 115 37 syntes
1525 2043 113 31 vidare

147 2091 241 31 statskontoret
412 2090 138 40 rimligt,
576 2093 47 28 att
644 2089 216 32 Stockholms
877 2089 73 31 stad
968 2089 139 40 bidroge
1125 2088 47 31 till
1191 2088 449 40 utredningskostnadernas

146 2135 225 38 bestridande,
397 2134 42 31 då
465 2135 108 31 under
596 2134 64 32 alla
686 2134 236 31 förhållanden
949 2137 46 28 ett
1021 2135 132 29 fortsatt
1170 2133 299 41 upprätthållande
1487 2144 41 20 av
1546 2132 93 31 barn-

148 2180 220 31 bördshusets
401 2179 254 40 sjukvårdande
679 2179 218 32 verksamhet
921 2182 116 36 syntes
1062 2188 80 21 vara
1166 2189 41 21 av
1233 2178 65 30 den
1324 2181 121 27 största
1470 2177 169 40 betydelse

151 2226 49 30 för
234 2224 128 31 staden.
398 2224 63 31 Det
495 2224 116 31 kunde
635 2223 116 32 därför
775 2224 228 38 ifrågasättas,
1030 2234 53 19 om
1109 2222 72 31 icke
1205 2222 187 40 anledning
1416 2222 148 39 förelåge
1588 2223 52 30 för

148 2280 40 20 en
214 2268 145 40 förnyad
385 2268 253 39 framställning
662 2279 53 19 om
743 2267 199 31 ekonomisk
968 2267 212 31 samverkan.

194 2313 45 30 På
274 2312 143 31 anförda
441 2312 72 31 skäl
539 2314 106 29 funne
669 2312 242 31 statskontoret
936 2311 186 39 anledning
1148 2311 182 30 förefinnas
1355 2312 47 28 att
1425 2309 76 31 med
1530 2309 112 31 Stock-

149 2356 111 31 holms
286 2357 72 31 stad
384 2357 61 30 och
471 2356 55 31 län
553 2356 47 31 till
629 2356 141 39 förnyad
797 2356 170 40 prövning
989 2359 150 36 upptaga
1157 2354 201 41 spörsmålet
1375 2365 53 19 om
1448 2354 195 40 grunderna

150 2402 51 30 för
226 2401 229 31 bestridandet
481 2412 41 20 av
548 2401 228 30 kostnaderna
803 2401 50 29 för
877 2400 124 31 driften
1028 2411 41 19 av
1094 2399 298 31 barnbördshuset.
1420 2398 64 31 Det
1508 2409 45 20 nu
1579 2398 64 40 gäl-

150 2446 100 31 lande
284 2446 125 30 avtalet
441 2446 143 30 rörande
618 2445 237 39 fördelningen
890 2456 41 19 av
966 2444 315 31 driftkostnaderna
1314 2443 93 30 torde
1432 2442 210 32 fördenskull

151 2491 80 31 böra
255 2495 180 36 uppsägas.
