1912 2820
575 154 296 35 Statsutskottets
890 154 186 35 utlåtande
1096 155 55 33 Nr
1169 157 34 31 8.
1592 158 42 31 99

188 237 117 32 Ehuru
331 236 375 42 departementschefen
735 237 53 31 för
823 247 84 30 egen
944 236 52 32 del
1021 236 116 41 insåge
1169 236 194 41 betydelsen
1390 247 42 22 av
1457 240 48 29 att
1528 237 110 33 lands-

142 281 135 42 bygden
303 282 77 31 med
405 281 76 31 dess
506 281 291 31 odifferentierade
821 280 224 32 skolväsende
1069 280 89 33 hade
1182 281 143 41 tillgång
1348 280 51 32 till
1423 281 111 32 skolor
1559 286 81 28 över

143 326 211 33 folkskolans
393 325 322 41 bildningsstadium
753 325 61 32 och
853 325 90 32 hölle
978 326 81 37 före,
1097 328 49 29 att
1178 330 86 27 även
1300 326 134 32 mindre
1460 326 113 32 skolor
1596 338 42 21 av

144 372 112 31 denna
290 374 50 28 art
376 370 87 32 hade
496 382 41 20 en
573 370 138 41 uppgift
743 373 47 29 att
820 370 95 41 fylla,
948 372 124 39 ansåge
1096 370 69 32 han
1190 370 56 32 det
1269 372 19 29 å
1312 370 108 33 andra
1443 371 96 32 sidan
1564 371 74 33 icke

143 421 106 36 gärna
283 415 136 41 möjligt
442 418 49 28 att
514 414 170 33 bibehålla
712 415 111 31 skolor
848 415 78 31 med
950 416 37 30 så
1009 414 71 41 lågt
1104 415 168 32 elevantal
1296 426 73 21 som
1395 415 57 32 det
1475 416 61 32 här
1559 427 80 22 vore

144 463 96 38 fråga
268 471 64 21 om.
376 460 143 32 Särskilt
550 460 108 32 under
683 460 196 31 nuvarande
915 459 268 33 statsfinansiellt
1218 459 333 42 bekymmersamma
1574 462 65 31 för-

143 505 183 32 hållanden
351 516 80 21 vore
456 505 56 31 det
535 504 178 42 angeläget
736 508 48 28 att
807 504 215 42 tillvarataga
1047 504 40 32 de
1111 505 428 41 besparingsmöjligheter,
1564 517 74 21 som

143 551 62 31 här
229 561 79 22 vore
332 550 239 32 tillfinnandes.
618 549 116 32 Under
768 550 135 31 erinran
939 553 48 28 att
1021 549 41 32 de
1098 550 223 32 kommunala
1354 550 286 42 myndigheterna

144 596 88 32 visat
266 594 173 32 förståelse
474 596 53 30 för
562 594 97 32 dessa
694 594 212 41 synpunkter
941 594 63 32 och
1039 594 9 31 i
1085 594 91 33 vissa
1210 594 60 32 fall
1305 595 74 32 icke
1414 599 67 28 rest
1504 595 134 33 erinran

144 644 72 27 mot
239 639 176 32 skolornas
440 639 207 41 indragning
671 639 79 31 eller
775 639 39 31 de
839 639 8 30 i
874 639 112 41 övrigt
1008 639 199 41 ifrågasatta
1227 639 411 42 besparingsåtgärderna,

144 684 79 32 ville
248 684 372 41 departementschefen
642 683 116 32 därför
771 683 133 38 föreslå,
930 687 49 28 att
995 684 155 40 åtgärder
1166 684 154 41 vidtoges
1344 685 55 31 för
1433 684 208 42 indragning

145 740 41 21 av
217 734 97 36 svagt
338 728 258 33 frekventerade
620 728 104 41 högre
748 728 187 32 folkskolor
958 729 10 30 i
993 728 199 41 anslutning
1227 729 49 31 till
1300 729 339 41 skolöverstyrelsens

145 774 137 40 förslag.
309 774 64 31 Det
408 773 95 32 torde
537 773 74 32 icke
646 783 81 21 vara
758 773 176 39 behövligt
957 776 48 28 att
1028 784 47 20 nu
1100 773 189 32 bestämma
1313 773 94 33 vilka
1430 774 112 32 skolor
1565 785 72 21 som

145 819 104 31 borde
272 818 170 41 indragas.
484 818 14 31 I
523 818 91 32 detta
638 818 192 31 hänseende
855 818 94 32 torde
974 818 55 31 det
1053 819 35 30 få
1112 818 185 32 ankomma
1320 820 44 39 på
1388 819 128 42 Kungl.
1542 819 99 41 Maj:t

145 867 48 28 att
217 864 10 31 i
252 864 107 31 sinom
386 863 48 31 tid
461 863 99 31 träffa
583 862 202 42 avgörande.
824 863 162 31 Däremot
1010 874 79 21 vore
1114 862 57 33 det
1205 863 214 42 nödvändigt
1443 868 48 28 att
1514 863 9 32 i
1548 864 93 32 detta

145 908 252 41 sammanhang
432 911 78 37 taga
544 907 163 41 ställning
741 907 49 32 till
814 907 41 32 de
884 907 185 41 ändringar
1092 908 10 31 i
1127 907 157 41 gällande
1319 908 232 42 statsbidrags-
1576 909 62 32 och

144 952 343 38 lönebestämmelser,
513 963 72 20 som
609 951 212 33 erfordrades
845 953 54 30 för
922 952 219 41 åtgärdernas
1164 953 277 40 genomförande.

190 1006 15 32 I
231 1006 90 32 detta
345 1006 193 31 hänseende
561 1005 88 32 hade
674 1005 321 41 skolöverstyrelsen
1019 1005 50 32 till
1094 1017 40 20 en
1160 1006 120 41 början
1297 1007 68 31 fäst
1383 1008 258 40 uppmärksam-

145 1052 102 31 heten
278 1053 43 39 på
346 1051 145 32 behovet
514 1061 43 21 av
582 1061 41 21 en
648 1050 175 32 föreskrift
847 1050 144 32 rörande
1015 1050 196 42 skyldighet
1234 1052 53 30 för
1310 1051 105 41 högre
1439 1052 201 32 kommunal

145 1095 95 33 skola
270 1100 88 27 samt
382 1094 171 33 folkskola
576 1098 49 29 att
650 1098 151 38 mottaga
824 1094 118 40 lärare,
968 1106 72 21 som
1067 1097 106 30 måste
1198 1096 167 39 förflyttas
1390 1097 75 31 från
1491 1097 147 41 nedlagd

145 1140 104 41 högre
283 1140 181 32 folkskola.
498 1139 248 32 Statskontoret
769 1139 87 32 hade
880 1140 10 31 i
915 1140 136 41 avgivet
1074 1140 159 41 yttrande
1256 1140 166 33 förklarat
1444 1141 53 41 sig
1520 1143 52 30 för
1588 1142 53 31 sin

145 1184 54 33 del
223 1196 80 20 anse
327 1188 48 28 att
399 1184 42 32 de
465 1195 47 21 nu
535 1184 158 42 gällande
718 1184 299 32 bestämmelserna
1051 1184 10 31 i
1097 1185 133 41 princip
1265 1185 212 33 innefattade
1500 1189 65 29 rätt
1588 1187 54 31 för

145 1229 129 42 Kungl.
300 1230 98 40 Maj:t
421 1233 50 28 att
495 1228 155 33 meddela
674 1229 173 32 föreskrift
881 1231 54 30 för
962 1229 111 32 skolas
1097 1230 201 32 huvudman
1324 1233 50 29 att
1396 1231 143 32 anställa
1562 1232 78 31 från

146 1285 114 21 annan
296 1274 95 32 skola
426 1274 174 41 förflyttad
635 1273 117 39 lärare,
789 1285 77 20 men
903 1274 87 32 hade
1014 1274 86 32 dock
1126 1275 116 31 funnit
1264 1275 168 41 lämpligt,
1456 1279 49 28 att
1528 1276 113 32 denna

146 1319 193 41 skyldighet
367 1319 179 40 fastsloges
569 1330 125 29 genom
712 1330 41 20 en
769 1319 148 41 generell
941 1319 183 32 föreskrift.
1160 1319 65 32 För
1249 1331 83 29 egen
1357 1320 54 32 del
1435 1320 128 33 anslöte
1588 1321 53 32 de-

145 1363 334 42 partementschefen
504 1364 50 41 sig
577 1364 11 31 i
612 1363 181 32 huvudsak
817 1363 51 32 till
885 1364 258 32 statskontorets
1167 1365 232 41 uppfattning.
1426 1365 15 32 I
1464 1366 97 40 fråga
1584 1377 56 21 om

145 1408 201 32 kommunal
378 1408 184 38 flickskola,
594 1407 201 33 kommunal
827 1408 232 39 mellanskola,
1092 1409 152 40 praktisk
1279 1410 232 38 mellanskola,
1537 1411 103 40 högre

144 1453 170 32 folkskola
337 1453 63 31 och
425 1452 168 32 folkskola
617 1452 103 32 borde
739 1452 143 32 sålunda
900 1453 89 41 gälla
1006 1453 194 41 skyldighet
1217 1455 52 30 för
1284 1453 137 33 skolans
1438 1455 202 31 huvudman

145 1501 49 29 att
215 1498 103 41 enligt
338 1497 128 41 Kungl.
495 1497 112 41 Maj:ts
634 1496 257 33 bestämmande
917 1500 151 38 mottaga
1093 1497 107 32 lärare
1224 1509 72 20 som
1321 1499 126 31 funnes
1471 1499 80 32 böra
1575 1500 65 31 för-

144 1543 113 40 flyttas
277 1544 75 29 från
377 1542 104 40 högre
499 1542 200 31 kommunal
716 1542 102 31 skola.
842 1543 51 30 En
911 1542 146 41 generell
1077 1543 172 31 föreskrift
1272 1554 42 20 av
1339 1543 113 32 denna
1474 1543 166 33 innebörd

145 1590 115 38 syntes
284 1587 85 31 dock
397 1587 74 31 icke
500 1586 166 41 behövlig.
703 1586 63 32 Det
792 1586 94 32 torde
904 1587 10 31 i
931 1586 111 32 stället
1057 1587 36 31 få
1110 1587 185 32 ankomma
1319 1589 45 40 på
1388 1588 127 41 Kungl.
1543 1588 98 41 Maj:t

145 1635 49 28 att
217 1632 10 30 i
252 1631 40 32 de
316 1631 166 32 särskilda
506 1631 102 31 fallen
635 1631 154 32 meddela
812 1631 120 32 beslut.

191 1685 382 41 Departementschefen
608 1684 184 41 tillstyrkte
828 1685 126 38 vidare,
988 1688 49 29 att
1072 1685 66 32 den
1171 1685 221 41 lönefyllnad,
1427 1697 73 21 som
1525 1687 115 32 kunde

146 1731 139 30 komma
288 1725 17 50 1
328 1730 97 41 fråga
442 1731 53 29 för
512 1730 173 40 förflyttad
710 1729 113 38 lärare,
861 1729 109 33 skulle
1005 1731 85 30 efter
1124 1730 111 32 beslut
1268 1731 11 31 i
1303 1731 95 40 varje
1422 1731 134 32 särskilt
1580 1732 61 31 fall

145 1775 71 31 helt
240 1774 163 32 bestridas
427 1785 42 21 av
494 1774 203 32 statsmedel.
723 1774 199 41 Lämpligen
947 1775 93 31 torde
1065 1775 56 31 det
1144 1774 82 32 böra
1249 1776 186 31 ankomma
1451 1777 43 40 på
1511 1777 127 41 Kungl.

148 1819 97 40 Maj:t
261 1823 48 27 att
327 1820 85 30 fatta
428 1818 121 32 sådant
568 1818 118 32 beslut.

196 1863 69 31 Vad
299 1863 186 32 beträffade
505 1863 40 31 de
569 1863 50 31 till
644 1863 132 31 lärarna
800 1863 169 40 utgående
992 1864 393 40 pensionsförmånerna,
1409 1865 94 32 torde
1520 1866 120 40 frågan

146 1919 55 20 om
235 1908 9 30 i
278 1908 91 31 detta
398 1908 193 31 hänseende
615 1907 183 32 eventuellt
823 1907 221 41 erforderliga
1069 1908 293 40 kompletterande
1386 1909 255 33 bestämmelser

146 1953 140 30 komma
310 1955 48 28 att
383 1952 180 31 framdeles
589 1952 152 31 anmälas
766 1963 40 20 av
832 1953 121 30 chefen
979 1953 52 30 för
1055 1952 391 41 finansdepartementet.

192 1996 326 41 Skolöverstyrelsen
543 1996 93 31 torde
661 1996 87 32 hava
775 1999 102 37 byggt
904 1997 56 30 sitt
983 1996 128 41 förslag
1135 1998 43 39 på
1203 1997 63 31 den
1291 1998 276 41 uppfattningen,
1593 2002 49 28 att

149 2041 124 40 Kungl.
300 2041 98 40 Maj:t
422 2041 114 31 kunde
561 2040 156 32 meddela
740 2041 183 38 föreskrift,
953 2044 47 28 att
1024 2041 103 40 högre
1153 2041 168 32 folkskola
1334 2042 109 32 skulle
1457 2043 184 41 nedläggas

146 2086 79 31 eller
258 2085 73 32 dess
368 2086 216 31 verksamhet
620 2085 189 41 begränsas.
861 2086 63 31 Det
960 2086 113 31 kunde
1102 2086 185 32 emellertid
1321 2087 226 40 ifrågasättas,
1584 2100 55 19 om

148 2130 125 39 Kungl.
312 2130 97 40 Maj:t
445 2133 71 28 mot
545 2130 287 31 huvudmannens
868 2130 130 31 önskan
1036 2131 123 37 kunde,
1197 2133 36 29 så
1256 2131 98 39 länge
1387 2143 41 20 av
1461 2133 179 40 riksdagen

146 2174 189 31 fastställda
351 2174 346 40 statsbidragsvillkor
713 2175 175 39 iakttoges,
908 2175 154 31 meddela
1080 2176 181 37 föreskrift,
1287 2179 48 27 att
1348 2177 293 31 statsunderstödd

146 2219 105 40 högre
286 2218 171 32 folkskola
488 2219 108 31 skulle
623 2219 161 40 upphöra.
834 2220 61 30 Det
931 2223 113 36 syntes
1080 2219 117 31 därför
1229 2231 79 20 vara
1343 2221 215 39 erforderligt
1593 2225 49 28 att

147 2263 154 30 meddela
334 2263 263 37 bestämmelser,
623 2274 72 19 som
721 2265 84 37 gåve
831 2263 128 39 Kungl.
986 2263 97 39 Maj:t
1109 2264 178 39 möjlighet
1303 2268 49 27 att
1377 2270 85 26 även
1488 2269 71 28 mot
1583 2266 58 31 hu-

146 2307 239 30 vudmannens
403 2307 214 30 bestridande
643 2307 160 30 förordna
831 2318 53 19 om
905 2307 111 30 skolas
1033 2307 244 40 nedläggande.
1304 2309 99 30 Olika
1429 2309 214 40 möjligheter

146 2351 94 31 stode
277 2351 60 30 här
372 2351 49 30 till
459 2351 94 31 buds.
602 2351 150 31 Sålunda
789 2352 113 30 kunde
936 2351 215 39 ifrågasättas
1187 2355 48 27 att
1264 2363 71 20 som
1363 2353 134 31 särskilt
1522 2354 121 30 villkor

146 2397 53 29 för
234 2395 205 40 statsbidrag
474 2395 160 40 stipulera
668 2396 82 30 visst
785 2396 228 30 minimiantal
1050 2396 109 31 elever
1194 2398 43 38 på
1272 2400 65 27 sätt
1374 2398 52 30 för
1458 2398 109 40 övrigt
1592 2410 50 19 ur-

146 2440 221 40 sprungligen
403 2440 83 39 gällt
517 2441 49 29 för
599 2440 222 31 kommunala
856 2440 192 31 flickskolor
1082 2438 59 42 (jfr
1172 2441 224 39 kungörelsen
1437 2444 90 29 1928:
1555 2441 85 41 229).

150 2485 118 30 Denna
293 2495 70 19 mer
388 2484 192 31 mekaniskt
598 2484 169 31 verkande
784 2484 112 31 metod
916 2487 47 28 att
980 2485 143 39 utgallra
1141 2488 97 36 svagt
1256 2486 256 32 frekventerade
1530 2487 112 31 skolor
