1916 2810
292 161 41 31 32
719 159 298 35 Statsutskottets
1037 159 185 35 utlåtande
1242 160 56 34 Nr
1316 163 33 31 8.

335 241 52 31 En
422 240 69 32 viss
527 241 242 40 överflyttning
801 252 41 21 av
866 241 257 42 patientplatser
1146 242 88 32 hade
1259 243 88 31 skett
1378 243 77 31 från
1489 242 174 32 allmänna
1686 243 97 32 barn-

290 285 203 32 bördshuset
516 285 51 31 till
591 285 193 32 karolinska
808 286 189 40 sjukhuset.
1042 287 120 31 Denna
1185 287 242 41 överflyttning
1450 287 104 32 borde
1577 288 206 31 åtminstone

290 330 11 31 i
334 332 111 39 någon
480 332 82 29 mån
596 331 147 40 påverka
768 331 284 41 anslagsbehovet
1083 332 10 30 i
1126 332 175 31 sänkande
1334 332 161 40 riktning.
1544 332 15 31 I
1583 332 91 32 detta
1698 343 84 21 sam-

291 375 174 40 manhang
488 374 104 32 borde
617 376 331 40 uppmärksammas,
981 380 50 27 att
1054 376 64 32 den
1149 377 53 31 för
1235 377 153 31 enskilda
1416 377 228 40 avdelningen
1668 376 115 32 beräk-

290 419 87 32 nade
398 419 387 33 underhållskostnaden
819 431 58 30 per
909 420 77 42 dag,
1025 422 38 30 13
1097 421 124 31 kronor
1243 422 42 31 60
1310 426 64 33 öre,
1400 421 78 32 med
1504 421 132 41 hänsyn
1660 422 50 31 till
1735 424 48 29 ut-

290 464 146 41 gifterna
460 465 54 30 för
539 464 198 41 budgetåret
773 462 153 42 1939/40,
960 465 94 32 vilka
1086 466 101 40 tydde
1221 467 43 39 på
1288 477 41 20 en
1354 466 257 32 medelkostnad
1637 477 41 21 av
1703 471 80 27 över

293 511 41 29 14
368 509 124 31 kronor
527 510 43 31 50
605 514 64 33 öre,
705 512 115 38 syntes
851 510 81 32 böra
956 511 81 31 ökas
1061 510 50 31 till
1134 511 215 31 sistnämnda
1373 510 132 42 belopp.
1532 511 116 32 Under
1671 511 112 32 åbero-

290 553 113 41 pande
437 564 42 21 av
516 554 56 31 det
595 554 144 31 anförda
763 554 63 32 och
859 555 77 31 med
970 555 132 40 hänsyn
1127 555 51 32 till
1212 555 244 41 minskningen
1491 567 42 20 av
1567 556 216 40 platsantalet

290 600 106 30 måste
420 598 249 32 ämbetsverket
692 599 10 31 i
727 598 221 33 betraktande
971 600 129 40 jämväl
1125 611 41 21 av
1191 600 56 31 det
1271 600 76 32 hårt
1370 600 208 41 ansträngda
1594 602 188 30 statsfinan-

291 643 93 32 siella
407 642 89 42 läget
520 643 63 32 och
608 643 102 32 därav
735 644 201 32 föranledda
960 645 271 40 nedskärningar
1254 656 43 21 av
1321 646 387 40 statsmyndigheternas
1728 656 55 21 an-

290 688 73 40 slag
394 688 140 40 påyrka,
568 691 48 28 att
647 699 41 20 en
713 688 231 42 begränsning
976 689 127 32 skedde
1136 690 212 32 beträffande
1370 690 336 41 anslagsäskandena
1729 691 54 31 för

289 732 173 32 allmänna
487 732 297 33 barnbördshuset.

337 777 12 31 I
375 777 198 32 nuvarande
598 778 273 32 statsfinansiella
895 778 74 41 läge
994 778 173 42 nödgades
1191 780 241 31 statskontoret
1448 779 134 38 föreslå,
1600 782 47 29 att
1664 779 118 32 reduk-

290 822 70 31 tion
393 832 41 21 av
468 822 200 40 personalen
701 823 58 31 vid
789 823 290 32 barnbördshuset
1102 823 153 41 vidtoges
1279 824 78 32 med
1381 824 107 32 minst
1513 825 41 31 10
1577 828 147 37 procent.

336 866 248 32 Statskontoret
607 868 174 40 avstyrkte
805 868 124 38 vidare,
955 871 51 28 att
1034 868 4 31 i
1063 868 198 32 nuvarande
1285 868 277 33 statsfinansiella
1580 869 74 41 läge
1671 868 111 32 medel

290 911 137 32 ställdes
460 911 51 32 till
540 912 203 41 förfogande
776 913 55 31 för
862 913 192 31 beredande
1087 915 33 29 åt
1143 913 168 32 medicine
1335 913 204 32 kandidater
1561 924 42 22 av
1627 914 43 31 fri
1695 914 85 38 kost,

290 966 73 21 som
399 956 98 32 dessa
531 956 74 32 icke
628 957 142 41 tidigare
794 957 149 40 åtnjutit.
992 958 197 31 Emellertid
1214 958 79 32 ville
1317 958 240 32 statskontoret
1589 958 193 39 framhålla,

290 1004 49 28 att
363 1001 40 31 de
426 1002 19 30 å
469 1001 175 32 allmänna
667 1001 290 33 barnbördshuset
980 1003 257 40 tjänstgörande
1262 1003 247 31 kandidaterna
1532 1004 88 40 finge
1644 1004 138 32 vidkän-

290 1056 61 21 nas
375 1046 146 31 kostnad
554 1047 53 30 för
637 1047 162 40 städning
821 1058 42 20 av
887 1047 75 32 sina
986 1058 77 21 rum
1088 1047 75 32 med
1191 1048 40 31 15
1256 1048 124 32 kronor
1404 1059 59 29 per
1487 1049 135 30 månad.
1659 1049 121 40 Någon

290 1090 246 41 motsvarighet
566 1090 111 32 härtill
702 1092 211 31 förekomme
929 1092 76 32 icke
1030 1092 58 32 vid
1113 1092 196 32 karolinska
1334 1093 189 40 sjukhuset.

337 1135 71 31 Den
433 1135 120 32 hittills
577 1135 180 32 inträffade
782 1137 192 41 stegringen
999 1137 10 31 i
1034 1137 346 41 livsmedelspriserna
1403 1141 115 38 syntes
1542 1137 50 31 till
1615 1137 167 41 väsentlig

290 1179 54 31 del
369 1180 138 31 komma
531 1184 49 28 att
603 1184 176 38 motvägas
804 1192 41 21 av
862 1181 202 42 nedgången
1082 1182 9 31 i
1109 1182 126 31 antalet
1251 1182 313 41 underhållsdagar.
1599 1183 51 30 Då
1666 1182 116 32 vidare

290 1224 307 42 kostersättningen
622 1226 75 30 från
721 1226 200 40 personalen
945 1231 117 35 syntes
1085 1226 81 32 böra
1189 1227 99 39 höjas
1312 1227 10 31 i
1347 1238 132 20 samma
1503 1229 90 35 mån,
1613 1238 72 20 som
1706 1227 76 32 livs-

289 1268 281 41 medelspriserna
595 1272 101 38 stego,
722 1270 103 32 borde
849 1270 10 31 i
883 1270 93 40 varje
1001 1270 61 31 fall
1086 1272 111 39 någon
1223 1271 129 39 ökning
1376 1273 18 30 å
1418 1274 120 38 posten
1562 1271 50 32 till
1635 1271 146 32 kosthåll

289 1313 10 31 i
325 1313 213 32 förhållande
562 1314 50 31 till
636 1314 40 32 de
701 1314 153 41 verkliga
877 1315 187 40 utgifterna
1087 1316 53 31 för
1162 1315 200 41 budgetåret
1388 1313 145 40 1939/40
1557 1316 72 32 icke
1649 1316 133 32 behöva

287 1357 174 33 beräknas.

334 1474 355 41 Departementschefen
724 1474 63 32 har
821 1474 50 32 till
906 1485 41 21 en
984 1474 121 41 början
1141 1476 135 38 erinrat,
1301 1479 49 28 att
1373 1476 128 41 Kungl.
1527 1477 98 40 Maj:t
1648 1477 65 31 den
1739 1478 42 31 20

289 1526 176 33 december
504 1529 84 30 1940
623 1528 185 41 uppdragit
843 1530 34 30 åt
905 1528 65 31 den
995 1528 105 41 enligt
1124 1528 127 42 Kungl.
1278 1529 114 40 Maj:ts
1416 1529 276 41 bemyndigande
1716 1530 65 32 den

289 1582 42 30 26
365 1581 67 40 maj
471 1582 84 31 1939
589 1581 142 32 utsedda
764 1582 271 31 kommissionen
1065 1583 53 30 för
1141 1582 261 41 förhandlingar
1425 1584 79 31 med
1529 1584 253 32 vederbörande

288 1638 112 37 parter
432 1635 146 31 rörande
608 1635 123 41 frågor,
759 1645 73 21 som
857 1635 84 40 ägde
966 1635 168 32 samband
1158 1636 78 32 med
1261 1636 196 32 karolinska
1482 1637 197 41 sjukhusets
1703 1639 80 30 fort-

289 1691 88 28 satta
401 1687 230 42 utbyggande,
655 1691 48 28 att
732 1689 44 40 på
800 1691 126 29 statens
951 1693 132 37 vägnar
1106 1692 153 38 upptaga
1283 1690 262 41 förhandlingar
1567 1691 77 31 med
1669 1691 111 32 Stock-

288 1741 111 32 holms
423 1741 85 38 stad,
535 1741 214 32 Stockholms
774 1741 74 32 läns
876 1742 174 41 landsting
1083 1743 61 31 och
1177 1743 118 41 övriga
1326 1744 319 41 ifrågakommande
1669 1748 113 37 parter

288 1795 142 31 rörande
454 1795 174 31 allmänna
651 1795 305 32 barnbördshusets
980 1796 63 31 och
1057 1796 356 32 serafimerlasarettets
1431 1797 163 42 ställning
1609 1798 61 32 och
1687 1798 94 32 verk-

287 1848 133 32 samhet
443 1852 89 28 samt
560 1852 48 28 att
632 1849 48 31 till.
698 1849 140 41 Kungl.
864 1849 97 40 Maj:t
984 1849 176 32 inkomma
1184 1850 79 32 med
1286 1852 44 39 på
1353 1851 305 41 förhandlingarna
1681 1863 100 30 grun-

287 1901 87 32 dade
409 1901 137 41 förslag.
584 1902 66 32 Vid
675 1902 161 32 anmälan
854 1914 40 21 av
911 1903 92 32 detta
1021 1903 123 32 ärende
1168 1904 88 31 hade
1280 1904 376 41 departementschefen
1680 1906 101 31 fram-

286 1955 106 37 hållit,
417 1959 48 27 att
499 1955 213 32 Stockholms
737 1956 75 32 stad
836 1973 42 4 —
902 1957 105 31 sedan
1032 1957 55 31 det
1112 1957 220 32 ekonomiska
1353 1961 159 29 ansvaret
1527 1960 53 30 för
1596 1958 124 32 driften
1738 1970 43 21 av

286 2008 98 32 dessa
407 2008 87 32 båda
519 2009 144 40 sjukhus
687 2009 162 32 fördelats
874 2009 123 33 mellan
1019 2013 118 36 staten,
1158 2011 119 31 staden
1294 2011 62 31 och
1373 2011 91 32 länet
1480 2029 42 3 —
1540 2012 160 32 förberett
1717 2012 64 32 och

286 2062 107 31 delvis
410 2062 171 41 igångsatt
597 2073 41 21 en
655 2063 226 32 vittutseende
898 2063 223 41 omläggning
1146 2075 42 21 av
1214 2064 65 31 den
1305 2064 93 32 inom
1423 2065 119 32 staden
1567 2065 215 33 kommunalt

288 2115 162 32 bedrivna
474 2116 218 40 sjukvården.
729 2116 52 31 En
808 2117 103 31 sådan
937 2116 223 42 omläggning
1187 2118 115 31 kunde
1326 2122 85 27 även
1435 2119 150 40 påverka
1608 2119 173 32 allmänna

285 2168 307 33 barnbördshusets
616 2170 60 31 och
701 2170 361 32 serafimerlasarettets
1086 2171 161 41 ställning
1275 2171 64 32 och
1361 2172 227 32 verksamhet.
1623 2173 48 32 Ur
1695 2173 86 32 både

285 2222 116 40 statlig
435 2223 63 31 och
532 2223 199 31 kommunal
765 2224 176 40 synpunkt
974 2227 115 38 syntes
1125 2224 55 32 det
1203 2235 81 22 vara
1308 2235 42 22 av
1383 2225 82 38 vikt,
1500 2229 48 28 att
1578 2227 120 40 frågan
1724 2238 55 20 om

285 2276 172 31 formerna
481 2276 55 31 för
560 2276 265 41 uppehbållandet
848 2288 40 21 av
913 2277 64 32 den
1004 2278 411 40 sjukvårdsverksamhet,
1440 2289 71 21 som
1539 2280 105 30 måste
1660 2283 121 37 utgöra

286 2329 198 41 underlaget
517 2329 54 31 för
604 2329 63 32 den
701 2341 48 20 nu
774 2330 51 31 till
848 2330 174 32 allmänna
1045 2331 290 32 barnbördshuset
1357 2332 62 32 och
1438 2332 343 33 serafimerlasarettet

284 2382 156 42 förlagda
460 2382 346 42 läkarutbildningen,
835 2387 166 38 upptoges
1023 2384 50 32 till
1090 2385 144 40 förnyad
1260 2386 229 40 omprövning
1511 2386 77 31 från
1614 2385 40 32 de
1678 2386 10 31 i
1712 2386 69 32 viss

286 2437 80 30 mån
392 2436 150 32 ändrade
567 2437 305 41 utgångspunkter,
897 2448 73 21 som
996 2449 47 20 nu
1068 2449 79 21 vore
1170 2439 53 31 för
1240 2438 145 32 handen.
1420 2439 130 32 Därvid
1572 2432 81 52 borde
1676 2440 104 32 efter-

285 2491 131 30 strävas
448 2492 48 29 att
520 2489 152 33 undvika
695 2491 312 41 överorganisation
1032 2492 93 31 inom
1149 2492 61 31 här
1233 2491 142 33 berörda
1396 2492 93 32 delar
1512 2502 43 22 av
1579 2492 201 41 sjukhusvä-

299 2562 26 8 Rv
339 2564 21 7 ur

298 2571 92 9 male
