1911 2839
254 163 18 30 2
546 163 404 41 Bevillningsutskottets
969 164 219 31 betänkande
1206 173 42 21 nr
1265 165 19 29 5
1301 164 39 31 år
1359 164 84 31 1970

255 245 253 40 förutsättning
528 255 43 21 av
591 246 205 30 oförändrat
817 247 373 40 inkomstskatteuttag
1211 265 43 3 —
1275 247 78 30 ville
1375 247 42 40 gå
1437 248 80 29 över
1539 247 50 29 till
1612 247 124 30 indivi-

254 299 93 30 duell
360 300 235 40 beskattning.

299 354 195 30 Alternativ
518 354 14 30 1
557 355 146 30 innebär
726 364 42 21 en
792 355 70 30 helt
887 355 202 31 individuell
1112 356 225 40 beskattning
1361 356 62 30 där
1446 355 96 37 varje
1565 356 171 29 inkomst-

256 410 115 37 tagare
389 408 178 30 beskattas
586 409 54 30 för
659 409 51 40 sig
727 410 65 29 och
810 409 106 40 enligt
935 419 135 21 samma
1088 410 162 40 grunder.
1269 411 101 29 Detta
1388 410 145 30 innebär
1552 419 42 21 en
1613 410 122 39 avväg-

254 462 84 40 ning
355 472 43 20 av
416 462 139 30 skatten
573 463 55 30 för
646 463 94 30 olika
758 463 195 40 kategorier
972 473 74 20 som
1064 463 12 30 i
1093 464 196 40 betydande
1307 464 84 40 grad
1411 464 140 30 avviker
1570 464 80 30 från
1669 463 66 31 den

254 525 48 21 nu
328 516 170 40 gällande.
525 517 207 30 Effekterna
758 518 10 29 i
795 517 91 30 form
912 527 42 21 av
979 518 290 30 skattelättnader
1296 518 54 31 för
1376 519 93 29 vissa
1495 526 150 32 grupper
1671 518 64 30 och

255 571 233 40 skärpningar
511 571 55 30 för
590 571 110 30 andra
723 572 66 29 blir
812 572 11 29 i
847 572 67 39 hög
937 572 85 40 grad
1044 573 189 30 märkbara
1257 572 57 30 vid
1337 574 48 28 ett
1408 573 214 30 omedelbart
1645 572 90 30 infö-

252 625 108 30 rande
374 635 42 21 av
431 627 175 39 systemet.

298 680 239 40 Beredningen
557 680 64 30 har
640 680 106 30 också
767 681 190 30 undersökt
978 681 93 30 vilka
1090 681 222 40 möjligheter
1332 690 74 21 som
1426 681 96 30 finns
1541 683 50 28 att
1611 689 123 32 genom

253 734 209 30 modifierad
477 734 205 31 individuell
697 735 224 40 beskattning
938 735 44 30 nå
997 735 211 40 verkningar
1225 744 74 22 som
1314 736 12 29 i
1342 736 136 30 mindre
1494 736 85 39 grad
1595 735 140 30 avviker

254 788 79 30 från
355 789 41 30 de
416 789 214 30 nuvarande.
652 789 108 30 Dessa
782 789 303 41 undersökningar
1105 790 64 29 har
1190 790 60 30 lett
1272 790 91 30 fram
1385 790 52 29 till
1457 790 199 40 ytterligare
1678 790 57 29 två

252 843 195 30 alternativ.

297 895 196 29 Alternativ
516 896 18 28 2
559 896 38 28 är
622 897 48 27 ett
694 896 141 39 uttryck
860 896 54 29 för
938 896 273 40 målsättningen
1236 898 50 27 att
1311 905 82 20 man
1418 897 88 28 skall
1532 897 202 38 genomföra

252 958 43 21 en
310 949 71 30 helt
396 949 205 30 individuell
616 949 225 40 beskattning
856 949 55 30 för
925 949 223 31 huvuddelen
1164 960 42 20 av
1221 950 313 40 inkomsttagarna.
1550 950 185 30 Modifika-

254 1004 111 28 tioner
387 1003 64 29 har
474 1003 111 39 gjorts
609 1004 54 29 för
687 1004 93 29 vissa
803 1004 95 29 äldre
922 1004 155 36 familjer
1101 1004 79 29 med
1203 1004 54 39 låg
1281 1004 65 29 och
1369 1004 188 30 medelstor
1580 1004 154 29 inkomst

254 1057 93 29 vilka
368 1057 71 29 kan
460 1057 126 29 tänkas
608 1057 46 30 ha
675 1056 94 31 svårt
790 1059 50 28 att
862 1057 37 30 få
919 1057 126 30 arbete.
1067 1058 64 29 Det
1153 1058 63 29 har
1238 1058 186 29 förutsatts
1445 1059 51 29 att
1517 1066 83 21 man
1621 1058 38 29 är
1680 1057 55 30 be-

249 1111 85 29 redd
361 1113 51 28 att
440 1111 103 39 godta
571 1120 43 20 en
642 1110 195 40 betydande
866 1110 359 41 schablonmässighet
1254 1112 11 29 i
1293 1112 351 39 övergångsreglerna
1671 1111 66 30 och

250 1165 108 30 därav
373 1165 157 40 följande
547 1165 167 39 tämligen
730 1165 153 40 kraftiga
900 1164 189 41 ändringar
1105 1166 11 29 i
1134 1166 138 29 skatten
1290 1166 54 29 för
1360 1166 95 29 olika
1471 1165 206 40 kategorier.

299 1219 12 29 I
330 1219 185 30 alternativ
534 1219 18 29 3
571 1219 64 29 har
653 1219 235 40 beredningen
907 1220 146 29 inriktat
1073 1220 51 39 sig
1143 1220 44 39 på
1206 1222 49 28 att
1274 1220 79 30 med
1371 1219 243 31 bibehållande
1633 1229 43 21 av
1694 1220 42 30 de

253 1273 192 39 väsentliga
464 1275 200 27 momenten
683 1273 11 28 i
714 1273 66 29 den
800 1273 227 30 individuella
1045 1274 269 39 beskatiningen
1335 1273 36 30 få
1390 1273 210 40 verkningar
1619 1273 56 30 för
1695 1273 41 30 de

254 1327 93 29 olika
368 1327 304 39 inkomsttagarna
694 1336 74 21 som
789 1327 162 29 närmare
974 1327 155 30 ansluter
1153 1328 51 39 sig
1224 1327 53 30 till
1300 1328 41 29 de
1362 1327 213 30 nuvarande.
1598 1327 139 30 Modifi-

252 1380 208 29 kationerna
475 1380 63 29 har
553 1380 110 39 gjorts
678 1389 74 21 mer
766 1380 218 30 omfattande
999 1381 44 28 än
1058 1381 10 28 i
1083 1381 185 29 alternativ
1283 1381 29 29 2.

298 1434 521 39 Familjeskatteberedningens
841 1434 129 39 förslag
990 1435 38 28 är
1048 1434 88 30 efter
1156 1434 338 40 remissbehandling
1515 1434 147 30 föremål
1683 1435 53 29 för

254 1488 124 39 Kungl.
393 1487 124 37 Maj:ts
532 1488 182 39 prövning.

299 1599 129 30 Genom
453 1599 126 39 Kungl.
604 1599 124 37 Maj:ts
751 1599 113 29 beslut
890 1599 66 29 den
981 1599 18 30 9
1023 1597 78 39 juni
1129 1600 81 29 1967
1237 1600 270 39 bemyndigades
1533 1599 124 30 chefen
1682 1600 55 29 för

255 1653 396 39 finansdepartementet
680 1654 49 28 att
760 1652 148 30 tillkalla
938 1652 173 31 särskilda
1140 1653 223 40 sakkunniga
1391 1653 80 30 med
1499 1653 160 40 uppdrag
1687 1654 50 28 att

254 1707 118 29 överse
391 1707 158 38 reglerna
567 1715 56 20 om
642 1706 275 39 förmögenhets-
937 1708 90 27 samt
1046 1716 93 20 arvs-
1157 1706 65 29 och
1241 1707 367 39 gåvobeskattningen.
1628 1707 109 29 Dessa

251 1760 232 38 sakkunniga,
504 1759 94 30 vilka
619 1759 133 39 antagit
770 1759 258 39 benämningen
1047 1759 498 41 kapitalskatteberedningen,
1566 1760 64 30 har
1648 1760 12 30 i
1679 1768 60 21 no-

253 1814 140 29 vember
414 1813 82 30 1969
521 1813 101 34 (SOU
644 1813 171 34 1969:54)
839 1814 216 29 överlämnat
1074 1815 48 28 ett
1140 1814 111 29 första
1270 1814 221 29 betänkande
1509 1814 150 29 rörande
1677 1814 61 29 ka-

251 1866 368 40 pitalbeskattningen.
639 1866 251 34 Betänkandet,
913 1875 74 21 som
1007 1866 38 29 är
1064 1868 111 28 avsett
1195 1868 50 28 att
1265 1867 117 39 läggas
1403 1867 52 29 till
1475 1867 113 39 grund
1607 1867 56 30 för
1682 1867 57 29 det

254 1921 132 40 förslag
401 1921 53 29 till
470 1920 223 40 omläggning
708 1929 43 21 av
765 1920 44 30 bl.
823 1929 29 23 a.
869 1920 317 40 kapitalskatterna
1203 1929 74 21 som
1293 1920 124 30 väntas
1434 1920 195 40 föreläggas
1645 1920 92 30 årets

253 1975 151 38 riksdag,
438 1974 167 29 omfattar
636 1974 89 29 bl.a.
758 1983 70 30 nya
861 1973 234 30 skatteskalor
1126 1974 55 29 för
1214 1974 276 39 förmögenhets-
1523 1976 89 27 samt
1646 1983 94 20 arvs-

254 2029 65 29 och
337 2027 367 41 gåvobeskattningen.
723 2027 48 30 De
788 2036 69 31 nya
875 2027 165 30 skalorna
1056 2027 65 30 och
1139 2027 144 30 därmed
1301 2026 347 41 sammanhängande
1665 2027 73 30 tek-

254 2082 104 30 niska
376 2082 190 39 ändringar
584 2081 147 30 innebär
751 2081 290 30 skattelättnader
1060 2081 55 29 för
1134 2080 75 30 små
1229 2080 64 30 och
1312 2081 210 29 medelstora
1542 2081 196 39 förmögen-

255 2136 97 29 heter
375 2135 65 29 och
462 2135 55 30 för
538 2135 138 29 mindre
699 2143 61 20 arv
782 2143 74 20 som
879 2134 101 39 utgår
1002 2134 53 29 till
1078 2134 87 29 barn
1188 2134 65 29 och
1275 2134 235 30 efterlevande
1532 2134 103 30 make
1656 2143 81 20 men

253 2189 350 39 skatteskärpningar
619 2188 54 30 för
690 2189 110 28 större
816 2187 281 40 förmögenheter
1113 2187 65 30 och
1194 2196 70 21 arv.
1282 2187 148 31 Särskilt
1447 2189 94 28 stora
1556 2188 66 29 blir
1638 2187 101 30 dessa

256 2243 233 40 skärpningar
513 2242 12 29 i
549 2242 99 39 fråga
672 2251 56 20 om
753 2251 62 20 arv
838 2251 75 20 som
937 2241 60 40 går
1021 2241 52 30 till
1099 2241 110 30 andra
1233 2242 45 29 än
1302 2241 89 30 barn
1414 2241 64 30 och
1504 2241 233 30 efterlevande

253 2297 114 29 make.

300 2353 511 41 Kapitalskatteberedningens
831 2353 131 39 förslag
982 2353 64 29 har
1066 2352 333 30 remissbehandlats
1418 2353 65 29 och
1502 2353 37 29 är
1559 2353 69 29 f.n.
1648 2353 90 29 före-

254 2408 71 29 mål
339 2408 55 29 för
410 2407 125 39 Kungl.
550 2407 124 36 Maj:ts
689 2407 181 38 prövning.
