1886 2832
283 181 39 30 22

280 269 75 28 sont
375 267 197 39 imposables
594 269 80 30 dans
696 271 124 30 chacun
843 272 54 30 des
919 273 97 31 Etats

279 307 20 31 å
326 309 107 30 raison
462 310 55 30 des
545 320 137 21 revenus
709 314 149 37 produits
885 324 60 29 par
971 316 46 29 les

280 351 262 31 établissements
560 354 121 29 stables
699 355 56 38 qui
772 364 22 29 y
811 358 75 28 sont
903 357 110 30 situés.

320 394 14 37 $
359 393 28 30 2.
432 394 29 29 A
482 394 115 30 défaut
618 395 39 30 de
678 398 225 37 comptabilité
924 400 92 38 régu-

278 433 79 31 liére
393 435 123 30 faisant
553 438 148 29 ressortir
737 441 208 29 exactement
982 444 34 27 et

278 476 248 31 distinctement
559 487 51 21 ces
643 488 147 27 revenus,
824 481 45 30 les
902 483 113 30 Admi-

277 518 191 31 nistrations
489 521 223 38 compétentes
733 522 55 30 des
810 523 86 30 deux
915 525 99 30 Etats

277 563 226 28 contractants
528 562 236 37 s'entendront,
790 565 29 29 le
844 574 53 21 cas
922 567 92 30 éché-

276 604 69 33 ant,
369 611 82 30 pour
473 603 126 31 arréter
620 605 45 29 les
687 605 103 39 régles
814 607 39 29 de
875 609 139 30 ventila-

275 644 80 29 tion.

316 729 14 36 $
354 728 28 29 3.
429 728 61 30 Est
519 730 165 30 considéré
713 740 125 23 comme
868 734 144 31 «établis-

274 772 127 28 sement
426 771 121 30 stable»
573 781 41 20 au
641 781 72 22 sens
740 774 39 29 de
805 774 30 30 la
861 776 150 39 présente

274 812 197 29 convention
482 815 94 28 toute
586 814 202 31 installation
799 821 212 34 permanente

274 853 39 29 de
342 853 202 39 PF'entreprise
574 856 81 29 dans
684 857 138 39 laquelle
851 860 159 30 Pactivité

274 894 40 30 de
342 898 86 27 cette
456 896 147 31 derniére
630 898 140 31 s'exerce
797 909 40 21 en
864 904 76 27 tout
968 911 42 20 ou

272 945 40 21 en
338 937 113 38 partie.

313 980 14 36 $
350 979 29 29 4.
426 980 117 30 Seront
572 981 114 30 traités
716 992 125 21 comme
870 994 139 21 revenus

272 1019 98 31 d'une
407 1022 178 39 entreprise
622 1025 223 30 commerciale
882 1035 41 20 ou
960 1027 48 29 in-

271 1062 175 36 dustrielle,
464 1064 45 29 les
525 1073 137 22 revenus
679 1070 184 34 provenant
880 1068 38 30 de
935 1078 73 29 par-

269 1103 190 39 ticipations
493 1105 19 30 å
547 1115 63 21 une
643 1109 177 38 entreprise
853 1110 155 30 revétant

269 1145 31 30 la
320 1146 103 30 forme
444 1147 99 30 d'une
562 1149 128 35 société,
712 1148 19 31 å
750 1150 196 40 F'exception
967 1153 40 30 de

269 1196 83 21 ceux
378 1189 162 30 résultant
568 1190 169 37 d'actions,
766 1196 91 35 parts
884 1194 123 30 bénéfi-

269 1229 112 30 ciaires
403 1233 33 27 et
458 1234 110 27 autres
590 1233 101 30 titres.

310 1272 14 37 $
348 1271 28 30 5.
422 1273 204 39 Lorsqu'une
657 1276 177 38 entreprise
867 1278 39 29 de
937 1278 68 30 I'un

270 1312 55 31 des
349 1314 86 30 deux
456 1315 109 35 Etats,
584 1316 43 29 du
644 1317 61 30 fait
722 1318 39 29 de
778 1327 35 21 sa
830 1320 175 39 participa-

267 1354 72 30 tion
367 1354 18 31 å
411 1356 30 30 la
468 1357 128 38 gestion
623 1367 40 20 ou
690 1368 42 21 au
759 1361 121 37 capital
907 1362 98 30 d'une

267 1398 177 38 entreprise
470 1399 40 29 de
533 1399 118 31 I'autre
675 1401 92 35 Etat,
793 1402 62 30 fait
879 1412 41 20 ou
945 1404 59 29 im-

267 1447 78 30 pose
369 1438 19 31 å
413 1442 86 28 cette
526 1441 155 36 derniére,
709 1443 80 30 dans
814 1444 84 30 leurs
923 1446 81 29 rela-

265 1480 88 30 tions
380 1483 239 30 commerciales
647 1493 41 20 ou
715 1485 203 37 financiéres,
948 1488 55 30 des

266 1523 185 30 conditions
495 1524 188 32 différentes
727 1527 40 30 de
811 1528 92 30 celles
947 1530 56 38 qui

265 1564 141 30 seraient
431 1566 96 30 faites
555 1565 19 31 å
600 1577 63 20 une
688 1568 99 31 tierce
813 1566 188 47 entreprise,

265 1608 75 27 tous
358 1607 161 30 bénéfices
539 1609 56 38 qui
613 1610 149 30 auraient
781 1611 43 30 då
844 1613 159 30 normale-

263 1651 93 26 ment
372 1650 188 37 apparaitre
576 1660 42 20 au
634 1652 89 29 bilan
740 1653 39 29 de
796 1654 30 29 la
843 1655 159 37 premiére

263 1691 178 38 entreprise
463 1692 82 29 mais
568 1693 55 38 qui
646 1697 58 26 ont
726 1695 52 29 été
801 1696 39 29 de
861 1696 30 30 la
914 1699 87 28 sorte

262 1732 175 30 transférés
459 1732 18 31 å
498 1734 30 30 la
550 1736 137 29 seconde
707 1738 177 38 entreprise
904 1748 97 29 pour-

263 1776 76 27 ront
365 1773 68 31 étre
456 1775 186 40 incorporés
666 1787 66 20 aux
756 1779 160 31 bénéfices
941 1781 59 29 im-

262 1816 149 38 posables
429 1817 39 29 de
484 1817 30 30 la
531 1819 158 38 premiere
706 1822 185 38 entreprise.

545 1977 122 31 Article
689 1979 28 29 4.

301 2026 15 37 $
342 2026 25 28 1.
414 2026 60 30 Les
492 2027 135 31 sociétés
645 2032 102 35 ayant
763 2030 69 30 leur
849 2031 149 32 domicile

260 2066 92 30 fiscal
369 2076 39 21 en
426 2068 107 30 Suéde
551 2070 56 38 qui
623 2071 177 38 possédent
817 2082 39 20 en
874 2074 124 30 France

262 2116 45 21 un
342 2109 247 32 établissement
623 2113 105 29 stable
763 2116 34 27 et
831 2115 56 38 qui
922 2119 76 27 sont

259 2151 157 30 soumises
429 2150 18 31 å
459 2152 131 39 I'impöt
602 2163 54 20 sur
667 2155 29 29 le
708 2164 121 21 revenu
843 2157 54 30 des
911 2158 86 38 capi-

258 2194 84 28 taux
361 2193 163 31 mobiliers
545 2204 40 20 en
604 2199 96 27 vertu
721 2197 39 30 de
779 2198 31 30 la
830 2198 42 30 loi
893 2199 43 30 du
957 2200 39 30 29

257 2233 73 39 juin
356 2235 79 30 1872
458 2238 33 27 et
516 2236 44 30 du
584 2237 109 31 décret
717 2239 43 29 du
784 2239 18 30 6
827 2241 169 31 décembre

257 2276 144 35 suivant,
420 2278 225 38 acquitteront
662 2283 51 27 cet
730 2281 105 39 impöt
853 2283 81 29 dans
951 2284 45 29 les

258 2318 184 30 conditions
463 2321 138 37 prévues
622 2330 59 30 par
702 2332 51 20 ces
775 2324 218 38 dispositions;

257 2361 168 34 toutefois,
463 2362 29 29 le
529 2371 120 21 revenu
685 2366 78 28 taxé
800 2375 40 20 ne
876 2376 119 29 pourra

257 2402 137 30 excéder
414 2403 29 29 le
464 2406 157 28 montant
643 2406 54 29 des
720 2407 161 30 bénéfices
903 2409 92 29 réali-

256 2443 50 29 sés
328 2452 40 21 en
390 2445 134 35 France,
547 2455 22 29 y
592 2448 148 38 compris,
764 2449 49 29 s'il
835 2459 21 29 y
879 2459 17 21 a
918 2451 75 34 lieu,

254 2484 45 29 les
319 2485 160 32 bénéfices
499 2496 42 21 ou
557 2491 179 37 avantages
751 2499 63 30 que
829 2491 30 30 Ia
874 2492 121 30 société

656 189 392 38 Bevillningsutskottets
1073 193 216 33 betänkande
1312 197 49 30 Nr
1385 199 30 29 3.

1054 275 9 30 i
1089 285 101 22 envar
1212 286 42 21 av
1277 280 145 30 staterna
1445 281 51 30 för
1517 281 181 32 inkomster
1719 284 72 31 från

1054 318 169 31 därstädes
1246 320 137 39 belägna
1407 322 88 31 fasta
1520 324 207 32 driftställen.

1094 403 14 37 $
1132 403 28 30 2.
1203 405 119 30 Därest
1351 406 126 30 ordnad
1507 407 182 41 bokföring,
1721 419 69 21 som

1052 448 161 35 noggrant
1242 448 60 29 och
1331 448 121 39 tydligt
1481 450 165 39 särskiljer
1673 451 117 40 ifråga-

1051 488 145 30 varande
1224 488 191 37 inkomster,
1445 490 28 39 ej
1495 491 116 36 finnes,
1629 493 91 30 skola
1736 503 54 21 ve-

1052 528 202 32 derbörande
1292 531 449 42 förvaltningsmyndigheter
1779 536 10 29 i

1051 570 39 29 de
1121 570 86 31 båda
1238 573 244 31 avtalslutande
1505 577 146 29 staterna
1674 576 11 30 i
1707 577 82 30 före-

1049 611 199 33 kommande
1299 615 56 30 fall
1407 616 100 30 träffa
1561 619 227 30 överenskom-

1049 654 98 30 melse
1188 657 138 29 rörande
1362 658 185 38 grunderna
1584 659 50 30 för
1671 660 117 31 fördel-

1049 695 78 40 ning
1155 706 42 20 av
1226 698 350 40 beskattningsrätten.

1090 738 14 37 $
1128 738 28 30 3.
1192 739 76 30 Med
1299 741 80 29 »fast
1410 742 189 30 driftställe»
1631 743 119 31 förstås
1777 745 10 29 i

1049 779 92 30 detta
1165 782 91 29 avtal
1279 782 92 39 varje
1394 784 255 38 stadigvarande
1672 786 115 30 affärs-

1047 822 182 39 anordning
1254 823 50 30 för
1327 824 171 40 företaget,
1526 826 59 30 där
1609 827 177 40 företagets

1046 863 211 31 verksamhet
1279 866 68 29 helt
1369 867 75 30 eller
1467 868 103 29 delvis
1592 871 129 28 utövas.

1086 989 14 37 $
1123 989 29 29 4.
1190 990 75 30 Som
1301 992 145 30 inkomst
1481 993 73 30 från
1582 997 50 27 ett
1659 995 126 40 företag

1044 1029 51 30 för
1116 1033 168 29 utövande
1306 1042 42 21 av
1369 1034 184 31 industriell
1574 1036 211 31 verksamhet

1044 1072 75 29 eller
1150 1073 118 31 handel
1299 1075 170 31 betraktas
1499 1077 146 30 inkomst
1667 1086 116 31 genom

1045 1114 213 41 delägarskap
1285 1116 11 30 i
1323 1117 127 40 företag
1476 1117 11 30 i
1513 1118 85 30 form
1621 1128 42 21 av
1686 1120 96 39 bolag

1043 1155 76 29 eller
1134 1155 149 41 förening
1300 1160 74 28 med
1394 1160 171 40 undantag
1577 1162 50 29 för
1638 1162 145 31 inkomst

1043 1206 42 21 av
1107 1198 115 36 aktier,
1246 1201 204 30 andelsbevis
1469 1203 61 29 och
1548 1204 102 30 andra
1667 1205 115 30 värde-

1042 1248 133 31 papper.

1084 1283 14 36 $
1122 1282 28 30 5.
1187 1283 51 30 Då
1265 1286 49 27 ett
1339 1285 136 39 företag,
1504 1286 277 33 hemmahörande

1041 1323 10 29 i
1073 1333 39 20 en
1134 1333 43 21 av
1198 1326 40 29 de
1259 1326 86 30 båda
1367 1329 157 33 staterna,
1548 1329 42 38 på
1611 1331 105 37 grund
1738 1340 43 20 av

1041 1365 49 29 sin
1111 1366 202 40 delaktighet
1332 1368 10 29 i
1362 1369 173 39 ledningen
1556 1379 42 21 av
1618 1373 49 28 ett
1686 1372 11 29 i
1718 1372 61 30 den

1042 1408 102 29 andra
1185 1411 110 28 staten
1335 1410 278 32 hemmahörande
1653 1413 127 40 företag

1041 1449 75 29 eller
1137 1450 10 29 i
1169 1452 50 28 ett
1241 1452 119 29 sådant
1381 1453 144 39 företags
1547 1454 136 39 kapital,
1707 1456 10 29 i
1740 1456 40 30 de

1040 1491 86 30 båda
1162 1492 184 40 företagens
1381 1494 151 31 handels-
1567 1497 75 29 eller
1677 1498 102 29 andra

1040 1532 211 32 ekonomiska
1277 1535 213 31 förbindelser
1514 1538 76 29 med
1615 1540 164 29 varandra

1038 1574 166 40 tillämpar
1230 1577 76 29 eller
1329 1578 199 30 bestämmer
1543 1580 102 30 andra
1661 1581 118 30 villkor

1039 1618 42 27 än
1108 1617 84 35 dem,
1221 1627 69 21 som
1317 1620 103 29 skulle
1446 1621 87 30 hava
1559 1622 182 39 tillämpats
1768 1623 10 29 i

1038 1658 203 32 förhållande
1264 1661 51 29 till
1339 1663 49 28 ett
1412 1663 107 38 tredje
1543 1663 136 40 företag,
1705 1665 73 29 sko-

1038 1699 30 30 la
1090 1701 62 29 alla
1173 1701 134 36 vinster,
1330 1712 70 21 som
1422 1705 104 29 under
1546 1706 146 30 normala
1714 1707 64 29 för-

1038 1742 174 31 hållanden
1246 1744 75 30 bort
1353 1745 184 31 framträda
1570 1747 10 29 i
1615 1748 162 30 detförst-

1037 1785 144 29 nämnda
1210 1785 178 40 företagets
1417 1788 256 40 balansräkning
1701 1799 75 21 men

1036 1834 69 21 som
1120 1827 41 38 på
1177 1827 92 30 detta
1283 1831 68 27 sätt
1365 1830 160 29 överförts
1539 1831 50 29 till
1604 1832 55 29 det
1674 1832 101 30 andra

1035 1867 171 40 företaget,
1230 1869 111 31 kunna
1373 1871 154 30 inräknas
1560 1873 11 29 i
1595 1873 56 29 det
1673 1873 102 31 första

1035 1909 177 40 företagets
1243 1911 311 41 beskattningsbara
1583 1914 190 31 inkomster.

1314 1988 125 30 Artikel
1461 1989 30 29 4.

1076 2036 14 36 $
1115 2035 27 29 1.
1179 2036 112 39 Bolag,
1307 2047 69 20 som
1391 2038 86 30 hava
1491 2039 59 29 sitt
1564 2040 209 31 skatterätts-

1034 2076 63 39 liga
1128 2077 142 31 hemvist
1302 2079 11 29 i
1347 2080 129 39 Sverige
1510 2082 61 29 och
1599 2082 85 30 hava
1707 2083 67 30 fast

1035 2118 174 31 driftställe
1242 2119 10 29 i
1284 2121 179 31 Frankrike
1507 2124 61 28 och
1613 2133 69 20 som
1717 2128 55 27 äro

1034 2161 242 31 underkastade
1297 2163 61 30 den
1378 2164 11 28 i
1409 2164 180 31 Frankrike
1609 2167 164 38 utgående

1033 2202 132 30 skatten
1194 2204 18 29 å
1240 2204 180 31 inkomster
1447 2215 43 21 av
1517 2207 126 39 kapital
1671 2208 101 40 enligt

1032 2244 93 39 lagen
1144 2245 62 30 den
1224 2246 39 29 29
1280 2246 71 38 juni
1370 2247 79 30 1872
1468 2249 60 28 och
1541 2249 231 40 förordningen

1034 2286 61 29 den
1125 2287 18 28 6
1174 2288 170 30 december
1372 2298 126 21 samma
1528 2291 45 34 år,
1604 2291 91 30 skola
1724 2302 47 20 er-

1032 2328 94 38 lägga
1155 2329 106 30 denna
1289 2331 91 29 skatt
1406 2331 134 38 jämlikt
1568 2333 92 30 dessa
1688 2334 83 30 före-

1032 2370 140 35 skrifter;
1201 2371 83 30 dock
1309 2373 53 29 må
1389 2372 71 31 icke
1486 2374 63 29 den
1575 2375 196 30 beskattade

1031 2411 186 31 inkomsten
1252 2414 162 39 överstiga
1447 2423 152 22 summan
1625 2426 42 20 av
1694 2417 39 29 de
1760 2417 10 29 i

1032 2453 178 31 Frankrike
1229 2454 196 32 förvärvade
1444 2457 234 35 inkomsterna,
1700 2459 70 29 däri

1031 2494 201 40 inbegripna,
1271 2497 9 29 i
1318 2497 268 32 förekommande
1623 2500 66 34 fall,
1730 2500 39 30 de
