2214 2626
434 175 106 28 Andra
564 174 197 29 Kammarens
787 173 158 37 Tillfälliga
973 172 127 29 Utskotts
1122 173 75 36 (N:o
1218 169 33 36 2)
1281 168 152 31 Utlåtande
1455 170 56 29 N:o
1535 171 50 28 39.
1803 168 18 29 9

204 252 90 35 eller
329 250 117 36 andra
482 249 106 37 fallet
622 249 38 37 få
693 249 179 47 försäljas.
928 249 113 37 Dessa
1068 250 277 36 bestämmelser
1372 262 110 32 synas
1509 250 82 36 icke
1617 251 202 46 lämpligen

202 303 129 35 kunna
371 301 189 37 användas
587 302 12 35 i
625 300 106 48 fråga
772 313 60 24 om
872 299 267 49 försäljningen
1177 300 40 36 af
1252 301 46 44 öl,
1325 301 86 36 med
1438 301 145 44 hänsyn
1610 302 59 35 till
1697 301 122 36 denna

203 353 133 47 drycks
365 352 205 36 olikartade
602 350 256 38 beskaffenhet
885 351 85 36 med
997 352 196 35 brännvin.
1247 353 19 34 5
1296 348 18 49 $
1341 352 209 36 innehåller
1577 351 242 48 stadganden,

203 405 76 34 dels
307 408 54 31 att
387 403 177 45 rättighet
590 407 55 31 att
671 402 152 48 försälja
849 402 185 37 brännvin
1062 403 30 45 ej
1122 401 62 37 må
1210 401 217 38 innehafvas
1455 402 40 36 af
1520 416 124 22 annan
1668 410 48 28 än
1736 402 82 45 den,

203 467 80 23 som
311 461 86 39 äger
423 453 290 46 medborgerligt
739 452 213 37 förtroende
980 453 68 35 och
1075 454 13 34 i
1116 452 113 46 öfrigt
1248 460 40 28 är
1305 453 49 46 på
1371 454 91 35 visst
1481 459 72 30 sätt
1571 453 249 45 kvalificerad,

203 505 76 36 dels
315 510 55 30 att
402 504 137 36 handel
574 504 86 36 med
696 504 181 36 brännvin
914 504 79 36 icke
1025 502 58 37 får
1109 516 91 24 vara
1226 503 155 36 förenad
1408 504 85 36 med
1520 517 124 23 annan
1672 504 146 45 handel,

203 556 75 35 dels
311 556 176 45 slutligen
516 560 55 30 att
596 555 98 36 vissa
721 566 185 36 personer,
942 554 119 36 såsom
1097 555 400 47 magistratspersoner,
1524 555 134 44 läkare,
1687 556 133 35 krono-

202 605 143 46 fogdar,
380 607 180 42 länsmän,
597 606 193 47 polismän,
823 605 249 36 ecklesiastike
1100 605 158 36 ämbets-
1288 605 69 36 och
1385 606 231 47 tjänstemän,
1643 605 176 36 folkskol-

202 657 119 36 lärare
348 670 47 22 m.
422 657 44 42 fl.,
508 656 191 36 äfvensom
735 656 199 46 apotekare
969 656 79 35 icke
1083 655 37 36 få
1154 655 88 36 idka
1277 655 436 49 brännvinsförsäljning.
1767 656 52 36 På

203 713 72 30 sätt
314 708 276 35 motionärerna
629 707 173 35 anmärkt
842 714 39 28 är
918 706 195 49 yrkandet,
1153 711 55 31 att
1244 705 258 48 ölförsäljning
1528 708 77 34 lika
1631 708 82 35 litet
1740 720 80 23 som

204 758 135 36 handel
379 758 85 36 med
502 758 186 36 brännvin
728 758 81 35 icke
847 757 67 36 bör
953 756 38 37 få
1027 770 91 23 vara
1144 756 156 37 förenad
1327 757 85 36 med
1439 771 125 23 annan
1591 758 148 44 handel,
1767 763 52 31 ett

202 809 181 45 gammalt
422 809 69 35 och
531 808 134 46 många
704 808 140 45 gånger
870 809 102 34 inom
998 807 214 48 Riksdagen
1240 808 161 35 uttaladt
1428 808 201 45 önskemål,
1656 821 80 23 som
1763 814 56 30 ut-

203 860 137 35 skottet
366 859 58 36 för
451 860 55 35 sin
534 859 61 36 del
621 871 108 23 anser
755 859 238 47 synnerligen
1031 859 198 47 angeläget
1256 863 54 30 att
1336 858 64 36 vid
1427 859 72 36 den
1527 858 191 37 blifvande
1745 872 75 23 om-

203 910 243 46 arbetningen
484 909 40 36 af
555 909 267 46 förordningen
855 922 61 23 om
942 909 221 48 försäljning
1191 908 41 36 af
1255 909 36 35 öl
1319 910 70 35 och
1416 911 63 34 vin
1506 909 38 36 få
1571 909 247 46 genomfördt.

202 960 86 36 Men
315 960 109 37 äfven
453 960 119 46 öfriga
599 961 11 34 i
637 960 252 44 nyssnämnda
909 962 19 33 5
950 957 20 49 $
988 959 59 36 för
1071 959 343 37 brännvinshandel
1432 960 178 46 stadgade
1629 960 191 46 ordnings-

203 1011 276 36 bestämmelser
518 1012 92 35 böra
646 1011 116 45 enligt
796 1011 199 36 utskottets
1031 1011 152 45 mening
1218 1011 61 36 väl
1315 1018 96 40 ägna
1446 1012 56 45 sig
1529 1016 54 30 att
1610 1012 208 47 tillämpa
1795 1007 25 56 i

201 1061 106 47 fråga
347 1075 60 23 om
449 1062 202 36 ölhandeln
692 1062 69 35 och
802 1060 126 37 därför
967 1060 140 37 införas
1134 1062 13 34 i
1175 1061 70 36 den
1273 1061 191 36 blifvande
1491 1063 110 45 lagen
1628 1061 190 47 angående

203 1113 183 36 villkoren
414 1112 58 37 för
497 1112 223 48 försäljning
748 1111 40 36 af
809 1113 64 35 vin
900 1112 68 36 och
996 1113 45 35 öl.

302 1163 17 36 I
340 1166 19 33 6
381 1164 67 35 och
470 1167 19 33 7
510 1160 38 49 $$
567 1163 41 36 af
622 1162 714 46 brännvinsförsäljningsförordningen
1356 1163 206 36 innehållas
1577 1163 241 46 stadganden,

201 1226 80 23 som
309 1215 165 45 speciellt
510 1214 75 36 afse
622 1213 191 44 särskilda,
844 1213 285 46 privilegierade
1157 1213 662 46 brännvinsförsäljningsrättigheter

204 1265 69 35 och
302 1278 79 22 som
409 1265 79 36 icke
515 1264 107 36 torde
650 1271 69 38 äga
745 1264 238 45 tillämpning
1009 1264 13 35 i
1049 1263 107 46 fråga
1184 1277 61 22 om
1271 1269 121 30 rätten
1421 1269 55 30 att
1494 1264 152 47 försälja
1665 1265 46 35 öl.
1749 1268 20 33 8
1789 1261 27 48 $,

203 1316 20 34 9
252 1312 18 48 I
300 1318 18 32 1
348 1328 111 22 mom.
495 1314 191 37 äfvensom
728 1316 145 33 10—15
915 1312 40 48 $$
997 1313 78 37 afse
1115 1319 119 40 sättet,
1274 1314 143 48 hvarpå
1455 1314 177 46 rättighet
1668 1320 55 30 att
1749 1314 70 36 för-

202 1366 92 47 sälja
329 1366 184 36 brännvin
541 1365 61 36 må
628 1366 127 34 kunna
782 1364 216 45 förvärfvas,
1026 1365 99 35 huru
1151 1364 416 49 försäljningsställenas
1595 1367 101 34 antal
1724 1366 95 34 skall

202 1416 231 43 bestämmas,
469 1416 97 36 huru
592 1415 223 36 förverkade
842 1416 216 45 rättigheter
1084 1416 129 34 kunna
1240 1414 143 46 återfås,
1410 1416 12 35 i
1451 1416 127 36 hvilka
1604 1414 69 37 fall
1702 1415 117 37 öfver-

204 1466 126 37 låtelse
358 1466 41 36 af
421 1472 121 31 rätten
570 1468 59 34 till
652 1466 220 46 försäljning
889 1467 60 35 må
968 1467 62 35 ske
1049 1472 97 29 samt
1164 1466 173 46 speciella
1355 1466 232 46 stadganden
1607 1479 61 23 om
1687 1467 132 35 bränn-

202 1517 306 46 vinsförsäljning
548 1518 63 35 vid
651 1517 241 44 hälsobrunn,
931 1516 134 37 badort
1105 1517 70 35 och
1216 1516 20 36 å
1275 1517 365 47 passagerarefartyg
1665 1536 49 5 —
1751 1518 68 35 allt

201 1567 239 44 föreskrifter,
468 1569 128 35 hvilka
622 1569 11 34 i
662 1568 263 44 nykterhetens
953 1569 153 34 intresse
1134 1579 110 36 synas
1272 1567 121 36 såvidt
1419 1568 63 36 ske
1501 1569 74 34 kan
1594 1568 91 35 böra
1704 1569 114 35 vinna

201 1619 239 46 tillämpning
471 1619 140 45 jämväl
647 1619 12 34 i
693 1618 106 45 fråga
835 1631 61 23 om
930 1618 212 36 ölhandeln.
1196 1617 181 37 Särskildt
1403 1617 231 37 förekomma
1660 1620 12 34 i
1700 1620 20 34 8
1749 1616 18 48 $
1796 1621 20 33 3

202 1682 111 22 mom.
341 1675 96 29 samt
466 1671 45 33 10
539 1667 18 47 $
586 1669 44 35 de
657 1669 143 45 viktiga
826 1668 243 47 stadganden,
1098 1681 80 22 som
1196 1669 275 35 motionärerna
1489 1669 86 35 med
1593 1673 98 31 rätta
1708 1671 111 42 yrkat

203 1720 91 35 böra
332 1720 187 45 tillämpas
557 1720 141 46 jämväl
725 1720 11 33 i
763 1718 106 46 fråga
911 1732 59 22 om
1010 1723 122 31 rätten
1159 1719 57 34 till
1244 1718 220 46 försäljning
1491 1718 42 36 af
1556 1720 46 43 öl,
1629 1720 189 44 nämligen

202 1776 54 29 att
284 1771 179 34 kommun
499 1782 135 33 genom
670 1770 79 34 sina
785 1782 116 32 organ
929 1776 86 38 äger
1043 1774 55 30 att
1124 1769 150 45 inlägga
1301 1770 63 34 sitt
1390 1777 84 27 veto
1502 1775 80 30 mot
1608 1770 210 45 beviljande

203 1820 40 35 af
266 1819 670 46 brännvinsförsäljningsrättigheter.
987 1817 74 37 Att
1102 1819 120 35 denna
1260 1825 75 30 rätt
1370 1820 240 36 tillerkännes
1637 1820 182 35 kommun

204 1870 108 37 äfven
333 1872 9 34 i
362 1870 104 46 fråga
494 1884 59 22 om
582 1870 201 36 ölhandeln
811 1882 107 35 synes
945 1870 182 36 utskottet
1147 1869 102 37 desto
1268 1883 102 23 mera
1389 1871 191 46 naturligt,
1600 1883 79 23 som
1698 1871 122 36 denna

201 1922 146 44 handel,
387 1921 119 36 såsom
547 1921 254 36 erfarenheten
841 1921 103 44 visat,
984 1920 59 36 för
1082 1921 272 35 kommunerna
1394 1920 78 36 ofta
1498 1920 146 37 medför
1671 1922 148 43 mycket

202 1971 210 45 betydande
441 1972 245 45 olägenheter.

304 2022 16 35 I
349 2024 19 33 9
399 2019 18 48 $
459 2024 19 33 2
509 2035 110 22 mom.
647 2022 69 35 och
747 2023 44 34 18
820 2018 18 48 $
875 2021 147 45 stadgas
1058 2020 160 37 rörande
1253 2022 439 45 brännvinsrättigheters
1729 2035 90 34 upp-

202 2071 150 37 låtande
379 2071 37 35 åt
442 2072 122 47 bolag,
592 2072 158 35 hvarom
777 2072 181 34 utskottet
984 2072 67 34 här
1079 2070 114 37 ofvan
1221 2071 116 36 redan
1364 2077 118 42 yttrat
1510 2073 64 45 sig.

305 2125 43 32 16
384 2119 18 47 $
430 2127 95 30 samt
554 2124 145 33 19--22
730 2118 39 48 $$
796 2120 112 36 hafva
936 2120 171 36 afseende
1135 2121 21 35 å
1184 2121 44 35 de
1256 2121 181 35 särskilda
1465 2121 158 46 afgifter,
1651 2133 80 24 som
1759 2121 58 36 för

200 2171 666 47 brännvinsförsäljningsrättigheter
893 2172 90 34 böra
1010 2172 178 45 erläggas,
1216 2170 192 37 äfvensom
1436 2171 105 36 dessa
1560 2171 167 46 afgifters
1746 2171 71 36 för-

201 2224 153 44 delning
393 2223 137 35 mellan
572 2228 131 38 staten,
744 2223 220 34 kommuner
999 2222 69 35 och
1107 2221 434 48 hushållningssällskap.
1594 2222 67 35 Att
1689 2222 129 48 dylika

300 2286 64 26 DBih.
385 2286 42 26 till
444 2286 99 25 Riksd.
563 2286 75 25 Prot.
660 2286 80 26 1904.
777 2298 14 13 5
813 2285 85 26 Saml.
934 2284 19 26 2
971 2285 69 32 Afd.
1077 2285 20 25 2
1116 2285 93 25 Band.
1244 2285 37 26 38
1300 2285 81 33 Ilift.
1704 2286 15 13 2
