<?xml version="1.0" encoding="UTF-8"?>
<alto xmlns="http://www.loc.gov/standards/alto/ns-v3#" xmlns:xlink="http://www.w3.org/1999/xlink" xmlns:xsi="http://www.w3.org/2001/XMLSchema-instance" xsi:schemaLocation="http://www.loc.gov/standards/alto/ns-v3# http://www.loc.gov/alto/v3/alto-3-0.xsd">
	<Description>
		<MeasurementUnit>pixel</MeasurementUnit>
		<sourceImageInformation>
			<fileName>/tmp/tess_birjevza_input.PNG</fileName>
		</sourceImageInformation>
		<OCRProcessing ID="OCR_0">
			<ocrProcessingStep>
				<processingSoftware>
					<softwareName>tesseract 5.3.0</softwareName>
				</processingSoftware>
			</ocrProcessingStep>
		</OCRProcessing>
	</Description>
	<Layout>
		<Page WIDTH="2183" HEIGHT="2592" PHYSICAL_IMG_NR="0" ID="page_0">
			<PrintSpace HPOS="0" VPOS="0" WIDTH="2183" HEIGHT="2592">
				<ComposedBlock ID="cblock_0" HPOS="355" VPOS="202" WIDTH="1102" HEIGHT="36">
					<TextBlock ID="block_0" HPOS="355" VPOS="202" WIDTH="1102" HEIGHT="36">
						<TextLine ID="line_0" HPOS="355" VPOS="202" WIDTH="1102" HEIGHT="36">
							<String ID="string_0" HPOS="355" VPOS="202" WIDTH="18" HEIGHT="29" WC="0.94" CONTENT="6"/><SP WIDTH="427" VPOS="202" HPOS="373"/>
							<String ID="string_1" HPOS="800" VPOS="202" WIDTH="108" HEIGHT="32" WC="0.87" CONTENT="Stats-"/><SP WIDTH="11" VPOS="202" HPOS="908"/>
							<String ID="string_2" HPOS="919" VPOS="202" WIDTH="172" HEIGHT="33" WC="0.94" CONTENT="Utskottets"/><SP WIDTH="29" VPOS="202" HPOS="1091"/>
							<String ID="string_3" HPOS="1120" VPOS="203" WIDTH="178" HEIGHT="33" WC="0.95" CONTENT="Utlåtande"/><SP WIDTH="23" VPOS="203" HPOS="1298"/>
							<String ID="string_4" HPOS="1321" VPOS="205" WIDTH="63" HEIGHT="32" WC="0.94" CONTENT="N:o"/><SP WIDTH="23" VPOS="205" HPOS="1384"/>
							<String ID="string_5" HPOS="1407" VPOS="209" WIDTH="50" HEIGHT="29" WC="0.95" CONTENT="39."/>
						</TextLine>
					</TextBlock>
				</ComposedBlock>
				<ComposedBlock ID="cblock_1" HPOS="307" VPOS="281" WIDTH="1627" HEIGHT="665">
					<TextBlock ID="block_1" HPOS="307" VPOS="281" WIDTH="1627" HEIGHT="665">
						<TextLine ID="line_1" HPOS="314" VPOS="281" WIDTH="1620" HEIGHT="55">
							<String ID="string_6" HPOS="314" VPOS="281" WIDTH="50" HEIGHT="35" WC="0.95" CONTENT="uti"/><SP WIDTH="30" VPOS="281" HPOS="364"/>
							<String ID="string_7" HPOS="394" VPOS="281" WIDTH="140" HEIGHT="35" WC="0.96" CONTENT="hvilket"/><SP WIDTH="38" VPOS="281" HPOS="534"/>
							<String ID="string_8" HPOS="572" VPOS="281" WIDTH="184" HEIGHT="35" WC="0.95" CONTENT="utlåtande"/><SP WIDTH="30" VPOS="281" HPOS="756"/>
							<String ID="string_9" HPOS="786" VPOS="281" WIDTH="132" HEIGHT="47" WC="0.90" CONTENT="Kongl."/><SP WIDTH="29" VPOS="281" HPOS="918"/>
							<String ID="string_10" HPOS="947" VPOS="282" WIDTH="123" HEIGHT="47" WC="0.93" CONTENT="Maj:ts"/><SP WIDTH="28" VPOS="282" HPOS="1070"/>
							<String ID="string_11" HPOS="1098" VPOS="282" WIDTH="402" HEIGHT="50" WC="0.91" CONTENT="Befallningshatvande"/><SP WIDTH="28" VPOS="282" HPOS="1500"/>
							<String ID="string_12" HPOS="1528" VPOS="287" WIDTH="54" HEIGHT="35" WC="0.96" CONTENT="för"/><SP WIDTH="28" VPOS="287" HPOS="1582"/>
							<String ID="string_13" HPOS="1610" VPOS="288" WIDTH="54" HEIGHT="35" WC="0.96" CONTENT="sin"/><SP WIDTH="29" VPOS="288" HPOS="1664"/>
							<String ID="string_14" HPOS="1693" VPOS="288" WIDTH="57" HEIGHT="35" WC="0.93" CONTENT="del"/><SP WIDTH="28" VPOS="288" HPOS="1750"/>
							<String ID="string_15" HPOS="1778" VPOS="289" WIDTH="156" HEIGHT="47" WC="0.92" CONTENT="instämt;"/>
						</TextLine>
						<TextLine ID="line_2" HPOS="312" VPOS="333" WIDTH="1620" HEIGHT="52">
							<String ID="string_16" HPOS="312" VPOS="337" WIDTH="90" HEIGHT="31" WC="0.96" CONTENT="samt"/><SP WIDTH="42" VPOS="337" HPOS="402"/>
							<String ID="string_17" HPOS="444" VPOS="336" WIDTH="51" HEIGHT="32" WC="0.96" CONTENT="att"/><SP WIDTH="42" VPOS="336" HPOS="495"/>
							<String ID="string_18" HPOS="537" VPOS="333" WIDTH="168" HEIGHT="47" WC="0.96" CONTENT="slutligen"/><SP WIDTH="39" VPOS="333" HPOS="705"/>
							<String ID="string_19" HPOS="744" VPOS="333" WIDTH="254" HEIGHT="47" WC="0.91" CONTENT="församlingen"/><SP WIDTH="42" VPOS="333" HPOS="998"/>
							<String ID="string_20" HPOS="1040" VPOS="334" WIDTH="21" HEIGHT="35" WC="0.86" CONTENT="å"/><SP WIDTH="28" VPOS="334" HPOS="1061"/>
							<String ID="string_21" HPOS="1089" VPOS="335" WIDTH="265" HEIGHT="47" WC="0.92" CONTENT="kyrkostämma"/><SP WIDTH="28" VPOS="335" HPOS="1354"/>
							<String ID="string_22" HPOS="1382" VPOS="337" WIDTH="68" HEIGHT="35" WC="0.96" CONTENT="den"/><SP WIDTH="30" VPOS="337" HPOS="1450"/>
							<String ID="string_23" HPOS="1480" VPOS="340" WIDTH="46" HEIGHT="32" WC="0.95" CONTENT="22"/><SP WIDTH="31" VPOS="340" HPOS="1526"/>
							<String ID="string_24" HPOS="1557" VPOS="339" WIDTH="157" HEIGHT="46" WC="0.95" CONTENT="Augusti"/><SP WIDTH="33" VPOS="339" HPOS="1714"/>
							<String ID="string_25" HPOS="1747" VPOS="343" WIDTH="95" HEIGHT="33" WC="0.90" CONTENT="1875"/><SP WIDTH="31" VPOS="343" HPOS="1842"/>
							<String ID="string_26" HPOS="1873" VPOS="354" WIDTH="59" HEIGHT="22" WC="0.90" CONTENT="en-"/>
						</TextLine>
						<TextLine ID="line_3" HPOS="314" VPOS="384" WIDTH="1620" HEIGHT="55">
							<String ID="string_27" HPOS="314" VPOS="384" WIDTH="128" HEIGHT="46" WC="0.90" CONTENT="hälligt"/><SP WIDTH="41" VPOS="384" HPOS="442"/>
							<String ID="string_28" HPOS="483" VPOS="384" WIDTH="140" HEIGHT="47" WC="0.92" CONTENT="antagit"/><SP WIDTH="41" VPOS="384" HPOS="623"/>
							<String ID="string_29" HPOS="664" VPOS="384" WIDTH="509" HEIGHT="49" WC="0.91" CONTENT="landtmäteriförrättningens"/><SP WIDTH="28" VPOS="384" HPOS="1173"/>
							<String ID="string_30" HPOS="1201" VPOS="387" WIDTH="142" HEIGHT="47" WC="0.96" CONTENT="förslag,"/><SP WIDTH="30" VPOS="387" HPOS="1343"/>
							<String ID="string_31" HPOS="1373" VPOS="388" WIDTH="85" HEIGHT="35" WC="0.96" CONTENT="eller"/><SP WIDTH="28" VPOS="388" HPOS="1458"/>
							<String ID="string_32" HPOS="1486" VPOS="401" WIDTH="43" HEIGHT="22" WC="0.95" CONTENT="en"/><SP WIDTH="28" VPOS="401" HPOS="1529"/>
							<String ID="string_33" HPOS="1557" VPOS="390" WIDTH="92" HEIGHT="46" WC="0.93" CONTENT="årlig"/><SP WIDTH="29" VPOS="390" HPOS="1649"/>
							<String ID="string_34" HPOS="1678" VPOS="392" WIDTH="256" HEIGHT="47" WC="0.89" CONTENT="arrendeafgift"/>
						</TextLine>
						<TextLine ID="line_4" HPOS="311" VPOS="434" WIDTH="1621" HEIGHT="61">
							<String ID="string_35" HPOS="311" VPOS="434" WIDTH="41" HEIGHT="36" WC="0.95" CONTENT="af"/><SP WIDTH="36" VPOS="434" HPOS="352"/>
							<String ID="string_36" HPOS="388" VPOS="439" WIDTH="77" HEIGHT="43" WC="0.93" CONTENT="37,8"/><SP WIDTH="37" VPOS="439" HPOS="465"/>
							<String ID="string_37" HPOS="502" VPOS="436" WIDTH="167" HEIGHT="35" WC="0.92" CONTENT="kubikfot"/><SP WIDTH="28" VPOS="436" HPOS="669"/>
							<String ID="string_38" HPOS="697" VPOS="436" WIDTH="100" HEIGHT="35" WC="0.95" CONTENT="korn."/><SP WIDTH="56" VPOS="436" HPOS="797"/>
							<String ID="string_39" HPOS="853" VPOS="436" WIDTH="100" HEIGHT="36" WC="0.93" CONTENT="Efter"/><SP WIDTH="28" VPOS="436" HPOS="953"/>
							<String ID="string_40" HPOS="981" VPOS="437" WIDTH="59" HEIGHT="36" WC="0.93" CONTENT="det"/><SP WIDTH="27" VPOS="437" HPOS="1040"/>
							<String ID="string_41" HPOS="1067" VPOS="438" WIDTH="376" HEIGHT="47" WC="0.86" CONTENT="Arméförvaltningen"/><SP WIDTH="29" VPOS="438" HPOS="1443"/>
							<String ID="string_42" HPOS="1472" VPOS="439" WIDTH="64" HEIGHT="36" WC="0.96" CONTENT="och"/><SP WIDTH="30" VPOS="439" HPOS="1536"/>
							<String ID="string_43" HPOS="1566" VPOS="437" WIDTH="366" HEIGHT="58" WC="0.91" CONTENT="Kammarkollegium"/>
						</TextLine>
						<TextLine ID="line_5" HPOS="313" VPOS="487" WIDTH="1620" HEIGHT="53">
							<String ID="string_44" HPOS="313" VPOS="487" WIDTH="48" HEIGHT="35" WC="0.92" CONTENT="uti"/><SP WIDTH="33" VPOS="487" HPOS="361"/>
							<String ID="string_45" HPOS="394" VPOS="487" WIDTH="150" HEIGHT="46" WC="0.90" CONTENT="afgifvet"/><SP WIDTH="28" VPOS="487" HPOS="544"/>
							<String ID="string_46" HPOS="572" VPOS="487" WIDTH="240" HEIGHT="47" WC="0.96" CONTENT="underdånigt"/><SP WIDTH="28" VPOS="487" HPOS="812"/>
							<String ID="string_47" HPOS="840" VPOS="488" WIDTH="183" HEIGHT="36" WC="0.93" CONTENT="utlåtande"/><SP WIDTH="29" VPOS="488" HPOS="1023"/>
							<String ID="string_48" HPOS="1052" VPOS="490" WIDTH="176" HEIGHT="45" WC="0.92" CONTENT="hemstält,"/><SP WIDTH="29" VPOS="490" HPOS="1228"/>
							<String ID="string_49" HPOS="1257" VPOS="495" WIDTH="64" HEIGHT="39" WC="0.96" CONTENT="att,"/><SP WIDTH="28" VPOS="495" HPOS="1321"/>
							<String ID="string_50" HPOS="1349" VPOS="494" WIDTH="87" HEIGHT="31" WC="0.96" CONTENT="enär"/><SP WIDTH="24" VPOS="494" HPOS="1436"/>
							<String ID="string_51" HPOS="1460" VPOS="490" WIDTH="145" HEIGHT="47" WC="0.93" CONTENT="jordens"/><SP WIDTH="29" VPOS="490" HPOS="1605"/>
							<String ID="string_52" HPOS="1634" VPOS="493" WIDTH="215" HEIGHT="47" WC="0.89" CONTENT="behöflighet"/><SP WIDTH="31" VPOS="493" HPOS="1849"/>
							<String ID="string_53" HPOS="1880" VPOS="497" WIDTH="53" HEIGHT="34" WC="0.96" CONTENT="till"/>
						</TextLine>
						<TextLine ID="line_6" HPOS="313" VPOS="538" WIDTH="1617" HEIGHT="55">
							<String ID="string_54" HPOS="313" VPOS="538" WIDTH="329" HEIGHT="48" WC="0.91" CONTENT="begrafningsplats"/><SP WIDTH="29" VPOS="538" HPOS="642"/>
							<String ID="string_55" HPOS="671" VPOS="539" WIDTH="115" HEIGHT="35" WC="0.95" CONTENT="blifvit"/><SP WIDTH="29" VPOS="539" HPOS="786"/>
							<String ID="string_56" HPOS="815" VPOS="540" WIDTH="123" HEIGHT="47" WC="0.96" CONTENT="styrkt,"/><SP WIDTH="30" VPOS="540" HPOS="938"/>
							<String ID="string_57" HPOS="968" VPOS="553" WIDTH="81" HEIGHT="22" WC="0.92" CONTENT="men"/><SP WIDTH="28" VPOS="553" HPOS="1049"/>
							<String ID="string_58" HPOS="1077" VPOS="541" WIDTH="183" HEIGHT="36" WC="0.92" CONTENT="boställets"/><SP WIDTH="30" VPOS="541" HPOS="1260"/>
							<String ID="string_59" HPOS="1290" VPOS="543" WIDTH="205" HEIGHT="35" WC="0.93" CONTENT="arrendator"/><SP WIDTH="28" VPOS="543" HPOS="1495"/>
							<String ID="string_60" HPOS="1523" VPOS="543" WIDTH="135" HEIGHT="36" WC="0.91" CONTENT="fordrat"/><SP WIDTH="27" VPOS="543" HPOS="1658"/>
							<String ID="string_61" HPOS="1685" VPOS="544" WIDTH="109" HEIGHT="47" WC="0.93" CONTENT="högre"/><SP WIDTH="20" VPOS="544" HPOS="1794"/>
							<String ID="string_62" HPOS="1814" VPOS="547" WIDTH="116" HEIGHT="46" WC="0.16" CONTENT="afcäld"/>
						</TextLine>
						<TextLine ID="line_7" HPOS="311" VPOS="590" WIDTH="1621" HEIGHT="53">
							<String ID="string_63" HPOS="311" VPOS="593" WIDTH="45" HEIGHT="31" WC="0.96" CONTENT="än"/><SP WIDTH="30" VPOS="593" HPOS="356"/>
							<String ID="string_64" HPOS="386" VPOS="591" WIDTH="67" HEIGHT="34" WC="0.96" CONTENT="den"/><SP WIDTH="29" VPOS="591" HPOS="453"/>
							<String ID="string_65" HPOS="482" VPOS="590" WIDTH="39" HEIGHT="34" WC="0.93" CONTENT="af"/><SP WIDTH="23" VPOS="590" HPOS="521"/>
							<String ID="string_66" HPOS="544" VPOS="590" WIDTH="237" HEIGHT="36" WC="0.91" CONTENT="landtmätare"/><SP WIDTH="41" VPOS="590" HPOS="781"/>
							<String ID="string_67" HPOS="822" VPOS="591" WIDTH="65" HEIGHT="35" WC="0.96" CONTENT="och"/><SP WIDTH="28" VPOS="591" HPOS="887"/>
							<String ID="string_68" HPOS="915" VPOS="593" WIDTH="91" HEIGHT="45" WC="0.96" CONTENT="gode"/><SP WIDTH="29" VPOS="593" HPOS="1006"/>
							<String ID="string_69" HPOS="1035" VPOS="596" WIDTH="81" HEIGHT="31" WC="0.96" CONTENT="män"/><SP WIDTH="30" VPOS="596" HPOS="1116"/>
							<String ID="string_70" HPOS="1146" VPOS="592" WIDTH="57" HEIGHT="35" WC="0.96" CONTENT="vid"/><SP WIDTH="25" VPOS="592" HPOS="1203"/>
							<String ID="string_71" HPOS="1228" VPOS="592" WIDTH="145" HEIGHT="47" WC="0.93" CONTENT="jordens"/><SP WIDTH="28" VPOS="592" HPOS="1373"/>
							<String ID="string_72" HPOS="1401" VPOS="595" WIDTH="208" HEIGHT="47" WC="0.92" CONTENT="utstakning"/><SP WIDTH="28" VPOS="595" HPOS="1609"/>
							<String ID="string_73" HPOS="1637" VPOS="596" WIDTH="202" HEIGHT="47" WC="0.96" CONTENT="föreslagna"/><SP WIDTH="28" VPOS="596" HPOS="1839"/>
							<String ID="string_74" HPOS="1867" VPOS="599" WIDTH="65" HEIGHT="35" WC="0.96" CONTENT="och"/>
						</TextLine>
						<TextLine ID="line_8" HPOS="310" VPOS="641" WIDTH="1621" HEIGHT="53">
							<String ID="string_75" HPOS="310" VPOS="642" WIDTH="38" HEIGHT="34" WC="0.95" CONTENT="af"/><SP WIDTH="41" VPOS="642" HPOS="348"/>
							<String ID="string_76" HPOS="389" VPOS="641" WIDTH="257" HEIGHT="47" WC="0.92" CONTENT="församlingen"/><SP WIDTH="43" VPOS="641" HPOS="646"/>
							<String ID="string_77" HPOS="689" VPOS="642" WIDTH="181" HEIGHT="47" WC="0.92" CONTENT="erbjudna,"/><SP WIDTH="42" VPOS="642" HPOS="870"/>
							<String ID="string_78" HPOS="912" VPOS="643" WIDTH="133" HEIGHT="46" WC="0.94" CONTENT="Kongl."/><SP WIDTH="43" VPOS="643" HPOS="1045"/>
							<String ID="string_79" HPOS="1088" VPOS="643" WIDTH="102" HEIGHT="47" WC="0.96" CONTENT="Maj:t"/><SP WIDTH="41" VPOS="643" HPOS="1190"/>
							<String ID="string_80" HPOS="1231" VPOS="645" WIDTH="134" HEIGHT="35" WC="0.95" CONTENT="täcktes"/><SP WIDTH="41" VPOS="645" HPOS="1365"/>
							<String ID="string_81" HPOS="1406" VPOS="645" WIDTH="157" HEIGHT="36" WC="0.95" CONTENT="förklara"/><SP WIDTH="35" VPOS="645" HPOS="1563"/>
							<String ID="string_82" HPOS="1598" VPOS="647" WIDTH="128" HEIGHT="47" WC="0.95" CONTENT="jorden"/><SP WIDTH="34" VPOS="647" HPOS="1726"/>
							<String ID="string_83" HPOS="1760" VPOS="649" WIDTH="87" HEIGHT="35" WC="0.96" CONTENT="böra"/><SP WIDTH="28" VPOS="649" HPOS="1847"/>
							<String ID="string_84" HPOS="1875" VPOS="650" WIDTH="56" HEIGHT="35" WC="0.96" CONTENT="för"/>
						</TextLine>
						<TextLine ID="line_9" HPOS="310" VPOS="693" WIDTH="1618" HEIGHT="54">
							<String ID="string_85" HPOS="310" VPOS="693" WIDTH="112" HEIGHT="46" WC="0.96" CONTENT="sagda"/><SP WIDTH="30" VPOS="693" HPOS="422"/>
							<String ID="string_86" HPOS="452" VPOS="693" WIDTH="168" HEIGHT="35" WC="0.96" CONTENT="ändamål"/><SP WIDTH="29" VPOS="693" HPOS="620"/>
							<String ID="string_87" HPOS="649" VPOS="693" WIDTH="77" HEIGHT="35" WC="0.92" CONTENT="från"/><SP WIDTH="31" VPOS="693" HPOS="726"/>
							<String ID="string_88" HPOS="757" VPOS="694" WIDTH="166" HEIGHT="35" WC="0.91" CONTENT="bostället"/><SP WIDTH="29" VPOS="694" HPOS="923"/>
							<String ID="string_89" HPOS="952" VPOS="694" WIDTH="109" HEIGHT="36" WC="0.92" CONTENT="afstås"/><SP WIDTH="29" VPOS="694" HPOS="1061"/>
							<String ID="string_90" HPOS="1090" VPOS="700" WIDTH="71" HEIGHT="29" WC="0.97" CONTENT="mot"/><SP WIDTH="27" VPOS="700" HPOS="1161"/>
							<String ID="string_91" HPOS="1188" VPOS="695" WIDTH="68" HEIGHT="35" WC="0.96" CONTENT="den"/><SP WIDTH="28" VPOS="695" HPOS="1256"/>
							<String ID="string_92" HPOS="1284" VPOS="697" WIDTH="207" HEIGHT="46" WC="0.96" CONTENT="ersättning,"/><SP WIDTH="22" VPOS="697" HPOS="1491"/>
							<String ID="string_93" HPOS="1513" VPOS="710" WIDTH="74" HEIGHT="23" WC="0.96" CONTENT="som"/><SP WIDTH="20" VPOS="710" HPOS="1587"/>
							<String ID="string_94" HPOS="1607" VPOS="699" WIDTH="51" HEIGHT="34" WC="0.96" CONTENT="uti"/><SP WIDTH="20" VPOS="699" HPOS="1658"/>
							<String ID="string_95" HPOS="1678" VPOS="700" WIDTH="66" HEIGHT="34" WC="0.96" CONTENT="den"/><SP WIDTH="22" VPOS="700" HPOS="1744"/>
							<String ID="string_96" HPOS="1766" VPOS="700" WIDTH="10" HEIGHT="34" WC="0.96" CONTENT="i"/><SP WIDTH="21" VPOS="700" HPOS="1776"/>
							<String ID="string_97" HPOS="1797" VPOS="699" WIDTH="131" HEIGHT="48" WC="0.96" CONTENT="Kongl."/>
						</TextLine>
						<TextLine ID="line_10" HPOS="309" VPOS="744" WIDTH="1621" HEIGHT="52">
							<String ID="string_98" HPOS="309" VPOS="744" WIDTH="255" HEIGHT="47" WC="0.96" CONTENT="förordningen"/><SP WIDTH="44" VPOS="744" HPOS="564"/>
							<String ID="string_99" HPOS="608" VPOS="745" WIDTH="68" HEIGHT="34" WC="0.95" CONTENT="den"/><SP WIDTH="45" VPOS="745" HPOS="676"/>
							<String ID="string_100" HPOS="721" VPOS="748" WIDTH="45" HEIGHT="32" WC="0.95" CONTENT="14"/><SP WIDTH="42" VPOS="748" HPOS="766"/>
							<String ID="string_101" HPOS="808" VPOS="744" WIDTH="105" HEIGHT="48" WC="0.96" CONTENT="April"/><SP WIDTH="34" VPOS="744" HPOS="913"/>
							<String ID="string_102" HPOS="947" VPOS="748" WIDTH="109" HEIGHT="43" WC="0.96" CONTENT="1866,"/><SP WIDTH="30" VPOS="748" HPOS="1056"/>
							<String ID="string_103" HPOS="1086" VPOS="746" WIDTH="182" HEIGHT="46" WC="0.96" CONTENT="angående"/><SP WIDTH="25" VPOS="746" HPOS="1268"/>
							<String ID="string_104" HPOS="1293" VPOS="747" WIDTH="100" HEIGHT="47" WC="0.96" CONTENT="jords"/><SP WIDTH="28" VPOS="747" HPOS="1393"/>
							<String ID="string_105" HPOS="1421" VPOS="748" WIDTH="86" HEIGHT="36" WC="0.93" CONTENT="eller"/><SP WIDTH="28" VPOS="748" HPOS="1507"/>
							<String ID="string_106" HPOS="1535" VPOS="749" WIDTH="188" HEIGHT="47" WC="0.91" CONTENT="lägenhets"/><SP WIDTH="29" VPOS="749" HPOS="1723"/>
							<String ID="string_107" HPOS="1752" VPOS="751" WIDTH="178" HEIGHT="36" WC="0.92" CONTENT="afstående"/>
						</TextLine>
						<TextLine ID="line_11" HPOS="307" VPOS="795" WIDTH="1622" HEIGHT="53">
							<String ID="string_108" HPOS="307" VPOS="795" WIDTH="53" HEIGHT="35" WC="0.96" CONTENT="för"/><SP WIDTH="41" VPOS="795" HPOS="360"/>
							<String ID="string_109" HPOS="401" VPOS="796" WIDTH="151" HEIGHT="34" WC="0.92" CONTENT="allmänt"/><SP WIDTH="41" VPOS="796" HPOS="552"/>
							<String ID="string_110" HPOS="593" VPOS="796" WIDTH="115" HEIGHT="46" WC="0.92" CONTENT="behof,"/><SP WIDTH="42" VPOS="796" HPOS="708"/>
							<String ID="string_111" HPOS="750" VPOS="796" WIDTH="212" HEIGHT="36" WC="0.90" CONTENT="föreskrifna"/><SP WIDTH="42" VPOS="796" HPOS="962"/>
							<String ID="string_112" HPOS="1004" VPOS="798" WIDTH="153" HEIGHT="46" WC="0.96" CONTENT="ordning"/><SP WIDTH="41" VPOS="798" HPOS="1157"/>
							<String ID="string_113" HPOS="1198" VPOS="798" WIDTH="119" HEIGHT="36" WC="0.92" CONTENT="kunde"/><SP WIDTH="42" VPOS="798" HPOS="1317"/>
							<String ID="string_114" HPOS="1359" VPOS="800" WIDTH="109" HEIGHT="34" WC="0.91" CONTENT="varda"/><SP WIDTH="41" VPOS="800" HPOS="1468"/>
							<String ID="string_115" HPOS="1509" VPOS="801" WIDTH="168" HEIGHT="47" WC="0.94" CONTENT="bestämd,"/><SP WIDTH="29" VPOS="801" HPOS="1677"/>
							<String ID="string_116" HPOS="1706" VPOS="803" WIDTH="64" HEIGHT="35" WC="0.96" CONTENT="har"/><SP WIDTH="28" VPOS="803" HPOS="1770"/>
							<String ID="string_117" HPOS="1798" VPOS="803" WIDTH="131" HEIGHT="45" WC="0.96" CONTENT="Kongl."/>
						</TextLine>
						<TextLine ID="line_12" HPOS="309" VPOS="846" WIDTH="1621" HEIGHT="52">
							<String ID="string_118" HPOS="309" VPOS="847" WIDTH="103" HEIGHT="47" WC="0.95" CONTENT="Maj:t"/><SP WIDTH="44" VPOS="847" HPOS="412"/>
							<String ID="string_119" HPOS="456" VPOS="859" WIDTH="48" HEIGHT="23" WC="0.95" CONTENT="nu"/><SP WIDTH="41" VPOS="859" HPOS="504"/>
							<String ID="string_120" HPOS="545" VPOS="846" WIDTH="185" HEIGHT="48" WC="0.93" CONTENT="föreslagit"/><SP WIDTH="29" VPOS="846" HPOS="730"/>
							<String ID="string_121" HPOS="759" VPOS="847" WIDTH="217" HEIGHT="48" WC="0.96" CONTENT="Riksdagen,"/><SP WIDTH="31" VPOS="847" HPOS="976"/>
							<String ID="string_122" HPOS="1007" VPOS="852" WIDTH="51" HEIGHT="31" WC="0.96" CONTENT="att"/><SP WIDTH="30" VPOS="852" HPOS="1058"/>
							<String ID="string_123" HPOS="1088" VPOS="849" WIDTH="78" HEIGHT="34" WC="0.93" CONTENT="från"/><SP WIDTH="28" VPOS="849" HPOS="1166"/>
							<String ID="string_124" HPOS="1194" VPOS="850" WIDTH="22" HEIGHT="34" WC="0.91" CONTENT="f."/><SP WIDTH="31" VPOS="850" HPOS="1216"/>
							<String ID="string_125" HPOS="1247" VPOS="851" WIDTH="30" HEIGHT="34" WC="0.91" CONTENT="d."/><SP WIDTH="29" VPOS="851" HPOS="1277"/>
							<String ID="string_126" HPOS="1306" VPOS="850" WIDTH="349" HEIGHT="48" WC="0.90" CONTENT="korporalsbostället"/><SP WIDTH="28" VPOS="850" HPOS="1655"/>
							<String ID="string_127" HPOS="1683" VPOS="854" WIDTH="74" HEIGHT="36" WC="0.90" CONTENT="N:is"/><SP WIDTH="34" VPOS="854" HPOS="1757"/>
							<String ID="string_128" HPOS="1791" VPOS="858" WIDTH="42" HEIGHT="32" WC="0.96" CONTENT="12"/><SP WIDTH="32" VPOS="858" HPOS="1833"/>
							<String ID="string_129" HPOS="1865" VPOS="856" WIDTH="65" HEIGHT="35" WC="0.96" CONTENT="och"/>
						</TextLine>
						<TextLine ID="line_13" HPOS="316" VPOS="898" WIDTH="1613" HEIGHT="48">
							<String ID="string_130" HPOS="316" VPOS="900" WIDTH="40" HEIGHT="33" WC="0.81" CONTENT="14"/><SP WIDTH="31" VPOS="900" HPOS="356"/>
							<String ID="string_131" HPOS="387" VPOS="898" WIDTH="155" HEIGHT="48" WC="0.68" CONTENT="Östraby"/><SP WIDTH="29" VPOS="898" HPOS="542"/>
							<String ID="string_132" HPOS="571" VPOS="899" WIDTH="109" HEIGHT="35" WC="0.96" CONTENT="måtte"/><SP WIDTH="28" VPOS="899" HPOS="680"/>
							<String ID="string_133" HPOS="708" VPOS="899" WIDTH="54" HEIGHT="35" WC="0.96" CONTENT="för"/><SP WIDTH="28" VPOS="899" HPOS="762"/>
							<String ID="string_134" HPOS="790" VPOS="899" WIDTH="274" HEIGHT="47" WC="0.96" CONTENT="ifrågavarande"/><SP WIDTH="30" VPOS="899" HPOS="1064"/>
							<String ID="string_135" HPOS="1094" VPOS="901" WIDTH="164" HEIGHT="35" WC="0.95" CONTENT="ändamål"/><SP WIDTH="29" VPOS="901" HPOS="1258"/>
							<String ID="string_136" HPOS="1287" VPOS="902" WIDTH="34" HEIGHT="34" WC="0.93" CONTENT="få"/><SP WIDTH="29" VPOS="902" HPOS="1321"/>
							<String ID="string_137" HPOS="1350" VPOS="902" WIDTH="183" HEIGHT="37" WC="0.92" CONTENT="afsöndras"/><SP WIDTH="28" VPOS="902" HPOS="1533"/>
							<String ID="string_138" HPOS="1561" VPOS="903" WIDTH="108" HEIGHT="37" WC="0.93" CONTENT="ofvan"/><SP WIDTH="29" VPOS="903" HPOS="1669"/>
							<String ID="string_139" HPOS="1698" VPOS="907" WIDTH="231" HEIGHT="36" WC="0.91" CONTENT="omförmälda"/>
						</TextLine>
					</TextBlock>
				</ComposedBlock>
				<ComposedBlock ID="cblock_2" HPOS="306" VPOS="1103" WIDTH="1620" HEIGHT="256">
					<TextBlock ID="block_2" HPOS="306" VPOS="1103" WIDTH="1620" HEIGHT="151">
						<TextLine ID="line_14" HPOS="439" VPOS="1103" WIDTH="1487" HEIGHT="56">
							<String ID="string_140" HPOS="439" VPOS="1103" WIDTH="310" HEIGHT="48" WC="0.91" CONTENT="Stats-Utskottet,"/><SP WIDTH="43" VPOS="1103" HPOS="749"/>
							<String ID="string_141" HPOS="792" VPOS="1106" WIDTH="54" HEIGHT="34" WC="0.95" CONTENT="till"/><SP WIDTH="41" VPOS="1106" HPOS="846"/>
							<String ID="string_142" HPOS="887" VPOS="1106" WIDTH="107" HEIGHT="35" WC="0.95" CONTENT="hvars"/><SP WIDTH="44" VPOS="1106" HPOS="994"/>
							<String ID="string_143" HPOS="1038" VPOS="1106" WIDTH="217" HEIGHT="47" WC="0.96" CONTENT="behandling"/><SP WIDTH="42" VPOS="1106" HPOS="1255"/>
							<String ID="string_144" HPOS="1297" VPOS="1108" WIDTH="93" HEIGHT="35" WC="0.95" CONTENT="detta"/><SP WIDTH="38" VPOS="1108" HPOS="1390"/>
							<String ID="string_145" HPOS="1428" VPOS="1110" WIDTH="130" HEIGHT="34" WC="0.96" CONTENT="ärende"/><SP WIDTH="29" VPOS="1110" HPOS="1558"/>
							<String ID="string_146" HPOS="1587" VPOS="1111" WIDTH="115" HEIGHT="35" WC="0.93" CONTENT="blifvit"/><SP WIDTH="28" VPOS="1111" HPOS="1702"/>
							<String ID="string_147" HPOS="1730" VPOS="1111" WIDTH="196" HEIGHT="48" WC="0.92" CONTENT="hänvisadt,"/>
						</TextLine>
						<TextLine ID="line_15" HPOS="307" VPOS="1156" WIDTH="1617" HEIGHT="53">
							<String ID="string_148" HPOS="307" VPOS="1156" WIDTH="65" HEIGHT="34" WC="0.96" CONTENT="har"/><SP WIDTH="41" VPOS="1156" HPOS="372"/>
							<String ID="string_149" HPOS="413" VPOS="1160" WIDTH="94" HEIGHT="31" WC="0.95" CONTENT="emot"/><SP WIDTH="43" VPOS="1160" HPOS="507"/>
							<String ID="string_150" HPOS="550" VPOS="1157" WIDTH="68" HEIGHT="34" WC="0.96" CONTENT="den"/><SP WIDTH="47" VPOS="1157" HPOS="618"/>
							<String ID="string_151" HPOS="665" VPOS="1156" WIDTH="129" HEIGHT="48" WC="0.96" CONTENT="nådiga"/><SP WIDTH="42" VPOS="1156" HPOS="794"/>
							<String ID="string_152" HPOS="836" VPOS="1157" WIDTH="305" HEIGHT="47" WC="0.95" CONTENT="framställningen"/><SP WIDTH="42" VPOS="1157" HPOS="1141"/>
							<String ID="string_153" HPOS="1183" VPOS="1159" WIDTH="77" HEIGHT="35" WC="0.96" CONTENT="icke"/><SP WIDTH="41" VPOS="1159" HPOS="1260"/>
							<String ID="string_154" HPOS="1301" VPOS="1159" WIDTH="76" HEIGHT="36" WC="0.93" CONTENT="haft"/><SP WIDTH="27" VPOS="1159" HPOS="1377"/>
							<String ID="string_155" HPOS="1404" VPOS="1160" WIDTH="108" HEIGHT="47" WC="0.96" CONTENT="något"/><SP WIDTH="28" VPOS="1160" HPOS="1512"/>
							<String ID="string_156" HPOS="1540" VPOS="1165" WIDTH="52" HEIGHT="31" WC="0.96" CONTENT="att"/><SP WIDTH="27" VPOS="1165" HPOS="1592"/>
							<String ID="string_157" HPOS="1619" VPOS="1162" WIDTH="136" HEIGHT="47" WC="0.93" CONTENT="erinra;"/><SP WIDTH="29" VPOS="1162" HPOS="1755"/>
							<String ID="string_158" HPOS="1784" VPOS="1163" WIDTH="140" HEIGHT="36" WC="0.91" CONTENT="hvadan"/>
						</TextLine>
						<TextLine ID="line_16" HPOS="306" VPOS="1207" WIDTH="427" HEIGHT="47">
							<String ID="string_159" HPOS="306" VPOS="1207" WIDTH="183" HEIGHT="36" WC="0.96" CONTENT="Utskottet"/><SP WIDTH="28" VPOS="1207" HPOS="489"/>
							<String ID="string_160" HPOS="517" VPOS="1208" WIDTH="216" HEIGHT="46" WC="0.96" CONTENT="hemställer,"/>
						</TextLine>
					</TextBlock>
					<TextBlock ID="block_3" HPOS="714" VPOS="1259" WIDTH="1211" HEIGHT="100">
						<TextLine ID="line_17" HPOS="771" VPOS="1259" WIDTH="1154" HEIGHT="54">
							<String ID="string_161" HPOS="771" VPOS="1263" WIDTH="52" HEIGHT="31" WC="0.96" CONTENT="att"/><SP WIDTH="42" VPOS="1263" HPOS="823"/>
							<String ID="string_162" HPOS="865" VPOS="1259" WIDTH="208" HEIGHT="47" WC="0.96" CONTENT="Riksdagen"/><SP WIDTH="30" VPOS="1259" HPOS="1073"/>
							<String ID="string_163" HPOS="1103" VPOS="1261" WIDTH="109" HEIGHT="35" WC="0.96" CONTENT="måtte"/><SP WIDTH="26" VPOS="1261" HPOS="1212"/>
							<String ID="string_164" HPOS="1238" VPOS="1261" WIDTH="122" HEIGHT="36" WC="0.96" CONTENT="bifalla"/><SP WIDTH="28" VPOS="1261" HPOS="1360"/>
							<String ID="string_165" HPOS="1388" VPOS="1263" WIDTH="92" HEIGHT="35" WC="0.96" CONTENT="hvad"/><SP WIDTH="30" VPOS="1263" HPOS="1480"/>
							<String ID="string_166" HPOS="1510" VPOS="1264" WIDTH="130" HEIGHT="47" WC="0.95" CONTENT="Kongl."/><SP WIDTH="30" VPOS="1264" HPOS="1640"/>
							<String ID="string_167" HPOS="1670" VPOS="1266" WIDTH="101" HEIGHT="47" WC="0.94" CONTENT="Maj:t"/><SP WIDTH="28" VPOS="1266" HPOS="1771"/>
							<String ID="string_168" HPOS="1799" VPOS="1267" WIDTH="9" HEIGHT="34" WC="0.93" CONTENT="i"/><SP WIDTH="28" VPOS="1267" HPOS="1808"/>
							<String ID="string_169" HPOS="1836" VPOS="1269" WIDTH="89" HEIGHT="34" WC="0.92" CONTENT="före-"/>
						</TextLine>
						<TextLine ID="line_18" HPOS="714" VPOS="1312" WIDTH="731" HEIGHT="47">
							<String ID="string_170" HPOS="714" VPOS="1312" WIDTH="155" HEIGHT="35" WC="0.95" CONTENT="varande"/><SP WIDTH="28" VPOS="1312" HPOS="869"/>
							<String ID="string_171" HPOS="897" VPOS="1312" WIDTH="200" HEIGHT="35" WC="0.92" CONTENT="hänseende"/><SP WIDTH="30" VPOS="1312" HPOS="1097"/>
							<String ID="string_172" HPOS="1127" VPOS="1313" WIDTH="152" HEIGHT="46" WC="0.92" CONTENT="behagat"/><SP WIDTH="28" VPOS="1313" HPOS="1279"/>
							<String ID="string_173" HPOS="1307" VPOS="1314" WIDTH="138" HEIGHT="36" WC="0.96" CONTENT="föreslå."/>
						</TextLine>
					</TextBlock>
				</ComposedBlock>
				<ComposedBlock ID="cblock_3" HPOS="465" VPOS="1396" WIDTH="647" HEIGHT="37">
					<TextBlock ID="block_4" HPOS="465" VPOS="1396" WIDTH="647" HEIGHT="37">
						<TextLine ID="line_19" HPOS="465" VPOS="1396" WIDTH="647" HEIGHT="37">
							<String ID="string_174" HPOS="465" VPOS="1396" WIDTH="205" HEIGHT="35" WC="0.95" CONTENT="Stockholm"/><SP WIDTH="30" VPOS="1396" HPOS="670"/>
							<String ID="string_175" HPOS="700" VPOS="1396" WIDTH="67" HEIGHT="35" WC="0.96" CONTENT="den"/><SP WIDTH="33" VPOS="1396" HPOS="767"/>
							<String ID="string_176" HPOS="800" VPOS="1399" WIDTH="45" HEIGHT="33" WC="0.95" CONTENT="14"/><SP WIDTH="29" VPOS="1399" HPOS="845"/>
							<String ID="string_177" HPOS="874" VPOS="1397" WIDTH="99" HEIGHT="35" WC="0.96" CONTENT="Mars"/><SP WIDTH="33" VPOS="1397" HPOS="973"/>
							<String ID="string_178" HPOS="1006" VPOS="1400" WIDTH="106" HEIGHT="33" WC="0.96" CONTENT="1876."/>
						</TextLine>
					</TextBlock>
				</ComposedBlock>
				<ComposedBlock ID="cblock_4" HPOS="775" VPOS="1551" WIDTH="678" HEIGHT="50">
					<TextBlock ID="block_5" HPOS="775" VPOS="1551" WIDTH="678" HEIGHT="50">
						<TextLine ID="line_20" HPOS="775" VPOS="1551" WIDTH="678" HEIGHT="50">
							<String ID="string_179" HPOS="775" VPOS="1551" WIDTH="57" HEIGHT="35" WC="0.93" CONTENT="På"/><SP WIDTH="28" VPOS="1551" HPOS="832"/>
							<String ID="string_180" HPOS="860" VPOS="1552" WIDTH="396" HEIGHT="37" WC="0.90" CONTENT="Stats-Utskottets"/><SP WIDTH="29" VPOS="1552" HPOS="1256"/>
							<String ID="string_181" HPOS="1285" VPOS="1559" WIDTH="168" HEIGHT="42" WC="0.96" CONTENT="vägnar:"/>
						</TextLine>
					</TextBlock>
				</ComposedBlock>
				<ComposedBlock ID="cblock_5" HPOS="958" VPOS="1652" WIDTH="312" HEIGHT="34">
					<TextBlock ID="block_6" HPOS="958" VPOS="1652" WIDTH="312" HEIGHT="34">
						<TextLine ID="line_21" HPOS="958" VPOS="1652" WIDTH="312" HEIGHT="34">
							<String ID="string_182" HPOS="958" VPOS="1652" WIDTH="118" HEIGHT="33" WC="0.95" CONTENT="CARL"/><SP WIDTH="25" VPOS="1652" HPOS="1076"/>
							<String ID="string_183" HPOS="1101" VPOS="1654" WIDTH="169" HEIGHT="32" WC="0.96" CONTENT="EKMAN."/>
						</TextLine>
					</TextBlock>
				</ComposedBlock>
				<GraphicalElement ID="cblock_6" HPOS="934" VPOS="1897" WIDTH="322" HEIGHT="4"></GraphicalElement >
			</PrintSpace>
		</Page>
	</Layout>
</alto>
