2274 2798
1739 211 18 28 3

196 293 109 41 daler,
347 292 87 35 eller
473 296 20 32 9
527 292 107 46 tyska
659 291 112 40 mark,
800 292 32 34 d.
861 305 26 20 v.
919 304 25 21 s.
974 295 20 32 3
1023 291 116 35 thaler
1234 295 20 32 8
1284 291 263 40 Krondaler,
1553 291 63 34 eller
1645 295 19 31 3
1696 291 104 47 tyska

196 345 112 41 mark,
346 344 33 34 d.
413 357 28 21 v.
481 355 26 23 s.
534 347 15 31 1
581 342 117 36 thaler
740 357 7 11 =
797 347 62 41 22/,
886 342 214 36 Krondaler.
1158 341 57 36 Då
1238 356 47 21 nu
1314 343 60 34 det
1401 355 71 35 nya
1500 342 107 48 tyska
1636 332 164 58 marksy-

195 403 133 28 stemet
355 395 55 35 för
438 394 274 49 Nordtyskland
746 395 140 34 medför
914 394 67 34 den
1012 393 324 48 beqvämligheten,
1365 400 52 28 att
1445 394 60 34 det
1533 394 66 34 lätt
1620 394 89 34 låter
1728 394 72 34 för-

192 460 67 22 ena
300 446 54 48 sig
384 446 82 35 med
501 446 61 35 det
589 445 118 48 gamla
730 445 225 35 räknesättet
989 445 3 35 i
1021 444 187 36 Groschen
1238 445 66 35 och
1333 444 143 41 Thaler,
1505 444 136 35 hvilket
1670 445 129 40 derför,

196 498 106 35 äfven
327 497 115 35 under
470 497 252 34 användandet
751 497 38 34 af
815 497 120 34 mark-
963 496 87 35 eller
1078 496 395 47 drittelthalerstycken
1503 496 65 34 och
1597 496 114 48 öfriga
1728 509 72 34 nya

193 549 223 48 skiljemynt,
453 548 204 48 antagligen
691 548 164 34 kommer
883 555 52 28 att
963 548 222 34 fortfarande
1216 547 111 40 bestå,
1355 548 103 46 följer
1482 547 103 35 deraf
1612 548 109 34 också
1748 554 52 28 att

197 605 275 43 gränsorternas
497 598 195 48 inbyggare
722 599 145 33 komma
896 605 51 28 att
975 598 222 35 fortfarande
1225 598 97 34 hålla
1350 598 54 47 sig
1431 598 54 34 till
1515 598 61 33 det
1591 598 209 34 häfdvunna

194 650 335 48 beräkningssättet
571 649 131 35 mellan
746 649 163 35 nordiskt
947 649 65 35 ech
1056 649 100 47 tyskt
1199 655 111 41 mynt,
1352 649 131 34 mellan
1513 649 187 47 skillingar
1729 649 65 34 och

191 702 177 47 rigsdaler
401 702 20 33 å
449 713 67 22 ena
540 700 113 40 sidan,
683 701 173 47 groschen
886 701 66 34 och
981 700 115 35 thaler
1121 701 20 34 å
1169 700 68 34 den
1267 700 119 40 andra,
1416 700 66 34 och
1507 707 50 26 att
1587 700 61 34 det
1677 700 119 34 derför

196 754 116 34 måste
354 752 9 35 1
404 752 200 47 synnerhet
641 751 55 36 för
725 750 205 36 Danmarks
959 751 240 48 gränshandel
1229 764 82 21 vara
1340 764 40 21 en
1412 764 60 20 ren
1502 750 94 35 vinst
1625 757 51 27 att
1700 752 99 33 detta

194 803 294 48 beräkningssätt
528 803 93 34 efter
655 802 318 35 Kommissionens
1007 802 132 47 förslag
1169 802 67 34 kan
1267 801 199 35 bibehållas
1496 801 65 34 och
1590 814 45 34 på
1660 814 139 22 samma

195 856 93 47 gång
327 854 69 35 den
437 852 172 36 differens
648 854 39 34 af
725 852 165 49 omkring
923 858 15 30 1
972 860 147 41 procent
1147 852 195 39 bortfaller,
1371 865 76 22 som
1472 853 97 33 förut
1596 852 54 34 till
1681 852 118 48 Tysk-

194 906 104 35 lands
337 906 141 34 förmån
517 904 135 35 bestått
692 904 131 35 mellan
860 907 20 32 3
919 904 117 35 thaler
1077 904 65 34 och
1184 907 21 31 2
1246 903 148 48 specier.
1448 903 105 34 Efter
1582 903 116 34 denna
1726 904 73 33 för-

193 957 141 47 klaring
358 957 39 33 af
423 962 299 41 representanten
750 955 55 34 för
832 954 197 39 Danmark,
1059 955 105 34 hvars
1193 955 152 33 intresse
1375 955 53 33 för
1457 955 67 33 den
1552 954 107 47 tyska
1678 954 119 34 mark-

193 1008 160 35 enhetens
381 1012 94 30 rätta
503 1005 226 36 förhållande
757 1005 56 36 till
843 1006 61 35 det
932 1019 70 34 nya
1031 1005 170 35 nordiska
1230 1011 141 41 myntet
1399 1006 115 33 måste
1544 1011 146 41 antagas
1716 1017 82 22 vara

195 1065 94 29 mest
327 1057 114 49 lifligt,
482 1057 111 47 ansåg
623 1056 254 36 Konferensen
907 1057 53 47 sig
988 1057 77 35 icke
1095 1056 154 35 behöfva
1277 1056 119 34 afvika
1424 1056 80 33 från
1534 1056 59 33 det
1617 1056 37 33 af
1681 1056 117 34 Kom-

194 1109 197 35 missionen
431 1108 137 47 afgifna
606 1108 143 47 förslag,
784 1108 111 47 enligt
924 1107 135 35 hvilket
1087 1108 38 33 af
1153 1111 16 31 1
1201 1107 173 46 kilogram
1403 1107 66 33 fint
1497 1106 83 47 guld
1611 1107 101 33 skola
1740 1114 57 26 ut-

196 1167 145 41 myntas
370 1162 72 33 248
471 1158 241 36 Guldkronor.

330 1210 96 36 Herr
464 1209 205 36 Statsrådet
708 1209 186 35 Helliesen
930 1209 168 35 framhöll
1133 1209 197 38 dessutom,
1373 1215 51 27 att
1452 1209 60 34 det
1541 1208 171 34 åtminste
1740 1209 56 33 för

196 1262 140 48 Norges
366 1261 58 35 del
453 1262 115 34 måste
597 1273 84 22 vara
709 1260 38 34 af
772 1273 43 21 en
845 1261 71 35 viss
945 1260 74 48 vigt
1046 1266 53 29 att
1127 1272 56 21 om
1214 1259 138 47 möjligt
1380 1259 96 35 hålla
1505 1260 53 46 sig
1573 1259 223 47 någorlunda

196 1319 88 29 nära
312 1313 55 35 till
396 1313 68 34 den
499 1311 371 48 konverteringskurs,
898 1313 91 34 efter
1017 1311 145 35 hvilken
1191 1310 68 34 den
1288 1309 256 49 Hamburgska
1572 1310 224 34 silfvervalu-

197 1371 60 28 tan
288 1361 358 51 (Hambuger-Mark
674 1359 135 48 banko)
838 1369 38 29 är
904 1362 210 36 förvandlad
1144 1361 54 35 till
1225 1361 84 47 tysk
1338 1339 189 63 SS
1557 1361 135 34 hvilket
1720 1362 77 46 syf-

197 1415 112 35 temål
339 1415 69 34 kan
437 1427 105 22 anses
570 1413 211 48 tillräckligt
809 1421 133 28 vunnet
969 1426 128 35 genom
1123 1412 199 47 antagande
1347 1412 38 34 af
1397 1385 397 79 Myntkommisioncus

196 1465 145 49 förslag.

331 1668 120 36 Sedan
490 1667 244 48 Fullmäktige
764 1667 159 35 härefter
951 1666 119 35 blifvit
1097 1679 84 22 ense
1210 1680 56 21 om
1297 1673 52 28 att
1377 1673 128 39 antaga
1533 1668 43 33 de
1606 1667 38 34 af
1669 1666 127 48 Mynt-

197 1719 286 37 kommissionen
516 1719 196 48 uppstälda
740 1719 295 47 hufvudgrunder
1059 1719 54 33 för
1137 1724 51 28 ett
1203 1724 225 41 gemensamt
1456 1720 46 45 på
1517 1718 84 45 guld
1617 1719 180 46 grundadt

199 1777 257 41 myntsystem,
484 1770 257 56 genomgingos
770 1769 42 35 de
841 1769 177 35 särskilda
1047 1768 194 35 artiklarna
1266 1769 37 34 af
1328 1769 302 35 kommissionens
1652 1769 144 47 förslag,

196 1822 66 36 och
291 1821 164 48 vidtogos
484 1820 117 36 deruti
630 1821 43 34 de
702 1826 112 29 större
839 1820 66 35 och
935 1820 137 35 mindre
1101 1820 259 46 förändringar,
1388 1820 54 34 för
1464 1820 119 34 hvilka
1600 1820 63 34 här
1679 1821 116 34 nedan

195 1879 165 30 närmare
391 1872 201 48 redogöres,
621 1879 98 27 utom
751 1877 64 28 när
843 1872 42 35 de
915 1871 151 35 allenast
1094 1872 110 34 afsett
1231 1872 126 46 sjelfva
1385 1871 249 34 redaktionen:

331 1922 20 34 I
379 1921 100 36 Art.
507 1921 29 34 2?
563 1923 107 34 hafva
698 1935 156 22 namnen
883 1922 206 35 Krondaler
1112 1922 54 34 för
1188 1922 266 34 räkneenheten
1471 1929 96 28 samt
1582 1920 214 36 Guldkrona

197 1975 67 35 och
305 1974 261 35 Dubbelkrona
604 1974 55 34 för
699 1973 291 47 hufvudmynten
1019 1973 141 47 utbytts
1190 1980 74 27 mot
1292 1972 264 49 benämningen
1587 1972 126 35 Krona
1741 1974 55 33 för

196 2026 69 34 den
305 2026 97 34 förra
431 2032 95 28 samt
556 2028 44 31 10
629 2024 131 35 kronor
788 2024 66 35 och
884 2028 46 31 20
960 2027 129 31 kronor
1113 2025 53 33 för
1195 2024 43 34 de
1267 2036 125 22 senare
1416 2046 48 5 —
1491 2006 304 64 hufvudsakligen

195 2077 153 34 emedan
390 2077 60 34 det
490 2084 102 39 synts
621 2074 191 48 olämpligt
840 2081 52 29 att
919 2075 107 34 hafva
1054 2081 51 28 ett
1133 2074 172 36 särskildt
1333 2087 108 21 namn
1469 2076 56 34 för
1549 2075 247 47 hufvudmyn-

196 2134 60 28 ten
298 2126 67 36 och
406 2126 153 35 emedan
599 2131 149 29 namnet
788 2125 207 36 Krondaler
1036 2125 169 49 möjligen
1246 2125 10 34 i
1290 2125 136 47 dagligt
1453 2126 50 34 tal
1531 2125 115 35 skulle
1676 2125 120 34 kunna

195 2178 147 34 komma
382 2183 52 29 att
457 2177 178 35 förkortas
663 2176 56 35 till
748 2176 109 41 daler,
886 2177 127 35 hvaraf
1038 2176 201 58 förväxling
1267 2176 117 34 kunde
1414 2178 133 47 uppstå
1575 2176 132 34 mellan
1736 2176 60 34 det

195 2241 73 35 nya
296 2234 255 42 myntnamnet
577 2227 68 36 och
668 2227 44 35 de
741 2224 131 51 gåmla,
900 2227 208 36 särskildt
1106 2220 27 60 i
1139 2227 189 35 Danmark
1358 2228 66 34 och
1452 2227 118 48 Norge
1599 2227 105 47 öfliga
1733 2227 62 34 da-

195 2279 220 36 lernamnen-.
