2222 2745
457 196 233 29 Sammansatta
714 196 125 29 Banko-
863 197 54 29 och
942 196 258 38 Lag-Utskottets
1224 198 205 30 Betänkande
1453 199 58 30 N:o
1536 202 27 26 1.
1722 201 36 28 15

340 281 194 36 Utskottet
574 282 68 36 har
675 283 98 36 velat
805 284 177 36 särskildt
1013 283 200 37 framhålla
1245 284 121 37 denna
1398 284 61 37 för
1486 299 45 23 en
1559 286 93 37 hvar
1679 294 119 43 ögon-

204 332 148 50 synliga
392 333 200 49 olägenhet
632 333 40 37 af
702 339 53 31 att
787 335 188 36 bibehålla
1003 348 80 23 som
1109 335 259 38 värdemätare
1396 338 69 35 och
1494 337 231 51 bytesmedel
1753 353 45 23 en

202 385 139 43 metall,
375 384 111 36 hvars
514 385 114 36 värde
655 386 103 35 inom
785 387 87 35 kort
899 390 117 33 måste
1043 387 152 36 komma
1222 393 54 31 att
1303 389 224 39 bestämmas
1556 389 40 37 af
1619 396 54 30 ett
1699 392 97 35 min-

204 435 65 35 dre
310 434 240 51 tillförlitligt
591 436 237 38 förhållande
868 439 136 35 mellan
1045 438 126 36 anbud
1212 440 70 35 och
1323 439 243 50 efterfrågan;
1601 441 63 36 det
1691 455 107 24 anser

204 487 125 35 häruti
356 487 104 48 ligga
487 492 54 31 ctt
569 488 79 35 skäl
675 487 60 37 för
763 489 210 49 antagande
1000 489 40 36 af
1055 490 355 50 guldmyntsystem,
1427 505 79 23 som
1523 500 40 28 är
1578 500 99 29 ännu
1697 507 101 23 mera

201 537 151 35 talande
398 538 70 35 och
509 538 88 35 vida
637 540 148 35 säkrare
826 548 45 27 än
911 539 181 50 farhågan
1132 540 61 36 för
1225 542 138 36 silfrets
1390 541 221 50 fortgående
1638 544 158 48 prisfall,

198 587 158 38 hvarom
392 588 43 48 ju
475 590 241 48 meningarne
758 590 96 43 dock
887 591 126 36 kunna
1038 605 90 23 vara
1156 592 141 46 delade,
1325 598 90 31 utan
1445 599 54 30 att
1527 594 71 36 den
1627 608 66 23 ene
1721 596 72 36 kan

199 639 85 36 med
313 641 108 35 säkra
448 640 104 36 bevis
581 640 197 51 öfvertyga
805 642 71 36 den
904 642 125 36 andre.

335 692 56 35 Då
431 690 62 36 det
534 692 156 35 sålunda
730 696 117 32 måste
885 706 105 23 anses
1031 693 235 50 nödvändigt
1305 694 60 36 för
1397 695 152 49 Sverige
1577 701 55 31 att
1658 697 135 50 utbyta

196 740 129 37 silfver
365 748 79 30 mot
484 742 91 49 guld
616 746 122 32 såsom
778 744 124 48 grund
929 743 60 37 för
1021 745 298 49 myntväsendet,
1348 747 71 35 och
1448 747 47 35 då
1522 746 74 47 det,
1625 747 94 37 efter
1747 749 45 36 de

198 791 266 52 förändringar
497 807 81 22 som
605 794 155 46 inträdt,
790 809 79 22 mer
896 803 46 28 än
969 796 184 49 någonsin
1182 804 40 28 är
1249 797 110 45 klart,
1387 803 55 31 att
1470 797 139 38 silfrets
1623 799 170 37 bibehål-

197 844 110 36 lande
349 859 81 22 som
471 845 233 49 bytesmedel
745 847 70 35 och
856 846 256 37 värdemätare
1153 847 131 36 endast
1324 849 169 37 kommer
1525 855 55 30 att
1606 852 100 34 vålla
1733 865 60 23 oss

197 895 200 48 olägenhet
425 896 69 36 och
522 895 137 37 förlust
686 902 91 30 utan
805 902 55 31 att
888 898 132 48 bringa
1048 911 59 23 oss
1135 902 124 45 någon
1286 898 160 47 förmån,
1474 901 121 48 ligger
1623 902 62 35 det
1704 910 87 28 när-

195 952 96 30 mast
331 948 59 35 till
431 947 119 36 hands
592 952 54 31 att
683 949 153 48 påyrka,
866 949 62 36 det
961 949 71 36 den
1060 949 241 50 nödvändiga
1329 949 253 52 öfvergången
1609 956 116 33 måtte
1748 954 44 48 ju

196 996 80 36 förr
309 998 83 36 dess
425 999 117 35 hellre
569 999 230 36 verkställas.
853 1000 49 35 Vi
929 1000 148 37 befinna
1105 1014 60 23 oss
1192 1014 51 22 nu
1270 1002 115 36 redan
1413 1003 86 36 inne
1527 1004 12 34 i
1567 1004 71 35 den
1668 1003 123 38 öfver-

193 1050 264 47 gångsperiod,
511 1049 119 36 under
677 1051 152 35 hvilken
870 1051 192 49 Tyskland
1110 1052 69 35 har
1223 1057 55 30 att
1322 1054 202 35 verkställa
1565 1054 62 36 det
1666 1055 125 37 beslu-

193 1099 86 36 tade
320 1101 150 49 utbytet
510 1100 40 36 af
587 1100 128 37 silfver
755 1107 79 30 mot
874 1102 103 49 guld.
1036 1102 48 36 Vi
1112 1102 112 37 hafva
1250 1104 176 49 iakttagit
1452 1106 275 49 verkningarne
1755 1107 40 37 af

194 1149 102 37 detta
335 1152 108 36 lands
484 1157 102 30 stora
627 1151 225 50 efterfrågan
881 1157 20 32 å
927 1153 92 49 guld
1046 1152 60 37 för
1133 1155 259 49 utmyntning;
1427 1156 62 36 det
1521 1157 73 35 kan
1622 1158 31 47 ej
1684 1158 107 49 dröja

192 1201 121 49 länge,
342 1202 80 36 förr
450 1211 45 28 än
523 1203 37 36 vi
589 1202 106 37 äfven
725 1204 105 35 skola
856 1203 39 37 få
923 1218 37 22 se
987 1205 275 49 verkningarne
1290 1205 39 36 af
1354 1206 63 36 det
1444 1206 83 37 från
1546 1221 141 24 samma
1701 1210 89 35 land

194 1253 226 36 kommande
461 1254 164 36 anbudet
658 1254 39 36 af
723 1254 241 50 öfverflödigt
992 1255 138 37 silfver.
1184 1257 72 36 Det
1283 1258 117 35 finnes
1428 1263 90 31 utan
1545 1258 133 37 tvifvel
1705 1262 85 45 möj-

193 1302 145 47 ligheter
367 1304 71 46 för,
474 1310 54 31 att
556 1305 62 36 det
646 1305 157 49 prisfall,
832 1320 81 22 som
941 1307 157 36 sålunda
1125 1321 109 36 synes
1261 1307 140 37 förestå
1429 1308 131 46 silfret,
1589 1309 40 36 af
1640 1324 45 23 en
1700 1312 91 36 eller

192 1367 122 23 annan
348 1357 203 48 anledning
583 1356 242 50 tillfälligtvis
854 1357 146 48 stäfjas;
1042 1372 84 22 men
1154 1360 112 48 ingen
1294 1359 39 36 af
1358 1360 107 36 dessa
1492 1368 40 28 är
1560 1374 63 23 ens
1651 1366 138 46 någor-

195 1406 117 35 lunda
344 1407 228 49 beräknelig,
602 1408 70 35 och
700 1409 12 34 i
740 1409 73 35 alla
840 1409 198 36 händelser
1064 1410 127 36 kunna
1219 1410 106 36 dessa
1353 1411 245 50 anledningar
1623 1414 59 35 till
1711 1415 77 47 pri-

194 1461 74 31 sets
296 1458 169 49 stegring
492 1459 81 35 icke
600 1458 103 49 gifva
731 1472 141 23 samma
900 1460 171 36 säkerhet
1098 1460 61 36 för
1187 1461 82 36 dess
1296 1461 151 47 fasthet,
1467 1476 81 23 som
1567 1462 103 38 förut
1689 1466 100 48 legat

191 1507 91 45 deri,
316 1514 55 30 att
400 1522 45 23 en
472 1510 141 48 ganska
641 1515 79 30 stor
748 1510 59 36 del
836 1510 39 36 af
900 1511 150 49 Europa
1078 1512 165 36 användt
1271 1513 121 36 denna
1419 1515 127 35 metall
1573 1516 59 35 till
1660 1516 126 50 bytes-

189 1559 120 36 medel
338 1561 71 34 och
437 1561 268 35 värdemätare.

324 1610 56 36 En
408 1612 161 35 särskild
597 1612 202 49 anledning
825 1614 60 35 till
912 1615 209 48 antagande
1149 1614 40 37 af
1214 1615 62 36 det
1290 1630 51 22 nu
1355 1616 236 38 framställda
1604 1617 182 51 förslaget

190 1662 118 35 finner
335 1661 194 37 Utskottet
557 1663 91 45 deri,
677 1669 54 30 att
760 1664 206 36 detsamma
986 1665 139 36 befriar
1146 1680 59 22 oss
1220 1666 83 37 från
1319 1667 45 36 de
1378 1668 106 36 flesta
1499 1669 70 35 och
1584 1670 202 49 vigtigaste

188 1710 40 36 af
253 1712 45 36 de
326 1714 242 48 svårigheter,
598 1727 80 23 som
707 1715 119 36 under
854 1716 117 36 andra
997 1716 317 51 förutsättningar
1341 1720 119 35 skulle
1479 1725 103 31 möta
1600 1734 45 23 en
1662 1721 123 37 öfver-

188 1766 99 46 gång
313 1764 59 35 till
399 1765 354 49 guldmyntsystem.

328 1815 130 36 Såsom
498 1816 194 37 Utskottet
719 1817 116 36 redan
863 1819 146 48 antydt,
1038 1822 117 33 måste
1183 1820 62 35 det
1273 1820 63 36 vid
1365 1834 44 23 en
1437 1822 114 36 sådan
1581 1822 204 51 öfvergång

189 1878 89 22 vara
305 1864 40 37 af
369 1866 71 36 den
469 1872 138 31 största
633 1868 92 49 vigt,
755 1874 54 30 att
838 1869 71 35 den
937 1874 102 31 stora
1072 1871 251 36 allmänheten
1352 1875 39 33 så
1417 1873 83 36 litet
1527 1886 81 23 som
1636 1876 149 48 möjligt

188 1916 182 49 betungas
399 1918 84 35 med
513 1919 183 35 särskilda
723 1919 40 36 af
786 1919 188 37 reformen
989 1920 222 37 föranledda
1227 1922 153 50 obehag.
1422 1924 71 36 Det
1507 1925 118 36 finnes
1640 1926 144 49 knappt

189 1970 123 45 någon
341 1968 152 45 reform,
522 1982 80 22 som
631 1973 39 32 så
698 1970 109 49 djupt
834 1971 167 48 ingriper
1028 1972 12 35 i
1068 1973 270 36 allmänhetens
1367 1974 149 50 dagliga
1542 1975 55 46 lif,
1630 1989 81 23 som
1739 1991 44 22 en

188 2018 189 50 rubbning
418 2019 40 36 af
495 2020 62 35 det
597 2021 268 49 räknesystem,
906 2022 189 37 hvarefter
1135 2024 73 35 alla
1239 2026 214 47 varupriser
1486 2034 63 28 äro
1578 2027 204 38 bestämda.

189 2068 71 36 Det
286 2070 144 44 besvär,
461 2084 80 22 som
568 2071 74 35 blir
670 2085 45 22 en
743 2072 95 48 följd
868 2072 39 36 af
932 2086 44 23 en
1005 2074 113 36 sådan
1146 2074 233 51 förändring,
1409 2084 39 28 är
1475 2081 40 32 så
1533 2078 159 36 känbart
1713 2080 70 36 och

187 2118 218 38 förnimmes
446 2122 12 34 i
500 2125 38 32 så
578 2122 87 35 vida
705 2124 154 44 kretsar,
889 2129 54 30 att
972 2124 62 36 det
1067 2126 185 48 svårligen
1279 2127 73 35 kan
1379 2127 151 37 komma
1556 2130 12 34 i
1596 2128 105 51 fråga
1728 2135 54 31 att

186 2170 131 49 ålägga
357 2177 53 30 ett
451 2173 79 35 helt
569 2171 80 37 folk
690 2186 44 23 cen
763 2174 105 49 dylik
895 2175 129 45 börda,
1052 2181 91 30 utan
1170 2177 120 36 under
1316 2177 274 52 förutsättning
1617 2180 39 36 af
1681 2186 101 31 stora

186 2221 70 35 och
284 2223 195 49 varaktiga
505 2222 176 47 fördelar,
711 2238 80 22 som
820 2225 152 37 dermed
999 2240 89 23 vore
1115 2226 225 38 förbundna.
1393 2230 56 35 Då
1466 2244 50 22 nu
1537 2231 112 49 ingen
1666 2232 113 36 sådan

183 2273 186 49 väsentlig
403 2273 122 37 fördel
559 2274 85 36 stod
678 2280 55 31 att
768 2277 113 35 vinna
914 2276 39 36 af
978 2290 43 23 en
1051 2279 216 49 anslutning
1293 2280 60 36 till
1380 2284 115 46 något
1523 2281 39 36 af
1587 2282 44 36 de
1656 2289 124 43 mynt-
