2182 2636
373 208 117 32 Andra
514 210 217 30 Kammarens
757 207 178 42 Tillfälliga
965 208 123 32 Utskott
1109 207 78 42 (N:o
1212 208 33 40 1)
1275 207 171 33 Utlåtande
1469 208 63 32 N:o
1558 209 55 31 29.
1776 212 19 28 5

197 290 354 38 missförhållandena
580 291 61 36 vid
669 291 89 36 folk-
783 291 66 36 och
878 291 244 36 småskolorna
1154 291 13 35 i
1194 290 126 37 riket>.
1377 291 71 36 Att
1469 291 135 36 skrifva
1632 291 13 36 i
1680 292 38 36 så
1736 291 61 36 all-

195 349 131 33 männa
368 346 67 35 och
474 345 192 36 sväfvande
708 345 156 48 ordalag,
908 345 181 36 förefaller
1126 345 179 36 utskottet
1339 346 31 47 ej
1401 345 176 49 lämpligt.
1635 346 73 35 Det
1730 346 66 47 rig-

194 400 132 48 tigaste
363 399 102 36 torde
503 413 94 32 vara,
627 401 65 43 att,
722 412 58 23 om
808 399 208 48 Riksdagen
1046 399 91 36 skall
1166 399 90 36 fästa
1285 399 138 47 Kongl.
1453 396 88 73 Maj:
1545 401 34 34 ts
1607 400 190 48 uppmärk-

195 455 141 35 samhet
370 455 46 47 på
445 454 117 35 denna
585 425 272 81 angelägenhet,
886 453 208 48 Riksdagen
1123 453 44 36 då
1196 453 66 36 ock
1290 453 165 48 angifver
1482 455 110 46 några
1616 454 182 65 bestämda

195 508 174 47 åtgärder,
399 520 77 23 som
510 508 84 35 böra
622 508 172 60 vidtagas.

300 562 98 35 Herr
435 561 129 35 Wallis
600 562 65 35 har
703 562 13 34 i
743 561 54 36 sin
827 561 138 35 motion
995 561 70 35 fäst
1103 560 364 49 uppmärksamheten
1504 561 227 35 uteslutande
1751 562 45 47 på

195 628 46 23 en
277 615 101 49 dylik
411 615 136 48 åtgärd,
587 615 179 48 nemligen
796 614 188 36 införande
1009 615 37 35 af
1073 614 216 49 skolhygien
1313 627 75 23 som
1414 614 178 36 läroämne
1622 615 58 35 vid
1704 615 91 36 folk-

194 669 477 37 skolelärareseminarierna.

303 723 190 36 Utskottet
540 723 116 36 finner
707 723 172 47 förslaget
925 723 123 35 härom
1095 722 147 49 mycket
1287 722 277 37 beaktansvärdt
1610 723 65 35 och
1723 723 71 35 kan

194 777 197 48 ingalunda
429 777 194 47 medgifva,
662 779 55 34 att
759 777 78 35 dess
879 776 281 48 genomförande
1198 776 116 36 skulle
1354 776 115 36 blifva
1508 788 44 24 en
1592 789 49 35 ny
1683 776 111 36 börda

194 832 57 36 för
283 833 147 35 läraren.
487 831 75 35 Det
589 831 116 35 skulle
733 831 13 34 i
774 831 119 35 stället
921 831 100 47 gifva
1049 830 135 36 honom
1213 832 111 33 större
1339 828 181 49 förmåga
1549 831 54 34 att
1626 830 168 48 uppfylla

194 898 44 24 en
266 886 221 47 skyldighet,
516 896 77 24 som
622 884 69 36 han
721 884 107 35 redan
858 884 65 35 har
958 884 66 36 och
1048 895 77 24 som
1155 885 107 46 utgör
1290 896 44 23 en
1363 883 177 47 väsentlig
1563 883 57 36 del
1649 884 37 35 af
1703 884 91 35 hans

192 941 132 46 åtagna
354 939 82 36 kall.

299 994 52 35 På
389 1005 44 23 en
467 994 74 34 stor
575 991 57 36 del
661 992 37 36 af
730 991 42 36 de
801 990 297 50 skolhygieniska
1121 990 272 37 förhållandena
1422 991 70 36 kan
1519 990 148 45 läraren,
1691 991 14 35 i
1728 990 64 37 fall

193 1048 71 35 han
309 1047 182 47 nemligen
526 1046 64 35 har
629 1046 72 47 god,
743 1046 87 48 vilja
870 1046 66 35 och
971 1047 120 46 någon
1115 1044 250 50 fackkunskap
1389 1045 12 35 i
1428 1047 133 43 ämnet,
1586 1045 124 36 utöfva
1739 1047 53 34 ett

194 1101 221 36 omedelbart
441 1100 210 48 inflytande.

299 1155 70 36 Hit
398 1155 66 35 hör
498 1154 89 35 först
619 1154 66 35 och
710 1138 126 51 främst
859 1153 62 35 det
949 1155 112 33 mesta
1089 1152 38 36 af
1155 1152 93 36 hvad
1277 1165 84 23 man
1389 1152 114 36 kallar
1525 1150 267 38 undervisnin-

189 1220 92 36 gens
319 1207 152 48 hygien,
511 1208 34 35 d.
586 1220 31 22 v.
658 1219 26 24 s.
724 1206 240 36 bedömandet
1005 1219 42 22 ur
1075 1205 397 49 helsovårdssynpunkt
1504 1205 38 36 af
1575 1206 95 35 olika
1698 1206 94 47 slags

193 1261 394 48 undervisningsmedel
631 1261 66 35 och
741 1259 441 48 undervisningsmetoder
1218 1259 228 49 (exempelvis
1476 1259 13 35 i
1512 1259 148 48 ritning,
1689 1259 103 36 skrif-

192 1317 100 46 ning,
321 1316 219 35 handarbete
564 1327 31 22 o.
626 1327 28 23 s.
672 1314 64 46 .v.).

298 1370 70 35 För
404 1369 61 36 det
504 1368 109 36 andra
655 1371 59 33 äro
753 1368 107 36 äfven
895 1368 13 35 i
948 1368 101 47 fråga
1073 1380 58 23 om
1160 1367 43 35 de
1232 1379 96 23 mera
1356 1369 97 45 yttre
1482 1365 308 49 anordningarne

192 1424 60 35 vid
288 1423 125 35 skolan
451 1423 153 35 lärarens
633 1434 91 35 egna
747 1422 221 47 åtgöranden
998 1421 37 36 af
1063 1421 68 35 den
1160 1420 87 36 allra
1275 1422 130 34 största
1432 1420 192 48 betydelse.
1681 1421 109 35 Huru

191 1477 213 48 förträffliga
423 1477 100 35 dessa
546 1478 97 47 yttre
670 1475 244 48 anordningar
942 1479 46 32 än
1017 1474 122 36 kunna
1167 1487 94 32 vara,
1288 1474 103 36 beror
1419 1474 91 35 dock
1537 1474 100 35 deras
1656 1474 132 36 verkan

192 1531 221 47 väsentligen
451 1530 37 36 af
528 1530 99 35 deras
667 1530 144 45 skötsel,
855 1529 67 36 och
957 1532 38 33 är
1031 1529 137 36 läraren
1206 1529 46 47 på
1280 1528 230 36 förevarande
1539 1527 143 36 område
1711 1528 78 35 icke

190 1584 210 48 insigtsfull,
431 1585 38 35 så
497 1584 69 35 blir
589 1583 78 36 icke
697 1583 110 36 heller
830 1583 157 35 skötseln
1018 1582 209 48 insigtsfull.

297 1639 71 35 För
404 1638 62 36 det
493 1638 115 47 tredje
633 1637 114 36 skulle
776 1637 274 48 skolhygienisk
1079 1636 167 46 bildning
1274 1636 65 35 hos
1367 1636 136 35 läraren
1532 1635 257 48 obestridligen

191 1693 112 35 blifva
339 1692 58 35 till
439 1693 91 34 stort
571 1704 94 34 gagn
695 1691 55 35 för
778 1691 43 35 de
844 1690 119 35 lokala
987 1689 392 48 skolmyndigheterna.
1437 1689 109 35 Klart
1569 1692 48 39 är,
1648 1691 54 34 att
1729 1702 56 22 om

190 1745 187 36 skolråden
418 1744 149 45 märkte,
605 1746 53 33 att
686 1744 43 35 de
758 1744 11 34 i
792 1744 136 35 läraren
959 1743 90 35 hade
1074 1755 44 23 en
1147 1742 201 47 förståndig
1377 1742 66 35 och
1472 1743 212 34 intresserad
1713 1743 75 34 råd-

190 1799 148 47 gifvare,
383 1798 147 36 hvilken
575 1797 120 35 kunde
734 1797 122 48 hjelpa
890 1797 81 35 dem
1007 1798 54 34 att
1089 1796 81 36 med
1199 1808 135 23 samma
1359 1795 85 35 eller
1468 1795 137 36 mindre
1636 1795 152 36 kostnad

189 1852 248 36 åstadkomma
479 1853 111 46 något
628 1850 221 48 väsentligen
891 1851 116 35 bättre
1044 1853 44 32 än
1118 1849 104 48 eljest
1244 1849 119 35 blefve
1393 1848 113 46 fallet,
1536 1850 38 34 så
1601 1848 114 36 skulle
1744 1849 43 36 de

189 1919 73 35 nog
300 1906 105 36 äfven
439 1906 12 34 i
482 1905 196 35 allmänhet
718 1905 162 47 begagna
908 1904 56 48 sig
987 1904 114 45 häraf,
1131 1903 66 35 och
1226 1916 84 22 man
1339 1903 115 35 skulle
1479 1904 30 46 ej
1540 1904 37 34 så
1606 1903 76 35 ofta
1710 1915 76 23 som

189 1960 132 35 hittills
356 1960 93 35 varit
490 1959 192 35 händelsen
719 1959 133 46 nödgas
897 1959 175 43 bevittna,
1102 1958 173 35 hurusom
1304 1959 95 33 stora
1428 1956 360 48 skolhusbyggnader

191 2014 66 34 och
296 2013 109 36 andra
442 2013 239 46 anordningar
710 2012 144 35 komma
883 2012 57 35 till
972 2011 117 43 stånd,
1130 2011 124 35 hvilka
1286 2012 90 34 trots
1405 2010 48 35 all
1481 2010 53 35 sin
1560 2010 130 48 dyrhet
1714 2010 73 35 visa

189 2067 54 46 sig
263 2067 54 34 för
346 2067 64 34 sitt
437 2066 164 35 ändamål
630 2065 231 48 synnerligen
892 2065 203 47 olämpliga,
1125 2064 65 34 och
1220 2064 98 35 detta
1347 2065 30 45 ej
1409 2063 110 35 sällan
1544 2063 95 35 blott
1662 2063 37 35 af
1717 2063 68 35 den

188 2120 114 44 orsak,
337 2121 54 33 att
432 2119 109 47 ingen
575 2118 204 46 sakkunnig
805 2118 121 35 blifvit
955 2117 201 47 rådfrågad.
1215 2118 79 33 Den
1324 2116 222 44 samverkan,
1572 2128 76 23 som
1677 2116 108 35 redan

188 2185 49 22 nu
268 2193 48 5 —
345 2172 106 36 äfven
480 2172 13 34 i
516 2171 292 49 skolhygieniska
831 2172 122 45 frågor
980 2191 48 4 —
1053 2183 82 34 eger
1163 2183 79 22 rum
1273 2169 129 36 mellan
1425 2169 143 35 skolråd
1584 2169 65 35 och
1663 2169 121 35 lärare-

188 2226 175 48 personal,
398 2238 130 35 genom
553 2226 42 35 de
616 2225 182 48 påbjudna
825 2224 362 48 öfverläggningarna
1208 2224 80 35 dem
1318 2223 163 44 emellan,
1507 2222 115 36 skulle
1646 2222 44 36 då
1719 2223 66 35 ock

187 2279 78 36 helt
292 2279 87 35 visst
407 2279 113 35 blifva
547 2291 97 23 mera
672 2277 265 37 fruktbärande.

277 2339 74 32 Bih.
377 2340 50 31 till
451 2339 110 33 Riksd.
587 2339 85 31 Prot.
701 2340 94 30 1895.
834 2342 20 27 8
880 2337 100 32 Sami.
1010 2339 22 29 2
1049 2337 75 41 Afd.
1153 2339 23 29 2
1203 2337 101 32 Band.
1334 2338 47 29 28
1405 2336 93 42 Häft.
1721 2339 18 27 2
