2234 2658
413 231 118 33 Andra
555 229 217 32 Kammarens
798 226 180 41 Tulfälliga
1006 227 139 31 Utskotts
1171 227 76 38 (N:o
1270 227 29 41 1)
1333 223 172 33 Utlåtande
1530 225 60 31 N:o
1613 225 28 29 9.
1749 223 38 31 13

231 314 96 31 hafva
351 310 178 34 emellertid
554 310 237 31 kommunerna
813 307 62 31 och
897 309 105 29 staten
1024 305 139 32 kommit
1187 305 49 31 till
1256 305 98 39 hjelp,
1372 303 39 31 de
1428 303 82 31 förra
1526 313 116 29 genom
1660 303 172 40 penninge-

231 367 112 38 bidrag
368 365 76 30 eller
466 361 218 42 upprättande
708 360 34 31 af
762 370 81 29 egna
867 359 153 31 anstalter
1036 358 166 39 (särskildt
1217 356 284 39 räddningsskolor
1517 355 60 32 och
1596 355 235 36 skolkarehem,

232 419 111 31 hvilka
365 418 11 30 i
400 416 108 39 regeln
531 416 48 29 stå
604 413 103 31 under
730 411 287 41 skolstyrelserna),
1042 410 63 32 den
1129 420 113 21 senare
1263 420 117 28 genom
1395 408 304 39 lagbestämmelser,
1717 417 115 29 genom

234 481 40 22 en
308 479 166 30 noggrann
505 467 60 31 och
601 465 149 32 verksam
781 464 184 40 inspektion
1001 466 84 28 samt
1119 473 116 29 genom
1269 460 184 41 betydande
1488 461 112 38 anslag
1633 460 50 30 till
1714 459 121 31 sådana

234 524 161 34 anstalter,
431 520 111 31 hvilka
576 518 117 31 skaffat
728 518 47 38 sig
808 520 121 27 statens
968 515 207 32 erkännande
1210 524 115 29 genom
1349 516 47 28 att
1419 513 148 39 uppfylla
1590 512 84 31 vissa
1698 511 136 32 vilkor
1814 507 22 55 i

234 574 149 33 afseende
418 574 41 39 på
493 575 172 36 utrymme,
702 567 420 37 helsovårdsförhållanden,
1158 566 159 41 personal,
1353 564 203 32 aflemnande
1591 564 35 30 af
1658 563 178 32 statistiska

234 627 163 41 uppgifter
420 637 28 19 o.
474 635 23 21 s.
522 635 29 20 v.
585 625 84 29 samt
692 632 117 29 genom
832 620 192 32 förbindelse
1048 623 48 27 att
1119 622 143 36 mottaga
1285 618 39 31 de
1348 617 222 39 minderårige,
1595 627 70 21 som
1688 616 49 31 till
1761 615 73 31 dem

235 681 34 30 af
293 678 271 41 myndigheterna
586 677 43 39 på
651 674 200 32 föreskrifvet
874 676 63 28 sätt
960 673 160 31 hänvisas.

366 731 168 39 Tillsynen
566 729 88 31 öfver
689 727 148 39 samtliga
871 726 153 30 anstalter
1055 724 126 31 utöfvas
1204 733 116 29 genom
1344 733 40 20 en
1408 722 46 31 för
1477 721 186 31 ändamålet
1685 720 152 32 särskildt

237 784 116 32 utsedd
376 782 172 42 inspektör.
594 781 114 30 Denne
733 779 82 31 skall
838 778 120 31 besöka
980 778 110 39 hvarje
1114 776 121 31 anstalt
1256 775 101 31 minst
1379 783 41 22 en
1443 775 83 38 gång
1550 784 53 21 om
1624 774 77 30 året.
1736 772 100 31 Redo-

237 837 179 40 görelserna
451 835 47 30 för
531 831 347 42 inspektionsbesöken
897 831 100 39 jemte
1020 829 226 40 inspektörens
1269 827 324 38 sammanfattningar
1616 826 35 30 af
1670 825 168 31 förbållan-

240 890 82 30 dena
354 889 10 30 i
399 887 55 31 det
488 886 82 36 hela,
596 885 167 30 äfvensom
787 883 39 31 de
849 882 244 39 reformförslag,
1118 891 70 21 som
1211 880 66 30 han
1300 879 75 31 med
1398 879 177 38 anledning
1598 877 95 31 häraf
1712 877 59 30 har
1794 880 47 27 att

238 940 186 36 framställa,
460 937 238 39 offentliggöras
731 946 118 29 genom
883 934 123 69 ganska
1040 932 218 40 omfångsrika
1294 931 61 32 och
1390 930 139 32 särdeles
1552 929 204 41 upplysande
1780 931 58 29 års-

238 993 194 32 berättelser.

371 1043 44 32 Af
437 1043 92 31 dessa
552 1042 139 38 framgår
713 1039 101 32 bland
837 1042 109 33 annat,
971 1041 47 28 att
1040 1037 199 31 anstalterna
1261 1039 54 27 äro
1335 1036 50 30 till
1408 1036 49 30 sin
1480 1034 225 42 organisation
1720 1033 122 40 ganska

240 1096 187 34 olikartade.
474 1094 92 31 Dock
596 1093 113 30 kunna
733 1092 39 31 de
795 1092 12 30 i
831 1091 89 31 detta
942 1089 150 33 afseende
1116 1089 151 31 återföras
1289 1088 50 30 till
1362 1087 274 38 hufvudsakligen
1660 1087 55 30 två
1738 1086 104 31 skilda

241 1149 211 41 grundtyper:
489 1145 241 42 kasernerings-
766 1145 78 30 eller
875 1143 258 39 kollektivtypen
1168 1141 61 31 och
1250 1142 232 41 grupperings-
1509 1140 76 30 eller
1607 1139 233 40 familjetypen.

242 1203 108 38 Enligt
386 1200 64 31 den
483 1199 81 31 förra
599 1200 54 28 äro
685 1196 190 31 hundratals
898 1196 162 39 lärjungar
1082 1193 151 41 inrymda
1255 1194 11 30 i
1289 1203 41 21 en
1353 1192 84 31 enda
1459 1191 210 32 kasernartad
1693 1190 150 41 byggnad

242 1254 73 31 med
339 1256 86 28 stora
449 1252 57 30 sof-
531 1250 61 31 och
616 1249 199 31 arbetssalar.
862 1249 63 29 Det
947 1250 90 36 säger
1060 1247 47 38 sig
1131 1246 94 40 sjelft,
1251 1248 46 28 att
1319 1245 91 31 lifvet
1432 1245 90 30 inom
1547 1254 40 20 en
1608 1243 101 31 sådan
1726 1243 119 31 anstalt

243 1316 97 30 gerna
361 1305 62 31 blir
446 1303 131 39 anlagdt
600 1303 42 39 på
665 1300 223 36 massverkan;
913 1300 204 39 lärjungarna
1140 1301 54 27 äro
1219 1296 161 32 fördelade
1404 1297 11 30 i
1436 1296 200 39 afdelningar
1652 1295 62 31 och
1730 1295 113 30 under-

244 1358 200 38 afdelningar
477 1355 73 31 med
586 1355 81 30 hvar
701 1354 70 30 sina
805 1352 108 31 chefer
937 1352 60 30 och
1021 1350 221 36 underchefer,
1267 1349 74 31 tukt
1364 1349 62 31 och
1449 1348 138 39 ordning
1610 1350 54 29 äro
1689 1348 27 39 ej
1742 1348 102 30 sällan

245 1413 113 29 stramt
391 1407 199 36 militäriska,
627 1406 61 31 och
723 1405 54 31 det
809 1405 75 30 hela
915 1404 47 30 får
984 1403 123 39 ganska
1129 1403 60 30 lätt
1213 1412 40 21 en
1276 1402 64 30 viss
1363 1401 109 40 pregel
1495 1400 34 31 af
1549 1399 137 41 dressyr.
1733 1398 112 40 Enligt

245 1464 63 30 den
332 1473 23 20 8.
381 1461 31 31 k.
448 1459 311 41 grupperingstypen
794 1458 67 29 åter
883 1456 136 31 fördelas
1042 1455 206 40 lärjungarna
1270 1454 11 30 i
1304 1463 139 30 grupper
1467 1452 205 41 (»familjer»)
1694 1452 42 39 på
1761 1452 81 30 12—

246 1517 41 30 20
310 1515 90 36 barn,
424 1513 80 31 hvar
528 1511 61 31 och
613 1521 40 20 en
678 1510 86 31 skött
787 1509 35 31 af
842 1509 49 31 sin
915 1507 157 32 särskilda
1091 1506 212 41 gruppledare
1320 1504 293 42 (»familjefader»),
1630 1504 215 31 tillsammans

246 1567 74 31 med
343 1567 122 30 honom
488 1562 167 33 beboende
680 1573 40 20 en
743 1561 151 40 byggnad
917 1561 47 31 för
987 1560 46 39 sig
1057 1560 74 40 sjelf
1151 1561 85 29 samt
1258 1559 10 30 i
1291 1558 218 38 hushållning,
1535 1556 234 39 undervisning
1785 1555 61 31 och

247 1619 184 40 kroppsliga
466 1617 118 40 sysslor
619 1614 84 32 skild
738 1615 69 29 från
842 1614 177 30 anstaltens
1051 1612 99 39 öfriga
1174 1621 146 30 grupper.
1347 1629 40 4 —
1408 1610 51 30 En
1482 1609 203 40 egendomlig
1709 1608 82 31 form
1816 1607 34 31 af

247 1671 324 38 kaserneringstypen
605 1668 58 30 har
696 1667 146 39 uppstått
866 1666 194 38 derigenom,
1086 1667 47 28 att
1155 1674 77 20 man
1255 1663 115 38 förlagt
1392 1661 382 41 uppfostringsanstalten
1797 1656 51 48 till

247 1725 97 37 något
371 1722 47 30 för
446 1720 184 31 ändamålet
660 1717 184 32 anskaffadt
871 1717 118 41 fartyg,
1017 1715 310 39 förbättringsskepp
1352 1714 235 40 (Reformatory
1611 1713 119 31 School
1754 1712 92 39 Ship)

248 1776 75 30 eller
346 1772 280 39 räddningsskepp
650 1770 188 40 (Industrial
863 1769 117 31 School
1004 1768 103 40 Ship).
1154 1768 116 29 Denna
1293 1766 92 37 form,
1403 1776 69 21 som
1496 1766 65 30 står
1583 1766 11 29 i
1611 1764 62 39 god
1690 1764 157 31 öfverens-

249 1826 183 32 stämmelse
457 1824 87 31 såväl
567 1822 75 31 med
666 1822 216 40 pojknaturen
906 1830 68 21 som
998 1819 75 31 med
1097 1819 55 31 det
1175 1819 152 39 engelska
1350 1818 260 39 nationallynnet
1632 1817 11 30 i
1659 1816 190 66 allmänhet,

248 1880 58 30 har
328 1880 42 39 på
394 1876 104 40 grund
521 1875 94 31 häraf
636 1875 116 30 vunnit
775 1873 122 40 ganska
920 1871 177 33 vidsträckt
1119 1871 204 38 utbredning.

379 1931 47 30 De
469 1927 244 36 hufvudmedel,
749 1936 116 29 genom
900 1925 111 31 hvilka
1044 1934 77 21 man
1156 1924 11 30 i
1201 1922 518 41 tvångsuppfostringsantalterna
1756 1920 93 31 söker

250 1984 113 39 främja
395 1982 39 30 de
469 1990 102 29 ungas
605 1978 174 32 moraliska
812 1978 198 38 förbättring,
1046 1980 54 27 äro
1125 1976 197 38 väsentligen
1346 1974 144 42 oaflåtlig
1515 1974 114 41 tillsyn
1652 1973 61 31 och
1739 1975 111 38 trägen

250 2034 256 43 sysselsättning.
552 2032 82 30 Hela
659 2030 306 38 lefnadsordningen
989 2032 34 27 är
1046 2030 42 38 på
1111 2028 55 31 det
1189 2029 235 37 noggrannaste
1448 2025 147 31 bestämd
1620 2027 84 28 samt
1730 2024 120 39 åsyftar

251 2090 47 27 att
320 2087 47 30 för
390 2085 110 39 hvarje
524 2084 145 39 lärjunge
694 2086 73 35 göra
791 2081 83 39 goda
898 2081 61 31 och
981 2080 222 39 regelbundna
1226 2090 99 19 vanor
1342 2079 49 30 till
1407 2088 39 20 en
1463 2078 101 30 andra
1580 2080 105 27 natur.
1721 2076 128 30 Tukten

251 2142 34 26 är
319 2140 117 35 sträng,
472 2145 75 21 men
581 2135 120 39 bygger
735 2133 124 30 mindre
895 2134 41 38 på
969 2132 130 30 fruktan
1132 2135 43 27 än
1206 2132 42 38 på
1281 2130 180 31 väckandet
1484 2130 34 29 af
1538 2129 222 39 lärjungarnas
1784 2127 67 30 ofta

252 2187 210 33 outvecklade
486 2188 76 29 eller
585 2185 157 31 förslöade
766 2187 88 28 rätts-
878 2184 62 31 och
956 2183 239 31 hederskänsla.
1232 2183 165 38 Framsteg
1412 2182 11 30 i
1439 2180 200 41 uppförande
1656 2179 61 31 och
1734 2179 115 30 arbets-

253 2242 48 30 flit
323 2242 132 30 belönas
478 2238 74 31 med
576 2237 212 31 utmärkelser
811 2237 60 30 och
897 2236 221 40 uppflyttning
1142 2235 9 30 i
1176 2235 94 38 högre
1294 2234 125 39 grader;
1444 2233 123 31 återfall
1591 2232 145 31 deremot
1765 2230 85 31 med-

255 2295 44 30 för
323 2291 209 41 degradering
555 2289 60 32 och
640 2290 114 30 förlust
777 2289 33 30 af
831 2289 84 30 vissa
938 2288 167 36 förmåner,
1130 2288 10 30 i
1164 2288 124 29 svårare
1312 2286 55 30 fall
1391 2286 94 30 äfven
1509 2287 99 28 arrest
1631 2284 76 30 eller
1730 2293 68 28 aga.

382 2345 63 30 Det
468 2343 74 36 mål,
576 2352 69 21 som
669 2341 74 31 med
767 2341 74 30 hela
864 2339 305 41 tvångsuppfostran
1194 2338 224 36 eftersträfvas,
1443 2340 34 27 är
1500 2335 211 41 uppnåendet
1735 2335 34 30 af
1789 2334 63 31 den

255 2397 171 32 moraliska
450 2394 266 42 sjelfständighet,
741 2397 46 27 att
811 2394 169 39 lärjungen
1004 2392 63 30 kan
1091 2393 43 39 på
1156 2402 79 29 egen
1260 2390 87 31 hand
1370 2393 73 36 taga
1466 2390 47 38 sig
1532 2389 81 30 fram
1630 2389 10 30 i
1657 2388 90 31 lifvet
1773 2390 79 28 utan
