1877 2827
110 131 48 29 Nr
174 131 127 29 16—24
455 132 285 29 Statsutskottets
765 133 179 29 utlåtande
967 143 43 20 nr
1034 135 41 28 16
1097 135 39 29 år
1161 136 83 28 1968
1582 140 12 27 1

794 433 51 36 Nr
864 433 50 36 16

332 535 184 31 Utlåtande
545 536 11 30 i
581 536 190 41 anledning
797 546 43 22 av
866 538 127 39 Kungl.
1021 538 125 38 Maj:ts
1173 539 217 40 proposition
1419 540 178 39 angående

553 591 143 39 utgifter
719 591 46 40 på
791 592 208 39 tilläggsstat
1023 593 33 29 II
1081 593 53 30 till
1158 593 189 31 riksstaten
1373 593 58 40 för
1457 594 141 39 budget-

552 645 74 29 året
656 645 150 36 1967/68
835 646 11 30 i
875 646 65 30 vad
966 646 262 40 propositionen
1258 656 99 22 avser
1384 647 214 40 försvarsde-

550 700 251 38 partementets
823 700 394 32 verksamhetsområde.

1402 756 75 35 (1:a
1499 757 93 34 avd.)

605 1016 500 37 DRIFTBUDGCETEN

654 1124 138 48 Fjärde
811 1124 250 36 huvudtiteln

157 1228 34 33 1)
220 1228 154 30 Svenska
411 1229 503 36 övervakningskontingenten
951 1231 12 28 i
999 1230 120 30 Korea.
1158 1231 78 29 Med
1273 1231 246 40 tillstyrkande
1558 1241 42 20 av

111 1282 125 39 Kungl.
259 1282 124 37 Maj:ts
406 1283 11 29 i
439 1283 262 39 propositionen
725 1292 42 20 nr
790 1284 29 34 2,
842 1284 114 39 bilaga
982 1284 27 35 1,
1033 1284 196 40 framlagda
1253 1284 132 40 förslag
1413 1285 130 40 (punkt
1568 1286 29 34 2,

111 1345 25 20 s.
155 1335 20 30 4
192 1336 11 30 i
221 1336 126 39 utdrag
365 1346 41 20 av
425 1336 382 40 statsrådsprotokollet
826 1338 81 29 över
926 1338 310 30 försvarsärenden
1256 1338 55 30 för
1332 1339 65 29 den
1418 1339 18 29 3
1457 1339 141 37 januari

112 1390 100 34 1968)
241 1390 203 30 hemställer
469 1391 170 30 utskottet

476 1445 50 28 att
541 1444 187 40 riksdagen
743 1445 52 30 till
810 1444 156 31 Svenska
982 1445 507 41 övervakningskontingenten
1508 1447 11 29 i
1533 1447 66 29 Ko-

428 1507 58 21 rea
507 1498 45 40 på
573 1499 208 39 tilläggsstat
804 1499 30 29 II
856 1499 52 30 till
929 1499 191 30 riksstaten
1143 1500 55 29 för
1219 1500 204 40 budgetåret
1449 1501 149 35 1967/68

432 1552 140 30 anvisar
587 1554 47 28 ett
650 1553 356 40 reservationsanslag
1022 1563 42 20 av
1080 1553 62 30 860
1158 1554 61 30 000
1237 1554 51 30 kr.

154 1660 35 34 2)
217 1660 219 36 Uppskjuten
455 1660 108 35 fråga.
583 1660 176 30 Utskottet
779 1660 159 30 kommer
957 1670 124 21 senare
1102 1661 112 30 under
1236 1661 177 31 sessionen
1435 1664 50 28 att
1506 1664 92 38 yttra

111 1714 51 39 sig
183 1714 224 30 beträffande
429 1714 126 39 Kungl.
578 1714 125 37 Maj:ts
727 1715 111 29 under
861 1715 114 39 punkt
1002 1715 14 29 1
1043 1715 196 40 framlagda
1263 1715 132 40 förslag
1419 1716 178 39 angående

112 1768 172 38 reglering
310 1777 41 20 av
376 1768 269 38 prisstegringar
670 1768 111 29 under
806 1768 214 39 begränsade
1047 1769 130 39 anslag,
1203 1769 108 30 vilket
1337 1770 170 29 utskottet
1533 1770 63 29 här

730 1822 166 30 anmäler.

156 1903 200 30 Stockholm
379 1903 66 29 den
467 1903 18 29 6
508 1902 155 30 februari
687 1902 83 30 1968

592 1992 49 30 På
664 1992 277 30 statsutskottets
965 1993 146 39 vägnar:

679 2072 141 31 GÖSTA
844 2073 191 31 BOHMAN

155 2269 242 29 Närvarande:
415 2279 34 20 se
464 2270 111 29 under
590 2269 196 31 utlåtandet
800 2279 42 21 nr
856 2269 52 31 20.

144 2486 16 24 1
197 2484 112 30 Bihang
329 2484 46 24 till
393 2483 170 31 riksdagens
581 2484 149 30 protokoll
747 2484 78 24 1968.
850 2484 8 24 6
876 2484 84 24 saml.
977 2484 40 24 Nr
1034 2487 102 22 16—24
