2224 2588
648 183 254 32 Statsutskottets
934 181 176 32 Utlåtande
1133 180 64 32 N:o
1222 183 28 28 5.
1706 178 41 31 59

170 285 85 23 rare
284 269 255 39 förordnades
569 282 48 24 en
646 281 155 36 person,
832 281 82 23 som
941 266 128 37 kunde
1098 278 105 24 mera
1232 269 102 45 ägna
1363 264 62 49 sig
1453 267 39 34 åt
1511 264 125 37 denna
1650 263 139 38 befatt-

172 323 118 49 nings
320 321 189 37 skötande
538 326 50 31 än
617 321 76 36 den
716 319 233 47 nuvarande,
979 318 157 37 hvilken
1164 316 125 37 tillika
1316 330 92 23 vore
1436 316 353 50 regementsinten-

172 376 103 46 dent,
319 380 99 31 samt
460 378 55 32 att
557 372 165 38 särskild
764 372 260 36 vaktmästare
1068 374 132 44 syntes
1235 369 86 36 icke
1349 381 94 24 vara
1472 368 228 49 erforderlig
1727 368 63 36 för

172 428 74 36 den
273 427 81 37 lilla
382 425 115 48 lokal,
528 438 84 24 som
640 423 201 48 behöfdes,
872 436 87 23 men
987 427 56 32 att
1070 422 12 36 i
1103 421 131 37 stället
1249 421 120 36 borde
1385 421 155 36 anvisas
1557 422 74 35 300
1648 421 142 36 kronor

172 480 60 37 för
269 479 184 48 städning
482 477 36 37 af
547 476 156 37 lokalen
731 490 48 22 m.
802 489 48 22 m.
892 475 18 36 I
930 474 173 49 enlighet
1123 473 160 37 härmed
1302 472 70 36 har
1392 473 397 48 arméförvaltningen

170 532 189 49 uppgjort
400 530 148 48 förslag
590 528 59 36 till
689 541 53 36 ny
778 532 76 32 stat
881 527 61 36 för
970 524 494 49 remonteringsstyrelsen,
1502 524 149 37 hvilket
1678 524 112 36 torde

170 584 39 36 få
238 583 153 48 bifogas
421 581 105 37 detta
553 579 207 51 protokoll.

276 635 57 36 Då
375 634 65 36 det
481 632 67 37 vill
590 645 128 35 synas,
762 644 82 23 som
885 643 62 23 om
979 629 214 48 utgifterna
1220 628 61 37 för
1308 626 482 50 remonteringsstyrelsen

172 687 120 36 skulle
321 687 133 35 kunna
481 684 192 37 bestridas
702 683 87 36 med
818 683 47 35 de
893 681 154 50 belopp,
1072 680 401 49 arméförvaltningen
1503 679 159 37 sålunda
1690 678 100 37 före-

173 739 125 48 slagit,
328 750 116 23 anser
467 737 72 48 jag
567 736 82 48 mig
676 736 94 36 böra
799 734 151 36 ansluta
977 734 82 48 mig
1086 732 59 36 till
1173 732 107 37 detta
1308 732 160 49 förslag.

276 789 190 48 Anslaget
493 789 13 36 i
535 788 59 36 sin
627 787 143 46 helhet,
799 785 213 37 beräknadt
1040 784 121 49 enligt
1188 783 101 37 hvad
1314 784 73 48 jag
1414 797 52 23 nu
1494 783 140 46 anfört,
1664 782 126 37 skulle

170 843 60 36 för
250 845 40 33 år
312 842 97 36 1909
432 841 153 35 komma
605 844 55 31 att
678 841 132 47 uppgå
829 837 58 37 till
907 842 55 32 ett
980 836 141 50 belopp
1147 836 41 36 af
1207 837 205 46 1,229,616
1433 835 173 36 kronor.»

277 945 54 36 På
359 943 127 50 grund
514 943 41 37 af
581 942 103 36 hvad
712 941 13 37 i
754 941 160 37 ärendet
942 939 126 37 blifvit
1097 939 154 37 anfördt
1281 938 58 37 får
1364 939 190 36 utskottet
1572 936 218 48 hemställa,

681 1049 56 32 att
765 1044 223 47 Riksdagen
1016 1045 72 45 må,
1118 1042 88 36 med
1242 1040 286 49 godkännande
1562 1040 42 36 af
1634 1039 64 37 det
1727 1039 64 36 vid

578 1095 423 50 statsrådsprotokollet
1030 1094 109 37 öfver
1166 1091 455 39 landtförsvarsärenden
1646 1091 74 36 den
1743 1092 46 34 13

573 1148 153 49 januari
757 1149 99 34 1908
885 1146 141 49 fogade
1057 1145 146 48 förslag
1230 1144 60 37 till
1314 1150 76 30 stat
1408 1144 60 36 för
1486 1142 305 48 remonterings-

577 1200 194 49 styrelsen
800 1198 68 49 (bil
896 1211 62 24 n:o
988 1199 47 35 59
1065 1197 66 36 vid
1158 1196 169 37 nämnda
1354 1193 224 52 protokoll),
1607 1194 91 49 höja
1724 1206 66 24 an-

577 1251 125 48 slaget
720 1251 59 36 till
799 1249 264 48 remontering
1082 1248 73 37 och
1176 1248 170 47 skoning
1365 1261 48 22 m.
1435 1261 64 32 m.,
1515 1259 52 23 nu
1586 1247 202 47 1,228,857

577 1303 153 47 kronor,
761 1302 84 36 med
877 1303 72 35 759
979 1301 146 36 kronor
1152 1299 60 37 till
1243 1301 204 46 1,229,616
1477 1299 152 36 kronor.

269 1510 94 48 Lega
392 1508 37 39 af
459 1508 127 39 hästar
613 1507 56 39 för
698 1505 245 48 kavalleriets,
973 1505 219 48 artilleriets,
1222 1504 385 49 ingenjörtruppernas
1636 1502 66 39 och

804 1569 174 46 trängens
1007 1565 152 39 exercis.

279 1669 100 49 11:0)
409 1669 131 37 Under
568 1669 122 48 punkt
722 1670 43 34 11
797 1669 42 37 af
864 1669 122 48 fjärde
1015 1668 262 36 hufvudtiteln
1305 1667 69 36 har
1400 1666 144 49 Kungl.
1565 1665 109 49 Maj:t
1693 1664 99 37 före-

172 1722 117 49 slagit
329 1721 224 47 Riksdagen
595 1725 57 31 att
694 1720 73 36 öka
804 1721 177 48 anslaget
1008 1720 59 36 till
1094 1720 91 48 lega
1213 1720 43 36 af
1280 1719 133 36 hästar
1442 1718 61 37 för
1532 1717 259 46 kavalleriets,

172 1774 233 46 artilleriets,
434 1773 416 48 ingenjörtruppernas
876 1773 72 36 och
967 1777 185 42 trängens
1173 1771 182 46 excersis,
1375 1784 52 22 nu
1448 1771 166 46 367,043
1636 1769 155 46 kronor,

171 1826 88 36 med
288 1826 164 46 414,247
485 1824 144 36 kronor
657 1823 58 36 till
748 1826 164 46 781,290
942 1824 152 36 kronor.

275 1927 18 36 I
335 1926 127 36 denna
504 1926 113 48 fråga
657 1926 69 36 har
767 1931 26 31 +t.
824 1926 25 36 f.
881 1926 209 36 statsrådet
1132 1925 71 37 och
1233 1924 139 37 chefen
1406 1924 60 36 för
1493 1923 299 37 landtförsvars-

172 1979 308 49 departementet
508 1978 59 36 till
597 1977 426 50 statsrådsprotokollet
1051 1977 129 36 anfört
1207 1976 191 49 följande:

275 2029 142 37 »Ofver
445 2029 183 37 behofvet
653 2029 42 36 af
718 2029 115 49 legda
861 2029 131 36 hästar
1020 2029 65 36 vid
1114 2028 133 37 armén
1274 2028 123 36 under
1427 2030 41 33 år
1499 2028 97 35 1909
1626 2026 70 37 har
1719 2027 73 49 jag

170 2082 86 37 låtit
283 2086 178 45 uppgöra
491 2081 227 48 beräkning,
747 2081 157 37 hvilken
923 2080 110 37 torde
1066 2081 39 35 få
1125 2080 135 49 åtfölja
1280 2079 423 49 statsrådsprotokollet
1732 2079 60 36 för

171 2135 126 36 denna
326 2134 88 47 dag.

274 2184 246 38 Beträffande
540 2185 211 36 kavalleriet
768 2184 117 37 hafva
899 2183 122 37 under
1038 2183 46 37 de
1101 2196 134 24 senare
1252 2185 92 34 åren
1358 2182 318 37 rusthållshästar
1691 2183 101 33 måst

172 2237 196 37 användas
397 2237 61 36 för
487 2236 46 36 de
563 2235 281 49 värnpliktiges
873 2235 220 49 utbildning
1120 2235 123 36 under
1263 2232 528 52 beväringsrekrytskolorna

170 2289 67 36 vid
255 2289 329 48 Lifregementets
605 2288 194 48 dragoner
819 2287 72 37 och
909 2287 161 36 husarer
1091 2292 99 32 samt
1210 2286 202 37 Smålands
1431 2287 359 46 husarregemente.

1859 1687 70 29 Lega
1949 1687 26 22 af

1837 1721 90 23 hästar
1947 1720 39 23 för

1829 1756 179 28 kavalleriets,

1834 1790 163 28 artilleriets,

1815 1824 195 30 ingenjörtrup-

1855 1866 46 16 nas
1921 1859 51 23 och

1851 1895 124 27 trängens

1860 1928 108 23 exercis.

1874 1970 87 43 [11.]
