<?xml version="1.0" encoding="UTF-8"?>
<alto xmlns="http://www.loc.gov/standards/alto/ns-v3#" xmlns:xlink="http://www.w3.org/1999/xlink" xmlns:xsi="http://www.w3.org/2001/XMLSchema-instance" xsi:schemaLocation="http://www.loc.gov/standards/alto/ns-v3# http://www.loc.gov/alto/v3/alto-3-0.xsd">
	<Description>
		<MeasurementUnit>pixel</MeasurementUnit>
		<sourceImageInformation>
			<fileName>/tmp/tess_7w1rzwyi_input.PNG</fileName>
		</sourceImageInformation>
		<OCRProcessing ID="OCR_0">
			<ocrProcessingStep>
				<processingSoftware>
					<softwareName>tesseract 5.3.0</softwareName>
				</processingSoftware>
			</ocrProcessingStep>
		</OCRProcessing>
	</Description>
	<Layout>
		<Page WIDTH="2248" HEIGHT="2591" PHYSICAL_IMG_NR="0" ID="page_0">
			<PrintSpace HPOS="0" VPOS="0" WIDTH="2248" HEIGHT="2591">
				<ComposedBlock ID="cblock_0" HPOS="700" VPOS="188" WIDTH="1067" HEIGHT="34">
					<TextBlock ID="block_0" HPOS="700" VPOS="188" WIDTH="1067" HEIGHT="34">
						<TextLine ID="line_0" HPOS="700" VPOS="188" WIDTH="1067" HEIGHT="34">
							<String ID="string_0" HPOS="700" VPOS="190" WIDTH="253" HEIGHT="32" WC="0.79" CONTENT="Statsutskottets"/><SP WIDTH="31" VPOS="190" HPOS="953"/>
							<String ID="string_1" HPOS="984" VPOS="189" WIDTH="173" HEIGHT="32" WC="0.96" CONTENT="Utlåtande"/><SP WIDTH="23" VPOS="189" HPOS="1157"/>
							<String ID="string_2" HPOS="1180" VPOS="189" WIDTH="66" HEIGHT="31" WC="0.95" CONTENT="N:o"/><SP WIDTH="25" VPOS="189" HPOS="1246"/>
							<String ID="string_3" HPOS="1271" VPOS="192" WIDTH="28" HEIGHT="28" WC="0.94" CONTENT="5."/><SP WIDTH="430" VPOS="192" HPOS="1299"/>
							<String ID="string_4" HPOS="1729" VPOS="188" WIDTH="38" HEIGHT="30" WC="0.96" CONTENT="21"/>
						</TextLine>
					</TextBlock>
				</ComposedBlock>
				<ComposedBlock ID="cblock_1" HPOS="185" VPOS="273" WIDTH="1626" HEIGHT="2069">
					<TextBlock ID="block_1" HPOS="191" VPOS="273" WIDTH="1620" HEIGHT="725">
						<TextLine ID="line_1" HPOS="194" VPOS="273" WIDTH="1617" HEIGHT="53">
							<String ID="string_5" HPOS="194" VPOS="276" WIDTH="252" HEIGHT="50" WC="0.96" CONTENT="ögonblicket"/><SP WIDTH="28" VPOS="276" HPOS="446"/>
							<String ID="string_6" HPOS="474" VPOS="276" WIDTH="77" HEIGHT="36" WC="0.96" CONTENT="kan"/><SP WIDTH="31" VPOS="276" HPOS="551"/>
							<String ID="string_7" HPOS="582" VPOS="289" WIDTH="116" HEIGHT="36" WC="0.96" CONTENT="synas"/><SP WIDTH="29" VPOS="289" HPOS="698"/>
							<String ID="string_8" HPOS="727" VPOS="288" WIDTH="92" HEIGHT="24" WC="0.96" CONTENT="vara"/><SP WIDTH="27" VPOS="288" HPOS="819"/>
							<String ID="string_9" HPOS="846" VPOS="274" WIDTH="225" HEIGHT="37" WC="0.92" CONTENT="händelsen."/><SP WIDTH="39" VPOS="274" HPOS="1071"/>
							<String ID="string_10" HPOS="1110" VPOS="274" WIDTH="387" HEIGHT="49" WC="0.91" CONTENT="Kompanikadrerna"/><SP WIDTH="19" VPOS="274" HPOS="1497"/>
							<String ID="string_11" HPOS="1516" VPOS="273" WIDTH="133" HEIGHT="48" WC="0.95" CONTENT="blifva,"/><SP WIDTH="20" VPOS="273" HPOS="1649"/>
							<String ID="string_12" HPOS="1669" VPOS="286" WIDTH="142" HEIGHT="35" WC="0.96" CONTENT="genom"/>
						</TextLine>
						<TextLine ID="line_2" HPOS="193" VPOS="324" WIDTH="1618" HEIGHT="53">
							<String ID="string_13" HPOS="193" VPOS="334" WIDTH="57" HEIGHT="31" WC="0.96" CONTENT="att"/><SP WIDTH="45" VPOS="334" HPOS="250"/>
							<String ID="string_14" HPOS="295" VPOS="333" WIDTH="265" HEIGHT="44" WC="0.93" CONTENT="regementets"/><SP WIDTH="45" VPOS="333" HPOS="560"/>
							<String ID="string_15" HPOS="605" VPOS="327" WIDTH="354" HEIGHT="49" WC="0.91" CONTENT="rekrytutbildning"/><SP WIDTH="47" VPOS="327" HPOS="959"/>
							<String ID="string_16" HPOS="1006" VPOS="326" WIDTH="141" HEIGHT="37" WC="0.96" CONTENT="ordnas"/><SP WIDTH="42" VPOS="326" HPOS="1147"/>
							<String ID="string_17" HPOS="1189" VPOS="326" WIDTH="13" HEIGHT="36" WC="0.91" CONTENT="i"/><SP WIDTH="42" VPOS="326" HPOS="1202"/>
							<String ID="string_18" HPOS="1244" VPOS="326" WIDTH="76" HEIGHT="36" WC="0.89" CONTENT="tolf"/><SP WIDTH="23" VPOS="326" HPOS="1320"/>
							<String ID="string_19" HPOS="1343" VPOS="324" WIDTH="468" HEIGHT="51" WC="0.89" CONTENT="kompanirekrytskolor,"/>
						</TextLine>
						<TextLine ID="line_3" HPOS="194" VPOS="377" WIDTH="1617" HEIGHT="51">
							<String ID="string_20" HPOS="194" VPOS="380" WIDTH="175" HEIGHT="48" WC="0.96" CONTENT="verkliga"/><SP WIDTH="33" VPOS="380" HPOS="369"/>
							<String ID="string_21" HPOS="402" VPOS="385" WIDTH="184" HEIGHT="31" WC="0.96" CONTENT="stammar"/><SP WIDTH="29" VPOS="385" HPOS="586"/>
							<String ID="string_22" HPOS="615" VPOS="379" WIDTH="93" HEIGHT="37" WC="0.93" CONTENT="eller"/><SP WIDTH="29" VPOS="379" HPOS="708"/>
							<String ID="string_23" HPOS="737" VPOS="379" WIDTH="293" HEIGHT="49" WC="0.91" CONTENT="medelpunkter"/><SP WIDTH="27" VPOS="379" HPOS="1030"/>
							<String ID="string_24" HPOS="1057" VPOS="378" WIDTH="62" HEIGHT="36" WC="0.96" CONTENT="för"/><SP WIDTH="29" VPOS="378" HPOS="1119"/>
							<String ID="string_25" HPOS="1148" VPOS="378" WIDTH="46" HEIGHT="36" WC="0.93" CONTENT="de"/><SP WIDTH="29" VPOS="378" HPOS="1194"/>
							<String ID="string_26" HPOS="1223" VPOS="378" WIDTH="273" HEIGHT="49" WC="0.92" CONTENT="värnpliktige,"/><SP WIDTH="31" VPOS="378" HPOS="1496"/>
							<String ID="string_27" HPOS="1527" VPOS="391" WIDTH="80" HEIGHT="23" WC="0.96" CONTENT="som"/><SP WIDTH="30" VPOS="391" HPOS="1607"/>
							<String ID="string_28" HPOS="1637" VPOS="377" WIDTH="65" HEIGHT="36" WC="0.93" CONTENT="vid"/><SP WIDTH="29" VPOS="377" HPOS="1702"/>
							<String ID="string_29" HPOS="1731" VPOS="391" WIDTH="80" HEIGHT="23" WC="0.93" CONTENT="mo-"/>
						</TextLine>
						<TextLine ID="line_4" HPOS="193" VPOS="429" WIDTH="1617" HEIGHT="52">
							<String ID="string_30" HPOS="193" VPOS="432" WIDTH="204" HEIGHT="49" WC="0.92" CONTENT="bilisering"/><SP WIDTH="29" VPOS="432" HPOS="397"/>
							<String ID="string_31" HPOS="426" VPOS="432" WIDTH="108" HEIGHT="36" WC="0.96" CONTENT="skola"/><SP WIDTH="27" VPOS="432" HPOS="534"/>
							<String ID="string_32" HPOS="561" VPOS="432" WIDTH="91" HEIGHT="48" WC="0.96" CONTENT="ingå"/><SP WIDTH="27" VPOS="432" HPOS="652"/>
							<String ID="string_33" HPOS="679" VPOS="431" WIDTH="56" HEIGHT="36" WC="0.96" CONTENT="uti"/><SP WIDTH="29" VPOS="431" HPOS="735"/>
							<String ID="string_34" HPOS="764" VPOS="431" WIDTH="45" HEIGHT="36" WC="0.93" CONTENT="de"/><SP WIDTH="20" VPOS="431" HPOS="809"/>
							<String ID="string_35" HPOS="829" VPOS="431" WIDTH="75" HEIGHT="37" WC="0.90" CONTENT="tolf"/><SP WIDTH="17" VPOS="431" HPOS="904"/>
							<String ID="string_36" HPOS="921" VPOS="429" WIDTH="521" HEIGHT="50" WC="0.24" CONTENT="fält-(linje-Jkompanierna."/><SP WIDTH="46" VPOS="429" HPOS="1442"/>
							<String ID="string_37" HPOS="1488" VPOS="429" WIDTH="151" HEIGHT="38" WC="0.70" CONTENT="Ordnas"/><SP WIDTH="20" VPOS="429" HPOS="1639"/>
							<String ID="string_38" HPOS="1659" VPOS="430" WIDTH="151" HEIGHT="48" WC="0.91" CONTENT="rekryt-"/>
						</TextLine>
						<TextLine ID="line_5" HPOS="193" VPOS="481" WIDTH="1615" HEIGHT="51">
							<String ID="string_39" HPOS="193" VPOS="484" WIDTH="273" HEIGHT="48" WC="0.96" CONTENT="utbildningen"/><SP WIDTH="28" VPOS="484" HPOS="466"/>
							<String ID="string_40" HPOS="494" VPOS="483" WIDTH="238" HEIGHT="37" WC="0.96" CONTENT="annorlunda"/><SP WIDTH="29" VPOS="483" HPOS="732"/>
							<String ID="string_41" HPOS="761" VPOS="488" WIDTH="47" HEIGHT="31" WC="0.96" CONTENT="än"/><SP WIDTH="30" VPOS="488" HPOS="808"/>
							<String ID="string_42" HPOS="838" VPOS="483" WIDTH="98" HEIGHT="36" WC="0.96" CONTENT="efter"/><SP WIDTH="28" VPOS="483" HPOS="936"/>
							<String ID="string_43" HPOS="964" VPOS="483" WIDTH="66" HEIGHT="35" WC="0.93" CONTENT="det"/><SP WIDTH="27" VPOS="483" HPOS="1030"/>
							<String ID="string_44" HPOS="1057" VPOS="482" WIDTH="239" HEIGHT="49" WC="0.92" CONTENT="bepröfvade"/><SP WIDTH="30" VPOS="482" HPOS="1296"/>
							<String ID="string_45" HPOS="1326" VPOS="483" WIDTH="71" HEIGHT="35" WC="0.96" CONTENT="och"/><SP WIDTH="21" VPOS="483" HPOS="1397"/>
							<String ID="string_46" HPOS="1418" VPOS="481" WIDTH="170" HEIGHT="37" WC="0.93" CONTENT="erkända"/><SP WIDTH="19" VPOS="481" HPOS="1588"/>
							<String ID="string_47" HPOS="1607" VPOS="481" WIDTH="201" HEIGHT="48" WC="0.93" CONTENT="kompani-"/>
						</TextLine>
						<TextLine ID="line_6" HPOS="192" VPOS="533" WIDTH="1619" HEIGHT="52">
							<String ID="string_48" HPOS="192" VPOS="537" WIDTH="443" HEIGHT="48" WC="0.91" CONTENT="utbildningssystemet,"/><SP WIDTH="44" VPOS="537" HPOS="635"/>
							<String ID="string_49" HPOS="679" VPOS="534" WIDTH="177" HEIGHT="37" WC="0.96" CONTENT="befinner"/><SP WIDTH="41" VPOS="534" HPOS="856"/>
							<String ID="string_50" HPOS="897" VPOS="548" WIDTH="90" HEIGHT="22" WC="0.95" CONTENT="man"/><SP WIDTH="42" VPOS="548" HPOS="987"/>
							<String ID="string_51" HPOS="1029" VPOS="534" WIDTH="62" HEIGHT="49" WC="0.95" CONTENT="sig"/><SP WIDTH="26" VPOS="534" HPOS="1091"/>
							<String ID="string_52" HPOS="1117" VPOS="537" WIDTH="49" HEIGHT="46" WC="0.96" CONTENT="på"/><SP WIDTH="28" VPOS="537" HPOS="1166"/>
							<String ID="string_53" HPOS="1194" VPOS="539" WIDTH="56" HEIGHT="32" WC="0.96" CONTENT="ett"/><SP WIDTH="30" VPOS="539" HPOS="1250"/>
							<String ID="string_54" HPOS="1280" VPOS="534" WIDTH="192" HEIGHT="37" WC="0.96" CONTENT="sluttande"/><SP WIDTH="30" VPOS="534" HPOS="1472"/>
							<String ID="string_55" HPOS="1502" VPOS="535" WIDTH="102" HEIGHT="47" WC="0.96" CONTENT="plan,"/><SP WIDTH="32" VPOS="535" HPOS="1604"/>
							<String ID="string_56" HPOS="1636" VPOS="533" WIDTH="71" HEIGHT="35" WC="0.96" CONTENT="och"/><SP WIDTH="29" VPOS="533" HPOS="1707"/>
							<String ID="string_57" HPOS="1736" VPOS="533" WIDTH="75" HEIGHT="36" WC="0.96" CONTENT="den"/>
						</TextLine>
						<TextLine ID="line_7" HPOS="194" VPOS="582" WIDTH="1616" HEIGHT="55">
							<String ID="string_58" HPOS="194" VPOS="589" WIDTH="177" HEIGHT="48" WC="0.95" CONTENT="svaghet,"/><SP WIDTH="43" VPOS="589" HPOS="371"/>
							<String ID="string_59" HPOS="414" VPOS="601" WIDTH="84" HEIGHT="23" WC="0.96" CONTENT="som"/><SP WIDTH="42" VPOS="601" HPOS="498"/>
							<String ID="string_60" HPOS="540" VPOS="587" WIDTH="121" HEIGHT="36" WC="0.93" CONTENT="skulle"/><SP WIDTH="42" VPOS="587" HPOS="661"/>
							<String ID="string_61" HPOS="703" VPOS="587" WIDTH="266" HEIGHT="36" WC="0.91" CONTENT="känneteckna"/><SP WIDTH="32" VPOS="587" HPOS="969"/>
							<String ID="string_62" HPOS="1001" VPOS="586" WIDTH="289" HEIGHT="49" WC="0.90" CONTENT="härordningen"/><SP WIDTH="29" VPOS="586" HPOS="1290"/>
							<String ID="string_63" HPOS="1319" VPOS="599" WIDTH="142" HEIGHT="36" WC="0.93" CONTENT="genom"/><SP WIDTH="29" VPOS="599" HPOS="1461"/>
							<String ID="string_64" HPOS="1490" VPOS="582" WIDTH="206" HEIGHT="40" WC="0.92" CONTENT="afvikelser"/><SP WIDTH="28" VPOS="582" HPOS="1696"/>
							<String ID="string_65" HPOS="1724" VPOS="584" WIDTH="86" HEIGHT="36" WC="0.96" CONTENT="från"/>
						</TextLine>
						<TextLine ID="line_8" HPOS="192" VPOS="635" WIDTH="1618" HEIGHT="52">
							<String ID="string_66" HPOS="192" VPOS="640" WIDTH="167" HEIGHT="37" WC="0.96" CONTENT="nämnda"/><SP WIDTH="42" VPOS="640" HPOS="359"/>
							<String ID="string_67" HPOS="401" VPOS="645" WIDTH="156" HEIGHT="42" WC="0.96" CONTENT="system,"/><SP WIDTH="44" VPOS="645" HPOS="557"/>
							<String ID="string_68" HPOS="601" VPOS="638" WIDTH="75" HEIGHT="36" WC="0.96" CONTENT="kan"/><SP WIDTH="40" VPOS="638" HPOS="676"/>
							<String ID="string_69" HPOS="716" VPOS="639" WIDTH="85" HEIGHT="36" WC="0.96" CONTENT="icke"/><SP WIDTH="42" VPOS="639" HPOS="801"/>
							<String ID="string_70" HPOS="843" VPOS="651" WIDTH="141" HEIGHT="35" WC="0.96" CONTENT="genom"/><SP WIDTH="35" VPOS="651" HPOS="984"/>
							<String ID="string_71" HPOS="1019" VPOS="638" WIDTH="117" HEIGHT="36" WC="0.96" CONTENT="andra"/><SP WIDTH="29" VPOS="638" HPOS="1136"/>
							<String ID="string_72" HPOS="1165" VPOS="638" WIDTH="182" HEIGHT="49" WC="0.93" CONTENT="åtgärder"/><SP WIDTH="28" VPOS="638" HPOS="1347"/>
							<String ID="string_73" HPOS="1375" VPOS="638" WIDTH="189" HEIGHT="49" WC="0.47" CONTENT="afhjälpas"/><SP WIDTH="30" VPOS="638" HPOS="1564"/>
							<String ID="string_74" HPOS="1594" VPOS="635" WIDTH="92" HEIGHT="36" WC="0.93" CONTENT="eller"/><SP WIDTH="28" VPOS="635" HPOS="1686"/>
							<String ID="string_75" HPOS="1714" VPOS="649" WIDTH="96" HEIGHT="35" WC="0.92" CONTENT="upp-"/>
						</TextLine>
						<TextLine ID="line_9" HPOS="191" VPOS="687" WIDTH="1619" HEIGHT="53">
							<String ID="string_76" HPOS="191" VPOS="697" WIDTH="134" HEIGHT="43" WC="0.95" CONTENT="vägas."/><SP WIDTH="57" VPOS="697" HPOS="325"/>
							<String ID="string_77" HPOS="382" VPOS="691" WIDTH="86" HEIGHT="36" WC="0.96" CONTENT="Den"/><SP WIDTH="26" VPOS="691" HPOS="468"/>
							<String ID="string_78" HPOS="494" VPOS="690" WIDTH="249" HEIGHT="36" WC="0.95" CONTENT="individuella"/><SP WIDTH="28" VPOS="690" HPOS="743"/>
							<String ID="string_79" HPOS="771" VPOS="690" WIDTH="94" HEIGHT="37" WC="0.96" CONTENT="eller"/><SP WIDTH="20" VPOS="690" HPOS="865"/>
							<String ID="string_80" HPOS="885" VPOS="689" WIDTH="175" HEIGHT="37" WC="0.96" CONTENT="enskilda"/><SP WIDTH="19" VPOS="689" HPOS="1060"/>
							<String ID="string_81" HPOS="1079" VPOS="690" WIDTH="269" HEIGHT="49" WC="0.92" CONTENT="utbildningen"/><SP WIDTH="19" VPOS="690" HPOS="1348"/>
							<String ID="string_82" HPOS="1367" VPOS="712" WIDTH="51" HEIGHT="4" WC="0.92" CONTENT="—"/><SP WIDTH="20" VPOS="712" HPOS="1418"/>
							<String ID="string_83" HPOS="1438" VPOS="690" WIDTH="74" HEIGHT="36" WC="0.96" CONTENT="den"/><SP WIDTH="21" VPOS="690" HPOS="1512"/>
							<String ID="string_84" HPOS="1533" VPOS="687" WIDTH="114" HEIGHT="39" WC="0.93" CONTENT="säkra"/><SP WIDTH="19" VPOS="687" HPOS="1647"/>
							<String ID="string_85" HPOS="1666" VPOS="687" WIDTH="144" HEIGHT="48" WC="0.90" CONTENT="grund-"/>
						</TextLine>
						<TextLine ID="line_10" HPOS="192" VPOS="738" WIDTH="1618" HEIGHT="53">
							<String ID="string_86" HPOS="192" VPOS="743" WIDTH="112" HEIGHT="37" WC="0.96" CONTENT="valen"/><SP WIDTH="42" VPOS="743" HPOS="304"/>
							<String ID="string_87" HPOS="346" VPOS="744" WIDTH="61" HEIGHT="35" WC="0.96" CONTENT="för"/><SP WIDTH="42" VPOS="744" HPOS="407"/>
							<String ID="string_88" HPOS="449" VPOS="742" WIDTH="74" HEIGHT="36" WC="0.95" CONTENT="den"/><SP WIDTH="42" VPOS="742" HPOS="523"/>
							<String ID="string_89" HPOS="565" VPOS="742" WIDTH="174" HEIGHT="36" WC="0.96" CONTENT="enskilde"/><SP WIDTH="30" VPOS="742" HPOS="739"/>
							<String ID="string_90" HPOS="769" VPOS="742" WIDTH="197" HEIGHT="36" WC="0.96" CONTENT="soldatens"/><SP WIDTH="29" VPOS="742" HPOS="966"/>
							<String ID="string_91" HPOS="995" VPOS="742" WIDTH="141" HEIGHT="48" WC="0.93" CONTENT="riktiga"/><SP WIDTH="29" VPOS="742" HPOS="1136"/>
							<String ID="string_92" HPOS="1165" VPOS="742" WIDTH="288" HEIGHT="49" WC="0.91" CONTENT="handlingssätt"/><SP WIDTH="29" VPOS="742" HPOS="1453"/>
							<String ID="string_93" HPOS="1482" VPOS="743" WIDTH="71" HEIGHT="36" WC="0.93" CONTENT="och"/><SP WIDTH="29" VPOS="743" HPOS="1553"/>
							<String ID="string_94" HPOS="1582" VPOS="738" WIDTH="228" HEIGHT="49" WC="0.88" CONTENT="handlings-"/>
						</TextLine>
						<TextLine ID="line_11" HPOS="191" VPOS="791" WIDTH="1620" HEIGHT="52">
							<String ID="string_95" HPOS="191" VPOS="795" WIDTH="103" HEIGHT="36" WC="0.95" CONTENT="kraft"/><SP WIDTH="44" VPOS="795" HPOS="294"/>
							<String ID="string_96" HPOS="338" VPOS="795" WIDTH="13" HEIGHT="35" WC="0.95" CONTENT="i"/><SP WIDTH="41" VPOS="795" HPOS="351"/>
							<String ID="string_97" HPOS="392" VPOS="794" WIDTH="71" HEIGHT="36" WC="0.96" CONTENT="fält"/><SP WIDTH="41" VPOS="794" HPOS="463"/>
							<String ID="string_98" HPOS="504" VPOS="794" WIDTH="203" HEIGHT="36" WC="0.96" CONTENT="äfvensom"/><SP WIDTH="43" VPOS="794" HPOS="707"/>
							<String ID="string_99" HPOS="750" VPOS="794" WIDTH="60" HEIGHT="36" WC="0.93" CONTENT="för"/><SP WIDTH="27" VPOS="794" HPOS="810"/>
							<String ID="string_100" HPOS="837" VPOS="794" WIDTH="353" HEIGHT="48" WC="0.91" CONTENT="truppförbandens"/><SP WIDTH="29" VPOS="794" HPOS="1190"/>
							<String ID="string_101" HPOS="1219" VPOS="794" WIDTH="314" HEIGHT="49" WC="0.95" CONTENT="framgångsrika"/><SP WIDTH="28" VPOS="794" HPOS="1533"/>
							<String ID="string_102" HPOS="1561" VPOS="791" WIDTH="250" HEIGHT="39" WC="0.95" CONTENT="verksamhet"/>
						</TextLine>
						<TextLine ID="line_12" HPOS="191" VPOS="842" WIDTH="1618" HEIGHT="53">
							<String ID="string_103" HPOS="191" VPOS="847" WIDTH="122" HEIGHT="36" WC="0.96" CONTENT="under"/><SP WIDTH="27" VPOS="847" HPOS="313"/>
							<String ID="string_104" HPOS="340" VPOS="846" WIDTH="150" HEIGHT="49" WC="0.96" CONTENT="krigets"/><SP WIDTH="30" VPOS="846" HPOS="490"/>
							<String ID="string_105" HPOS="520" VPOS="845" WIDTH="268" HEIGHT="37" WC="0.93" CONTENT="förhållanden"/><SP WIDTH="28" VPOS="845" HPOS="788"/>
							<String ID="string_106" HPOS="816" VPOS="867" WIDTH="50" HEIGHT="4" WC="0.92" CONTENT="—"/><SP WIDTH="28" VPOS="867" HPOS="866"/>
							<String ID="string_107" HPOS="894" VPOS="846" WIDTH="157" HEIGHT="48" WC="0.96" CONTENT="främjas"/><SP WIDTH="30" VPOS="846" HPOS="1051"/>
							<String ID="string_108" HPOS="1081" VPOS="845" WIDTH="84" HEIGHT="36" WC="0.96" CONTENT="bäst"/><SP WIDTH="28" VPOS="845" HPOS="1165"/>
							<String ID="string_109" HPOS="1193" VPOS="859" WIDTH="143" HEIGHT="35" WC="0.93" CONTENT="genom"/><SP WIDTH="29" VPOS="859" HPOS="1336"/>
							<String ID="string_110" HPOS="1365" VPOS="842" WIDTH="444" HEIGHT="53" WC="0.91" CONTENT="kompaniutbildnings-"/>
						</TextLine>
						<TextLine ID="line_13" HPOS="193" VPOS="895" WIDTH="1616" HEIGHT="53">
							<String ID="string_111" HPOS="193" VPOS="903" WIDTH="198" HEIGHT="45" WC="0.96" CONTENT="systemet."/><SP WIDTH="56" VPOS="903" HPOS="391"/>
							<String ID="string_112" HPOS="447" VPOS="897" WIDTH="235" HEIGHT="49" WC="0.93" CONTENT="Kompaniet"/><SP WIDTH="41" VPOS="897" HPOS="682"/>
							<String ID="string_113" HPOS="723" VPOS="902" WIDTH="42" HEIGHT="31" WC="0.96" CONTENT="är"/><SP WIDTH="41" VPOS="902" HPOS="765"/>
							<String ID="string_114" HPOS="806" VPOS="897" WIDTH="75" HEIGHT="36" WC="0.96" CONTENT="den"/><SP WIDTH="41" VPOS="897" HPOS="881"/>
							<String ID="string_115" HPOS="922" VPOS="897" WIDTH="163" HEIGHT="36" WC="0.96" CONTENT="militära"/><SP WIDTH="44" VPOS="897" HPOS="1085"/>
							<String ID="string_116" HPOS="1129" VPOS="897" WIDTH="185" HEIGHT="48" WC="0.96" CONTENT="familjen,"/><SP WIDTH="45" VPOS="897" HPOS="1314"/>
							<String ID="string_117" HPOS="1359" VPOS="898" WIDTH="68" HEIGHT="36" WC="0.96" CONTENT="och"/><SP WIDTH="40" VPOS="898" HPOS="1427"/>
							<String ID="string_118" HPOS="1467" VPOS="900" WIDTH="96" HEIGHT="36" WC="0.96" CONTENT="inom"/><SP WIDTH="34" VPOS="900" HPOS="1563"/>
							<String ID="string_119" HPOS="1597" VPOS="895" WIDTH="212" HEIGHT="35" WC="0.95" CONTENT="detsamma"/>
						</TextLine>
						<TextLine ID="line_14" HPOS="192" VPOS="949" WIDTH="961" HEIGHT="49">
							<String ID="string_120" HPOS="192" VPOS="951" WIDTH="92" HEIGHT="36" WC="0.96" CONTENT="böra"/><SP WIDTH="30" VPOS="951" HPOS="284"/>
							<String ID="string_121" HPOS="314" VPOS="950" WIDTH="89" HEIGHT="37" WC="0.96" CONTENT="dess"/><SP WIDTH="28" VPOS="950" HPOS="403"/>
							<String ID="string_122" HPOS="431" VPOS="950" WIDTH="178" HEIGHT="48" WC="0.96" CONTENT="rekryter"/><SP WIDTH="28" VPOS="950" HPOS="609"/>
							<String ID="string_123" HPOS="637" VPOS="949" WIDTH="143" HEIGHT="36" WC="0.96" CONTENT="erhålla"/><SP WIDTH="29" VPOS="949" HPOS="780"/>
							<String ID="string_124" HPOS="809" VPOS="949" WIDTH="61" HEIGHT="35" WC="0.96" CONTENT="sin"/><SP WIDTH="27" VPOS="949" HPOS="870"/>
							<String ID="string_125" HPOS="897" VPOS="949" WIDTH="256" HEIGHT="49" WC="0.96" CONTENT="uppfostran.»"/>
						</TextLine>
					</TextBlock>
					<TextBlock ID="block_2" HPOS="188" VPOS="1000" WIDTH="1621" HEIGHT="812">
						<TextLine ID="line_15" HPOS="295" VPOS="1000" WIDTH="1514" HEIGHT="48">
							<String ID="string_126" HPOS="295" VPOS="1001" WIDTH="17" HEIGHT="36" WC="0.96" CONTENT="I"/><SP WIDTH="28" VPOS="1001" HPOS="312"/>
							<String ID="string_127" HPOS="340" VPOS="1001" WIDTH="164" HEIGHT="37" WC="0.96" CONTENT="berörda"/><SP WIDTH="28" VPOS="1001" HPOS="504"/>
							<String ID="string_128" HPOS="532" VPOS="1000" WIDTH="195" HEIGHT="37" WC="0.93" CONTENT="utlåtande"/><SP WIDTH="30" VPOS="1000" HPOS="727"/>
							<String ID="string_129" HPOS="757" VPOS="1000" WIDTH="151" HEIGHT="37" WC="0.92" CONTENT="anföres"/><SP WIDTH="28" VPOS="1000" HPOS="908"/>
							<String ID="string_130" HPOS="936" VPOS="1000" WIDTH="143" HEIGHT="48" WC="0.96" CONTENT="vidare,"/><SP WIDTH="31" VPOS="1000" HPOS="1079"/>
							<String ID="string_131" HPOS="1110" VPOS="1005" WIDTH="56" HEIGHT="31" WC="0.96" CONTENT="att"/><SP WIDTH="27" VPOS="1005" HPOS="1166"/>
							<String ID="string_132" HPOS="1193" VPOS="1000" WIDTH="12" HEIGHT="35" WC="0.96" CONTENT="i"/><SP WIDTH="30" VPOS="1000" HPOS="1205"/>
							<String ID="string_133" HPOS="1235" VPOS="1001" WIDTH="159" HEIGHT="36" WC="0.96" CONTENT="chefens"/><SP WIDTH="25" VPOS="1001" HPOS="1394"/>
							<String ID="string_134" HPOS="1419" VPOS="1001" WIDTH="60" HEIGHT="37" WC="0.93" CONTENT="för"/><SP WIDTH="22" VPOS="1001" HPOS="1479"/>
							<String ID="string_135" HPOS="1501" VPOS="1002" WIDTH="308" HEIGHT="39" WC="0.90" CONTENT="Generalstaben"/>
						</TextLine>
						<TextLine ID="line_16" HPOS="192" VPOS="1052" WIDTH="1616" HEIGHT="49">
							<String ID="string_136" HPOS="192" VPOS="1053" WIDTH="159" HEIGHT="36" WC="0.95" CONTENT="sålunda"/><SP WIDTH="41" VPOS="1053" HPOS="351"/>
							<String ID="string_137" HPOS="392" VPOS="1053" WIDTH="137" HEIGHT="48" WC="0.95" CONTENT="gjorda"/><SP WIDTH="42" VPOS="1053" HPOS="529"/>
							<String ID="string_138" HPOS="571" VPOS="1052" WIDTH="194" HEIGHT="36" WC="0.92" CONTENT="uttalande"/><SP WIDTH="38" VPOS="1052" HPOS="765"/>
							<String ID="string_139" HPOS="803" VPOS="1052" WIDTH="240" HEIGHT="44" WC="0.96" CONTENT="förutsattes,"/><SP WIDTH="43" VPOS="1052" HPOS="1043"/>
							<String ID="string_140" HPOS="1086" VPOS="1057" WIDTH="56" HEIGHT="31" WC="0.93" CONTENT="att"/><SP WIDTH="29" VPOS="1057" HPOS="1142"/>
							<String ID="string_141" HPOS="1171" VPOS="1052" WIDTH="485" HEIGHT="49" WC="0.48" CONTENT="bevärimgsrekrytskolan"/><SP WIDTH="29" VPOS="1052" HPOS="1656"/>
							<String ID="string_142" HPOS="1685" VPOS="1056" WIDTH="123" HEIGHT="36" WC="0.96" CONTENT="skulle"/>
						</TextLine>
						<TextLine ID="line_17" HPOS="190" VPOS="1103" WIDTH="1618" HEIGHT="49">
							<String ID="string_143" HPOS="190" VPOS="1105" WIDTH="218" HEIGHT="37" WC="0.91" CONTENT="utsträckas"/><SP WIDTH="41" VPOS="1105" HPOS="408"/>
							<String ID="string_144" HPOS="449" VPOS="1104" WIDTH="59" HEIGHT="36" WC="0.96" CONTENT="till"/><SP WIDTH="38" VPOS="1104" HPOS="508"/>
							<String ID="string_145" HPOS="546" VPOS="1105" WIDTH="73" HEIGHT="35" WC="0.95" CONTENT="245"/><SP WIDTH="31" VPOS="1105" HPOS="619"/>
							<String ID="string_146" HPOS="650" VPOS="1104" WIDTH="120" HEIGHT="48" WC="0.96" CONTENT="dagar"/><SP WIDTH="29" VPOS="1104" HPOS="770"/>
							<String ID="string_147" HPOS="799" VPOS="1104" WIDTH="70" HEIGHT="35" WC="0.93" CONTENT="och"/><SP WIDTH="29" VPOS="1104" HPOS="869"/>
							<String ID="string_148" HPOS="898" VPOS="1103" WIDTH="433" HEIGHT="49" WC="0.91" CONTENT="vinterförläggningen"/><SP WIDTH="30" VPOS="1103" HPOS="1331"/>
							<String ID="string_149" HPOS="1361" VPOS="1105" WIDTH="151" HEIGHT="47" WC="0.95" CONTENT="ordnas,"/><SP WIDTH="30" VPOS="1105" HPOS="1512"/>
							<String ID="string_150" HPOS="1542" VPOS="1107" WIDTH="117" HEIGHT="36" WC="0.90" CONTENT="innan"/><SP WIDTH="29" VPOS="1107" HPOS="1659"/>
							<String ID="string_151" HPOS="1688" VPOS="1108" WIDTH="120" HEIGHT="36" WC="0.90" CONTENT="indel-"/>
						</TextLine>
						<TextLine ID="line_18" HPOS="191" VPOS="1155" WIDTH="1616" HEIGHT="52">
							<String ID="string_152" HPOS="191" VPOS="1157" WIDTH="147" HEIGHT="46" WC="0.96" CONTENT="ningen"/><SP WIDTH="27" VPOS="1157" HPOS="338"/>
							<String ID="string_153" HPOS="365" VPOS="1159" WIDTH="49" HEIGHT="46" WC="0.93" CONTENT="på"/><SP WIDTH="27" VPOS="1159" HPOS="414"/>
							<String ID="string_154" HPOS="441" VPOS="1155" WIDTH="77" HEIGHT="36" WC="0.91" CONTENT="tolf"/><SP WIDTH="26" VPOS="1155" HPOS="518"/>
							<String ID="string_155" HPOS="544" VPOS="1155" WIDTH="226" HEIGHT="49" WC="0.96" CONTENT="kompanier"/><SP WIDTH="29" VPOS="1155" HPOS="770"/>
							<String ID="string_156" HPOS="799" VPOS="1156" WIDTH="99" HEIGHT="47" WC="0.96" CONTENT="ägde"/><SP WIDTH="29" VPOS="1156" HPOS="898"/>
							<String ID="string_157" HPOS="927" VPOS="1169" WIDTH="94" HEIGHT="22" WC="0.96" CONTENT="rum."/><SP WIDTH="57" VPOS="1169" HPOS="1021"/>
							<String ID="string_158" HPOS="1078" VPOS="1155" WIDTH="131" HEIGHT="36" WC="0.34" CONTENT="Ehuru"/><SP WIDTH="29" VPOS="1155" HPOS="1209"/>
							<String ID="string_159" HPOS="1238" VPOS="1155" WIDTH="483" HEIGHT="52" WC="0.91" CONTENT="beväringsrekrytskolan"/><SP WIDTH="21" VPOS="1155" HPOS="1721"/>
							<String ID="string_160" HPOS="1742" VPOS="1173" WIDTH="65" HEIGHT="23" WC="0.91" CONTENT="en-"/>
						</TextLine>
						<TextLine ID="line_19" HPOS="191" VPOS="1207" WIDTH="1615" HEIGHT="51">
							<String ID="string_161" HPOS="191" VPOS="1208" WIDTH="87" HEIGHT="36" WC="0.91" CONTENT="dast"/><SP WIDTH="36" VPOS="1208" HPOS="278"/>
							<String ID="string_162" HPOS="314" VPOS="1208" WIDTH="152" HEIGHT="36" WC="0.96" CONTENT="komme"/><SP WIDTH="42" VPOS="1208" HPOS="466"/>
							<String ID="string_163" HPOS="508" VPOS="1211" WIDTH="57" HEIGHT="31" WC="0.96" CONTENT="att"/><SP WIDTH="41" VPOS="1211" HPOS="565"/>
							<String ID="string_164" HPOS="606" VPOS="1207" WIDTH="130" HEIGHT="48" WC="0.96" CONTENT="fortgå"/><SP WIDTH="37" VPOS="1207" HPOS="736"/>
							<String ID="string_165" HPOS="773" VPOS="1207" WIDTH="120" HEIGHT="36" WC="0.95" CONTENT="under"/><SP WIDTH="33" VPOS="1207" HPOS="893"/>
							<String ID="string_166" HPOS="926" VPOS="1209" WIDTH="72" HEIGHT="33" WC="0.95" CONTENT="150"/><SP WIDTH="31" VPOS="1209" HPOS="998"/>
							<String ID="string_167" HPOS="1029" VPOS="1207" WIDTH="130" HEIGHT="48" WC="0.96" CONTENT="dagar,"/><SP WIDTH="31" VPOS="1207" HPOS="1159"/>
							<String ID="string_168" HPOS="1190" VPOS="1207" WIDTH="72" HEIGHT="36" WC="0.93" CONTENT="och"/><SP WIDTH="29" VPOS="1207" HPOS="1262"/>
							<String ID="string_169" HPOS="1291" VPOS="1207" WIDTH="385" HEIGHT="51" WC="0.90" CONTENT="vinterförläggning"/><SP WIDTH="28" VPOS="1207" HPOS="1676"/>
							<String ID="string_170" HPOS="1704" VPOS="1216" WIDTH="102" HEIGHT="31" WC="0.96" CONTENT="ännu"/>
						</TextLine>
						<TextLine ID="line_20" HPOS="190" VPOS="1258" WIDTH="1616" HEIGHT="49">
							<String ID="string_171" HPOS="190" VPOS="1260" WIDTH="85" HEIGHT="36" WC="0.96" CONTENT="icke"/><SP WIDTH="42" VPOS="1260" HPOS="275"/>
							<String ID="string_172" HPOS="317" VPOS="1259" WIDTH="161" HEIGHT="36" WC="0.96" CONTENT="kommit"/><SP WIDTH="32" VPOS="1259" HPOS="478"/>
							<String ID="string_173" HPOS="510" VPOS="1258" WIDTH="58" HEIGHT="36" WC="0.96" CONTENT="till"/><SP WIDTH="43" VPOS="1258" HPOS="568"/>
							<String ID="string_174" HPOS="611" VPOS="1259" WIDTH="113" HEIGHT="35" WC="0.96" CONTENT="stånd"/><SP WIDTH="41" VPOS="1259" HPOS="724"/>
							<String ID="string_175" HPOS="765" VPOS="1258" WIDTH="62" HEIGHT="36" WC="0.96" CONTENT="för"/><SP WIDTH="44" VPOS="1258" HPOS="827"/>
							<String ID="string_176" HPOS="871" VPOS="1261" WIDTH="42" HEIGHT="33" WC="0.96" CONTENT="17"/><SP WIDTH="45" VPOS="1261" HPOS="913"/>
							<String ID="string_177" HPOS="958" VPOS="1264" WIDTH="265" HEIGHT="41" WC="0.95" CONTENT="regementen,"/><SP WIDTH="29" VPOS="1264" HPOS="1223"/>
							<String ID="string_178" HPOS="1252" VPOS="1259" WIDTH="129" HEIGHT="48" WC="0.96" CONTENT="gällde"/><SP WIDTH="43" VPOS="1259" HPOS="1381"/>
							<String ID="string_179" HPOS="1424" VPOS="1260" WIDTH="99" HEIGHT="36" WC="0.96" CONTENT="dock"/><SP WIDTH="37" VPOS="1260" HPOS="1523"/>
							<String ID="string_180" HPOS="1560" VPOS="1262" WIDTH="46" HEIGHT="36" WC="0.96" CONTENT="de"/><SP WIDTH="39" VPOS="1262" HPOS="1606"/>
							<String ID="string_181" HPOS="1645" VPOS="1262" WIDTH="161" HEIGHT="37" WC="0.96" CONTENT="anförda"/>
						</TextLine>
						<TextLine ID="line_21" HPOS="191" VPOS="1310" WIDTH="1614" HEIGHT="49">
							<String ID="string_182" HPOS="191" VPOS="1311" WIDTH="132" HEIGHT="36" WC="0.96" CONTENT="skälen"/><SP WIDTH="29" VPOS="1311" HPOS="323"/>
							<String ID="string_183" HPOS="352" VPOS="1311" WIDTH="60" HEIGHT="36" WC="0.93" CONTENT="för"/><SP WIDTH="28" VPOS="1311" HPOS="412"/>
							<String ID="string_184" HPOS="440" VPOS="1310" WIDTH="249" HEIGHT="49" WC="0.92" CONTENT="rekryternas"/><SP WIDTH="29" VPOS="1310" HPOS="689"/>
							<String ID="string_185" HPOS="718" VPOS="1310" WIDTH="219" HEIGHT="48" WC="0.95" CONTENT="utbildning"/><SP WIDTH="28" VPOS="1310" HPOS="937"/>
							<String ID="string_186" HPOS="965" VPOS="1313" WIDTH="49" HEIGHT="46" WC="0.96" CONTENT="på"/><SP WIDTH="29" VPOS="1313" HPOS="1014"/>
							<String ID="string_187" HPOS="1043" VPOS="1310" WIDTH="46" HEIGHT="36" WC="0.92" CONTENT="de"/><SP WIDTH="21" VPOS="1310" HPOS="1089"/>
							<String ID="string_188" HPOS="1110" VPOS="1310" WIDTH="76" HEIGHT="36" WC="0.91" CONTENT="tolf"/><SP WIDTH="16" VPOS="1310" HPOS="1186"/>
							<String ID="string_189" HPOS="1202" VPOS="1311" WIDTH="238" HEIGHT="47" WC="0.95" CONTENT="kompanier,"/><SP WIDTH="22" VPOS="1311" HPOS="1440"/>
							<String ID="string_190" HPOS="1462" VPOS="1312" WIDTH="131" HEIGHT="37" WC="0.96" CONTENT="hvilka"/><SP WIDTH="21" VPOS="1312" HPOS="1593"/>
							<String ID="string_191" HPOS="1614" VPOS="1314" WIDTH="46" HEIGHT="36" WC="0.96" CONTENT="de"/><SP WIDTH="21" VPOS="1314" HPOS="1660"/>
							<String ID="string_192" HPOS="1681" VPOS="1314" WIDTH="124" HEIGHT="36" WC="0.96" CONTENT="skulle"/>
						</TextLine>
						<TextLine ID="line_22" HPOS="190" VPOS="1359" WIDTH="1616" HEIGHT="53">
							<String ID="string_193" HPOS="190" VPOS="1363" WIDTH="154" HEIGHT="36" WC="0.96" CONTENT="tillhöra"/><SP WIDTH="40" VPOS="1363" HPOS="344"/>
							<String ID="string_194" HPOS="384" VPOS="1362" WIDTH="122" HEIGHT="36" WC="0.93" CONTENT="under"/><SP WIDTH="37" VPOS="1362" HPOS="506"/>
							<String ID="string_195" HPOS="543" VPOS="1362" WIDTH="455" HEIGHT="48" WC="0.91" CONTENT="regementsöfningarna"/><SP WIDTH="38" VPOS="1362" HPOS="998"/>
							<String ID="string_196" HPOS="1036" VPOS="1362" WIDTH="72" HEIGHT="36" WC="0.96" CONTENT="och"/><SP WIDTH="28" VPOS="1362" HPOS="1108"/>
							<String ID="string_197" HPOS="1136" VPOS="1362" WIDTH="65" HEIGHT="36" WC="0.95" CONTENT="vid"/><SP WIDTH="29" VPOS="1362" HPOS="1201"/>
							<String ID="string_198" HPOS="1230" VPOS="1362" WIDTH="275" HEIGHT="50" WC="0.95" CONTENT="mobilisering."/><SP WIDTH="56" VPOS="1362" HPOS="1505"/>
							<String ID="string_199" HPOS="1561" VPOS="1359" WIDTH="129" HEIGHT="42" WC="0.93" CONTENT="Äfven"/><SP WIDTH="29" VPOS="1359" HPOS="1690"/>
							<String ID="string_200" HPOS="1719" VPOS="1366" WIDTH="87" HEIGHT="36" WC="0.96" CONTENT="med"/>
						</TextLine>
						<TextLine ID="line_23" HPOS="190" VPOS="1413" WIDTH="1616" HEIGHT="52">
							<String ID="string_201" HPOS="190" VPOS="1415" WIDTH="149" HEIGHT="47" WC="0.95" CONTENT="hänsyn"/><SP WIDTH="29" VPOS="1415" HPOS="339"/>
							<String ID="string_202" HPOS="368" VPOS="1413" WIDTH="59" HEIGHT="37" WC="0.95" CONTENT="till"/><SP WIDTH="28" VPOS="1413" HPOS="427"/>
							<String ID="string_203" HPOS="455" VPOS="1413" WIDTH="74" HEIGHT="36" WC="0.96" CONTENT="den"/><SP WIDTH="30" VPOS="1413" HPOS="529"/>
							<String ID="string_204" HPOS="559" VPOS="1413" WIDTH="161" HEIGHT="48" WC="0.96" CONTENT="alltjämt"/><SP WIDTH="28" VPOS="1413" HPOS="720"/>
							<String ID="string_205" HPOS="748" VPOS="1413" WIDTH="102" HEIGHT="36" WC="0.96" CONTENT="inom"/><SP WIDTH="28" VPOS="1413" HPOS="850"/>
							<String ID="string_206" HPOS="878" VPOS="1414" WIDTH="222" HEIGHT="48" WC="0.96" CONTENT="kompaniet"/><SP WIDTH="28" VPOS="1414" HPOS="1100"/>
							<String ID="string_207" HPOS="1128" VPOS="1414" WIDTH="228" HEIGHT="47" WC="0.95" CONTENT="fortgående"/><SP WIDTH="29" VPOS="1414" HPOS="1356"/>
							<String ID="string_208" HPOS="1385" VPOS="1415" WIDTH="270" HEIGHT="50" WC="0.96" CONTENT="utbildningen"/><SP WIDTH="29" VPOS="1415" HPOS="1655"/>
							<String ID="string_209" HPOS="1684" VPOS="1417" WIDTH="42" HEIGHT="36" WC="0.92" CONTENT="af"/><SP WIDTH="17" VPOS="1417" HPOS="1726"/>
							<String ID="string_210" HPOS="1743" VPOS="1418" WIDTH="63" HEIGHT="35" WC="0.92" CONTENT="be-"/>
						</TextLine>
						<TextLine ID="line_24" HPOS="189" VPOS="1462" WIDTH="1617" HEIGHT="55">
							<String ID="string_211" HPOS="189" VPOS="1466" WIDTH="93" HEIGHT="36" WC="0.92" CONTENT="fälet"/><SP WIDTH="42" VPOS="1466" HPOS="282"/>
							<String ID="string_212" HPOS="324" VPOS="1466" WIDTH="71" HEIGHT="36" WC="0.96" CONTENT="och"/><SP WIDTH="28" VPOS="1466" HPOS="395"/>
							<String ID="string_213" HPOS="423" VPOS="1464" WIDTH="58" HEIGHT="36" WC="0.96" CONTENT="till"/><SP WIDTH="29" VPOS="1464" HPOS="481"/>
							<String ID="string_214" HPOS="510" VPOS="1465" WIDTH="75" HEIGHT="36" WC="0.96" CONTENT="den"/><SP WIDTH="28" VPOS="1465" HPOS="585"/>
							<String ID="string_215" HPOS="613" VPOS="1465" WIDTH="81" HEIGHT="36" WC="0.95" CONTENT="inre"/><SP WIDTH="29" VPOS="1465" HPOS="694"/>
							<String ID="string_216" HPOS="723" VPOS="1465" WIDTH="168" HEIGHT="48" WC="0.96" CONTENT="tjänsten"/><SP WIDTH="30" VPOS="1465" HPOS="891"/>
							<String ID="string_217" HPOS="921" VPOS="1465" WIDTH="118" HEIGHT="36" WC="0.93" CONTENT="borde"/><SP WIDTH="29" VPOS="1465" HPOS="1039"/>
							<String ID="string_218" HPOS="1068" VPOS="1462" WIDTH="484" HEIGHT="52" WC="0.91" CONTENT="beväringsrekrytskolan"/><SP WIDTH="28" VPOS="1462" HPOS="1552"/>
							<String ID="string_219" HPOS="1580" VPOS="1469" WIDTH="147" HEIGHT="36" WC="0.96" CONTENT="indelas"/><SP WIDTH="29" VPOS="1469" HPOS="1727"/>
							<String ID="string_220" HPOS="1756" VPOS="1472" WIDTH="50" HEIGHT="45" WC="0.96" CONTENT="på"/>
						</TextLine>
						<TextLine ID="line_25" HPOS="189" VPOS="1516" WIDTH="1615" HEIGHT="53">
							<String ID="string_221" HPOS="189" VPOS="1517" WIDTH="75" HEIGHT="37" WC="0.92" CONTENT="tolf"/><SP WIDTH="39" VPOS="1517" HPOS="264"/>
							<String ID="string_222" HPOS="303" VPOS="1517" WIDTH="237" HEIGHT="49" WC="0.96" CONTENT="kompanier."/><SP WIDTH="56" VPOS="1517" HPOS="540"/>
							<String ID="string_223" HPOS="596" VPOS="1517" WIDTH="89" HEIGHT="35" WC="0.96" CONTENT="Men"/><SP WIDTH="42" VPOS="1517" HPOS="685"/>
							<String ID="string_224" HPOS="727" VPOS="1516" WIDTH="122" HEIGHT="36" WC="0.96" CONTENT="skulle"/><SP WIDTH="41" VPOS="1516" HPOS="849"/>
							<String ID="string_225" HPOS="890" VPOS="1516" WIDTH="249" HEIGHT="49" WC="0.95" CONTENT="indelningen"/><SP WIDTH="42" VPOS="1516" HPOS="1139"/>
							<String ID="string_226" HPOS="1181" VPOS="1520" WIDTH="48" HEIGHT="45" WC="0.93" CONTENT="på"/><SP WIDTH="28" VPOS="1520" HPOS="1229"/>
							<String ID="string_227" HPOS="1257" VPOS="1517" WIDTH="77" HEIGHT="36" WC="0.91" CONTENT="tolf"/><SP WIDTH="23" VPOS="1517" HPOS="1334"/>
							<String ID="string_228" HPOS="1357" VPOS="1518" WIDTH="226" HEIGHT="49" WC="0.96" CONTENT="kompanier"/><SP WIDTH="27" VPOS="1518" HPOS="1583"/>
							<String ID="string_229" HPOS="1610" VPOS="1519" WIDTH="194" HEIGHT="50" WC="0.96" CONTENT="tillämpas"/>
						</TextLine>
						<TextLine ID="line_26" HPOS="190" VPOS="1568" WIDTH="1613" HEIGHT="51">
							<String ID="string_230" HPOS="190" VPOS="1568" WIDTH="105" HEIGHT="37" WC="0.96" CONTENT="såväl"/><SP WIDTH="49" VPOS="1568" HPOS="295"/>
							<String ID="string_231" HPOS="344" VPOS="1568" WIDTH="124" HEIGHT="36" WC="0.93" CONTENT="under"/><SP WIDTH="49" VPOS="1568" HPOS="468"/>
							<String ID="string_232" HPOS="517" VPOS="1568" WIDTH="479" HEIGHT="48" WC="0.39" CONTENT="beväringsrekrytskolan"/><SP WIDTH="48" VPOS="1568" HPOS="996"/>
							<String ID="string_233" HPOS="1044" VPOS="1581" WIDTH="84" HEIGHT="23" WC="0.96" CONTENT="som"/><SP WIDTH="41" VPOS="1581" HPOS="1128"/>
							<String ID="string_234" HPOS="1169" VPOS="1568" WIDTH="122" HEIGHT="37" WC="0.93" CONTENT="under"/><SP WIDTH="41" VPOS="1568" HPOS="1291"/>
							<String ID="string_235" HPOS="1332" VPOS="1571" WIDTH="471" HEIGHT="48" WC="0.88" CONTENT="regementsöfningarna,"/>
						</TextLine>
						<TextLine ID="line_27" HPOS="188" VPOS="1616" WIDTH="1616" HEIGHT="54">
							<String ID="string_236" HPOS="188" VPOS="1620" WIDTH="118" HEIGHT="37" WC="0.96" CONTENT="borde"/><SP WIDTH="47" VPOS="1620" HPOS="306"/>
							<String ID="string_237" HPOS="353" VPOS="1620" WIDTH="74" HEIGHT="36" WC="0.96" CONTENT="den"/><SP WIDTH="41" VPOS="1620" HPOS="427"/>
							<String ID="string_238" HPOS="468" VPOS="1619" WIDTH="116" HEIGHT="37" WC="0.96" CONTENT="äfven"/><SP WIDTH="42" VPOS="1619" HPOS="584"/>
							<String ID="string_239" HPOS="626" VPOS="1624" WIDTH="73" HEIGHT="42" WC="0.95" CONTENT="äga"/><SP WIDTH="43" VPOS="1624" HPOS="699"/>
							<String ID="string_240" HPOS="742" VPOS="1620" WIDTH="161" HEIGHT="35" WC="0.94" CONTENT="bestånd"/><SP WIDTH="40" VPOS="1620" HPOS="903"/>
							<String ID="string_241" HPOS="943" VPOS="1619" WIDTH="85" HEIGHT="36" WC="0.94" CONTENT="hela"/><SP WIDTH="30" VPOS="1619" HPOS="1028"/>
							<String ID="string_242" HPOS="1058" VPOS="1623" WIDTH="90" HEIGHT="33" WC="0.93" CONTENT="året."/><SP WIDTH="58" VPOS="1623" HPOS="1148"/>
							<String ID="string_243" HPOS="1206" VPOS="1619" WIDTH="190" HEIGHT="37" WC="0.4" CONTENT="MBSärskildt"/><SP WIDTH="29" VPOS="1619" HPOS="1396"/>
							<String ID="string_244" HPOS="1425" VPOS="1625" WIDTH="47" HEIGHT="45" WC="0.96" CONTENT="på"/><SP WIDTH="28" VPOS="1625" HPOS="1472"/>
							<String ID="string_245" HPOS="1500" VPOS="1623" WIDTH="126" HEIGHT="47" WC="0.92" CONTENT="grund"/><SP WIDTH="30" VPOS="1623" HPOS="1626"/>
							<String ID="string_246" HPOS="1656" VPOS="1616" WIDTH="42" HEIGHT="43" WC="0.96" CONTENT="af"/><SP WIDTH="32" VPOS="1616" HPOS="1698"/>
							<String ID="string_247" HPOS="1730" VPOS="1623" WIDTH="74" HEIGHT="36" WC="0.96" CONTENT="den"/>
						</TextLine>
						<TextLine ID="line_28" HPOS="190" VPOS="1671" WIDTH="1614" HEIGHT="50">
							<String ID="string_248" HPOS="190" VPOS="1675" WIDTH="40" HEIGHT="33" WC="0.95" CONTENT="år"/><SP WIDTH="32" VPOS="1675" HPOS="230"/>
							<String ID="string_249" HPOS="262" VPOS="1673" WIDTH="94" HEIGHT="35" WC="0.93" CONTENT="1907"/><SP WIDTH="34" VPOS="1673" HPOS="356"/>
							<String ID="string_250" HPOS="390" VPOS="1671" WIDTH="218" HEIGHT="36" WC="0.92" CONTENT="anbefallda"/><SP WIDTH="27" VPOS="1671" HPOS="608"/>
							<String ID="string_251" HPOS="635" VPOS="1671" WIDTH="452" HEIGHT="48" WC="0.90" CONTENT="förvaltningsreformen"/><SP WIDTH="29" VPOS="1671" HPOS="1087"/>
							<String ID="string_252" HPOS="1116" VPOS="1685" WIDTH="90" HEIGHT="23" WC="0.96" CONTENT="vore"/><SP WIDTH="30" VPOS="1685" HPOS="1206"/>
							<String ID="string_253" HPOS="1236" VPOS="1672" WIDTH="65" HEIGHT="36" WC="0.96" CONTENT="det"/><SP WIDTH="28" VPOS="1672" HPOS="1301"/>
							<String ID="string_254" HPOS="1329" VPOS="1673" WIDTH="197" HEIGHT="48" WC="0.96" CONTENT="nämligen"/><SP WIDTH="29" VPOS="1673" HPOS="1526"/>
							<String ID="string_255" HPOS="1555" VPOS="1674" WIDTH="41" HEIGHT="36" WC="0.96" CONTENT="af"/><SP WIDTH="17" VPOS="1674" HPOS="1596"/>
							<String ID="string_256" HPOS="1613" VPOS="1674" WIDTH="72" HEIGHT="36" WC="0.93" CONTENT="den"/><SP WIDTH="21" VPOS="1674" HPOS="1685"/>
							<String ID="string_257" HPOS="1706" VPOS="1680" WIDTH="98" HEIGHT="31" WC="0.91" CONTENT="stör-"/>
						</TextLine>
						<TextLine ID="line_29" HPOS="189" VPOS="1722" WIDTH="1615" HEIGHT="53">
							<String ID="string_258" HPOS="189" VPOS="1729" WIDTH="58" HEIGHT="31" WC="0.96" CONTENT="sta"/><SP WIDTH="29" VPOS="1729" HPOS="247"/>
							<String ID="string_259" HPOS="276" VPOS="1722" WIDTH="211" HEIGHT="49" WC="0.96" CONTENT="betydelse,"/><SP WIDTH="32" VPOS="1722" HPOS="487"/>
							<String ID="string_260" HPOS="519" VPOS="1727" WIDTH="55" HEIGHT="31" WC="0.93" CONTENT="att"/><SP WIDTH="28" VPOS="1727" HPOS="574"/>
							<String ID="string_261" HPOS="602" VPOS="1722" WIDTH="321" HEIGHT="50" WC="0.90" CONTENT="kompanichefen"/><SP WIDTH="25" VPOS="1722" HPOS="923"/>
							<String ID="string_262" HPOS="948" VPOS="1723" WIDTH="119" HEIGHT="36" WC="0.96" CONTENT="redan"/><SP WIDTH="19" VPOS="1723" HPOS="1067"/>
							<String ID="string_263" HPOS="1086" VPOS="1737" WIDTH="51" HEIGHT="22" WC="0.96" CONTENT="nu"/><SP WIDTH="20" VPOS="1737" HPOS="1137"/>
							<String ID="string_264" HPOS="1157" VPOS="1723" WIDTH="104" HEIGHT="48" WC="0.96" CONTENT="finge"/><SP WIDTH="21" VPOS="1723" HPOS="1261"/>
							<String ID="string_265" HPOS="1282" VPOS="1733" WIDTH="181" HEIGHT="27" WC="0.96" CONTENT="ansvaret"/><SP WIDTH="19" VPOS="1733" HPOS="1463"/>
							<String ID="string_266" HPOS="1482" VPOS="1725" WIDTH="60" HEIGHT="36" WC="0.96" CONTENT="för"/><SP WIDTH="20" VPOS="1725" HPOS="1542"/>
							<String ID="string_267" HPOS="1562" VPOS="1726" WIDTH="242" HEIGHT="49" WC="0.96" CONTENT="kompaniets"/>
						</TextLine>
						<TextLine ID="line_30" HPOS="190" VPOS="1774" WIDTH="492" HEIGHT="38">
							<String ID="string_268" HPOS="190" VPOS="1775" WIDTH="174" HEIGHT="37" WC="0.95" CONTENT="materiel"/><SP WIDTH="30" VPOS="1775" HPOS="364"/>
							<String ID="string_269" HPOS="394" VPOS="1775" WIDTH="70" HEIGHT="36" WC="0.95" CONTENT="och"/><SP WIDTH="30" VPOS="1775" HPOS="464"/>
							<String ID="string_270" HPOS="494" VPOS="1774" WIDTH="188" HEIGHT="36" WC="0.96" CONTENT="ekonomi."/>
						</TextLine>
					</TextBlock>
					<TextBlock ID="block_3" HPOS="185" VPOS="1826" WIDTH="1618" HEIGHT="516">
						<TextLine ID="line_31" HPOS="294" VPOS="1826" WIDTH="1509" HEIGHT="52">
							<String ID="string_271" HPOS="294" VPOS="1826" WIDTH="203" HEIGHT="48" WC="0.94" CONTENT="Samtidigt"/><SP WIDTH="28" VPOS="1826" HPOS="497"/>
							<String ID="string_272" HPOS="525" VPOS="1826" WIDTH="88" HEIGHT="36" WC="0.96" CONTENT="med"/><SP WIDTH="28" VPOS="1826" HPOS="613"/>
							<String ID="string_273" HPOS="641" VPOS="1826" WIDTH="74" HEIGHT="36" WC="0.96" CONTENT="den"/><SP WIDTH="29" VPOS="1826" HPOS="715"/>
							<String ID="string_274" HPOS="744" VPOS="1826" WIDTH="212" HEIGHT="36" WC="0.93" CONTENT="utsträckta"/><SP WIDTH="24" VPOS="1826" HPOS="956"/>
							<String ID="string_275" HPOS="980" VPOS="1826" WIDTH="392" HEIGHT="49" WC="0.91" CONTENT="tjänstgöringstiden"/><SP WIDTH="21" VPOS="1826" HPOS="1372"/>
							<String ID="string_276" HPOS="1393" VPOS="1828" WIDTH="70" HEIGHT="36" WC="0.96" CONTENT="och"/><SP WIDTH="20" VPOS="1828" HPOS="1463"/>
							<String ID="string_277" HPOS="1483" VPOS="1828" WIDTH="251" HEIGHT="49" WC="0.96" CONTENT="indelningen"/><SP WIDTH="19" VPOS="1828" HPOS="1734"/>
							<String ID="string_278" HPOS="1753" VPOS="1832" WIDTH="50" HEIGHT="46" WC="0.96" CONTENT="på"/>
						</TextLine>
						<TextLine ID="line_32" HPOS="188" VPOS="1877" WIDTH="1614" HEIGHT="52">
							<String ID="string_279" HPOS="188" VPOS="1878" WIDTH="74" HEIGHT="36" WC="0.91" CONTENT="tolf"/><SP WIDTH="25" VPOS="1878" HPOS="262"/>
							<String ID="string_280" HPOS="287" VPOS="1878" WIDTH="226" HEIGHT="49" WC="0.96" CONTENT="kompanier"/><SP WIDTH="29" VPOS="1878" HPOS="513"/>
							<String ID="string_281" HPOS="542" VPOS="1878" WIDTH="118" HEIGHT="36" WC="0.96" CONTENT="borde"/><SP WIDTH="31" VPOS="1878" HPOS="660"/>
							<String ID="string_282" HPOS="691" VPOS="1878" WIDTH="46" HEIGHT="35" WC="0.96" CONTENT="de"/><SP WIDTH="29" VPOS="1878" HPOS="737"/>
							<String ID="string_283" HPOS="766" VPOS="1877" WIDTH="136" HEIGHT="36" WC="0.95" CONTENT="hittills"/><SP WIDTH="18" VPOS="1877" HPOS="902"/>
							<String ID="string_284" HPOS="920" VPOS="1878" WIDTH="84" HEIGHT="35" WC="0.93" CONTENT="icke"/><SP WIDTH="19" VPOS="1878" HPOS="1004"/>
							<String ID="string_285" HPOS="1023" VPOS="1878" WIDTH="302" HEIGHT="48" WC="0.90" CONTENT="garnisonerade"/><SP WIDTH="20" VPOS="1878" HPOS="1325"/>
							<String ID="string_286" HPOS="1345" VPOS="1879" WIDTH="457" HEIGHT="50" WC="0.91" CONTENT="infanteriregementena"/>
						</TextLine>
						<TextLine ID="line_33" HPOS="186" VPOS="1929" WIDTH="1617" HEIGHT="52">
							<String ID="string_287" HPOS="186" VPOS="1930" WIDTH="12" HEIGHT="35" WC="0.90" CONTENT="i"/><SP WIDTH="43" VPOS="1930" HPOS="198"/>
							<String ID="string_288" HPOS="241" VPOS="1929" WIDTH="413" HEIGHT="48" WC="0.90" CONTENT="aflöningshänseende"/><SP WIDTH="42" VPOS="1929" HPOS="654"/>
							<String ID="string_289" HPOS="696" VPOS="1929" WIDTH="186" HEIGHT="36" WC="0.95" CONTENT="likställas"/><SP WIDTH="41" VPOS="1929" HPOS="882"/>
							<String ID="string_290" HPOS="923" VPOS="1929" WIDTH="86" HEIGHT="36" WC="0.96" CONTENT="med"/><SP WIDTH="36" VPOS="1929" HPOS="1009"/>
							<String ID="string_291" HPOS="1045" VPOS="1929" WIDTH="45" HEIGHT="36" WC="0.93" CONTENT="de"/><SP WIDTH="30" VPOS="1929" HPOS="1090"/>
							<String ID="string_292" HPOS="1120" VPOS="1930" WIDTH="315" HEIGHT="48" WC="0.84" CONTENT="garnisonerade."/><SP WIDTH="55" VPOS="1930" HPOS="1435"/>
							<String ID="string_293" HPOS="1490" VPOS="1932" WIDTH="85" HEIGHT="36" WC="0.94" CONTENT="Den"/><SP WIDTH="29" VPOS="1932" HPOS="1575"/>
							<String ID="string_294" HPOS="1604" VPOS="1932" WIDTH="199" HEIGHT="49" WC="0.96" CONTENT="egentliga"/>
						</TextLine>
						<TextLine ID="line_34" HPOS="187" VPOS="1980" WIDTH="1615" HEIGHT="52">
							<String ID="string_295" HPOS="187" VPOS="1981" WIDTH="286" HEIGHT="49" WC="0.91" CONTENT="trupptjänsten"/><SP WIDTH="41" VPOS="1981" HPOS="473"/>
							<String ID="string_296" HPOS="514" VPOS="1980" WIDTH="66" HEIGHT="36" WC="0.90" CONTENT="vid"/><SP WIDTH="35" VPOS="1980" HPOS="580"/>
							<String ID="string_297" HPOS="615" VPOS="1980" WIDTH="474" HEIGHT="50" WC="0.88" CONTENT="beväringsrekrytskolor"/><SP WIDTH="30" VPOS="1980" HPOS="1089"/>
							<String ID="string_298" HPOS="1119" VPOS="1981" WIDTH="70" HEIGHT="36" WC="0.93" CONTENT="och"/><SP WIDTH="29" VPOS="1981" HPOS="1189"/>
							<String ID="string_299" HPOS="1218" VPOS="1983" WIDTH="405" HEIGHT="49" WC="0.89" CONTENT="regementsöfningar"/><SP WIDTH="28" VPOS="1983" HPOS="1623"/>
							<String ID="string_300" HPOS="1651" VPOS="1984" WIDTH="151" HEIGHT="36" WC="0.95" CONTENT="komme"/>
						</TextLine>
						<TextLine ID="line_35" HPOS="186" VPOS="2032" WIDTH="1615" HEIGHT="48">
							<String ID="string_301" HPOS="186" VPOS="2032" WIDTH="232" HEIGHT="48" WC="0.95" CONTENT="visserligen"/><SP WIDTH="30" VPOS="2032" HPOS="418"/>
							<String ID="string_302" HPOS="448" VPOS="2037" WIDTH="56" HEIGHT="31" WC="0.91" CONTENT="att"/><SP WIDTH="27" VPOS="2037" HPOS="504"/>
							<String ID="string_303" HPOS="531" VPOS="2038" WIDTH="171" HEIGHT="42" WC="0.91" CONTENT="upptaga"/><SP WIDTH="29" VPOS="2038" HPOS="702"/>
							<String ID="string_304" HPOS="731" VPOS="2033" WIDTH="135" HEIGHT="36" WC="0.93" CONTENT="endast"/><SP WIDTH="27" VPOS="2033" HPOS="866"/>
							<String ID="string_305" HPOS="893" VPOS="2032" WIDTH="129" HEIGHT="36" WC="0.92" CONTENT="halfva"/><SP WIDTH="29" VPOS="2032" HPOS="1022"/>
							<String ID="string_306" HPOS="1051" VPOS="2036" WIDTH="92" HEIGHT="33" WC="0.96" CONTENT="året."/><SP WIDTH="56" VPOS="2036" HPOS="1143"/>
							<String ID="string_307" HPOS="1199" VPOS="2033" WIDTH="185" HEIGHT="37" WC="0.93" CONTENT="Flertalet"/><SP WIDTH="20" VPOS="2033" HPOS="1384"/>
							<String ID="string_308" HPOS="1404" VPOS="2034" WIDTH="397" HEIGHT="38" WC="0.91" CONTENT="subalternofficerare"/>
						</TextLine>
						<TextLine ID="line_36" HPOS="187" VPOS="2084" WIDTH="1614" HEIGHT="48">
							<String ID="string_309" HPOS="187" VPOS="2084" WIDTH="71" HEIGHT="37" WC="0.93" CONTENT="och"/><SP WIDTH="42" VPOS="2084" HPOS="258"/>
							<String ID="string_310" HPOS="300" VPOS="2088" WIDTH="226" HEIGHT="44" WC="0.90" CONTENT="sergeanter"/><SP WIDTH="38" VPOS="2088" HPOS="526"/>
							<String ID="string_311" HPOS="564" VPOS="2084" WIDTH="152" HEIGHT="36" WC="0.95" CONTENT="komme"/><SP WIDTH="30" VPOS="2084" HPOS="716"/>
							<String ID="string_312" HPOS="746" VPOS="2084" WIDTH="97" HEIGHT="37" WC="0.96" CONTENT="dock"/><SP WIDTH="28" VPOS="2084" HPOS="843"/>
							<String ID="string_313" HPOS="871" VPOS="2084" WIDTH="237" HEIGHT="37" WC="0.96" CONTENT="fortfarande"/><SP WIDTH="30" VPOS="2084" HPOS="1108"/>
							<String ID="string_314" HPOS="1138" VPOS="2087" WIDTH="126" HEIGHT="34" WC="0.96" CONTENT="såsom"/><SP WIDTH="29" VPOS="2087" HPOS="1264"/>
							<String ID="string_315" HPOS="1293" VPOS="2086" WIDTH="137" HEIGHT="36" WC="0.96" CONTENT="hittills"/><SP WIDTH="29" VPOS="2086" HPOS="1430"/>
							<String ID="string_316" HPOS="1459" VPOS="2091" WIDTH="57" HEIGHT="31" WC="0.96" CONTENT="att"/><SP WIDTH="28" VPOS="2091" HPOS="1516"/>
							<String ID="string_317" HPOS="1544" VPOS="2087" WIDTH="123" HEIGHT="36" WC="0.96" CONTENT="under"/><SP WIDTH="27" VPOS="2087" HPOS="1667"/>
							<String ID="string_318" HPOS="1694" VPOS="2088" WIDTH="107" HEIGHT="35" WC="0.96" CONTENT="tiden"/>
						</TextLine>
						<TextLine ID="line_37" HPOS="187" VPOS="2135" WIDTH="1614" HEIGHT="49">
							<String ID="string_319" HPOS="187" VPOS="2136" WIDTH="140" HEIGHT="36" WC="0.92" CONTENT="mellan"/><SP WIDTH="41" VPOS="2136" HPOS="327"/>
							<String ID="string_320" HPOS="368" VPOS="2135" WIDTH="360" HEIGHT="49" WC="0.91" CONTENT="vapenöfningarna"/><SP WIDTH="41" VPOS="2135" HPOS="728"/>
							<String ID="string_321" HPOS="769" VPOS="2136" WIDTH="217" HEIGHT="48" WC="0.92" CONTENT="tjänstgöra"/><SP WIDTH="40" VPOS="2136" HPOS="986"/>
							<String ID="string_322" HPOS="1026" VPOS="2136" WIDTH="65" HEIGHT="36" WC="0.95" CONTENT="vid"/><SP WIDTH="43" VPOS="2136" HPOS="1091"/>
							<String ID="string_323" HPOS="1134" VPOS="2137" WIDTH="130" HEIGHT="36" WC="0.95" CONTENT="skolor"/><SP WIDTH="41" VPOS="2137" HPOS="1264"/>
							<String ID="string_324" HPOS="1305" VPOS="2137" WIDTH="60" HEIGHT="36" WC="0.96" CONTENT="för"/><SP WIDTH="38" VPOS="2137" HPOS="1365"/>
							<String ID="string_325" HPOS="1403" VPOS="2138" WIDTH="74" HEIGHT="36" WC="0.95" CONTENT="den"/><SP WIDTH="31" VPOS="2138" HPOS="1477"/>
							<String ID="string_326" HPOS="1508" VPOS="2138" WIDTH="75" HEIGHT="37" WC="0.95" CONTENT="fast"/><SP WIDTH="29" VPOS="2138" HPOS="1583"/>
							<String ID="string_327" HPOS="1612" VPOS="2138" WIDTH="189" HEIGHT="37" WC="0.96" CONTENT="anställda"/>
						</TextLine>
						<TextLine ID="line_38" HPOS="187" VPOS="2187" WIDTH="1614" HEIGHT="51">
							<String ID="string_328" HPOS="187" VPOS="2187" WIDTH="232" HEIGHT="50" WC="0.95" CONTENT="personalen"/><SP WIDTH="42" VPOS="2187" HPOS="419"/>
							<String ID="string_329" HPOS="461" VPOS="2187" WIDTH="72" HEIGHT="36" WC="0.96" CONTENT="och"/><SP WIDTH="42" VPOS="2187" HPOS="533"/>
							<String ID="string_330" HPOS="575" VPOS="2187" WIDTH="60" HEIGHT="37" WC="0.94" CONTENT="för"/><SP WIDTH="42" VPOS="2187" HPOS="635"/>
							<String ID="string_331" HPOS="677" VPOS="2188" WIDTH="59" HEIGHT="35" WC="0.96" CONTENT="sin"/><SP WIDTH="39" VPOS="2188" HPOS="736"/>
							<String ID="string_332" HPOS="775" VPOS="2200" WIDTH="99" HEIGHT="36" WC="0.96" CONTENT="egen"/><SP WIDTH="28" VPOS="2200" HPOS="874"/>
							<String ID="string_333" HPOS="902" VPOS="2187" WIDTH="230" HEIGHT="49" WC="0.95" CONTENT="utbildning,"/><SP WIDTH="30" VPOS="2187" HPOS="1132"/>
							<String ID="string_334" HPOS="1162" VPOS="2189" WIDTH="71" HEIGHT="36" WC="0.93" CONTENT="och"/><SP WIDTH="28" VPOS="2189" HPOS="1233"/>
							<String ID="string_335" HPOS="1261" VPOS="2189" WIDTH="379" HEIGHT="49" WC="0.91" CONTENT="kompanicheferna,"/><SP WIDTH="29" VPOS="2189" HPOS="1640"/>
							<String ID="string_336" HPOS="1669" VPOS="2190" WIDTH="132" HEIGHT="36" WC="0.96" CONTENT="hvilka"/>
						</TextLine>
						<TextLine ID="line_39" HPOS="186" VPOS="2239" WIDTH="1614" HEIGHT="50">
							<String ID="string_337" HPOS="186" VPOS="2240" WIDTH="119" HEIGHT="36" WC="0.96" CONTENT="borde"/><SP WIDTH="29" VPOS="2240" HPOS="305"/>
							<String ID="string_338" HPOS="334" VPOS="2244" WIDTH="115" HEIGHT="44" WC="0.96" CONTENT="göras"/><SP WIDTH="35" VPOS="2244" HPOS="449"/>
							<String ID="string_339" HPOS="484" VPOS="2239" WIDTH="207" HEIGHT="47" WC="0.96" CONTENT="ansvariga"/><SP WIDTH="29" VPOS="2239" HPOS="691"/>
							<String ID="string_340" HPOS="720" VPOS="2239" WIDTH="61" HEIGHT="36" WC="0.96" CONTENT="för"/><SP WIDTH="29" VPOS="2239" HPOS="781"/>
							<String ID="string_341" HPOS="810" VPOS="2240" WIDTH="240" HEIGHT="47" WC="0.96" CONTENT="kompaniets"/><SP WIDTH="29" VPOS="2240" HPOS="1050"/>
							<String ID="string_342" HPOS="1079" VPOS="2240" WIDTH="241" HEIGHT="49" WC="0.95" CONTENT="förvaltning"/><SP WIDTH="28" VPOS="2240" HPOS="1320"/>
							<String ID="string_343" HPOS="1348" VPOS="2242" WIDTH="71" HEIGHT="35" WC="0.93" CONTENT="och"/><SP WIDTH="29" VPOS="2242" HPOS="1419"/>
							<String ID="string_344" HPOS="1448" VPOS="2241" WIDTH="352" HEIGHT="48" WC="0.90" CONTENT="mobiliseringsbe-"/>
						</TextLine>
						<TextLine ID="line_40" HPOS="185" VPOS="2291" WIDTH="1613" HEIGHT="51">
							<String ID="string_345" HPOS="185" VPOS="2291" WIDTH="167" HEIGHT="49" WC="0.96" CONTENT="redskap"/><SP WIDTH="47" VPOS="2291" HPOS="352"/>
							<String ID="string_346" HPOS="399" VPOS="2295" WIDTH="98" HEIGHT="32" WC="0.95" CONTENT="samt"/><SP WIDTH="42" VPOS="2295" HPOS="497"/>
							<String ID="string_347" HPOS="539" VPOS="2291" WIDTH="143" HEIGHT="36" WC="0.94" CONTENT="erhålla"/><SP WIDTH="29" VPOS="2291" HPOS="682"/>
							<String ID="string_348" HPOS="711" VPOS="2291" WIDTH="99" HEIGHT="36" WC="0.95" CONTENT="fasta"/><SP WIDTH="29" VPOS="2291" HPOS="810"/>
							<String ID="string_349" HPOS="839" VPOS="2291" WIDTH="272" HEIGHT="49" WC="0.95" CONTENT="expeditioner,"/><SP WIDTH="30" VPOS="2291" HPOS="1111"/>
							<String ID="string_350" HPOS="1141" VPOS="2295" WIDTH="122" HEIGHT="34" WC="0.96" CONTENT="måste"/><SP WIDTH="28" VPOS="2295" HPOS="1263"/>
							<String ID="string_351" HPOS="1291" VPOS="2296" WIDTH="48" HEIGHT="46" WC="0.96" CONTENT="på"/><SP WIDTH="27" VPOS="2296" HPOS="1339"/>
							<String ID="string_352" HPOS="1366" VPOS="2294" WIDTH="127" HEIGHT="47" WC="0.96" CONTENT="grund"/><SP WIDTH="28" VPOS="2294" HPOS="1493"/>
							<String ID="string_353" HPOS="1521" VPOS="2294" WIDTH="116" HEIGHT="36" WC="0.96" CONTENT="häraf"/><SP WIDTH="23" VPOS="2294" HPOS="1637"/>
							<String ID="string_354" HPOS="1660" VPOS="2293" WIDTH="138" HEIGHT="35" WC="0.95" CONTENT="liksom"/>
						</TextLine>
					</TextBlock>
				</ComposedBlock>
			</PrintSpace>
		</Page>
	</Layout>
</alto>
