2240 2593
716 204 258 32 Statsutskottets
1004 203 174 32 Utlåtande
1200 203 64 31 N:o
1289 206 29 28 3.
1741 204 40 30 31

202 306 62 23 om
304 289 180 38 hvilkens
526 289 234 49 lämplighet
788 289 181 49 samtliga
998 288 276 49 myndigheter
1303 288 13 36 i
1344 288 219 37 hufvudsak
1591 289 98 37 varit
1717 301 106 35 ense,

202 356 118 37 synes
349 342 117 36 äfven
493 341 82 49 mig
603 341 92 37 böra
723 341 260 48 genomföras.
1023 340 236 49 Därigenom
1283 340 121 37 skulle
1426 354 51 22 nu
1504 340 320 38 förekommande

202 395 194 38 olikheter
433 393 12 36 i
474 393 221 48 aflöningen
723 393 59 36 för
810 393 184 36 likartadt
1023 392 130 37 arbete
1182 393 262 48 undanrödjas
1475 393 83 47 och,
1582 393 148 49 jämväl
1758 393 66 36 be-

203 446 189 39 träffande
438 445 126 37 denna
600 445 198 49 personals
841 444 171 49 aflöning
1049 444 72 36 och
1151 444 277 49 skyldigheter,
1458 444 266 50 likformighet
1753 445 72 37 och

202 500 168 48 ordning
414 497 173 37 erhållas.
651 497 85 36 Den
774 496 222 49 föreslagna
1034 496 220 49 aflöningen
1291 497 109 36 torde
1437 496 61 36 för
1533 499 169 46 mången
1738 497 86 37 icke

201 553 155 35 komma
385 554 55 32 att
467 549 184 36 innebära
679 551 131 46 någon
839 548 148 48 ökning
1015 547 12 36 1
1055 548 226 47 inkomster,
1312 548 195 37 beroende
1536 551 49 45 på
1614 549 75 36 den
1718 554 106 31 extra

202 602 228 48 ergättning,
460 601 47 36 de
536 600 191 49 uppburit,
758 600 72 37 och
859 600 66 37 det
954 601 154 48 ojämna
1137 605 87 43 sätt,
1241 601 147 48 hvarpå
1408 600 72 36 den
1502 599 158 46 utfallit;
1678 601 70 36 och
1778 601 46 36 då

202 656 65 36 det
308 654 85 36 icke
430 652 100 36 lärer
566 653 93 36 böra
696 652 241 48 förutsättas,
983 656 51 32 att
1075 652 47 35 de
1161 652 110 36 skola
1308 657 80 31 mot
1417 652 59 36 sin
1505 651 92 48 vilja
1626 652 198 36 frånträda

203 708 83 35 sina
322 704 224 37 nuvarande
583 704 206 48 förmåner,
829 704 87 36 med
953 702 132 38 hvilka
1124 703 46 36 de
1199 704 163 36 tillträdt
1390 703 183 48 tjänsten,
1603 703 110 37 torde
1745 704 79 36 för-

203 759 144 47 slagets
376 756 301 47 genomförande
706 756 93 36 böra
828 761 117 43 göras
975 755 193 37 beroende
1197 756 43 36 af
1265 755 309 37 vederbörandes
1604 760 91 43 eget
1724 768 98 24 sam-

201 810 114 49 tycke
344 813 56 32 att
429 808 162 48 öfvergå
618 807 56 36 till
704 808 47 36 de
780 821 76 35 nya
884 807 203 37 villkoren.
1146 808 269 48 Anmärkning
1443 807 134 36 härom
1605 812 43 31 är
1666 807 156 37 förden-

202 861 100 37 skull
334 859 129 37 införd
492 862 20 33 å
542 859 178 48 samtliga
749 859 46 37 de
834 864 131 41 stater,
996 859 69 36 där
1094 859 144 36 sådana
1266 859 555 49 handtverkarbeställningar,

200 914 161 36 hvarom
389 924 51 23 nu
469 916 41 31 är
539 911 121 48 fråga,
691 911 249 36 förekomma.
983 910 246 37 Beträffande
1259 911 199 36 artilleriet
1477 924 117 35 synes
1613 910 207 49 förslagets

202 962 303 52 genomförande
536 963 83 36 icke
647 963 154 35 komma
832 967 54 31 att
915 963 173 35 medföra
1114 962 124 37 ökade
1257 962 212 37 kostnader
1489 963 12 35 i
1522 962 177 37 afsevärd
1720 966 101 43 mån,

202 1017 72 37 och
312 1016 211 36 detsamma
560 1014 110 36 torde
707 1015 115 35 äfven
860 1014 130 36 kunna
1029 1019 113 43 sägas
1172 1014 199 48 angående
1399 1019 187 43 trängens
1613 1014 209 37 handtver-

201 1069 93 36 kare
342 1067 71 36 och
459 1066 471 48 gevärshandtverkarna,
977 1065 132 37 hvilka
1151 1065 115 37 äfven
1309 1065 150 37 erhållit
1502 1066 165 36 särskild
1708 1066 113 48 godt-

200 1119 153 50 görelse
382 1118 60 36 för
469 1117 148 36 utfördt
644 1117 131 36 arbete
805 1117 99 36 efter
931 1122 101 39 taxa,
1062 1116 149 37 hvilket
1239 1131 51 22 nu
1319 1117 120 36 skulle
1467 1117 184 49 upphöra.
1698 1117 123 36 Forti-

201 1171 233 36 fikationens
481 1169 359 48 tyghandtverkare
878 1168 116 37 hafva
1031 1169 99 35 varit
1167 1173 120 32 sämst
1324 1168 300 49 tillgodosedda,
1655 1169 71 36 och
1755 1169 66 36 det

200 1224 77 35 kan
315 1222 33 48 ej
388 1233 93 24 vara
517 1225 116 31 annat
671 1225 47 31 än
747 1220 140 48 billigt,
917 1225 57 31 att
1003 1220 112 36 deras
1144 1220 170 48 aflöning
1343 1220 221 46 förbättras,
1595 1221 72 35 och
1696 1225 56 31 att
1772 1220 48 36 de

199 1275 13 35 i
249 1274 107 36 detta
393 1272 221 36 hänseende
642 1271 187 37 likställas
858 1272 88 36 med
975 1271 83 37 sina
1086 1271 98 37 likar
1212 1272 65 36 vid
1315 1272 47 35 de
1392 1272 128 48 öfriga
1548 1272 269 49 truppslagen.

200 1324 269 50 Uppförandet
506 1324 42 36 af
583 1323 268 49 ålderstillägg
879 1326 38 33 åt
946 1323 124 36 denna
1098 1324 179 48 personal
1306 1337 114 35 synes
1449 1324 80 47 mig
1558 1324 117 36 äfven
1690 1323 130 37 välbe-

200 1378 124 36 tänkt.
382 1376 58 36 Då
470 1375 47 36 de
546 1376 34 48 ej
612 1375 132 36 kunna
773 1375 143 36 erhålla
946 1375 206 36 befordran
1182 1375 72 36 och
1282 1375 83 36 före
1386 1375 258 36 anställandet
1672 1378 48 46 på
1740 1380 78 31 stat

201 1432 123 33 måste
361 1428 116 36 hafva
515 1426 206 49 ådagalagt
762 1427 233 48 skicklighet
1033 1426 71 37 och
1142 1426 229 49 plikttrohet
1399 1428 11 34 i
1441 1428 67 35 sitt
1537 1427 142 47 arbete,
1709 1427 109 36 torde

201 1480 75 36 den
300 1479 253 49 möjligheten
581 1479 93 35 böra
702 1479 87 35 dem
817 1478 161 36 beredas
1004 1483 56 31 att
1083 1491 141 35 genom
1239 1478 157 36 fortsatt
1412 1478 204 48 duglighet
1636 1478 12 36 i
1668 1479 150 36 arbetet

201 1532 118 36 vinna
359 1533 130 46 någon
517 1530 238 48 förbättring
783 1530 12 35 i
831 1530 221 48 aflöningen
1081 1530 73 36 och
1183 1530 114 36 äfven
1326 1530 12 35 i
1366 1530 224 48 pensionen.
1648 1530 58 36 De
1736 1530 83 36 sak-

200 1583 193 47 kunnigas
422 1582 148 47 förslag
597 1581 13 36 1
637 1582 111 47 fråga
777 1594 62 23 om
867 1581 339 49 pensionsålderns
1235 1581 254 48 nedsättning
1516 1581 86 36 från
1622 1583 47 34 60
1690 1581 58 36 till
1769 1583 47 34 55

201 1639 41 32 år
280 1647 114 37 synes
432 1634 81 47 mig
551 1633 172 36 däremot
763 1633 85 36 icke
878 1633 93 36 böra
999 1632 162 37 bifallas.
1218 1633 75 36 Vid
1323 1634 47 35 55
1400 1636 60 33 års
1496 1632 104 37 ålder
1629 1633 112 36 torde
1770 1633 47 36 de

200 1687 111 36 flesta
338 1698 92 24 vara
458 1685 88 36 fullt
574 1685 227 47 arbetsföra,
831 1685 73 35 och
932 1685 66 36 det
1025 1684 76 36 kan
1128 1684 261 49 ifrågasättas,
1419 1698 60 22 om
1510 1685 65 35 det
1603 1684 124 37 skulle
1756 1684 62 37 för

200 1739 88 36 dem
315 1750 92 23 vara
435 1736 224 48 förmånligt
686 1740 57 32 att
772 1736 47 36 då
847 1736 89 48 afgå
964 1736 88 36 med
1080 1736 174 48 pension.
1312 1735 248 49 'Tillräckliga
1590 1736 83 36 skäl
1691 1736 61 37 för
1768 1749 47 24 en

200 1789 165 48 ändring
393 1789 12 35 i
434 1788 111 36 deras
574 1787 293 49 pensionsålder
896 1801 115 35 synas
1040 1788 80 48 mig
1148 1788 131 36 därför
1308 1788 33 48 ej
1372 1801 92 23 vara
1492 1788 235 48 förebragta.

304 1840 18 37 I
350 1840 174 49 enlighet
552 1839 86 37 med
666 1839 103 39 hvad
793 1839 69 49 jag
890 1853 51 22 nu
971 1839 137 47 anfört,
1134 1840 69 35 har
1217 1840 71 48 jag
1316 1840 86 35 låtit
1420 1840 12 35 i
1452 1840 268 48 vederbörliga
1740 1839 76 36 för-

201 1892 226 48 slagsstater
467 1891 166 49 uppföra
674 1891 172 48 aflöning
897 1894 38 33 åt
980 1891 296 48 ifrågavarande
1314 1892 191 48 personal,
1544 1892 135 36 därvid
1716 1891 100 36 dock

199 1947 130 45 någon
357 1942 166 49 ändring
551 1943 42 35 af
618 1943 144 36 antalet
790 1942 280 48 beställningar
1098 1943 42 36 af
1164 1943 297 48 ifrågavarande
1491 1943 84 48 slag
1603 1946 50 46 på
1679 1943 136 36 fortifi-

200 1996 205 36 kationens
435 1999 76 31 stat
540 1994 32 48 ej
603 1994 126 37 blifvit
756 1994 125 49 gjord.
920 1994 246 36 Beträffande
1187 1994 199 37 artilleriet
1405 1995 77 35 kan
1502 1994 75 37 den
1596 1994 220 49 föreslagna

200 2046 315 49 organisationen
533 2046 85 36 icke
647 2046 236 37 omedelbart
910 2046 11 35 i
951 2046 58 36 sin
1038 2045 130 37 helhet
1196 2046 258 49 genomföras,
1483 2051 91 31 utan
1603 2047 79 35 kan
1710 2046 106 37 detta

199 2099 68 38 ske
310 2098 135 36 endast
485 2098 13 35 i
540 2098 74 36 den
655 2101 88 33 mån
784 2098 193 35 vakanser
1013 2097 12 36 i
1054 2098 144 36 antalet
1225 2098 356 49 tyghandtverkare
1610 2112 52 22 nu
1690 2098 123 36 finnas

198 2150 93 37 eller
327 2149 228 37 hädanefter
582 2152 139 46 uppstå
750 2150 70 36 och
853 2149 47 36 de
935 2149 183 48 anslagna
1153 2150 155 36 medlen
1338 2149 227 49 därigenom
1593 2150 118 36 varda
1738 2149 75 36 till-

198 2202 169 49 räckliga
398 2201 59 37 för
485 2201 248 36 bestridande
761 2202 43 35 af
829 2201 121 48 högre
981 2201 170 49 aflöning
1179 2206 49 32 än
1256 2202 75 36 den
1359 2202 234 36 nuvarande.
