2210 2687
708 227 284 34 DBankoutskottets
1015 230 169 32 utlåtande
1208 231 52 31 Nr
1283 233 52 29 37.
1783 233 39 31 15

413 309 221 37 Nuvarande
662 310 140 47 lydelse:

330 382 292 47 tjänstemännen
650 384 12 34 i
690 384 216 35 kamrerare-
922 385 67 35 och

225 435 319 49 kassörsgraderna
573 437 116 35 under
704 450 43 23 en
763 438 141 45 månad,
922 439 67 35 och

224 490 289 46 tjänstemännen
530 491 9 34 i
553 492 242 46 registrators-
821 493 67 35 och
902 493 86 35 bok-

224 543 267 49 hållaregraden
509 544 113 36 under
637 547 41 34 de
694 545 121 43 första
838 550 51 32 tre
905 547 83 35 åren

224 609 45 23 en
307 597 76 36 half
415 599 144 44 månad,
589 612 84 23 men
701 600 81 35 från
811 601 67 35 och
905 600 83 36 med

223 652 112 46 fjärde
372 654 80 34 året
485 653 90 36 efter
603 653 71 45 det,
705 654 210 36 hvarunder
943 654 44 36 de

224 706 130 35 vunnit
392 706 180 36 ordinarie
610 708 223 49 anställning
860 709 14 35 i
901 709 86 35 riks-

224 759 155 46 banken,
410 773 44 23 en
482 761 143 46 månad,
656 762 65 36 allt
749 763 125 47 hvarje
904 762 47 36 år.

330 976 415 50 Semesterindelningen
777 978 55 36 för
860 980 127 47 hvarje

223 1028 39 37 är
298 1028 193 38 fastställes
519 1031 60 36 vid
608 1032 314 38 hufvudkontoret
950 1032 40 37 af

223 1084 215 48 deputerade
452 1086 66 35 och
531 1086 61 35 vid
603 1086 382 49 afdelningskontoren

223 1138 37 36 af
285 1138 185 48 styrelsen.

1249 314 213 46 Föreslagen
1490 315 140 46 lydelse:

1167 387 290 47 tjänstemännen
1486 388 12 34 i
1518 388 216 36 kamrerare-
1754 389 69 35 och

1060 439 313 49 kassörsgraderna
1398 442 116 34 under
1539 455 44 22 en
1597 443 140 44 månad,
1755 443 68 35 och

1059 494 316 47 tjänstemännen
1354 490 19 57 i
1394 495 240 48 registrators-
1654 497 65 35 och
1737 496 85 36 bok-

1060 548 250 47 bållargraden
1347 549 114 35 under
1498 562 42 23 en
1576 549 81 36 half
1681 549 143 46 månad,

1060 614 81 23 men
1170 603 79 35 från
1278 603 67 35 och
1374 603 81 35 med
1484 603 116 47 fjärde
1631 606 75 34 året
1734 606 90 35 efter

1060 655 71 46 det,
1172 656 206 37 hvarunder
1411 657 44 36 de
1488 659 132 34 vunnit
1648 658 175 37 ordinarie

1059 711 224 48 anställning
1309 712 13 34 i
1350 711 232 46 riksbanken,
1612 725 43 22 en
1676 712 145 46 månad,

1059 764 66 36 allt
1154 765 120 48 hvarje
1303 766 47 35 år.
1409 766 180 37 Kassörer
1616 768 61 35 och
1706 769 116 35 andra

1059 820 220 44 tjänstemän,
1311 832 73 24 som
1403 821 112 45 hafva
1539 822 53 44 sig
1615 822 210 43 anförtrodd

1060 874 207 45 kassavård,
1313 879 62 31 äro
1409 875 154 46 pliktiga
1604 879 51 32 att
1689 876 134 47 årligen

1059 928 155 44 begagna
1243 929 54 44 sig
1326 929 48 42 af
1394 930 196 44 medgifven
1617 934 169 32 semester.

1166 982 408 49 Semesterindelningen
1617 984 54 35 för
1699 985 123 47 hvarje

1059 1036 39 34 år
1134 1033 190 39 fastställes
1356 1036 61 36 vid
1445 1036 312 38 hufvudkontoret
1784 1038 42 37 af

1059 1089 213 48 deputerade
1306 1091 66 35 och
1395 1091 61 35 vid
1483 1092 339 48 afdelningskontor

1058 1143 39 35 af
1125 1144 184 47 styrelsen.

329 1228 71 35 För
426 1228 179 37 vinnande
630 1230 37 35 af
694 1230 223 48 enhetlighet
944 1232 12 35 i
980 1232 196 49 ordalagen
1204 1232 147 38 föreslår
1382 1235 185 45 utskottet,
1603 1239 53 33 att
1684 1237 13 36 i
1727 1238 22 46 8
1773 1238 46 37 73

222 1282 112 36 orden
369 1284 235 46 »tjänsteman
633 1284 84 35 eller
745 1285 244 47 vaktbetjänt»
1022 1287 151 49 utbytas
1196 1290 78 33 mot
1305 1288 397 47 »tjänstinnehafvare».

329 1336 76 36 Och
433 1337 207 36 hemställer
668 1338 178 37 utskottet
859 1340 108 47 förty,

992 1429 39 49 k)

754 1501 53 35 att
831 1501 22 46 $
885 1501 46 36 73
951 1501 356 50 bankoreglementet
1320 1505 153 36 erhåller
1485 1506 162 47 följande
1664 1506 156 38 ändrade

648 1553 151 48 lydelse:

409 1659 219 37 Nuvarande
656 1660 143 48 lydelse:

544 1752 22 42 8
591 1751 61 35 139.

327 1820 81 35 Den
437 1822 213 42 tjänsteman
664 1822 81 36 eller
759 1824 222 44 vaktbetjänt,

220 1886 79 23 som
336 1874 67 49 till"
431 1875 232 48 borgenärers
690 1877 212 47 förnöjande
930 1879 55 35 sin

220 1927 176 48 egendom
443 1929 145 45 afträdt,
632 1930 66 35 bör
738 1934 129 44 genast
903 1932 80 35 från

219 1982 243 48 tjänstgöring
476 1982 12 35 i
502 1983 222 37 riksbanken
744 1984 153 37 afhållas
917 1987 68 35 och

219 2036 104 44 skall,
366 2047 61 24 om
465 2037 72 34 han
575 2037 80 36 icke
690 2041 119 33 senast
844 2041 52 34 ett
932 2038 50 47 år,

220 2090 92 34 efter
341 2090 60 35 det
427 2090 312 49 inställelsedagen
757 2093 9 34 i
778 2093 205 36 konkursen

219 2143 173 45 inträffat,
422 2144 142 48 styrker
592 2146 56 48 sig
666 2159 83 23 vara
764 2146 79 37 från
859 2147 124 49 borge-

218 2201 124 32 närers
379 2199 80 35 kraf
482 2198 153 47 befriad,
667 2200 124 48 skiljas
819 2201 81 36 från
928 2202 55 35 sin

217 2251 13 34 i
253 2251 219 37 riksbanken
501 2253 265 37 innehafvande
790 2256 193 46 tjänstebe-

219 2305 172 50 fattning.

1231 1665 214 46 Föreslagen
1473 1667 143 46 lydelse:

1381 1757 22 43 8
1433 1757 59 34 73.

1164 1826 80 36 Den
1284 1828 350 45 tjänstinnehafvare,
1663 1841 77 24 som
1761 1830 58 36 till

1056 1879 251 49 borgernärers
1336 1881 208 47 förnöjande
1572 1883 54 35 sin
1643 1884 176 47 egendom

1056 1933 145 45 afträdt,
1231 1935 65 35 bör
1325 1942 125 41 genast
1477 1936 82 35 från
1578 1937 241 49 tjänstgöring

1055 1986 13 36 1
1096 1987 220 37 riksbanken
1345 1988 154 37 afhållas
1528 1989 67 37 och
1624 1991 102 45 skall,
1758 2005 61 23 om

1056 2040 71 36 han
1172 2042 78 35 icke
1297 2045 118 34 senast
1457 2046 51 33 ett
1544 2045 50 44 år,
1632 2045 90 36 efter
1759 2046 60 36 det

1054 2095 317 49 inställelsedagen
1400 2098 12 33 i
1427 2097 205 36 konkursen
1647 2098 172 46 inträffat,

1056 2149 140 48 styrker
1215 2150 55 48 sig
1289 2163 87 23 vara
1394 2149 80 38 från
1495 2152 231 48 borgenärers
1739 2153 82 36 kraf

1056 2203 150 46 befriad,
1237 2204 123 48 skiljas
1383 2203 80 38 från
1492 2206 54 36 sin
1574 2206 244 38 iriksbanken

1055 2258 262 37 innehafvande
1346 2260 353 50 tjänstebefattning.

1896 1226 16 34 $
1932 1228 41 25 73.
