2190 2650
682 207 414 34 Konstitutionsutskottets
1119 210 176 32 Memorial
1317 211 62 32 N:o
1402 215 32 28 2.
1793 225 20 21 2

230 294 189 36 "försedd
458 292 85 38 med
581 296 244 46 postverkets
859 296 208 38 frimärken
1096 297 92 38 eller
1217 299 314 50 frankostämpel,
1562 301 116 37 sådan
1707 302 148 37 försän-

262 346 106 36 delse
407 346 120 37 skulle
565 359 138 35 genom
744 348 173 49 bolagets
956 349 155 50 försorg
1150 351 276 50 ofördröjligen
1461 353 181 37 aflemnas
1671 357 20 34 å
1721 354 134 38 Stock-

261 398 124 37 holms
424 399 394 48 centralpostkontor;
858 407 65 42 att,
963 415 59 23 om
1061 406 80 34 åter
1168 404 11 36 i
1208 405 244 48 postverkets
1481 407 374 48 uppsamlingslådor

261 450 182 37 nedlades
472 451 57 35 till
558 451 173 37 adressat
760 453 101 36 inom
892 453 221 38 Stockholm
1144 456 116 36 stäldt
1283 457 89 36 bref
1388 457 91 36 eller
1504 458 82 36 bref
1593 459 95 48 kort,
1710 459 145 37 hvilket

260 503 84 37 icke
382 517 91 22 vore
513 503 149 37 försedt
699 505 86 36 med
822 507 244 47 postverkets
1102 508 179 37 frimärke
1312 510 91 36 eller
1432 510 301 50 frankostämpel
1762 513 92 36 eller

261 555 87 37 med
390 556 116 36 sådan
544 557 175 47 påskrift,
759 571 82 22 som
879 559 9 35 i
926 560 322 49 nästföregående
1286 562 120 49 punkt
1444 563 283 49 omförmäldes,
1766 578 87 23 men

260 609 116 35 hvarå
403 608 176 48 bolagets
610 609 178 38 frimärke
818 611 136 36 funnes
984 612 172 49 anbragt,
1178 613 120 49 dylikt
1317 614 89 37 bref
1423 615 91 36 eller
1534 615 179 37 brefkort
1733 617 120 36 skulle

259 660 210 37 behandlas
508 663 126 34 såsom
673 662 257 47 ofrankeradt,
971 667 40 33 så
1047 665 80 36 vidt
1159 665 83 37 icke
1272 666 154 49 bolaget
1454 668 11 35 i
1494 668 137 49 förväg
1660 669 194 37 förbundit

261 713 59 48 sig
355 719 65 42 att,
457 719 102 30 emot
588 714 233 49 erläggande
851 716 41 36 af
918 716 179 49 stadgadt
1126 718 227 50 lokalporto,
1383 720 124 36 utlösa
1536 720 140 37 sådana
1705 722 147 36 försän-

260 766 138 47 delser,
436 766 87 36 med
558 767 221 49 skyldighet
807 774 55 31 att
890 768 179 38 befordra
1098 770 193 37 desamma
1318 772 56 36 till
1404 771 234 50 adressaten,
1668 774 10 36 i
1707 774 145 37 hvilket

260 818 66 36 fall
363 818 151 36 brefvet
552 819 92 36 eller
680 820 220 37 brefkortet
938 822 120 36 skulle
1096 826 47 45 på
1180 823 127 49 dylika
1343 821 124 40 vilkor
1501 828 20 33 å
1548 826 303 37 hufvudstadens

259 870 377 49 centralpostkoutor
672 872 303 38 tillhandahållas
1013 874 170 49 bolaget;
1223 881 65 42 att,
1328 877 128 36 derest
1492 877 56 36 till
1585 878 155 48 bolaget
1769 879 82 37 från

259 936 124 23 annan
413 928 59 31 ort
501 924 199 36 ankomme
729 924 11 36 i
769 933 239 41 gemensamt
1038 928 148 48 omslag
1208 928 216 37 inneslutna
1444 929 87 37 bref
1549 930 91 37 eller
1662 931 188 49 brefkort,

259 975 123 37 stälda
418 975 57 36 till
513 989 123 23 annan
674 981 46 31 än
760 977 165 49 bolaget,
965 978 112 37 dessa
1113 980 84 36 icke
1235 981 101 48 finge
1375 982 42 35 af
1450 982 156 49 bolaget
1633 983 57 36 till
1718 984 133 36 veder-

258 1027 169 37 börande
466 1028 217 36 adressater
720 1030 159 48 utdelas,
909 1036 88 30 utan
1027 1032 121 36 skulle
1178 1033 59 35 för
1265 1033 233 48 behandling
1526 1035 11 35 i
1566 1035 170 48 enlighet
1764 1037 86 35 med

257 1079 414 50 postförfattningarne
709 1087 138 43 genast
884 1083 180 37 aflemnas
1103 1084 56 36 till
1189 1084 242 38 Stockholms
1462 1087 387 49 centralpostkontor,

256 1132 63 36 vid
357 1132 157 49 påföljd,
550 1146 58 23 om
641 1133 133 37 sådant
802 1134 83 37 icke
916 1135 41 36 af
982 1135 153 49 bolaget
1163 1136 205 50 iakttoges,
1399 1144 65 42 att,
1493 1142 49 46 på
1570 1144 75 31 sätt
1674 1140 82 36 från
1785 1141 65 36 bo-

256 1185 125 47 lagets
420 1184 80 36 sida
538 1185 235 48 medgifvits,
810 1187 184 48 rättighet
1031 1194 54 30 att
1121 1189 129 36 vidare
1284 1190 153 49 besörja
1466 1191 204 37 befordran
1699 1193 41 35 af
1766 1193 87 36 bref

257 1236 92 37 eller
385 1236 191 48 brefkort,
615 1241 45 45 på
699 1238 237 50 underdånig
973 1241 171 36 anmälan
1174 1242 42 35 af
1240 1243 452 49 generalpoststyrelsen,
1721 1245 127 37 blefve

256 1289 156 47 bolaget
441 1289 203 46 frånhänd;
675 1296 98 30 samt
802 1297 54 30 att
884 1292 156 48 bolaget
1065 1293 120 37 skulle
1206 1307 89 23 vara
1314 1295 275 37 underkastadt
1608 1296 241 50 tillämpning

256 1341 41 36 af
332 1341 73 36 den
443 1341 228 37 förändrade
709 1342 256 50 lagstiftning,
1005 1358 81 23 som
1124 1345 233 39 beträffande
1395 1353 75 31 rätt
1504 1348 59 36 för
1592 1349 172 37 enskilda
1793 1355 54 31 att

255 1393 181 37 befordra
474 1394 87 37 bref
595 1395 91 36 eller
722 1395 180 37 brefkort
923 1397 109 37 eller
1070 1398 86 36 med
1191 1399 148 49 hänsyn
1377 1400 56 36 till
1468 1400 311 39 förekommande
1810 1403 42 35 at

256 1446 228 36 frimärkens
515 1447 274 49 efterbildning
817 1449 125 36 kunde
971 1450 116 36 varda
1114 1450 159 37 införd.»

359 1498 110 37 Hvad
512 1512 81 23 som
631 1499 62 37 vid
728 1500 282 49 behandlingen
1043 1503 42 35 af
1110 1503 103 36 detta
1242 1504 138 37 ärende
1410 1505 54 36 till
1495 1519 46 23 en
1569 1506 131 49 början
1732 1520 114 35 synes

256 1551 396 49 anmärkningsvärdt,
679 1558 41 30 är
738 1553 291 37 tillförordnade
1051 1555 156 37 chefens
1229 1556 60 36 för
1305 1557 392 49 civildepartementet
1712 1560 135 36 under-

253 1603 170 36 låtenhet
452 1609 65 42 att,
546 1603 113 37 innan
690 1605 157 36 ärendet
866 1606 101 36 inför
994 1606 72 36 den
1082 1607 129 49 kongl.
1228 1609 231 48 regeringen
1475 1609 215 51 föredrogs,
1708 1611 139 37 bereda

255 1655 211 36 detsamma
508 1659 48 45 på
597 1661 76 31 sätt
717 1659 45 34 10
805 1657 20 49 $
867 1659 353 48 regeringsformen
1264 1661 166 48 stadgar,
1472 1663 194 49 nemligen
1704 1677 139 35 genom

254 1707 141 48 nödiga
417 1708 298 49 upplysningars
737 1710 242 37 inhemtande
996 1711 83 36 från
1094 1712 286 37 vederbörande
1401 1714 252 38 embetsverk.
1698 1716 148 37 Visser-

252 1759 104 48 ligen
387 1760 109 49 afsåg
525 1760 73 37 den
627 1762 228 48 ansökning,
886 1775 81 23 som
997 1777 65 22 var
1092 1764 155 37 föremål
1277 1765 60 36 för
1357 1766 73 36 den
1446 1767 128 48 kongl.
1593 1768 252 48 regeringens

252 1811 195 49 pröfning,
492 1812 136 36 endast
671 1814 245 37 stadfästelse
959 1815 40 36 af
1033 1816 164 49 ordning
1225 1817 61 36 för
1314 1823 55 31 ett
1397 1818 229 50 aktiebolag,
1656 1834 86 22 men
1772 1821 73 35 den

254 1864 334 48 omständigheten
619 1878 127 36 synes,
776 1867 228 36 åtminstone
1033 1868 9 35 i
1074 1868 104 36 detta
1206 1869 76 47 fall,
1312 1870 82 36 icke
1424 1871 114 36 hafva
1566 1871 85 37 bort
1676 1878 95 43 göra
1790 1874 54 34 in-

252 1916 222 37 hemtandet
502 1917 42 36 af
570 1917 140 37 sådana
737 1919 278 48 upplysningar
1044 1920 255 50 öfverflödigt.
1343 1923 56 35 Då
1428 1923 119 48 enligt
1567 1924 277 49 förordningen

254 1981 60 22 om
344 1968 218 50 aktiebolag
592 1969 71 36 den
694 1972 20 34 6
746 1971 159 36 oktober
937 1974 95 34 1848
1063 1973 139 48 Kongl.
1233 1974 106 49 Maj:t
1368 1988 92 35 eger
1489 1982 53 30 att
1561 1976 62 37 vid
1645 1977 87 36 sökt
1752 1977 92 36 fast-

252 2020 169 36 ställelse
451 2021 41 36 af
518 2020 164 50 ordning
710 2022 59 37 för
799 2028 54 31 ett
882 2023 120 49 dylikt
1030 2024 126 49 bolag,
1185 2026 151 36 utöfver
1365 2040 44 23 en
1431 2028 183 49 pröfning
1634 2029 40 36 af
1690 2029 153 49 bolags-

253 2072 235 49 ordningens
519 2074 401 38 öfverensstämmelse
950 2077 85 36 med
1064 2078 162 37 nämnde
1255 2079 75 48 lag,
1360 2080 112 47 tillse,
1503 2080 32 49 ej
1566 2081 146 37 mindre
1732 2082 111 37 huru-

251 2124 87 36 vida
366 2125 314 38 beskaffenheten
709 2128 41 35 af
775 2128 174 48 bolagets
975 2130 144 35 rörelse
1140 2130 178 37 fordrade
1340 2132 186 37 särskilda
1541 2133 301 50 bestämmelser,

252 2181 46 32 än
327 2177 113 36 äfven
470 2192 58 22 om
560 2179 207 49 anledning
795 2180 136 37 funnes
953 2187 53 30 att
1029 2187 119 43 vägra
1164 2183 243 38 stadfästelse
1424 2185 41 36 af
1478 2185 363 51 bolagsordningen,

253 2232 41 33 så
334 2232 120 34 måste
491 2231 124 36 denna
648 2232 235 37 vidsträckta
911 2234 281 48 pröfningsrätt
1221 2241 157 43 antagas
1408 2238 136 47 åsyfta,
1573 2238 114 37 bland
1716 2245 125 42 annat,

252 2286 54 31 att
348 2281 196 37 förhindra
584 2284 256 48 uppkomsten
883 2287 40 34 af
962 2286 162 49 företag,
1168 2300 82 23 som
1285 2288 111 49 eljest
1429 2290 257 49 tilläfventyrs
1721 2292 119 36 skulle

251 2333 152 37 komma
444 2340 54 31 att
539 2335 193 38 bedrifvas
775 2337 11 35 i
828 2338 95 38 strid
959 2344 77 33 mot
1064 2339 176 50 gällande
1271 2340 282 53 författningar,
1583 2344 55 35 till
1667 2357 86 24 men
1781 2344 60 36 för
