1914 2802
98 2169 147 27 Utskottet.

303 164 39 30 14
662 165 126 35 Första
811 167 252 42 lagutskottets
1084 170 186 35 utlåtande
1293 172 55 34 Nr
1366 176 55 31 35.

303 241 144 41 fonden,
468 244 100 33 torde
590 245 117 34 denna
729 245 99 44 fråga
851 247 76 34 icke
950 249 86 34 böra
1058 253 148 40 avgöras
1228 252 11 33 i
1262 252 236 44 föreliggande
1522 257 267 44 sammanhang.

303 295 66 42 Jag
388 295 57 34 får
464 296 113 35 erinra
596 310 59 21 om
675 303 57 30 att
751 300 472 45 löneregleringsperioderna
1242 304 55 35 för
1315 308 264 43 prästerskapet
1601 310 10 33 i
1633 310 155 36 flertalet

303 360 45 21 av
365 349 518 47 huvudstadsförsamlingarna
901 355 124 43 utlöpa
1043 358 78 33 med
1144 361 86 31 1945
1250 360 55 33 års
1324 361 145 43 utgång.
1489 362 68 34 För
1576 362 210 45 Storkyrko-

301 401 249 44 församlingen
563 406 104 41 utgår
679 406 432 45 löneregleringsperioden
1126 411 39 33 år
1181 415 98 31 1946.
1293 413 69 34 För
1377 414 60 34 det
1452 414 220 37 förestående
1689 418 97 34 arbe-

302 460 51 29 tet
370 457 82 33 med
468 457 45 33 de
527 459 207 43 prästerliga
750 461 270 42 organisations-
1037 463 63 34 och
1119 465 351 44 avlöningsfrågorna
1487 469 10 33 i
1515 470 173 34 samband
1706 472 81 34 med

303 508 42 33 de
361 509 150 34 sålunda
527 516 96 29 snart
640 524 70 31 nog
725 513 192 43 utlöpande
933 516 473 45 löneregleringsperioderna
1422 521 56 34 för
1493 522 294 36 huvudstadsför-

303 562 236 43 samlingarna
558 564 47 34 ha
626 565 249 36 förberedelser
896 569 110 34 redan
1025 570 155 35 träffats.
1203 572 214 43 Spörsmålet
1440 587 57 22 om
1521 571 265 53 Storkyrkoför-

302 616 211 42 samlingens
528 617 115 35 behov
658 631 47 21 av
720 621 204 43 prästerliga
940 622 134 35 krafter
1090 625 65 33 och
1172 626 210 44 avlöningen
1399 640 46 21 av
1462 630 99 33 dessa
1577 631 114 34 måste
1710 632 77 33 där-

302 668 60 34 vid
381 669 151 42 givetvis
551 671 96 34 bliva
665 677 54 30 ett
738 675 169 41 spörsmål
927 676 107 35 bland
1054 678 129 43 många
1203 680 120 40 andra,
1343 693 75 22 som
1426 664 20 61 i
1472 682 62 34 sitt
1554 683 121 35 vidare
1696 697 90 22 sam-

301 722 180 43 manhang
497 724 159 42 påkallar
674 731 54 29 ett
746 727 139 35 särskilt
903 729 231 36 bedömande.

344 775 69 43 Jag
439 776 155 35 biträder
620 780 379 43 utredningsmannens
1025 783 139 44 förslag,
1191 791 55 29 att
1273 786 59 35 det
1358 788 172 35 särskilda
1556 791 149 34 arvodet
1732 791 55 35 för

299 833 123 37 pastor
443 830 340 42 primarieämbetets
806 834 213 36 innehavare
1042 837 125 36 fixeras
1191 839 53 34 till
1267 843 100 37 4,400
1391 841 132 35 kronor
1545 843 81 34 eller
1648 845 54 33 till
1726 845 60 34 det

300 883 235 41 medelvärde,
558 886 116 34 vartill
700 887 100 34 detta
822 889 131 34 arvode
974 911 47 4 —
1042 891 10 33 i
1075 891 90 35 form
1191 905 46 21 av
1260 905 42 22 en
1326 894 89 34 efter
1437 892 348 53 markegångsprisen

301 936 174 34 växlande
498 939 195 43 ersättning
715 940 55 35 för
791 941 64 34 här
877 942 269 44 ifrågavarande
1169 948 329 44 spannmålsanslag
1519 971 45 4 —
1586 952 122 41 utgått
1731 952 55 34 för

300 989 83 33 åren
414 994 189 32 1931—40.
631 993 20 33 I
679 994 189 44 anledning
895 1008 47 22 av
970 998 71 33 vad
1068 998 223 36 Stockholms
1322 1001 218 44 domkapitel
1568 1004 125 35 härom
1725 1017 60 22 an-

296 1041 82 42 fört,
400 1044 62 33 vill
480 1044 60 43 jag
557 1045 199 43 framhålla,
776 1053 56 30 att
850 1049 81 34 med
952 1050 67 34 den
1039 1051 148 35 sålunda
1205 1053 197 44 föreslagna
1421 1055 190 44 fixeringen
1633 1070 46 21 av
1698 1057 89 35 före-

296 1096 157 35 varande
478 1098 230 43 arvodespost
732 1101 67 33 den
824 1104 266 42 sammanlagda
1114 1106 209 43 avlöningen
1349 1108 61 34 vid
1436 1108 44 35 de
1504 1109 92 34 båda
1620 1110 167 35 förenade

299 1148 200 42 tjänsterna
516 1151 159 35 kommer
695 1158 56 29 att
770 1156 117 42 uppgå
906 1156 54 34 till
981 1162 52 29 ett
1052 1158 139 43 belopp,
1212 1171 85 29 som,
1317 1163 90 32 även
1427 1174 59 21 om
1506 1163 125 35 värdet
1651 1176 46 21 av
1717 1165 67 33 den

295 1202 80 35 med
398 1203 383 45 kyrkoherdetjänsten
802 1208 168 36 förenade
992 1210 307 42 tjänstebostaden
1321 1217 112 31 sättes
1455 1215 84 43 lågt,
1562 1221 54 29 ter
1638 1217 52 43 sig
1712 1229 75 22 som

300 1267 42 22 en
364 1256 113 43 skälig
497 1259 197 44 ersättning
714 1260 56 34 för
790 1266 121 38 pastor
933 1263 323 42 primarieämbetet
1279 1266 10 34 i
1313 1267 77 34 dess
1413 1267 197 44 föreslagna
1635 1270 148 35 utform-

300 1321 114 31 ning.»

343 1416 232 35 Beträffande
597 1418 67 34 den
685 1422 161 32 närmare
866 1421 215 35 innebörden
1103 1435 46 22 av
1170 1424 166 44 förslaget
1358 1427 54 33 till
1434 1427 57 43 lag
1512 1429 180 42 angående
1714 1430 69 34 till-

299 1470 159 43 sättning
476 1483 45 22 av
538 1476 121 37 pastor
675 1473 185 42 primarius
878 1475 10 33 i
906 1475 205 35 Stockholm
1129 1483 94 29 samt
1241 1478 165 44 förslaget
1423 1481 54 33 till
1494 1482 57 42 lag
1568 1495 60 21 om
1647 1484 135 34 ändrad

297 1522 132 43 lydelse
453 1536 46 21 av
523 1527 42 31 46
593 1524 15 39 $
635 1525 102 43 lagen
761 1526 66 34 den
852 1531 20 30 7
896 1528 185 35 december
1106 1533 87 31 1934
1222 1532 56 41 (nr
1303 1534 80 41 573)
1411 1546 60 21 om
1496 1535 215 45 tillsättning
1736 1550 45 21 av

296 1577 209 43 prästerliga
524 1577 152 43 tjänster
696 1579 166 36 hänvisas
883 1581 55 34 till
961 1582 65 34 sid.
1049 1586 129 31 17—21
1203 1584 11 34 i
1237 1586 274 42 propositionen.

340 1656 188 43 Lagrådet,
545 1671 79 21 vars
641 1660 185 35 utlåtande
842 1661 196 36 inhämtats
1054 1667 82 30 över
1151 1667 241 40 nyssnämnda
1410 1668 187 44 lagförslag
1613 1673 168 32 ävensom

297 1708 168 45 förslaget
485 1711 52 34 till
559 1712 56 43 lag
634 1724 59 22 om
714 1713 364 43 biskopsvisitationer
1098 1717 10 34 i
1129 1717 217 43 Stockholm,
1366 1720 66 34 har
1451 1721 136 36 lämnat
1607 1722 174 45 förslagen

298 1767 86 29 utan
404 1764 151 34 erinran.

340 1844 56 33 De
417 1856 46 21 av
483 1845 358 43 utredningsmannen
864 1847 196 44 framlagda
1079 1849 174 44 förslagen
1271 1852 53 34 till
1345 1854 190 43 ändringar
1555 1855 10 34 i
1585 1857 194 41 prästlöne-

296 1898 288 43 regleringslagen
597 1899 67 33 och
677 1900 323 44 kyrkofondslagen
1014 1903 56 40 ha,
1083 1906 331 35 sammanarbetade
1427 1909 81 33 med
1523 1920 45 22 av
1584 1909 111 35 andra
1708 1911 72 42 lag-

295 1950 130 43 förslag
442 1951 205 35 föranledda
666 1953 188 43 ändringar
870 1955 11 33 i
901 1956 156 34 nämnda
1074 1956 261 45 författningar,
1352 1959 185 45 framlagts
1556 1974 127 30 genom
1700 1976 79 30 pro-

295 2004 200 42 positionen
514 2017 42 22 nr
575 2009 78 37 238,
672 2009 86 32 över
776 2007 117 34 vilken
913 2008 178 36 utskottet
1109 2010 187 36 framdeles
1315 2012 162 36 kommer
1497 2019 55 30 att
1573 2016 129 42 avgiva
1723 2021 56 30 ut-

295 2057 156 35 låtande.

340 2163 18 34 I
376 2164 223 36 Stockholms
616 2166 93 40 stad,
727 2179 74 22 som
819 2168 108 34 sedan
945 2170 170 41 gammalt
1131 2170 129 44 intagit
1278 2184 42 22 en
1338 2174 224 44 särställning
1578 2175 11 34 i
1607 2175 172 45 kyrkligt-

296 2217 280 36 administrativt
604 2219 212 42 hänseende,
845 2221 160 35 förekom
1037 2228 52 29 ett
1118 2223 159 44 kyrkligt
1305 2226 253 36 konsistorium
1591 2229 109 34 redan
1732 2231 46 42 på

297 2272 204 33 1590-talet.
526 2272 87 34 Med
639 2273 99 34 tiden
763 2274 106 34 erhöll
893 2275 226 36 konsistoriet
1144 2290 136 22 samma
1304 2279 249 43 befogenheter
1578 2294 76 22 som
1679 2282 99 35 dom-

293 2323 160 43 kapitlen
472 2325 11 34 i
500 2325 134 35 stiften.
653 2327 129 34 Denna
802 2329 205 43 utveckling
1025 2330 152 35 befästes
1195 2343 124 31 genom
1341 2336 87 31 1936
1450 2335 56 33 års
1525 2335 57 43 lag
1601 2348 59 22 om
1678 2336 99 34 dom-

293 2376 146 43 kapitel,
461 2379 124 34 varvid
606 2379 227 36 konsistoriet
859 2382 6 33 i
885 2382 250 35 huvudstaden
1158 2388 91 30 även
1270 2385 106 35 erhöll
1398 2387 259 44 benämningen
1679 2389 99 34 dom-

292 2429 146 43 kapitel.
467 2432 9 33 I
495 2432 223 36 Stockholms
735 2434 219 44 domkapitel
973 2439 39 31 är
1030 2436 265 45 ärkebiskopen,
1314 2442 64 31 när
1396 2440 72 34 han
1489 2444 37 31 är
1544 2442 234 40 närvarande,

293 2495 115 31 preses
428 2497 82 22 men
529 2486 98 43 eljest
645 2492 124 38 pastor
785 2488 186 43 primarius
991 2490 172 34 ordinarie
1184 2503 126 31 preses.
1328 2492 225 36 Stockholms
1573 2496 80 33 stad
1674 2498 105 40 utgör
