1912 2808
304 173 19 30 6
671 170 125 35 Första
819 170 253 43 lagutskottets
1093 171 186 34 utlåtande
1302 172 54 33 Nr
1373 175 54 31 35.

305 250 363 43 kyrkoförsamlingen
688 251 109 34 skulle
816 254 127 39 utgöra
961 251 175 43 prebende
1156 252 38 34 åt
1215 252 121 33 denne.
1356 272 46 5 —
1421 252 19 33 I
1459 252 99 43 fråga
1577 265 59 21 om
1656 253 136 34 ändrad

306 303 149 43 ordning
470 303 54 34 för
538 304 256 43 tillsättningen
811 317 46 21 av
872 309 123 38 pastor
1010 305 186 42 primarius
1214 305 137 43 gjordes
1369 305 147 34 särskild
1533 305 258 44 framställning

306 361 117 29 senast
445 369 45 21 av
513 360 84 31 1934
618 358 56 33 års
694 357 223 43 kyrkomöte,
938 370 74 22 som
1033 359 11 33 i
1065 358 167 34 skrivelse
1252 359 52 34 till
1326 359 133 43 Kungl.
1480 359 109 42 Maj:t
1611 359 180 35 hemställt

307 422 57 22 om
390 411 164 41 åtgärder
577 410 54 33 för
656 411 197 33 beredande
880 424 46 21 av
951 411 198 43 inflytande
1175 412 125 34 därvid
1326 413 38 32 åt
1392 412 222 35 Stockholms
1640 416 149 40 präster-

305 463 99 42 skap.
417 484 47 4 —
477 464 56 33 En
546 467 160 30 närmare
721 465 215 42 redogörelse
950 465 54 33 för
1019 466 67 33 alla
1102 466 42 33 de
1160 465 112 34 skilda
1287 465 130 43 förslag
1431 466 11 33 i
1459 466 98 34 dessa
1572 466 128 43 frågor,
1716 479 75 21 som

306 516 110 34 under
440 517 99 34 årens
562 517 83 43 lopp
668 518 217 39 tillkommit,
909 518 189 34 återfinnes
1122 519 11 33 i
1158 531 43 21 en
1226 519 147 33 däröver
1397 520 195 41 upprättad
1616 532 174 22 samman-

950 572 10 9 o

307 570 177 42 ställning,
506 571 116 32 vilken
644 570 114 35 finnes
780 571 144 43 intagen
946 584 20 21 å
991 572 63 33 sid.
1077 575 134 31 32—39
1236 573 11 33 i
1270 572 272 43 propositionen.

349 677 140 42 Frågan
511 689 58 22 om
593 689 42 22 en
661 677 226 44 reformering
911 679 47 42 på
982 684 53 29 ett
1059 679 81 33 eller
1165 684 110 29 annat
1299 683 73 30 sätt
1399 692 45 21 av
1469 679 285 43 kyrkostyrelsen
1780 680 11 34 i

304 729 206 35 Stockholm
528 731 62 33 har
608 743 126 30 genom
754 736 136 29 senaste
909 732 238 34 innehavaren
1167 745 46 21 av
1231 737 121 38 pastor
1371 733 323 42 primarieämbetet
1712 734 78 34 Nils

306 783 161 34 Widners
490 784 160 34 frånfälle
674 785 68 33 den
767 789 18 30 6
812 786 142 41 augusti
981 789 85 30 1940
1092 786 139 34 erhållit
1256 798 43 21 en
1322 786 153 43 förnyad
1500 786 65 34 och
1590 787 202 34 omedelbar

304 836 201 34 aktualitet.
526 838 127 33 Denna
674 837 99 43 fråga
793 838 64 34 har
878 838 107 34 också
1006 839 134 34 berörts
1163 851 46 21 av
1231 839 222 35 Stockholms
1476 840 216 42 domkapitel
1714 840 11 34 i
1748 852 43 22 en

305 890 166 34 skrivelse
491 891 52 33 till
563 891 132 42 Kungl.
717 892 109 42 Maj:t
848 892 69 33 den
941 896 40 30 10
1003 893 198 42 september
1224 896 98 37 1940,
1345 893 75 34 vari
1444 893 245 43 domkapitlet,
1710 894 80 34 med

305 943 166 34 anmälan
494 956 59 21 om
577 944 59 34 det
661 944 133 34 timade
819 945 199 40 dödsfallet,
1044 946 238 34 underställde
1306 947 133 42 Kungl.
1465 946 126 42 Maj:ts
1617 947 174 42 prövning

303 996 124 42 frågan
453 1009 57 21 om
534 998 285 34 återbesättande
846 1011 45 21 av
917 999 467 43 kyrkoherdebefattningen
1411 1000 11 33 i
1448 1000 342 42 Storkyrkoförsam-

304 1049 128 43 lingen.
459 1050 137 35 Härvid
625 1051 165 42 upplyste
819 1052 246 42 domkapitlet,
1093 1057 56 29 att
1177 1053 159 33 Widners
1367 1053 134 34 dödsbo
1530 1053 87 42 ägde
1646 1053 143 43 åtnjuta

304 1103 155 42 tjänstår
482 1104 59 34 vid
565 1104 244 43 befattningen
832 1105 92 33 intill
948 1105 67 34 den
1041 1109 15 30 1
1082 1118 94 21 mars
1203 1110 84 29 1941
1314 1111 94 29 samt
1432 1111 56 29 att
1510 1106 280 43 prästerskapets

304 1156 104 34 änke-
434 1157 65 33 och
522 1157 217 43 pupillkassa
763 1170 82 21 vore
871 1158 198 43 berättigad
1095 1163 56 30 att
1176 1159 153 34 därefter
1353 1159 112 34 under
1489 1164 53 29 ett
1566 1160 38 34 år
1629 1160 161 42 uppbära

304 1209 210 35 avkomsten
537 1223 44 21 av
603 1211 216 34 densamma.
842 1211 253 43 Befattningen
1118 1212 102 34 bleve
1242 1212 215 34 fördenskull
1480 1213 91 42 ledig
1594 1218 55 29 att
1673 1226 45 21 av
1742 1226 48 30 ny

304 1263 213 34 innehavare
537 1264 175 34 tillträdas
732 1264 89 34 först
842 1265 68 33 den
934 1269 16 29 1
974 1277 92 22 mars
1090 1269 98 30 1942.
1210 1266 121 34 Under
1353 1266 138 33 erinran
1513 1279 57 21 om
1592 1266 68 34 den
1683 1267 107 33 sedan

305 1317 126 41 många
450 1317 39 33 år
506 1317 154 33 aktuella
678 1317 124 43 frågan
819 1330 59 21 om
897 1318 203 34 inrättande
1119 1331 47 21 av
1183 1323 53 30 ett
1256 1319 140 34 särskilt
1416 1319 77 34 stift
1511 1319 54 34 för
1584 1319 206 35 Stockholm

303 1369 146 34 anförde
466 1369 234 43 domkapitlet
716 1370 11 34 i
745 1371 204 42 anslutning
964 1371 117 34 härtill
1107 1372 2 33 i
1126 1372 189 34 huvudsak
1331 1372 168 42 följande:

348 1432 80 33 Den
452 1435 19 30 9
494 1432 189 34 november
708 1436 86 30 1937
816 1433 93 34 hade
932 1433 234 42 domkapitlet
1189 1435 135 41 avgivit
1347 1435 184 33 utlåtande
1554 1438 84 30 över
1662 1435 59 34 det
1745 1448 45 21 av

301 1475 264 35 kammarrådet
583 1477 90 33 Tom
692 1477 140 34 Wohlin
851 1489 138 22 samma
1006 1479 38 32 år
1063 1479 226 41 upprättade,
1308 1479 52 33 till
1382 1479 233 42 domkapitlet
1635 1480 154 34 remitte-

303 1520 81 33 rade
405 1520 166 43 förslaget
592 1521 148 33 rörande
762 1533 42 22 en
825 1521 187 43 ifrågasatt
1034 1523 266 42 stiftsbildning,
1322 1523 222 34 omfattande
1567 1524 222 34 Stockholms

303 1564 79 34 stad
405 1564 113 42 jämte
543 1565 91 33 vissa
658 1565 265 43 kringliggande
949 1567 178 33 områden.
1153 1568 248 42 Domkapitlet
1427 1568 90 33 hade
1543 1568 126 34 därvid
1693 1569 96 33 hem-

303 1609 108 39 ställt,
425 1613 55 29 att
494 1609 130 42 Kungl.
638 1610 112 42 Maj:t
762 1610 80 34 med
856 1610 200 34 beaktande
1071 1624 45 20 av
1131 1611 43 34 de
1189 1612 231 42 synpunkter,
1436 1612 234 43 domkapitlet
1684 1613 105 34 fram-

302 1653 100 33 hållit
418 1653 11 33 i
446 1653 154 39 ärendet,
616 1655 114 32 måtte
747 1655 120 33 avlåta
883 1656 218 41 proposition
1118 1656 54 33 till
1191 1660 86 30 1938
1295 1658 55 32 års
1368 1657 142 42 riksdag
1525 1657 11 33 i
1553 1657 237 43 huvudsaklig

302 1697 204 43 anslutning
525 1698 52 33 till
596 1698 157 33 nämnda
772 1698 141 43 förslag.
934 1700 58 32 Då
1013 1699 245 43 befattningen
1280 1713 73 21 som
1375 1705 121 37 pastor
1516 1701 186 42 primarius
1724 1702 65 33 och

301 1741 114 34 tillika
434 1741 220 43 kyrkoherde
676 1742 10 34 i
708 1742 445 43 Storkyrkoförsamlingen
1175 1756 146 21 numera
1342 1744 104 34 blivit
1467 1745 100 43 ledig,
1589 1751 121 37 syntes
1731 1758 57 22 en-

302 1786 63 42 ligt
394 1786 252 43 domkapitlets
675 1787 142 42 mening
846 1786 221 44 stiftsfrågan
1095 1800 48 21 nu
1175 1788 86 34 böra
1289 1794 176 38 upptagas
1494 1790 53 33 till
1578 1791 210 42 avgörande.

302 1830 121 33 Under
445 1830 211 43 hänvisning
677 1831 55 33 till
755 1831 61 34 sitt
839 1831 209 44 föregående
1072 1833 185 33 utlåtande
1281 1845 46 22 av
1350 1834 67 33 den
1442 1838 19 29 9
1486 1835 191 33 november
1702 1839 86 30 1937

301 1875 208 33 hemställde
532 1875 116 33 därför
670 1875 247 43 domkapitlet,
940 1881 54 29 att
1015 1877 133 42 Kungl.
1170 1877 111 42 Maj:t
1303 1878 92 40 ville,
1417 1879 80 33 med
1520 1879 200 34 beaktande
1743 1892 46 21 av

302 1919 69 33 vad
394 1919 234 43 domkapitlet
651 1919 129 41 anfört,
803 1921 122 33 avlåta
946 1921 218 42 proposition
1186 1922 54 33 till
1264 1926 83 29 1941
1374 1924 56 32 års
1454 1923 140 43 riksdag
1616 1924 11 33 i
1649 1924 139 33 huvud-

301 1963 111 42 saklig
433 1964 201 42 anslutning
654 1964 53 34 till
729 1964 60 34 det
809 1977 45 21 av
875 1965 141 34 Wohlin
1037 1966 216 42 upprättade
1273 1966 178 43 förslaget.
1472 1968 130 33 Därest
1623 1968 164 34 stiftsfrå-

300 2019 68 31 gan
382 2007 127 35 funnes
524 2008 74 34 icke
611 2021 47 21 nu
675 2009 86 33 böra
774 2014 176 38 upptagas
964 2010 53 33 till
1031 2010 148 42 lösning,
1194 2010 207 34 hemställde
1418 2012 244 42 domkapitlet,
1678 2013 111 33 under

301 2052 138 33 erinran
463 2064 58 22 om
546 2056 85 30 1934
655 2054 56 33 års
734 2053 229 43 kyrkomötes
987 2054 166 34 skrivelse
1177 2056 179 42 angående
1381 2056 197 34 beredande
1602 2058 39 32 åt
1665 2056 122 35 Stock-

301 2096 112 34 holms
441 2097 225 42 prästerskap
695 2110 45 21 av
768 2098 236 43 vederbörligt
1029 2099 200 42 inflytande
1257 2100 59 33 vid
1345 2100 220 34 tillsättande
1594 2113 46 21 av
1668 2106 121 38 pastor

302 2141 332 41 primarieämbetet,
650 2146 56 30 att
719 2142 124 42 frågan
857 2155 60 21 om
932 2143 147 43 ändring
1093 2144 10 33 i
1119 2144 276 42 valproceduren
1411 2145 123 35 därvid
1551 2146 108 33 likväl
1674 2147 113 33 måtte

302 2186 95 33 bliva
410 2185 146 35 föremål
568 2186 54 34 för
636 2187 210 42 avgörande.
860 2188 18 32 I
893 2192 81 30 vart
986 2187 59 35 fall
1060 2193 120 38 syntes
1194 2201 42 21 en
1250 2189 211 43 utvidgning
1473 2190 84 34 böra
1571 2193 66 39 äga
1650 2203 78 21 rum
1742 2203 45 21 av

302 2230 66 34 den
384 2231 56 33 för
455 2231 220 34 närvarande
693 2232 124 33 enbart
833 2232 53 34 till
904 2232 464 44 Storkyrkoförsamlingens
1385 2234 168 34 invånare
1571 2235 215 42 begränsade

299 2275 276 43 förslagsrätten.
593 2276 152 34 Enklast
762 2277 119 33 kunde
900 2277 100 34 detta
1017 2278 180 33 måhända
1215 2278 60 34 ske
1293 2280 46 41 på
1358 2280 38 32 så
1416 2282 84 37 sätt,
1519 2284 54 29 att
1591 2280 82 33 med
1693 2280 93 34 bibe-

300 2319 164 34 hållande
491 2332 45 22 av
560 2320 353 43 församlingsbornas
940 2325 73 31 rätt
1039 2327 55 29 att
1120 2323 47 41 på
1192 2322 130 43 förslag
1347 2323 151 43 uppföra
1524 2329 53 28 tre
1603 2327 183 40 prästmän

298 2363 134 42 jämväl
452 2364 267 35 huvudstadens
737 2366 227 42 prästerskap
984 2366 225 34 tillerkändes
1228 2370 74 31 rätt
1322 2372 54 29 att
1396 2367 89 34 efter
1504 2368 218 43 omröstning
1741 2370 46 41 på

298 2407 131 44 förslag
447 2409 150 43 uppföra
616 2410 64 33 två
700 2409 224 41 kandidater,
944 2411 262 42 prästerskapet
1228 2411 149 42 givetvis
1399 2412 164 43 obetaget
1584 2418 56 29 att
1661 2413 125 34 därvid

299 2452 152 42 uppföra
469 2465 134 22 samma
620 2453 213 35 kandidater
851 2467 76 21 som
947 2455 259 43 församlingen.
1226 2456 121 34 Under
1365 2456 257 44 förutsättning
1642 2462 55 29 att
1716 2457 70 34 vad

299 2496 236 43 domkapitlet
555 2498 148 34 sålunda
725 2498 181 35 hemställt
927 2499 204 40 beaktades,
1153 2504 120 38 syntes
1295 2501 81 33 med
1398 2501 163 43 åtgärder
1582 2502 55 33 för
1657 2501 129 43 kyrko-
