1904 2838
535 142 397 30 Konstitutionsutskottets
952 140 159 29 utlåtande
1130 141 43 28 Nr
1194 142 44 26 19.
1615 137 15 28 i

186 227 226 32 Beträffande
436 227 113 30 denna
575 225 100 40 fråga
700 224 146 31 anförde
871 223 185 39 riksdagen
1080 222 11 30 i
1118 221 163 31 skrivelse
1305 219 106 31 bland
1438 221 106 28 annat
1569 217 64 30 föl-

142 283 115 39 jande.

192 337 32 29 »I
240 334 99 41 fråga
355 344 58 21 om
429 334 41 30 de
486 333 50 31 till
552 335 113 28 staten
680 332 169 38 indragna
865 328 395 41 provisionsandelarna,
1278 327 111 29 d.v.s.
1402 324 233 38 ersättningen

144 390 55 30 för
223 390 56 29 det
303 397 125 31 genom
451 387 213 40 postverkets
689 385 135 39 försorg
848 383 141 31 utförda
1013 381 313 40 uppbördsarbetet
1351 378 20 30 å
1395 377 125 35 landet,
1546 376 89 30 före-

145 443 78 36 slås,
247 442 115 31 såsom
382 442 131 34 nämnt,
535 440 11 30 i
566 439 258 40 propositionen
847 437 102 39 ingen
970 435 147 39 ändring
1138 434 11 30 i
1170 443 48 20 nu
1240 432 158 40 gällande
1418 424 218 49 bestämmel-

146 506 67 27 ser;
233 497 114 29 denna
366 495 111 30 skulle
496 493 218 31 fortfarande
733 490 80 40 utgå
834 490 79 30 med
933 499 42 20 en
994 489 66 30 och
1079 497 44 21 en
1141 488 118 29 kvarts
1279 487 150 37 procent,
1451 486 96 27 utom
1567 482 9 29 i
1596 481 42 30 de

146 551 68 35 län,
240 550 63 30 där
325 548 305 31 lanträntmästare
654 547 95 29 ännu
774 545 126 34 finnas,
926 543 10 30 i
960 542 104 31 vilket
1088 541 63 30 fall
1176 540 67 30 den
1267 537 100 41 utgår
1390 537 79 30 med
1494 545 42 21 en
1560 544 77 30 pro-

147 606 90 33 cent;
257 604 11 29 i
285 602 177 31 motionen
481 600 71 31 åter
571 599 161 40 påyrkas,
754 601 49 27 att
821 607 43 21 en
884 595 221 39 nedsättning
1125 604 41 20 av
1187 593 114 30 denna
1320 590 188 38 ersättning
1528 588 50 30 till
1596 597 42 20 en

148 657 80 30 halv
245 659 143 37 procent
405 655 89 30 skall
510 655 70 29 ske.
598 653 196 38 Riksdagen
811 652 65 29 har
893 649 46 40 på
955 650 114 29 denna
1086 647 113 40 punkt
1216 647 112 29 ansett
1344 644 49 39 sig
1410 644 85 29 böra
1513 644 126 35 antaga

148 711 57 30 det
223 710 11 30 i
254 710 176 30 motionen
450 706 195 32 framförda
665 705 173 39 förslaget.
860 703 67 31 Det
946 702 96 31 torde
1063 700 174 38 nämligen
1257 698 31 39 ej
1309 696 85 32 råda
1414 695 105 39 något
1538 693 102 31 tvivel

149 774 58 21 om
229 766 49 28 att
299 764 67 30 den
387 772 48 20 nu
456 760 170 40 utgående
649 758 233 39 ersättningen
905 756 51 31 till
977 757 111 28 staten
1110 753 55 31 för
1188 750 160 41 uppbörd
1370 759 42 21 av
1434 746 205 38 landstings-

150 819 92 29 skatt
261 818 38 29 är
320 815 118 32 alltför
457 815 97 38 hög.»

194 871 124 30 Vidare
342 868 162 41 påvisade
528 867 195 38 riksdagen,
750 867 49 28 att
823 862 219 39 landstingen
1067 869 125 31 genom
1216 859 68 29 den
1308 858 90 37 höga
1423 852 218 42 provisionen

151 925 10 30 i
179 924 109 40 själva
306 924 119 29 verket
442 923 139 28 komme
599 923 50 28 att
667 918 150 32 bestrida
837 926 43 21 en
899 916 55 30 del
973 925 41 20 av
1033 912 236 32 kostnaderna
1288 910 56 30 för
1362 908 280 31 statsskatternas

151 977 228 40 uppbärande
397 978 89 28 samt
503 973 175 35 framhöll,
698 975 49 27 att
765 971 56 30 det
839 978 82 22 vore
938 968 205 39 uppenbart,
1163 968 49 28 alt
1231 966 47 28 ett
1296 962 109 40 dylikt
1424 957 219 33 förhållande

152 1032 31 37 ej
206 1031 117 30 kunde
345 1038 83 22 vara
450 1027 125 38 riktigt.
600 1026 55 30 En
677 1024 172 37 sänkning
872 1032 42 21 av
938 1022 66 30 den
1027 1020 50 30 till
1100 1022 111 27 staten
1234 1016 168 37 indragna
1425 1011 218 41 provisionen

153 1085 51 29 till
230 1093 43 21 en
297 1084 81 29 halv
404 1084 151 37 procent,
583 1079 121 35 skulle,
732 1076 166 31 framhöll
922 1073 196 39 riksdagen,
1144 1069 178 35 innebära,
1349 1070 50 27 att
1425 1063 220 38 landstingen

155 1138 94 39 finge
265 1137 114 30 betala
396 1135 106 31 minst
519 1134 67 30 den
604 1133 55 30 del
677 1142 41 20 av
737 1129 189 40 utgifterna
943 1128 55 29 för
1015 1124 216 41 uppbörden,
1251 1131 74 21 som
1343 1120 80 31 med
1439 1119 138 37 hänsyn
1594 1114 51 31 till

156 1191 347 39 landstingsskattens
528 1187 128 30 storlek
681 1184 178 38 rätteligen
884 1181 107 31 borde
1016 1179 93 31 åvila
1133 1178 89 30 dem.

198 1246 49 29 Av
271 1244 93 31 detta
387 1242 202 38 riksdagens
612 1238 179 32 uttalande
815 1234 156 41 framgår
995 1237 49 28 att
1067 1232 177 31 motionen
1269 1230 10 30 i
1303 1228 99 40 fråga
1427 1225 147 32 kommit
1599 1225 49 28 att

154 1299 93 31 bliva
265 1297 159 39 felaktigt
442 1294 175 32 refererad
636 1292 115 31 såsom
770 1290 169 32 avseende
959 1287 189 38 ersättning
1168 1285 56 30 för
1243 1284 42 30 de
1304 1282 50 31 till
1374 1279 203 33 statsverket
1597 1277 49 30 in-

156 1354 132 38 dragna
305 1348 384 43 provisionsandelarna
708 1345 79 31 med
805 1339 39 42 3
863 1344 143 39 procent
1022 1341 11 30 i
1052 1339 113 31 stället
1183 1338 55 30 för
1256 1335 179 39 rätteligen
1453 1331 134 32 hälften
1606 1339 42 20 av

157 1405 117 31 dittills
294 1403 159 41 gällande
471 1400 201 41 procenttal.

202 1460 14 29 I
243 1455 342 34 överensstämmelse
613 1453 80 30 med
722 1462 41 20 av
792 1450 185 38 riksdagen
1005 1446 148 31 sålunda
1181 1442 178 32 beslutade
1388 1439 148 40 grunder
1566 1432 82 48 fast-

158 1512 122 31 ställde
308 1510 123 39 Kungl.
459 1508 100 38 Maj:t
586 1515 124 31 genom
736 1501 249 40 förordningen
1011 1500 67 29 den
1107 1499 38 29 15
1172 1497 76 38 juni
1277 1495 82 30 1922
1393 1492 52 40 (nr
1471 1491 74 40 269)
1580 1489 69 29 sär-

159 1566 112 30 skilda
289 1562 217 33 föreskrifter
524 1559 180 40 angående
722 1556 188 38 ersättning
929 1554 55 30 för
1003 1551 190 38 debitering
1212 1549 64 30 och
1295 1545 160 41 uppbörd
1474 1553 42 20 av
1535 1541 115 31 lands-

159 1619 194 39 tingsskatt.
378 1615 115 39 Enligt
516 1614 113 30 denna
652 1611 141 39 utgingo
816 1607 148 32 sålunda
986 1606 41 30 de
1049 1604 52 30 till
1124 1601 202 32 statsverket
1347 1598 169 37 indragna
1538 1591 112 41 provi-

161 1671 284 31 sionsandelarna
462 1668 79 30 med
559 1662 40 42 !/2
618 1667 143 38 procent
780 1662 95 31 såväl
894 1662 10 29 i
922 1659 219 40 fögderierna
1160 1665 74 21 som
1254 1655 10 29 i
1281 1645 369 51 magistratsstäderna.

162 1726 101 29 Detta
284 1724 145 30 innebar
451 1722 53 29 för
527 1717 379 41 magistratsstädernas
929 1714 54 29 del
1006 1721 42 21 en
1070 1709 146 40 höjning
1240 1708 11 29 i
1274 1706 112 30 stället
1408 1703 53 31 för
1485 1711 42 20 en
1550 1699 102 31 sänk-

161 1779 82 38 ning
265 1787 41 21 av
328 1774 235 42 procenttalet.
588 1773 194 30 Härutöver
803 1769 117 39 utgick
942 1764 189 33 emellertid
1154 1764 10 29 i
1186 1757 359 43 magistratsstäderna
1570 1754 82 29 fort-

162 1831 145 31 farande
329 1828 189 38 ersättning
539 1826 56 30 för
617 1824 204 40 uppbörden
844 1822 51 30 till
916 1815 504 42 kronouppbördstjänsteman
1444 1810 10 29 i
1477 1808 75 31 stad
1575 1805 79 31 med

164 1881 38 41 !/>
219 1886 141 38 procent
377 1881 44 40 på
439 1880 204 40 uppbörden
661 1880 10 29 i
688 1877 129 31 staden.

209 1935 270 40 Ifrågavarande
504 1931 204 38 förordning
737 1940 41 19 av
809 1929 82 29 1922
920 1927 141 28 ersattes
1089 1931 125 30 genom
1242 1930 42 20 en
1309 1929 47 29 ny
1383 1915 203 37 förordning
1614 1921 40 20 av

166 1992 67 30 den
254 1991 41 29 30
317 1988 75 40 juni
417 1988 82 29 1933
528 1985 51 39 (nr
602 1983 92 39 461).
729 1983 121 29 Denna
875 1988 119 21 senare
1015 1975 205 38 förordning
1242 1971 179 32 medförde
1444 1969 88 29 dock
1554 1967 103 36 ingen

166 2053 117 21 annan
311 2041 147 38 ändring
486 2040 9 29 i
524 2037 169 31 avseende
720 2036 19 30 å
768 2031 227 33 förevarande
1023 2025 338 44 provisionsandelar
1391 2025 44 28 än
1463 2024 59 33 att,
1552 2018 106 30 sedan

165 2097 115 31 såsom
303 2105 90 21 ovan
415 2095 139 29 nämnts
577 2091 328 31 landskamrerarna
929 2082 264 34 tillkommande
1216 2079 176 41 provision
1416 2074 166 39 indragits
1607 2071 50 31 till

168 2151 212 33 statsverket,
406 2149 112 29 denna
543 2144 176 40 provision
743 2143 165 29 bestämts
934 2139 97 29 skola
1056 2136 81 38 utgå
1162 2135 79 30 med
1267 2143 42 20 en
1334 2130 146 32 tiondels
1506 2128 152 39 procent,

168 2205 9 29 i
203 2204 88 38 följd
317 2211 105 21 varav
450 2201 40 29 de
515 2199 51 30 till
592 2197 202 31 statsverket
821 2194 169 37 indragna
1016 2187 385 43 provisionsandelarna
1428 2182 232 36 sammanlagt

169 2257 110 30 skulle
300 2255 81 39 utgå
404 2254 79 30 med
504 2254 50 33 0,6
579 2254 141 37 procent
744 2250 8 28 i
775 2249 112 29 stället
910 2247 53 28 för
986 2240 38 40 "/2
1046 2245 142 37 procent
1212 2240 105 38 enligt
1342 2240 81 29 1922
1447 2237 55 30 års
1526 2234 132 32 förord-

168 2310 93 38 ning.
285 2308 196 37 Riksdagen
503 2304 165 31 framhöll
690 2304 9 28 i
722 2301 162 30 skrivelse
907 2308 40 20 nr
969 2299 63 29 254
1054 2296 38 30 år
1118 2296 93 33 1933,
1234 2293 108 29 bland
1365 2294 116 31 annat,
1504 2293 49 26 att
1575 2288 84 29 riks-

170 2364 128 37 dagens
323 2357 382 41 ståndpunktstagande
731 2355 46 29 tiil
805 2353 122 36 frågan
952 2361 56 20 om
1032 2348 239 40 provisionens
1296 2345 125 30 storlek
1445 2340 217 33 uteslutande

171 2415 194 39 grundades
391 2412 43 40 på
461 2410 266 40 uppfattningen
753 2417 41 19 av
821 2406 67 29 vad
914 2405 56 29 det
997 2402 169 30 särskilda
1192 2400 130 29 arbetet
1349 2398 79 29 med
1455 2394 205 38 landstings-

171 2469 153 31 medlens
350 2465 189 38 debitering
564 2464 65 29 och
655 2461 158 40 uppbörd
838 2459 116 30 kunde
980 2457 106 30 kräva
1112 2456 9 29 i
1149 2453 110 37 skälig
1284 2450 198 38 ersättning.
