<?xml version="1.0" encoding="UTF-8"?>
<alto xmlns="http://www.loc.gov/standards/alto/ns-v3#" xmlns:xlink="http://www.w3.org/1999/xlink" xmlns:xsi="http://www.w3.org/2001/XMLSchema-instance" xsi:schemaLocation="http://www.loc.gov/standards/alto/ns-v3# http://www.loc.gov/alto/v3/alto-3-0.xsd">
	<Description>
		<MeasurementUnit>pixel</MeasurementUnit>
		<sourceImageInformation>
			<fileName>/tmp/tess_opf32air_input.PNG</fileName>
		</sourceImageInformation>
		<OCRProcessing ID="OCR_0">
			<ocrProcessingStep>
				<processingSoftware>
					<softwareName>tesseract 5.3.0</softwareName>
				</processingSoftware>
			</ocrProcessingStep>
		</OCRProcessing>
	</Description>
	<Layout>
		<Page WIDTH="2232" HEIGHT="2618" PHYSICAL_IMG_NR="0" ID="page_0">
			<PrintSpace HPOS="0" VPOS="0" WIDTH="2232" HEIGHT="2618">
				<ComposedBlock ID="cblock_0" HPOS="386" VPOS="185" WIDTH="1119" HEIGHT="46">
					<TextBlock ID="block_0" HPOS="386" VPOS="185" WIDTH="1119" HEIGHT="46">
						<TextLine ID="line_0" HPOS="386" VPOS="185" WIDTH="1119" HEIGHT="46">
							<String ID="string_0" HPOS="386" VPOS="202" WIDTH="19" HEIGHT="29" WC="0.88" CONTENT="6"/><SP WIDTH="503" VPOS="202" HPOS="405"/>
							<String ID="string_1" HPOS="908" VPOS="196" WIDTH="257" HEIGHT="32" WC="0.92" CONTENT="Statsutskottets"/><SP WIDTH="22" VPOS="196" HPOS="1165"/>
							<String ID="string_2" HPOS="1187" VPOS="185" WIDTH="169" HEIGHT="41" WC="0.96" CONTENT="utlåtande"/><SP WIDTH="23" VPOS="185" HPOS="1356"/>
							<String ID="string_3" HPOS="1379" VPOS="194" WIDTH="53" HEIGHT="31" WC="0.95" CONTENT="Nr"/><SP WIDTH="23" VPOS="194" HPOS="1432"/>
							<String ID="string_4" HPOS="1455" VPOS="196" WIDTH="50" HEIGHT="29" WC="0.96" CONTENT="14."/>
						</TextLine>
					</TextBlock>
				</ComposedBlock>
				<ComposedBlock ID="cblock_1" HPOS="371" VPOS="276" WIDTH="1633" HEIGHT="930">
					<TextBlock ID="block_1" HPOS="386" VPOS="276" WIDTH="1617" HEIGHT="573">
						<TextLine ID="line_1" HPOS="491" VPOS="276" WIDTH="1510" HEIGHT="52">
							<String ID="string_5" HPOS="491" VPOS="283" WIDTH="245" HEIGHT="38" WC="0.96" CONTENT="Beträffande"/><SP WIDTH="43" VPOS="283" HPOS="736"/>
							<String ID="string_6" HPOS="779" VPOS="282" WIDTH="73" HEIGHT="36" WC="0.96" CONTENT="den"/><SP WIDTH="42" VPOS="282" HPOS="852"/>
							<String ID="string_7" HPOS="894" VPOS="295" WIDTH="51" HEIGHT="22" WC="0.96" CONTENT="nu"/><SP WIDTH="28" VPOS="295" HPOS="945"/>
							<String ID="string_8" HPOS="973" VPOS="279" WIDTH="245" HEIGHT="38" WC="0.96" CONTENT="förevarande"/><SP WIDTH="29" VPOS="279" HPOS="1218"/>
							<String ID="string_9" HPOS="1247" VPOS="279" WIDTH="332" HEIGHT="49" WC="0.95" CONTENT="framställningen"/><SP WIDTH="28" VPOS="279" HPOS="1579"/>
							<String ID="string_10" HPOS="1607" VPOS="277" WIDTH="68" HEIGHT="36" WC="0.93" CONTENT="har"/><SP WIDTH="27" VPOS="277" HPOS="1675"/>
							<String ID="string_11" HPOS="1702" VPOS="276" WIDTH="299" HEIGHT="49" WC="0.91" CONTENT="departements-"/>
						</TextLine>
						<TextLine ID="line_2" HPOS="388" VPOS="327" WIDTH="1612" HEIGHT="55">
							<String ID="string_12" HPOS="388" VPOS="337" WIDTH="134" HEIGHT="36" WC="0.93" CONTENT="chefen"/><SP WIDTH="29" VPOS="337" HPOS="522"/>
							<String ID="string_13" HPOS="551" VPOS="336" WIDTH="150" HEIGHT="45" WC="0.93" CONTENT="erinrat,"/><SP WIDTH="35" VPOS="336" HPOS="701"/>
							<String ID="string_14" HPOS="736" VPOS="339" WIDTH="67" HEIGHT="43" WC="0.96" CONTENT="att,"/><SP WIDTH="29" VPOS="339" HPOS="803"/>
							<String ID="string_15" HPOS="832" VPOS="338" WIDTH="70" HEIGHT="31" WC="0.96" CONTENT="när"/><SP WIDTH="40" VPOS="338" HPOS="902"/>
							<String ID="string_16" HPOS="942" VPOS="337" WIDTH="76" HEIGHT="32" WC="0.96" CONTENT="rätt"/><SP WIDTH="28" VPOS="337" HPOS="1018"/>
							<String ID="string_17" HPOS="1046" VPOS="331" WIDTH="58" HEIGHT="37" WC="0.93" CONTENT="till"/><SP WIDTH="28" VPOS="331" HPOS="1104"/>
							<String ID="string_18" HPOS="1132" VPOS="330" WIDTH="400" HEIGHT="49" WC="0.85" CONTENT="tjänstårsberäkning"/><SP WIDTH="29" VPOS="330" HPOS="1532"/>
							<String ID="string_19" HPOS="1561" VPOS="330" WIDTH="103" HEIGHT="36" WC="0.96" CONTENT="förut"/><SP WIDTH="27" VPOS="330" HPOS="1664"/>
							<String ID="string_20" HPOS="1691" VPOS="327" WIDTH="110" HEIGHT="37" WC="0.96" CONTENT="blivit"/><SP WIDTH="27" VPOS="327" HPOS="1801"/>
							<String ID="string_21" HPOS="1828" VPOS="341" WIDTH="49" HEIGHT="23" WC="0.92" CONTENT="av"/><SP WIDTH="27" VPOS="341" HPOS="1877"/>
							<String ID="string_22" HPOS="1904" VPOS="328" WIDTH="96" HEIGHT="36" WC="0.90" CONTENT="riks-"/>
						</TextLine>
						<TextLine ID="line_3" HPOS="388" VPOS="379" WIDTH="1613" HEIGHT="56">
							<String ID="string_23" HPOS="388" VPOS="388" WIDTH="125" HEIGHT="47" WC="0.96" CONTENT="dagen"/><SP WIDTH="40" VPOS="388" HPOS="513"/>
							<String ID="string_24" HPOS="553" VPOS="386" WIDTH="179" HEIGHT="49" WC="0.96" CONTENT="beviljad,"/><SP WIDTH="31" VPOS="386" HPOS="732"/>
							<String ID="string_25" HPOS="763" VPOS="385" WIDTH="65" HEIGHT="37" WC="0.96" CONTENT="det"/><SP WIDTH="40" VPOS="385" HPOS="828"/>
							<String ID="string_26" HPOS="868" VPOS="384" WIDTH="140" HEIGHT="37" WC="0.96" CONTENT="villkor"/><SP WIDTH="40" VPOS="384" HPOS="1008"/>
							<String ID="string_27" HPOS="1048" VPOS="383" WIDTH="181" HEIGHT="48" WC="0.94" CONTENT="vanligen"/><SP WIDTH="37" VPOS="383" HPOS="1229"/>
							<String ID="string_28" HPOS="1266" VPOS="381" WIDTH="257" HEIGHT="47" WC="0.94" CONTENT="föreskrivits,"/><SP WIDTH="30" VPOS="381" HPOS="1523"/>
							<String ID="string_29" HPOS="1553" VPOS="387" WIDTH="56" HEIGHT="30" WC="0.96" CONTENT="att"/><SP WIDTH="41" VPOS="387" HPOS="1609"/>
							<String ID="string_30" HPOS="1650" VPOS="380" WIDTH="159" HEIGHT="37" WC="0.95" CONTENT="sålunda"/><SP WIDTH="28" VPOS="380" HPOS="1809"/>
							<String ID="string_31" HPOS="1837" VPOS="379" WIDTH="164" HEIGHT="37" WC="0.95" CONTENT="tilldelat"/>
						</TextLine>
						<TextLine ID="line_4" HPOS="388" VPOS="430" WIDTH="1614" HEIGHT="57">
							<String ID="string_32" HPOS="388" VPOS="438" WIDTH="268" HEIGHT="49" WC="0.91" CONTENT="ålderstillägg"/><SP WIDTH="36" VPOS="438" HPOS="656"/>
							<String ID="string_33" HPOS="692" VPOS="437" WIDTH="83" HEIGHT="36" WC="0.96" CONTENT="icke"/><SP WIDTH="28" VPOS="437" HPOS="775"/>
							<String ID="string_34" HPOS="803" VPOS="437" WIDTH="104" HEIGHT="47" WC="0.93" CONTENT="finge"/><SP WIDTH="29" VPOS="437" HPOS="907"/>
							<String ID="string_35" HPOS="936" VPOS="436" WIDTH="167" HEIGHT="48" WC="0.91" CONTENT="åtnjutas"/><SP WIDTH="32" VPOS="436" HPOS="1103"/>
							<String ID="string_36" HPOS="1135" VPOS="435" WIDTH="127" HEIGHT="35" WC="0.96" CONTENT="förrän"/><SP WIDTH="28" VPOS="435" HPOS="1262"/>
							<String ID="string_37" HPOS="1290" VPOS="433" WIDTH="88" HEIGHT="37" WC="0.96" CONTENT="med"/><SP WIDTH="29" VPOS="433" HPOS="1378"/>
							<String ID="string_38" HPOS="1407" VPOS="433" WIDTH="197" HEIGHT="48" WC="0.96" CONTENT="ingången"/><SP WIDTH="29" VPOS="433" HPOS="1604"/>
							<String ID="string_39" HPOS="1633" VPOS="447" WIDTH="46" HEIGHT="22" WC="0.96" CONTENT="av"/><SP WIDTH="28" VPOS="447" HPOS="1679"/>
							<String ID="string_40" HPOS="1707" VPOS="433" WIDTH="64" HEIGHT="36" WC="0.96" CONTENT="det"/><SP WIDTH="28" VPOS="433" HPOS="1771"/>
							<String ID="string_41" HPOS="1799" VPOS="434" WIDTH="53" HEIGHT="41" WC="0.96" CONTENT="år,"/><SP WIDTH="29" VPOS="434" HPOS="1852"/>
							<String ID="string_42" HPOS="1881" VPOS="430" WIDTH="121" HEIGHT="36" WC="0.96" CONTENT="under"/>
						</TextLine>
						<TextLine ID="line_5" HPOS="389" VPOS="482" WIDTH="1612" HEIGHT="56">
							<String ID="string_43" HPOS="389" VPOS="490" WIDTH="117" HEIGHT="37" WC="0.96" CONTENT="vilket"/><SP WIDTH="37" VPOS="490" HPOS="506"/>
							<String ID="string_44" HPOS="543" VPOS="490" WIDTH="231" HEIGHT="48" WC="0.95" CONTENT="riksdagens"/><SP WIDTH="29" VPOS="490" HPOS="774"/>
							<String ID="string_45" HPOS="803" VPOS="488" WIDTH="255" HEIGHT="49" WC="0.93" CONTENT="medgivande"/><SP WIDTH="28" VPOS="488" HPOS="1058"/>
							<String ID="string_46" HPOS="1086" VPOS="487" WIDTH="207" HEIGHT="45" WC="0.91" CONTENT="utverkats,"/><SP WIDTH="31" VPOS="487" HPOS="1293"/>
							<String ID="string_47" HPOS="1324" VPOS="498" WIDTH="87" HEIGHT="24" WC="0.96" CONTENT="men"/><SP WIDTH="28" VPOS="498" HPOS="1411"/>
							<String ID="string_48" HPOS="1439" VPOS="485" WIDTH="68" HEIGHT="36" WC="0.95" CONTENT="har"/><SP WIDTH="27" VPOS="485" HPOS="1507"/>
							<String ID="string_49" HPOS="1534" VPOS="483" WIDTH="122" HEIGHT="37" WC="0.96" CONTENT="tillika"/><SP WIDTH="27" VPOS="483" HPOS="1656"/>
							<String ID="string_50" HPOS="1683" VPOS="482" WIDTH="221" HEIGHT="47" WC="0.93" CONTENT="framhållit,"/><SP WIDTH="30" VPOS="482" HPOS="1904"/>
							<String ID="string_51" HPOS="1934" VPOS="487" WIDTH="67" HEIGHT="39" WC="0.96" CONTENT="att,"/>
						</TextLine>
						<TextLine ID="line_6" HPOS="387" VPOS="535" WIDTH="1615" HEIGHT="51">
							<String ID="string_52" HPOS="387" VPOS="543" WIDTH="64" HEIGHT="36" WC="0.96" CONTENT="vid"/><SP WIDTH="23" VPOS="543" HPOS="451"/>
							<String ID="string_53" HPOS="474" VPOS="541" WIDTH="181" HEIGHT="37" WC="0.96" CONTENT="liknande"/><SP WIDTH="29" VPOS="541" HPOS="655"/>
							<String ID="string_54" HPOS="684" VPOS="540" WIDTH="222" HEIGHT="38" WC="0.96" CONTENT="förfarande"/><SP WIDTH="28" VPOS="540" HPOS="906"/>
							<String ID="string_55" HPOS="934" VPOS="540" WIDTH="12" HEIGHT="36" WC="0.94" CONTENT="i"/><SP WIDTH="29" VPOS="540" HPOS="946"/>
							<String ID="string_56" HPOS="975" VPOS="540" WIDTH="104" HEIGHT="36" WC="0.96" CONTENT="detta"/><SP WIDTH="28" VPOS="540" HPOS="1079"/>
							<String ID="string_57" HPOS="1107" VPOS="538" WIDTH="79" HEIGHT="45" WC="0.96" CONTENT="fall,"/><SP WIDTH="28" VPOS="538" HPOS="1186"/>
							<String ID="string_58" HPOS="1214" VPOS="538" WIDTH="126" HEIGHT="48" WC="0.96" CONTENT="Bergh"/><SP WIDTH="30" VPOS="538" HPOS="1340"/>
							<String ID="string_59" HPOS="1370" VPOS="536" WIDTH="125" HEIGHT="37" WC="0.96" CONTENT="skulle"/><SP WIDTH="28" VPOS="536" HPOS="1495"/>
							<String ID="string_60" HPOS="1523" VPOS="536" WIDTH="153" HEIGHT="36" WC="0.96" CONTENT="komma"/><SP WIDTH="27" VPOS="536" HPOS="1676"/>
							<String ID="string_61" HPOS="1703" VPOS="541" WIDTH="57" HEIGHT="30" WC="0.96" CONTENT="att"/><SP WIDTH="27" VPOS="541" HPOS="1760"/>
							<String ID="string_62" HPOS="1787" VPOS="535" WIDTH="62" HEIGHT="36" WC="0.96" CONTENT="för"/><SP WIDTH="21" VPOS="535" HPOS="1849"/>
							<String ID="string_63" HPOS="1870" VPOS="546" WIDTH="132" HEIGHT="24" WC="0.95" CONTENT="senare"/>
						</TextLine>
						<TextLine ID="line_7" HPOS="386" VPOS="586" WIDTH="1616" HEIGHT="55">
							<String ID="string_64" HPOS="386" VPOS="594" WIDTH="172" HEIGHT="37" WC="0.96" CONTENT="halvåret"/><SP WIDTH="44" VPOS="594" HPOS="558"/>
							<String ID="string_65" HPOS="602" VPOS="595" WIDTH="98" HEIGHT="34" WC="0.96" CONTENT="1918"/><SP WIDTH="42" VPOS="595" HPOS="700"/>
							<String ID="string_66" HPOS="742" VPOS="592" WIDTH="173" HEIGHT="49" WC="0.96" CONTENT="uppbära"/><SP WIDTH="41" VPOS="592" HPOS="915"/>
							<String ID="string_67" HPOS="956" VPOS="604" WIDTH="47" HEIGHT="23" WC="0.92" CONTENT="en"/><SP WIDTH="28" VPOS="604" HPOS="1003"/>
							<String ID="string_68" HPOS="1031" VPOS="590" WIDTH="261" HEIGHT="47" WC="0.91" CONTENT="årsavlöning,"/><SP WIDTH="30" VPOS="590" HPOS="1292"/>
							<String ID="string_69" HPOS="1322" VPOS="602" WIDTH="83" HEIGHT="23" WC="0.96" CONTENT="som"/><SP WIDTH="29" VPOS="602" HPOS="1405"/>
							<String ID="string_70" HPOS="1434" VPOS="588" WIDTH="87" HEIGHT="36" WC="0.93" CONTENT="med"/><SP WIDTH="31" VPOS="588" HPOS="1521"/>
							<String ID="string_71" HPOS="1552" VPOS="588" WIDTH="112" HEIGHT="46" WC="0.91" CONTENT="1,000"/><SP WIDTH="29" VPOS="588" HPOS="1664"/>
							<String ID="string_72" HPOS="1693" VPOS="587" WIDTH="144" HEIGHT="36" WC="0.93" CONTENT="kronor"/><SP WIDTH="28" VPOS="587" HPOS="1837"/>
							<String ID="string_73" HPOS="1865" VPOS="586" WIDTH="137" HEIGHT="36" WC="0.92" CONTENT="under-"/>
						</TextLine>
						<TextLine ID="line_8" HPOS="388" VPOS="638" WIDTH="1614" HEIGHT="57">
							<String ID="string_74" HPOS="388" VPOS="652" WIDTH="112" HEIGHT="43" WC="0.95" CONTENT="stege"/><SP WIDTH="42" VPOS="652" HPOS="500"/>
							<String ID="string_75" HPOS="542" VPOS="645" WIDTH="73" HEIGHT="36" WC="0.92" CONTENT="den"/><SP WIDTH="41" VPOS="645" HPOS="615"/>
							<String ID="string_76" HPOS="656" VPOS="645" WIDTH="197" HEIGHT="47" WC="0.89" CONTENT="avlöning,"/><SP WIDTH="39" VPOS="645" HPOS="853"/>
							<String ID="string_77" HPOS="892" VPOS="644" WIDTH="74" HEIGHT="35" WC="0.96" CONTENT="han"/><SP WIDTH="41" VPOS="644" HPOS="966"/>
							<String ID="string_78" HPOS="1007" VPOS="642" WIDTH="99" HEIGHT="37" WC="0.96" CONTENT="intill"/><SP WIDTH="29" VPOS="642" HPOS="1106"/>
							<String ID="string_79" HPOS="1135" VPOS="642" WIDTH="75" HEIGHT="36" WC="0.96" CONTENT="den"/><SP WIDTH="31" VPOS="642" HPOS="1210"/>
							<String ID="string_80" HPOS="1241" VPOS="644" WIDTH="18" HEIGHT="33" WC="0.96" CONTENT="1"/><SP WIDTH="26" VPOS="644" HPOS="1259"/>
							<String ID="string_81" HPOS="1285" VPOS="641" WIDTH="75" HEIGHT="48" WC="0.95" CONTENT="juli"/><SP WIDTH="44" VPOS="641" HPOS="1360"/>
							<String ID="string_82" HPOS="1404" VPOS="642" WIDTH="98" HEIGHT="35" WC="0.91" CONTENT="1918"/><SP WIDTH="44" VPOS="642" HPOS="1502"/>
							<String ID="string_83" HPOS="1546" VPOS="638" WIDTH="153" HEIGHT="49" WC="0.91" CONTENT="åtnjutit"/><SP WIDTH="28" VPOS="638" HPOS="1699"/>
							<String ID="string_84" HPOS="1727" VPOS="641" WIDTH="126" HEIGHT="33" WC="0.96" CONTENT="såsom"/><SP WIDTH="30" VPOS="641" HPOS="1853"/>
							<String ID="string_85" HPOS="1883" VPOS="638" WIDTH="119" HEIGHT="35" WC="0.96" CONTENT="förste"/>
						</TextLine>
						<TextLine ID="line_9" HPOS="388" VPOS="688" WIDTH="1615" HEIGHT="55">
							<String ID="string_86" HPOS="388" VPOS="697" WIDTH="189" HEIGHT="37" WC="0.96" CONTENT="arkivarie"/><SP WIDTH="28" VPOS="697" HPOS="577"/>
							<String ID="string_87" HPOS="605" VPOS="697" WIDTH="13" HEIGHT="35" WC="0.93" CONTENT="i"/><SP WIDTH="27" VPOS="697" HPOS="618"/>
							<String ID="string_88" HPOS="645" VPOS="696" WIDTH="245" HEIGHT="47" WC="0.91" CONTENT="riksarkivet,"/><SP WIDTH="29" VPOS="696" HPOS="890"/>
							<String ID="string_89" HPOS="919" VPOS="695" WIDTH="122" HEIGHT="36" WC="0.92" CONTENT="vadan"/><SP WIDTH="44" VPOS="695" HPOS="1041"/>
							<String ID="string_90" HPOS="1085" VPOS="694" WIDTH="229" HEIGHT="48" WC="0.87" CONTENT="billigheten"/><SP WIDTH="39" VPOS="694" HPOS="1314"/>
							<String ID="string_91" HPOS="1353" VPOS="697" WIDTH="132" HEIGHT="43" WC="0.96" CONTENT="syntes"/><SP WIDTH="29" VPOS="697" HPOS="1485"/>
							<String ID="string_92" HPOS="1514" VPOS="691" WIDTH="133" HEIGHT="45" WC="0.96" CONTENT="kräva,"/><SP WIDTH="30" VPOS="691" HPOS="1647"/>
							<String ID="string_93" HPOS="1677" VPOS="695" WIDTH="52" HEIGHT="32" WC="0.96" CONTENT="att"/><SP WIDTH="28" VPOS="695" HPOS="1729"/>
							<String ID="string_94" HPOS="1757" VPOS="690" WIDTH="77" HEIGHT="36" WC="0.93" CONTENT="han"/><SP WIDTH="29" VPOS="690" HPOS="1834"/>
							<String ID="string_95" HPOS="1863" VPOS="688" WIDTH="140" HEIGHT="37" WC="0.91" CONTENT="förkla-"/>
						</TextLine>
						<TextLine ID="line_10" HPOS="387" VPOS="740" WIDTH="1616" HEIGHT="57">
							<String ID="string_96" HPOS="387" VPOS="750" WIDTH="112" HEIGHT="36" WC="0.96" CONTENT="rades"/><SP WIDTH="43" VPOS="750" HPOS="499"/>
							<String ID="string_97" HPOS="542" VPOS="748" WIDTH="215" HEIGHT="49" WC="0.96" CONTENT="berättigad"/><SP WIDTH="42" VPOS="748" HPOS="757"/>
							<String ID="string_98" HPOS="799" VPOS="747" WIDTH="173" HEIGHT="49" WC="0.96" CONTENT="uppbära"/><SP WIDTH="42" VPOS="747" HPOS="972"/>
							<String ID="string_99" HPOS="1014" VPOS="747" WIDTH="129" HEIGHT="48" WC="0.88" CONTENT="bägge"/><SP WIDTH="44" VPOS="747" HPOS="1143"/>
							<String ID="string_100" HPOS="1187" VPOS="744" WIDTH="318" HEIGHT="48" WC="0.88" CONTENT="ålderstilläggen"/><SP WIDTH="42" VPOS="744" HPOS="1505"/>
							<String ID="string_101" HPOS="1547" VPOS="742" WIDTH="119" HEIGHT="37" WC="0.95" CONTENT="redan"/><SP WIDTH="37" VPOS="742" HPOS="1666"/>
							<String ID="string_102" HPOS="1703" VPOS="743" WIDTH="84" HEIGHT="35" WC="0.95" CONTENT="från"/><SP WIDTH="29" VPOS="743" HPOS="1787"/>
							<String ID="string_103" HPOS="1816" VPOS="740" WIDTH="71" HEIGHT="37" WC="0.96" CONTENT="och"/><SP WIDTH="29" VPOS="740" HPOS="1887"/>
							<String ID="string_104" HPOS="1916" VPOS="740" WIDTH="87" HEIGHT="37" WC="0.96" CONTENT="med"/>
						</TextLine>
						<TextLine ID="line_11" HPOS="388" VPOS="800" WIDTH="354" HEIGHT="49">
							<String ID="string_105" HPOS="388" VPOS="800" WIDTH="239" HEIGHT="38" WC="0.95" CONTENT="sistnämnda"/><SP WIDTH="28" VPOS="800" HPOS="627"/>
							<String ID="string_106" HPOS="655" VPOS="800" WIDTH="87" HEIGHT="49" WC="0.95" CONTENT="dag."/>
						</TextLine>
					</TextBlock>
					<TextBlock ID="block_2" HPOS="371" VPOS="843" WIDTH="1633" HEIGHT="317">
						<TextLine ID="line_12" HPOS="492" VPOS="843" WIDTH="1512" HEIGHT="57">
							<String ID="string_107" HPOS="492" VPOS="852" WIDTH="86" HEIGHT="36" WC="0.95" CONTENT="Med"/><SP WIDTH="41" VPOS="852" HPOS="578"/>
							<String ID="string_108" HPOS="619" VPOS="852" WIDTH="149" HEIGHT="48" WC="0.96" CONTENT="hänsyn"/><SP WIDTH="29" VPOS="852" HPOS="768"/>
							<String ID="string_109" HPOS="797" VPOS="851" WIDTH="57" HEIGHT="35" WC="0.96" CONTENT="till"/><SP WIDTH="28" VPOS="851" HPOS="854"/>
							<String ID="string_110" HPOS="882" VPOS="850" WIDTH="75" HEIGHT="36" WC="0.96" CONTENT="vad"/><SP WIDTH="29" VPOS="850" HPOS="957"/>
							<String ID="string_111" HPOS="986" VPOS="843" WIDTH="159" HEIGHT="42" WC="0.82" CONTENT="sålunda"/><SP WIDTH="26" VPOS="843" HPOS="1145"/>
							<String ID="string_112" HPOS="1171" VPOS="848" WIDTH="108" HEIGHT="36" WC="0.96" CONTENT="blivit"/><SP WIDTH="29" VPOS="848" HPOS="1279"/>
							<String ID="string_113" HPOS="1308" VPOS="847" WIDTH="140" HEIGHT="45" WC="0.95" CONTENT="anfört,"/><SP WIDTH="31" VPOS="847" HPOS="1448"/>
							<String ID="string_114" HPOS="1479" VPOS="846" WIDTH="68" HEIGHT="36" WC="0.96" CONTENT="har"/><SP WIDTH="27" VPOS="846" HPOS="1547"/>
							<String ID="string_115" HPOS="1574" VPOS="846" WIDTH="186" HEIGHT="36" WC="0.96" CONTENT="utskottet"/><SP WIDTH="28" VPOS="846" HPOS="1760"/>
							<String ID="string_116" HPOS="1788" VPOS="849" WIDTH="126" HEIGHT="31" WC="0.96" CONTENT="ansett"/><SP WIDTH="28" VPOS="849" HPOS="1914"/>
							<String ID="string_117" HPOS="1942" VPOS="844" WIDTH="62" HEIGHT="48" WC="0.96" CONTENT="sig"/>
						</TextLine>
						<TextLine ID="line_13" HPOS="371" VPOS="896" WIDTH="1631" HEIGHT="56">
							<String ID="string_118" HPOS="371" VPOS="905" WIDTH="109" HEIGHT="40" WC="0.69" CONTENT="eböra"/><SP WIDTH="40" VPOS="905" HPOS="480"/>
							<String ID="string_119" HPOS="520" VPOS="904" WIDTH="194" HEIGHT="48" WC="0.96" CONTENT="tillstyrka"/><SP WIDTH="42" VPOS="904" HPOS="714"/>
							<String ID="string_120" HPOS="756" VPOS="902" WIDTH="145" HEIGHT="48" WC="0.96" CONTENT="Kungl."/><SP WIDTH="43" VPOS="902" HPOS="901"/>
							<String ID="string_121" HPOS="944" VPOS="902" WIDTH="127" HEIGHT="47" WC="0.94" CONTENT="Maj:ts"/><SP WIDTH="43" VPOS="902" HPOS="1071"/>
							<String ID="string_122" HPOS="1114" VPOS="899" WIDTH="295" HEIGHT="47" WC="0.96" CONTENT="framställning."/><SP WIDTH="57" VPOS="899" HPOS="1409"/>
							<String ID="string_123" HPOS="1466" VPOS="898" WIDTH="195" HEIGHT="37" WC="0.90" CONTENT="Utskottet"/><SP WIDTH="40" VPOS="898" HPOS="1661"/>
							<String ID="string_124" HPOS="1701" VPOS="897" WIDTH="68" HEIGHT="35" WC="0.96" CONTENT="har"/><SP WIDTH="27" VPOS="897" HPOS="1769"/>
							<String ID="string_125" HPOS="1796" VPOS="896" WIDTH="206" HEIGHT="36" WC="0.96" CONTENT="emellertid"/>
						</TextLine>
						<TextLine ID="line_14" HPOS="388" VPOS="947" WIDTH="1616" HEIGHT="55">
							<String ID="string_126" HPOS="388" VPOS="957" WIDTH="101" HEIGHT="35" WC="0.96" CONTENT="velat"/><SP WIDTH="40" VPOS="957" HPOS="489"/>
							<String ID="string_127" HPOS="529" VPOS="955" WIDTH="212" HEIGHT="47" WC="0.91" CONTENT="framhålla,"/><SP WIDTH="29" VPOS="955" HPOS="741"/>
							<String ID="string_128" HPOS="770" VPOS="959" WIDTH="55" HEIGHT="31" WC="0.96" CONTENT="att"/><SP WIDTH="39" VPOS="959" HPOS="825"/>
							<String ID="string_129" HPOS="864" VPOS="953" WIDTH="259" HEIGHT="36" WC="0.96" CONTENT="kostnaderna"/><SP WIDTH="37" VPOS="953" HPOS="1123"/>
							<String ID="string_130" HPOS="1160" VPOS="952" WIDTH="58" HEIGHT="35" WC="0.96" CONTENT="för"/><SP WIDTH="26" VPOS="952" HPOS="1218"/>
							<String ID="string_131" HPOS="1244" VPOS="949" WIDTH="294" HEIGHT="50" WC="0.91" CONTENT="ifrågavarande"/><SP WIDTH="28" VPOS="949" HPOS="1538"/>
							<String ID="string_132" HPOS="1566" VPOS="949" WIDTH="261" HEIGHT="47" WC="0.90" CONTENT="ålderstillägg"/><SP WIDTH="28" VPOS="949" HPOS="1827"/>
							<String ID="string_133" HPOS="1855" VPOS="948" WIDTH="12" HEIGHT="35" WC="0.92" CONTENT="i"/><SP WIDTH="29" VPOS="948" HPOS="1867"/>
							<String ID="string_134" HPOS="1896" VPOS="947" WIDTH="108" HEIGHT="48" WC="0.96" CONTENT="fråga"/>
						</TextLine>
						<TextLine ID="line_15" HPOS="389" VPOS="999" WIDTH="1615" HEIGHT="52">
							<String ID="string_135" HPOS="389" VPOS="1022" WIDTH="61" HEIGHT="22" WC="0.95" CONTENT="om"/><SP WIDTH="42" VPOS="1022" HPOS="450"/>
							<String ID="string_136" HPOS="492" VPOS="1007" WIDTH="104" HEIGHT="37" WC="0.95" CONTENT="tiden"/><SP WIDTH="43" VPOS="1007" HPOS="596"/>
							<String ID="string_137" HPOS="639" VPOS="1007" WIDTH="78" HEIGHT="36" WC="0.96" CONTENT="före"/><SP WIDTH="33" VPOS="1007" HPOS="717"/>
							<String ID="string_138" HPOS="750" VPOS="1004" WIDTH="258" HEIGHT="38" WC="0.96" CONTENT="innevarande"/><SP WIDTH="29" VPOS="1004" HPOS="1008"/>
							<String ID="string_139" HPOS="1037" VPOS="1008" WIDTH="58" HEIGHT="32" WC="0.90" CONTENT="årg"/><SP WIDTH="28" VPOS="1008" HPOS="1095"/>
							<String ID="string_140" HPOS="1123" VPOS="1004" WIDTH="134" HEIGHT="47" WC="0.96" CONTENT="början"/><SP WIDTH="29" VPOS="1004" HPOS="1257"/>
							<String ID="string_141" HPOS="1286" VPOS="1003" WIDTH="103" HEIGHT="45" WC="0.96" CONTENT="böra,"/><SP WIDTH="30" VPOS="1003" HPOS="1389"/>
							<String ID="string_142" HPOS="1419" VPOS="1004" WIDTH="49" HEIGHT="47" WC="0.96" CONTENT="på"/><SP WIDTH="28" VPOS="1004" HPOS="1468"/>
							<String ID="string_143" HPOS="1496" VPOS="1006" WIDTH="74" HEIGHT="31" WC="0.96" CONTENT="sätt"/><SP WIDTH="27" VPOS="1006" HPOS="1570"/>
							<String ID="string_144" HPOS="1597" VPOS="1000" WIDTH="186" HEIGHT="36" WC="0.96" CONTENT="utskottet"/><SP WIDTH="29" VPOS="1000" HPOS="1783"/>
							<String ID="string_145" HPOS="1812" VPOS="1000" WIDTH="12" HEIGHT="35" WC="0.90" CONTENT="1"/><SP WIDTH="29" VPOS="1000" HPOS="1824"/>
							<String ID="string_146" HPOS="1853" VPOS="999" WIDTH="66" HEIGHT="36" WC="0.93" CONTENT="sitt"/><SP WIDTH="30" VPOS="999" HPOS="1919"/>
							<String ID="string_147" HPOS="1949" VPOS="1004" WIDTH="55" HEIGHT="30" WC="0.93" CONTENT="ut-"/>
						</TextLine>
						<TextLine ID="line_16" HPOS="388" VPOS="1050" WIDTH="1616" HEIGHT="55">
							<String ID="string_148" HPOS="388" VPOS="1059" WIDTH="149" HEIGHT="36" WC="0.92" CONTENT="låtande"/><SP WIDTH="28" VPOS="1059" HPOS="537"/>
							<String ID="string_149" HPOS="565" VPOS="1072" WIDTH="45" HEIGHT="22" WC="0.96" CONTENT="nr"/><SP WIDTH="30" VPOS="1072" HPOS="610"/>
							<String ID="string_150" HPOS="640" VPOS="1060" WIDTH="46" HEIGHT="34" WC="0.96" CONTENT="13"/><SP WIDTH="30" VPOS="1060" HPOS="686"/>
							<String ID="string_151" HPOS="716" VPOS="1057" WIDTH="211" HEIGHT="48" WC="0.95" CONTENT="föreslagit,"/><SP WIDTH="27" VPOS="1057" HPOS="927"/>
							<String ID="string_152" HPOS="954" VPOS="1056" WIDTH="188" HEIGHT="36" WC="0.96" CONTENT="bestridas"/><SP WIDTH="29" VPOS="1056" HPOS="1142"/>
							<String ID="string_153" HPOS="1171" VPOS="1055" WIDTH="83" HEIGHT="35" WC="0.96" CONTENT="från"/><SP WIDTH="30" VPOS="1055" HPOS="1254"/>
							<String ID="string_154" HPOS="1284" VPOS="1054" WIDTH="124" HEIGHT="48" WC="0.93" CONTENT="fjärde"/><SP WIDTH="28" VPOS="1054" HPOS="1408"/>
							<String ID="string_155" HPOS="1436" VPOS="1052" WIDTH="260" HEIGHT="37" WC="0.92" CONTENT="huvudtitelns"/><SP WIDTH="28" VPOS="1052" HPOS="1696"/>
							<String ID="string_156" HPOS="1724" VPOS="1052" WIDTH="191" HEIGHT="35" WC="0.92" CONTENT="allmänna"/><SP WIDTH="28" VPOS="1052" HPOS="1915"/>
							<String ID="string_157" HPOS="1943" VPOS="1050" WIDTH="61" HEIGHT="36" WC="0.92" CONTENT="be-"/>
						</TextLine>
						<TextLine ID="line_17" HPOS="389" VPOS="1111" WIDTH="211" HEIGHT="49">
							<String ID="string_158" HPOS="389" VPOS="1111" WIDTH="211" HEIGHT="49" WC="0.91" CONTENT="sparingar."/>
						</TextLine>
					</TextBlock>
					<TextBlock ID="block_3" HPOS="495" VPOS="1160" WIDTH="450" HEIGHT="46">
						<TextLine ID="line_18" HPOS="495" VPOS="1160" WIDTH="450" HEIGHT="46">
							<String ID="string_159" HPOS="495" VPOS="1162" WIDTH="195" HEIGHT="37" WC="0.96" CONTENT="Utskottet"/><SP WIDTH="27" VPOS="1162" HPOS="690"/>
							<String ID="string_160" HPOS="717" VPOS="1160" WIDTH="228" HEIGHT="46" WC="0.96" CONTENT="hemställer,"/>
						</TextLine>
					</TextBlock>
				</ComposedBlock>
				<ComposedBlock ID="cblock_2" HPOS="792" VPOS="1256" WIDTH="1214" HEIGHT="300">
					<TextBlock ID="block_4" HPOS="792" VPOS="1256" WIDTH="1214" HEIGHT="300">
						<TextLine ID="line_19" HPOS="898" VPOS="1256" WIDTH="1106" HEIGHT="53">
							<String ID="string_161" HPOS="898" VPOS="1267" WIDTH="53" HEIGHT="31" WC="0.96" CONTENT="att"/><SP WIDTH="27" VPOS="1267" HPOS="951"/>
							<String ID="string_162" HPOS="978" VPOS="1262" WIDTH="208" HEIGHT="47" WC="0.96" CONTENT="riksdagen"/><SP WIDTH="28" VPOS="1262" HPOS="1186"/>
							<String ID="string_163" HPOS="1214" VPOS="1263" WIDTH="61" HEIGHT="33" WC="0.93" CONTENT="må"/><SP WIDTH="28" VPOS="1263" HPOS="1275"/>
							<String ID="string_164" HPOS="1303" VPOS="1260" WIDTH="192" HEIGHT="48" WC="0.91" CONTENT="medgiva,"/><SP WIDTH="30" VPOS="1260" HPOS="1495"/>
							<String ID="string_165" HPOS="1525" VPOS="1264" WIDTH="55" HEIGHT="31" WC="0.93" CONTENT="att"/><SP WIDTH="20" VPOS="1264" HPOS="1580"/>
							<String ID="string_166" HPOS="1600" VPOS="1257" WIDTH="321" HEIGHT="50" WC="0.90" CONTENT="krigsarkivarien"/><SP WIDTH="20" VPOS="1257" HPOS="1921"/>
							<String ID="string_167" HPOS="1941" VPOS="1256" WIDTH="63" HEIGHT="35" WC="0.96" CONTENT="vid"/>
						</TextLine>
						<TextLine ID="line_20" HPOS="792" VPOS="1307" WIDTH="1213" HEIGHT="55">
							<String ID="string_168" HPOS="792" VPOS="1314" WIDTH="289" HEIGHT="48" WC="0.96" CONTENT="generalstaben"/><SP WIDTH="31" VPOS="1314" HPOS="1081"/>
							<String ID="string_169" HPOS="1112" VPOS="1312" WIDTH="154" HEIGHT="37" WC="0.96" CONTENT="Severin"/><SP WIDTH="28" VPOS="1312" HPOS="1266"/>
							<String ID="string_170" HPOS="1294" VPOS="1312" WIDTH="130" HEIGHT="48" WC="0.96" CONTENT="Bergh"/><SP WIDTH="27" VPOS="1312" HPOS="1424"/>
							<String ID="string_171" HPOS="1451" VPOS="1314" WIDTH="61" HEIGHT="33" WC="0.96" CONTENT="må"/><SP WIDTH="25" VPOS="1314" HPOS="1512"/>
							<String ID="string_172" HPOS="1537" VPOS="1311" WIDTH="58" HEIGHT="36" WC="0.96" CONTENT="för"/><SP WIDTH="18" VPOS="1311" HPOS="1595"/>
							<String ID="string_173" HPOS="1613" VPOS="1316" WIDTH="75" HEIGHT="30" WC="0.95" CONTENT="rätt"/><SP WIDTH="19" VPOS="1316" HPOS="1688"/>
							<String ID="string_174" HPOS="1707" VPOS="1309" WIDTH="54" HEIGHT="36" WC="0.96" CONTENT="till"/><SP WIDTH="19" VPOS="1309" HPOS="1761"/>
							<String ID="string_175" HPOS="1780" VPOS="1307" WIDTH="225" HEIGHT="50" WC="0.96" CONTENT="åtnjutande"/>
						</TextLine>
						<TextLine ID="line_21" HPOS="794" VPOS="1359" WIDTH="1210" HEIGHT="54">
							<String ID="string_176" HPOS="794" VPOS="1367" WIDTH="85" HEIGHT="35" WC="0.96" CONTENT="från"/><SP WIDTH="43" VPOS="1367" HPOS="879"/>
							<String ID="string_177" HPOS="922" VPOS="1366" WIDTH="71" HEIGHT="36" WC="0.96" CONTENT="och"/><SP WIDTH="33" VPOS="1366" HPOS="993"/>
							<String ID="string_178" HPOS="1026" VPOS="1365" WIDTH="86" HEIGHT="36" WC="0.96" CONTENT="med"/><SP WIDTH="24" VPOS="1365" HPOS="1112"/>
							<String ID="string_179" HPOS="1136" VPOS="1365" WIDTH="71" HEIGHT="48" WC="0.96" CONTENT="juli"/><SP WIDTH="28" VPOS="1365" HPOS="1207"/>
							<String ID="string_180" HPOS="1235" VPOS="1364" WIDTH="138" HEIGHT="36" WC="0.96" CONTENT="månad"/><SP WIDTH="34" VPOS="1364" HPOS="1373"/>
							<String ID="string_181" HPOS="1407" VPOS="1365" WIDTH="96" HEIGHT="34" WC="0.96" CONTENT="1918"/><SP WIDTH="31" VPOS="1365" HPOS="1503"/>
							<String ID="string_182" HPOS="1534" VPOS="1376" WIDTH="46" HEIGHT="22" WC="0.96" CONTENT="av"/><SP WIDTH="29" VPOS="1376" HPOS="1580"/>
							<String ID="string_183" HPOS="1609" VPOS="1362" WIDTH="45" HEIGHT="36" WC="0.96" CONTENT="de"/><SP WIDTH="28" VPOS="1362" HPOS="1654"/>
							<String ID="string_184" HPOS="1682" VPOS="1361" WIDTH="85" HEIGHT="50" WC="0.93" CONTENT="med"/><SP WIDTH="29" VPOS="1361" HPOS="1767"/>
							<String ID="string_185" HPOS="1796" VPOS="1359" WIDTH="208" HEIGHT="49" WC="0.91" CONTENT="krigsarki-"/>
						</TextLine>
						<TextLine ID="line_22" HPOS="793" VPOS="1411" WIDTH="1213" HEIGHT="55">
							<String ID="string_186" HPOS="793" VPOS="1418" WIDTH="275" HEIGHT="48" WC="0.91" CONTENT="varietjänsten"/><SP WIDTH="42" VPOS="1418" HPOS="1068"/>
							<String ID="string_187" HPOS="1110" VPOS="1416" WIDTH="178" HEIGHT="37" WC="0.91" CONTENT="förenade"/><SP WIDTH="42" VPOS="1416" HPOS="1288"/>
							<String ID="string_188" HPOS="1330" VPOS="1415" WIDTH="267" HEIGHT="48" WC="0.91" CONTENT="ålderstillägg"/><SP WIDTH="40" VPOS="1415" HPOS="1597"/>
							<String ID="string_189" HPOS="1637" VPOS="1412" WIDTH="282" HEIGHT="50" WC="0.93" CONTENT="tillgodoräkna"/><SP WIDTH="27" VPOS="1412" HPOS="1919"/>
							<String ID="string_190" HPOS="1946" VPOS="1411" WIDTH="60" HEIGHT="46" WC="0.96" CONTENT="sig"/>
						</TextLine>
						<TextLine ID="line_23" HPOS="793" VPOS="1463" WIDTH="1212" HEIGHT="55">
							<String ID="string_191" HPOS="793" VPOS="1468" WIDTH="232" HEIGHT="50" WC="0.95" CONTENT="föregående"/><SP WIDTH="42" VPOS="1468" HPOS="1025"/>
							<String ID="string_192" HPOS="1067" VPOS="1468" WIDTH="262" HEIGHT="48" WC="0.96" CONTENT="tjänstgöring"/><SP WIDTH="42" VPOS="1468" HPOS="1329"/>
							<String ID="string_193" HPOS="1371" VPOS="1470" WIDTH="126" HEIGHT="33" WC="0.94" CONTENT="såsom"/><SP WIDTH="43" VPOS="1470" HPOS="1497"/>
							<String ID="string_194" HPOS="1540" VPOS="1466" WIDTH="184" HEIGHT="35" WC="0.94" CONTENT="arkivarie"/><SP WIDTH="46" VPOS="1466" HPOS="1724"/>
							<String ID="string_195" HPOS="1770" VPOS="1463" WIDTH="72" HEIGHT="37" WC="0.94" CONTENT="och"/><SP WIDTH="47" VPOS="1463" HPOS="1842"/>
							<String ID="string_196" HPOS="1889" VPOS="1463" WIDTH="116" HEIGHT="36" WC="0.88" CONTENT="förste"/>
						</TextLine>
						<TextLine ID="line_24" HPOS="794" VPOS="1519" WIDTH="490" HEIGHT="37">
							<String ID="string_197" HPOS="794" VPOS="1521" WIDTH="186" HEIGHT="35" WC="0.96" CONTENT="arkivarie"/><SP WIDTH="27" VPOS="1521" HPOS="980"/>
							<String ID="string_198" HPOS="1007" VPOS="1520" WIDTH="12" HEIGHT="35" WC="0.83" CONTENT="i"/><SP WIDTH="28" VPOS="1520" HPOS="1019"/>
							<String ID="string_199" HPOS="1047" VPOS="1519" WIDTH="237" HEIGHT="36" WC="0.87" CONTENT="riksarkivét."/>
						</TextLine>
					</TextBlock>
				</ComposedBlock>
				<ComposedBlock ID="cblock_3" HPOS="469" VPOS="1587" WIDTH="1012" HEIGHT="149">
					<TextBlock ID="block_5" HPOS="469" VPOS="1587" WIDTH="1012" HEIGHT="149">
						<TextLine ID="line_25" HPOS="469" VPOS="1587" WIDTH="766" HEIGHT="39">
							<String ID="string_200" HPOS="469" VPOS="1607" WIDTH="3" HEIGHT="3" WC="0.72" CONTENT=":"/><SP WIDTH="23" VPOS="1607" HPOS="472"/>
							<String ID="string_201" HPOS="495" VPOS="1589" WIDTH="221" HEIGHT="37" WC="0.95" CONTENT="Stockholm"/><SP WIDTH="30" VPOS="1589" HPOS="716"/>
							<String ID="string_202" HPOS="746" VPOS="1588" WIDTH="73" HEIGHT="37" WC="0.96" CONTENT="den"/><SP WIDTH="31" VPOS="1588" HPOS="819"/>
							<String ID="string_203" HPOS="850" VPOS="1590" WIDTH="46" HEIGHT="34" WC="0.95" CONTENT="25"/><SP WIDTH="32" VPOS="1590" HPOS="896"/>
							<String ID="string_204" HPOS="928" VPOS="1587" WIDTH="166" HEIGHT="37" WC="0.95" CONTENT="februari"/><SP WIDTH="31" VPOS="1587" HPOS="1094"/>
							<String ID="string_205" HPOS="1125" VPOS="1588" WIDTH="110" HEIGHT="35" WC="0.96" CONTENT="1919."/>
						</TextLine>
						<TextLine ID="line_26" HPOS="912" VPOS="1690" WIDTH="569" HEIGHT="46">
							<String ID="string_206" HPOS="912" VPOS="1691" WIDTH="52" HEIGHT="36" WC="0.93" CONTENT="På"/><SP WIDTH="28" VPOS="1691" HPOS="964"/>
							<String ID="string_207" HPOS="992" VPOS="1690" WIDTH="299" HEIGHT="36" WC="0.91" CONTENT="statsutskottets"/><SP WIDTH="29" VPOS="1690" HPOS="1291"/>
							<String ID="string_208" HPOS="1320" VPOS="1694" WIDTH="161" HEIGHT="42" WC="0.96" CONTENT="vägnar:"/>
						</TextLine>
					</TextBlock>
				</ComposedBlock>
				<ComposedBlock ID="cblock_4" HPOS="939" VPOS="1791" WIDTH="516" HEIGHT="39">
					<TextBlock ID="block_6" HPOS="939" VPOS="1791" WIDTH="516" HEIGHT="39">
						<TextLine ID="line_27" HPOS="939" VPOS="1791" WIDTH="516" HEIGHT="39">
							<String ID="string_209" HPOS="939" VPOS="1792" WIDTH="36" HEIGHT="38" WC="0.38" CONTENT="S."/><SP WIDTH="30" VPOS="1792" HPOS="975"/>
							<String ID="string_210" HPOS="1005" VPOS="1794" WIDTH="47" HEIGHT="35" WC="0.88" CONTENT="H."/><SP WIDTH="30" VPOS="1794" HPOS="1052"/>
							<String ID="string_211" HPOS="1082" VPOS="1791" WIDTH="373" HEIGHT="38" WC="0.89" CONTENT="KVARNZELIUS."/>
						</TextLine>
					</TextBlock>
				</ComposedBlock>
				<ComposedBlock ID="cblock_5" HPOS="497" VPOS="2053" WIDTH="748" HEIGHT="29">
					<TextBlock ID="block_7" HPOS="497" VPOS="2053" WIDTH="748" HEIGHT="29">
						<TextLine ID="line_28" HPOS="497" VPOS="2053" WIDTH="748" HEIGHT="29">
							<String ID="string_212" HPOS="497" VPOS="2054" WIDTH="222" HEIGHT="28" WC="0.95" CONTENT="Närvarande:"/><SP WIDTH="26" VPOS="2054" HPOS="719"/>
							<String ID="string_213" HPOS="745" VPOS="2063" WIDTH="33" HEIGHT="18" WC="0.96" CONTENT="se"/><SP WIDTH="23" VPOS="2063" HPOS="778"/>
							<String ID="string_214" HPOS="801" VPOS="2054" WIDTH="103" HEIGHT="27" WC="0.93" CONTENT="under"/><SP WIDTH="23" VPOS="2054" HPOS="904"/>
							<String ID="string_215" HPOS="927" VPOS="2053" WIDTH="185" HEIGHT="28" WC="0.91" CONTENT="utlåtandet"/><SP WIDTH="23" VPOS="2053" HPOS="1112"/>
							<String ID="string_216" HPOS="1135" VPOS="2062" WIDTH="38" HEIGHT="17" WC="0.95" CONTENT="nr"/><SP WIDTH="26" VPOS="2062" HPOS="1173"/>
							<String ID="string_217" HPOS="1199" VPOS="2053" WIDTH="46" HEIGHT="27" WC="0.95" CONTENT="13."/>
						</TextLine>
					</TextBlock>
				</ComposedBlock>
			</PrintSpace>
		</Page>
	</Layout>
</alto>
