1902 2838
277 160 19 31 2
702 162 278 33 Statsutsköttets
1003 161 175 32 utlåtande
1203 161 49 31 Nr
1277 161 70 30 173.

282 247 91 37 ning,
400 248 177 30 allmänna
602 246 256 32 lönenämnden
884 245 128 37 avgivit
1036 244 188 36 utlåtande,
1250 244 105 30 vilket
1380 243 108 37 jämte
1514 252 42 21 av
1582 243 202 30 lönenämn-

283 299 65 30 den
376 298 173 31 inhämtat
576 297 160 38 yttrande
761 296 79 32 från
867 296 354 37 medicinalstyrelsen
1249 294 97 37 fogas
1376 293 115 31 såsom
1518 293 114 36 bilaga
1660 292 125 31 härvid

282 349 136 37 (Bilaga
446 348 55 37 A).

324 457 69 40 3:o)
415 457 429 38 Tjänstledighetsavdrag
861 457 115 29 under
994 454 140 32 ferietid
1151 455 58 30 för
1225 455 115 30 lärare
1357 454 60 30 vid
1435 454 43 29 de
1496 453 181 30 allmänna
1695 453 90 29 läro-

280 509 132 30 verken
433 517 47 23 m.
501 508 39 31 fl.
560 507 141 37 statliga
721 507 257 31 läroanstalter.
1002 506 123 37 Kungl.
1148 505 119 37 Maj:ts
1289 504 240 36 föreliggande
1551 502 132 37 förslag
1709 502 76 39 (sid.

287 558 50 40 12)
362 568 99 22 avser
481 558 146 37 ändring
645 567 44 22 av
709 558 41 30 55
771 558 18 37 8
808 557 20 30 9
847 566 107 22 mom.
977 557 38 30 10
1035 556 157 37 punkten
1212 558 88 27 samt
1320 555 39 30 57
1382 554 19 38 8
1423 555 20 30 3
1463 562 104 22 mom.
1589 554 16 29 7
1628 553 157 36 punkten

283 610 99 30 civila
400 609 402 37 avlöningsreglementét
819 608 66 30 och
903 607 133 37 åsyftar
1053 610 49 28 att
1118 606 124 36 bringa
1261 605 306 31 bestämmelserna
1585 613 60 21 om
1663 602 122 37 tjänst-

284 660 297 37 ledighetsavdrag
604 659 113 30 under
745 658 102 31 ferier
873 658 57 30 för
954 657 110 31 lärare
1089 656 59 31 vid
1174 656 42 31 de
1241 656 178 31 allmänna
1446 654 202 31 läroverken
1674 663 46 21 m.
1747 652 38 31 fl.

285 711 135 40 statliga
442 710 240 31 läroanstalter
704 710 11 29 i
739 709 160 30 närmare
922 707 199 37 anslutning
1143 706 52 31 till
1219 707 66 30 vad
1309 716 75 20 som
1407 706 11 30 i
1443 705 122 31 sådant
1588 705 199 30 hänseende

284 761 10 31 i
313 761 260 37 propositionen
594 770 42 20 nr
657 761 65 29 278
745 758 193 38 föreslagits
959 758 57 31 för
1034 757 217 31 folkskolans
1273 757 120 30 lärare.

326 877 68 41 4:0)
423 877 276 37 Kallortstillägg
723 877 53 31 till
799 876 93 31 vissa
916 875 349 37 befattningshavare
1287 874 60 31 vid
1382 875 82 29 lots-
1500 874 67 30 och
1602 873 185 36 fyrstaten.

284 929 122 36 Kungl.
430 928 118 37 Maj:ts
568 928 131 37 förslag
718 927 110 31 under
847 927 116 30 denna
983 926 111 37 punkt
1120 925 75 40 (sid.
1220 923 138 40 13—15)
1389 933 99 22 avser
1509 923 107 31 sådan
1639 922 148 37 ändring

282 980 12 29 i
316 980 38 30 57
380 979 18 38 8
422 980 19 30 2
465 988 104 21 mom.
593 980 16 29 7
633 978 158 37 punkten
814 977 102 31 civila
937 976 401 36 avlöningsreglementet
1361 977 49 28 att
1433 973 353 37 befattningshavare,

284 1031 208 30 tillhörande
512 1031 78 29 lots-
612 1030 67 30 och
700 1029 273 37 fyrpersonalen,
998 1028 73 30 icke
1093 1028 118 35 längre
1232 1045 43 3 —
1296 1025 115 31 såsom
1433 1025 103 36 enligt
1558 1024 160 37 gällande
1738 1033 50 21 re-

285 1080 273 36 duktionsregler
583 1079 165 31 stundom
771 1079 69 30 kan
865 1077 146 31 inträffa
1034 1094 44 4 —
1102 1076 150 30 riskerar
1276 1078 49 28 att
1350 1075 10 30 i
1385 1075 198 36 enslighets-
1609 1073 67 31 och
1701 1073 85 31 kall-

283 1131 190 36 ortstillägg
494 1130 158 37 uppbära
675 1129 230 36 sammanlagt
928 1128 134 30 mindre
1083 1127 127 37 belopp
1233 1127 45 30 än
1300 1135 58 21 om
1380 1125 123 31 enbart
1525 1124 262 36 kallortstillägg

282 1181 108 37 utgår.

330 1289 68 40 5:o)
430 1288 458 37 Verkstadsöveringenjörs
914 1287 60 31 vid
1000 1286 269 37 telegrafverket
1294 1283 168 38 återgång
1488 1284 52 30 till
1567 1284 97 30 förut
1691 1283 97 30 inne-

283 1341 91 30 havd
396 1340 208 36 befattning.
628 1340 116 36 Enligt
766 1340 41 29 58
829 1339 18 37 8
871 1340 18 28 2
913 1347 105 21 mom.
1042 1338 19 30 3
1082 1338 158 36 punkten
1262 1336 101 31 civila
1386 1335 403 36 avlöningsreglementet

284 1392 79 36 äger
384 1391 124 36 Kungl.
531 1390 100 36 Maj:t
655 1389 207 36 befogenhet
883 1388 159 36 medgiva
1063 1390 49 27 att
1133 1386 220 36 tjänsteman,
1376 1385 117 30 vilken
1514 1384 199 31 förordnats
1736 1382 50 31 så-

285 1451 73 21 som
383 1440 246 36 distriktschef,
656 1439 345 34 verkstadsdirektör,
1026 1437 235 31 överdirektör
1285 1437 82 29 eller
1391 1434 242 37 överingenjör
1657 1433 60 31 vid
1741 1436 47 27 te-

286 1492 227 37 legrafverket
539 1500 78 21 men
643 1490 134 31 vilkens
802 1489 237 31 förordnande
1064 1488 153 36 upphört
1243 1489 83 28 utan
1353 1489 51 28 att
1430 1484 192 37 efterföljas
1648 1494 43 21 av
1718 1483 69 31 för-

284 1546 83 33 nyat
384 1542 246 35 förordnande,
650 1540 59 31 må
727 1539 116 37 återgå
860 1540 51 30 till
930 1538 172 31 ordinarie
1120 1538 194 36 befattning
1332 1537 97 30 inom
1449 1536 66 30 den
1533 1535 167 36 lönegrad
1717 1534 71 30 han

285 1594 73 30 före
384 1592 251 31 förordnandet
659 1591 170 31 tillhörde.
854 1590 124 36 Kungl.
1003 1588 118 37 Maj:ts
1144 1589 130 35 förslag
1298 1587 111 31 under
1433 1587 114 30 denna
1570 1586 113 36 punkt
1713 1585 74 39 (sid.

288 1645 37 29 15
345 1644 67 30 och
434 1643 51 39 16)
510 1652 96 22 avser
625 1645 50 27 att
692 1641 176 31 utsträcka
889 1641 123 35 Kungl.
1032 1638 119 37 Maj:ts
1168 1638 208 37 befogenhet
1395 1638 52 30 till
1466 1640 48 28 att
1532 1637 149 30 omfatta
1699 1635 88 37 jäm-

286 1696 54 29 väl
368 1694 221 36 tjänsteman,
620 1702 76 21 som
724 1691 198 31 förordnats
953 1689 113 31 såsom
1091 1688 350 37 verkstadsingenjör.
1473 1687 175 36 Förslaget
1677 1687 39 29 är
1745 1695 42 21 en

284 1745 217 31 konsekvens
522 1753 42 21 av
584 1742 260 38 propositionen
865 1751 42 20 nr
934 1741 71 35 194,
1027 1741 73 29 vari
1122 1739 193 36 föreslagits
1336 1742 50 27 att
1408 1737 239 36 befattningen
1673 1736 114 31 såsom

284 1794 238 32 föreståndare
544 1794 54 30 för
621 1790 468 38 tillverkningsavdelningen
1112 1790 59 30 vid
1195 1789 280 36 telegrafverkets
1498 1788 162 30 verkstad
1684 1787 11 30 i
1720 1786 67 37 Ny-

284 1847 174 29 näshamn
478 1845 192 36 uppflyttas
693 1842 80 32 från
793 1842 209 36 lönegraden
1023 1841 27 30 A
1071 1842 38 28 27
1135 1840 49 30 till
1208 1840 208 36 lönegraden
1439 1838 25 30 C
1485 1839 18 29 5
1524 1838 65 30 och
1611 1836 176 37 samtidigt

283 1896 147 31 erhåller
450 1895 255 35 benämningen
727 1891 430 36 verkstadsöveringenjör.

326 2004 68 40 6:0)
414 2003 272 37 Lönereglering
702 2003 57 30 för
775 2001 336 31 försvarsattachéer
1128 2001 68 29 och
1211 1999 210 30 biträdande
1439 1997 348 31 försvarsattachéer.

285 2056 122 36 Kungl.
430 2055 119 36 Maj:ts
568 2054 131 35 förslag
719 2053 110 30 under
850 2052 116 30 denna
986 2050 111 37 punkt
1125 2049 74 39 (sid.
1225 2048 138 39 16—23)
1392 2048 145 30 innebär
1559 2056 42 21 en
1622 2047 164 35 omregle-

284 2107 74 35 ring
381 2116 43 20 av
450 2106 42 30 de
515 2104 170 31 särskilda
709 2101 304 32 löneförmånerna
1035 2101 50 30 till
1109 2101 42 29 de
1178 2100 150 30 militära
1352 2098 221 31 attachéerna
1597 2098 66 29 och
1687 2097 100 30 deras

284 2157 158 31 biträden
465 2157 11 29 i
498 2155 193 37 principiell
714 2152 199 36 anslutning
936 2152 50 30 till
1009 2152 55 29 det
1086 2151 321 35 avlöningssystem,
1432 2158 74 21 som
1529 2148 105 36 gäller
1657 2147 55 30 för
1735 2149 51 27 ut-

282 2206 365 36 rikesförvaltningens
673 2203 246 37 diplomatiska
935 2203 74 29 .och
1033 2202 187 29 konsulära
1245 2200 211 36 tjänstemän
1480 2199 58 30 vid
1563 2197 225 36 stationering

284 2258 209 30 utomlands.
513 2257 175 34 Förslaget
706 2255 201 30 förutsätter
926 2252 186 36 ändringar
1130 2251 11 30 i
1161 2252 30 34 6,
1212 2252 51 34 33,
1286 2252 39 29 37
1347 2250 67 30 och
1433 2250 43 30 45
1497 2249 40 37 $$
1557 2249 152 29 militära
1730 2257 56 21 av-

283 2309 365 35 löningsreglementet.
669 2306 75 30 Den
763 2304 107 36 årliga
889 2302 342 36 kostnadsökningen
1250 2309 122 28 genom
1393 2301 67 29 den
1479 2300 196 35 föreslagna
1695 2299 92 29 löne-

284 2359 212 36 regleringen
518 2358 108 29 skulle
646 2357 123 35 utgöra
789 2355 10 30 i
819 2357 81 28 runt
921 2355 47 29 tal
992 2353 136 35 170,000
1151 2353 138 34 kronor,
1310 2360 107 21 varav
1439 2350 118 35 91,500
1579 2350 129 29 kronor
1730 2349 56 29 be-

283 2411 79 34 löpa
384 2409 21 30 å
429 2408 168 31 särskilda
619 2405 178 32 förmåner
821 2404 33 31 åt
879 2404 206 30 biträdande
1107 2402 340 34 försvarsattachéer,
1471 2400 93 30 vilka
1585 2400 57 30 för
1663 2400 123 29 närva-

283 2460 106 30 rande
409 2459 31 37 ej
461 2459 157 36 uppbära
637 2456 115 37 någon
773 2455 189 36 ersättning
981 2455 118 29 utöver
1119 2454 66 29 den
1206 2452 172 31 ordinarie
1398 2451 216 35 avlöningen.
