2206 2600
699 136 345 32 Jordbruksutskottets
1067 135 168 32 utlåtande
1259 134 52 31 Nr
1335 136 51 29 73.
1821 131 19 31 3

244 222 63 35 och
336 219 272 45 hammarskatt,
640 232 74 23 som
743 219 66 35 har
838 218 163 47 civillags
1029 219 184 44 karaktär,
1245 217 200 47 stadgades,
1467 219 63 41 att,
1554 217 44 34 då
1617 218 109 44 något
1745 215 96 35 bruk

242 274 205 46 nedlägges,
478 273 101 36 skola
608 274 43 34 de
680 274 181 34 därunder
888 273 157 47 lydande
1073 273 216 34 hemmanen
1317 271 169 35 hemfalla
1504 269 58 36 till
1582 270 140 35 kronan
1742 264 100 49 (eller

242 323 223 50 bördeman);
498 327 92 36 dock
618 330 54 32 att
699 327 13 34 i
740 327 96 35 förra
865 326 101 36 fallet
995 323 77 47 (när
1100 327 129 34 sådant
1256 324 241 36 hemfallande
1527 319 110 48 skett)
1667 323 92 35 åbon
1778 322 64 36 vid

244 382 55 35 sin
327 381 236 47 lösningsrätt
590 380 200 36 bibehålles
819 384 94 31 emot
936 380 313 46 köpeskillingens
1269 379 215 46 erläggande
1503 377 57 36 till
1580 378 150 43 kronan,
1752 379 89 32 utan

243 439 52 32 att
323 435 132 36 bruket
482 437 119 44 någon
629 435 141 34 åborätt
797 434 247 35 tillerkännes.

350 489 116 35 Sedan
512 488 62 36 vid
619 488 207 35 1853—54
870 490 56 32 års
968 487 151 46 riksdag
1160 487 102 46 fråga
1302 485 126 36 väckts
1475 497 55 23 om
1573 483 182 48 reglering
1797 495 44 23 av

242 544 186 35 åborätten
470 545 20 32 å
530 542 116 34 under
687 541 96 35 bruk
826 541 230 46 skatteköpta
1098 541 169 34 hemman
1301 539 14 35 i
1348 540 60 34 det
1436 539 75 44 fall,
1543 541 52 32 att
1624 539 70 34 den
1723 537 118 46 gamla

242 597 244 35 åbostammen
513 595 162 47 utginge,
706 595 92 35 hade
826 594 196 47 riksdagen
1050 594 195 43 hemställt,
1277 596 52 32 att
1356 593 135 46 Kungl.
1523 591 107 47 Maj:t
1658 591 86 35 ville
1773 591 67 35 för-

243 651 121 44 ordna,
394 651 95 34 huru
516 649 13 35 i
557 649 158 35 nämnda
747 648 64 35 fall
845 649 110 35 borde
984 648 162 35 förfaras.
1204 647 104 35 Efter
1336 650 52 31 att
1415 647 94 34 hava
1536 645 179 35 inhämtat
1743 645 97 34 kam-

243 703 226 47 markollegii
496 703 187 35 utlåtande
711 702 13 35 i
753 705 121 32 ämnet
892 702 191 35 utfärdade
1102 701 136 46 Kungl.
1261 700 106 47 Maj:t
1387 700 157 35 därefter
1564 712 45 22 en
1628 698 214 46 förordning

242 758 151 35 rörande
421 757 275 46 ifrågavarande
725 756 250 35 förhållanden
1005 756 70 34 den
1106 756 20 34 3
1158 754 159 36 februari
1349 755 111 43 1855,
1482 753 79 35 vari
1581 753 171 46 stadgats,
1774 755 64 41 att,

244 813 44 34 då
329 812 244 34 åbostammen
615 813 20 32 å
676 813 52 31 ett
769 810 116 34 under
926 812 109 43 något
1063 809 95 35 bruk
1188 808 209 46 skatteköpt
1424 808 169 34 hemman
1621 806 217 43 utslocknat,

242 864 340 47 besittningsrätten
624 866 20 32 å
685 864 215 43 hemmanet,
944 863 125 35 såvida
1112 863 121 34 bruket
1272 863 34 41 ej
1337 872 79 24 vore
1443 860 150 45 nedlagt,
1625 859 117 36 skulle
1770 859 70 35 till-

242 919 143 35 komma
413 918 265 45 bruksägaren;
717 929 81 22 men
827 919 63 41 att,
921 929 55 22 om
1005 916 64 35 vid
1098 915 104 47 dylik
1231 915 238 46 'åboledighet,
1500 914 135 35 bruket
1662 913 178 35 befunnes

241 985 86 23 vara
355 972 157 46 nedlagt,
544 972 61 34 det
633 970 54 35 uti
716 970 125 46 kungl.
873 970 169 35 förbudet
1070 973 74 32 mot
1163 969 174 47 flyttning
1356 981 44 22 av
1420 967 141 36 smiden
1580 967 66 35 och
1666 967 174 35 hammar-

243 1026 97 35 skatt
368 1038 44 23 av
441 1026 70 34 den
542 1026 44 33 11
620 1024 187 35 december
838 1025 99 34 1766
968 1023 13 35 i
1001 1024 129 34 sådant
1148 1023 205 35 hänseende
1372 1021 111 47 givna
1502 1021 199 46 stadgande
1721 1020 118 35 skulle

241 1080 107 35 lända
375 1079 58 35 till
460 1078 249 36 efterrättelse.

349 1133 71 34 Till
456 1132 194 47 belysning
678 1144 43 23 av
749 1131 224 35 innebörden
1001 1130 13 35 i
1043 1130 220 35 sistberörda
1291 1128 211 47 förordning
1530 1131 58 32 må
1616 1127 138 36 erinras
1783 1139 56 23 om

243 1187 174 34 kammar-
460 1186 66 35 och
561 1184 422 47 kommerskollegiernas
1011 1183 251 46 underdåniga
1289 1183 212 35 utlåtanden
1530 1194 44 23 av
1603 1183 69 33 den
1702 1182 48 34 23
1780 1193 60 23 no-

243 1240 145 35 vember
420 1240 98 34 1876
550 1239 65 34 och
645 1239 70 34 den
747 1240 46 32 14
824 1238 187 34 december
1043 1238 112 43 1886,
1178 1236 100 36 vilka
1296 1236 212 35 utlåtanden
1528 1235 186 46 föregingo
1738 1235 99 34 1878

244 1294 65 35 och
350 1294 98 34 1887
489 1295 56 32 års
583 1293 118 34 nedan
729 1292 235 35 omförmälda
991 1290 239 36 föreskrifter.
1287 1290 19 34 I
1335 1290 60 34 det
1422 1289 96 35 förra
1546 1301 44 23 av
1620 1289 103 34 dessa
1750 1287 90 35 utlå-

244 1348 134 34 tanden
420 1347 99 34 hette
561 1346 75 34 det:
684 1345 87 35 >Om
801 1347 76 33 åter
905 1344 248 46 bruksägaren
1182 1343 153 46 inköper
1363 1343 198 43 åborätten,
1591 1342 94 35 lärer
1713 1342 128 34 sådant

244 1400 76 35 lika
360 1400 81 35 litet
484 1412 73 23 som
599 1399 13 34 i
646 1399 101 46 fråga
775 1411 56 22 om
862 1399 60 34 det
951 1398 235 43 förhållande,
1217 1397 125 46 kungl.
1373 1397 125 34 brevet
1528 1396 70 34 den
1629 1397 20 33 3
1680 1394 160 36 februari

248 1455 99 34 1855
386 1466 113 31 avser,
530 1452 153 36 inverka
711 1455 46 44 på
786 1453 43 34 de
858 1451 143 44 villkor,
1033 1452 180 34 varunder
1243 1450 370 35 skattemannarätten
1642 1462 43 22 av
1713 1448 128 36 bruks-

245 1513 131 41 ägaren
418 1506 168 47 åtnjutes,
626 1506 87 35 eller
741 1506 185 35 föranleda
954 1505 133 44 därtill,
1118 1508 53 31 att
1200 1505 70 34 den
1297 1504 13 35 i
1338 1504 124 46 kungl.
1494 1503 170 35 förbudet
1692 1503 70 34 den
1793 1503 40 33 11

245 1561 186 35 december
463 1562 98 33 1766
593 1560 172 45 stadgade
793 1558 137 47 påföljd
959 1571 44 22 av
1032 1559 389 34 skattemannarättens
1450 1557 141 44 förlust,
1629 1556 12 34 i
1670 1556 171 35 händelse

244 1615 132 35 bruket
417 1614 205 46 nedlägges,
668 1613 208 46 därigenom
919 1613 128 34 varder
1079 1612 209 46 upphävd.>
1348 1611 18 34 I
1396 1612 60 33 det
1485 1622 124 23 senare
1637 1609 205 35 utlåtandet

245 1669 171 46 yttrades,
454 1670 62 41 att,
553 1679 55 22 om
638 1670 51 31 ett
719 1666 197 46 stadgande
944 1665 13 35 i
988 1666 99 33 1887
1119 1667 57 32 års
1204 1665 118 34 nedan
1351 1664 233 35 omförmälda
1612 1662 230 46 förordnings

246 1722 94 46 syfte
369 1722 142 34 komme
539 1720 57 35 till
625 1720 116 43 stånd,
772 1719 114 34 likväl
916 1718 117 35 skulle
1062 1718 148 35 kvarstå
1239 1720 50 32 ett
1318 1718 96 34 antal
1443 1718 133 33 sådana
1604 1717 115 33 under
1747 1715 96 35 bruk

246 1775 231 46 skatteköpta
518 1775 167 33 hemman
728 1790 48 3 —
810 1772 57 35 till
895 1772 101 35 vilka
1023 1771 249 46 bruksägaren
1300 1771 179 34 innehade
1508 1770 141 35 åborätt
1678 1787 48 3 —
1756 1771 86 33 varå

246 1829 202 34 dåvarande
490 1826 269 37 bestämmelser
801 1838 55 22 om
900 1825 257 35 skatterättens
1200 1824 139 44 förlust,
1370 1823 13 35 i
1411 1824 70 34 den
1509 1823 172 35 händelse
1709 1822 134 36 bruket

246 1881 180 43 nedlades,
471 1881 159 35 förbleve
672 1880 176 46 gällande,
889 1878 183 46 nämligen
1101 1879 43 34 de
1173 1878 167 35 hemman
1369 1890 44 22 av
1442 1877 234 35 omförmälda
1705 1877 86 45 slag,
1823 1878 20 32 å

246 1934 99 35 vilka
369 1933 147 46 jämlikt
548 1934 126 45 kungl.
705 1934 125 34 brevet
859 1933 70 34 den
959 1934 20 33 3
1011 1931 161 35 februari
1204 1932 99 34 1855
1335 1930 337 46 besittningsrätten
1703 1947 47 3 —
1780 1928 63 36 vid

245 1987 229 45 åboledighet
516 1987 44 34 då
601 1986 81 35 icke
724 1989 118 42 någon
884 1985 56 35 till
969 1985 198 45 åboskapet
1195 1984 202 46 berättigad
1425 1996 131 34 person
1584 1996 44 22 av
1657 1983 69 34 den
1756 1982 86 35 siste

246 2041 110 34 åbons
386 2040 96 34 släkt
509 2040 115 33 finnes
654 2056 45 3 —
733 2039 220 34 tillkommer
981 2038 233 45 bruksägare.

353 2093 137 34 Genom
520 2092 125 45 kungl.
678 2091 242 46 kungörelsen
949 2092 69 33 den
1048 2091 49 34 24
1128 2090 67 45 maj
1232 2092 97 32 1878
1361 2090 200 45 stadgades,
1593 2092 52 31 att
1665 2089 80 42 den,
1769 2100 73 22 som

247 2147 151 34 innehar
426 2145 140 35 åborätt
595 2148 19 31 å
642 2145 116 33 under
786 2144 95 34 bruk
911 2143 209 45 skatteköpt
1149 2143 177 43 hemman,
1358 2148 83 39 äger
1469 2145 72 31 rätt
1570 2145 52 31 att
1646 2141 57 35 till
1722 2141 122 35 veder-

246 2200 157 35 börande
445 2198 221 45 bruksägare
709 2198 158 34 överlåta
910 2197 55 34 sin
1008 2197 151 43 åborätt,
1205 2196 126 35 därvid
1370 2195 275 35 föreskrifterna
1673 2194 13 34 i
1714 2194 126 46 kungl.

247 2252 240 48 kungörelsen
530 2252 69 34 den
644 2255 20 29 8
709 2251 67 45 maj
826 2252 99 33 1863
969 2250 185 46 angående
1196 2249 174 46 utvidgad
1413 2248 111 35 frihet
1552 2248 13 35 i
1594 2248 176 34 avseende
1798 2250 47 43 på
