1862 2782
268 140 19 29 2
439 140 111 27 Första
569 140 199 28 kammarens
789 142 158 27 allmänna
968 143 320 34 beredningsutskotts
1310 143 157 28 utlåtande
1488 153 37 18 nr
1547 146 26 26 4.

267 229 271 37 deklarationer,
562 240 74 21 som
656 233 200 37 upprättats
877 243 42 20 av
941 232 132 32 sådana
1096 234 266 31 auktoriserade
1384 235 369 40 deklarationsbyråer

267 283 40 29 är
330 283 137 39 riktiga.
494 284 247 39 Skattskyldig,
768 295 75 20 som
868 286 124 30 anlitat
1018 287 95 39 dylik
1141 288 244 30 auktoriserad
1411 289 340 38 deklarationsbyrå,

267 335 178 40 bibringas
460 337 63 30 lätt
539 337 66 30 den
622 338 283 39 uppfattningen,
924 342 50 27 att
991 349 43 21 en
1050 339 110 31 sådan
1178 341 221 30 deklaration
1416 340 112 31 måste
1546 352 82 20 vara
1646 342 106 40 riktig

267 388 67 30 och
350 389 123 30 därför
489 390 65 29 bör
571 391 176 38 godtagas.
768 391 192 31 Yttranden
980 392 10 29 i
1008 392 237 40 skattefrågor
1264 404 41 20 av
1326 393 131 31 sådana
1477 404 177 29 personer,
1675 406 76 20 som

266 442 254 31 auktoriserats
540 442 45 40 på
603 443 185 40 ifrågasatt
809 445 76 34 sätt,
906 446 112 29 skulle
1037 446 118 30 säkert
1175 456 43 20 av
1237 447 239 30 allmänheten
1496 449 182 37 uppfattas
1699 448 52 31 så-

266 504 75 20 som
362 505 75 20 mer
460 496 84 30 eller
567 496 135 31 mindre
726 498 168 30 officiella
918 498 215 35 utlåtanden,
1159 503 47 27 ett
1231 499 231 37 förhållande,
1486 511 75 20 som
1585 503 166 29 stundom

265 548 197 39 säkerligen
482 549 112 30 skulle
612 550 161 31 medföra
792 551 76 30 icke
888 552 199 30 önskvärda
1108 553 196 30 konflikter
1323 554 129 30 mellan
1473 555 277 39 taxeringsmyn-

266 601 205 39 digheterna
490 603 65 29 och
575 604 248 30 allmänheten.

309 655 258 38 Länsstyrelsen
586 657 102 29 anför
706 657 9 29 i
731 658 198 29 huvudsak:

309 707 136 40 Frågan
468 718 57 20 om
547 710 148 30 behovet
719 711 65 29 och
809 711 249 39 lämpligheten
1082 722 43 20 av
1147 713 258 30 auktorisation
1430 724 43 20 av
1496 714 254 31 deklarations-

263 760 125 39 byråer
404 762 66 29 bör
485 772 53 20 ses
556 766 72 27 mot
644 763 230 39 bakgrunden
892 774 42 20 av
953 765 41 29 de
1012 766 132 35 brister,
1163 775 75 20 som
1256 766 154 30 vidlåder
1427 767 55 30 det
1501 768 247 30 deklarations-

263 815 170 34 material,
461 825 74 20 som
562 816 160 30 kommer
749 816 79 31 från
854 818 66 29 den
947 819 157 38 kategori
1132 819 266 39 skattskyldiga,
1424 830 76 20 som
1527 821 222 30 motionären

264 877 100 29 synes
386 868 143 30 särskilt
549 879 89 26 avse,
660 870 177 39 nämligen
858 872 41 29 de
920 871 137 31 mindre
1079 873 236 38 företagarna.
1339 874 116 38 Enligt
1477 874 66 29 vad
1564 875 185 39 företagna

262 921 469 41 bokföringsgranskningar
760 925 66 28 och
856 925 485 31 underhandsmeddelanden
1372 926 80 30 från
1483 927 266 39 taxeringskon-

263 975 153 29 sulenter
432 975 84 38 givit
533 976 56 29 vid
606 977 141 29 handen
763 978 39 28 är
819 978 40 29 de
877 978 263 39 anteckningar,
1161 989 76 20 som
1253 980 42 29 de
1310 980 137 30 mindre
1465 981 283 31 rörelseidkarna

262 1027 55 30 för
334 1029 81 29 över
431 1028 77 30 sina
525 1029 195 30 inkomster
737 1031 66 29 och
820 1031 153 38 utgifter,
990 1032 73 30 ofta
1080 1033 141 38 mycket
1238 1033 220 39 bristfälliga.

307 1081 63 30 Det
386 1082 39 29 är
442 1082 108 30 bland
568 1083 255 31 rörelseidkare
840 1085 78 29 med
935 1085 188 39 bristfällig
1140 1086 200 39 bokföring,
1359 1096 76 20 som
1454 1088 41 29 de
1511 1087 137 30 mindre
1665 1097 82 30 nog-

261 1134 156 30 räknade
441 1136 487 39 »deklarationsexperterna»
952 1139 65 29 har
1036 1142 48 27 ett
1103 1139 175 30 tacksamt
1299 1139 152 31 klientel.
1474 1140 83 30 Ofta
1578 1140 170 31 förhåller

261 1187 57 30 det
338 1187 51 39 sig
411 1197 69 30 nog
502 1188 47 36 så,
572 1192 49 27 att
643 1190 67 30 den
733 1190 263 40 skattskyldige,
1021 1202 75 20 som
1119 1193 39 29 är
1181 1193 183 29 medveten
1388 1202 57 20 om
1469 1196 50 27 att
1541 1195 206 38 underlaget

260 1240 56 30 för
339 1241 268 31 deklarationen
633 1243 78 30 icke
737 1243 112 30 håller
874 1243 133 37 måttet,
1035 1246 137 29 lämnar
1203 1250 203 34 »experten»
1439 1247 68 29 fria
1535 1247 136 30 händer
1696 1251 50 27 att

260 1297 99 27 stuva
377 1304 57 20 om
452 1296 196 30 materialet
665 1295 48 36 så,
732 1300 50 26 att
799 1298 70 29 han
887 1297 55 30 får
959 1298 92 30 fram
1069 1308 42 20 en
1130 1299 155 30 inkomst
1304 1309 75 20 som
1397 1301 39 28 är
1455 1299 38 31 så
1511 1310 80 29 pass
1609 1302 69 37 hög
1696 1304 50 27 att

259 1348 268 31 deklarationen
553 1349 67 30 blir
645 1350 165 38 godkänd
837 1361 43 20 av
906 1352 369 38 taxeringsnämnden.
1304 1353 86 30 Mest
1418 1354 262 38 betydelsefullt
1707 1355 40 29 är

259 1402 203 35 emellertid,
497 1412 58 20 om
588 1404 262 30 vederbörande
884 1405 485 40 deklarationsmedhjälpare
1403 1408 137 29 strävar
1574 1408 88 29 efter
1695 1411 50 27 att

259 1454 142 31 komma
423 1455 94 30 fram
540 1456 51 29 till
614 1459 46 27 ett
683 1457 188 30 materiellt
894 1458 120 39 riktigt
1037 1459 155 30 resultat.
1219 1459 63 30 Det
1306 1460 50 29 lär
1380 1460 78 30 icke
1483 1470 83 21 vara
1590 1461 155 39 ovanligt

258 1510 50 27 att
331 1507 132 31 sådana
488 1509 485 40 deklarationsmedhjälpare
998 1512 120 38 lyckas
1143 1513 166 38 övertyga
1335 1513 76 30 sina
1437 1513 151 31 klienter
1611 1523 58 21 om
1694 1517 50 27 att

258 1561 41 29 de
317 1560 111 31 måste
446 1562 184 31 deklarera
647 1564 108 38 högre
772 1564 193 30 inkomster
984 1565 56 29 för
1057 1568 50 27 att
1126 1564 36 31 få
1181 1565 77 30 sina
1276 1567 263 30 deklarationer
1557 1567 187 39 godkända

257 1614 9 28 i
281 1614 367 39 taxeringsnämnden.
667 1617 49 29 De
733 1626 75 20 som
824 1618 38 28 är
877 1616 105 32 måna
999 1628 57 19 om
1072 1618 59 30 sitt
1146 1620 176 29 anseende
1338 1618 119 41 åtager
1474 1620 51 39 sig
1541 1620 77 30 icke
1634 1621 110 29 heller

256 1671 50 26 att
330 1669 82 38 göra
436 1669 262 30 deklarationer
721 1669 46 40 på
791 1674 48 26 ett
862 1671 170 36 material,
1058 1682 74 20 som
1158 1673 42 29 de
1225 1673 94 30 inser
1344 1673 110 31 måste
1479 1684 84 20 vara
1588 1674 153 39 oriktigt.

257 1721 255 39 Huvudparten
536 1732 42 20 av
599 1723 41 30 de
663 1733 178 29 personer,
867 1734 75 20 som
966 1725 139 39 hjälper
1128 1727 42 29 de
1194 1726 137 30 mindre
1356 1727 282 30 rörelseidkarna
1662 1728 81 29 med

256 1774 100 30 deras
375 1775 192 40 bokföring
585 1777 65 29 och
670 1777 271 36 deklarationer,
962 1779 98 30 torde
1080 1780 90 29 dock
1190 1780 87 38 hysa
1298 1780 67 29 den
1386 1780 284 40 uppfattningen,
1692 1784 51 27 att

255 1828 42 29 de
320 1828 75 30 icke
419 1829 64 29 bär
506 1828 104 40 något
634 1840 127 20 ansvar
785 1831 56 29 för
863 1841 56 19 om
944 1832 333 38 primärmaterialet
1302 1834 39 28 är
1364 1833 121 40 riktigt
1510 1834 82 30 eller
1618 1834 31 38 ej
1675 1835 66 28 och

255 1879 117 41 åtager
399 1882 52 38 sig
480 1883 121 29 därför
629 1887 49 26 att
706 1885 85 37 göra
818 1884 265 31 deklarationen
1113 1885 38 30 så
1180 1895 76 20 som
1286 1886 154 31 klienten
1471 1887 140 30 önskar.
1642 1887 99 31 Vissa

258 1937 197 36 >experter»
478 1936 124 38 drager
621 1937 51 38 sig
691 1938 120 37 tyvärr
830 1937 76 31 icke
927 1948 60 20 ens
1009 1939 55 29 för
1084 1942 50 27 att
1154 1942 74 27 mot
1248 1940 68 38 god
1336 1940 180 39 betalning
1537 1941 118 29 lämna
1676 1940 64 30 kli-

254 1990 102 28 enten
375 1988 68 39 tips
463 1998 58 20 om
538 1990 67 29 hur
622 1990 70 30 han
711 1990 65 30 bör
795 1990 41 39 gå
852 1991 51 30 till
921 1992 86 38 väga
1026 1992 56 29 för
1100 1995 50 27 att
1169 1993 161 30 redovisa
1349 1993 55 30 för
1423 1992 56 40 låg
1498 1994 155 30 inkomst
1673 1994 67 29 och

253 2041 206 39 härigenom
479 2042 37 30 få
535 2043 92 38 lägre
648 2044 103 29 skatt.

297 2095 220 31 Motionären
544 2106 101 29 synes
671 2098 45 29 ha
743 2098 67 29 den
835 2098 283 39 uppfattningen,
1146 2103 50 26 att
1223 2099 38 38 ju
1288 2100 196 39 kunnigare
1511 2110 43 20 en
1580 2100 159 31 deklara-

251 2147 339 41 tionsmedhjälpare
611 2151 47 34 är,
683 2152 99 29 desto
806 2153 110 29 större
938 2153 109 31 utsikt
1071 2155 38 29 är
1132 2155 57 30 det
1212 2159 50 27 att
1286 2157 267 31 deklarationen
1576 2159 67 29 blir
1666 2169 73 20 ma-

251 2201 126 30 teriellt
398 2202 116 40 riktig.
538 2203 63 30 Det
621 2204 38 29 är
679 2205 194 30 emellertid
892 2206 191 38 ingalunda
1104 2208 128 35 säkert,
1254 2213 50 26 att
1326 2210 41 30 de
1388 2210 211 39 kunnigaste
1620 2212 118 30 dekla-

251 2254 406 40 rationsmedhjälparna
675 2258 99 29 alltid
794 2259 64 29 har
878 2259 107 39 högre
1006 2261 356 32 deklarationsmoral
1381 2264 45 29 än
1447 2264 42 30 de
1510 2273 76 21 som
1607 2265 131 30 saknar

250 2307 208 40 erforderlig
481 2309 216 39 kompetens.
723 2311 202 31 Skillnaden
948 2314 129 29 mellan
1100 2315 102 30 dessa
1225 2315 197 40 kategorier
1446 2318 39 29 är
1508 2317 126 31 främst
1657 2318 79 35 den,

249 2363 51 27 att
328 2361 41 30 de
397 2361 225 40 skickligaste
650 2364 513 41 deklarationsmedhjälparna
1191 2368 71 30 kan
1290 2371 166 37 upprätta
1486 2371 155 30 formellt
1670 2371 67 30 till-

248 2413 272 32 fredsställande
540 2416 261 31 deklarationer
820 2419 64 28 och
903 2422 49 26 att
971 2420 42 29 de
1033 2429 53 20 ser
1105 2420 53 30 till
1177 2424 50 27 att
1247 2422 66 30 den
1332 2423 229 31 deklarerade
1581 2424 155 31 inkoms-
