1890 2758
446 171 121 31 Andra
588 170 248 41 lagutskottets
858 169 181 32 utlåtande
1059 179 45 21 nr
1126 169 39 32 17
1187 169 41 32 år
1250 170 85 30 1962
1620 169 14 29 1

825 434 65 41 Nr
912 435 55 40 17

351 546 186 30 Utlåtande
564 546 11 29 i
599 545 189 40 anledning
813 555 42 20 av
882 544 102 31 väckt
1010 545 133 29 motion
1169 543 179 40 angående
1374 543 70 30 rätt
1471 542 52 30 till
1547 550 91 22 rese-

500 599 194 40 ersättning
732 599 80 40 från
852 598 66 30 den
957 598 180 30 allmänna
1176 596 333 40 sjukförsäkringen
1550 595 89 40 efter

498 652 213 40 hänvisning
734 661 42 21 av
799 652 232 30 barnmorska
1056 651 52 30 till
1130 649 398 41 sjukvårdsinrättning.

192 760 15 30 I
232 769 43 21 en
300 759 96 30 inom
421 759 112 30 andra
557 759 207 30 kammaren
788 758 114 35 väckt,
928 758 53 30 till
1006 757 196 40 lagutskott
1224 755 175 31 hänvisad
1423 755 145 35 motion,
1594 763 43 22 nr

148 812 74 36 446,
240 813 117 30 vilken
375 812 209 31 behandlats
603 822 43 20 av
663 812 111 30 andra
791 812 240 39 lagutskottet,
1050 810 65 31 har
1133 810 58 30 fru
1208 809 227 31 Kristensson
1455 808 94 41 gjort
1567 808 70 40 gäl-

147 866 114 35 lande,
285 867 51 29 att
358 866 135 40 patient
517 865 89 31 efter
627 865 213 40 hänvisning
862 874 43 21 av
928 863 396 31 distriktsbarnmorska
1348 862 52 30 till
1426 861 177 41 specialist
1625 861 12 30 i

149 919 171 31 obstetrik
335 920 66 29 och
417 919 208 40 gynekologi
639 918 108 31 borde
762 918 93 30 bliva
869 917 197 40 berättigad
1082 917 52 31 till
1151 916 274 39 reseersättning
1441 915 81 30 från
1539 915 99 40 sjuk-

149 972 247 40 försäkringen
418 972 90 30 efter
532 981 135 21 samma
690 972 151 40 grunder
863 980 78 21 som
965 971 107 39 gäller
1095 970 58 30 vid
1176 970 124 29 remiss
1325 979 43 20 av
1389 969 131 34 läkare,
1546 970 91 28 samt

149 1026 114 40 yrkat,
288 1027 71 29 »att
381 1025 189 40 riksdagen
592 1025 109 30 måtte
724 1025 11 29 i
758 1024 168 31 skrivelse
947 1024 53 30 till
1023 1023 127 40 Kungl.
1173 1023 107 39 Maj:t
1301 1022 188 30 hemställa
1510 1023 51 29 att
1584 1023 54 28 ut-

149 1079 192 40 redningen
361 1078 55 30 för
436 1079 148 39 översyn
604 1087 43 21 av
666 1076 575 41 sjukförsäkringslagstiftningen
1261 1075 109 30 måtte
1391 1075 37 30 få
1447 1075 11 30 i
1478 1074 159 41 uppdrag

149 1135 51 28 att
223 1132 124 30 utreda
369 1141 90 21 ovan
482 1133 180 38 upptagna
685 1130 205 41 spörsmål».

193 1185 228 31 Beträffande
442 1185 42 30 de
504 1185 76 30 skäl
600 1185 220 30 motionären
841 1184 166 40 åberopat
1028 1184 52 30 till
1102 1183 78 30 stöd
1199 1183 55 29 för
1275 1182 54 30 sin
1348 1182 213 30 hemställan
1582 1181 55 30 får

149 1240 181 34 utskottet,
358 1239 3 30 i
381 1239 67 30 den
467 1238 83 30 mån
569 1238 219 40 redogörelse
807 1237 120 30 därför
946 1238 73 29 inte
1038 1237 137 29 lämnas
1194 1236 11 30 i
1225 1236 57 30 det
1301 1235 168 40 följande,
1489 1234 148 31 hänvisa

148 1293 52 30 till
223 1293 189 30 motionen.

651 1463 182 37 Gällande
850 1462 286 37 bestämmelser

193 1541 118 40 Enligt
329 1541 99 40 lagen
448 1541 67 29 den
534 1541 20 29 3
571 1540 144 40 januari
734 1539 83 31 1947
837 1548 56 21 om
912 1539 132 30 allmän
1063 1537 288 40 sjukförsäkring
1370 1537 38 30 är
1426 1536 98 40 varje
1543 1536 95 30 med-

149 1595 69 29 lem
245 1595 11 29 i
284 1594 191 39 sjukkassa
501 1593 244 40 obligatoriskt
773 1591 389 41 sjukvårdsförsäkrad.
1189 1591 68 29 Till
1283 1591 45 29 de
1355 1590 179 30 förmåner
1562 1598 76 21 som

150 1647 102 40 utgår
271 1648 45 39 på
336 1647 114 40 grund
470 1656 43 21 av
534 1645 438 41 sjukvårdsförsäkringen
992 1645 66 30 hör
1077 1644 369 39 kostnadsersättning
1466 1643 55 29 för
1542 1651 96 21 resor

150 1701 55 29 för
221 1701 202 30 erhållande
439 1710 42 20 av
496 1699 188 31 läkarvård
700 1700 66 29 och
782 1698 251 41 sjukhusvård.
1049 1698 117 39 Enligt
1181 1697 313 30 bestämmelserna
1510 1696 11 30 i
1537 1696 100 40 lagen

151 1754 66 30 den
234 1755 39 29 21
292 1754 70 39 maj
384 1753 84 31 1954
485 1762 57 21 om
559 1752 331 40 moderskapshjälp
907 1751 103 40 utgår
1028 1751 109 30 sådan
1154 1751 194 38 ersättning
1366 1751 86 29 även
1470 1749 55 30 för
1542 1757 96 22 resor

151 1808 51 29 till
225 1808 65 29 och
311 1807 80 30 från
413 1806 377 39 förlossningsanstalt.

194 1859 443 31 Huvudbestämmelserna
659 1868 57 20 om
739 1858 368 38 kostnadsersättning
1129 1856 54 30 för
1206 1866 96 20 resor
1324 1856 53 29 till
1400 1856 65 30 och
1488 1855 80 30 från
1591 1855 48 29 laå-

150 1914 84 29 kare
254 1913 95 30 finns
368 1913 11 29 i
400 1913 39 29 16
461 1912 15 37 8
498 1911 419 40 sjukförsäkringslagen.
938 1910 284 38 Reseersättning
1241 1909 215 29 tillkommer
1475 1909 67 29 den
1564 1917 74 21 som

151 1966 146 40 åtnjutit
323 1965 188 30 läkarvård
535 1965 58 29 vid
621 1964 176 39 sjukdom,
826 1973 75 20 som
928 1963 107 39 enligt
1061 1962 137 31 läkares
1226 1965 125 36 utsago
1376 1962 127 29 kräver
1529 1961 109 30 sådan

150 2019 96 30 vård.
269 2018 206 40 Ersättning
497 2018 101 39 utgår
621 2018 124 29 endast
767 2018 11 28 i
801 2016 66 30 den
891 2016 82 30 mån
997 2015 274 30 resekostnaden
1294 2015 190 39 överstiger
1508 2017 48 27 ett
1579 2014 60 29 ka-

152 2072 206 39 rensbelopp
379 2081 42 20 av
440 2072 10 29 i
471 2072 90 38 regel
582 2070 78 40 fyra
680 2071 141 28 kronor.
842 2070 126 29 Rätten
988 2069 52 29 till
1062 2069 194 38 ersättning
1277 2069 38 28 är
1336 2068 174 39 därjämte
1531 2067 108 30 maxi-

152 2126 120 29 merad
294 2125 44 39 på
360 2125 38 29 så
421 2125 68 28 sätt
512 2126 50 28 att
583 2124 107 38 högre
712 2123 124 39 belopp
859 2122 76 30 icke
958 2122 54 29 får
1035 2124 98 36 utges
1157 2123 43 28 än
1225 2131 75 19 som
1322 2121 114 29 skulle
1458 2121 44 29 ha
1526 2120 113 39 utgått

151 2179 57 28 vid
226 2178 107 29 besök
350 2178 63 28 hos
433 2177 66 29 den
519 2176 312 39 provinsialläkare
849 2175 82 30 eller
951 2175 228 33 stadsläkare,
1198 2174 96 29 inom
1312 2183 79 20 vars
1411 2173 142 30 distrikt
1572 2173 66 29 den

152 2230 205 29 försäkrade
376 2230 119 29 vistas.
516 2230 121 28 Denna
656 2229 91 38 regel
768 2229 63 28 har
851 2228 75 29 icke
946 2227 223 38 tillämpning
1189 2227 45 38 på
1253 2235 96 20 resor
1370 2235 75 20 som
1466 2226 172 38 företages

152 2284 92 28 inom
268 2281 435 31 verksamhetsområdena
727 2280 53 29 för
802 2280 232 33 Stockholms,
1057 2279 198 38 Göteborgs,
1279 2279 147 28 Malmös
1450 2279 65 28 och
1536 2279 104 28 Norr-

151 2335 148 40 köpings
326 2335 219 38 sjukkassor.
572 2333 126 30 Vidare
725 2332 210 30 föreskrives
963 2332 181 37 undantag
1169 2331 80 30 från
1275 2331 206 29 densamma
1508 2330 132 39 därige-

152 2398 81 20 nom
257 2390 49 28 att
330 2387 194 38 ersättning
549 2387 8 28 i
581 2386 93 29 vissa
698 2385 60 30 fall
783 2385 54 30 får
860 2384 136 40 utgivas
1019 2384 80 30 med
1122 2384 135 39 belopp,
1282 2393 76 20 som
1382 2384 113 29 skulle
1518 2384 45 29 ha
1587 2385 53 27 ut-

152 2442 82 37 gått,
263 2450 55 20 om
347 2440 231 29 läkarvården
606 2439 97 29 sökts
729 2438 59 30 vid
815 2439 178 28 närmaste
1020 2437 179 29 allmänna
1227 2436 164 40 sjukhus,
1420 2437 62 29 där
1508 2436 131 30 vården

151 2495 137 29 kunnat
312 2493 188 30 meddelas.
525 2492 123 30 Denna
671 2491 107 39 högre
803 2490 195 40 ersättning
1022 2489 102 40 utgår
1148 2490 90 29 dock
1262 2490 124 30 endast
1411 2489 112 30 under
1546 2489 93 30 vissa

192 2556 136 39 Bihang
349 2556 52 29 till
420 2555 206 38 riksdagens
646 2553 176 40 protokoll
842 2554 94 29 1962.
957 2553 20 29 9
996 2552 100 30 saml.
1116 2553 20 29 2
1156 2552 76 30 avd.
1252 2552 49 30 Nr
1322 2552 39 29 17
