2216 2620
661 140 354 42 Bevillningsutskottets
1038 138 190 31 betänkande
1252 136 52 32 Nr
1326 136 50 30 I4.
1741 132 36 30 13

834 271 361 43 Reservationer:

344 396 47 23 av
424 385 128 32 herrar
578 383 156 34 Jonsson
760 381 12 33 i
800 380 181 41 Hökhult,
1010 378 177 41 Eliasson,
1216 377 184 34 Johannes
1427 368 161 39 Åkesson
1617 373 68 33 och
1713 373 107 33 Jöns-

209 448 64 21 son
300 437 12 32 i
340 434 170 41 Fridhill,
539 433 103 33 vilka
669 431 142 34 anfört:

345 482 453 44 »Bevillningsutskottets
832 480 122 34 beslut
984 481 56 31 att
1070 477 79 34 icke
1182 477 95 33 blott
1305 474 188 43 tillstyrka
1521 472 141 43 Kungl.
1692 471 128 42 Maj:ts

211 535 233 45 proposition
486 545 43 22 nr
570 532 71 34 365
683 543 60 22 om
777 529 183 45 utvidgad
988 527 246 43 användning
1261 537 47 22 av
1336 524 200 43 sulfitsprit
1562 522 59 34 för
1648 521 173 35 tekniska

212 587 68 33 och
308 584 185 35 likartade
521 582 188 42 ändamål,
739 584 91 31 utan
860 583 57 31 att
943 582 106 39 även,
1078 577 49 44 på
1154 576 122 44 grund
1306 586 47 23 av
1381 573 145 36 enskild
1554 573 154 41 motion,
1728 574 92 31 utan

213 636 127 35 vidare
380 634 152 35 förorda
572 632 185 45 åtgärder,
798 631 219 43 varigenom
1058 627 166 35 nämnda
1265 626 95 43 sprit
1387 628 107 40 göres
1523 622 213 45 tillgänglig
1762 621 60 35 för

212 684 394 46 förtäringsändamål,
636 684 98 33 hava
760 683 37 33 vi
825 682 80 33 icke
935 681 145 33 kunnat
1107 678 159 34 biträda.

240 779 2 3 |
347 737 98 34 Utan
487 738 55 31 att
581 735 12 33 i
634 734 104 34 detta
778 732 276 41 sammanhang
1086 731 167 41 upptaga
1281 727 56 34 till
1366 724 280 36 skärskådande
1675 724 73 33 alla
1777 723 44 34 de

213 800 47 22 av
301 787 180 34 utskottet
521 784 243 42 fullständigt
803 781 207 36 obeaktade
1051 778 332 43 omständigheter,
1425 787 79 23 som
1541 775 76 43 före
1645 785 45 22 en
1718 773 105 43 dylik

213 837 244 43 omläggning
496 835 118 42 enligt
652 833 84 34 vårt
771 831 245 36 förmenande
1048 831 87 33 böra
1165 830 150 33 komma
1343 827 56 34 till
1428 824 272 44 övervägande,
1729 822 94 44 vilja

214 889 36 32 vi
278 890 78 31 mot
383 886 200 34 utskottets
612 884 225 34 hemställan
866 881 163 43 åberopa
1056 880 134 34 endast
1217 881 64 39 ett,
1310 888 85 23 men
1420 879 52 31 ett
1491 874 214 45 avgörande
1725 874 97 33 skäl:

214 937 191 36 saknaden
439 947 47 23 av
512 934 107 44 varje
647 934 203 42 utredning
878 944 60 22 om
966 931 89 34 eller
1080 930 143 42 förslag
1249 929 57 34 till
1334 939 52 32 ny
1413 925 327 43 tillverkningslag
1765 923 59 35 för

214 989 216 44 spritvaror.
484 986 168 35 Behovet
684 996 48 23 av
764 984 125 34 denna
920 981 242 43 nödvändiga
1194 978 275 43 förutsättning
1495 976 58 35 för
1580 975 154 44 frågans
1762 975 61 33 be-

215 1038 186 36 dömande
442 1038 68 34 har
545 1036 161 44 tidigare
733 1035 109 34 blivit
868 1033 165 44 påpekat
1060 1043 48 23 av
1134 1028 458 46 nykterhetskommittén,
1622 1038 80 22 som
1729 1026 12 33 i
1770 1028 54 31 ett

214 1089 187 35 infordrat
431 1087 176 45 yttrande
640 1087 129 34 därom
802 1084 137 42 anfört,
974 1086 54 32 att
1059 1081 256 44 >prövningen>
1344 1091 48 22 av
1419 1078 123 34 denna
1569 1077 109 43 fråga
1706 1075 119 35 måste

216 1140 84 35 med
340 1138 285 44 nödvändighet
665 1135 202 45 »förbindas
906 1133 78 35 med
1023 1131 246 36 utarbetandet
1310 1142 47 23 av
1389 1141 45 23 en
1467 1141 51 31 ny
1546 1127 279 43 tillverknings-

215 1190 267 45 lagstiftning».
536 1188 193 36 Utskottet
756 1187 69 33 har
851 1185 81 34 icke
960 1185 145 33 kunnat
1132 1181 129 45 undgå
1289 1184 56 31 att
1371 1181 131 33 beröra
1526 1179 105 34 detta
1649 1177 176 44 yttrande

216 1242 68 34 och
313 1240 133 35 därvid
474 1239 122 34 tillika
623 1238 127 34 funnit
777 1237 58 43 sig
861 1236 149 43 tvingat
1037 1237 56 32 att
1118 1232 169 35 vitsorda
1316 1231 85 34 dess
1428 1229 184 44 giltighet.
1654 1228 85 34 Men
1767 1230 59 31 ut-

216 1292 138 34 skottet
382 1291 69 33 har
477 1289 169 44 tydligen
674 1290 93 32 trott
793 1288 58 42 sig
877 1287 129 33 kunna
1033 1283 158 45 kringgå
1218 1282 64 34 det
1309 1280 160 35 sålunda
1496 1278 220 45 uppställda
1743 1278 83 33 kra-

215 1344 64 32 vet
305 1352 135 33 genom
468 1343 57 31 att
552 1338 148 42 föreslå,
729 1341 56 31 att
812 1335 319 36 sulfitfabrikerna
1159 1333 232 35 omedelbart
1409 1331 138 34 erhölle
1565 1328 168 44 tillfällig
1750 1330 77 32 rätt

217 1395 55 32 att
312 1391 190 35 »tillverka
543 1390 69 34 och
649 1391 167 42 avyttra»
849 1385 311 44 förtäringssprit,
1194 1384 96 34 blott
1316 1381 200 43 riksdagen
1546 1379 195 43 samtidigt
1768 1381 58 31 ut-

217 1443 126 35 talade
383 1443 58 43 sig
480 1441 58 35 för
578 1452 45 23 en
664 1439 204 43 utredning
899 1449 60 23 om
988 1448 44 23 en
1060 1448 52 31 ny
1139 1432 339 44 tillverkningslag.
1534 1430 192 36 Utskottet
1751 1428 75 35 för-

217 1493 111 36 ordar
368 1492 110 35 alltså
519 1503 44 23 en
597 1490 118 35 sådan
748 1489 163 43 ordning
937 1488 58 34 för
1021 1486 154 44 frågans
1202 1485 162 42 lösning,
1394 1485 56 32 att
1477 1480 248 36 omförmälda
1752 1480 75 34 till-

217 1544 112 35 stånd
369 1543 89 43 först
496 1543 147 33 lämnas
684 1542 68 33 och
785 1542 55 32 alt
867 1538 154 43 därefter
1048 1536 203 43 utredning
1278 1535 69 34 och
1375 1531 268 37 utarbetandet
1669 1531 84 34 sker
1781 1541 48 23 av

218 1596 71 34 den
321 1594 250 44 lagstiftning,
605 1604 79 23 som
717 1591 95 35 skall
843 1590 94 41 visa,
971 1587 188 35 huruvida
1191 1586 70 34 och
1288 1584 121 35 under
1435 1583 102 35 vilka
1564 1580 263 36 förhållanden

218 1646 69 34 och
314 1645 136 34 villkor
477 1642 209 36 tillståndet
713 1641 115 35 måtte
856 1641 118 43 givas.

352 1695 57 34 Då
436 1695 49 42 vi,
513 1693 161 35 frånsett
706 1692 138 44 många
876 1691 129 42 övriga
1032 1688 249 43 anledningar
1299 1686 57 34 till
1375 1684 138 36 tvekan
1532 1682 160 36 rörande
1708 1681 120 36 sulfit-

218 1747 161 43 spritens
399 1744 246 44 användning
663 1744 56 34 till
733 1739 399 48 förtäringsändamål,
1152 1739 13 33 i
1183 1737 107 43 varje
1309 1736 68 34 fall
1396 1735 80 34 icke
1495 1734 105 34 finna
1619 1745 60 23 oss
1698 1733 130 33 kunna

218 1797 149 35 biträda
408 1798 53 32 ett
488 1796 122 34 beslut
638 1794 142 42 därom,
808 1793 225 34 tillkommet
1059 1789 49 44 på
1136 1791 76 33 sätt
1239 1788 183 34 utskottet
1448 1797 51 22 nu
1527 1783 167 43 föreslår,
1722 1783 39 34 få
1789 1783 38 34 vi

220 1848 209 41 hemställa,

757 1914 50 32 att
839 1909 190 44 riksdagen
1060 1909 116 41 måtte,
1219 1905 78 35 med
1328 1905 122 43 avslag
1480 1905 21 33 å
1529 1904 43 33 hr
1600 1902 130 35 Thams
1756 1913 72 22 mo-

623 1964 74 34 tion
723 1974 45 22 nr
795 1962 29 34 I:
839 1962 86 42 172,
955 1960 134 34 besluta
1116 1958 127 43 bifalla
1272 1956 68 34 vad
1367 1955 134 43 Kungl.
1531 1953 103 44 Maj:t
1671 1953 13 33 i
1700 1963 131 32 propo-

623 2014 109 34 sition
759 2025 45 22 nr
830 2012 74 35 365
932 2009 204 36 hemställt.

355 2113 47 23 av
430 2101 85 34 herr
541 2100 162 42 Lövgren
730 2098 12 34 i
768 2097 169 44 Nyborg;
966 2098 98 32 samt

356 2198 42 23 ar
425 2186 84 34 herr
534 2185 157 35 Jönsson
717 2184 13 33 i
757 2183 90 34 Boa.
