2252 2616
445 148 17 30 2
888 143 362 42 Bevillningsutskottets
1273 143 194 31 betänkande
1490 144 54 29 Nr
1565 144 51 30 34.

1127 285 186 50 Förslag

403 387 61 32 till
487 387 222 40 förordning
731 386 188 41 angående
944 385 228 42 försäljning
1195 384 62 35 för
1281 385 96 34 vissa
1401 387 170 33 ändamål
1588 397 42 24 av
1647 390 265 34 odenaturerad
1928 393 109 41 sprit,

643 438 211 32 framställd
878 447 45 22 ur
947 437 193 33 avfallslut
1165 437 58 32 vid
1249 437 544 44 sulfitcellulosatillverkning.

537 554 231 44 Härigenom
796 553 203 35 förordnas
1029 564 80 23 som
1137 552 129 44 följer:

1178 673 16 32 1
1226 669 34 45 8.

537 756 131 36 Under
708 756 45 35 de
793 757 137 34 villkor
962 756 70 34 och
1059 757 58 33 till
1145 756 73 34 den
1246 756 239 43 myckenhet,
1515 768 80 24 som
1624 758 216 44 Konungen
1870 760 163 34 bestäm-

402 818 90 32 mer,
521 807 62 34 må
610 807 297 43 partihandlare,
936 818 131 23 varom
1086 807 12 33 1
1117 806 271 44 förordningen
1409 807 200 44 angående
1629 809 139 34 handel
1788 809 85 35 med
1893 810 141 35 skatte-

403 857 48 34 fri
479 858 96 43 sprit
602 857 189 43 förmäles,
819 857 146 43 jämväl
993 857 13 33 i
1033 857 120 34 andra
1180 856 80 44 fall,
1290 860 47 31 än
1365 858 12 33 i
1406 858 21 33 8
1457 855 23 44 $
1501 869 145 24 samma
1668 858 223 46 förordning
1910 872 122 30 avses,

402 908 60 34 för
493 908 297 43 vetenskapliga,
833 907 244 43 medicinska,
1119 907 305 43 farmaceutiska,
1463 909 185 43 tekniska,
1673 909 243 36 industriella
1945 912 90 33 eller

403 958 186 35 likartade
617 958 178 34 ändamål
822 957 161 44 försälja
1011 969 45 23 ur
1074 957 198 35 avfallslut
1290 958 63 34 vid
1369 958 533 47 sulfiteellulosatillverkning
1917 961 116 34 fram-

404 1009 113 34 ställd
546 1009 105 43 sprit,
681 1020 81 23 som
790 1008 33 44 ej
856 1008 275 35 denaturerats.

1182 1110 19 33 2
1231 1107 34 45 8.

539 1195 75 33 För
653 1194 240 43 försäljning,
927 1204 81 24 som
1040 1194 12 33 i
1080 1193 125 34 denna
1233 1193 223 44 förordning
1475 1205 120 32 avses,
1625 1195 94 33 skall
1747 1196 285 42 partihandlare

404 1244 153 44 påföras
598 1244 101 35 skatt
732 1245 117 43 enligt
875 1244 77 34 vad
979 1244 13 34 i
1023 1244 43 33 12
1095 1241 23 45 $
1150 1245 16 33 1
1198 1255 111 23 mom.
1338 1244 272 44 förordningen
1639 1244 196 44 angående
1863 1246 170 34 tillverk-

404 1296 93 42 ning
537 1307 48 22 av
624 1295 191 34 brännvin
844 1298 42 31 är
914 1294 164 44 stadgat,
1107 1294 70 34 och
1206 1294 106 34 skola
1339 1295 12 33 i
1378 1294 110 44 fråga
1517 1306 60 23 om
1606 1295 169 35 skattens
1803 1297 230 43 erläggande

405 1348 100 32 samt
535 1346 213 33 kontrollen
777 1345 159 34 däröver
963 1345 115 34 lända
1105 1345 57 34 till
1191 1344 249 35 efterrättelse
1468 1345 47 33 de
1543 1344 244 44 föreskrifter,
1815 1346 218 44 Konungen

404 1396 184 34 utfärdar.

1179 1463 20 33 3
1229 1459 34 45 8.

541 1546 226 35 Underlåter
806 1546 126 43 någon
974 1548 58 32 att
1071 1546 112 34 ställa
1211 1547 58 42 sig
1296 1546 56 34 till
1380 1545 252 35 efterrättelse
1660 1547 118 43 enligt
1805 1548 125 34 denna
1958 1549 75 34 för-

406 1597 163 43 ordning
609 1596 185 44 stadgade
825 1597 139 33 villkor
991 1597 89 34 eller
1107 1596 223 34 meddelade
1357 1595 249 44 föreskrifter,
1635 1597 150 35 straffes
1814 1598 85 34 med
1928 1599 109 34 böter

405 1647 86 35 från
533 1647 69 35 och
644 1647 85 34 med
769 1646 193 44 tjugufem
994 1647 58 34 till
1085 1647 69 34 och
1182 1647 86 34 med
1296 1649 54 32 ett
1376 1650 112 31 tusen
1517 1646 138 36 kronor
1682 1648 100 43 eller,
1811 1649 12 33 i
1851 1649 184 35 händelse

407 1697 375 44 omständigheterna
822 1700 65 31 äro
916 1697 242 43 synnerligen
1186 1696 258 43 försvårande,
1478 1696 86 35 med
1595 1697 169 45 fängelse
1792 1699 12 33 i
1831 1699 113 44 högst
1971 1711 63 23 sex

407 1748 192 42 månader,
642 1748 69 34 och
740 1748 95 34 have
863 1748 134 42 tillika,
1027 1747 68 35 där
1127 1747 34 43 ej
1197 1748 242 43 synnerligen
1468 1746 213 36 mildrande
1710 1749 326 44 omständigheter

406 1799 195 43 föreligga,
634 1798 179 35 förbrutit
839 1798 74 34 den
942 1798 106 43 sprit,
1076 1798 205 35 förseelsen
1309 1809 120 31 avser,
1457 1797 121 43 jämte
1605 1798 81 34 kärl
1714 1799 69 34 och
1812 1803 119 31 annat
1959 1812 77 23 em-

406 1850 160 43 ballage,
595 1849 81 34 vari
705 1849 141 43 spriten
874 1848 184 35 förvaras.

1185 1960 22 32 4
1236 1955 39 46 8.

544 2035 18 34 I
590 2035 123 44 övrigt
740 2035 106 35 skola
873 2035 335 34 bestämmelserna
1237 2035 55 34 uti
1321 2035 57 43 29,
1409 2035 59 43 30,
1499 2036 60 42 31,
1589 2037 45 34 32
1664 2036 70 34 och
1755 2036 45 34 33
1821 2032 48 45 $$
1888 2035 146 34 förord-

408 2087 141 42 ningen
577 2085 197 44 angående
802 2085 140 34 handel
971 2085 85 34 med
1085 2085 174 34 skattefri
1287 2086 95 42 sprit
1410 2085 12 33 i
1449 2086 229 45 tillämpliga
1706 2086 104 34 delar
1837 2085 117 35 lända
1977 2086 58 34 till

409 2136 260 35 efterrättelse.
