1878 2780
477 177 451 32 Konstitutionsutskottets
955 175 178 31 utlåtande
1159 184 42 20 nr
1228 175 49 29 16.
1590 170 38 30 37

172 266 223 32 Omedelbart
435 265 152 31 därefter
625 264 173 38 företages
837 261 204 41 preliminär
1081 257 399 39 röstsammanräkning,
1509 256 118 31 varvid

127 317 312 31 bestämmelserna
464 316 10 30 i
502 316 40 29 68
571 315 15 37 $
614 315 159 39 vallagen
800 313 97 30 skola
925 314 65 38 äga
1016 311 246 31 motsvarande
1289 308 232 41 tillämpning,
1549 307 79 29 med

128 368 225 39 iakttagande
374 377 43 20 av
439 368 51 29 att
512 367 64 29 vad
598 366 63 30 där
683 365 139 39 stadgas
844 373 57 22 om
924 363 189 30 valsedlars
1135 360 180 31 ordnande
1336 360 11 29 i
1370 367 149 32 grupper
1542 357 88 30 efter

127 418 324 40 väljarbeteckning
472 417 89 30 skall
582 416 89 40 gälla
692 415 178 30 ordnande
891 423 43 21 av
955 413 189 30 röstsedlar
1166 412 87 30 efter
1274 411 52 39 ja-
1347 410 65 31 och
1433 409 196 39 nej-röster.

173 469 179 30 Protokoll
371 468 91 30 skall
480 468 57 30 vid
556 466 258 39 förrättningen
834 465 96 30 föras
950 464 107 39 enligt
1077 462 183 34 formulär,
1280 470 75 22 som
1376 470 41 21 av
1437 460 193 38 Konungen

130 520 202 31 fastställes.

832 575 39 30 10
899 574 27 37 8.

175 638 113 31 Sedan
316 638 57 31 det
399 638 58 29 vid
484 634 498 41 omröstningsförrättningen
1012 633 100 30 förda
1140 631 210 41 protokollet
1379 630 158 40 upplästs
1566 629 65 30 och

130 689 79 30 dess
230 688 168 40 riktighet
420 687 195 31 bekräftats
637 697 42 20 av
702 685 237 32 ordföranden
962 684 64 30 och
1049 683 57 30 två
1128 692 42 21 av
1193 682 40 30 de
1255 680 226 33 närvarande,
1503 679 129 30 förkla-

130 749 58 21 ras
211 738 497 40 omröstningsförrättningen
732 736 171 30 avslutad.

177 789 463 40 Omröstningsförrättaren
680 787 166 30 insänder
886 786 153 30 därefter
1068 783 253 40 ofördröjligen
1351 782 52 30 till
1434 780 199 40 länsstyrel-

132 850 61 21 sen
218 841 41 29 de
283 840 195 39 förseglade
503 838 253 39 röstomslagen
782 838 91 29 samt
898 834 450 41 omröstningsprotokollet
1374 833 66 30 och
1465 832 169 38 röstläng-

132 892 78 30 den.
237 891 84 30 Sker
346 890 233 31 insändandet
604 889 79 30 med
710 889 133 40 posten,
871 887 90 30 skall
987 886 242 31 försändelsen
1256 884 176 31 anordnas
1458 892 74 21 som
1558 883 76 29 vär-

131 943 134 40 depost.

837 988 37 30 11
904 987 28 37 8.

178 1051 75 30 Vad
278 1052 12 30 i
314 1051 158 39 vallagen
498 1050 140 39 stadgas
663 1048 178 39 angående
868 1047 71 30 rätt
963 1046 55 30 för
1046 1045 132 40 väljare
1205 1046 50 29 att
1281 1044 56 30 vid
1363 1043 57 31 val
1446 1043 53 29 till
1525 1042 110 30 andra

133 1103 208 29 kammaren
369 1102 11 29 i
408 1101 95 30 vissa
530 1100 62 30 fall
621 1099 163 30 avlämna
812 1097 152 31 valsedel
993 1097 20 30 å
1040 1095 222 41 postanstalt,
1292 1093 231 41 beskickning
1553 1093 82 29 eller

133 1152 168 31 konsulat
325 1152 89 30 skall
441 1152 64 38 äga
528 1149 246 31 motsvarande
800 1147 224 41 tillämpning
1050 1148 19 30 å
1095 1147 67 29 den
1189 1155 74 21 som
1288 1145 57 30 vid
1372 1144 263 38 omröstningen

133 1203 131 30 önskar
286 1203 162 29 avlämna
471 1200 183 36 röstsedel;
679 1200 65 30 och
767 1199 98 31 skola
887 1199 12 29 i
922 1198 99 39 fråga
1045 1207 56 20 om
1125 1196 220 31 förfarandet
1368 1196 12 29 i
1403 1195 153 30 nämnda
1579 1204 56 20 av-

134 1254 126 30 seende
287 1253 89 40 gälla
402 1253 42 30 de
469 1252 11 30 i
506 1252 158 38 vallagen
693 1250 122 30 därom
840 1248 203 31 meddelade
1069 1247 321 30 bestämmelserna.

839 1335 39 29 12
906 1333 28 37 8.

177 1397 266 40 Länsstyrelsen
463 1396 99 34 skall,
583 1395 107 30 sedan
709 1394 219 38 röstomslag,
950 1391 413 40 omröstningsprotokoll
1383 1391 65 30 och
1467 1390 169 38 röstläng-

135 1449 61 30 der
223 1447 189 31 inkommit
438 1447 80 29 från
547 1446 68 29 alla
641 1443 383 40 omröstningsdistrikt
1049 1442 11 29 i
1088 1442 104 34 länet,
1220 1441 57 30 vid
1304 1440 163 40 offentlig
1496 1440 141 30 förrätt-

133 1500 86 40 ning
242 1498 189 31 verkställa
455 1495 313 39 sammanräkning
793 1503 41 21 av
858 1494 42 29 de
925 1493 95 30 inom
1046 1493 94 29 länet
1163 1492 147 39 avgivna
1333 1492 170 29 rösterna.

178 1549 187 40 Angående
391 1548 109 30 sådan
525 1545 234 39 förrättnings
782 1543 252 31 förberedande
1059 1543 65 30 och
1149 1542 258 31 verkställande
1434 1540 98 36 skall,
1557 1540 80 30 med

134 1600 224 39 iakttagande
377 1598 133 40 jämväl
531 1607 42 21 av
591 1595 312 31 bestämmelserna
922 1594 12 30 i
957 1593 127 31 14—16
1107 1593 37 37 $$
1168 1593 116 30 denna
1303 1593 64 39 lag,
1389 1592 66 30 vad
1476 1592 11 29 i
1509 1590 128 31 76—78

134 1652 165 29 ävensom
317 1650 39 30 83
375 1650 65 30 och
457 1648 41 31 84
517 1648 37 37 $$
572 1647 159 40 vallagen
749 1647 37 29 är
805 1646 136 39 stadgat
959 1654 56 21 om
1033 1643 391 39 röstsammanräkning
1438 1643 56 31 vid
1512 1642 54 31 val
1584 1641 52 30 till

134 1702 111 30 andra
266 1701 206 30 kammaren
495 1700 64 39 äga
578 1698 247 31 motsvarande
845 1695 235 41 tillämpning.

841 1781 38 30 13
903 1781 27 36 35.

180 1845 91 39 Ogill
293 1845 37 29 är
352 1842 179 35 röstsedel,
553 1842 53 30 till
627 1841 118 30 vilken
767 1841 149 31 använts
938 1841 109 28 annat
1069 1840 44 28 än
1135 1838 65 30 vitt
1222 1847 132 31 papper
1374 1837 83 31 eller
1480 1837 20 30 å
1522 1837 115 29 vilken

135 1896 116 30 finnes
270 1895 105 39 något
392 1893 252 34 kännetecken,
665 1901 74 21 som
758 1890 275 42 uppenbarligen
1052 1889 98 30 blivit
1168 1889 80 29 med
1267 1888 113 30 avsikt
1401 1888 62 30 där
1481 1887 156 39 anbragt.

180 1946 131 30 Finnas
331 1945 12 30 i
364 1946 48 29 ett
432 1944 201 30 röstkuvert
654 1942 58 31 två
733 1941 224 40 likalydande
978 1940 200 33 röstsedlar,
1199 1939 91 30 skall
1311 1938 149 31 allenast
1481 1948 44 21 en
1547 1937 90 31 sedel

135 1997 141 29 räknas.
298 1996 131 30 Finnas
450 1995 10 29 i
481 1997 108 28 annat
610 1994 63 29 fall
695 1994 45 29 än
761 2002 46 20 nu
831 1994 96 37 sagts
945 1992 12 29 i
978 1993 48 28 ett
1047 1991 200 30 röstkuvert
1271 1989 55 31 två
1346 1988 189 31 röstsedlar
1556 1987 83 31 eller

136 2047 119 31 finnas
275 2047 11 29 i
306 2048 47 28 ett
372 2046 200 30 röstkuvert
592 2045 90 30 flera
701 2045 45 29 än
765 2044 59 29 två
842 2042 201 33 röstsedlar,
1065 2042 59 29 äro
1145 2042 41 30 de
1207 2040 68 30 alla
1296 2040 113 39 ogilla.
1431 2040 70 29 Där
1521 2039 11 29 i
1551 2040 88 29 röst-

135 2098 126 30 kuvert
283 2097 116 30 finnes
421 2096 109 40 jämte
553 2094 168 31 röstsedel
743 2096 109 28 annat
875 2094 45 29 än
945 2093 108 30 sådan
1077 2091 103 36 sedel,
1205 2092 38 28 är
1265 2090 197 31 röstsedeln
1483 2089 90 40 ogill.

843 2176 39 30 14
905 2176 27 37 8.

181 2240 72 29 Har
270 2240 19 29 å
303 2239 170 30 röstsedel
490 2238 98 38 fråga
604 2238 179 29 besvarats
800 2235 222 31 annorlunda
1039 2235 44 29 än
1100 2234 79 29 med
1196 2234 36 38 ja
1250 2232 81 33 eller
1348 2232 70 39 nej,
1435 2232 82 32 eller
1534 2232 106 29 fram-

136 2290 61 39 går
212 2290 32 39 ej
264 2289 190 40 otvetydigt
470 2288 214 31 innebörden
702 2298 43 21 av
762 2288 123 31 svaret,
901 2295 105 22 anses
1023 2285 123 39 frågan
1163 2284 90 30 hava
1271 2284 152 31 lämnats
1440 2282 199 30 obesvarad.

843 2370 38 30 15
905 2369 27 37 8.

182 2432 292 39 Omröstningens
497 2431 129 39 utgång
647 2430 176 39 kungöres
846 2427 214 32 omedelbart
1083 2435 123 31 genom
1230 2425 212 42 uppläsning
1463 2435 42 20 av
1528 2426 113 39 proto-

138 2483 106 29 kollet
264 2484 80 29 över
364 2481 368 39 sammanräkningen.
754 2480 76 30 Med
852 2478 229 42 protokollets
1099 2477 213 41 uppläsning
1332 2477 38 30 är
1391 2475 250 39 omröstnings-

137 2533 257 40 förrättningen
418 2533 171 30 avslutad.
