1870 2766
283 164 17 29 2
628 162 285 30 Statsutskottets
934 162 179 30 utlåtande
1134 171 42 20 nr
1194 162 27 29 B
1243 162 40 29 14
1302 161 38 31 år
1362 161 84 30 1958

331 246 227 29 Beträffande
581 246 190 29 innehållet
793 246 10 28 i
827 246 66 29 den
916 245 241 38 nyssnämnda
1181 244 262 40 propositionen
1469 253 40 19 nr
1537 244 60 29 158
1623 244 50 28 till
1698 244 91 29 årets

287 296 94 29 förra
402 296 143 39 riksdag
567 298 87 27 samt
677 295 404 40 departementschefens
1103 295 9 28 i
1135 294 170 30 samband
1328 295 143 29 därmed
1494 294 124 39 gjorda
1639 294 150 28 uttalan-

287 347 66 28 den
372 346 130 29 tillåter
522 346 50 40 sig
592 346 170 28 utskottet
780 345 146 29 hänvisa
946 345 53 29 till
1019 345 154 29 nämnda
1194 344 228 39 proposition.

331 396 48 28 De
399 396 10 28 i
430 396 262 39 propositionen
717 395 97 30 1958:
833 395 60 29 158
914 395 197 38 framlagda
1132 394 176 39 förslagen
1330 394 122 39 avsågs
1472 394 11 28 i
1505 394 90 38 regel
1618 394 97 29 skola
1736 402 54 30 ge-

288 445 179 30 nomföras
488 445 42 29 fr.
551 455 29 20 o.
602 455 44 19 m.
666 446 67 28 den
755 446 13 28 1
790 445 66 39 juli
878 444 93 30 1958.
993 445 13 29 I
1026 444 136 40 princip
1183 444 64 29 har
1269 444 113 39 någon
1403 444 150 39 ändring
1573 444 216 29 härutinnan

288 497 131 27 ansetts
445 496 73 28 inte
543 495 84 30 böra
652 495 266 39 ifrågakomma,
945 495 122 29 oaktat
1092 495 206 38 riksdagens
1324 494 114 29 beslut
1464 494 10 29 i
1501 495 128 33 ämnet,
1658 494 130 29 sådana

287 545 269 30 förhållandena
575 545 195 29 sedermera
790 545 175 29 utvecklat
984 544 61 39 sig,
1065 545 71 29 inte
1155 545 70 29 kan
1244 546 124 28 väntas
1388 544 74 30 före
1483 544 68 29 den
1573 544 13 29 1
1608 544 66 39 juli
1696 543 93 30 1958.

288 595 11 28 F
318 595 204 39 anslutning
538 595 117 29 härtill
672 595 63 29 har
752 595 123 29 chefen
893 595 55 29 för
964 594 359 40 civildepartementet
1340 603 48 20 nu
1405 594 52 29 till
1474 594 213 39 behandling
1704 603 86 30 upp-

286 644 86 39 tagit
392 645 125 38 frågan
536 654 56 20 om
612 646 56 29 det
688 645 163 29 tekniska
872 644 288 39 genomförandet
1180 654 42 20 av
1242 644 147 30 berörda
1409 644 131 42 förslag
1561 645 165 28 ävensom
1749 653 42 20 av

286 695 92 29 vissa
398 695 111 29 andra
529 695 130 38 förslag
679 704 74 20 som
775 695 231 29 underställes
1026 695 186 38 riksdagen
1234 695 8 28 i
1265 696 107 27 annat
1393 694 256 41 sammanhang
1669 695 43 28 än
1733 694 57 29 det

287 744 239 29 förevarande.

331 869 13 28 I
365 868 229 30 förevarande
615 869 253 41 sammanhang
887 869 64 29 har
973 869 170 30 utskotlet
1163 869 50 28 till
1236 868 212 40 behandling
1468 868 155 30 förehaft

331 919 73 29 dels
429 918 58 30 två
514 918 223 40 likalydande
766 919 182 34 motioner,
976 919 126 30 väckta
1133 919 65 29 den
1228 928 65 20 ena
1320 919 96 29 inom
1445 918 112 30 första
1584 919 203 29 kammaren

287 977 42 20 av
346 968 80 30 herr
442 968 134 40 Sigfrid
591 970 151 29 Larsson
761 978 45 20 m.
823 969 38 39 fl.
885 970 46 33 (1:
946 971 26 29 B
993 968 78 37 100)
1095 969 64 29 och
1178 969 67 29 den
1263 969 110 29 andra
1391 969 96 30 inom
1506 969 110 29 andra
1632 969 159 29 kamma-

289 1028 60 20 ren
370 1028 40 20 av
430 1019 82 29 herr
530 1019 162 30 Hansson
712 1020 12 29 i
745 1019 139 40 Skegrie
903 1029 45 20 m.
969 1020 39 39 fl.
1034 1020 62 32 (II:
1112 1021 25 29 B
1154 1020 93 36 144),
1268 1020 12 29 i
1298 1020 96 30 vilka
1413 1021 199 29 hemställts
1633 1022 49 28 att
1701 1020 90 30 riks-

287 1069 110 39 dagen
416 1068 109 32 måtte
545 1068 146 35 besluta,
712 1071 51 28 att
784 1069 40 30 de
846 1070 37 29 11
905 1069 200 39 tjänsterna
1125 1070 116 29 såsom
1262 1069 108 31 förste
1391 1069 141 31 förman
1551 1069 58 30 vid
1630 1069 161 40 fångvår-

287 1119 85 29 dens
399 1118 281 40 jordbruksdrift
706 1119 110 30 måtte
843 1119 131 30 erhålla
1003 1120 176 39 placering
1209 1120 116 30 såsom
1354 1120 436 39 jordbruksföreståndare

292 1168 75 34 (10)
392 1169 196 39 respektive
608 1169 337 39 trädgårdsmästare
972 1170 54 33 (1)
1052 1170 10 29 i
1082 1170 166 39 lönegrad
1269 1171 28 30 A
1320 1171 54 34 11;

331 1219 72 29 dels
425 1219 57 29 två
503 1219 223 39 likalydande
747 1219 182 34 motioner,
950 1220 126 29 väckta
1098 1220 66 29 den
1186 1229 64 20 ena
1272 1220 94 29 inom
1390 1221 111 29 första
1523 1221 206 29 kammaren
1751 1230 40 19 av

287 1269 56 29 fru
366 1269 109 31 Gärde
498 1269 177 30 Widemar
694 1269 66 30 och
779 1269 56 29 fru
853 1270 307 29 Hamrin-Thorell
1184 1270 46 33 (1:
1247 1271 25 28 B
1294 1271 78 34 162)
1397 1271 64 29 och
1481 1271 66 29 den
1568 1271 109 29 andra
1695 1271 95 29 inom

288 1319 110 30 andra
413 1319 207 29 kammaren
636 1328 42 21 av
695 1319 124 30 fröken
839 1321 241 28 Wetterström
1098 1330 45 19 m.
1160 1321 38 38 fl.
1220 1322 62 33 (II:
1300 1323 25 29 B
1342 1321 96 34 212),
1456 1324 10 28 i
1484 1322 93 29 vilka
1594 1321 196 30 hemställts

288 1371 49 27 att
357 1369 188 39 riksdagen
562 1369 80 30 ville
662 1369 135 30 besluta
816 1370 10 28 i
847 1370 166 29 skrivelse
1034 1370 51 29 till
1106 1370 125 40 Kungl.
1252 1371 105 39 Maj:t
1377 1372 186 29 hemställa
1583 1381 57 20 om
1661 1371 130 40 förslag

288 1419 51 29 till
360 1421 48 28 ett
428 1419 158 40 etappvis
608 1419 272 39 genomförande
902 1429 42 20 av
966 1420 337 40 likalönsprincipen
1324 1422 10 28 i
1356 1422 55 29 det
1435 1422 139 39 statliga
1595 1422 195 39 avlönings-

289 1471 175 37 systemet,
484 1469 38 30 så
541 1470 49 29 att
610 1478 134 22 samma
762 1469 287 40 bottenlönegrad
1068 1471 159 29 kommer
1247 1472 49 29 att
1316 1472 88 38 gälla
1426 1472 53 30 för
1500 1473 94 29 såväl
1614 1474 83 28 män
1717 1482 73 20 som

288 1519 164 35 kvinnor;

332 1569 73 29 dels
422 1570 65 29 ock
504 1578 40 20 en
565 1570 95 29 inom
677 1569 110 30 andra
805 1570 205 30 kammaren
1028 1580 42 20 av
1086 1571 80 29 herr
1182 1573 152 29 Larsson
1352 1573 9 29 i
1381 1572 202 31 Stockholm
1600 1573 102 30 väckt
1720 1583 71 19 mo-

292 1619 70 29 tion
396 1619 105 32 (II:B
532 1620 94 34 211),
656 1622 9 28 i
695 1620 117 29 vilken
841 1620 196 31 hemställts
1067 1623 50 27 att
1147 1621 188 40 riksdagen
1364 1623 107 30 måtte
1502 1624 10 28 i
1543 1624 166 29 skrivelse
1739 1624 51 29 till

289 1669 124 39 Kungl.
436 1669 106 39 Maj:t
566 1669 139 30 anhålla
728 1679 57 20 om
809 1670 186 39 ulredning
1019 1680 41 20 av
1084 1671 182 39 möjlighet
1289 1673 50 28 att
1363 1672 115 30 införa
1502 1674 174 30 särskilda
1699 1675 93 29 löne-

289 1719 263 30 bestämmelser
580 1719 53 30 för
662 1720 299 39 polispersonalen
989 1721 11 28 i
1032 1721 211 36 Stockholm,
1274 1722 38 29 så
1340 1724 190 38 avpassade
1560 1726 50 27 att
1638 1725 154 39 rekryte-

289 1769 243 38 ringsbehovet
558 1769 157 40 lämpligt
740 1770 69 29 kan
836 1770 112 39 fyllas.

333 1820 12 29 I
371 1819 98 39 fråga
495 1828 57 20 om
576 1820 252 39 motiveringen
853 1821 51 28 till
930 1820 267 40 ifrågavarande
1222 1823 183 38 yrkanden
1431 1823 54 30 får
1511 1825 171 31 utskottet
1706 1825 86 29 hän-

291 1869 71 30 visa
392 1869 51 29 till
474 1870 195 39 respektive
699 1871 219 29 motionerna
949 1870 109 30 1:442
1090 1871 57 29 vid
1178 1872 92 29 årets
1303 1872 94 30 förra
1429 1874 152 39 riksdag,
1613 1876 176 29 motionen

290 1919 26 28 I:
333 1919 25 28 B
382 1919 59 29 162
464 1921 92 27 samt
576 1919 178 30 motionen
776 1920 44 29 II:
837 1920 60 29 387
918 1921 58 28 vid
997 1920 92 30 årets
1112 1921 94 30 förra
1227 1922 152 40 riksdag.

335 2045 185 30 Utskottet.
547 2046 50 29 De
622 2046 11 29 i
658 2046 263 39 propositionen
948 2057 41 19 nr
1019 2048 60 30 158
1106 2048 51 29 till
1185 2048 91 30 årets
1304 2049 95 31 förra
1426 2051 143 40 riksdag
1595 2051 196 40 framlagda

290 2095 175 39 förslagen
485 2095 178 40 angående
683 2096 409 40 lönegradsplaceringen
1112 2098 54 30 för
1184 2099 94 29 vissa
1298 2100 150 38 tjänster
1467 2111 45 21 m.
1532 2111 57 25 m.,
1609 2102 95 30 vilka
1722 2102 69 31 för-

291 2146 72 38 slag
381 2146 10 28 i
409 2146 188 29 huvudsak
615 2146 88 40 ånyo
722 2146 183 40 framlagts
923 2147 55 30 för
996 2148 188 40 riksdagen
1202 2157 124 30 genom
1344 2150 67 30 den
1430 2151 230 31 förevarande
1678 2153 114 39 punk-

290 2198 58 27 ten
367 2205 40 19 nr
427 2197 17 29 2
464 2196 11 29 i
495 2196 114 39 bilaga
628 2197 17 29 2
664 2196 52 30 till
737 2198 457 39 statsverkspropositionen
1213 2200 26 29 B
1259 2200 55 29 för
1332 2200 205 40 budgetåret
1559 2202 159 36 1958/59,
1738 2206 54 27 ut-

289 2246 61 38 gör
374 2246 184 29 resultatet
583 2255 41 21 av
649 2256 43 19 en
716 2248 340 30 överenskommelse
1083 2258 74 20 som
1181 2268 45 3 —
1250 2251 112 29 under
1387 2251 172 30 förbehåll
1586 2251 54 31 för
1664 2254 127 38 Kungl.

291 2296 123 38 Maj:ts
430 2296 66 29 och
512 2297 205 39 riksdagens
734 2297 256 39 godkännande
1004 2317 45 3 —
1065 2299 66 29 den
1148 2301 18 29 2
1184 2300 88 39 april
1293 2302 81 29 1938
1390 2301 144 31 träffats
1550 2302 80 30 med
1645 2302 147 40 tjänste-

289 2347 172 28 männens
489 2347 400 39 huvudorganisationer
916 2348 89 29 efter
1033 2348 277 41 förhandlingar.
1338 2352 110 29 Dessa
1474 2352 65 30 har
1566 2355 110 28 avsett
1704 2363 26 20 s.
1757 2353 34 30 k.

290 2395 171 39 B-frågor,
488 2396 32 29 d.
547 2406 31 20 v.
607 2406 25 20 s.
659 2397 131 39 förslag
818 2406 73 21 som
918 2398 223 31 beträffande
1166 2399 95 31 vissa
1287 2401 150 39 tjänster
1463 2403 83 29 eller
1572 2411 151 32 grupper
1751 2413 41 20 av

289 2445 149 39 tjänster
461 2454 100 22 avser
583 2447 230 40 omprövning
835 2457 41 20 av
897 2456 188 23 normerna
1107 2449 54 30 för
1182 2450 419 41 lönegradsplaceringen.
