1874 2788
298 129 41 30 20
662 129 330 32 Utrikesutskottets
1011 131 180 30 utlåtande
1208 141 44 20 nr
1269 132 21 30 2
1307 132 40 30 år
1365 132 84 30 1960

301 221 58 20 om
376 212 173 30 successiv
565 213 203 39 avveckling
783 222 43 21 av
840 213 107 30 tullar
961 214 65 29 och
1041 214 233 31 kvantitativa
1289 215 253 31 restriktioner.
1559 216 49 30 De
1625 216 175 30 särskilda

300 261 264 31 bestämmelser
586 272 75 22 som
683 263 107 40 gäller
811 263 45 40 på
877 264 229 31 förevarande
1127 265 142 30 område
1290 265 65 30 har
1375 265 205 40 begränsats
1600 266 52 30 till
1674 276 43 21 en
1739 267 61 29 all-

302 313 100 29 mänt
433 313 117 30 hållen
581 314 239 40 målsättning,
855 324 74 21 som
961 315 146 32 beaktar
1138 316 403 40 reciprocitetsintresset
1573 317 64 30 hos
1671 317 130 30 sådana

301 363 280 30 medlemsstater
602 373 75 21 som
696 364 12 30 i
728 365 152 30 särskild
900 366 85 39 grad
1005 367 38 29 är
1063 366 170 30 beroende
1254 376 42 20 av
1317 367 54 30 sin
1392 367 225 40 fiskeexport,
1638 370 92 29 samt
1753 368 47 29 till

302 422 44 20 en
371 413 196 40 skyldighet
591 414 56 30 för
669 414 98 31 rådet
791 417 50 28 att
866 415 75 30 före
964 416 176 39 utgången
1163 426 43 20 av
1228 417 40 30 år
1293 417 81 30 1961
1401 418 191 30 verkställa
1614 418 188 39 utredning

302 463 180 39 angående
506 464 268 31 förhållandena
798 465 11 30 i
834 466 101 39 fråga
956 475 58 21 om
1039 467 153 30 handeln
1217 468 79 29 med
1322 467 296 40 fiskeprodukter.
1644 469 13 29 I
1683 469 115 38 gräns-

302 513 316 41 dragningsfrågan
644 515 64 31 har
733 515 316 41 förhandlingarna
1073 517 126 30 främst
1224 517 150 30 kommit
1399 520 51 28 att
1474 518 251 31 koncentreras
1750 519 51 30 till

301 564 176 30 huruvida
498 564 204 41 djupfrysta
724 565 173 31 fiskfiléer
920 567 88 29 skall
1031 576 101 21 anses
1156 577 74 21 som
1252 568 240 30 industrivara
1513 569 82 29 eller
1617 569 87 30 icke.
1728 569 74 30 Den

302 614 142 40 slutliga
463 615 182 39 lösningen
664 615 146 31 innebär
829 618 51 28 att
900 616 41 30 de
960 617 162 31 hänförts
1142 617 52 30 till
1214 618 266 35 industrisidan,
1502 619 89 29 dock
1610 619 80 30 med
1709 619 94 30 vissa

301 663 183 31 förbehåll.
503 665 64 31 Det
585 665 147 30 innebär
751 665 55 30 för
825 666 143 30 svenskt
985 666 272 31 vidkommande
1276 667 128 31 främst
1422 670 50 28 att
1490 677 48 20 nu
1556 668 174 40 utgående
1748 669 52 29 in-

302 715 229 41 förselavgift,
550 716 40 31 45
610 718 58 29 öre
687 727 60 30 per
765 719 55 39 kg,
842 719 89 30 skall
951 720 128 30 sänkas
1098 721 79 30 med
1196 719 41 31 20
1257 723 144 37 procent
1420 721 66 29 den
1509 721 13 29 1
1543 721 66 39 juli
1632 720 83 30 1960
1735 721 63 30 och

300 766 156 30 därefter
482 768 188 30 successivt
696 768 183 31 avvecklas
905 769 57 30 vid
988 770 129 39 import
1143 770 78 30 från
1248 770 314 31 EFTA-länderna.
1590 771 59 30 Att
1675 771 124 30 märka

302 816 39 29 är
365 816 118 31 vidare
509 819 49 28 att
583 818 86 30 även
695 817 264 31 fiskkonserver
982 819 162 31 hänförts
1170 820 51 30 till
1247 820 267 31 industrisidan.
1541 821 126 40 Kungl.
1693 821 105 40 Maj:t

300 865 64 30 bör
388 866 132 30 erhålla
543 867 279 40 bemyndigande
846 870 50 28 att
919 869 95 30 vidta
1038 870 43 30 de
1105 870 188 40 ändringar
1318 871 10 29 i
1353 871 159 39 gällande
1537 871 263 40 regleringsför-

301 915 196 41 fattningar
514 917 44 40 på
575 917 126 31 fiskets
719 918 143 31 område
881 928 75 21 som
974 919 67 30 blir
1059 920 227 40 erforderliga
1305 921 52 30 till
1378 921 89 39 följd
1486 931 42 20 av
1546 922 115 30 denna
1680 923 120 38 gräns-

301 965 182 41 dragning.
511 967 103 30 Vilka
640 968 213 40 verkningar
880 978 75 21 som
982 970 323 40 gränsdragningen
1333 971 70 30 kan
1432 972 142 30 komma
1602 974 50 28 att
1680 972 37 30 få
1745 972 55 30 för

302 1016 151 30 svenska
474 1016 245 31 förhållanden
741 1019 38 28 är
801 1018 95 30 svårt
918 1021 50 28 att
990 1028 47 20 nu
1059 1019 145 31 förutse.
1226 1020 71 30 Mot
1319 1021 250 40 minskningen
1592 1031 41 21 av
1655 1022 144 40 import-

301 1065 150 40 skyddet
482 1066 71 30 står
583 1067 42 30 de
655 1068 111 30 ökade
797 1069 347 40 exportmöjligheter
1174 1079 74 21 som
1280 1071 232 39 uppgörelsen
1543 1072 148 30 medför.
1724 1071 73 31 Den

301 1116 152 30 svenska
480 1116 391 42 färskfiskregleringen
899 1118 119 31 berörs
1046 1120 75 29 icke
1149 1120 115 30 direkt
1292 1130 43 20 av
1362 1122 42 29 de
1432 1121 263 31 bestämmelser
1724 1131 73 22 som

299 1174 49 20 nu
368 1165 99 40 ingår
486 1166 10 29 i
515 1166 269 35 konventionen.
805 1168 68 29 För
891 1169 57 30 det
967 1168 62 31 fall
1049 1169 44 40 på
1113 1170 113 39 grund
1245 1180 43 20 av
1307 1171 324 40 gränsdragningen
1650 1172 84 30 eller
1753 1172 46 31 el-

299 1215 71 40 jest
389 1216 173 30 särskilda
581 1216 163 40 åtgärder
763 1218 113 30 skulle
895 1218 162 31 befinnas
1077 1219 183 40 påkallade
1281 1221 45 39 på
1345 1222 96 29 detta
1460 1221 142 31 område
1622 1222 56 30 får
1696 1223 102 30 dessa

299 1265 91 30 efter
411 1266 287 40 överläggningar
720 1268 79 29 med
821 1267 148 31 berörda
991 1269 227 31 intressenter
1240 1270 10 29 i
1274 1271 152 29 särskild
1449 1272 149 40 ordning
1620 1273 178 30 redovisas

300 1315 56 30 för
378 1316 197 40 riksdagen.

935 1471 224 34 Motionerna

342 1565 13 29 I
378 1565 219 30 motionerna
618 1567 29 28 I:
664 1567 60 29 511
749 1576 42 20 av
811 1567 82 29 herr
912 1568 176 39 Bengtson
1108 1578 47 20 m.
1175 1569 39 39 fl.
1235 1569 66 29 och
1323 1570 45 29 II:
1385 1570 61 30 635
1469 1579 42 21 av
1531 1570 81 30 herr
1632 1571 166 31 Hedlund

295 1623 47 21 m.
366 1614 39 40 fl.
431 1615 259 40 understrykes,
716 1619 49 27 att
789 1617 261 31 konventionen
1073 1619 112 30 måste
1208 1619 180 32 betraktas
1414 1620 115 30 såsom
1552 1630 44 21 en
1621 1630 176 21 samman-

295 1664 187 40 hängande
512 1666 128 30 helhet.
672 1667 261 31 Motionärerna
963 1668 193 40 tillstyrker
1187 1670 256 39 godkännande
1475 1680 43 20 av
1549 1672 155 39 Sveriges
1737 1681 59 21 an-

298 1715 158 42 slutning
475 1716 52 30 till
547 1717 260 30 konventionen
826 1719 12 29 i
859 1718 237 40 föreliggande
1117 1720 109 31 skick.

342 1766 219 30 Motionerna
583 1769 191 38 utmynnar
796 1768 12 30 i
831 1778 43 20 en
897 1769 222 37 hemställan,
1143 1773 50 27 att
1215 1771 188 40 riksdagen
1426 1772 58 30 vid
1508 1772 54 31 sin
1585 1773 213 40 behandling

297 1824 44 21 av
362 1817 262 39 propositionen
647 1817 108 31 måtte
777 1818 10 30 i
812 1819 167 30 skrivelse
1001 1820 53 30 till
1077 1821 125 39 Kungl.
1226 1822 106 39 Maj:t
1356 1822 142 30 anhålla

338 1866 37 34 a)
405 1876 57 21 om
482 1868 202 31 inrättande
704 1878 42 21 av
766 1871 50 28 ett
837 1870 209 40 näringsråd
1067 1872 79 29 med
1169 1874 281 38 representanter
1472 1873 56 31 för
1549 1874 247 40 näringslivets

291 1916 67 30 och
389 1917 353 32 arbetsmarknadens
773 1920 278 39 organisationer
1082 1924 91 27 samt
1202 1922 149 31 berörda
1382 1923 140 40 statliga
1551 1924 245 40 myndigheter

292 1966 11 30 i
321 1966 92 40 syfte
431 1970 49 28 att
497 1968 11 29 i
526 1968 94 30 olika
637 1969 196 30 avseenden
851 1970 200 30 underlätta
1070 1971 57 30 det
1146 1972 150 30 svenska
1314 1973 246 39 näringslivets
1579 1975 216 39 anpassning

292 2016 52 29 till
365 2016 362 37 EFTA-marknaden,

336 2065 38 34 b)
405 2076 57 20 om
482 2067 208 39 skyndsamt
710 2068 264 41 framläggande
995 2079 41 21 av
1055 2070 132 41 förslag
1206 2072 51 29 till
1279 2072 153 39 grunder
1453 2073 54 30 för
1528 2074 117 40 statlig
1665 2074 130 31 kredit-

291 2116 281 40 garantigivning
593 2117 52 30 till
667 2118 207 31 hantverks-
895 2119 65 30 och
982 2119 290 42 industriföretag
1294 2131 46 21 m.
1363 2132 45 20 m.
1431 2123 11 29 i
1466 2123 90 39 syfte
1578 2126 51 28 att
1651 2125 143 30 särskilt

292 2166 133 39 främja
443 2166 160 40 åtgärder
620 2167 11 30 i
651 2168 188 40 anledning
858 2178 43 21 av
919 2169 361 37 EFTA-marknaden,
1300 2172 121 30 varvid
1442 2172 133 41 åsyftas
1595 2177 50 28 att
1665 2175 130 30 kredit-

295 2215 178 38 garantier
497 2215 205 40 budgetåret
731 2217 147 36 1960/61
908 2218 58 31 må
991 2219 147 40 beviljas
1164 2220 90 30 intill
1281 2223 50 28 ett
1357 2221 125 41 belopp
1509 2232 42 21 av
1580 2223 61 30 135
1655 2223 64 31 000
1734 2224 63 30 000

291 2265 142 35 kronor,

335 2315 35 34 c)
401 2325 56 20 om
476 2316 278 40 bemyndigande
774 2317 55 30 för
849 2320 132 29 statens
1000 2319 327 39 jordbruksnämnd
1348 2323 51 30 att
1419 2322 88 31 efter
1526 2323 268 42 förhandlingar

290 2365 81 30 med
389 2365 226 39 jordbrukets
635 2366 443 42 förhandlingsdelegation
1098 2370 11 29 i
1129 2370 188 40 anledning
1338 2381 42 20 av
1400 2372 393 34 EFTA-konventionen

290 2415 66 30 och
376 2415 322 40 jordbruksavtalet
719 2417 79 29 med
820 2418 182 30 Danmark
1023 2418 194 41 framlägga
1239 2420 132 40 förslag
1391 2422 52 30 till
1467 2423 133 30 sådana
1621 2424 171 39 åtgärder,
