1876 2792
442 160 330 33 Utrikesutskottets
791 159 179 31 utlåtande
989 167 43 21 nr
1050 159 20 29 2
1087 158 40 30 år
1145 157 85 30 1960
1568 155 13 28 1

768 495 110 40 Nr
849 491 32 55 2

308 599 330 32 Utrikesutskottets
668 596 179 31 utlåtande
876 595 12 31 i
915 594 190 40 anledning
1133 593 74 30 dels
1235 601 43 22 av
1304 591 127 40 Kungl.
1458 590 125 40 Maj:ts

526 648 219 41 proposition
772 646 179 41 angående
980 644 257 41 godkännande
1267 651 44 22 av
1337 641 157 40 Sveriges
1524 649 60 21 an-

525 698 158 41 slutning
708 698 52 30 till
781 696 260 31 konventionen
1063 694 180 40 angående
1269 691 251 42 upprättandet
1541 699 42 21 av

526 749 219 40 Europeiska
766 744 576 44 frihandelssammanslutningen,
1364 752 46 21 m.
1431 751 57 29 m.,
1510 741 74 30 dels

527 801 65 29 ock
609 809 42 21 av
668 799 175 30 motioner
861 797 124 31 väckta
1005 796 12 30 i
1034 795 207 40 anslutning
1261 794 53 30 till
1331 793 108 40 sagda
1459 800 125 32 propo-

528 851 116 31 sition.

130 956 132 30 Genom
282 964 44 21 en
346 954 69 30 den
435 953 21 31 4
475 952 143 40 januari
641 951 84 31 1960
746 949 219 41 dagtecknad
984 947 229 42 proposition,
1237 955 42 20 nr
1299 945 52 35 25,
1373 945 65 29 har
1459 943 125 40 Kungl.

86 1006 116 40 Maj:t,
224 1005 113 30 under
358 1003 220 40 åberopande
600 1011 43 21 av
665 1000 264 42 propositionen
952 999 109 39 bilagt
1082 997 127 40 utdrag
1231 1005 43 21 av
1297 994 288 40 statsrådsproto-

86 1057 108 30 kollet
212 1057 83 29 över
310 1053 327 32 handelsärendena
654 1060 136 22 samma
807 1051 77 39 dag,
904 1048 180 40 föreslagit
1102 1047 189 39 riksdagen
1310 1048 51 28 att

131 1107 74 30 dels
228 1106 189 40 godkänna
439 1104 156 39 Sveriges
618 1101 205 40 anslutning
844 1101 53 30 till
920 1099 263 31 konventionen
1203 1098 68 29 den
1293 1096 20 30 4
1335 1095 143 41 januari
1503 1094 83 30 1960

88 1157 180 40 angående
288 1154 252 42 upprättandet
559 1163 43 21 av
621 1152 219 40 Europeiska
859 1147 580 39 frihandelssammanslutningen;

132 1208 75 30 dels
233 1207 188 39 godkänna
444 1207 50 28 ett
516 1203 175 41 protokoll
714 1203 69 30 den
806 1202 20 30 4
848 1200 143 42 januari
1016 1200 84 30 1960
1124 1198 151 31 rörande
1299 1196 223 40 tillämpning
1546 1204 43 20 av

88 1257 262 31 konventionen
370 1255 180 41 angående
569 1253 252 42 upprättandet
841 1261 43 21 av
903 1250 219 40 Europeiska
1142 1246 448 32 frihandelssammanslut-

90 1310 130 39 ningen
238 1310 11 29 i
269 1307 222 32 förhållande
510 1306 53 30 till
582 1304 271 32 Furstendömet
871 1300 275 36 Liechtenstein;

135 1360 74 30 dels
235 1359 189 40 godkänna
448 1366 43 21 en
516 1354 339 32 överenskommelse
881 1352 68 30 den
973 1352 20 29 4
1017 1349 144 42 januari
1189 1349 83 31 1960
1298 1348 130 30 mellan
1454 1346 137 39 Sverige

91 1410 66 30 och
186 1409 183 31 Danmark
400 1407 179 40 angående
610 1404 233 32 samhandeln
872 1403 81 31 med
982 1400 388 42 jordbruksprodukter
1399 1399 97 29 inom
1526 1397 68 29 den

92 1459 218 40 Europeiska
336 1454 580 39 frihandelssammanslutningen;

135 1510 74 30 dels
231 1508 211 41 bemyndiga
461 1507 126 40 Kungl.
609 1506 108 40 Maj:t
738 1507 51 28 att
811 1504 56 31 för
888 1503 155 39 Sveriges
1066 1502 55 29 del
1143 1501 188 39 godkänna
1353 1499 132 30 sådana
1507 1497 84 30 änd-

91 1561 120 39 ringar
231 1560 12 30 i
265 1558 233 32 förenämnda
518 1556 217 31 konvention
754 1555 111 40 jämte
886 1554 53 30 till
963 1554 117 29 denna
1101 1551 125 40 fogade
1248 1550 143 39 bilagor,
1413 1548 96 30 vilka
1529 1548 63 29 bör

93 1611 192 30 ankomma
303 1610 46 40 på
366 1608 127 40 Kungl.
514 1607 124 40 Maj:ts
660 1604 336 41 ställningstagande
1016 1603 66 30 och
1101 1602 97 30 vilka
1214 1601 77 30 icke
1310 1600 126 29 kräver
1454 1598 139 31 författ-

94 1660 255 41 ningsändring
369 1669 44 21 av
430 1657 249 32 beskaffenhet
697 1658 52 29 att
769 1655 141 41 påkalla
928 1653 208 40 riksdagens
1156 1651 229 35 medverkan;

138 1712 74 30 dels
232 1709 212 41 bemyndiga
467 1709 127 39 Kungl.
617 1707 107 40 Maj:t
747 1709 51 28 att
820 1706 141 39 vidtaga
985 1703 132 31 sådana
1143 1702 190 38 ändringar
1355 1701 12 29 i
1389 1699 205 40 reglerings-

95 1761 301 39 författningarna
413 1760 46 40 på
476 1758 227 41 jordbrukets
721 1757 67 30 och
804 1756 126 30 fiskets
947 1754 178 34 områden,
1143 1753 96 30 vilka
1257 1750 179 31 föranleds
1455 1759 42 20 av
1517 1750 78 30 Sve-

95 1813 91 39 riges
204 1811 206 39 anslutning
427 1810 53 30 till
497 1808 261 31 konventionen
776 1807 65 30 och
858 1806 96 30 vilka
970 1805 63 29 bör
1052 1804 192 30 ankomma
1261 1802 45 39 på
1324 1800 126 40 Kungl.
1470 1799 124 40 Maj:ts

97 1861 352 41 ställningstagande;

141 1913 73 30 dels
234 1912 65 30 ock
318 1910 212 40 bemyndiga
549 1909 126 39 Kungl.
697 1907 106 40 Maj:t
822 1908 51 29 att
892 1906 53 30 till
964 1904 182 31 Danmark
1167 1902 161 30 överföra
1348 1901 44 30 de
1411 1900 109 39 årliga
1539 1899 57 29 be-

98 1964 90 39 lopp,
220 1972 75 21 som
324 1961 187 31 förutsätts
540 1959 107 39 enligt
675 1956 233 33 förenämnda
938 1953 281 33 svensk-danska
1246 1946 349 48 överenskommelse,

99 2016 49 27 att
169 2013 84 39 utgå
271 2022 42 20 ur
332 2011 123 35 medel,
479 2019 75 21 som
573 2008 137 31 influtit
731 2007 116 31 såsom
867 2003 303 42 regleringsavgift
1191 2003 65 30 och
1278 2001 91 30 accis
1390 2001 20 29 å
1430 2000 168 30 fettvaror

100 2074 44 20 m.
167 2073 45 21 m.

146 2165 13 29 I
175 2163 170 31 samband
362 2163 79 29 med
456 2160 264 42 propositionen
735 2159 65 29 har
815 2158 170 29 utskottet
1001 2156 52 30 till
1068 2154 214 38 behandling
1298 2152 131 40 jämväl
1447 2150 153 30 förehaft

101 2214 159 39 följande
283 2214 11 28 i
318 2212 190 38 anledning
532 2220 41 20 av
596 2208 264 41 propositionen
884 2207 135 33 väckta,
1045 2205 52 29 till
1121 2204 171 29 utskottet
1315 2201 191 30 hänvisade
1529 2209 72 20 mo-

104 2265 125 29 tioner:

147 2315 96 28 inom
265 2313 112 29 första
397 2312 207 29 kammaren

148 2373 41 19 nr
213 2364 60 29 511
301 2372 42 20 av
367 2362 81 29 herr
471 2361 175 39 Bengtson
666 2368 45 20 m.
732 2358 37 39 fl.
795 2356 240 39 (likalydande
1054 2354 80 29 med
1154 2353 45 29 II:
1216 2352 95 34 635),

148 2423 41 20 nr
215 2414 62 29 512
303 2422 42 20 av
369 2412 81 29 herr
472 2410 179 30 Boheman
677 2406 241 41 (likalydande
938 2405 79 30 med
1037 2405 46 29 II:
1099 2403 97 34 638),

148 2473 41 20 nr
214 2464 63 29 513
303 2472 41 20 av
368 2463 81 29 herr
473 2461 182 29 Eskilsson
673 2469 46 20 m.
736 2458 38 40 fl.
798 2455 239 40 (likalydande
1056 2454 80 29 med
1155 2454 46 29 11:
1218 2452 94 34 643),

137 2532 8 24 1
192 2530 110 30 Bihang
314 2529 47 24 till
372 2529 169 29 riksdagens
552 2526 148 32 protokoll
713 2526 74 24 1960.
802 2525 17 24 5
835 2526 75 24 saml.
930 2523 15 24 1
963 2525 56 23 avd.
1041 2523 41 24 Nr
1100 2522 15 23 2
