1913 2840
279 188 16 27 2
655 174 278 34 Statsutskottets
949 171 173 33 utlåtande
1140 181 40 20 nr
1195 172 40 29 52
1254 168 36 32 år
1306 170 82 30 1967

280 260 165 40 nämligen
466 264 88 27 stora
576 256 299 40 arbetsstipendier,
898 254 70 32 små
990 253 124 32 arbets-
1136 251 60 32 och
1219 248 249 41 resestipendier
1490 251 86 28 samt
1597 245 168 41 pensions-

281 314 178 41 stipendier
480 313 61 32 och
563 312 161 40 tillfälliga
745 310 125 40 bidrag.
892 305 444 43 Stipendiemyndigheterna
1359 302 134 33 föreslås
1515 301 33 32 få
1571 301 68 31 dels
1663 302 104 30 större

282 369 99 33 frihet
406 371 42 29 än
473 380 44 19 nu
543 372 51 27 att
620 369 122 37 avgöra
767 364 158 32 villkoren
950 363 50 31 för
1025 359 342 42 stipendieinnehavet
1393 357 75 32 med
1494 356 130 39 hänsyn
1650 354 48 32 till
1726 354 40 31 de

277 424 150 40 speciella
454 422 227 32 förhållanden
707 431 70 20 som
804 419 94 31 råder
925 417 88 31 inom
1040 415 91 39 varje
1157 414 117 32 berörd
1302 413 283 38 konstnärsgrupp
1611 409 61 32 och
1699 409 68 31 dels

281 476 171 41 möjlighet
469 480 52 28 att
538 475 117 32 föreslå
672 485 41 20 en
729 471 253 34 koncentration
999 481 42 21 av
1059 468 200 41 tillgängliga
1276 467 104 31 medel
1399 466 42 39 på
1460 465 106 40 någon
1584 475 42 20 av
1644 462 121 40 stipen-

282 531 204 40 dietyperna.
508 526 375 43 Departementschefen
905 526 120 31 räknar
1047 522 179 33 emellertid
1249 521 75 32 med
1347 525 52 27 att
1422 530 147 30 gruppen
1593 517 174 32 författare

281 586 61 31 och
357 586 203 31 översättare
576 586 84 28 även
676 583 9 31 i
701 580 257 40 fortsättningen
974 579 82 32 skall
1071 578 140 32 tilldelas
1227 576 117 31 endast
1361 579 88 28 stora
1465 571 300 40 arbetsstipendier.

282 639 126 32 Sådant
425 637 200 41 stipendium
641 636 133 32 föreslås
789 636 114 31 kunna
919 634 79 40 utgå
1014 632 75 32 med
1104 632 97 39 högst
1219 633 37 29 15
1269 633 60 29 000
1346 630 47 30 kr.
1409 627 292 39 Minimibeloppet
1717 625 50 31 för

278 699 90 26 stora
391 691 291 41 arbetsstipendier
702 690 134 32 föreslås
858 688 45 33 bli
926 691 109 29 12000
1057 687 48 33 kr,
1127 686 61 31 och
1209 685 51 31 för
1281 684 71 31 små
1373 680 291 41 arbetsstipendier
1685 680 85 32 oför-

282 748 119 31 ändrat
425 751 16 27 4
456 750 59 28 000
540 747 47 30 kr.

324 888 17 30 I
357 888 93 30 detta
465 884 238 38 sammanhang
717 883 60 29 har
791 881 166 30 utskottet
971 878 182 31 behandlat

326 941 67 32 dels
412 940 58 32 två
488 936 212 42 likalydande
718 935 171 36 motioner,
909 933 122 31 väckta
1050 931 63 32 den
1133 940 61 21 ena
1213 928 89 33 inom
1321 927 104 32 första
1443 926 192 31 kammaren
1655 934 42 21 av
1717 923 52 31 fru

284 996 122 30 Diesen
425 994 60 31 och
504 993 73 30 herr
594 990 143 40 Lidgard
758 989 42 40 (I:
815 988 73 39 143)
909 987 60 31 och
990 987 63 30 den
1072 984 103 32 andra
1193 984 89 31 inom
1302 982 102 32 andra
1424 981 191 31 kammaren
1635 990 42 20 av
1696 978 75 31 herr

283 1047 235 33 Nordstrandh
537 1045 61 41 (II:
613 1044 85 40 185),
716 1043 10 31 i
743 1043 89 31 vilka
849 1040 171 37 motioner,
1038 1039 103 32 såvitt
1158 1048 44 21 nu
1220 1039 36 29 är
1272 1037 10 31 i
1299 1036 101 40 fråga,
1418 1034 184 32 hemställts
1620 1036 52 28 att
1688 1031 80 32 riks-

284 1102 105 40 dagen
419 1102 105 30 måtte
553 1100 129 31 besluta
711 1097 78 39 höja
819 1093 367 39 reservationsanslaget
1217 1091 48 31 till
1295 1086 369 41 Konstnärsstipendier
1694 1085 75 32 med

285 1159 38 29 75
337 1159 59 28 000
412 1156 119 30 kronor
545 1153 48 32 till
608 1156 18 27 2
640 1155 59 28 949
713 1154 60 28 000
788 1151 129 35 kronor,
932 1159 102 21 varav
1049 1150 39 28 75
1101 1149 60 29 000
1175 1146 121 31 kronor
1310 1144 81 32 skall
1406 1143 80 40 utgå
1501 1142 48 32 till
1564 1153 24 20 s.
1600 1141 32 31 k.
1648 1140 122 32 etable-

282 1211 101 39 rings-
402 1209 60 31 och
483 1205 338 41 utställningsbidrag;

324 1263 67 31 dels
411 1263 60 31 ock
490 1261 58 31 två
565 1258 212 40 likalydande
796 1256 171 38 motioner,
985 1256 123 30 väckta
1126 1254 63 31 den
1208 1264 61 20 ena
1287 1252 89 31 inom
1394 1251 104 31 första
1516 1250 192 30 kammaren
1727 1258 40 20 av

286 1317 111 31 herrar
419 1317 169 38 Bengtson
610 1314 61 32 och
693 1312 132 32 Dahlén
848 1311 42 40 (I:
904 1310 53 40 60)
981 1309 61 32 och
1064 1308 63 32 den
1151 1307 103 32 andra
1277 1305 89 32 inom
1389 1304 103 32 andra
1514 1304 193 30 kammaren
1730 1312 42 20 av

284 1371 111 30 herrar
415 1370 98 30 Ohlin
532 1368 61 32 och
613 1366 158 32 Hedlund
793 1365 61 40 (II:
868 1365 65 39 80),
953 1364 10 30 i
982 1363 89 30 vilka
1091 1361 172 36 motioner,
1284 1359 103 31 såvitt
1408 1369 43 20 nu
1473 1360 36 28 är
1529 1357 9 30 i
1557 1357 102 39 fråga,
1681 1356 89 30 hem-

285 1425 107 31 ställts
412 1428 51 26 att
482 1422 173 40 riksdagen
675 1421 106 31 måtte
801 1419 9 31 i
831 1418 154 32 skrivelse
1005 1417 48 31 till
1073 1415 123 40 Kungl.
1216 1413 104 39 Maj:t
1338 1413 121 39 begära
1480 1411 118 39 förslag
1619 1409 48 32 till
1691 1412 81 28 1968

285 1478 52 32 års
357 1477 131 40 riksdag
508 1487 54 21 om
584 1475 103 32 sådan
707 1472 204 40 utformning
932 1482 42 20 av
995 1467 412 40 konstnärsbelöningarna
1429 1470 52 27 att
1502 1465 40 31 de
1563 1464 9 32 i
1594 1466 103 30 större
1719 1467 53 27 ut-

285 1530 189 40 sträckning
493 1529 187 40 tillgodoser
697 1527 144 32 behovet
860 1537 41 19 av
921 1523 209 33 ekonomiskt
1148 1522 74 31 stöd
1240 1521 49 32 till
1307 1520 162 39 förtjänta
1487 1520 205 30 konstnärer.

327 1583 215 33 Beträffande
571 1581 239 40 motiveringen
838 1579 49 32 till
915 1576 251 42 ifrågavarande
1193 1575 172 40 yrkanden
1393 1573 154 32 hänvisas
1577 1572 49 31 till
1655 1570 118 33 motio-

287 1650 102 21 nerna
404 1638 28 32 I:
447 1641 58 28 143
521 1636 61 33 och
597 1636 47 32 II:
658 1639 49 28 80.

330 1776 183 32 Utskottet.
535 1773 113 41 Enligt
669 1773 123 39 Kungl.
812 1770 120 40 Maj:ts
954 1769 119 40 förslag
1097 1768 102 31 skulle
1221 1766 105 32 under
1347 1764 215 33 förevarande
1584 1762 110 40 punkt
1716 1773 57 20 an-

286 1830 87 32 visas
390 1833 18 27 2
421 1833 60 28 874
495 1832 59 28 000
571 1829 47 30 kr.
635 1827 48 32 till
700 1823 366 40 konstnärsstipendier,
1083 1822 104 31 vilket
1204 1821 136 31 innebär
1357 1831 40 19 en
1414 1816 268 41 anslagshöjning
1698 1815 75 31 med

288 1887 60 28 300
362 1887 59 28 000
445 1884 48 30 kr.
515 1883 10 31 i
547 1880 204 33 förhållande
774 1879 48 31 till
846 1877 223 33 innevarande
1091 1875 173 40 budgetår.
1288 1873 119 32 Vidare
1431 1872 102 32 skulle
1557 1871 105 31 under
1685 1872 89 29 näst-

287 1937 145 39 följande
456 1936 108 39 punkt
588 1934 131 32 anvisas
743 1936 59 28 600
816 1935 60 29 000
899 1932 48 31 kr.
970 1931 49 31 till
1042 1927 378 40 konstnärsbelöningar,
1444 1925 104 32 vilket
1573 1924 136 32 innebär
1734 1934 41 20 en

287 1988 268 41 anslagshöjning
582 1988 74 31 med
685 1990 111 28 75000
824 1987 48 30 kr.
899 1985 68 31 Det
994 1982 248 40 sammanlagda
1270 1982 155 38 beloppet
1453 1991 42 20 av
1523 1977 253 41 ifrågavarande

289 2043 213 32 ekonomiska
522 2040 253 33 konstnärsstöd
796 2040 49 30 för
865 2041 95 28 nästa
980 2036 162 41 budgetår
1163 2036 102 31 skulle
1286 2034 96 32 alltså
1403 2036 116 37 utgöra
1541 2036 18 28 3
1572 2035 61 28 474
1646 2035 59 28 000
1728 2031 47 31 kr.

288 2097 83 32 Med
397 2097 128 38 hänsyn
549 2095 50 32 till
623 2095 57 31 det
705 2096 79 29 nära
809 2091 161 34 samband
995 2101 70 21 som
1091 2090 95 31 råder
1210 2089 120 31 mellan
1355 2088 40 31 de
1420 2087 88 31 båda
1534 2085 241 33 stödformerna

288 2151 180 33 behandlar
487 2150 167 31 utskottet
674 2149 75 30 dem
769 2147 60 31 här
848 2146 9 31 i
877 2150 49 27 ett
947 2144 249 39 sammanhang.

330 2205 52 30 Av
408 2202 363 39 statsrådsprotokollet
797 2199 144 41 framgår
966 2202 52 28 att
1045 2198 57 31 det
1129 2196 133 40 statliga
1288 2194 290 32 konstnärsstödet
1605 2192 105 31 under
1737 2192 41 30 de

292 2262 129 27 senaste
444 2257 65 31 fem
533 2256 204 39 budgetåren
761 2255 120 39 byggts
905 2257 38 27 ut
966 2252 10 32 i
1000 2251 87 32 olika
1111 2250 195 32 avseenden.
1331 2249 157 39 Anslaget
1513 2247 48 31 till
1587 2247 191 31 konstnärs-

289 2312 178 40 stipendier
484 2311 59 31 har
561 2310 138 31 sålunda
717 2309 81 31 ökat
815 2308 73 30 med
908 2318 69 19 mer
994 2308 42 29 än
1055 2308 18 28 2
1091 2304 80 39 milj.
1190 2304 47 31 kr.
1256 2303 60 31 och
1335 2302 50 31 för
1403 2304 94 29 nästa
1516 2300 162 40 budgetår
1697 2299 82 31 före-

292 2366 63 32 slås
374 2376 40 20 en
433 2364 190 40 ytterligare
642 2362 123 40 ökning
785 2361 74 32 med
880 2364 59 28 300
953 2363 59 28 000
1033 2360 48 30 kr.
1100 2357 148 40 Ändring
1269 2357 9 31 i
1298 2356 87 32 olika
1405 2354 186 33 avseenden
1612 2365 42 20 av
1675 2364 103 20 nuva-

290 2419 101 31 rande
417 2416 411 41 stipendiebestämmelser
853 2415 59 30 har
938 2413 231 32 aktualiserats
1196 2410 101 40 enligt
1324 2410 86 31 vissa
1437 2408 143 40 angivna
1607 2407 169 39 riktlinjer,

291 2472 189 40 varigenom
497 2471 168 31 önskemål
682 2470 74 30 från
773 2466 393 41 stipendiemyndigheter
1183 2464 61 32 och
1262 2461 436 41 konstnärsorganisationer
1715 2461 62 31 till-
