1864 2782
268 139 38 28 14
619 139 284 29 Statsutskottets
930 139 178 30 utlåtande
1133 148 42 20 nr
1201 140 40 29 65
1266 140 39 29 år
1330 140 84 29 1956

268 222 19 29 3
301 222 62 29 265
379 222 62 29 000
470 222 130 29 kronor
628 223 45 39 på
700 222 259 40 befästningars
988 223 152 30 delfond.
1169 223 123 30 Denna
1319 224 256 39 uppskattning
1603 233 43 20 av
1674 225 97 29 över-

271 272 129 29 skottet
416 272 65 30 har
501 273 88 38 legat
607 272 52 30 till
678 273 113 39 grund
809 273 54 29 för
882 274 67 29 den
968 273 96 30 förut
1082 273 123 39 gjorda
1222 273 240 39 beräkningen
1481 283 42 20 av
1541 274 228 39 ersättnings-

272 323 177 38 anslagen.

317 422 185 30 Utskottet.
530 424 74 29 Den
631 424 212 29 verkställda
868 424 239 39 beräkningen
1133 433 42 21 av
1201 424 233 39 reparations-
1461 425 65 29 och
1552 424 221 30 underhålls-

270 473 237 29 kostnaderna
525 473 64 30 har
608 473 92 30 skett
717 474 12 28 i
748 474 346 29 överensstämmelse
1113 475 78 29 med
1210 475 41 29 de
1271 474 54 30 för
1343 474 238 31 innevarande
1599 475 170 39 budgetår

272 523 111 39 följda
403 523 234 40 principerna.
659 524 78 29 Med
757 524 136 39 hänsyn
914 524 54 29 till
988 525 58 29 det
1067 524 178 30 allmänna
1265 524 231 30 ekonomiska
1518 525 90 39 läget
1628 525 65 29 har
1714 526 57 29 de-

270 573 340 38 partementschefen
633 573 193 30 emellertid
849 573 55 30 för
928 574 161 39 samtliga
1111 574 181 30 delfonder
1313 574 183 39 föreslagit
1518 584 42 21 en
1582 575 189 30 reduktion

272 624 77 29 med
365 624 98 29 cirka
481 624 72 30 fem
568 626 144 38 procent
729 634 42 19 av
787 625 41 29 de
845 625 122 35 medel,
986 634 76 20 som
1078 625 119 30 äskats
1215 625 55 30 för
1288 626 148 38 löpande
1454 625 234 39 reparations-
1705 625 65 29 och

270 674 348 30 underhållsarbeten
649 676 91 28 samt
770 676 131 28 smärre
931 675 384 39 förbättringsarbeten.
1347 675 94 30 även
1471 676 191 34 äskanden,
1694 684 75 21 som

271 733 79 21 avse
370 724 144 30 arbeten
534 734 42 20 av
596 725 110 29 större
726 725 222 39 omfattning,
969 726 47 28 ha
1034 725 207 30 behandlats
1262 726 113 29 starkt
1395 726 205 29 restriktivt.
1623 726 74 30 Vad
1719 725 53 30 så-

271 775 107 29 lunda
396 774 199 40 föreslagits
614 784 103 30 synes
735 775 84 30 böra
837 776 177 39 godtagas.
1034 776 49 29 De
1101 776 43 39 på
1164 776 171 38 grundval
1353 775 110 30 härav
1480 776 199 39 uppgjorda
1697 776 74 29 kal-

271 825 145 39 kylerna
434 825 47 29 ha
498 825 76 30 icke
592 825 84 39 givit
695 825 169 30 utskottet
883 825 189 40 anledning
1091 825 52 30 till
1161 825 151 31 erinran.
1333 826 67 29 Vid
1419 826 55 29 sin
1493 826 217 39 granskning
1729 835 44 20 av

270 874 66 29 den
359 874 123 39 gjorda
506 874 239 41 beräkningen
767 875 11 29 i
800 874 111 40 övrigt
935 884 43 21 av
1001 876 66 29 den
1090 885 41 21 av
1153 876 126 39 Kungl.
1304 875 105 40 Maj:t
1433 876 199 39 föreslagna
1655 878 116 28 staten

268 925 54 29 för
343 924 191 31 försvarets
556 925 272 40 fastighetsfond
848 926 64 29 har
934 926 171 29 utskottet
1124 926 76 30 icke
1220 926 107 29 heller
1349 926 119 29 funnit
1489 926 104 39 något
1615 935 83 21 vara
1719 928 51 27 att

268 975 126 30 erinra.
418 976 177 30 Utskottet
618 976 193 39 tillstyrker
834 977 103 30 alltså
960 977 58 29 det
1042 977 195 39 framlagda
1262 976 248 40 statförslaget,
1534 985 106 21 varav
1664 977 105 39 följer

270 1027 49 27 att
339 1025 383 40 ersättningsanslagen
742 1027 110 29 under
872 1026 237 40 vederbörliga
1130 1026 182 30 delfonder
1331 1027 85 30 böra
1437 1026 169 41 uppföras
1627 1027 80 30 med
1729 1036 42 20 av

269 1076 125 39 Kungl.
410 1077 107 38 Maj:t
531 1077 129 30 äskade
675 1077 134 39 belopp.

316 1127 176 29 Utskottet
510 1127 211 35 hemställer,

626 1180 51 27 att
697 1177 186 40 riksdagen
902 1178 57 29 må

621 1228 35 33 a)
679 1228 185 39 godkänna
881 1228 58 30 vid
957 1228 383 40 statsrådsprotokollet
1358 1229 81 30 över
1458 1228 311 30 försvarsärenden

582 1278 54 30 för
659 1279 67 29 den
749 1278 18 30 3
791 1278 154 30 februari
971 1279 83 29 1956
1078 1279 116 29 såsom
1215 1279 115 39 bilaga
1352 1279 97 39 fogat
1471 1279 131 39 förslag
1626 1279 53 29 till
1703 1280 69 28 stat

583 1329 54 29 för
657 1328 189 30 försvarets
867 1328 273 40 fastighetsfond
1160 1329 54 29 för
1234 1329 206 39 budgetåret
1462 1329 157 35 1956/57;

621 1378 38 34 b)
689 1378 53 30 till
759 1378 205 39 Ersättning
983 1378 52 29 till
1051 1379 190 39 försvarets
1259 1379 276 40 fastighetsfond
1553 1379 55 30 för
1626 1379 143 40 budget-

577 1428 74 30 året
677 1428 146 35 1956/57
849 1428 112 30 under
985 1428 115 39 fjärde
1124 1428 222 30 huvudtiteln
1371 1429 122 30 anvisa
1517 1429 157 39 följande
1700 1429 69 31 för-

579 1478 225 40 slagsanslag,
830 1479 177 39 nämligen
1033 1479 110 29 under

1575 1549 110 23 Kronor

579 1598 149 29 Arméns
747 1597 142 30 delfond
915 1621 604 7 ....osssseeesersrsr
1290 1593 33 46 ss
1334 1593 32 46 re
1380 1593 75 46 error
1469 1593 52 46 era
1573 1597 40 30 32
1627 1597 63 30 956
1707 1597 62 30 000

580 1647 176 30 Marinens
785 1648 142 29 delfond
962 1672 559 6 ..s...ss.ossssecescersr
1381 1643 35 46 rs
1427 1643 32 46 sr
1470 1643 55 46 ora
1577 1648 38 29 10
1630 1647 63 30 250
1708 1647 63 30 000

578 1698 232 39 Flygvapnets
832 1698 142 30 delfond
1005 1722 514 6 ............-sssoscsoc
1468 1693 54 48 ro.
1576 1698 38 30 18
1628 1697 63 31 483
1707 1698 63 29 000

577 1748 263 39 Befästningars
869 1748 144 30 delfond
1049 1772 470 6 .........ossssoosorser.
1575 1749 38 29 15
1629 1748 59 30 781
1706 1748 63 30 000

313 1848 202 30 Stockholm
534 1849 66 30 den
618 1849 18 29 6
655 1849 90 39 april
766 1849 80 29 1956

760 1950 46 30 På
826 1949 278 30 statsutskottets
1125 1950 144 39 vägnar:

805 2050 172 29 MARTIN
997 2050 235 30 SKOGLUND

313 2207 242 30 Närvarande:
577 2217 34 20 se
632 2208 111 30 under
762 2208 195 30 utlåtandet
977 2217 41 20 nr
1039 2208 50 30 64.
