<?xml version="1.0" encoding="UTF-8"?>
<alto xmlns="http://www.loc.gov/standards/alto/ns-v3#" xmlns:xlink="http://www.w3.org/1999/xlink" xmlns:xsi="http://www.w3.org/2001/XMLSchema-instance" xsi:schemaLocation="http://www.loc.gov/standards/alto/ns-v3# http://www.loc.gov/alto/v3/alto-3-0.xsd">
	<Description>
		<MeasurementUnit>pixel</MeasurementUnit>
		<sourceImageInformation>
			<fileName>/tmp/tess_kj8m73_s_input.PNG</fileName>
		</sourceImageInformation>
		<OCRProcessing ID="OCR_0">
			<ocrProcessingStep>
				<processingSoftware>
					<softwareName>tesseract 5.3.0</softwareName>
				</processingSoftware>
			</ocrProcessingStep>
		</OCRProcessing>
	</Description>
	<Layout>
		<Page WIDTH="2139" HEIGHT="2652" PHYSICAL_IMG_NR="0" ID="page_0">
			<PrintSpace HPOS="0" VPOS="0" WIDTH="2139" HEIGHT="2652">
				<ComposedBlock ID="cblock_0" HPOS="731" VPOS="194" WIDTH="1052" HEIGHT="42">
					<TextBlock ID="block_0" HPOS="731" VPOS="194" WIDTH="1052" HEIGHT="42">
						<TextLine ID="line_0" HPOS="731" VPOS="194" WIDTH="1052" HEIGHT="42">
							<String ID="string_0" HPOS="731" VPOS="196" WIDTH="233" HEIGHT="40" WC="0.71" CONTENT="Lagulskottets"/><SP WIDTH="30" VPOS="196" HPOS="964"/>
							<String ID="string_1" HPOS="994" VPOS="195" WIDTH="173" HEIGHT="32" WC="0.96" CONTENT="Utlåtande"/><SP WIDTH="23" VPOS="195" HPOS="1167"/>
							<String ID="string_2" HPOS="1190" VPOS="195" WIDTH="66" HEIGHT="31" WC="0.93" CONTENT="N:o"/><SP WIDTH="26" VPOS="195" HPOS="1256"/>
							<String ID="string_3" HPOS="1282" VPOS="197" WIDTH="47" HEIGHT="29" WC="0.96" CONTENT="10."/><SP WIDTH="436" VPOS="197" HPOS="1329"/>
							<String ID="string_4" HPOS="1765" VPOS="194" WIDTH="18" HEIGHT="31" WC="0.96" CONTENT="9"/>
						</TextLine>
					</TextBlock>
				</ComposedBlock>
				<ComposedBlock ID="cblock_1" HPOS="634" VPOS="274" WIDTH="1196" HEIGHT="417">
					<TextBlock ID="block_1" HPOS="634" VPOS="274" WIDTH="1196" HEIGHT="417">
						<TextLine ID="line_1" HPOS="635" VPOS="274" WIDTH="1192" HEIGHT="51">
							<String ID="string_5" HPOS="635" VPOS="276" WIDTH="242" HEIGHT="49" WC="0.91" CONTENT="borgenären"/><SP WIDTH="42" VPOS="276" HPOS="877"/>
							<String ID="string_6" HPOS="919" VPOS="276" WIDTH="31" HEIGHT="49" WC="0.95" CONTENT="ej"/><SP WIDTH="44" VPOS="276" HPOS="950"/>
							<String ID="string_7" HPOS="994" VPOS="276" WIDTH="268" HEIGHT="37" WC="0.95" CONTENT="dessförinnan"/><SP WIDTH="43" VPOS="276" HPOS="1262"/>
							<String ID="string_8" HPOS="1305" VPOS="275" WIDTH="70" HEIGHT="37" WC="0.96" CONTENT="fått"/><SP WIDTH="34" VPOS="275" HPOS="1375"/>
							<String ID="string_9" HPOS="1409" VPOS="275" WIDTH="171" HEIGHT="50" WC="0.96" CONTENT="uppbära"/><SP WIDTH="32" VPOS="275" HPOS="1580"/>
							<String ID="string_10" HPOS="1612" VPOS="274" WIDTH="215" HEIGHT="50" WC="0.96" CONTENT="betalning;"/>
						</TextLine>
						<TextLine ID="line_2" HPOS="636" VPOS="327" WIDTH="1193" HEIGHT="50">
							<String ID="string_11" HPOS="636" VPOS="329" WIDTH="95" HEIGHT="37" WC="0.92" CONTENT="dock"/><SP WIDTH="43" VPOS="329" HPOS="731"/>
							<String ID="string_12" HPOS="774" VPOS="329" WIDTH="100" HEIGHT="48" WC="0.90" CONTENT="gälle"/><SP WIDTH="43" VPOS="329" HPOS="874"/>
							<String ID="string_13" HPOS="917" VPOS="329" WIDTH="32" HEIGHT="48" WC="0.96" CONTENT="ej"/><SP WIDTH="43" VPOS="329" HPOS="949"/>
							<String ID="string_14" HPOS="992" VPOS="328" WIDTH="13" HEIGHT="36" WC="0.93" CONTENT="i"/><SP WIDTH="36" VPOS="328" HPOS="1005"/>
							<String ID="string_15" HPOS="1041" VPOS="328" WIDTH="206" HEIGHT="37" WC="0.91" CONTENT="intecknad"/><SP WIDTH="34" VPOS="328" HPOS="1247"/>
							<String ID="string_16" HPOS="1281" VPOS="328" WIDTH="186" HEIGHT="49" WC="0.93" CONTENT="fastighet"/><SP WIDTH="27" VPOS="328" HPOS="1467"/>
							<String ID="string_17" HPOS="1494" VPOS="327" WIDTH="248" HEIGHT="37" WC="0.91" CONTENT="förmånsrätt"/><SP WIDTH="29" VPOS="327" HPOS="1742"/>
							<String ID="string_18" HPOS="1771" VPOS="327" WIDTH="58" HEIGHT="36" WC="0.96" CONTENT="till"/>
						</TextLine>
						<TextLine ID="line_3" HPOS="634" VPOS="380" WIDTH="1196" HEIGHT="51">
							<String ID="string_19" HPOS="634" VPOS="386" WIDTH="121" HEIGHT="43" WC="0.96" CONTENT="ränta,"/><SP WIDTH="44" VPOS="386" HPOS="755"/>
							<String ID="string_20" HPOS="799" VPOS="394" WIDTH="81" HEIGHT="24" WC="0.95" CONTENT="som"/><SP WIDTH="34" VPOS="394" HPOS="880"/>
							<String ID="string_21" HPOS="914" VPOS="382" WIDTH="85" HEIGHT="49" WC="0.93" CONTENT="före"/><SP WIDTH="41" VPOS="382" HPOS="999"/>
							<String ID="string_22" HPOS="1040" VPOS="382" WIDTH="215" HEIGHT="36" WC="0.93" CONTENT="konkursens"/><SP WIDTH="39" VPOS="382" HPOS="1255"/>
							<String ID="string_23" HPOS="1294" VPOS="381" WIDTH="123" HEIGHT="48" WC="0.93" CONTENT="början"/><SP WIDTH="42" VPOS="381" HPOS="1417"/>
							<String ID="string_24" HPOS="1459" VPOS="381" WIDTH="187" HEIGHT="48" WC="0.71" CONTENT="upplupen"/><SP WIDTH="39" VPOS="381" HPOS="1646"/>
							<String ID="string_25" HPOS="1685" VPOS="385" WIDTH="53" HEIGHT="43" WC="0.94" CONTENT="är,"/><SP WIDTH="34" VPOS="385" HPOS="1738"/>
							<String ID="string_26" HPOS="1772" VPOS="380" WIDTH="58" HEIGHT="36" WC="0.96" CONTENT="för"/>
						</TextLine>
						<TextLine ID="line_4" HPOS="635" VPOS="409" WIDTH="1195" HEIGHT="73">
							<String ID="string_27" HPOS="635" VPOS="434" WIDTH="135" HEIGHT="48" WC="0.96" CONTENT="längre"/><SP WIDTH="29" VPOS="434" HPOS="770"/>
							<String ID="string_28" HPOS="799" VPOS="433" WIDTH="55" HEIGHT="36" WC="0.96" CONTENT="tid"/><SP WIDTH="25" VPOS="433" HPOS="854"/>
							<String ID="string_29" HPOS="879" VPOS="438" WIDTH="47" HEIGHT="31" WC="0.96" CONTENT="än"/><SP WIDTH="29" VPOS="438" HPOS="926"/>
							<String ID="string_30" HPOS="955" VPOS="439" WIDTH="56" HEIGHT="30" WC="0.96" CONTENT="tre"/><SP WIDTH="30" VPOS="439" HPOS="1011"/>
							<String ID="string_31" HPOS="1041" VPOS="436" WIDTH="50" HEIGHT="33" WC="0.96" CONTENT="år."/><SP WIDTH="43" VPOS="436" HPOS="1091"/>
							<String ID="string_32" HPOS="1134" VPOS="427" WIDTH="54" HEIGHT="42" WC="0.89" CONTENT="År"/><SP WIDTH="28" VPOS="427" HPOS="1188"/>
							<String ID="string_33" HPOS="1216" VPOS="433" WIDTH="57" HEIGHT="36" WC="0.95" CONTENT="för"/><SP WIDTH="15" VPOS="433" HPOS="1273"/>
							<String ID="string_34" HPOS="1288" VPOS="433" WIDTH="165" HEIGHT="46" WC="0.93" CONTENT="fordran,"/><SP WIDTH="18" VPOS="433" HPOS="1453"/>
							<String ID="string_35" HPOS="1471" VPOS="433" WIDTH="158" HEIGHT="36" WC="0.59" CONTENT="hvarom"/><SP WIDTH="17" VPOS="433" HPOS="1629"/>
							<String ID="string_36" HPOS="1646" VPOS="446" WIDTH="51" HEIGHT="22" WC="0.96" CONTENT="nu"/><SP WIDTH="19" VPOS="446" HPOS="1697"/>
							<String ID="string_37" HPOS="1716" VPOS="409" WIDTH="114" HEIGHT="70" WC="0.92" CONTENT="sagdt"/>
						</TextLine>
						<TextLine ID="line_5" HPOS="637" VPOS="484" WIDTH="1192" HEIGHT="50">
							<String ID="string_38" HPOS="637" VPOS="491" WIDTH="52" HEIGHT="43" WC="0.96" CONTENT="är,"/><SP WIDTH="30" VPOS="491" HPOS="689"/>
							<String ID="string_39" HPOS="719" VPOS="490" WIDTH="109" HEIGHT="32" WC="0.96" CONTENT="ränta"/><SP WIDTH="29" VPOS="490" HPOS="828"/>
							<String ID="string_40" HPOS="857" VPOS="486" WIDTH="31" HEIGHT="48" WC="0.96" CONTENT="ej"/><SP WIDTH="31" VPOS="486" HPOS="888"/>
							<String ID="string_41" HPOS="919" VPOS="485" WIDTH="119" HEIGHT="37" WC="0.96" CONTENT="utfäst"/><SP WIDTH="29" VPOS="485" HPOS="1038"/>
							<String ID="string_42" HPOS="1067" VPOS="485" WIDTH="70" HEIGHT="37" WC="0.96" CONTENT="och"/><SP WIDTH="30" VPOS="485" HPOS="1137"/>
							<String ID="string_43" HPOS="1167" VPOS="485" WIDTH="77" HEIGHT="37" WC="0.93" CONTENT="viss"/><SP WIDTH="29" VPOS="485" HPOS="1244"/>
							<String ID="string_44" HPOS="1273" VPOS="484" WIDTH="277" HEIGHT="50" WC="0.91" CONTENT="betalningstid"/><SP WIDTH="29" VPOS="484" HPOS="1550"/>
							<String ID="string_45" HPOS="1579" VPOS="486" WIDTH="32" HEIGHT="48" WC="0.95" CONTENT="ej"/><SP WIDTH="18" VPOS="486" HPOS="1611"/>
							<String ID="string_46" HPOS="1629" VPOS="484" WIDTH="120" HEIGHT="37" WC="0.93" CONTENT="heller"/><SP WIDTH="15" VPOS="484" HPOS="1749"/>
							<String ID="string_47" HPOS="1764" VPOS="484" WIDTH="65" HEIGHT="37" WC="0.93" CONTENT="be-"/>
						</TextLine>
						<TextLine ID="line_6" HPOS="638" VPOS="537" WIDTH="1191" HEIGHT="46">
							<String ID="string_48" HPOS="638" VPOS="537" WIDTH="143" HEIGHT="46" WC="0.96" CONTENT="stämd;"/><SP WIDTH="43" VPOS="537" HPOS="781"/>
							<String ID="string_49" HPOS="824" VPOS="538" WIDTH="114" HEIGHT="36" WC="0.96" CONTENT="varde"/><SP WIDTH="39" VPOS="538" HPOS="938"/>
							<String ID="string_50" HPOS="977" VPOS="538" WIDTH="97" HEIGHT="36" WC="0.96" CONTENT="ändå"/><SP WIDTH="41" VPOS="538" HPOS="1074"/>
							<String ID="string_51" HPOS="1115" VPOS="543" WIDTH="109" HEIGHT="31" WC="0.93" CONTENT="ränta"/><SP WIDTH="33" VPOS="543" HPOS="1224"/>
							<String ID="string_52" HPOS="1257" VPOS="538" WIDTH="56" HEIGHT="35" WC="0.95" CONTENT="till"/><SP WIDTH="34" VPOS="538" HPOS="1313"/>
							<String ID="string_53" HPOS="1347" VPOS="537" WIDTH="77" HEIGHT="37" WC="0.95" CONTENT="fem"/><SP WIDTH="32" VPOS="537" HPOS="1424"/>
							<String ID="string_54" HPOS="1456" VPOS="537" WIDTH="58" HEIGHT="36" WC="0.96" CONTENT="för"/><SP WIDTH="27" VPOS="537" HPOS="1514"/>
							<String ID="string_55" HPOS="1541" VPOS="537" WIDTH="198" HEIGHT="37" WC="0.96" CONTENT="hundrade"/><SP WIDTH="30" VPOS="537" HPOS="1739"/>
							<String ID="string_56" HPOS="1769" VPOS="549" WIDTH="60" HEIGHT="24" WC="0.95" CONTENT="om"/>
						</TextLine>
						<TextLine ID="line_7" HPOS="639" VPOS="589" WIDTH="1190" HEIGHT="50">
							<String ID="string_57" HPOS="639" VPOS="594" WIDTH="78" HEIGHT="33" WC="0.93" CONTENT="året"/><SP WIDTH="24" VPOS="594" HPOS="717"/>
							<String ID="string_58" HPOS="741" VPOS="590" WIDTH="90" HEIGHT="36" WC="0.92" CONTENT="derå"/><SP WIDTH="28" VPOS="590" HPOS="831"/>
							<String ID="string_59" HPOS="859" VPOS="590" WIDTH="195" HEIGHT="37" WC="0.96" CONTENT="beräknad"/><SP WIDTH="28" VPOS="590" HPOS="1054"/>
							<String ID="string_60" HPOS="1082" VPOS="590" WIDTH="81" HEIGHT="36" WC="0.96" CONTENT="från"/><SP WIDTH="30" VPOS="590" HPOS="1163"/>
							<String ID="string_61" HPOS="1193" VPOS="591" WIDTH="72" HEIGHT="36" WC="0.96" CONTENT="den"/><SP WIDTH="29" VPOS="591" HPOS="1265"/>
							<String ID="string_62" HPOS="1294" VPOS="589" WIDTH="87" HEIGHT="49" WC="0.96" CONTENT="dag,"/><SP WIDTH="26" VPOS="589" HPOS="1381"/>
							<String ID="string_63" HPOS="1407" VPOS="590" WIDTH="73" HEIGHT="36" WC="0.96" CONTENT="den"/><SP WIDTH="19" VPOS="590" HPOS="1480"/>
							<String ID="string_64" HPOS="1499" VPOS="589" WIDTH="198" HEIGHT="50" WC="0.93" CONTENT="offentliga"/><SP WIDTH="16" VPOS="589" HPOS="1697"/>
							<String ID="string_65" HPOS="1713" VPOS="593" WIDTH="116" HEIGHT="33" WC="0.92" CONTENT="stäm-"/>
						</TextLine>
						<TextLine ID="line_8" HPOS="639" VPOS="642" WIDTH="465" HEIGHT="49">
							<String ID="string_66" HPOS="639" VPOS="642" WIDTH="145" HEIGHT="49" WC="0.95" CONTENT="ningen"/><SP WIDTH="27" VPOS="642" HPOS="784"/>
							<String ID="string_67" HPOS="811" VPOS="643" WIDTH="175" HEIGHT="37" WC="0.95" CONTENT="utfärdad"/><SP WIDTH="29" VPOS="643" HPOS="986"/>
							<String ID="string_68" HPOS="1015" VPOS="642" WIDTH="89" HEIGHT="37" WC="0.95" CONTENT="blef."/>
						</TextLine>
					</TextBlock>
				</ComposedBlock>
				<ComposedBlock ID="cblock_2" HPOS="239" VPOS="902" WIDTH="1595" HEIGHT="1508">
					<TextBlock ID="block_2" HPOS="239" VPOS="902" WIDTH="1590" HEIGHT="105">
						<TextLine ID="line_9" HPOS="367" VPOS="902" WIDTH="1462" HEIGHT="51">
							<String ID="string_69" HPOS="367" VPOS="905" WIDTH="100" HEIGHT="36" WC="0.93" CONTENT="Herr"/><SP WIDTH="27" VPOS="905" HPOS="467"/>
							<String ID="string_70" HPOS="494" VPOS="905" WIDTH="132" HEIGHT="36" WC="0.87" CONTENT="Dahns"/><SP WIDTH="29" VPOS="905" HPOS="626"/>
							<String ID="string_71" HPOS="655" VPOS="904" WIDTH="144" HEIGHT="36" WC="0.96" CONTENT="motion"/><SP WIDTH="29" VPOS="904" HPOS="799"/>
							<String ID="string_72" HPOS="828" VPOS="904" WIDTH="143" HEIGHT="49" WC="0.96" CONTENT="åsyftar"/><SP WIDTH="29" VPOS="904" HPOS="971"/>
							<String ID="string_73" HPOS="1000" VPOS="903" WIDTH="164" HEIGHT="49" WC="0.96" CONTENT="ändring"/><SP WIDTH="25" VPOS="903" HPOS="1164"/>
							<String ID="string_74" HPOS="1189" VPOS="904" WIDTH="10" HEIGHT="35" WC="0.96" CONTENT="i"/><SP WIDTH="32" VPOS="904" HPOS="1199"/>
							<String ID="string_75" HPOS="1231" VPOS="905" WIDTH="46" HEIGHT="35" WC="0.93" CONTENT="60"/><SP WIDTH="28" VPOS="905" HPOS="1277"/>
							<String ID="string_76" HPOS="1305" VPOS="903" WIDTH="20" HEIGHT="50" WC="0.90" CONTENT="&amp;"/><SP WIDTH="30" VPOS="903" HPOS="1325"/>
							<String ID="string_77" HPOS="1355" VPOS="902" WIDTH="300" HEIGHT="49" WC="0.90" CONTENT="konkurslagen."/><SP WIDTH="35" VPOS="902" HPOS="1655"/>
							<String ID="string_78" HPOS="1690" VPOS="903" WIDTH="139" HEIGHT="36" WC="0.95" CONTENT="Första"/>
						</TextLine>
						<TextLine ID="line_10" HPOS="239" VPOS="955" WIDTH="902" HEIGHT="52">
							<String ID="string_79" HPOS="239" VPOS="957" WIDTH="152" HEIGHT="50" WC="0.96" CONTENT="stycket"/><SP WIDTH="27" VPOS="957" HPOS="391"/>
							<String ID="string_80" HPOS="418" VPOS="957" WIDTH="42" HEIGHT="36" WC="0.95" CONTENT="af"/><SP WIDTH="24" VPOS="957" HPOS="460"/>
							<String ID="string_81" HPOS="484" VPOS="957" WIDTH="125" HEIGHT="36" WC="0.92" CONTENT="denna"/><SP WIDTH="28" VPOS="957" HPOS="609"/>
							<String ID="string_82" HPOS="637" VPOS="956" WIDTH="21" HEIGHT="50" WC="0.69" CONTENT="$&amp;"/><SP WIDTH="29" VPOS="956" HPOS="658"/>
							<String ID="string_83" HPOS="687" VPOS="958" WIDTH="70" HEIGHT="35" WC="0.96" CONTENT="har"/><SP WIDTH="27" VPOS="958" HPOS="757"/>
							<String ID="string_84" HPOS="784" VPOS="956" WIDTH="166" HEIGHT="49" WC="0.96" CONTENT="följande"/><SP WIDTH="28" VPOS="956" HPOS="950"/>
							<String ID="string_85" HPOS="978" VPOS="955" WIDTH="163" HEIGHT="49" WC="0.96" CONTENT="lydelse:"/>
						</TextLine>
					</TextBlock>
					<TextBlock ID="block_3" HPOS="239" VPOS="1007" WIDTH="1592" HEIGHT="625">
						<TextLine ID="line_11" HPOS="367" VPOS="1007" WIDTH="1463" HEIGHT="50">
							<String ID="string_86" HPOS="367" VPOS="1009" WIDTH="94" HEIGHT="38" WC="0.92" CONTENT="»Vid"/><SP WIDTH="41" VPOS="1009" HPOS="461"/>
							<String ID="string_87" HPOS="502" VPOS="1009" WIDTH="63" HEIGHT="37" WC="0.96" CONTENT="val"/><SP WIDTH="40" VPOS="1009" HPOS="565"/>
							<String ID="string_88" HPOS="605" VPOS="1008" WIDTH="59" HEIGHT="37" WC="0.94" CONTENT="till"/><SP WIDTH="40" VPOS="1008" HPOS="664"/>
							<String ID="string_89" HPOS="704" VPOS="1009" WIDTH="99" HEIGHT="48" WC="0.96" CONTENT="gode"/><SP WIDTH="44" VPOS="1009" HPOS="803"/>
							<String ID="string_90" HPOS="847" VPOS="1014" WIDTH="87" HEIGHT="31" WC="0.95" CONTENT="män"/><SP WIDTH="33" VPOS="1014" HPOS="934"/>
							<String ID="string_91" HPOS="967" VPOS="1007" WIDTH="91" HEIGHT="37" WC="0.93" CONTENT="eller"/><SP WIDTH="35" VPOS="1007" HPOS="1058"/>
							<String ID="string_92" HPOS="1093" VPOS="1008" WIDTH="230" HEIGHT="49" WC="0.91" CONTENT="sysslomän,"/><SP WIDTH="34" VPOS="1008" HPOS="1323"/>
							<String ID="string_93" HPOS="1357" VPOS="1010" WIDTH="41" HEIGHT="34" WC="0.96" CONTENT="så"/><SP WIDTH="29" VPOS="1010" HPOS="1398"/>
							<String ID="string_94" HPOS="1427" VPOS="1007" WIDTH="70" HEIGHT="37" WC="0.96" CONTENT="ock"/><SP WIDTH="28" VPOS="1007" HPOS="1497"/>
							<String ID="string_95" HPOS="1525" VPOS="1007" WIDTH="54" HEIGHT="36" WC="0.96" CONTENT="uti"/><SP WIDTH="30" VPOS="1007" HPOS="1579"/>
							<String ID="string_96" HPOS="1609" VPOS="1007" WIDTH="73" HEIGHT="37" WC="0.96" CONTENT="alla"/><SP WIDTH="29" VPOS="1007" HPOS="1682"/>
							<String ID="string_97" HPOS="1711" VPOS="1007" WIDTH="119" HEIGHT="37" WC="0.95" CONTENT="andra"/>
						</TextLine>
						<TextLine ID="line_12" HPOS="241" VPOS="1059" WIDTH="1589" HEIGHT="51">
							<String ID="string_98" HPOS="241" VPOS="1062" WIDTH="85" HEIGHT="46" WC="0.95" CONTENT="mål,"/><SP WIDTH="31" VPOS="1062" HPOS="326"/>
							<String ID="string_99" HPOS="357" VPOS="1075" WIDTH="81" HEIGHT="23" WC="0.96" CONTENT="som"/><SP WIDTH="24" VPOS="1075" HPOS="438"/>
							<String ID="string_100" HPOS="462" VPOS="1067" WIDTH="86" HEIGHT="31" WC="0.95" CONTENT="röra"/><SP WIDTH="27" VPOS="1067" HPOS="548"/>
							<String ID="string_101" HPOS="575" VPOS="1061" WIDTH="238" HEIGHT="49" WC="0.96" CONTENT="förvaltning"/><SP WIDTH="28" VPOS="1061" HPOS="813"/>
							<String ID="string_102" HPOS="841" VPOS="1061" WIDTH="42" HEIGHT="36" WC="0.93" CONTENT="af"/><SP WIDTH="23" VPOS="1061" HPOS="883"/>
							<String ID="string_103" HPOS="906" VPOS="1060" WIDTH="204" HEIGHT="48" WC="0.92" CONTENT="gäldenärs"/><SP WIDTH="29" VPOS="1060" HPOS="1110"/>
							<String ID="string_104" HPOS="1139" VPOS="1060" WIDTH="59" HEIGHT="48" WC="0.92" CONTENT="bo,"/><SP WIDTH="30" VPOS="1060" HPOS="1198"/>
							<String ID="string_105" HPOS="1228" VPOS="1059" WIDTH="100" HEIGHT="50" WC="0.92" CONTENT="gälle"/><SP WIDTH="29" VPOS="1059" HPOS="1328"/>
							<String ID="string_106" HPOS="1357" VPOS="1062" WIDTH="125" HEIGHT="34" WC="0.73" CONTENT="såsom"/><SP WIDTH="30" VPOS="1062" HPOS="1482"/>
							<String ID="string_107" HPOS="1512" VPOS="1059" WIDTH="126" HEIGHT="36" WC="0.94" CONTENT="beslut"/><SP WIDTH="19" VPOS="1059" HPOS="1638"/>
							<String ID="string_108" HPOS="1657" VPOS="1060" WIDTH="73" HEIGHT="36" WC="0.93" CONTENT="den"/><SP WIDTH="22" VPOS="1060" HPOS="1730"/>
							<String ID="string_109" HPOS="1752" VPOS="1073" WIDTH="78" HEIGHT="22" WC="0.92" CONTENT="me-"/>
						</TextLine>
						<TextLine ID="line_13" HPOS="239" VPOS="1111" WIDTH="1590" HEIGHT="52">
							<String ID="string_110" HPOS="239" VPOS="1114" WIDTH="106" HEIGHT="49" WC="0.92" CONTENT="ning,"/><SP WIDTH="25" VPOS="1114" HPOS="345"/>
							<String ID="string_111" HPOS="370" VPOS="1114" WIDTH="171" HEIGHT="47" WC="0.92" CONTENT="hvarom,"/><SP WIDTH="31" VPOS="1114" HPOS="541"/>
							<String ID="string_112" HPOS="572" VPOS="1113" WIDTH="115" HEIGHT="37" WC="0.96" CONTENT="bland"/><SP WIDTH="28" VPOS="1113" HPOS="687"/>
							<String ID="string_113" HPOS="715" VPOS="1113" WIDTH="239" HEIGHT="37" WC="0.96" CONTENT="närvarande"/><SP WIDTH="28" VPOS="1113" HPOS="954"/>
							<String ID="string_114" HPOS="982" VPOS="1112" WIDTH="245" HEIGHT="49" WC="0.96" CONTENT="borgenärer,"/><SP WIDTH="32" VPOS="1112" HPOS="1227"/>
							<String ID="string_115" HPOS="1259" VPOS="1112" WIDTH="47" HEIGHT="36" WC="0.96" CONTENT="de"/><SP WIDTH="28" VPOS="1112" HPOS="1306"/>
							<String ID="string_116" HPOS="1334" VPOS="1111" WIDTH="61" HEIGHT="49" WC="0.95" CONTENT="sig"/><SP WIDTH="28" VPOS="1111" HPOS="1395"/>
							<String ID="string_117" HPOS="1423" VPOS="1111" WIDTH="144" HEIGHT="48" WC="0.96" CONTENT="förena,"/><SP WIDTH="17" VPOS="1111" HPOS="1567"/>
							<String ID="string_118" HPOS="1584" VPOS="1111" WIDTH="153" HEIGHT="37" WC="0.93" CONTENT="hvilkas"/><SP WIDTH="16" VPOS="1111" HPOS="1737"/>
							<String ID="string_119" HPOS="1753" VPOS="1111" WIDTH="76" HEIGHT="37" WC="0.91" CONTENT="for-"/>
						</TextLine>
						<TextLine ID="line_14" HPOS="240" VPOS="1163" WIDTH="1590" HEIGHT="52">
							<String ID="string_120" HPOS="240" VPOS="1166" WIDTH="157" HEIGHT="49" WC="0.91" CONTENT="dringar"/><SP WIDTH="29" VPOS="1166" HPOS="397"/>
							<String ID="string_121" HPOS="426" VPOS="1165" WIDTH="344" HEIGHT="38" WC="0.92" CONTENT="sammanräknade"/><SP WIDTH="28" VPOS="1165" HPOS="770"/>
							<String ID="string_122" HPOS="798" VPOS="1169" WIDTH="138" HEIGHT="44" WC="0.96" CONTENT="utgöra"/><SP WIDTH="24" VPOS="1169" HPOS="936"/>
							<String ID="string_123" HPOS="960" VPOS="1169" WIDTH="141" HEIGHT="32" WC="0.96" CONTENT="största"/><SP WIDTH="28" VPOS="1169" HPOS="1101"/>
							<String ID="string_124" HPOS="1129" VPOS="1164" WIDTH="191" HEIGHT="50" WC="0.96" CONTENT="beloppet,"/><SP WIDTH="26" VPOS="1164" HPOS="1320"/>
							<String ID="string_125" HPOS="1346" VPOS="1167" WIDTH="41" HEIGHT="33" WC="0.93" CONTENT="så"/><SP WIDTH="28" VPOS="1167" HPOS="1387"/>
							<String ID="string_126" HPOS="1415" VPOS="1163" WIDTH="114" HEIGHT="37" WC="0.92" CONTENT="framt"/><SP WIDTH="30" VPOS="1163" HPOS="1529"/>
							<String ID="string_127" HPOS="1559" VPOS="1163" WIDTH="112" HEIGHT="37" WC="0.93" CONTENT="dessa"/><SP WIDTH="21" VPOS="1163" HPOS="1671"/>
							<String ID="string_128" HPOS="1692" VPOS="1163" WIDTH="138" HEIGHT="49" WC="0.92" CONTENT="borge-"/>
						</TextLine>
						<TextLine ID="line_15" HPOS="241" VPOS="1215" WIDTH="1589" HEIGHT="52">
							<String ID="string_129" HPOS="241" VPOS="1223" WIDTH="110" HEIGHT="32" WC="0.91" CONTENT="närer"/><SP WIDTH="28" VPOS="1223" HPOS="351"/>
							<String ID="string_130" HPOS="379" VPOS="1218" WIDTH="186" HEIGHT="49" WC="0.91" CONTENT="derjemte"/><SP WIDTH="30" VPOS="1218" HPOS="565"/>
							<String ID="string_131" HPOS="595" VPOS="1223" WIDTH="136" HEIGHT="44" WC="0.96" CONTENT="utgöra"/><SP WIDTH="30" VPOS="1223" HPOS="731"/>
							<String ID="string_132" HPOS="761" VPOS="1217" WIDTH="115" HEIGHT="36" WC="0.96" CONTENT="minst"/><SP WIDTH="28" VPOS="1217" HPOS="876"/>
							<String ID="string_133" HPOS="904" VPOS="1230" WIDTH="47" HEIGHT="23" WC="0.93" CONTENT="en"/><SP WIDTH="28" VPOS="1230" HPOS="951"/>
							<String ID="string_134" HPOS="979" VPOS="1216" WIDTH="183" HEIGHT="48" WC="0.91" CONTENT="fjerdedel"/><SP WIDTH="29" VPOS="1216" HPOS="1162"/>
							<String ID="string_135" HPOS="1191" VPOS="1216" WIDTH="42" HEIGHT="36" WC="0.95" CONTENT="af"/><SP WIDTH="19" VPOS="1216" HPOS="1233"/>
							<String ID="string_136" HPOS="1252" VPOS="1216" WIDTH="46" HEIGHT="36" WC="0.96" CONTENT="de"/><SP WIDTH="27" VPOS="1216" HPOS="1298"/>
							<String ID="string_137" HPOS="1325" VPOS="1216" WIDTH="195" HEIGHT="36" WC="0.96" CONTENT="röstande:"/><SP WIDTH="28" VPOS="1216" HPOS="1520"/>
							<String ID="string_138" HPOS="1548" VPOS="1216" WIDTH="76" HEIGHT="36" WC="0.96" CONTENT="kan"/><SP WIDTH="15" VPOS="1216" HPOS="1624"/>
							<String ID="string_139" HPOS="1639" VPOS="1215" WIDTH="128" HEIGHT="37" WC="0.96" CONTENT="beslut"/><SP WIDTH="14" VPOS="1215" HPOS="1767"/>
							<String ID="string_140" HPOS="1781" VPOS="1216" WIDTH="49" HEIGHT="49" WC="0.96" CONTENT="på"/>
						</TextLine>
						<TextLine ID="line_16" HPOS="240" VPOS="1267" WIDTH="1590" HEIGHT="52">
							<String ID="string_141" HPOS="240" VPOS="1271" WIDTH="135" HEIGHT="37" WC="0.95" CONTENT="sådant"/><SP WIDTH="33" VPOS="1271" HPOS="375"/>
							<String ID="string_142" HPOS="408" VPOS="1276" WIDTH="77" HEIGHT="31" WC="0.96" CONTENT="sätt"/><SP WIDTH="33" VPOS="1276" HPOS="485"/>
							<String ID="string_143" HPOS="518" VPOS="1271" WIDTH="32" HEIGHT="48" WC="0.96" CONTENT="ej"/><SP WIDTH="36" VPOS="1271" HPOS="550"/>
							<String ID="string_144" HPOS="586" VPOS="1269" WIDTH="301" HEIGHT="45" WC="0.96" CONTENT="åstadkommas;"/><SP WIDTH="30" VPOS="1269" HPOS="887"/>
							<String ID="string_145" HPOS="917" VPOS="1269" WIDTH="116" HEIGHT="36" WC="0.95" CONTENT="varde"/><SP WIDTH="28" VPOS="1269" HPOS="1033"/>
							<String ID="string_146" HPOS="1061" VPOS="1268" WIDTH="179" HEIGHT="50" WC="0.92" CONTENT="yttrande"/><SP WIDTH="28" VPOS="1268" HPOS="1240"/>
							<String ID="string_147" HPOS="1268" VPOS="1268" WIDTH="214" HEIGHT="37" WC="0.90" CONTENT="inhemtadt"/><SP WIDTH="28" VPOS="1268" HPOS="1482"/>
							<String ID="string_148" HPOS="1510" VPOS="1267" WIDTH="42" HEIGHT="38" WC="0.96" CONTENT="af"/><SP WIDTH="22" VPOS="1267" HPOS="1552"/>
							<String ID="string_149" HPOS="1574" VPOS="1272" WIDTH="148" HEIGHT="33" WC="0.92" CONTENT="rättens"/><SP WIDTH="30" VPOS="1272" HPOS="1722"/>
							<String ID="string_150" HPOS="1752" VPOS="1281" WIDTH="78" HEIGHT="23" WC="0.92" CONTENT="om-"/>
						</TextLine>
						<TextLine ID="line_17" HPOS="239" VPOS="1318" WIDTH="1591" HEIGHT="71">
							<String ID="string_151" HPOS="239" VPOS="1323" WIDTH="202" HEIGHT="49" WC="0.91" CONTENT="budsman,"/><SP WIDTH="42" VPOS="1323" HPOS="441"/>
							<String ID="string_152" HPOS="483" VPOS="1324" WIDTH="71" HEIGHT="36" WC="0.96" CONTENT="och"/><SP WIDTH="32" VPOS="1324" HPOS="554"/>
							<String ID="string_153" HPOS="586" VPOS="1318" WIDTH="101" HEIGHT="71" WC="0.91" CONTENT="gälle"/><SP WIDTH="35" VPOS="1318" HPOS="687"/>
							<String ID="string_154" HPOS="722" VPOS="1322" WIDTH="73" HEIGHT="36" WC="0.96" CONTENT="den"/><SP WIDTH="34" VPOS="1322" HPOS="795"/>
							<String ID="string_155" HPOS="829" VPOS="1321" WIDTH="167" HEIGHT="49" WC="0.96" CONTENT="mening,"/><SP WIDTH="35" VPOS="1321" HPOS="996"/>
							<String ID="string_156" HPOS="1031" VPOS="1321" WIDTH="76" HEIGHT="36" WC="0.96" CONTENT="han"/><SP WIDTH="35" VPOS="1321" HPOS="1107"/>
							<String ID="string_157" HPOS="1142" VPOS="1321" WIDTH="178" HEIGHT="37" WC="0.95" CONTENT="biträder."/><SP WIDTH="55" VPOS="1321" HPOS="1320"/>
							<String ID="string_158" HPOS="1375" VPOS="1321" WIDTH="44" HEIGHT="49" WC="0.67" CONTENT="Ej"/><SP WIDTH="32" VPOS="1321" HPOS="1419"/>
							<String ID="string_159" HPOS="1451" VPOS="1323" WIDTH="59" HEIGHT="33" WC="0.96" CONTENT="må"/><SP WIDTH="27" VPOS="1323" HPOS="1510"/>
							<String ID="string_160" HPOS="1537" VPOS="1320" WIDTH="13" HEIGHT="36" WC="0.96" CONTENT="i"/><SP WIDTH="28" VPOS="1320" HPOS="1550"/>
							<String ID="string_161" HPOS="1578" VPOS="1320" WIDTH="141" HEIGHT="49" WC="0.96" CONTENT="frågor,"/><SP WIDTH="29" VPOS="1320" HPOS="1719"/>
							<String ID="string_162" HPOS="1748" VPOS="1333" WIDTH="82" HEIGHT="24" WC="0.96" CONTENT="som"/>
						</TextLine>
						<TextLine ID="line_18" HPOS="240" VPOS="1349" WIDTH="1590" HEIGHT="93">
							<String ID="string_163" HPOS="240" VPOS="1349" WIDTH="304" HEIGHT="93" WC="0.95" CONTENT="uppenbarligen"/><SP WIDTH="29" VPOS="1349" HPOS="544"/>
							<String ID="string_164" HPOS="573" VPOS="1379" WIDTH="85" HEIGHT="32" WC="0.96" CONTENT="röra"/><SP WIDTH="29" VPOS="1379" HPOS="658"/>
							<String ID="string_165" HPOS="687" VPOS="1374" WIDTH="135" HEIGHT="36" WC="0.96" CONTENT="endast"/><SP WIDTH="29" VPOS="1374" HPOS="822"/>
							<String ID="string_166" HPOS="851" VPOS="1387" WIDTH="47" HEIGHT="23" WC="0.95" CONTENT="en"/><SP WIDTH="29" VPOS="1387" HPOS="898"/>
							<String ID="string_167" HPOS="927" VPOS="1374" WIDTH="93" HEIGHT="36" WC="0.95" CONTENT="eller"/><SP WIDTH="23" VPOS="1374" HPOS="1020"/>
							<String ID="string_168" HPOS="1043" VPOS="1376" WIDTH="120" HEIGHT="47" WC="0.93" CONTENT="några"/><SP WIDTH="16" VPOS="1376" HPOS="1163"/>
							<String ID="string_169" HPOS="1179" VPOS="1374" WIDTH="253" HEIGHT="48" WC="0.92" CONTENT="borgenärers"/><SP WIDTH="16" VPOS="1374" HPOS="1432"/>
							<String ID="string_170" HPOS="1448" VPOS="1377" WIDTH="87" HEIGHT="43" WC="0.96" CONTENT="rätt,"/><SP WIDTH="17" VPOS="1377" HPOS="1535"/>
							<String ID="string_171" HPOS="1552" VPOS="1386" WIDTH="126" HEIGHT="23" WC="0.93" CONTENT="annan"/><SP WIDTH="16" VPOS="1386" HPOS="1678"/>
							<String ID="string_172" HPOS="1694" VPOS="1372" WIDTH="136" HEIGHT="50" WC="0.90" CONTENT="borge-"/>
						</TextLine>
						<TextLine ID="line_19" HPOS="241" VPOS="1401" WIDTH="1588" HEIGHT="75">
							<String ID="string_173" HPOS="241" VPOS="1433" WIDTH="68" HEIGHT="31" WC="0.96" CONTENT="när"/><SP WIDTH="28" VPOS="1433" HPOS="309"/>
							<String ID="string_174" HPOS="337" VPOS="1427" WIDTH="12" HEIGHT="36" WC="0.96" CONTENT="i"/><SP WIDTH="29" VPOS="1427" HPOS="349"/>
							<String ID="string_175" HPOS="378" VPOS="1427" WIDTH="290" HEIGHT="49" WC="0.96" CONTENT="omröstningen"/><SP WIDTH="30" VPOS="1427" HPOS="668"/>
							<String ID="string_176" HPOS="698" VPOS="1426" WIDTH="165" HEIGHT="48" WC="0.93" CONTENT="deltaga."/><SP WIDTH="43" VPOS="1426" HPOS="863"/>
							<String ID="string_177" HPOS="906" VPOS="1425" WIDTH="174" HEIGHT="37" WC="0.91" CONTENT="Bevakar"/><SP WIDTH="19" VPOS="1425" HPOS="1080"/>
							<String ID="string_178" HPOS="1099" VPOS="1425" WIDTH="272" HEIGHT="50" WC="0.92" CONTENT="medgäldenär"/><SP WIDTH="16" VPOS="1425" HPOS="1371"/>
							<String ID="string_179" HPOS="1387" VPOS="1425" WIDTH="91" HEIGHT="36" WC="0.96" CONTENT="eller"/><SP WIDTH="15" VPOS="1425" HPOS="1478"/>
							<String ID="string_180" HPOS="1493" VPOS="1401" WIDTH="194" HEIGHT="61" WC="0.91" CONTENT="löftesman"/><SP WIDTH="24" VPOS="1401" HPOS="1687"/>
							<String ID="string_181" HPOS="1711" VPOS="1425" WIDTH="118" HEIGHT="49" WC="0.96" CONTENT="jemte"/>
						</TextLine>
						<TextLine ID="line_20" HPOS="242" VPOS="1477" WIDTH="1589" HEIGHT="51">
							<String ID="string_182" HPOS="242" VPOS="1480" WIDTH="238" HEIGHT="48" WC="0.91" CONTENT="borgenären"/><SP WIDTH="42" VPOS="1480" HPOS="480"/>
							<String ID="string_183" HPOS="522" VPOS="1492" WIDTH="145" HEIGHT="24" WC="0.95" CONTENT="samma"/><SP WIDTH="42" VPOS="1492" HPOS="667"/>
							<String ID="string_184" HPOS="709" VPOS="1478" WIDTH="170" HEIGHT="45" WC="0.93" CONTENT="fordran;"/><SP WIDTH="45" VPOS="1478" HPOS="879"/>
							<String ID="string_185" HPOS="924" VPOS="1491" WIDTH="70" HEIGHT="36" WC="0.93" CONTENT="ege"/><SP WIDTH="34" VPOS="1491" HPOS="994"/>
							<String ID="string_186" HPOS="1028" VPOS="1478" WIDTH="45" HEIGHT="36" WC="0.96" CONTENT="de"/><SP WIDTH="31" VPOS="1478" HPOS="1073"/>
							<String ID="string_187" HPOS="1104" VPOS="1477" WIDTH="253" HEIGHT="37" WC="0.96" CONTENT="tillsammans"/><SP WIDTH="33" VPOS="1477" HPOS="1357"/>
							<String ID="string_188" HPOS="1390" VPOS="1483" WIDTH="92" HEIGHT="41" WC="0.96" CONTENT="röst,"/><SP WIDTH="30" VPOS="1483" HPOS="1482"/>
							<String ID="string_189" HPOS="1512" VPOS="1477" WIDTH="194" HEIGHT="37" WC="0.96" CONTENT="beräknad"/><SP WIDTH="29" VPOS="1477" HPOS="1706"/>
							<String ID="string_190" HPOS="1735" VPOS="1477" WIDTH="96" HEIGHT="37" WC="0.95" CONTENT="efter"/>
						</TextLine>
						<TextLine ID="line_21" HPOS="242" VPOS="1506" WIDTH="1589" HEIGHT="73">
							<String ID="string_191" HPOS="242" VPOS="1532" WIDTH="74" HEIGHT="36" WC="0.96" CONTENT="den"/><SP WIDTH="40" VPOS="1532" HPOS="316"/>
							<String ID="string_192" HPOS="356" VPOS="1531" WIDTH="171" HEIGHT="37" WC="0.95" CONTENT="fordran:"/><SP WIDTH="44" VPOS="1531" HPOS="527"/>
							<String ID="string_193" HPOS="571" VPOS="1532" WIDTH="129" HEIGHT="36" WC="0.95" CONTENT="kunna"/><SP WIDTH="34" VPOS="1532" HPOS="700"/>
							<String ID="string_194" HPOS="734" VPOS="1531" WIDTH="47" HEIGHT="36" WC="0.96" CONTENT="de"/><SP WIDTH="33" VPOS="1531" HPOS="781"/>
							<String ID="string_195" HPOS="814" VPOS="1508" WIDTH="65" HEIGHT="71" WC="0.96" CONTENT="sig"/><SP WIDTH="24" VPOS="1508" HPOS="879"/>
							<String ID="string_196" HPOS="903" VPOS="1531" WIDTH="31" HEIGHT="48" WC="0.96" CONTENT="ej"/><SP WIDTH="31" VPOS="1531" HPOS="934"/>
							<String ID="string_197" HPOS="965" VPOS="1531" WIDTH="146" HEIGHT="44" WC="0.93" CONTENT="förena;"/><SP WIDTH="31" VPOS="1531" HPOS="1111"/>
							<String ID="string_198" HPOS="1142" VPOS="1530" WIDTH="102" HEIGHT="48" WC="0.92" CONTENT="gälle"/><SP WIDTH="28" VPOS="1530" HPOS="1244"/>
							<String ID="string_199" HPOS="1272" VPOS="1506" WIDTH="263" HEIGHT="73" WC="0.92" CONTENT="borgenärens"/><SP WIDTH="29" VPOS="1506" HPOS="1535"/>
							<String ID="string_200" HPOS="1564" VPOS="1529" WIDTH="171" HEIGHT="49" WC="0.96" CONTENT="mening,"/><SP WIDTH="29" VPOS="1529" HPOS="1735"/>
							<String ID="string_201" HPOS="1764" VPOS="1529" WIDTH="67" HEIGHT="37" WC="0.96" CONTENT="der"/>
						</TextLine>
						<TextLine ID="line_22" HPOS="241" VPOS="1581" WIDTH="1588" HEIGHT="51">
							<String ID="string_202" HPOS="241" VPOS="1584" WIDTH="33" HEIGHT="48" WC="0.96" CONTENT="ej"/><SP WIDTH="44" VPOS="1584" HPOS="274"/>
							<String ID="string_203" HPOS="318" VPOS="1584" WIDTH="46" HEIGHT="36" WC="0.96" CONTENT="de"/><SP WIDTH="33" VPOS="1584" HPOS="364"/>
							<String ID="string_204" HPOS="397" VPOS="1583" WIDTH="118" HEIGHT="37" WC="0.96" CONTENT="andra"/><SP WIDTH="33" VPOS="1583" HPOS="515"/>
							<String ID="string_205" HPOS="548" VPOS="1584" WIDTH="141" HEIGHT="35" WC="0.96" CONTENT="honom"/><SP WIDTH="29" VPOS="1584" HPOS="689"/>
							<String ID="string_206" HPOS="718" VPOS="1583" WIDTH="123" HEIGHT="36" WC="0.96" CONTENT="utlösa"/><SP WIDTH="30" VPOS="1583" HPOS="841"/>
							<String ID="string_207" HPOS="871" VPOS="1582" WIDTH="91" HEIGHT="36" WC="0.96" CONTENT="eller"/><SP WIDTH="27" VPOS="1582" HPOS="962"/>
							<String ID="string_208" HPOS="989" VPOS="1582" WIDTH="59" HEIGHT="36" WC="0.96" CONTENT="för"/><SP WIDTH="27" VPOS="1582" HPOS="1048"/>
							<String ID="string_209" HPOS="1075" VPOS="1582" WIDTH="96" HEIGHT="36" WC="0.96" CONTENT="hans"/><SP WIDTH="29" VPOS="1582" HPOS="1171"/>
							<String ID="string_210" HPOS="1200" VPOS="1582" WIDTH="152" HEIGHT="37" WC="0.96" CONTENT="fordran"/><SP WIDTH="29" VPOS="1582" HPOS="1352"/>
							<String ID="string_211" HPOS="1381" VPOS="1581" WIDTH="110" HEIGHT="37" WC="0.95" CONTENT="ställa"/><SP WIDTH="28" VPOS="1581" HPOS="1491"/>
							<String ID="string_212" HPOS="1519" VPOS="1581" WIDTH="68" HEIGHT="36" WC="0.96" CONTENT="full"/><SP WIDTH="29" VPOS="1581" HPOS="1587"/>
							<String ID="string_213" HPOS="1616" VPOS="1581" WIDTH="213" HEIGHT="37" WC="0.95" CONTENT="säkerhet.»"/>
						</TextLine>
					</TextBlock>
					<TextBlock ID="block_4" HPOS="241" VPOS="1632" WIDTH="1593" HEIGHT="731">
						<TextLine ID="line_23" HPOS="370" VPOS="1632" WIDTH="1459" HEIGHT="51">
							<String ID="string_214" HPOS="370" VPOS="1635" WIDTH="240" HEIGHT="37" WC="0.96" CONTENT="Motionären"/><SP WIDTH="39" VPOS="1635" HPOS="610"/>
							<String ID="string_215" HPOS="649" VPOS="1635" WIDTH="214" HEIGHT="46" WC="0.95" CONTENT="anmärker,"/><SP WIDTH="35" VPOS="1635" HPOS="863"/>
							<String ID="string_216" HPOS="898" VPOS="1640" WIDTH="55" HEIGHT="30" WC="0.95" CONTENT="att"/><SP WIDTH="27" VPOS="1640" HPOS="953"/>
							<String ID="string_217" HPOS="980" VPOS="1633" WIDTH="59" HEIGHT="36" WC="0.96" CONTENT="till"/><SP WIDTH="28" VPOS="1633" HPOS="1039"/>
							<String ID="string_218" HPOS="1067" VPOS="1633" WIDTH="92" HEIGHT="50" WC="0.96" CONTENT="följd"/><SP WIDTH="28" VPOS="1633" HPOS="1159"/>
							<String ID="string_219" HPOS="1187" VPOS="1633" WIDTH="42" HEIGHT="37" WC="0.96" CONTENT="af"/><SP WIDTH="23" VPOS="1633" HPOS="1229"/>
							<String ID="string_220" HPOS="1252" VPOS="1634" WIDTH="46" HEIGHT="37" WC="0.96" CONTENT="de"/><SP WIDTH="29" VPOS="1634" HPOS="1298"/>
							<String ID="string_221" HPOS="1327" VPOS="1636" WIDTH="137" HEIGHT="45" WC="0.96" CONTENT="många"/><SP WIDTH="28" VPOS="1636" HPOS="1464"/>
							<String ID="string_222" HPOS="1492" VPOS="1632" WIDTH="226" HEIGHT="49" WC="0.96" CONTENT="konkurser,"/><SP WIDTH="30" VPOS="1632" HPOS="1718"/>
							<String ID="string_223" HPOS="1748" VPOS="1646" WIDTH="81" HEIGHT="23" WC="0.93" CONTENT="som"/>
						</TextLine>
						<TextLine ID="line_24" HPOS="241" VPOS="1684" WIDTH="1590" HEIGHT="52">
							<String ID="string_224" HPOS="241" VPOS="1687" WIDTH="120" HEIGHT="37" WC="0.96" CONTENT="under"/><SP WIDTH="29" VPOS="1687" HPOS="361"/>
							<String ID="string_225" HPOS="390" VPOS="1700" WIDTH="136" HEIGHT="24" WC="0.96" CONTENT="senare"/><SP WIDTH="29" VPOS="1700" HPOS="526"/>
							<String ID="string_226" HPOS="555" VPOS="1687" WIDTH="99" HEIGHT="37" WC="0.96" CONTENT="tider"/><SP WIDTH="28" VPOS="1687" HPOS="654"/>
							<String ID="string_227" HPOS="682" VPOS="1692" WIDTH="65" HEIGHT="44" WC="0.96" CONTENT="egt"/><SP WIDTH="29" VPOS="1692" HPOS="747"/>
							<String ID="string_228" HPOS="776" VPOS="1700" WIDTH="94" HEIGHT="34" WC="0.96" CONTENT="rum,"/><SP WIDTH="29" VPOS="1700" HPOS="870"/>
							<String ID="string_229" HPOS="899" VPOS="1688" WIDTH="173" HEIGHT="47" WC="0.96" CONTENT="uppstått"/><SP WIDTH="28" VPOS="1688" HPOS="1072"/>
							<String ID="string_230" HPOS="1100" VPOS="1690" WIDTH="55" HEIGHT="32" WC="0.96" CONTENT="ett"/><SP WIDTH="29" VPOS="1690" HPOS="1155"/>
							<String ID="string_231" HPOS="1184" VPOS="1690" WIDTH="136" HEIGHT="32" WC="0.93" CONTENT="nästan"/><SP WIDTH="26" VPOS="1690" HPOS="1320"/>
							<String ID="string_232" HPOS="1346" VPOS="1684" WIDTH="280" HEIGHT="50" WC="0.88" CONTENT="yrkesmessigt"/><SP WIDTH="15" VPOS="1684" HPOS="1626"/>
							<String ID="string_233" HPOS="1641" VPOS="1685" WIDTH="190" HEIGHT="49" WC="0.92" CONTENT="jägtande"/>
						</TextLine>
						<TextLine ID="line_25" HPOS="243" VPOS="1737" WIDTH="1589" HEIGHT="50">
							<String ID="string_234" HPOS="243" VPOS="1739" WIDTH="95" HEIGHT="37" WC="0.96" CONTENT="efter"/><SP WIDTH="42" VPOS="1739" HPOS="338"/>
							<String ID="string_235" HPOS="380" VPOS="1739" WIDTH="264" HEIGHT="48" WC="0.96" CONTENT="befattningar"/><SP WIDTH="43" VPOS="1739" HPOS="644"/>
							<String ID="string_236" HPOS="687" VPOS="1743" WIDTH="126" HEIGHT="32" WC="0.96" CONTENT="såsom"/><SP WIDTH="42" VPOS="1743" HPOS="813"/>
							<String ID="string_237" HPOS="855" VPOS="1738" WIDTH="78" HEIGHT="48" WC="0.96" CONTENT="god"/><SP WIDTH="34" VPOS="1738" HPOS="933"/>
							<String ID="string_238" HPOS="967" VPOS="1751" WIDTH="88" HEIGHT="23" WC="0.96" CONTENT="man"/><SP WIDTH="35" VPOS="1751" HPOS="1055"/>
							<String ID="string_239" HPOS="1090" VPOS="1737" WIDTH="71" HEIGHT="36" WC="0.92" CONTENT="och"/><SP WIDTH="29" VPOS="1737" HPOS="1161"/>
							<String ID="string_240" HPOS="1190" VPOS="1738" WIDTH="216" HEIGHT="49" WC="0.90" CONTENT="syssloman"/><SP WIDTH="29" VPOS="1738" HPOS="1406"/>
							<String ID="string_241" HPOS="1435" VPOS="1737" WIDTH="12" HEIGHT="36" WC="0.96" CONTENT="i"/><SP WIDTH="28" VPOS="1737" HPOS="1447"/>
							<String ID="string_242" HPOS="1475" VPOS="1737" WIDTH="226" HEIGHT="36" WC="0.96" CONTENT="konkurser."/><SP WIDTH="55" VPOS="1737" HPOS="1701"/>
							<String ID="string_243" HPOS="1756" VPOS="1737" WIDTH="76" HEIGHT="36" WC="0.96" CONTENT="För"/>
						</TextLine>
						<TextLine ID="line_26" HPOS="243" VPOS="1788" WIDTH="1589" HEIGHT="50">
							<String ID="string_244" HPOS="243" VPOS="1792" WIDTH="105" HEIGHT="36" WC="0.96" CONTENT="detta"/><SP WIDTH="29" VPOS="1792" HPOS="348"/>
							<String ID="string_245" HPOS="377" VPOS="1791" WIDTH="175" HEIGHT="37" WC="0.96" CONTENT="ändamål"/><SP WIDTH="33" VPOS="1791" HPOS="552"/>
							<String ID="string_246" HPOS="585" VPOS="1790" WIDTH="189" HEIGHT="37" WC="0.93" CONTENT="samlades"/><SP WIDTH="28" VPOS="1790" HPOS="774"/>
							<String ID="string_247" HPOS="802" VPOS="1790" WIDTH="221" HEIGHT="48" WC="0.91" CONTENT="fullmagter"/><SP WIDTH="28" VPOS="1790" HPOS="1023"/>
							<String ID="string_248" HPOS="1051" VPOS="1794" WIDTH="55" HEIGHT="31" WC="0.96" CONTENT="att"/><SP WIDTH="28" VPOS="1794" HPOS="1106"/>
							<String ID="string_249" HPOS="1134" VPOS="1789" WIDTH="81" HEIGHT="36" WC="0.96" CONTENT="föra"/><SP WIDTH="27" VPOS="1789" HPOS="1215"/>
							<String ID="string_250" HPOS="1242" VPOS="1789" WIDTH="104" HEIGHT="37" WC="0.96" CONTENT="talan"/><SP WIDTH="28" VPOS="1789" HPOS="1346"/>
							<String ID="string_251" HPOS="1374" VPOS="1789" WIDTH="57" HEIGHT="36" WC="0.96" CONTENT="för"/><SP WIDTH="27" VPOS="1789" HPOS="1431"/>
							<String ID="string_252" HPOS="1458" VPOS="1789" WIDTH="248" HEIGHT="48" WC="0.93" CONTENT="borgenärer,"/><SP WIDTH="28" VPOS="1789" HPOS="1706"/>
							<String ID="string_253" HPOS="1734" VPOS="1788" WIDTH="98" HEIGHT="36" WC="0.92" CONTENT="före-"/>
						</TextLine>
						<TextLine ID="line_27" HPOS="242" VPOS="1840" WIDTH="1590" HEIGHT="50">
							<String ID="string_254" HPOS="242" VPOS="1843" WIDTH="190" HEIGHT="37" WC="0.92" CONTENT="trädesvis"/><SP WIDTH="43" VPOS="1843" HPOS="432"/>
							<String ID="string_255" HPOS="475" VPOS="1844" WIDTH="57" HEIGHT="36" WC="0.93" CONTENT="för"/><SP WIDTH="32" VPOS="1844" HPOS="532"/>
							<String ID="string_256" HPOS="564" VPOS="1843" WIDTH="278" HEIGHT="37" WC="0.92" CONTENT="innehafvarne"/><SP WIDTH="29" VPOS="1843" HPOS="842"/>
							<String ID="string_257" HPOS="871" VPOS="1842" WIDTH="40" HEIGHT="37" WC="0.96" CONTENT="af"/><SP WIDTH="26" VPOS="1842" HPOS="911"/>
							<String ID="string_258" HPOS="937" VPOS="1842" WIDTH="45" HEIGHT="37" WC="0.95" CONTENT="de"/><SP WIDTH="29" VPOS="1842" HPOS="982"/>
							<String ID="string_259" HPOS="1011" VPOS="1846" WIDTH="141" HEIGHT="32" WC="0.89" CONTENT="största"/><SP WIDTH="28" VPOS="1846" HPOS="1152"/>
							<String ID="string_260" HPOS="1180" VPOS="1841" WIDTH="277" HEIGHT="49" WC="0.91" CONTENT="fordringarne,"/><SP WIDTH="31" VPOS="1841" HPOS="1457"/>
							<String ID="string_261" HPOS="1488" VPOS="1854" WIDTH="81" HEIGHT="24" WC="0.93" CONTENT="som"/><SP WIDTH="30" VPOS="1854" HPOS="1569"/>
							<String ID="string_262" HPOS="1599" VPOS="1840" WIDTH="127" HEIGHT="38" WC="0.91" CONTENT="dertill"/><SP WIDTH="28" VPOS="1840" HPOS="1726"/>
							<String ID="string_263" HPOS="1754" VPOS="1840" WIDTH="78" HEIGHT="37" WC="0.96" CONTENT="ofta"/>
						</TextLine>
						<TextLine ID="line_28" HPOS="241" VPOS="1893" WIDTH="1589" HEIGHT="49">
							<String ID="string_264" HPOS="241" VPOS="1909" WIDTH="90" HEIGHT="24" WC="0.95" CONTENT="vore"/><SP WIDTH="29" VPOS="1909" HPOS="331"/>
							<String ID="string_265" HPOS="360" VPOS="1896" WIDTH="181" HEIGHT="36" WC="0.96" CONTENT="förenade"/><SP WIDTH="30" VPOS="1896" HPOS="541"/>
							<String ID="string_266" HPOS="571" VPOS="1895" WIDTH="87" HEIGHT="36" WC="0.90" CONTENT="med"/><SP WIDTH="28" VPOS="1895" HPOS="658"/>
							<String ID="string_267" HPOS="686" VPOS="1895" WIDTH="248" HEIGHT="37" WC="0.90" CONTENT="förmånsrätt"/><SP WIDTH="28" VPOS="1895" HPOS="934"/>
							<String ID="string_268" HPOS="962" VPOS="1894" WIDTH="71" HEIGHT="36" WC="0.96" CONTENT="och"/><SP WIDTH="29" VPOS="1894" HPOS="1033"/>
							<String ID="string_269" HPOS="1062" VPOS="1894" WIDTH="159" HEIGHT="36" WC="0.96" CONTENT="sålunda"/><SP WIDTH="25" VPOS="1894" HPOS="1221"/>
							<String ID="string_270" HPOS="1246" VPOS="1894" WIDTH="85" HEIGHT="37" WC="0.96" CONTENT="icke"/><SP WIDTH="29" VPOS="1894" HPOS="1331"/>
							<String ID="string_271" HPOS="1360" VPOS="1893" WIDTH="194" HEIGHT="37" WC="0.96" CONTENT="medförde"/><SP WIDTH="28" VPOS="1893" HPOS="1554"/>
							<String ID="string_272" HPOS="1582" VPOS="1896" WIDTH="128" HEIGHT="46" WC="0.95" CONTENT="någon"/><SP WIDTH="27" VPOS="1896" HPOS="1710"/>
							<String ID="string_273" HPOS="1737" VPOS="1893" WIDTH="93" HEIGHT="36" WC="0.95" CONTENT="risk."/>
						</TextLine>
						<TextLine ID="line_29" HPOS="241" VPOS="1945" WIDTH="1590" HEIGHT="50">
							<String ID="string_274" HPOS="241" VPOS="1946" WIDTH="283" HEIGHT="38" WC="0.92" CONTENT="Innehafvarne"/><SP WIDTH="42" VPOS="1946" HPOS="524"/>
							<String ID="string_275" HPOS="566" VPOS="1947" WIDTH="42" HEIGHT="37" WC="0.96" CONTENT="af"/><SP WIDTH="36" VPOS="1947" HPOS="608"/>
							<String ID="string_276" HPOS="644" VPOS="1952" WIDTH="143" HEIGHT="32" WC="0.96" CONTENT="smärre"/><SP WIDTH="42" VPOS="1952" HPOS="787"/>
							<String ID="string_277" HPOS="829" VPOS="1946" WIDTH="228" HEIGHT="49" WC="0.95" CONTENT="fordringar,"/><SP WIDTH="35" VPOS="1946" HPOS="1057"/>
							<String ID="string_278" HPOS="1092" VPOS="1958" WIDTH="81" HEIGHT="24" WC="0.96" CONTENT="som"/><SP WIDTH="34" VPOS="1958" HPOS="1173"/>
							<String ID="string_279" HPOS="1207" VPOS="1946" WIDTH="84" HEIGHT="37" WC="0.86" CONTENT="icke"/><SP WIDTH="43" VPOS="1946" HPOS="1291"/>
							<String ID="string_280" HPOS="1334" VPOS="1945" WIDTH="164" HEIGHT="49" WC="0.91" CONTENT="utginge"/><SP WIDTH="35" VPOS="1945" HPOS="1498"/>
							<String ID="string_281" HPOS="1533" VPOS="1945" WIDTH="86" HEIGHT="37" WC="0.93" CONTENT="med"/><SP WIDTH="27" VPOS="1945" HPOS="1619"/>
							<String ID="string_282" HPOS="1646" VPOS="1945" WIDTH="185" HEIGHT="37" WC="0.91" CONTENT="förmåns-"/>
						</TextLine>
						<TextLine ID="line_30" HPOS="243" VPOS="1997" WIDTH="1586" HEIGHT="52">
							<String ID="string_283" HPOS="243" VPOS="2005" WIDTH="88" HEIGHT="43" WC="0.93" CONTENT="rätt,"/><SP WIDTH="38" VPOS="2005" HPOS="331"/>
							<String ID="string_284" HPOS="369" VPOS="2003" WIDTH="143" HEIGHT="46" WC="0.90" CONTENT="ansåge"/><SP WIDTH="33" VPOS="2003" HPOS="512"/>
							<String ID="string_285" HPOS="545" VPOS="1999" WIDTH="182" HEIGHT="49" WC="0.96" CONTENT="vanligen"/><SP WIDTH="43" VPOS="1999" HPOS="727"/>
							<String ID="string_286" HPOS="770" VPOS="1999" WIDTH="31" HEIGHT="49" WC="0.96" CONTENT="ej"/><SP WIDTH="43" VPOS="1999" HPOS="801"/>
							<String ID="string_287" HPOS="844" VPOS="1998" WIDTH="139" HEIGHT="37" WC="0.93" CONTENT="mödan"/><SP WIDTH="42" VPOS="1998" HPOS="983"/>
							<String ID="string_288" HPOS="1025" VPOS="1998" WIDTH="110" HEIGHT="37" WC="0.92" CONTENT="värdt"/><SP WIDTH="42" VPOS="1998" HPOS="1135"/>
							<String ID="string_289" HPOS="1177" VPOS="2003" WIDTH="55" HEIGHT="32" WC="0.96" CONTENT="att"/><SP WIDTH="42" VPOS="2003" HPOS="1232"/>
							<String ID="string_290" HPOS="1274" VPOS="1998" WIDTH="65" HEIGHT="37" WC="0.95" CONTENT="vid"/><SP WIDTH="40" VPOS="1998" HPOS="1339"/>
							<String ID="string_291" HPOS="1379" VPOS="1998" WIDTH="112" HEIGHT="37" WC="0.96" CONTENT="valen"/><SP WIDTH="38" VPOS="1998" HPOS="1491"/>
							<String ID="string_292" HPOS="1529" VPOS="1998" WIDTH="42" HEIGHT="36" WC="0.95" CONTENT="af"/><SP WIDTH="36" VPOS="1998" HPOS="1571"/>
							<String ID="string_293" HPOS="1607" VPOS="1997" WIDTH="101" HEIGHT="49" WC="0.96" CONTENT="gode"/><SP WIDTH="35" VPOS="1997" HPOS="1708"/>
							<String ID="string_294" HPOS="1743" VPOS="2001" WIDTH="86" HEIGHT="32" WC="0.96" CONTENT="män"/>
						</TextLine>
						<TextLine ID="line_31" HPOS="243" VPOS="2050" WIDTH="1589" HEIGHT="51">
							<String ID="string_295" HPOS="243" VPOS="2052" WIDTH="71" HEIGHT="36" WC="0.92" CONTENT="och"/><SP WIDTH="43" VPOS="2052" HPOS="314"/>
							<String ID="string_296" HPOS="357" VPOS="2053" WIDTH="217" HEIGHT="48" WC="0.91" CONTENT="sysslomän"/><SP WIDTH="29" VPOS="2053" HPOS="574"/>
							<String ID="string_297" HPOS="603" VPOS="2051" WIDTH="94" HEIGHT="37" WC="0.96" CONTENT="söka"/><SP WIDTH="27" VPOS="2051" HPOS="697"/>
							<String ID="string_298" HPOS="724" VPOS="2057" WIDTH="56" HEIGHT="31" WC="0.96" CONTENT="att"/><SP WIDTH="28" VPOS="2057" HPOS="780"/>
							<String ID="string_299" HPOS="808" VPOS="2050" WIDTH="197" HEIGHT="38" WC="0.93" CONTENT="motverka"/><SP WIDTH="27" VPOS="2050" HPOS="1005"/>
							<String ID="string_300" HPOS="1032" VPOS="2050" WIDTH="275" HEIGHT="38" WC="0.91" CONTENT="innehafvarne"/><SP WIDTH="29" VPOS="2050" HPOS="1307"/>
							<String ID="string_301" HPOS="1336" VPOS="2050" WIDTH="40" HEIGHT="36" WC="0.96" CONTENT="af"/><SP WIDTH="20" VPOS="2050" HPOS="1376"/>
							<String ID="string_302" HPOS="1396" VPOS="2050" WIDTH="47" HEIGHT="37" WC="0.96" CONTENT="de"/><SP WIDTH="29" VPOS="2050" HPOS="1443"/>
							<String ID="string_303" HPOS="1472" VPOS="2055" WIDTH="122" HEIGHT="32" WC="0.93" CONTENT="större"/><SP WIDTH="25" VPOS="2055" HPOS="1594"/>
							<String ID="string_304" HPOS="1619" VPOS="2050" WIDTH="213" HEIGHT="47" WC="0.92" CONTENT="fordrings-"/>
						</TextLine>
						<TextLine ID="line_32" HPOS="242" VPOS="2101" WIDTH="1590" HEIGHT="52">
							<String ID="string_305" HPOS="242" VPOS="2117" WIDTH="163" HEIGHT="35" WC="0.91" CONTENT="egarnes"/><SP WIDTH="24" VPOS="2117" HPOS="405"/>
							<String ID="string_306" HPOS="429" VPOS="2104" WIDTH="232" HEIGHT="49" WC="0.92" CONTENT="fullmagter."/><SP WIDTH="54" VPOS="2104" HPOS="661"/>
							<String ID="string_307" HPOS="715" VPOS="2103" WIDTH="162" HEIGHT="50" WC="0.91" CONTENT="Följden"/><SP WIDTH="31" VPOS="2103" HPOS="877"/>
							<String ID="string_308" HPOS="908" VPOS="2103" WIDTH="133" HEIGHT="44" WC="0.90" CONTENT="blefve,"/><SP WIDTH="31" VPOS="2103" HPOS="1041"/>
							<String ID="string_309" HPOS="1072" VPOS="2108" WIDTH="55" HEIGHT="31" WC="0.93" CONTENT="att"/><SP WIDTH="28" VPOS="2108" HPOS="1127"/>
							<String ID="string_310" HPOS="1155" VPOS="2103" WIDTH="110" HEIGHT="37" WC="0.91" CONTENT="desse"/><SP WIDTH="29" VPOS="2103" HPOS="1265"/>
							<String ID="string_311" HPOS="1294" VPOS="2115" WIDTH="132" HEIGHT="24" WC="0.93" CONTENT="senare"/><SP WIDTH="28" VPOS="2115" HPOS="1426"/>
							<String ID="string_312" HPOS="1454" VPOS="2105" WIDTH="140" HEIGHT="46" WC="0.90" CONTENT="utsåge"/><SP WIDTH="26" VPOS="2105" HPOS="1594"/>
							<String ID="string_313" HPOS="1620" VPOS="2102" WIDTH="61" HEIGHT="49" WC="0.93" CONTENT="sig"/><SP WIDTH="17" VPOS="2102" HPOS="1681"/>
							<String ID="string_314" HPOS="1698" VPOS="2101" WIDTH="134" HEIGHT="50" WC="0.91" CONTENT="sjelfve"/>
						</TextLine>
						<TextLine ID="line_33" HPOS="241" VPOS="2154" WIDTH="1592" HEIGHT="51">
							<String ID="string_315" HPOS="241" VPOS="2156" WIDTH="57" HEIGHT="36" WC="0.96" CONTENT="till"/><SP WIDTH="28" VPOS="2156" HPOS="298"/>
							<String ID="string_316" HPOS="326" VPOS="2156" WIDTH="101" HEIGHT="49" WC="0.96" CONTENT="gode"/><SP WIDTH="29" VPOS="2156" HPOS="427"/>
							<String ID="string_317" HPOS="456" VPOS="2161" WIDTH="88" HEIGHT="32" WC="0.96" CONTENT="män"/><SP WIDTH="29" VPOS="2161" HPOS="544"/>
							<String ID="string_318" HPOS="573" VPOS="2156" WIDTH="70" HEIGHT="37" WC="0.93" CONTENT="och"/><SP WIDTH="27" VPOS="2156" HPOS="643"/>
							<String ID="string_319" HPOS="670" VPOS="2156" WIDTH="228" HEIGHT="49" WC="0.78" CONTENT="sygslomän,"/><SP WIDTH="29" VPOS="2156" HPOS="898"/>
							<String ID="string_320" HPOS="927" VPOS="2158" WIDTH="48" HEIGHT="47" WC="0.96" CONTENT="på"/><SP WIDTH="31" VPOS="2158" HPOS="975"/>
							<String ID="string_321" HPOS="1006" VPOS="2168" WIDTH="145" HEIGHT="23" WC="0.96" CONTENT="samma"/><SP WIDTH="27" VPOS="2168" HPOS="1151"/>
							<String ID="string_322" HPOS="1178" VPOS="2158" WIDTH="108" HEIGHT="46" WC="0.96" CONTENT="gång"/><SP WIDTH="27" VPOS="2158" HPOS="1286"/>
							<String ID="string_323" HPOS="1313" VPOS="2155" WIDTH="48" HEIGHT="37" WC="0.95" CONTENT="de"/><SP WIDTH="28" VPOS="2155" HPOS="1361"/>
							<String ID="string_324" HPOS="1389" VPOS="2157" WIDTH="38" HEIGHT="34" WC="0.95" CONTENT="åt"/><SP WIDTH="24" VPOS="2157" HPOS="1427"/>
							<String ID="string_325" HPOS="1451" VPOS="2154" WIDTH="60" HEIGHT="49" WC="0.96" CONTENT="sig"/><SP WIDTH="29" VPOS="2154" HPOS="1511"/>
							<String ID="string_326" HPOS="1540" VPOS="2154" WIDTH="197" HEIGHT="37" WC="0.91" CONTENT="bestämde"/><SP WIDTH="22" VPOS="2154" HPOS="1737"/>
							<String ID="string_327" HPOS="1759" VPOS="2154" WIDTH="74" HEIGHT="36" WC="0.91" CONTENT="arf-"/>
						</TextLine>
						<TextLine ID="line_34" HPOS="243" VPOS="2206" WIDTH="1591" HEIGHT="51">
							<String ID="string_328" HPOS="243" VPOS="2209" WIDTH="133" HEIGHT="36" WC="0.92" CONTENT="voden."/><SP WIDTH="57" VPOS="2209" HPOS="376"/>
							<String ID="string_329" HPOS="433" VPOS="2209" WIDTH="140" HEIGHT="47" WC="0.86" CONTENT="»Men»,"/><SP WIDTH="30" VPOS="2209" HPOS="573"/>
							<String ID="string_330" HPOS="603" VPOS="2209" WIDTH="198" HEIGHT="36" WC="0.96" CONTENT="fortsätter"/><SP WIDTH="29" VPOS="2209" HPOS="801"/>
							<String ID="string_331" HPOS="830" VPOS="2207" WIDTH="249" HEIGHT="48" WC="0.92" CONTENT="motionären,"/><SP WIDTH="30" VPOS="2207" HPOS="1079"/>
							<String ID="string_332" HPOS="1109" VPOS="2213" WIDTH="75" HEIGHT="31" WC="0.92" CONTENT="»att"/><SP WIDTH="29" VPOS="2213" HPOS="1184"/>
							<String ID="string_333" HPOS="1213" VPOS="2207" WIDTH="263" HEIGHT="50" WC="0.96" CONTENT="lagstiftarens"/><SP WIDTH="26" VPOS="2207" HPOS="1476"/>
							<String ID="string_334" HPOS="1502" VPOS="2206" WIDTH="160" HEIGHT="49" WC="0.96" CONTENT="mening"/><SP WIDTH="22" VPOS="2206" HPOS="1662"/>
							<String ID="string_335" HPOS="1684" VPOS="2206" WIDTH="32" HEIGHT="49" WC="0.96" CONTENT="ej"/><SP WIDTH="18" VPOS="2206" HPOS="1716"/>
							<String ID="string_336" HPOS="1734" VPOS="2206" WIDTH="100" HEIGHT="37" WC="0.96" CONTENT="varit"/>
						</TextLine>
						<TextLine ID="line_35" HPOS="243" VPOS="2258" WIDTH="1587" HEIGHT="51">
							<String ID="string_337" HPOS="243" VPOS="2261" WIDTH="233" HEIGHT="48" WC="0.96" CONTENT="densamma,"/><SP WIDTH="41" VPOS="2261" HPOS="476"/>
							<String ID="string_338" HPOS="517" VPOS="2261" WIDTH="58" HEIGHT="36" WC="0.96" CONTENT="till"/><SP WIDTH="33" VPOS="2261" HPOS="575"/>
							<String ID="string_339" HPOS="608" VPOS="2260" WIDTH="149" HEIGHT="37" WC="0.96" CONTENT="hvilket"/><SP WIDTH="27" VPOS="2260" HPOS="757"/>
							<String ID="string_340" HPOS="784" VPOS="2259" WIDTH="297" HEIGHT="50" WC="0.96" CONTENT="lagtolkningen"/><SP WIDTH="29" VPOS="2259" HPOS="1081"/>
							<String ID="string_341" HPOS="1110" VPOS="2259" WIDTH="87" HEIGHT="49" WC="0.96" CONTENT="fört,"/><SP WIDTH="29" VPOS="2259" HPOS="1197"/>
							<String ID="string_342" HPOS="1226" VPOS="2260" WIDTH="169" HEIGHT="48" WC="0.96" CONTENT="framgår"/><SP WIDTH="27" VPOS="2260" HPOS="1395"/>
							<String ID="string_343" HPOS="1422" VPOS="2259" WIDTH="116" HEIGHT="37" WC="0.96" CONTENT="bland"/><SP WIDTH="31" VPOS="2259" HPOS="1538"/>
							<String ID="string_344" HPOS="1569" VPOS="2264" WIDTH="117" HEIGHT="32" WC="0.96" CONTENT="annat"/><SP WIDTH="28" VPOS="2264" HPOS="1686"/>
							<String ID="string_345" HPOS="1714" VPOS="2258" WIDTH="116" HEIGHT="48" WC="0.96" CONTENT="deraf,"/>
						</TextLine>
						<TextLine ID="line_36" HPOS="243" VPOS="2287" WIDTH="1589" HEIGHT="104">
							<String ID="string_346" HPOS="243" VPOS="2318" WIDTH="56" HEIGHT="32" WC="0.95" CONTENT="att"/><SP WIDTH="41" VPOS="2318" HPOS="299"/>
							<String ID="string_347" HPOS="340" VPOS="2313" WIDTH="121" HEIGHT="50" WC="0.96" CONTENT="enligt"/><SP WIDTH="32" VPOS="2313" HPOS="461"/>
							<String ID="string_348" HPOS="493" VPOS="2316" WIDTH="47" HEIGHT="33" WC="0.93" CONTENT="44"/><SP WIDTH="32" VPOS="2316" HPOS="540"/>
							<String ID="string_349" HPOS="572" VPOS="2313" WIDTH="20" HEIGHT="49" WC="0.53" CONTENT="&amp;"/><SP WIDTH="29" VPOS="2313" HPOS="592"/>
							<String ID="string_350" HPOS="621" VPOS="2315" WIDTH="23" HEIGHT="34" WC="0.96" CONTENT="4"/><SP WIDTH="28" VPOS="2315" HPOS="644"/>
							<String ID="string_351" HPOS="672" VPOS="2313" WIDTH="86" HEIGHT="48" WC="0.93" CONTENT="kap."/><SP WIDTH="31" VPOS="2313" HPOS="758"/>
							<String ID="string_352" HPOS="789" VPOS="2312" WIDTH="289" HEIGHT="48" WC="0.90" CONTENT="konkurslagen"/><SP WIDTH="30" VPOS="2312" HPOS="1078"/>
							<String ID="string_353" HPOS="1108" VPOS="2289" WIDTH="281" HEIGHT="72" WC="0.92" CONTENT="borgenärerna"/><SP WIDTH="28" VPOS="2289" HPOS="1389"/>
							<String ID="string_354" HPOS="1417" VPOS="2324" WIDTH="72" HEIGHT="35" WC="0.91" CONTENT="ega"/><SP WIDTH="28" VPOS="2324" HPOS="1489"/>
							<String ID="string_355" HPOS="1517" VPOS="2316" WIDTH="66" HEIGHT="42" WC="0.95" CONTENT="att,"/><SP WIDTH="31" VPOS="2316" HPOS="1583"/>
							<String ID="string_356" HPOS="1614" VPOS="2311" WIDTH="47" HEIGHT="37" WC="0.96" CONTENT="då"/><SP WIDTH="28" VPOS="2311" HPOS="1661"/>
							<String ID="string_357" HPOS="1689" VPOS="2287" WIDTH="143" HEIGHT="104" WC="0.81" CONTENT="sysslo-"/>
						</TextLine>
					</TextBlock>
					<TextBlock ID="block_5" HPOS="330" VPOS="2370" WIDTH="1461" HEIGHT="40">
						<TextLine ID="line_37" HPOS="330" VPOS="2370" WIDTH="1461" HEIGHT="40">
							<String ID="string_358" HPOS="330" VPOS="2373" WIDTH="70" HEIGHT="32" WC="0.84" CONTENT="Bih."/><SP WIDTH="26" VPOS="2373" HPOS="400"/>
							<String ID="string_359" HPOS="426" VPOS="2372" WIDTH="50" HEIGHT="32" WC="0.92" CONTENT="till"/><SP WIDTH="23" VPOS="2372" HPOS="476"/>
							<String ID="string_360" HPOS="499" VPOS="2372" WIDTH="111" HEIGHT="32" WC="0.90" CONTENT="Riksd."/><SP WIDTH="27" VPOS="2372" HPOS="610"/>
							<String ID="string_361" HPOS="637" VPOS="2372" WIDTH="88" HEIGHT="32" WC="0.95" CONTENT="Prot."/><SP WIDTH="26" VPOS="2372" HPOS="725"/>
							<String ID="string_362" HPOS="751" VPOS="2373" WIDTH="91" HEIGHT="31" WC="0.94" CONTENT="1889."/><SP WIDTH="46" VPOS="2373" HPOS="842"/>
							<String ID="string_363" HPOS="888" VPOS="2374" WIDTH="20" HEIGHT="28" WC="0.92" CONTENT="7"/><SP WIDTH="23" VPOS="2374" HPOS="908"/>
							<String ID="string_364" HPOS="931" VPOS="2370" WIDTH="96" HEIGHT="33" WC="0.86" CONTENT="Saml."/><SP WIDTH="27" VPOS="2370" HPOS="1027"/>
							<String ID="string_365" HPOS="1054" VPOS="2372" WIDTH="18" HEIGHT="30" WC="0.92" CONTENT="5"/><SP WIDTH="25" VPOS="2372" HPOS="1072"/>
							<String ID="string_366" HPOS="1097" VPOS="2370" WIDTH="94" HEIGHT="40" WC="0.88" CONTENT="Häft."/><SP WIDTH="582" VPOS="2370" HPOS="1191"/>
							<String ID="string_367" HPOS="1773" VPOS="2370" WIDTH="18" HEIGHT="30" WC="0.96" CONTENT="2"/>
						</TextLine>
					</TextBlock>
				</ComposedBlock>
			</PrintSpace>
		</Page>
	</Layout>
</alto>
