1912 2776
261 148 39 30 58
621 151 286 32 Statsutskottets
929 154 180 31 utlåtande
1129 165 42 20 nr
1194 157 40 29 10
1255 157 39 29 år
1317 159 84 29 1963

261 232 131 29 vittnar
410 232 55 30 för
483 229 110 45 övrigt
615 235 82 30 1960
717 236 57 30 års
792 239 401 41 naturvårdsutredning
1211 242 11 29 i
1243 242 60 30 sitt
1321 243 140 39 nyligen
1481 245 205 30 avlämnade
1704 246 56 30 be-

260 282 187 30 tänkande.
471 284 394 39 Departementschefen
889 288 162 31 förordar
1073 293 51 27 att
1147 292 244 40 avsättningen
1415 294 52 29 till
1491 294 266 32 friluftsfonden

261 332 56 29 för
339 333 101 30 nästa
462 334 170 40 budgetår
653 336 154 31 bestäms
831 338 51 30 till
907 339 48 34 2,1
982 340 89 40 milj.
1096 341 62 34 kr.,
1182 342 237 31 innebärande
1443 354 42 20 en
1509 345 148 41 höjning
1679 347 80 30 med

261 382 53 34 0,3
331 383 88 40 milj.
437 384 63 35 kr.,
519 386 65 29 och
601 386 205 40 tillstyrker,
824 391 50 27 att
892 389 52 30 till
963 390 253 32 förhindrande
1235 402 43 20 av
1294 393 249 31 missförstånd
1561 405 56 20 om
1637 397 123 30 nämn-

261 432 86 31 dens
372 434 295 41 arbetsuppgifter
691 440 144 28 namnet
861 439 137 31 Statens
1024 440 252 32 fritidsnämnd
1302 444 128 30 ändras
1455 445 53 30 till
1535 445 136 31 Statens
1696 447 63 30 fri-

260 483 231 31 luftsnämnd.
511 486 206 40 Ytterligare
738 488 148 30 föreslår
904 490 397 39 departementschefen,
1321 496 50 27 att
1391 504 42 20 en
1454 496 171 40 reglering
1644 507 42 20 av
1705 507 53 20 ar-

259 533 133 31 vodena
409 535 35 29 åt
461 536 211 31 ordförande
690 539 66 29 och
774 539 191 31 ledamöter
981 541 82 39 äger
1079 551 79 20 rum
1177 543 79 29 från
1275 544 65 29 och
1358 545 79 30 med
1455 546 66 29 den
1542 547 13 28 1
1575 547 67 39 juli
1663 548 94 34 1963,

258 584 122 30 därvid
400 585 55 30 för
473 586 238 31 ordföranden
731 588 64 30 bör
813 590 129 30 räknas
962 592 80 29 med
1062 594 48 28 ett
1130 592 70 31 fast
1220 594 196 30 årsarvode.
1438 596 64 30 Det
1523 597 97 30 torde
1641 598 36 29 få
1698 607 59 21 an-

258 634 142 30 komma
418 636 43 38 på
480 637 125 39 Kungl.
625 638 104 38 Maj:t
749 641 51 28 att
817 639 135 31 besluta
970 650 57 21 om
1046 643 192 30 arvodenas
1258 645 140 30 storlek.

303 735 184 35 Utskottet,
510 746 75 21 som
606 739 136 29 erinrar
763 749 56 20 om
842 743 50 28 att
913 742 126 40 Kungl.
1062 744 105 39 Maj:t
1188 745 11 28 i
1222 746 217 38 proposition
1462 757 42 19 nr
1527 748 36 29 71
1588 749 52 29 till
1662 749 92 30 årets

256 785 143 40 riksdag
431 786 164 41 framlagt
628 789 132 40 förslag
792 791 177 39 angående
1002 793 178 40 riktlinjer
1212 796 65 29 och
1299 797 237 39 organisation
1560 798 53 30 för
1635 801 119 28 natur-

255 835 384 38 vårdsverksamheten,
657 848 45 21 m.
721 848 58 27 m.,
796 841 193 40 tillstyrker
1007 843 66 30 den
1093 844 198 41 föreslagna
1308 846 363 42 medelsanvisningen
1690 850 65 29 och

254 886 66 29 har
338 886 75 30 icke
433 888 103 39 något
556 891 50 28 att
625 890 116 30 erinra
760 893 73 28 mot
852 892 66 30 vad
939 893 385 39 departementschefen
1344 897 11 29 i
1374 897 143 31 ärendet
1537 899 128 30 anfört.

300 937 174 31 Utskottet
495 939 212 35 hemställer,

609 992 49 28 att
680 991 187 40 riksdagen
889 993 57 30 må
967 994 53 29 till
1043 995 208 40 Avsättning
1275 996 52 30 till
1347 997 130 39 fonden
1500 999 57 39 för
1577 999 178 40 friluftsli-

564 1041 71 29 vets
656 1040 202 41 främjande
880 1043 56 29 för
956 1044 204 40 budgetåret
1185 1046 148 36 1963/64
1356 1049 121 29 anvisa
1498 1051 48 28 ett
1569 1051 121 39 anslag
1712 1060 42 20 av

563 1090 95 30 2100
673 1091 64 30 000
759 1092 52 30 kr.

299 1237 96 36 77:0)
419 1241 192 30 Kostnader
628 1242 57 30 för
701 1243 94 30 vissa
814 1246 166 29 nämnder
998 1256 45 20 m.
1062 1257 43 20 m.
1124 1247 123 38 Kungl.
1267 1249 103 36 Maj:t
1388 1249 63 30 har
1470 1250 177 39 föreslagit
1666 1252 87 29 riks-

250 1288 111 40 dagen
385 1290 131 39 (punkt
536 1292 50 33 77,
607 1302 25 20 s.
655 1293 61 29 150
735 1295 66 29 och
822 1295 77 36 151)
923 1298 51 28 att
993 1297 52 29 till
1064 1297 267 40 ifrågavarande
1350 1300 164 30 ändamål
1534 1301 56 30 för
1606 1302 144 40 budget-

249 1338 76 30 året
343 1339 149 36 1963/64
509 1341 120 31 anvisa
645 1345 48 28 ett
711 1343 273 43 förslagsanslag
1000 1356 43 21 av
1058 1347 63 30 210
1136 1348 62 31 000
1215 1349 52 29 kr.

294 1440 163 40 Anslaget
476 1442 39 29 är
534 1442 55 30 för
607 1444 236 31 innevarande
862 1446 169 40 budgetår
1049 1451 166 38 upptaget
1234 1451 79 29 med
1334 1450 39 30 37
1388 1451 63 30 000
1470 1452 51 29 kr.

293 1490 117 30 Under
432 1493 156 39 anslaget
610 1494 40 29 är
670 1495 114 30 medel
806 1495 198 32 beräknade
1027 1498 55 30 för
1104 1500 152 29 arvoden
1279 1501 65 29 och
1366 1510 168 31 expenser
1555 1512 45 20 m.
1623 1512 46 20 m.
1691 1503 56 30 för

247 1541 462 43 utställningsberedningen
730 1545 97 30 inom
847 1547 436 40 handelsdepartementet,
1306 1553 132 28 statens
1459 1552 213 31 lånenämnd
1692 1553 56 30 för

247 1590 67 30 den
332 1591 135 31 mindre
486 1593 257 40 skeppsfarten,
761 1597 414 40 granskningsnämnden
1193 1600 56 30 för
1265 1601 95 30 vissa
1376 1599 371 47 patentansökningar,

247 1641 336 41 oljelagringsrådet,
611 1647 132 28 statens
770 1647 270 40 oljeskyddsråd
1066 1650 65 29 och
1158 1652 132 29 statens
1318 1651 350 39 krigsskadenämnd.
1696 1653 52 30 Av

247 1690 103 31 dessa
376 1692 64 29 har
467 1694 462 42 utställningsberedningen
957 1707 147 21 numera
1132 1700 164 39 upphört.
1325 1701 127 30 Vidare
1479 1702 160 31 kommer
1664 1703 81 30 från

246 1742 66 29 och
338 1743 79 29 med
443 1743 203 40 budgetåret
675 1745 151 36 1963/64
852 1747 239 31 kostnaderna
1117 1749 55 30 för
1198 1751 133 29 statens
1358 1751 213 31 lånenämnd
1597 1753 56 30 för
1678 1754 67 29 den

244 1791 137 31 mindre
401 1793 244 40 skeppsfarten
664 1796 65 29 och
749 1795 56 30 för
823 1799 131 28 statens
974 1798 270 40 oljeskyddsråd
1263 1802 51 28 att
1332 1801 172 31 bestridas
1524 1802 79 31 från
1622 1804 122 40 anslag

245 1841 113 31 under
382 1843 104 39 sjätte
511 1844 223 31 huvudtiteln
765 1847 53 34 (se
842 1847 63 29 Bil.
931 1847 30 35 8,
988 1857 26 21 s.
1041 1848 80 36 278)
1152 1852 90 28 samt
1268 1850 237 32 kostnaderna
1530 1853 55 29 för
1610 1856 133 28 statens

243 1892 340 39 krigsskadenämnd
600 1897 50 28 att
666 1895 173 31 bestridas
856 1897 80 30 från
952 1899 124 39 anslag
1091 1900 112 29 under
1219 1900 128 40 sjunde
1364 1902 222 31 huvudtiteln
1609 1905 52 33 (se
1678 1905 63 29 Bil.

243 1942 30 34 9,
297 1952 26 20 s.
348 1943 92 34 126).
464 1945 164 30 Däremot
650 1946 62 29 bör
734 1946 80 30 från
836 1948 64 29 och
921 1949 80 29 med
1023 1949 67 30 den
1115 1950 13 29 1
1152 1951 68 39 juli
1244 1951 83 30 1963
1349 1953 112 29 medel
1483 1953 173 31 beräknas
1679 1964 63 20 un-

242 1993 62 29 der
324 1993 228 32 förevarande
572 1996 122 40 anslag
713 1996 52 30 till
785 1997 94 30 vissa
897 1999 205 40 avlöningar
1121 2001 65 29 och
1206 2001 53 29 till
1279 2011 168 30 expenser
1467 2012 44 20 m.
1533 2013 45 20 m.
1599 2004 57 30 för
1675 2005 66 29 den

242 2051 125 31 genom
390 2044 113 30 beslut
527 2055 43 20 av
592 2046 126 40 Kungl.
744 2048 105 39 Maj:t
872 2048 67 30 den
962 2049 41 30 25
1028 2050 70 39 maj
1128 2051 82 30 1962
1235 2052 194 30 tillkallade
1453 2054 288 40 upplysningsbe-

241 2093 201 40 redningen.
473 2095 421 41 Granskningsnämnden
924 2098 55 31 för
1008 2100 94 29 vissa
1130 2103 362 39 patentansökningar
1521 2104 65 29 har
1615 2113 124 31 genom

241 2143 114 30 beslut
378 2154 42 20 av
442 2145 125 40 Kungl.
592 2147 104 39 Maj:t
721 2147 67 30 den
814 2148 38 29 14
875 2149 183 30 december
1082 2150 82 30 1962
1187 2151 127 30 ändrat
1337 2162 108 21 namn
1468 2154 65 29 och
1556 2155 98 30 heter
1676 2164 63 20 nu-

240 2202 97 21 mera
360 2195 419 40 Granskningsnämnden
804 2198 54 29 för
882 2198 421 42 försvarsuppfinningar.

285 2244 473 42 Upplysningsberedningen
779 2248 192 31 inrättades
993 2257 123 31 genom
1138 2251 113 30 beslut
1273 2261 43 21 av
1336 2253 124 39 Kungl.
1484 2254 104 39 Maj:t
1609 2255 67 30 den
1697 2255 41 29 25

239 2294 71 39 maj
332 2295 81 30 1962
429 2296 79 29 med
524 2296 137 39 uppgift
677 2299 51 27 att
744 2298 188 30 samordna
946 2299 183 40 planering
1144 2302 64 28 och
1224 2301 187 31 utförande
1428 2312 42 21 av
1485 2304 109 30 sådan
1611 2305 127 29 svensk

239 2344 455 41 upplysningsverksamhet
714 2347 11 29 i
746 2348 168 35 utlandet,
937 2359 75 19 som
1033 2350 52 29 till
1106 2350 113 39 någon
1241 2352 55 29 del
1316 2352 178 31 bekostats
1516 2363 42 20 av
1578 2357 159 27 statsme-

238 2394 66 29 del.
333 2395 276 31 Medelsbehovet
636 2396 55 30 för
719 2398 102 29 nästa
848 2398 169 40 budgetår
1044 2400 65 29 har
1136 2410 42 20 av
1204 2401 235 41 beredningen
1467 2403 187 30 beräknats
1683 2403 52 29 till

237 2444 64 30 200
316 2444 62 30 000
398 2445 62 35 kr.,
481 2456 106 20 varav
606 2446 40 30 33
660 2447 63 29 000
744 2448 52 32 kr.
817 2449 106 38 gäller
942 2449 263 35 biträdeslöner,
1226 2451 42 29 80
1282 2451 63 30 000
1366 2452 51 30 kr.
1439 2454 150 29 arvoden
1609 2453 36 29 åt
1665 2453 71 29 sär-
