1896 2776
264 165 19 30 6
630 166 284 30 Statsutskottets
935 167 178 30 utlåtande
1134 177 41 19 nr
1197 168 39 29 10
1255 168 39 29 år
1317 169 82 28 1963

578 249 380 40 statsrådsprotokollet
981 251 80 29 över
1085 251 303 31 handelsärenden
1411 252 53 30 för
1489 253 68 29 den
1581 253 19 30 3
1624 253 141 39 januari

581 299 98 35 1963;

621 349 38 34 b)
678 350 185 39 godkänna
879 349 155 40 följande
1049 351 252 40 avlöningsstat
1317 352 55 30 för
1386 352 379 41 kommerskollegium,

578 401 50 28 att
645 399 176 40 tillämpas
839 400 70 30 tills
925 400 117 31 vidare
1061 401 79 30 från
1158 402 64 29 och
1240 402 78 30 med
1336 402 204 40 budgetåret
1560 402 165 37 1963/64:

1059 476 264 40 Avlöningsstat

579 533 28 29 1.
632 532 212 41 Avlöningar
870 533 52 31 till
948 534 175 30 ordinarie
1150 535 225 39 tjänstemän,
1402 535 165 40 förslags-

631 582 50 31 ÖIS
709 605 8 7 6
736 606 6 7 5
754 578 11 51 16
780 578 45 51 SSL
840 606 14 7 15
891 606 71 8 RN
979 607 28 7 RR
1023 607 28 7 IR
1079 607 40 7 RS
1135 608 28 6 ÄR
1178 578 29 51 Brå
1239 578 20 51 föl
1266 578 18 51 og
1290 578 58 51 ser
1356 608 27 7 fb
1392 578 13 51 se
1417 578 10 51 se
1443 609 6 6 0
1465 609 26 6 fs
1509 609 28 6 ee
1554 609 6 6 a
1625 586 63 30 933
1703 586 61 30 700

575 633 30 29 2.
630 633 159 30 Arvoden
818 634 66 30 och
911 634 173 30 särskilda
1112 634 244 41 ersättningar,
1384 636 181 30 bestämda

629 692 43 21 av
695 683 126 40 Kungl.
846 683 115 40 Maj:t,
984 684 205 40 förslagspis
1220 708 338 7 ..«'.«.sssssnesss
1648 686 38 30 18
1701 686 61 30 300

573 732 29 31 3.
627 733 213 40 Avlöningar
854 734 52 30 till
921 734 222 40 sakkunniga
1158 735 64 29 och
1236 735 153 40 tillfällig
1402 737 161 38 personal

628 783 58 30 vid
707 783 150 31 utrikes-
878 784 65 30 och
966 785 448 40 utredningsavdelningen,
1437 795 45 21 m.
1506 795 57 25 m.,

626 833 204 40 föÖrslagsViS
866 857 690 9 seseeeeesereserererrerer
1328 829 35 50 rr
1372 829 35 50 rr
1418 829 33 50 rr
1462 829 98 50 rese
1624 836 61 30 120
1699 836 62 31 000

572 883 30 30 4.
627 883 213 40 Avlöningar
860 884 51 30 till
931 885 96 39 övrig
1048 885 267 30 icke-ordinarie
1337 887 159 38 personal
1527 910 28 6 ..
1590 887 93 29 1565
1698 886 62 31 900

572 934 29 29 5.
627 934 131 40 Rörligt
783 934 130 40 tillägg,
936 935 205 39 förslagsvis
1173 959 382 7 ...ssssssssrsers
1502 930 56 49 rea
1589 936 94 30 1010
1700 937 59 30 100

572 984 29 30 6.
627 984 274 40 Kompensation
934 984 54 30 för
1020 985 108 39 höjda
1161 985 400 40 folkpensionsavgifter,

624 1034 205 40 förslagsvis
865 1058 690 8 soseeeseerrerrersers
1284 1030 35 49 rr
1327 1030 35 49 re
1373 1030 31 49 rr
1416 1030 99 49 reser
1523 1030 10 49 r
1538 1030 20 49 a
1643 1037 39 29 30
1697 1037 62 30 000

1341 1111 142 30 Summa
1508 1112 52 29 kr.
1587 1111 18 30 3
1620 1112 62 29 698
1696 1111 63 30 000

614 1222 35 32 c)
678 1221 52 29 till
771 1221 392 40 Kommerskollegium:
1205 1222 213 40 Avlöningar
1460 1223 54 29 för
1556 1223 203 40 budgetåret

576 1271 148 36 1963/64
742 1272 122 30 anvisa
882 1274 47 28 ett
948 1272 273 40 förslagsanslag
1239 1282 42 21 av
1301 1273 18 30 3
1333 1273 62 30 698
1409 1273 62 30 000
1491 1274 52 29 kr.

304 1379 75 34 7:0)
402 1380 384 36 Kommerskollegium:
808 1381 263 30 Omkostnader.
1094 1382 12 28 I
1127 1382 150 39 enlighet
1298 1383 78 29 med
1397 1383 124 38 Kungl.
1544 1383 124 39 Maj:ts
1689 1383 68 29 för-

260 1429 72 40 slag
354 1430 130 39 (punkt
502 1430 29 34 7,
550 1439 25 21 s.
594 1431 38 29 21
653 1431 64 29 och
735 1431 58 33 22)
816 1431 234 30 innebärande
1070 1441 41 20 en
1131 1432 344 39 anslagsminskning
1495 1442 42 20 av
1556 1433 38 29 21
1611 1433 64 29 000
1694 1434 62 34 kr.,

259 1479 200 31 hemställer
482 1480 182 35 utskottet,

613 1533 51 29 att
678 1531 188 40 riksdagen
880 1532 57 30 må
951 1532 52 30 till
1017 1532 393 40 Kommerskollegium:
1429 1532 259 32 Omkostnader
1704 1533 54 30 för

568 1579 203 39 budgetåret
796 1580 150 37 1963/64
968 1581 121 30 anvisa
1112 1584 48 27 ett
1182 1581 273 41 förslagsanslag
1476 1592 43 21 av
1543 1582 61 30 307
1620 1582 62 30 000
1706 1583 51 29 kr.

300 1704 76 34 8:0)
416 1705 385 36 Kommerskollegium:
841 1707 242 35 Befrämjande
1123 1716 42 20 av
1204 1708 253 35 landsbygdens
1496 1708 259 36 elektrifiering.

255 1754 124 37 Kungl.
398 1755 105 39 Maj:t
522 1756 65 29 har
605 1755 178 40 föreslagit
803 1756 185 40 riksdagen
1013 1757 131 40 (punkt
1164 1757 28 34 8,
1214 1767 25 20 s.
1260 1758 146 34 22—25)
1432 1760 49 28 att
1502 1759 75 29 dels
1595 1759 158 40 medgiva

255 1806 50 28 att
322 1805 111 29 under
448 1805 207 39 budgetåret
673 1805 149 36 1963/64
840 1807 116 39 statlig
973 1807 136 39 garanti
1128 1807 56 29 för
1200 1807 57 30 lån
1275 1808 169 30 avseende
1462 1809 291 39 nyanläggnings-

254 1854 67 30 och
335 1855 418 40 upprustningsåtgärder
768 1856 191 30 berörande
976 1857 259 40 landsbygdens
1249 1858 94 30 elnät
1360 1858 57 30 må
1434 1859 147 39 beviljas
1597 1859 91 30 intill
1706 1862 47 28 ett

254 1904 125 40 belopp
404 1914 41 20 av
468 1905 18 30 6
501 1905 64 30 000
579 1905 63 30 000
666 1906 63 34 kr.,
754 1906 74 30 dels
853 1906 64 30 ock
942 1906 50 30 till
1018 1907 390 41 Kommerskollegium:
1436 1909 249 40 Befrämjande
1712 1919 40 20 av

254 1954 257 40 landsbygdens
530 1955 254 41 elektrifiering
806 1956 56 30 för
882 1957 152 30 nämnda
1055 1958 171 39 budgetår
1247 1959 120 29 anvisa
1389 1961 47 28 ett
1459 1960 293 30 reservationsan-

255 2004 73 40 slag
346 2014 42 20 av
405 2004 19 30 8
438 2004 63 31 000
515 2004 64 31 000
598 2006 51 29 kr.

297 2086 165 40 Anslaget
481 2089 39 29 är
540 2088 55 30 för
615 2089 234 31 innevarande
869 2089 167 41 budgetår
1056 2091 144 39 uppfört
1219 2092 78 30 med
1319 2093 16 29 7
1351 2092 62 30 500
1427 2092 62 30 000
1511 2093 51 29 kr.

301 2137 47 30 Ur
373 2137 230 31 förevarande
628 2139 121 41 anslag
773 2140 137 30 lämnas
934 2140 122 41 bidrag
1080 2141 53 30 till
1159 2142 243 40 befrämjande
1428 2153 41 20 av
1496 2144 257 40 landsbygdens

255 2186 263 42 elektrifiering.
538 2188 172 41 Bidragen
730 2191 107 39 gäller
855 2191 73 30 dels
948 2192 259 40 nyanläggning
1225 2201 42 21 av
1285 2193 190 31 elektriska
1493 2194 260 30 distributions-

255 2236 61 32 nät
330 2247 47 21 m.
393 2247 56 27 m.,
466 2239 75 30 dels
557 2240 236 40 upprustning
809 2250 43 21 av
866 2241 119 40 dylika
1000 2243 72 29 nät.
1090 2243 116 30 Under
1221 2243 164 39 perioden
1405 2244 347 36 1958/59—1962/63

253 2287 65 30 har
339 2288 56 30 via
416 2288 122 41 anslag
559 2289 45 40 på
625 2290 126 30 nionde
772 2291 222 30 huvudtiteln
1016 2292 52 30 till
1090 2293 102 30 dessa
1213 2293 163 31 ändamål
1399 2295 154 30 anvisats
1577 2304 174 21 samman-

254 2337 70 39 lagt
343 2347 90 31 resp.
455 2338 73 35 13,3
547 2340 66 30 och
633 2340 72 34 23,7
727 2340 89 40 milj.
835 2341 53 31 kr.
907 2341 165 41 Anslaget
1091 2342 56 31 för
1165 2343 235 31 innevarande
1419 2345 169 39 budgetår
1607 2346 40 28 är
1666 2355 85 30 upp-

251 2389 94 38 taget
370 2389 79 31 med
477 2390 51 34 7,5
556 2390 89 40 milj.
671 2391 62 35 kr.,
759 2401 108 21 varav
892 2401 40 21 ca
957 2392 52 35 0,4
1036 2393 89 40 milj.
1153 2394 51 30 kr.
1232 2403 100 22 avser
1359 2395 301 40 nyanläggningar
1686 2396 64 29 och

252 2436 55 35 6,6
335 2437 89 40 milj.
452 2439 53 31 kr.
535 2441 410 40 upprustningsarbeten.
973 2442 207 31 Återstoden
1208 2453 42 22 av
1277 2445 157 40 anslaget
1461 2445 206 40 disponeras
1696 2445 54 30 för

252 2487 471 34 administrationsändamål
744 2500 46 21 m.
812 2501 46 20 m.
880 2493 73 30 Den
976 2493 140 40 statliga
1136 2494 327 41 bidragsgivningen
1484 2496 39 29 är
1545 2495 206 39 komplette-
