1902 2780
484 163 285 31 Statsutskottets
789 161 179 30 utlåtande
988 169 43 21 nr
1052 160 39 29 10
1111 159 39 30 år
1172 158 83 30 1963
1605 155 21 30 9

172 250 95 34 12:0)
300 247 511 39 Sprängämnesinspektionen:
843 244 264 31 Omkostnader.
1164 242 13 29 I
1207 241 152 40 enlighet
1390 240 78 30 med
1499 238 127 40 Kungl.

126 300 124 40 Maj:ts
271 299 133 40 förslag
428 298 131 40 (punkt
582 297 49 34 12,
654 306 25 21 s.
701 296 42 30 28
765 296 65 30 och
851 295 74 35 29),
947 293 238 31 innebärande
1207 294 50 29 att
1280 293 125 38 posten
1426 290 52 30 till
1501 298 127 30 expen-

127 360 54 22 ser
198 350 205 40 uppräknas
418 349 79 30 med
515 348 18 30 2
547 347 63 30 000
628 348 63 33 kr.,
709 345 203 32 hemställer
929 344 181 33 utskottet,

479 400 51 29 att
551 398 187 39 riksdagen
760 395 59 31 må
841 395 53 30 till
914 391 524 43 Sprängämnesinspektionen:
1465 389 164 31 Omkost-

435 448 109 31 nader
570 447 55 31 för
650 446 205 40 budgetåret
882 443 151 37 1963/64
1060 443 122 30 anvisa
1208 444 50 28 ett
1282 440 274 40 förslagsanslag
1585 448 42 21 av

438 499 40 30 55
492 498 62 31 000
572 498 53 30 kr.

175 652 95 34 13:0)
291 651 137 30 Statens
445 650 135 30 institut
596 649 57 30 för
669 648 169 29 hantverk
856 647 64 30 och
938 645 164 31 industri:
1122 644 213 35 Avlöningar
1352 642 54 30 till
1424 642 71 30 viss
1513 649 116 28 perso-

129 703 67 30 nal.
212 701 125 40 Kungl.
353 700 107 40 Maj:t
475 700 64 29 har
555 698 178 39 föreslagit
749 697 189 40 riksdagen
959 696 130 39 (punkt
1109 694 50 35 13,
1177 703 26 22 s.
1220 693 147 33 29—32)
1389 694 51 28 att
1457 691 72 31 dels
1548 690 82 40 god-

127 753 119 30 känna
263 761 43 21 av
322 748 386 43 departementschefen
728 747 166 31 förordad
914 745 253 40 avlöningsstat
1187 744 54 30 för
1262 745 132 29 statens
1415 741 139 31 institut
1574 740 57 30 för

128 802 171 31 hantverk
325 802 66 29 och
415 799 162 35 industri,
603 801 50 28 att
678 799 179 39 tillämpas
881 797 71 30 tills
976 796 119 30 vidare
1122 795 80 30 från
1228 794 67 30 och
1320 793 78 31 med
1425 791 204 40 budgetåret

131 851 160 38 1963/64,
310 852 73 29 dels
403 850 65 31 ock
487 850 52 30 till
559 850 137 30 Statens
715 848 140 31 institut
875 847 55 30 för
949 846 172 30 hantverk
1142 845 65 31 och
1226 843 168 31 industri:
1417 842 215 39 Avlöningar

130 903 52 30 till
196 903 70 30 viss
280 901 162 41 personal
457 900 54 30 för
525 900 154 30 nämnda
693 898 170 40 budgetår
876 898 121 30 anvisa
1012 899 48 29 ett
1076 895 274 40 förslagsanslag
1365 903 43 21 av
1423 893 62 30 980
1499 892 63 30 000
1577 892 55 29 kr.

175 1003 167 39 Anslaget
356 1003 43 29 är
415 1001 55 30 för
488 1000 234 31 innevarande
740 999 170 39 budgetår
929 1000 166 38 upptaget
1114 997 79 30 med
1212 996 65 30 819
1290 995 63 30 000
1372 995 53 29 kr.

175 1051 396 42 Departementschefen
585 1050 161 31 förordar
760 1052 50 28 att
824 1048 194 31 institutets
1034 1057 108 20 namn
1155 1046 82 30 från
1254 1047 65 29 och
1334 1045 79 30 med
1430 1045 101 29 nästa
1546 1043 88 30 bud-

132 1103 93 39 getår
244 1103 128 30 ändras
391 1102 54 30 till
465 1101 134 31 Statens
619 1100 136 31 institut
776 1099 56 30 för
851 1099 171 30 hantverk
1044 1097 64 31 och
1129 1096 160 31 industri.

175 1153 68 30 För
266 1154 52 29 att
339 1152 208 40 möjliggöra
569 1161 43 21 en
636 1149 282 40 rationalisering
942 1158 42 21 av
1008 1147 398 40 inköpsverksamheten
1430 1145 66 30 och
1520 1144 113 30 bättre

131 1204 154 30 kontroll
300 1212 44 21 av
357 1201 267 41 kalkyleringen
638 1202 82 29 över
734 1200 239 31 kostnaderna
989 1198 57 30 för
1060 1198 126 30 kurser
1203 1197 65 30 och
1284 1194 351 32 informationsverk-

134 1254 137 31 samhet
289 1252 160 35 föreslås,
470 1254 50 28 att
539 1251 60 31 vid
618 1251 175 31 institutet
811 1249 84 31 från
917 1249 65 31 och
1003 1249 79 29 med
1104 1248 103 30 nästa
1227 1246 170 41 budgetår
1419 1246 148 29 inrättas
1590 1253 44 20 en

134 1304 112 40 tjänst
266 1312 75 22 som
361 1302 255 40 byråassistent
636 1302 12 29 i
670 1301 47 30 Ae
741 1300 38 31 17
803 1300 66 30 och
891 1301 51 29 att
964 1298 120 31 därför
1107 1298 111 30 under
1240 1295 393 40 icke-ordinarieposten

133 1354 173 30 beräknas
324 1353 39 30 16
378 1352 63 31 000
457 1352 52 30 kr.
525 1351 206 40 Ytterligare
746 1351 64 30 bör
824 1349 59 31 två
900 1349 106 31 sedan
1023 1349 100 39 länge
1140 1349 64 29 hos
1221 1347 175 30 institutet
1413 1346 45 40 på
1475 1345 161 30 arvodes-

133 1404 95 30 basis
247 1421 45 4 —
312 1403 82 30 med
414 1402 178 30 anlitande
615 1410 42 21 av
678 1401 57 30 det
758 1399 175 32 särskilda
955 1397 392 40 reservationsanslaget
1371 1396 54 30 för
1448 1395 188 30 kursverk-

135 1454 180 30 samheten
328 1471 45 3 —
386 1452 265 40 tjänstgörande
666 1450 346 39 befattningshavare
1028 1448 144 31 beredas
1188 1446 289 31 extra-ordinarie
1493 1445 144 30 anställ-

135 1504 95 39 ning,
247 1504 69 29 den
333 1512 66 20 ena
419 1511 75 21 som
512 1501 175 30 kontorist
705 1500 11 30 i
735 1500 48 31 Ae
804 1499 19 31 9
843 1500 66 29 och
945 1499 68 29 den
1032 1498 111 30 andra
1163 1506 75 22 som
1258 1495 344 32 laboratoriebiträde
1624 1494 12 29 i

134 1555 102 38 högst
256 1553 48 30 Ae
325 1553 29 30 9.
376 1551 278 31 Medelsbehovet
675 1551 111 29 under
807 1548 393 39 icke-ordinarieposten
1222 1547 86 30 ökar
1330 1546 203 40 härigenom
1556 1544 79 30 med

136 1604 38 30 21
191 1603 62 31 200
275 1603 53 30 kr.
352 1602 127 40 Övriga
501 1601 130 40 förslag
653 1610 57 21 om
731 1600 202 30 inrättande
957 1608 41 21 av
1022 1607 68 31 nya
1114 1598 66 30 och
1203 1606 57 21 om
1285 1596 205 39 förändring
1514 1605 42 20 av
1580 1595 58 29 be-

137 1654 139 39 fintliga
290 1653 153 40 tjänster
457 1652 97 30 torde
570 1651 84 30 böra
671 1651 136 30 lämnas
823 1652 86 28 utan
926 1648 110 31 bifall.

180 1704 68 30 För
268 1703 268 30 merkostnader
556 1702 11 29 i
589 1701 188 39 anledning
799 1709 43 21 av
863 1709 98 30 prop.
987 1698 171 36 169/1962
1183 1700 90 29 samt
1297 1698 54 29 för
1375 1695 263 32 löneklassänd-

136 1754 119 39 ringar
271 1753 176 30 beräknas
463 1752 38 30 21
520 1752 60 29 762
599 1752 52 29 kr.
671 1760 88 30 resp.
779 1749 95 31 2482
894 1750 51 29 kr.
965 1749 126 30 Vidare
1111 1749 97 29 torde
1228 1748 306 39 anslagsposterna
1554 1746 84 30 Rör-

137 1804 62 39 ligt
215 1804 119 38 tillägg
350 1803 67 30 och
433 1802 274 39 Kompensation
725 1800 54 30 för
797 1800 109 39 höjda
924 1797 392 41 folkpensionsavgifter
1334 1798 85 29 böra
1437 1797 101 39 höjas
1557 1796 80 29 med

140 1853 58 30 101
216 1853 61 30 400
299 1853 52 29 kr.
373 1861 91 30 resp.
488 1851 94 30 1100
604 1852 51 28 kr.
680 1851 167 38 Slutligen
869 1850 63 29 bör
954 1849 11 29 i
987 1848 189 39 anledning
1198 1857 42 20 av
1262 1856 147 21 numera
1432 1846 205 40 genomförd

138 1903 171 39 reglering
325 1911 42 21 av
383 1902 95 29 vissa
495 1901 297 39 styrelsearvoden
810 1900 65 29 den
894 1898 121 30 härför
1034 1898 150 29 avsedda
1203 1898 264 38 anslagsposten
1487 1896 153 39 uppräk-

139 1962 64 21 nas
220 1953 78 29 med
318 1952 62 29 700
398 1952 53 29 kr.

186 2053 174 30 Utskottet
383 2052 66 29 har
472 2051 74 30 icke
571 2051 104 39 något
700 2052 50 28 att
773 2050 153 29 invända
950 2051 73 27 mot
1048 2048 67 30 den
1139 2048 213 30 verkställda
1377 2047 264 39 anslagsberäk-

140 2103 128 39 ningen
291 2103 66 29 och
379 2100 403 41 departementschefens
806 2099 131 40 förslag
959 2099 11 30 i
992 2099 122 39 övrigt.

185 2153 176 29 Utskottet
379 2151 212 33 hemställer,

495 2203 49 27 att
560 2200 185 38 riksdagen
761 2199 57 29 må

496 2251 35 33 a)
556 2250 182 37 godkänna
758 2249 155 36 följande
934 2248 250 36 avlöningsstat
1204 2247 56 29 för
1281 2249 129 28 statens
1430 2246 136 30 institut
1587 2246 57 29 för

450 2299 171 30 hantverk
638 2298 65 30 och
719 2298 162 33 industri,
900 2299 49 28 att
966 2297 178 39 tillämpas
1161 2297 70 30 tills
1248 2296 118 30 vidare
1385 2295 79 31 från
1481 2295 64 30 och
1562 2294 80 31 med

449 2348 204 40 budgetåret
675 2347 164 36 1963/64:
