2206 2650
420 179 123 32 Första
568 178 203 34 kammarens
790 181 139 38 första
956 179 168 44 tillfälliga
1147 182 134 32 utskotts
1304 182 164 32 utlåtande
1491 183 52 31 Nr
1566 184 52 31 21.
1803 185 15 31 1

937 524 68 41 Nr
1036 523 85 42 21.

864 687 110 24 Ankom
992 687 46 24 till
1057 688 171 31 Riksdagens
1248 688 91 24 kansli
1359 689 52 23 den
1433 689 31 24 14
1484 690 54 30 maj
1561 690 67 24 1913
1648 691 37 23 kl.
1707 691 14 23 4
1742 698 21 17 e.
1783 698 36 18 m,

438 830 129 35 Första
609 831 219 35 kammarens
864 830 149 47 första
1056 831 183 47 tillfälliga
1279 834 144 34 utskotts
1464 833 179 36 utlåtande
1685 846 44 23 nr
1755 833 60 47 21,

653 904 13 33 i
705 903 190 45 amledning
924 916 43 23 av
996 916 41 23 en
1067 916 42 23 av
1138 905 79 34 herr
1254 905 164 45 Winberg
1446 906 93 34 inom
1567 906 130 35 Andra
1725 908 93 34 kam-

652 985 121 24 maren
813 977 102 33 väckt
955 977 137 43 motion,
1135 988 45 23 nr
1208 978 87 43 218,
1330 988 53 24 om
1412 977 163 36 skrivelse
1604 978 52 35 till
1684 979 132 46 Kungl.

651 1047 111 43 Maj:t
790 1049 178 43 angående
996 1049 186 44 utredning
1207 1050 59 34 och
1280 1048 141 47 förslag
1440 1051 13 33 i
1465 1049 115 46 fråga
1600 1062 53 23 om
1671 1055 72 31 rätt
1755 1052 65 41 för

652 1119 55 34 det
740 1119 181 35 allmänna
949 1120 80 35 eller
1062 1120 253 36 vederbörande
1334 1122 313 45 järnvägsföretag
1677 1127 50 31 att
1755 1123 64 36 till-

648 1191 191 44 godonjuta
881 1191 53 35 del
975 1192 14 34 i
1025 1192 65 35 den
1110 1194 357 45 jordvärdestegring,
1499 1205 71 24 som
1598 1196 223 44 uppkommer

653 1263 60 34 vid
741 1263 213 45 anläggning
984 1276 42 23 av
1048 1265 166 45 järnväg.

330 1423 19 33 I
391 1435 44 23 en
467 1423 96 35 inom
592 1424 128 35 Andra
748 1424 209 37 kammaren
985 1426 118 44 väckt,
1134 1426 57 35 till
1219 1427 79 34 dess
1326 1427 115 48 fjärde
1469 1427 180 49 tillfälliga
1678 1429 141 35 utskott

223 1476 176 36 hänvisad
441 1477 146 45 motion,
631 1491 43 21 nr
706 1481 85 42 218,
836 1479 65 35 har
935 1480 83 35 herr
1054 1480 165 44 Winberg
1247 1481 194 44 hemställt,
1486 1484 53 32 att
1568 1482 210 48 Riksdagen
1805 1484 13 35 i

224 1530 173 36 skrivelse
440 1531 56 35 till
538 1532 134 47 Kungl.
717 1533 107 48 Maj:t
865 1533 84 36 ville
992 1534 152 44 anhålla,
1181 1535 60 34 det
1269 1535 134 47 Kungl.
1435 1536 106 48 Maj:t
1576 1539 110 33 måtte
1714 1538 103 36 verk-

222 1585 106 34 ställa
370 1586 207 46 utredning,
621 1589 44 43 på
698 1586 115 36 vilket
841 1589 71 32 sätt
942 1588 64 34 och
1035 1588 12 34 i
1076 1565 122 58 vilken
1227 1563 252 73 utsträckning
1508 1591 43 34 de
1584 1591 113 35 ökade
1722 1592 95 47 jord-

222 1638 66 35 och
311 1640 236 43 tomtvärden,
579 1652 73 22 som
673 1640 257 48 uppkomma
911 1653 125 23 genom
1056 1642 239 47 anläggandet
1315 1655 42 23 av
1375 1643 202 48 järnvägar,
1600 1647 56 32 må
1675 1644 143 37 komma

223 1692 60 35 det
326 1693 179 35 allmänna
541 1669 91 59 föl
674 1695 43 34 de
745 1695 149 46 företag,
935 1708 73 22 som
1041 1696 239 48 frambringat
1322 1697 190 45 desamma,
1542 1698 56 34 till
1626 1699 68 44 del,
1725 1702 92 33 samt

221 1746 57 34 för
319 1746 210 48 Riksdagen
570 1748 197 47 framlägga
811 1749 42 34 de
895 1749 144 47 förslag,
1076 1750 121 36 vartill
1229 1750 241 48 utredningen
1498 1754 56 32 må
1583 1752 123 35 kunna
1734 1754 83 46 giva

222 1800 206 47 anledning.

329 1881 232 35 Beträffande
603 1882 260 48 motiveringen
905 1884 56 34 till
1002 1884 273 47 ifrågavarande
1317 1885 213 36 hemställan
1563 1887 167 37 hänvisas
1759 1888 57 35 till

221 1934 194 36 motionen.

327 2042 73 34 Vid
446 2046 98 32 1907
589 2046 56 32 års
687 2044 148 48 riksdag
877 2045 145 36 väcktes
1064 2045 95 35 inom
1201 2046 128 35 Andra
1371 2047 207 36 kammaren
1606 2061 45 22 en
1680 2049 134 35 motion
1842 2047 53 62 jåv
1916 2047 95 28 Andra

223 2095 55 45 (nr
308 2097 99 45 267),
439 2097 78 35 vari
545 2097 240 45 hemställdes,
816 2101 54 32 att
898 2099 209 47 Riksdagen
1135 2099 84 37 ville
1247 2100 12 34 i
1283 2100 171 37 skrivelse
1474 2101 56 35 till
1550 2103 133 46 Kungl.
1705 2103 107 47 Maj:t
1816 2083 116 68 EN
1934 2089 101 67 tillfäl-

221 2150 143 34 anhålla
402 2163 55 22 om
487 2151 205 47 utredning,
723 2128 179 59 huruvida
930 2152 79 36 icke
1037 2128 61 61 vid
1128 2154 218 64 anläggning
1375 2167 43 23 av
1446 2130 282 74 statsjärnvägar
1756 2158 56 34 till
1841 2155 58 62 liga
1916 2156 104 62 utskott

1882 2200 83 18 aämna

220 2205 201 46 tryggande
463 2217 44 23 av
549 2177 198 79 desammas
790 2206 164 35 ekonomi
983 2207 98 35 skatt
1110 2210 55 32 må
1194 2208 124 35 kunna
1346 2211 176 45 upptagas
1551 2222 42 24 av
1623 2211 69 34 den
1717 2210 95 48 jord-
1849 2227 155 28 pistorik.

220 2258 281 47 värdestegring,
547 2272 74 22 som
664 2260 127 35 varder
824 2273 44 22 en
895 2260 91 48 följd
1014 2273 43 23 av
1083 2262 447 48 järnvägsanläggningen,
1561 2267 102 42 samt,
1695 2266 118 35 därest
1841 2264 75 61 Mia
1961 2265 54 62 avd

1863 2300 53 25 190

265 2318 134 42 PBihang
425 2320 50 32 till
499 2320 206 41 Biksdagens
716 2322 160 40 protokoll
893 2325 95 28 1913.
1026 2323 44 30 12
1085 2322 89 32 saml.
1212 2326 18 28 1
1249 2324 69 31 avd.
1356 2326 42 29 18
1415 2324 80 41 häft.
1522 2325 70 40 (Nr
1613 2326 69 40 21).
1752 2328 14 30 1
1860 2336 120 33 riksdag.
