2207 2659
168 1736 211 35 Interpellation

169 1774 47 26 vid
235 1774 70 25 1909
332 1774 47 25 års

215 1809 120 33 riksdag.

384 192 19 31 2
601 188 117 32 Första
742 187 202 32 kammarens
962 187 139 38 första
1125 184 170 43 tillfälliga
1319 183 130 32 utskotts
1472 182 164 32 utlåtande
1660 182 52 31 Nr
1736 181 52 32 21.

384 273 241 48 utredningen
667 271 120 36 därtill
829 271 100 47 giver
970 270 205 47 anledning,
1211 269 55 35 för
1294 267 210 47 Riksdagen
1532 266 197 47 framlägga
1757 265 134 47 förslag
1919 264 56 35 till

383 328 231 50 lagstiftning
641 327 13 35 i
683 329 128 33 ämnet.

490 384 18 35 I
537 381 260 48 motiveringen
824 380 227 49 redogjordes
1080 380 55 34 för
1164 379 93 37 vissa
1287 378 97 35 delar
1411 389 43 24 av
1475 376 177 47 professor
1671 374 226 36 Ieckschers
1917 386 58 23 ne-

383 440 72 34 dan
490 436 214 37 omnämnda
733 435 120 35 arbete
882 437 92 32 samt
1002 434 55 35 för
1085 447 45 22 en
1159 439 91 30 även
1277 432 13 35 i
1318 431 234 37 förevarande
1582 429 152 36 motions
1764 428 212 48 motivering

383 493 194 36 omnämnd
606 494 146 44 uppsats
782 502 44 24 av
853 490 84 34 herr
965 489 40 34 E.
1037 488 248 43 Palmstierna,
1316 487 174 48 varjämte
1511 486 60 35 det
1591 484 137 36 danska
1748 483 228 48 lagförslaget

384 561 56 22 om
468 560 72 35 nya
565 543 433 52 järnvägsanläggningar
1027 544 64 34 och
1121 556 45 22 en
1194 542 146 35 därmed
1368 540 204 36 förbunden
1595 552 49 35 ny
1660 538 316 49 jordbeskattning

383 602 230 35 refererades.
671 599 244 36 Motionärens
952 598 123 36 härtill
1108 597 141 35 knutna
1278 594 240 48 anmärkning
1547 594 127 35 citeras
1702 593 14 35 i
1743 593 233 36 förevarande

384 656 145 36 motion.

493 710 260 34 Sammansatta
787 709 101 33 stats-
923 707 64 34 och
1015 704 396 47 bevillningsutskottet
1440 703 186 46 avstyrkte
1655 702 181 34 motionen
1864 701 114 34 under

383 762 220 46 hänvisning
631 762 56 35 till
715 764 54 33 att
798 762 70 34 den
896 760 195 48 utredning
1120 772 43 24 av
1192 758 210 47 spörsmålet
1431 770 55 22 om
1516 756 99 36 skatt
1643 757 19 33 å
1691 768 26 23 s.
1740 754 35 36 k.
1808 754 171 49 oförtjänt

381 816 366 50 jordvärdestegring,
791 828 73 23 som
908 817 44 44 på
994 815 118 47 grund
1140 826 44 23 av
1213 813 80 48 fyra
1321 812 61 36 vid
1411 823 135 24 samma
1573 810 149 47 riksdag
1750 809 130 37 väckta
1909 822 70 22 mo-

385 873 116 35 tioner
529 872 218 46 ifrågasatts,
778 870 113 47 enligt
919 869 196 35 utskottets
1143 866 232 37 förmenande
1403 865 80 36 icke
1511 865 102 35 torde
1641 864 124 34 kunna
1785 863 121 48 undgå
1927 865 53 33 att

385 927 150 36 omfatta
574 925 134 50 jämväl
750 925 69 35 den
857 923 166 48 speciella
1066 922 76 37 sida
1185 935 43 23 av
1266 921 137 47 frågan,
1434 933 75 22 som
1538 919 182 35 framförts
1749 918 13 34 1
1791 918 69 36 den
1888 917 91 36 före-

385 982 158 36 varande
571 980 190 35 motionen.
822 979 203 35 Utskottets
1053 977 214 36 hemställan
1295 975 121 36 bifölls
1444 987 44 23 av
1517 973 218 47 Riksdagen.

494 1036 77 35 Som
617 1047 91 24 ovan
749 1037 155 40 nämnts,
949 1033 92 34 hade
1083 1031 61 37 vid
1181 1034 97 32 1907
1311 1033 56 32 års
1396 1028 149 47 riksdag
1573 1028 13 34 1
1613 1028 128 34 Andra
1769 1027 211 35 kammaren

386 1090 127 37 väckts
554 1090 80 47 fyra
677 1088 177 35 särskilda
896 1086 185 45 motioner,
1125 1085 100 37 vilka
1253 1085 150 35 berörde
1431 1083 128 47 frågan
1587 1095 57 22 om
1672 1081 235 47 beskattning
1936 1093 43 23 av

383 1144 192 49 jordvärde
604 1143 86 35 eller
714 1140 366 50 jordvärdestegring.

493 1198 85 34 Med
606 1195 196 47 anledning
830 1208 44 23 av
903 1196 102 34 dessa
1033 1194 173 35 motioner
1234 1192 212 36 hemställde
1475 1192 255 34 sammansatta
1748 1188 232 46 bevillnings-

389 1253 65 34 och
496 1251 248 47 lagutskottet,
776 1253 53 32 att
861 1249 209 47 Riksdagen
1098 1247 84 37 ville
1210 1247 13 34 i
1251 1246 173 36 skrivelse
1453 1245 55 35 till
1537 1244 134 47 Kungl.
1702 1243 108 48 Maj:t
1838 1242 143 35 anhålla

390 1319 55 22 om
473 1304 204 48 utredning,
709 1303 179 36 huruvida
917 1303 66 35 och
1010 1303 13 34 i
1051 1301 124 36 vilken
1203 1303 93 42 mån,
1328 1301 44 34 då
1390 1299 62 36 vid
1471 1298 213 48 försäljning
1705 1297 85 35 eller
1810 1296 172 35 liknande

390 1359 184 47 avyttring
603 1371 43 23 av
674 1357 319 48 byggnadsgrund,
1024 1356 169 47 bebyggd
1222 1355 85 34 eller
1337 1354 200 46 obebyggd,
1558 1353 13 34 i
1591 1352 80 35 stad
1690 1351 86 35 eller
1797 1354 46 43 på
1861 1351 119 35 lands-

388 1414 146 47 bygden
575 1426 26 22 s.
647 1413 35 34 k.
727 1411 173 47 oförtjänt
937 1408 356 51 jordvärdestegring
1334 1408 204 43 förefinnes,
1577 1407 118 34 denna
1724 1405 164 47 skäligen
1916 1405 65 34 bör

390 1474 103 41 göras
521 1467 56 36 till
605 1466 151 36 föremål
784 1466 55 35 för
868 1464 154 36 särskild
1051 1463 245 47 beskattning,
1329 1466 92 31 samt
1448 1464 53 32 att
1529 1460 135 47 Kungl.
1695 1460 107 48 Maj:t
1820 1458 86 36 ville
1925 1459 56 34 för

390 1522 208 46 Riksdagen
627 1521 199 46 framlägga
856 1521 43 33 de
927 1519 144 46 förslag,
1102 1517 121 37 vartill
1251 1516 242 47 utredningen
1523 1515 73 35 kan
1623 1514 196 35 föranleda.

495 1576 126 35 Första
648 1575 210 35 kammaren
887 1573 122 46 avslog
1038 1571 199 37 emellertid
1255 1571 195 35 utskottets
1469 1568 224 44 hemställan,
1715 1567 121 36 varför
1856 1566 127 47 frågan

389 1630 130 35 förföll.

496 1737 73 37 Vid
601 1740 99 33 1909
732 1739 56 32 års
817 1735 148 48 riksdag
994 1734 113 36 erhöll
1134 1734 84 35 herr
1246 1732 237 36 Palmstierna
1508 1731 127 35 Andra
1654 1730 228 35 kammarens
1915 1728 68 36 till-

390 1793 105 35 stånd
537 1794 53 33 att
623 1791 56 35 till
708 1791 193 35 statsrådet
929 1789 65 35 och
1023 1788 128 36 chefen
1178 1788 55 35 för
1262 1787 404 45 finansdepartementet
1693 1783 200 36 framställa
1920 1782 63 36 föl-

387 1847 109 47 jande
539 1845 190 47 spörsmål:
779 1837 160 41 >»Ämnar
982 1843 83 35 herr
1107 1842 193 35 statsrådet
1336 1840 146 47 vidtaga
1510 1842 113 44 några
1653 1839 165 46 åtgärder
1846 1837 56 35 för
1930 1840 53 32 att

391 1900 246 36 åstadkomma
679 1898 338 47 lagbestämmelser,
1061 1895 207 48 varigenom
1311 1898 118 32 staten
1471 1893 62 36 vid
1561 1892 220 48 anläggning
1810 1904 43 23 av
1881 1894 101 32 stats-

387 1955 195 48 järnvägar
610 1953 56 35 till
694 1953 200 47 tryggande
923 1964 43 23 av
996 1952 102 34 deras
1128 1948 166 37 ekonomi
1320 1947 197 48 berättigas
1546 1950 52 32 att
1626 1949 161 44 upptaga
1815 1945 96 36 skatt
1940 1957 44 22 av

392 2010 68 34 den
485 2006 366 51 jordvärdestegring,
882 2017 74 23 som
984 2004 71 36 blir
1083 2017 44 22 en
1155 2004 90 47 följd
1274 2016 42 22 av
1342 1999 484 52 järnvägsanläggningen?»

497 2062 18 35 I
543 2061 63 36 sitt
635 2073 81 24 svar
745 2060 148 35 anförde
922 2059 193 36 statsrådet
1143 2057 109 36 bland
1281 2059 121 41 annat,
1434 2059 53 32 att
1515 2059 119 32 staten
1662 2055 111 35 redan
1800 2066 51 22 nu
1871 2053 114 36 delvis

391 2120 82 44 toge
514 2116 13 34 i
568 2115 157 46 anspråk
768 2115 69 34 den
867 2111 367 50 jordvärdestegring,
1266 2123 74 23 som
1368 2110 62 35 vid
1459 2112 136 45 statens
1620 2107 365 50 järnvägsbyggande

392 2170 175 47 uppstode
600 2181 128 35 genom
762 2171 52 32 att
843 2168 259 34 kommunerna
1129 2165 168 35 fordrade
1326 2164 47 35 fri
1400 2164 201 47 upplåtelse
1630 2176 44 22 av
1699 2163 81 47 jord
1808 2162 56 35 för
1889 2161 96 47 järn-

392 2224 287 48 vägsbyggande.
738 2223 18 34 I
784 2222 194 47 anledning
1007 2222 109 34 därav
1147 2222 121 45 syntes
1297 2219 193 35 statsrådet
1518 2217 233 36 förevarande
1771 2215 215 49 detaljfråga
