2212 2624
457 189 19 31 2
897 191 255 32 Statsutskottets
1181 190 174 34 Utlåtande
1378 192 65 33 N:o
1465 196 72 29 100.

415 274 208 38 anvisande
651 276 41 35 af
716 275 122 36 medel
867 275 58 37 för
952 276 234 37 anställande
1214 277 41 36 af
1280 290 48 24 en
1357 277 219 38 bokhållare
1604 278 63 37 vid
1696 279 95 37 hvar
1819 280 71 37 och
1918 293 46 24 en
1984 279 41 37 af

413 327 165 36 nämnda
606 327 190 36 anstalter.

517 379 74 35 Till
634 378 83 36 stöd
755 379 60 36 för
843 380 59 36 sin
930 380 281 49 framställning
1237 380 13 36 i
1279 381 246 37 förevarande
1554 382 107 48 fråga
1689 382 69 36 har
1786 383 236 38 direktionen

413 430 60 35 för
515 428 242 38 Stockholms
785 430 165 51 hospital
986 432 181 50 åberopat
1195 445 46 24 en
1270 433 112 36 skrift
1410 433 84 37 från
1522 433 223 50 hospitalets
1775 435 246 49 öfverläkare,

414 481 79 36 däri
523 481 123 37 denne
673 482 228 49 framhåller,
932 489 52 31 att
1012 484 380 49 kontorsgöromålen
1420 488 21 33 å
1469 485 203 50 hospitalet
1700 499 158 24 numera
1876 500 89 24 vore
1983 488 42 36 af

413 532 72 37 den
514 533 235 38 omfattande
778 535 71 36 och
877 536 221 37 invecklade
1127 542 67 42 art,
1223 542 55 31 att
1307 537 289 49 sysslomannen
1625 539 32 49 ej
1688 551 90 23 vore
1806 538 11 36 i
1838 539 110 36 stånd
1968 545 54 31 att

412 597 129 24 ensam
587 585 109 37 sköta
743 586 202 37 desamma.
1001 587 59 37 Då
1107 588 123 37 därtill
1271 589 151 37 komme
1464 589 46 37 de
1550 590 96 48 kraf,
1681 603 81 24 som
1792 590 153 37 ställdes
1972 594 48 46 på

413 637 291 48 sysslomannen
733 644 55 31 att
815 638 12 36 i
855 639 87 49 kök,
971 645 99 31 tvätt
1099 640 70 37 och
1196 640 181 49 trädgård
1406 641 216 49 öfvervaka,
1652 647 54 31 att
1734 642 156 49 dagliga
1918 642 103 37 arbe-

411 694 64 31 ten
517 689 142 37 skedde
700 693 49 46 på
790 690 108 37 bästa
939 697 74 31 sätt
1051 692 70 36 och
1149 698 54 30 att
1231 693 66 35 vid
1325 693 215 37 leveranser
1569 694 109 37 dessa
1707 694 225 50 fullgjordes
1961 708 59 23 or-

411 741 176 49 dentligt,
629 744 40 34 så
711 741 230 38 framträdde
982 747 40 33 så
1056 744 151 49 mycket
1234 744 189 50 tydligare
1450 745 181 38 behofvet
1659 746 42 36 af
1725 759 47 23 en
1802 746 217 38 bokhållare

410 805 82 24 som
533 793 146 36 biträde
720 797 38 33 åt
791 795 289 48 sysslomannen
1108 796 12 36 i
1148 796 94 37 hans
1271 799 140 46 många
1439 797 71 37 och
1537 798 146 49 viktiga
1711 799 184 48 göromål.
1950 799 69 37 Be-

409 844 133 37 hofvet
571 845 41 36 af
637 858 46 23 en
710 846 223 49 kompetent
959 848 144 36 vikarie
1130 848 63 36 vid
1222 855 182 30 semester
1432 850 59 36 för
1505 851 290 47 sysslomannen
1811 864 91 24 vore
1917 856 101 32 ännu

410 902 53 31 ett
492 896 41 37 af
558 896 46 37 de
632 900 140 47 många
800 898 94 50 skäl,
923 912 80 24 som
1033 900 135 37 funnes
1196 900 59 36 för
1284 901 252 37 anställandet
1566 902 41 36 af
1630 915 46 23 en
1704 902 230 37 bokhållare.

513 948 250 39 Direktionen
806 951 58 36 för
905 951 216 50 Göteborgs
1163 952 165 49 hospital
1369 953 68 36 har
1465 953 180 50 åberopat
1673 954 45 36 de
1747 954 94 47 skäl,
1872 968 80 23 som
1981 956 42 35 af

409 1000 262 38 öfverläkaren
698 1002 63 36 vid
791 1003 204 49 hospitalet
1024 1004 144 37 anförts
1196 1004 59 37 för
1283 1005 236 37 anställande
1548 1006 42 36 af
1614 1019 45 23 en
1688 1006 219 37 bokhållare
1935 1007 83 36 där-

408 1052 140 49 städes,
578 1053 194 50 nämligen
811 1060 55 31 att
894 1055 62 37 det
984 1056 161 37 tillskott
1174 1057 41 36 af
1242 1058 46 35 75
1318 1071 75 36 nya
1421 1057 241 50 sjukplatser,
1692 1071 81 24 som
1803 1058 215 50 Göteborgs

410 1105 104 36 stads
543 1106 219 49 nyanlagda
789 1108 406 48 upptagningsanstalt
1222 1108 152 37 komme
1402 1115 54 31 att
1484 1110 140 36 tillföra
1652 1110 215 50 hospitalet,
1889 1117 129 43 syntes

408 1156 168 37 medföra
617 1157 190 49 betydligt
849 1159 119 36 ökade
1009 1160 172 48 göromål
1209 1163 48 46 på
1286 1160 176 38 kontoret
1490 1162 71 36 och
1589 1168 91 43 taga
1708 1163 310 48 sysslomannens

407 1208 55 36 tid
499 1209 12 35 i
540 1210 167 48 anspråk
734 1210 12 36 i
775 1210 118 36 sådan
920 1211 107 48 grad,
1057 1217 54 31 att
1139 1212 75 36 han
1242 1212 84 36 icke
1354 1213 216 37 medhunne
1599 1219 55 31 att
1681 1214 134 37 utöfva
1843 1215 73 36 den
1944 1215 74 37 till-

408 1273 71 35 syn
521 1261 108 36 öfver
669 1262 267 49 reparationer,
978 1263 231 48 verkstäder,
1238 1264 200 49 jordbruk,
1467 1266 183 49 trädgård
1678 1266 85 37 med
1792 1280 115 35 mera,
1936 1280 81 24 som

408 1312 121 49 enligt
558 1313 95 36 hans
681 1314 232 37 instruktion
941 1314 141 38 honom
1110 1316 221 37 tillkomme.

510 1364 246 38 Direktionen
792 1366 59 36 för
877 1366 104 37 Piteå
1010 1367 164 49 hospital
1203 1368 71 37 och
1303 1369 81 49 asyl
1413 1369 180 49 slutligen
1621 1370 68 36 har
1717 1370 217 48 framhållit,
1963 1377 54 31 att

406 1415 181 38 behofvet
615 1417 42 36 af
673 1430 46 23 en
739 1417 238 38 bokhållares
993 1420 236 36 anställande
1244 1420 115 49 länge
1373 1421 98 36 varit
1486 1421 201 49 kännbart,
1703 1427 99 31 samt
1818 1423 199 36 öfverläm-

406 1473 66 31 nat
513 1468 211 37 infordradt
764 1470 178 47 yttrande
977 1471 85 36 från
1090 1471 286 37 tillförordnade
1404 1473 288 48 sysslomannen
1720 1474 66 36 vid
1814 1474 202 50 hospitalet

407 1519 41 36 af
484 1520 167 36 innehåll
693 1521 116 36 bland
852 1527 125 41 annat,
1021 1528 55 30 att
1112 1523 256 49 expeditions-
1397 1525 70 36 och
1495 1525 317 48 skrifgöromålen
1841 1526 175 38 fordrade

406 1572 311 47 sysslomannens
759 1578 136 31 nästan
937 1574 176 49 ständiga
1145 1580 160 31 närvaro
1334 1579 21 32 å
1384 1576 187 48 kontoret,
1601 1577 248 49 hvarigenom
1877 1578 74 37 han
1980 1580 33 48 ej

405 1623 12 35 i
459 1623 191 37 önskvärd
692 1624 71 36 och
791 1625 226 49 erforderlig
1044 1626 95 48 grad
1167 1627 127 36 kunde
1322 1628 132 36 utöfva
1482 1628 130 49 tillsyn
1641 1629 107 37 öfver
1775 1630 153 37 arbeten
1958 1631 58 36 för

406 1675 250 49 trädgårdens
685 1676 70 36 och
780 1676 246 49 jordbrukets
1054 1678 153 48 skötsel,
1237 1679 107 36 öfver
1359 1679 238 51 byggnader,
1613 1681 149 49 gårdar,
1781 1683 234 49 väganlägg-

406 1726 150 50 ningar,
586 1727 46 36 de
661 1727 98 37 olika
787 1729 282 48 verkstäderna,
1098 1730 323 38 maskinrummen
1449 1732 86 36 med
1563 1746 112 23 mera.

509 1779 76 36 För
612 1792 97 36 egen
739 1780 59 36 del
826 1780 70 37 har
922 1781 388 50 medicinalstyrelsen
1340 1786 124 34 såsom
1493 1784 120 37 motiv
1641 1785 59 36 för
1728 1786 234 37 anställande
1978 1788 41 35 af

404 1829 220 38 bokhållare
665 1831 64 36 vid
770 1831 290 50 ifrågavarande
1102 1834 179 37 anstalter
1308 1835 57 36 till
1393 1849 46 23 en
1467 1835 135 50 början
1630 1837 139 37 erinrat
1798 1851 61 23 om
1888 1838 127 50 hospi-

405 1883 386 48 talssysslomännens
821 1885 261 49 mångfaldiga
1110 1887 181 48 göromål.
1347 1887 179 37 Förutom
1555 1888 173 38 förandet
1748 1889 43 37 af
1805 1890 209 37 anstaltens

404 1934 375 51 räkenskapsböcker
821 1936 71 37 och
936 1937 214 50 indrifning
1190 1939 42 35 af
1269 1938 359 51 sjukvårdsafgifter
1668 1941 68 36 har
1776 1941 89 48 han,
1908 1943 107 36 anför

404 1985 159 37 sålunda
591 1987 400 49 medicinalstyrelsen,
1022 1989 114 37 bland
1165 1996 126 42 annat,
1321 1996 56 31 att
1404 1992 110 47 tillse,
1544 1997 54 32 att
1625 1993 302 50 mathållningen
1950 1994 64 37 vid

405 2038 189 36 anstalten
636 2045 307 43 samvetsgrannt
984 2041 169 49 besörjes
1195 2042 70 37 och
1308 2048 55 31 att
1404 2049 166 43 antagna
1598 2045 256 37 leverantörer
1880 2046 134 49 riktigt

404 2089 165 48 fullgöra
598 2090 82 37 sina
708 2092 273 48 skyldigheter,
1011 2093 59 36 för
1098 2094 143 36 hvilket
1269 2095 174 37 ändamål
1471 2096 75 36 han
1574 2096 69 37 bör
1656 2097 99 36 helst
1769 2098 244 49 personligen

404 2141 232 37 kontrollera
662 2144 404 48 proviantartiklarnas
1095 2145 259 38 beskaffenhet
1383 2147 71 37 och
1482 2148 154 49 mängd.
1692 2148 73 37 Det
1786 2150 228 37 tillkommer

403 2193 140 36 honom
586 2193 128 38 vidare
756 2201 55 30 att
853 2196 149 50 besörja
1044 2197 244 50 anskaffning
1329 2199 41 36 af
1395 2199 70 37 och
1493 2200 132 37 utöfva
1653 2200 132 50 tillsyn
1814 2202 108 36 öfver
1949 2216 64 22 an-

404 2246 159 35 staltens
605 2246 351 50 inventarieförråd,
1000 2254 54 31 att
1082 2249 221 37 handhafva
1331 2251 170 37 skötseln
1530 2252 41 36 af
1596 2253 207 37 anstaltens
1832 2254 181 49 trädgård

404 2297 70 36 och
512 2297 198 50 jordbruk,
754 2305 54 30 att
849 2300 232 38 kontrollera
1122 2302 45 36 de
1199 2302 147 37 mindre
1374 2304 414 49 reparationsarbetena
1817 2306 103 36 inom
1949 2319 63 23 an-
