1888 2776
242 135 39 31 22
679 138 274 31 Statsutskottets
977 137 177 31 utlåtande
1179 147 41 20 nr
1247 136 69 31 142.

556 220 133 28 statens
721 218 189 39 järnvägar
945 217 64 30 och
1046 218 133 28 statens
1215 215 288 31 vattenfallsverk
1540 215 140 39 vidtaga
1705 215 41 29 de

555 268 191 39 ändringar
788 277 75 20 som
901 266 386 41 departementschefen
1320 266 11 30 i
1364 265 383 40 statsrådsprotokollet

553 319 82 29 över
665 317 483 31 kommunikationsärenden
1181 317 54 30 för
1267 317 67 29 den
1368 317 38 29 17
1439 326 96 20 mars
1559 316 83 30 1950
1675 316 70 29 för-

557 369 117 35 ordat;

595 418 39 35 b)
655 418 168 39 medgiva,
840 420 50 30 att
906 418 11 29 i
931 416 401 40 tjänsteförteckningen
1347 417 59 30 må
1420 415 159 41 vidtagas
1594 415 12 29 i
1622 415 123 30 nämn-

555 470 45 30 da
623 469 348 40 statsrådsprotokoll
994 469 168 30 förordad
1185 467 163 40 ändring;

600 520 36 34 c)
667 519 209 40 bemyndiga
901 519 126 39 Kungl.
1056 519 107 39 Maj:t
1187 520 51 29 att
1262 518 21 30 å
1309 518 262 39 övergångsstat
1597 517 151 40 uppföra

556 571 42 30 de
621 570 150 40 tjänster
793 571 65 29 och
883 569 142 31 utfärda
1046 570 43 30 de
1113 568 456 40 övergångsbestämmelser
1591 568 11 30 i
1625 568 122 39 övrigt,

558 630 76 21 som
657 621 58 30 vid
738 620 288 40 genomförandet
1049 629 43 21 av
1113 619 204 31 förberörda
1338 619 133 39 förslag
1492 619 58 30 må
1571 618 175 35 erfodras;

600 671 41 30 II.
669 672 50 29 att
746 670 220 31 motionerna
993 670 108 30 I1:473
1129 670 66 30 och
1222 670 123 30 II:557
1373 669 77 31 icke
1476 669 60 31 må
1562 669 183 31 föranleda

557 722 117 39 någon
690 721 207 40 riksdagens
913 721 132 40 åtgärd.

290 813 201 31 Stockholm
513 813 67 30 den
604 813 40 30 10
666 813 71 39 maj
765 813 94 31 1950.

737 914 48 30 På
811 914 279 30 statsutskottets
1113 914 146 39 vägnar:

788 980 172 30 MARTIN
986 980 247 31 SKOGLUND.

294 1266 65 31 Vid
382 1266 221 40 förestående
630 1265 146 31 ärendes
804 1265 286 40 slutbehandling
1115 1267 93 29 inom
1237 1265 171 30 utskottet
1434 1265 89 30 hava
1552 1265 157 30 närvarit

292 1308 80 30 från
409 1308 165 31 första
612 1309 221 29 kammaren:
862 1309 122 29 herrar
1010 1308 152 31 Rickard
1188 1308 212 34 Lindström,
1428 1308 83 29 Karl
1540 1307 212 34 Andersson,

250 1350 124 35 Ohlon,
407 1351 157 39 Heiding,
596 1351 149 39 Berling,
780 1351 177 33 Sundelin,
989 1351 168 33 Leander,
1190 1350 114 29 Johan
1336 1350 80 29 Eric
1448 1349 156 35 Ericson,
1637 1350 118 29 Lund-

247 1394 102 40 qvist,
365 1393 213 33 Hesselbom,
596 1393 100 33 Edin,
714 1394 76 30 Ivar
807 1394 159 32 Persson,
982 1393 123 39 Bergh,
1124 1393 136 29 Andrée
1276 1393 65 29 och
1355 1392 108 30 Einar
1479 1393 165 33 Persson;
1662 1393 91 29 samt

293 1452 79 29 från
433 1452 120 30 andra
581 1453 222 29 kammaren:
822 1452 122 29 herrar
961 1451 178 39 Skoglund
1157 1451 10 29 i
1184 1451 222 39 Doverstorp,
1422 1451 121 33 Ward,
1560 1451 194 38 Malmborg

249 1493 9 28 i
278 1494 144 34 Skövde,
441 1494 210 38 Bergström,
671 1494 201 29 Andersson
889 1496 11 29 i
919 1494 138 33 Malmö,
1076 1494 134 29 Boman
1228 1493 11 29 i
1257 1493 139 39 Kieryd,
1416 1493 221 30 Mårtensson
1656 1493 11 29 i
1686 1493 68 30 Ud-

248 1537 144 35 devalla,
418 1537 106 34 Ståhl,
548 1537 214 33 Åkerström,
786 1537 200 29 Pettersson
1008 1537 12 28 i
1043 1536 101 34 Dahl,
1169 1537 181 29 Petterson
1373 1536 10 28 i
1406 1536 197 39 Degerfors,
1628 1536 126 29 fröken

249 1579 133 34 Elmén,
403 1579 122 29 herrar
545 1579 201 29 Johansson
766 1579 11 29 i
799 1578 155 40 Mysinge
977 1578 64 30 och
1063 1578 229 31 Henriksson.

853 1857 302 34 Reservation

295 1950 41 20 av
352 1940 81 30 herr
450 1939 205 39 Lundqvist.

426 2393 185 30 Stockholm
632 2393 87 29 1950.
742 2393 112 36 Kungl.
875 2393 244 35 Boktryckeriet
1140 2393 33 27 P.
1195 2393 34 28 A.
1249 2392 151 28 Norstedt
1420 2392 25 27 &
1465 2392 110 27 Söner.

958 2447 96 21 501559
