1884 2768
233 135 41 31 20
667 140 274 31 Statsutskottets
967 141 174 30 utlåtande
1166 151 42 21 nr
1231 139 61 30 142

283 220 165 29 Däremot
471 219 64 29 har
559 219 124 38 Kungl.
709 219 105 39 Maj:t
838 220 158 38 avstyrkt
1021 228 42 21 en
1089 229 42 20 av
1155 219 340 39 järnvägsstyrelsen
1521 220 99 39 gjord
1645 220 94 29 hem-

240 270 127 30 ställan
393 279 57 21 om
476 270 199 30 inrättande
702 280 41 20 av
770 280 42 20 en
837 270 301 40 byråchefstjänst
1166 271 10 28 i
1204 271 47 30 Ca
1276 270 40 31 33
1343 271 55 30 för
1424 280 43 21 en
1494 281 47 29 ny
1566 272 94 38 byrå,
1687 272 56 29 be-

241 321 132 29 nämnd
391 320 328 39 utredningsbyrån.

286 413 12 29 I
317 413 93 29 detta
428 413 255 39 sammanhang
699 413 65 29 har
781 414 170 29 utskottet
969 413 52 29 till
1039 413 213 39 behandling
1268 413 154 29 förehaft
1441 413 58 30 två
1518 413 223 39 likalydande

241 463 182 34 motioner,
450 463 125 30 väckta
601 463 66 29 den
695 473 65 20 ena
786 463 95 30 inom
908 463 111 30 första
1046 464 207 29 kammaren
1280 473 42 20 av
1349 464 80 29 herr
1458 463 138 40 Wehtje
1626 473 45 20 m.
1701 464 38 38 fl.

248 513 46 33 (I:
319 513 80 34 473)
428 514 65 29 och
517 514 67 29 den
611 514 110 29 andra
745 514 95 29 inom
867 514 111 30 andra
1002 515 206 29 kammaren
1233 524 43 20 av
1300 515 80 29 herr
1406 514 104 29 Ohlin
1537 524 45 19 m.
1608 514 37 39 fl.
1676 515 62 33 (I:

241 563 96 34 357),
366 564 10 28 i
407 563 94 30 vilka
532 563 207 35 hemställts,
771 565 51 28 att
851 564 189 39 riksdagen
1070 564 57 30 vid
1156 564 258 39 behandlingen
1443 574 43 20 av
1515 565 229 29 förevarande

241 614 217 40 proposition
482 615 108 29 måtte
613 614 135 31 besluta
772 624 55 20 om
850 615 200 30 inrättande
1073 615 81 30 från
1177 616 65 29 och
1265 617 78 29 med
1366 616 67 29 den
1459 616 14 29 1
1499 616 68 39 juli
1594 616 82 29 1950
1700 626 41 19 av

240 673 43 20 en
308 664 298 40 byråchefstjänst
631 665 10 28 i
668 665 46 30 Ca
739 665 51 33 33,
816 666 129 29 avsedd
971 666 55 29 för
1051 675 41 20 en
1119 666 293 39 utredningsbyrå
1437 665 97 31 inom
1559 666 180 39 järnvägs-

243 714 179 40 styrelsen.

287 764 226 31 Beträffande
534 766 41 29 de
596 766 75 29 skäl
691 767 260 29 motionärerna
972 766 117 30 anfört
1109 767 53 29 till
1183 768 77 29 stöd
1281 767 54 29 för
1357 766 59 30 sitt
1435 767 158 39 yrkande
1614 767 55 30 får
1689 769 53 28 ut-

244 817 128 28 skottet
392 816 147 30 hänvisa
559 816 53 29 till
635 817 178 29 motionen
835 817 28 29 I:
888 817 74 29 473.

288 908 226 30 Beträffande
556 910 195 29 statens
792 909 442 30 vattenfallsverk
1276 909 148 30 föreslås
1449 910 135 29 ändrad
1608 910 135 38 organi-

243 958 113 30 sation
389 967 43 21 av
463 958 425 40 elektrobyggnadsbyrån
921 960 10 28 i
965 960 385 39 vattenfallsstyrelsen.
1373 960 125 30 Denna
1518 960 86 39 byrå
1626 961 38 29 är
1687 960 55 30 för

244 1010 217 29 närvarande
484 1010 225 38 organiserad
732 1010 44 39 på
799 1010 157 39 följande
979 1010 127 29 kontor
1131 1010 64 30 och
1221 1010 235 39 avdelningar,
1484 1010 175 40 nämligen
1684 1011 60 29 all-

243 1060 131 29 männa
412 1060 162 29 kontoret
613 1061 79 29 med
731 1060 367 40 provningsanstalten
1127 1061 13 29 i
1167 1061 208 39 Älvkarleby
1407 1061 57 33 (16
1494 1060 248 40 tjänstemän),

242 1110 425 40 upphandlingskontoret
696 1110 56 34 (21
775 1110 249 39 tjänstemän),
1046 1111 318 40 linjeavdelningen
1392 1111 78 33 (101
1494 1111 249 39 tjänstemän),

241 1159 232 39 ångtekniska
495 1160 163 30 kontoret
686 1161 57 33 (16
766 1161 248 39 tjänstemän),
1038 1162 112 29 första
1173 1162 313 30 stationskontoret
1515 1161 55 34 (41
1596 1162 146 39 tjänste-

241 1210 116 35 män),
384 1211 112 30 andra
522 1212 313 30 stationskontoret
869 1211 58 34 (43
955 1212 249 39 tjänstemän),
1234 1212 437 30 tertiärstationskontoret
1706 1212 34 33 (5

243 1261 249 39 tjänstemän),
534 1263 308 38 apparatkontoret
888 1262 36 33 (8
961 1262 249 39 tjänstemän),
1239 1263 412 39 husbyggnadskontoret
1687 1263 57 33 (15

240 1311 234 38 tjänstemän)
508 1314 89 28 samt
624 1312 317 30 arkitektkontoret
974 1312 35 34 (8
1036 1313 249 39 tjänstemän).
1314 1313 270 39 Sammanlagda
1610 1313 131 30 antalet

244 1362 216 39 tjänstemän
481 1363 102 38 utgör
600 1363 105 29 alltså
724 1363 73 30 274.
828 1364 125 29 Härtill
974 1364 61 30 bör
1058 1364 118 38 läggas
1195 1364 98 29 vakt-
1313 1364 64 29 och
1398 1363 346 40 städningspersonal

244 1422 46 20 m.
312 1412 48 34 fl.,
381 1412 147 41 tillhopa
548 1413 41 30 86
610 1423 175 30 personer.

288 1463 75 29 Den
386 1463 176 40 naturliga
585 1464 167 39 åtgärden
775 1464 55 30 för
854 1466 51 29 att
927 1464 242 30 rationalisera
1191 1465 130 38 byråns
1344 1464 238 39 organisation
1604 1465 64 31 har
1690 1465 55 29 be-

245 1513 137 30 funnits
409 1523 83 21 vara
522 1516 51 28 att
602 1515 238 30 sammanföra
865 1516 43 29 de
938 1515 219 30 sistnämnda
1187 1525 59 20 sex
1275 1516 172 29 kontoren
1474 1515 11 29 i
1513 1515 232 30 förenämnda

244 1564 225 39 uppräkning
487 1564 53 29 till
559 1573 43 20 en
624 1565 149 30 särskild
793 1566 195 39 avdelning.
1019 1566 160 30 Nämnda
1201 1575 59 20 sex
1281 1566 127 29 kontor
1430 1566 160 30 utarbeta
1610 1566 135 29 huvud-

244 1614 157 39 sakligen
420 1615 289 30 konstruktioner
729 1616 55 29 för
804 1616 110 30 kraft-
934 1617 65 29 och
1018 1616 454 30 transformatorstationer.
1505 1617 122 29 Denna
1648 1624 97 31 orga-

244 1664 324 40 nisationsändring
596 1666 63 29 har
693 1666 105 30 också
829 1666 176 30 förordats
1038 1677 41 20 av
1111 1667 188 39 styrelsens
1329 1667 416 39 rationaliseringsavdel-

242 1716 85 39 ning
343 1716 88 30 efter
447 1726 43 19 en
508 1717 110 29 under
635 1716 38 30 år
693 1717 84 30 1948
795 1717 206 39 genomförd
1018 1717 274 40 undersökning.
1310 1717 116 40 Byrån
1442 1718 160 29 kommer
1618 1717 125 30 härvid

243 1766 50 28 att
314 1765 149 30 omfatta
483 1765 158 40 följande
662 1767 127 29 kontor
811 1767 64 29 och
897 1767 236 39 avdelningar,
1155 1767 177 39 nämligen
1354 1768 55 29 för
1431 1768 229 39 utredningar
1682 1768 62 29 all-

243 1817 131 29 männa
396 1817 163 29 kontoret
580 1817 78 29 med
680 1817 366 39 provningsanstalten
1069 1818 10 28 i
1101 1817 210 40 Älvkarleby
1336 1818 58 33 (16
1416 1818 249 39 tjänstemän),
1690 1818 55 30 för

244 1866 108 40 inköp
381 1867 425 39 upphandlingskontoret
841 1868 54 33 (21
930 1868 248 39 tjänstemän),
1207 1868 56 30 för
1290 1869 250 29 konstruktion
1569 1878 42 21 av
1640 1869 105 39 linjer

240 1916 320 39 linjeavdelningen
603 1917 77 33 (101
719 1918 249 39 tjänstemän),
1007 1918 55 30 för
1088 1918 250 30 konstruktion
1365 1928 43 21 av
1434 1919 308 39 ångkraftanlägg-

242 1966 125 38 ningar
399 1966 234 40 ångtekniska
665 1968 163 30 kontoret
867 1968 58 33 (16
959 1968 234 40 tjänstemän)
1234 1971 90 28 samt
1347 1969 55 30 för
1425 1969 252 31 konstruktion
1700 1979 43 21 av

242 2019 195 38 generator-
476 2018 65 30 och
579 2018 443 31 transformatorstationer
1060 2020 379 39 stationsavdelningen
1483 2019 81 34 (120
1599 2020 146 39 tjänste-

243 2067 116 35 män).
383 2068 269 39 Sammanlagda
674 2069 131 30 antalet
825 2069 218 39 tjänstemän
1066 2070 65 29 blir
1156 2071 88 29 även
1265 2079 48 20 nu
1336 2070 74 30 274.
1445 2071 81 29 Som
1552 2070 192 39 byggnads-

243 2118 136 40 företag
399 2119 112 30 skulle
533 2119 112 30 under
663 2119 109 39 byrån
793 2119 193 31 bibehållas
1007 2120 546 40 stationsmontageavdelningen
1573 2121 56 29 för
1648 2129 97 21 mon-

240 2169 78 38 tage
336 2178 42 20 av
394 2169 169 29 elektrisk
580 2169 204 40 utrustning
799 2170 11 30 i
828 2170 112 30 kraft-
957 2171 65 29 och
1039 2171 454 31 transformatorstationer.

286 2219 130 30 Genom
433 2219 117 30 denna
568 2220 409 40 organisationsändring
996 2221 185 30 reduceras
1202 2221 131 30 antalet
1355 2221 115 30 direkt
1490 2222 253 38 föredragande

243 2269 64 30 hos
326 2269 290 40 överingenjören
634 2270 81 31 från
736 2271 75 30 elva
831 2271 52 29 till
904 2281 59 20 sex
983 2272 177 39 samtidigt
1181 2281 75 21 som
1273 2272 43 30 de
1336 2272 137 34 kontor,
1496 2281 74 21 som
1592 2273 60 29 äro
1673 2281 71 30 sys-

243 2319 142 31 selsatta
406 2321 81 29 med
509 2320 449 36 stationskonstruktioner,
979 2322 48 30 bli
1047 2322 131 30 fastare
1198 2323 137 29 knutna
1355 2322 53 30 till
1429 2323 184 30 varandra.
1635 2323 108 29 Dessa

242 2370 127 30 kontor
391 2380 99 21 avses
513 2372 51 29 att
587 2371 73 30 tills
681 2371 118 31 vidare
821 2372 194 31 bibehållas
1039 2373 11 29 i
1075 2374 87 28 stort
1188 2375 65 28 sett
1276 2373 244 30 oförändrade.
1554 2373 50 30 På
1625 2373 118 39 längre

243 2419 70 30 sikt
331 2421 97 30 torde
444 2421 195 31 emellertid
657 2431 43 21 en
715 2422 73 30 viss
803 2423 260 39 omfördelning
1079 2432 42 21 av
1138 2423 343 40 arbetsuppgifterna
1500 2423 84 31 böra
1606 2431 138 32 genom-

243 2470 106 31 föras.
