1898 2784
292 196 38 29 18
590 196 314 31 Bankoutskottets
930 199 180 30 utlåtande
1133 209 44 20 nr
1200 201 27 29 B
1254 202 37 28 15
1317 201 39 29 år
1383 202 83 29 1958

285 279 163 30 ställelse.
469 280 121 29 Denna
613 280 120 38 åtgärd
756 281 61 30 bör
838 283 192 29 emellertid
1053 283 174 38 fullföljas
1251 286 76 29 med
1351 295 41 20 en
1417 286 124 30 snabbt
1563 288 206 35 genomförd

284 333 148 36 översyn
461 334 80 28 över
568 334 223 37 principerna
821 335 54 29 för
904 337 425 38 exportkreditgivningen
1362 340 126 29 liksom
1519 349 41 20 av
1592 340 177 31 formerna

284 385 54 29 för
360 386 412 36 exportkreditärendens
793 388 269 39 handläggning.
1085 391 104 29 Målet
1211 392 110 29 måste
1342 402 83 20 vara
1448 395 50 28 att
1521 396 138 28 snarast
1682 391 87 45 möj-

286 438 60 37 ligt
367 438 240 31 effektivisera
627 441 267 30 verksamheten
915 443 64 29 och
1001 445 49 27 att
1071 444 109 37 skapa
1201 445 295 38 förutsättningar
1517 447 53 29 för
1592 457 41 20 en
1654 448 118 30 vidare

286 493 63 29 och
375 502 74 20 mer
474 495 175 29 realistisk
672 496 241 38 risktäckning
937 497 54 30 för
1015 500 49 27 att
1088 499 105 29 också
1216 499 203 37 härigenom
1444 501 130 36 främja
1596 504 176 34 exporten.

283 544 187 38 Samtidigt
488 545 62 30 bör
570 547 41 29 de
630 556 43 20 av
694 548 81 29 1952
796 548 56 29 års
872 549 184 31 kommitté
1077 550 53 30 för
1150 552 437 38 produktionsfrämjande
1608 554 161 37 åtgärder

284 598 197 38 framlagda
507 599 175 38 förslagen
708 602 136 29 överses
871 602 80 30 från
978 604 40 29 de
1045 604 301 38 utgångspunkter
1374 616 74 19 som
1475 608 64 28 den
1567 609 203 30 nuvarande

283 651 230 31 ekonomiska
541 653 212 30 situationen
782 655 242 31 aktualiserar.
1054 657 121 29 Såsom
1203 658 341 39 bankofullmäktige
1574 660 196 31 framhållit

283 706 100 35 utgör
403 705 87 29 även
509 706 56 29 det
584 707 155 30 ändrade
758 708 290 31 statsfinansiella
1069 710 88 37 läget
1176 721 41 20 en
1237 712 188 38 anledning
1443 713 129 30 härtill.
1592 714 177 31 Utskottet

283 759 251 37 understryker
555 760 120 29 vikten
698 770 41 19 av
762 763 49 27 att
834 762 114 30 denna
970 763 266 39 överarbetning
1258 766 156 36 vidtages
1437 767 65 29 och
1528 767 124 30 snabbt
1677 769 92 29 leder

283 811 53 29 till
355 812 159 30 resultat.

327 865 74 29 Vad
437 865 171 30 beträffar
644 867 41 29 de
721 868 10 28 i
766 869 219 30 motionerna
1009 870 147 30 berörda
1181 871 164 38 frågorna
1371 882 56 20 om
1453 874 160 37 åtgärder
1639 875 55 29 för
1720 878 51 27 att

283 917 132 37 främja
437 920 171 34 sparande
631 920 65 29 och
719 921 292 39 kapitalbildning
1034 924 68 29 kan
1124 925 171 30 utskottet
1316 926 10 28 i
1350 928 88 28 stort
1461 929 66 28 sett
1548 928 147 30 hänvisa
1716 929 52 29 till

283 971 53 30 sin
355 971 213 38 behandling
587 982 42 20 av
648 974 209 31 hithörande
876 977 172 36 spörsmål
1069 977 9 29 i
1099 978 195 30 utlåtandet
1313 988 42 20 nr
1375 980 26 28 B
1422 980 17 29 5
1460 981 52 29 till
1533 981 236 31 innevarande

283 1025 152 37 riksdag.
456 1025 178 31 Utskottet
653 1035 65 29 gav
739 1028 61 29 där
821 1029 127 29 liksom
969 1030 9 28 i
999 1030 145 37 tidigare
1165 1032 205 30 utlåtanden
1391 1035 141 36 uttryck
1553 1034 35 30 åt
1609 1035 53 29 sin
1683 1044 86 28 upp-

282 1078 154 38 fattning
459 1088 56 20 om
538 1080 280 31 önskvärdheten
842 1091 41 20 av
906 1084 49 28 ett
978 1084 83 29 ökat
1084 1086 181 35 sparande.
1290 1086 178 30 Utskottet
1492 1087 165 31 framhöll
1681 1089 87 29 även

282 1133 50 27 att
352 1132 66 29 den
439 1132 140 30 kortare
600 1133 179 36 arbetstid,
800 1144 73 20 som
893 1145 49 20 nu
962 1137 231 36 genomföres,
1214 1139 126 29 liksom
1362 1141 232 29 strävandena
1615 1141 55 30 för
1692 1143 76 29 ska-

282 1186 128 36 pandet
434 1195 41 20 av
498 1196 41 20 en
561 1194 200 29 gemensam
786 1189 184 36 europeisk
994 1191 171 29 marknad
1191 1192 135 30 medför
1350 1202 69 28 nya
1444 1194 86 29 krav
1553 1195 44 36 på
1621 1195 147 31 investe-

282 1239 118 37 ringar
428 1239 96 30 inom
552 1240 238 37 näringslivet,
817 1242 202 36 varigenom
1048 1244 146 30 behovet
1223 1254 41 20 av
1292 1246 83 29 ökat
1405 1248 172 35 sparande
1605 1249 65 28 och
1699 1248 69 31 för-

280 1292 140 30 bättrad
442 1292 293 39 kapitalbildning
757 1295 153 37 skärpes.
933 1296 124 37 Kungl.
1080 1297 105 36 Maj:t
1205 1298 63 29 har
1290 1300 106 29 också
1417 1301 139 36 nyligen
1579 1302 125 30 tillsatt
1725 1312 42 21 en

281 1345 184 30 kommitté
485 1346 76 29 med
582 1347 139 37 uppgift
740 1350 49 27 att
808 1349 200 30 undersöka
1027 1351 93 28 olika
1139 1352 104 36 vägar
1264 1354 50 28 att
1334 1353 130 37 främja
1486 1356 197 35 sparandet.
1703 1356 65 30 Det

281 1399 37 29 är
339 1399 87 29 även
449 1401 189 36 angeläget,
662 1403 51 28 att
734 1403 205 36 sparandets
962 1404 126 29 villkor
1109 1404 166 31 tillmätes
1299 1407 65 29 den
1389 1408 128 29 största
1540 1408 73 30 vikt
1635 1409 57 29 vid
1715 1412 52 27 ut-

280 1452 201 31 formandet
497 1462 41 20 av
553 1454 65 29 den
635 1455 228 30 ekonomiska
879 1457 170 35 politiken
1065 1458 64 28 och
1147 1458 285 37 skattepolitiken
1449 1461 10 28 i
1476 1463 97 28 stort.
1590 1462 177 31 Utskottet

280 1505 109 31 fäster
413 1506 10 29 i
447 1507 94 29 detta
566 1508 254 38 sammanhang
845 1510 143 29 särskilt
1013 1512 168 29 avseende
1204 1512 55 29 vid
1285 1513 40 29 de
1351 1513 75 29 skäl
1453 1523 74 20 som
1553 1515 136 30 anförts
1714 1516 51 29 till

280 1559 76 29 stöd
378 1559 55 29 för
453 1560 65 29 den
539 1562 95 27 extra
654 1561 281 37 bolagsskattens
955 1563 232 31 avskaffande
1206 1566 63 28 och
1289 1566 244 31 bibehållande
1553 1577 41 20 av
1614 1569 94 29 detta
1728 1570 38 29 år

279 1612 205 37 tillämpade
508 1614 109 36 regler
642 1613 55 30 för
721 1616 378 38 varulagervärdering.

322 1666 179 30 Utskottet
520 1667 59 29 vill
600 1668 244 37 understryka,
866 1671 50 27 att
937 1669 75 30 icke
1032 1670 87 30 blott
1140 1673 205 35 sparandets
1365 1673 214 38 omfattning
1598 1675 62 30 bör
1680 1685 86 28 upp-

278 1720 269 30 märksammas.
567 1720 94 30 Även
684 1723 237 35 sparmedlens
944 1724 166 36 rörlighet
1133 1725 110 30 måste
1265 1726 145 30 beaktas
1434 1728 125 29 liksom
1584 1729 181 37 möjlighe-

279 1774 98 28 terna
398 1772 54 29 till
473 1773 100 30 deras
595 1773 169 31 effektiva
785 1776 234 37 användning.
1042 1778 57 28 Ett
1122 1780 181 34 sparande,
1325 1789 74 20 som
1421 1781 105 37 något
1548 1782 37 29 så
1605 1784 64 28 när
1691 1792 73 21 sva-

279 1835 55 20 rar
354 1827 75 27 mot
446 1826 167 35 behoven,
635 1828 37 28 är
694 1837 41 20 en
756 1828 254 39 förutsättning
1031 1830 53 30 för
1105 1840 41 20 en
1168 1831 45 30 fri
1234 1832 319 37 kapitalmarknad,
1575 1845 79 20 men
1676 1845 89 20 sam-

279 1879 100 37 tidigt
399 1880 38 28 är
457 1880 113 30 denna
588 1890 42 20 en
651 1882 253 38 förutsättning
925 1884 94 29 såväl
1040 1884 54 29 för
1115 1886 94 29 detta
1230 1888 171 35 sparande
1423 1897 74 20 som
1519 1888 54 30 för
1594 1890 77 29 dess
1693 1891 72 28 rör-

278 1932 106 37 lighet
402 1933 67 29 och
488 1934 77 29 dess
584 1934 170 31 effektiva
773 1937 236 36 utnyttjande.

323 1988 50 29 De
392 1988 95 30 olika
506 1989 232 37 ingripanden
757 2000 74 20 som
851 1991 164 37 vidtagits
1036 1992 53 29 för
1110 1994 50 28 att
1180 1994 130 36 reglera
1330 1995 352 36 kapitalmarknaden
1703 1997 63 30 har

277 2039 10 29 i
312 2039 182 31 realiteten
518 2040 178 31 inneburit
720 2043 159 35 prioritet
904 2043 55 30 för
986 2045 116 37 statlig
1129 2047 191 37 upplåning
1348 2050 91 27 samt
1466 2058 41 20 en
1535 2050 229 38 ransonering

276 2101 41 20 av
334 2092 97 37 övrig
449 2094 202 37 upplåning.
668 2096 66 29 Det
751 2096 141 37 betyder
910 2099 51 28 att
978 2099 434 31 marknadsmekanismen
1432 2103 86 28 sätts
1537 2112 40 19 ur
1596 2104 70 36 spel
1685 2105 77 29 med

277 2146 68 29 alla
369 2147 42 29 de
436 2147 111 30 risker
571 2147 55 30 för
652 2149 134 35 stelhet,
811 2150 123 30 hinder
960 2151 53 29 för
1038 2161 44 27 ny
1109 2152 272 38 företagsamhet
1406 2155 64 29 och
1498 2156 53 29 för
1575 2166 41 20 en
1642 2157 121 29 stimu-

278 2200 140 29 lerande
442 2200 220 31 konkurrens
687 2211 73 20 som
785 2203 93 29 detta
903 2204 138 37 skapar.
1069 2206 70 29 Vad
1165 2207 142 29 särskilt
1335 2209 425 31 »emissionskontrollen»

275 2252 44 37 på
340 2252 431 38 obligationsmarknaden
795 2257 118 36 angår,
936 2257 63 29 har
1022 2259 111 29 denna
1160 2260 59 29 lett
1242 2261 50 28 till
1316 2258 49 33 att
1393 2262 4 28 i
1421 2263 57 29 det
1501 2264 177 29 närmaste
1701 2265 62 29 allt

276 2307 176 35 utrymme
472 2306 220 31 förbehållits
714 2309 116 37 statlig
850 2310 65 29 och
938 2312 296 36 statsgaranterad
1260 2315 201 37 upplåning.
1486 2317 191 29 Resultatet
1698 2317 64 30 har

277 2360 133 30 således
437 2361 76 30 icke
539 2362 124 30 endast
688 2362 99 31 blivit
812 2363 160 37 prioritet
999 2365 54 29 för
1079 2366 66 29 den
1171 2367 184 37 offentliga
1384 2369 141 30 sektorn
1554 2372 84 27 utan
1666 2371 94 30 inom

275 2413 113 29 denna
407 2414 118 29 därtill
544 2416 48 28 ett
610 2416 314 36 undanskjutande
944 2427 41 20 av
1004 2419 41 29 de
1065 2419 225 31 kommunala
1309 2421 156 31 behoven
1486 2424 76 29 med
1584 2424 77 30 dess
1682 2424 80 37 följ-

275 2467 59 29 der
356 2467 10 29 i
388 2467 181 31 bristande
591 2468 221 38 möjligheter
834 2472 51 28 att
906 2471 145 36 planera
1074 2472 274 32 kommunernas
1372 2475 172 30 ekonomi.

318 2520 179 30 Utskottet
516 2530 101 21 anser
637 2522 96 30 tiden
752 2532 82 20 vara
854 2524 82 29 inne
957 2524 54 30 för
1032 2535 41 20 en
1094 2527 201 37 avveckling
1317 2537 41 20 av
1380 2531 165 34 systemet
1566 2532 76 28 med
1665 2527 96 46 kapi-
