2117 2654
300 179 18 30 2
477 182 118 31 Första
619 183 217 32 Kammarens
864 184 183 42 Tillfälliga
1077 184 136 32 Utskotts
1237 186 76 40 (N:o
1339 187 36 39 1)
1405 186 175 32 Utlåtande
1603 188 64 31 N:o
1693 190 33 29 3.

298 263 127 37 Rikets
466 264 153 38 Ständer
661 266 179 37 beslutad.
896 266 76 38 När
1008 281 62 31 nu,
1111 267 117 37 såsom
1262 281 131 37 genom
1427 270 186 35 motionen
1649 271 105 44 skett,
1790 270 104 52 fråga

298 317 126 38 blifvit
464 320 109 36 väckt
615 321 138 45 derom,
790 327 54 31 att
878 321 173 37 anhållan
1080 323 120 36 skulle
1229 323 65 36 hos
1322 323 133 50 Kongl.
1483 324 102 50 Maj:t
1613 332 106 42 göras
1747 339 61 23 om
1837 333 56 29 ut-

297 371 177 39 färdande
517 374 40 37 af
595 376 62 36 det
698 377 189 35 allmänna
929 378 211 49 stadgande,
1177 383 54 30 att
1268 377 37 36 åt
1337 391 44 23 en
1419 379 92 36 hvar
1539 380 352 50 beväringsyngling

297 428 112 36 måtte
451 428 195 39 öfverlåtas
688 436 55 31 att
784 430 92 37 efter
910 438 82 43 eget
1025 432 262 49 godtfinnande
1321 431 86 50 sjelf
1439 433 138 50 afgöra,
1605 434 185 37 huruvida
1818 436 73 35 han

296 483 95 36 skall
433 484 117 36 under
591 491 53 30 ett
686 487 90 35 eller
818 487 68 35 ock
923 486 63 36 två
1023 486 40 37 år
1096 485 523 53 vapenöfningsskyldigheten
1652 488 173 52 fullgöra,
1854 490 37 36 så

296 538 73 35 kan
398 538 186 37 Utskottet
612 540 79 36 icke
720 547 113 30 annat
859 542 111 44 finna,
999 548 45 29 än
1073 547 55 30 att
1155 541 320 50 framställningen
1504 542 139 50 åsyftar
1671 549 55 31 att
1754 544 36 37 få
1816 545 74 35 till-

296 594 205 49 vägabragt
542 607 44 23 en
628 596 138 48 ganska
806 596 182 49 väsentlig
1030 597 188 49 rubbning
1252 598 90 34 eller
1375 596 214 51 förändring
1624 599 12 35 i
1670 598 43 36 de
1748 598 57 37 för
1834 600 58 35 be-

295 648 194 49 väringens
531 650 245 48 organisation
819 649 41 37 af
894 651 282 36 statsmakterna
1213 657 227 43 gemensamt
1472 653 110 48 lagda
1611 653 172 49 grunder,
1812 654 79 44 och,

296 714 60 22 om
385 701 189 38 Utskottet
601 704 12 33 i
642 703 119 35 denna
789 705 53 34 sin
871 704 240 49 uppfattning
1139 705 80 35 icke
1247 706 182 48 misstagit
1457 707 64 47 sig,
1545 707 95 34 lärer
1660 707 108 35 också
1787 707 107 35 deraf

295 753 101 51 följa,
439 762 54 30 att
530 757 61 36 det
628 763 70 30 sätt
736 758 67 36 och
842 758 68 36 den
939 758 166 50 ordning,
1134 771 76 24 som
1241 757 125 38 blifvit
1393 760 111 35 valda
1532 759 58 36 för
1618 760 206 37 beredande
1853 760 41 36 af

295 809 197 51 framgång
533 810 37 36 åt
598 811 186 48 förslaget,
821 813 79 35 icke
940 820 61 28 äro
1038 812 40 36 af
1107 812 251 37 beskaffenhet
1393 819 54 30 att
1474 815 126 34 kunna
1629 815 83 35 leda
1739 816 61 35 till
1828 816 63 35 det

295 863 166 50 åsyftade
502 865 121 36 målet.
680 866 56 36 Då
778 867 231 36 motionären
1051 866 198 50 uppgifvit,
1291 873 54 30 att
1383 867 44 36 de
1461 869 256 49 ansökningar,
1746 882 78 23 som
1853 868 41 36 af

295 918 184 50 åtskillige
514 920 397 51 beväringsynglingar
945 921 126 37 blifvit
1104 922 60 35 till
1197 922 133 49 Kongl.
1360 922 101 49 Maj:t
1489 923 210 36 inlemnade
1728 937 59 22 om
1818 924 74 35 till-

296 973 125 36 låtelse
457 979 54 30 att
545 974 118 38 under
695 980 53 31 ett
781 975 39 36 år
853 975 37 36 få
923 975 163 50 undergå
1118 975 250 51 vapenöfning
1395 977 85 35 med
1508 977 118 49 bägge
1656 978 195 44 klasserna,
1880 979 12 34 i

295 1028 204 36 allmänhet
526 1029 195 36 tillvunnit
748 1030 54 49 sig
830 1030 127 50 nådigt
986 1029 118 46 bifall,
1124 1031 66 36 bör
1213 1030 184 37 Utskottet
1415 1032 61 35 väl
1491 1031 162 36 vitsorda
1668 1032 223 49 rigtigheten

295 1081 41 37 af
374 1083 119 35 denna
535 1084 157 49 uppgift,
733 1097 83 23 men
852 1085 128 36 dervid
1013 1084 105 38 äfven
1153 1084 95 37 fästa
1281 1086 375 48 uppmärksamheten
1685 1086 122 48 derpå,
1835 1093 56 29 att

295 1136 101 37 dessa
424 1138 200 48 ynglingar
652 1139 59 35 till
740 1139 80 36 stöd
837 1138 58 37 för
920 1140 291 48 ansökningarne
1231 1139 177 49 åberopat
1427 1140 177 36 särskilda
1623 1139 267 46 förhållanden,

296 1191 44 35 de
373 1190 64 36 der
472 1191 12 35 i
518 1197 52 30 ett
602 1193 91 34 eller
725 1198 112 30 annat
865 1192 169 37 afseende
1062 1193 140 36 funnits
1232 1194 300 44 beaktansvärda,
1562 1193 187 36 äfvensom
1779 1194 113 49 derpå

295 1250 54 31 att
380 1246 117 49 enligt
529 1244 58 37 för
621 1245 187 37 Utskottet
835 1248 235 49 tillgängliga
1104 1248 268 49 upplysningar
1407 1249 140 35 antalet
1574 1247 42 36 af
1641 1248 94 45 dem,
1764 1248 127 36 hvilka

296 1298 40 36 af
375 1312 43 23 en
461 1300 106 48 dylik
604 1300 171 37 tillåtelse
808 1302 159 35 kommit
999 1302 13 34 i
1044 1301 224 49 åtnjutande,
1296 1303 142 48 utgjort
1465 1301 86 50 föga
1579 1315 78 23 mer
1686 1309 45 29 än
1760 1302 60 50 '/,,
1854 1302 40 36 af

293 1354 85 35 hela
406 1353 275 37 åldersklassen.
737 1355 54 36 De
820 1355 204 49 åberopade
1053 1356 132 49 Kongl.
1215 1357 167 35 besluten
1410 1357 176 35 innebära
1607 1356 137 36 således
1763 1357 128 36 endast

295 1408 101 35 bevis
438 1407 122 49 derpå,
588 1414 55 30 att
671 1408 131 50 Kongl.
836 1410 103 48 Maj:t
974 1408 92 37 efter
1099 1409 174 50 pröfning
1306 1409 41 36 af
1372 1410 172 36 särskildt
1571 1409 218 37 förekomna
1817 1424 74 22 om-

294 1462 249 50 ständigheter
579 1463 184 49 begagnat
798 1464 54 49 sig
884 1463 41 36 af
959 1464 70 36 den
1057 1464 326 50 konungamakten
1412 1464 169 49 ostridigt
1608 1464 285 36 tillkommande

294 1522 74 29 rätt
395 1522 54 29 att
468 1517 12 34 i
499 1518 94 34 vissa
621 1516 68 36 fall
717 1518 136 48 bevilja
872 1518 190 49 undantag
1080 1518 82 36 från
1182 1518 282 49 författningens
1484 1520 188 34 allmänna
1691 1518 198 36 föreskrift.

401 1569 109 37 Hvad
544 1584 51 22 nu
624 1570 113 50 angår
765 1572 69 35 den
864 1573 11 33 i
905 1571 239 37 förenämnda
1181 1572 132 49 Kongl.
1344 1573 217 48 kungörelse
1589 1572 216 36 meddelade
1834 1573 59 35 be-

294 1625 218 44 stämmelse,
540 1630 55 30 att
622 1625 332 50 utbildningstiden
968 1625 58 37 för
1045 1626 412 49 beväringsmanskapet
1476 1627 95 35 skall
1589 1626 47 49 på
1655 1626 177 36 särskilda
1851 1626 41 36 år

294 1677 170 46 fördelas,
506 1678 112 36 hafva
655 1678 58 36 för
748 1679 211 36 densamma
993 1680 90 35 flera
1116 1693 44 23 ur
1195 1681 197 35 militärisk
1428 1681 189 48 synpunkt
1644 1681 141 48 vigtiga
1813 1681 80 35 skäl

294 1733 100 48 legat
421 1733 61 35 till
510 1733 130 48 grund.
695 1733 70 36 Att
792 1733 57 36 för
878 1734 186 36 desamma
1092 1734 66 36 här
1186 1735 123 35 lemna
1338 1747 44 22 en
1411 1733 217 50 utförligare
1651 1734 241 48 redogörelse,

293 1786 104 36 torde
439 1786 225 37 Kammaren
699 1787 101 36 desto
834 1788 144 35 mindre
1012 1787 136 46 fordra,
1182 1801 77 23 som
1294 1788 117 36 denna
1440 1789 255 35 bestämmelse
1725 1795 40 28 är
1793 1788 100 36 bibe-

294 1839 124 37 hållen
461 1840 67 36 och
571 1841 172 49 godkänd
785 1842 56 35 uti
887 1843 74 35 alla
1004 1842 43 36 de
1084 1841 392 50 härordningsförslag,
1510 1855 77 23 som
1622 1843 11 34 i
1671 1855 125 23 senare
1838 1841 54 36 tid

294 1893 127 37 blifvit
448 1895 219 48 uppgjorda,
695 1895 68 36 och
792 1896 227 36 motionären
1048 1896 183 36 dessutom
1262 1902 99 30 emot
1389 1896 228 36 densammas
1637 1896 221 49 lämplighet
1882 1896 12 34 i

294 1949 203 36 allmänhet
530 1950 79 35 icke
643 1962 62 23 ens
739 1949 114 50 rigtat
886 1949 120 50 någon
1041 1951 255 48 anmärkning.
1350 1950 139 36 Endast
1517 1950 61 36 det
1606 1951 69 35 vill
1705 1949 189 37 Utskottet

293 2009 145 39 nämna,
471 2009 55 30 att
563 2017 60 22 om
657 2011 46 28 än
738 2003 43 36 de
811 2003 40 36 af
877 2005 361 49 omständigheterna
1267 2005 206 49 betingade,
1500 2005 13 34 i
1542 2004 222 49 begränsadt
1791 2005 102 34 antal

295 2057 187 49 medgifna
515 2057 236 50 undantagen
780 2057 79 36 från
891 2059 68 35 den
989 2060 190 34 allmänna
1207 2059 125 48 regeln
1361 2059 80 36 icke
1470 2059 143 35 kunnat
1640 2057 167 37 medföra
1834 2057 58 36 nå-

294 2124 73 36 gon
395 2112 140 48 menlig
562 2112 178 36 inverkan
771 2111 47 50 på
847 2112 70 36 den
936 2113 163 36 militära
1118 2113 260 48 utbildningen
1398 2113 66 36 hos
1484 2112 411 49 beväringsmanskapet

293 2166 12 35 i
348 2165 79 36 dess
467 2166 135 45 helhet,
644 2165 249 37 förhållandet
926 2166 93 37 dock
1053 2167 185 36 sannolikt
1266 2166 122 37 blefve
1417 2172 52 30 ett
1496 2172 121 39 annat,
1646 2166 119 36 derest
1792 2166 102 35 detta

294 2220 177 48 manskap
514 2221 147 35 komme
696 2221 12 34 i
744 2220 216 48 åtnjutande
995 2220 42 36 af
1067 2221 69 36 den
1166 2227 74 29 rätt
1267 2234 52 22 nu
1347 2220 217 50 ifrågasatts,
1592 2221 95 35 helst
1715 2233 44 23 en
1786 2220 108 49 dylik

293 2279 75 30 rätt
386 2274 212 49 antagligen
618 2274 79 36 icke
717 2275 149 35 komme
886 2281 55 29 att
960 2274 41 37 af
1018 2275 61 36 det
1097 2275 86 36 vida
1203 2280 132 31 största
1354 2276 140 35 antalet
1512 2276 139 35 lemnas
1667 2273 227 50 obegagnad.
