2224 2634
738 208 249 34 Statsutskottets
1018 205 175 34 Utlåtande
1216 204 63 33 N:o
1302 205 30 31 7.
1749 200 39 32 19

369 293 71 38 Till
483 290 420 51 statsrådsprotokollet
943 288 67 37 har
1051 287 11 37 i
1096 286 104 37 detta
1230 284 138 38 ärende
1397 281 435 53 departementschefen,

242 346 85 38 med
355 346 150 37 erinran
535 350 56 32 att
619 344 175 49 anslaget
821 342 56 37 till
905 339 335 48 fiskerinäringens
1267 336 207 38 understöd
1502 338 40 34 år
1573 336 97 36 1889
1698 333 134 47 blifvit,

240 401 100 47 uppå
381 398 129 36 derom
552 397 41 37 af
630 395 140 49 Kongl.
813 394 110 49 Maj:t
954 391 112 51 gjord
1093 389 293 49 framställning,
1416 388 42 37 af
1479 385 219 51 Riksdagen
1726 385 108 50 höjdt

241 451 84 36 från
357 451 135 47 17,600
519 449 143 36 kronor
688 447 57 37 till
773 447 139 47 42,000
940 445 140 36 kronor
1107 443 70 37 och
1205 447 56 32 att
1289 441 174 49 anslaget
1491 439 86 37 med
1601 437 234 38 sistnämnda

241 503 138 49 belopp
421 504 125 47 utgått
573 500 56 37 till
662 500 69 36 och
760 498 86 37 med
873 496 191 38 nästlidna
1093 498 51 44 år,
1174 494 127 37 vidare
1331 492 133 48 anfört,
1494 496 55 32 att
1576 490 217 49 Riksdagen
1822 489 13 37 i

243 553 197 38 skrifvelse
481 553 72 36 den
599 554 43 34 11
680 551 73 49 maj
788 550 95 36 1896
914 547 197 50 angående
1139 546 244 49 regleringen
1412 545 42 36 af
1477 543 212 49 utgifterna
1715 541 120 37 under

241 607 224 36 riksstatens
508 605 110 49 sjette
660 601 230 39 hufvudtitel
932 599 154 47 anmält,
1130 603 54 32 att
1225 597 217 48 Riksdagen
1470 596 165 36 bestämt
1662 593 174 50 anslaget

242 659 56 36 till
325 657 335 49 fiskerinäringens
687 653 208 39 understöd
921 652 58 38 till
1007 652 139 47 35,000
1174 650 150 37 kronor.
1371 649 84 36 Den
1474 646 159 39 sålunda
1652 645 183 50 vidtagna

242 710 296 49 nedsättningen
567 710 42 36 af
634 708 176 47 anslaget
836 705 97 37 hade
962 704 41 37 af
1028 702 286 38 statsutskottet
1332 701 63 36 vid
1414 699 166 38 nämnda
1601 701 59 34 års
1679 697 157 49 riksdag

243 761 237 50 föreslagits;
511 761 69 37 och
608 759 97 38 hade
732 758 186 37 utskottet
933 756 57 37 till
1005 755 84 37 stöd
1105 755 127 36 derför
1247 753 192 49 åberopat,
1456 752 180 36 hurusom
1651 749 186 38 utskottet

242 814 194 48 inhemtat,
479 817 53 33 att
574 814 42 35 af
654 812 102 36 detta
798 809 145 49 anslag,
974 808 97 36 efter
1099 807 63 36 det
1189 806 210 36 detsamma
1428 807 40 33 år
1499 805 96 35 1889
1624 801 135 49 blifvit,
1787 804 49 47 på

244 871 75 32 sätt
346 879 92 37 nyss
467 869 165 44 nämnts,
660 863 120 49 höjdt,
808 864 126 47 utgått
962 859 161 38 allenast
1151 857 167 50 följande
1345 856 151 50 belopp,
1525 854 209 50 nemligen:

641 971 40 33 år
712 968 97 35 1890
841 993 308 9 sossmsmmmessrsn
1181 962 150 47 27,939:
1363 962 47 34 70

653 1032 18 23 »
707 1019 96 36 1891
842 1045 306 9 snnsssnnsven
1180 1013 150 48 217029:
1361 1014 47 34 28

653 1084 19 24 »
708 1071 96 36 1892
842 1098 308 7 moonen
1182 1066 149 47 23,224:
1362 1065 47 36 05

654 1136 19 24 »:
704 1124 97 35 18
839 1150 307 8 oorelnestrssissnsssanr
1178 1118 149 47 24.653:
1360 1118 45 34 75
1436 1115 69 37 och

655 1188 18 23 »
710 1176 97 35 1894
839 1203 166 7 sunnnnnnn
1026 1202 86 6 sn
1132 1202 15 5 vm
1180 1170 148 47 24,424:
1362 1170 58 45 10,

246 1287 99 32 samt
373 1286 56 31 att
455 1279 187 38 utskottet
668 1278 62 37 vid
760 1277 136 37 sådant
924 1274 234 39 förhållande
1188 1272 124 38 funnit
1341 1270 173 49 anslaget
1537 1282 90 23 vara
1647 1267 191 38 bestämdt

245 1333 55 37 till
329 1334 118 47 högre
475 1331 151 49 belopp,
657 1336 48 31 än
732 1330 181 37 behofvet
941 1332 131 45 syntes
1100 1326 145 36 kräfva.

374 1384 186 37 Behofvet
587 1383 110 37 deraf
722 1387 54 32 att
803 1381 74 36 den
905 1381 59 36 för
987 1378 129 37 landet
1136 1380 40 34 så
1199 1375 143 50 vigtiga
1362 1372 316 49 fiskerinäringen
1697 1385 141 36 genom

246 1437 134 48 anslag
421 1437 42 36 af
492 1434 220 38 statsmedel
740 1431 273 39 understöddes
1043 1430 71 37 och
1141 1427 255 49 befrämjades
1424 1425 96 37 hade
1548 1446 51 5 —
1626 1428 120 45 yttrar
1774 1423 64 37 de-

247 1488 371 51 partementschefen
658 1486 168 37 härefter
853 1507 50 4 —
929 1483 56 36 till
1026 1482 92 37 fullo
1161 1480 153 38 erkänts
1356 1479 41 37 af
1426 1477 106 37 såväl
1558 1475 140 50 Kongl.
1729 1475 110 50 Maj:t

247 1555 80 23 som
370 1539 229 49 Riksdagen.
655 1536 344 49 Nödvändigheten
1033 1535 42 36 af
1104 1538 54 32 att
1185 1533 45 36 de
1259 1532 59 36 för
1344 1527 289 52 ifrågavarande
1663 1527 175 37 ändamål

246 1593 56 37 till
330 1592 140 49 Kongl.
500 1592 126 48 Maj:ts
654 1589 227 49 förfogande
912 1587 119 37 stälda
1059 1585 124 38 medel
1210 1584 81 37 icke
1312 1596 89 24 vore
1421 1582 59 36 för
1498 1581 148 48 knappt
1663 1579 175 37 tillmätta

248 1645 95 37 hade
370 1643 82 38 icke
480 1643 120 37 heller
627 1641 207 47 förnekats,
860 1640 70 37 och
957 1639 46 36 de
1033 1638 93 47 skäl,
1156 1636 126 37 hvilka
1312 1633 189 38 föranledt
1529 1632 193 49 anslagets
1746 1631 92 37 ned-

249 1696 183 48 sättande,
467 1699 131 45 syntes
630 1694 114 36 hafva
778 1692 97 36 varit
906 1689 238 39 uteslutande
1178 1688 45 37 de
1253 1688 41 36 af
1319 1685 282 38 statsutskottet
1629 1682 209 50 åberopade

248 1747 285 38 förhållandena
575 1744 121 38 under
737 1747 89 34 åren
871 1743 262 37 1890—1894.
1189 1739 130 37 Under
1347 1737 141 37 sådana
1518 1734 323 49 omständigheter

249 1800 70 36 och
347 1799 47 37 då
421 1798 63 37 det
511 1796 211 39 emellertid
750 1809 156 23 numera
935 1793 98 37 visat
1062 1792 71 49 sig,
1163 1796 55 33 att
1246 1796 54 32 ett
1329 1789 135 48 anslag
1483 1788 42 37 af
1542 1788 138 46 35,000
1700 1786 141 37 kronor

248 1865 89 24 vore
379 1852 59 36 för
478 1848 215 39 ändamålet
735 1847 255 49 otillräckligt,
1033 1847 142 46 ansåge
1209 1843 59 48 sig
1300 1839 419 52 departementschefen
1747 1843 92 32 utan

248 1904 139 37 tvekan
415 1901 237 39 böra-redan
679 1914 51 23 nu
758 1899 120 37 väcka
907 1899 107 48 fråga
1043 1911 60 23 om
1133 1900 56 33 att
1217 1895 174 48 anslaget
1420 1896 98 46 ånyo
1546 1891 120 49 höjes.

377 1955 54 36 Af
460 1954 175 49 anslaget
666 1952 56 36 till
756 1950 333 48 fiskerinäringens
1122 1946 207 38 understöd
1357 1943 269 51 disponerades
1654 1941 119 38 under
1801 1944 40 35 år

252 2008 97 36 1896
391 2007 58 36 för
490 2005 213 48 aflöningar
743 2004 69 36 och
840 2000 344 48 reseersättningar
1212 2002 38 33 åt
1277 1996 402 39 fiskeriassistenterna
1708 1994 131 36 äfven-

250 2072 80 23 som
371 2058 57 36 till
471 2057 116 36 andra
627 2055 160 48 utgifter
828 2055 41 35 af
908 2051 293 49 stadigvarande
1243 2054 57 32 art
1333 2050 112 45 8,400
1474 2047 141 36 kronor
1639 2046 118 48 jemte
1786 2050 55 32 ett

251 2108 375 49 ersättningsbelopp
656 2108 41 35 at
723 2105 176 47 omkring
929 2106 71 34 100
1029 2103 153 46 kronor,
1212 2101 90 36 eller
1323 2099 146 37 således
1489 2097 158 49 tillhopa
1667 2096 175 47 omkring

251 2163 112 44 8,500
406 2160 148 35 kronor.
610 2159 95 36 Utaf
744 2155 236 38 återstående
1023 2155 139 46 33,500
1204 2153 139 36 kronor
1385 2150 95 37 hade
1508 2149 82 37 icke
1621 2147 143 37 mindre
1794 2152 44 31 än

254 2214 136 46 15,350
432 2212 139 35 kronor
612 2213 122 45 åtgått
776 2211 123 33 såsom
933 2206 132 48 bidrag
1092 2205 54 36 till
1178 2200 431 51 hushållningssällskap
1640 2214 46 22 m.
1717 2199 35 36 fl.
1783 2200 60 35 för

252 2264 177 49 åtgärder
455 2262 55 37 till
539 2259 261 52 befrämjande
830 2260 42 36 af
887 2258 112 37 fisket
1018 2257 103 37 inom
1143 2255 120 37 skilda
1278 2254 103 37 delar
1397 2254 41 36 af
1449 2252 130 38 landet
1594 2252 69 37 och
1678 2249 163 38 hufvud-
