<?xml version="1.0" encoding="UTF-8"?>
<alto xmlns="http://www.loc.gov/standards/alto/ns-v3#" xmlns:xlink="http://www.w3.org/1999/xlink" xmlns:xsi="http://www.w3.org/2001/XMLSchema-instance" xsi:schemaLocation="http://www.loc.gov/standards/alto/ns-v3# http://www.loc.gov/alto/v3/alto-3-0.xsd">
	<Description>
		<MeasurementUnit>pixel</MeasurementUnit>
		<sourceImageInformation>
			<fileName>/tmp/tess_z5g8dy6o_input.PNG</fileName>
		</sourceImageInformation>
		<OCRProcessing ID="OCR_0">
			<ocrProcessingStep>
				<processingSoftware>
					<softwareName>tesseract 5.3.0</softwareName>
				</processingSoftware>
			</ocrProcessingStep>
		</OCRProcessing>
	</Description>
	<Layout>
		<Page WIDTH="2208" HEIGHT="2632" PHYSICAL_IMG_NR="0" ID="page_0">
			<PrintSpace HPOS="0" VPOS="0" WIDTH="2208" HEIGHT="2632">
				<ComposedBlock ID="cblock_0" HPOS="717" VPOS="201" WIDTH="1055" HEIGHT="42">
					<TextBlock ID="block_0" HPOS="717" VPOS="201" WIDTH="1055" HEIGHT="42">
						<TextLine ID="line_0" HPOS="717" VPOS="201" WIDTH="1055" HEIGHT="42">
							<String ID="string_0" HPOS="717" VPOS="207" WIDTH="247" HEIGHT="36" WC="0.90" CONTENT="Statsutskottets"/><SP WIDTH="30" VPOS="207" HPOS="964"/>
							<String ID="string_1" HPOS="994" VPOS="205" WIDTH="173" HEIGHT="35" WC="0.96" CONTENT="Utlåtande"/><SP WIDTH="22" VPOS="205" HPOS="1167"/>
							<String ID="string_2" HPOS="1189" VPOS="205" WIDTH="64" HEIGHT="32" WC="0.46" CONTENT="N:o"/><SP WIDTH="22" VPOS="205" HPOS="1253"/>
							<String ID="string_3" HPOS="1275" VPOS="206" WIDTH="30" HEIGHT="32" WC="0.87" CONTENT="7."/><SP WIDTH="428" VPOS="206" HPOS="1305"/>
							<String ID="string_4" HPOS="1733" VPOS="201" WIDTH="39" HEIGHT="32" WC="0.95" CONTENT="51"/>
						</TextLine>
					</TextBlock>
				</ComposedBlock>
				<ComposedBlock ID="cblock_1" HPOS="223" VPOS="282" WIDTH="1598" HEIGHT="473">
					<TextBlock ID="block_1" HPOS="223" VPOS="282" WIDTH="1598" HEIGHT="473">
						<TextLine ID="line_1" HPOS="352" VPOS="282" WIDTH="1467" HEIGHT="55">
							<String ID="string_5" HPOS="352" VPOS="290" WIDTH="53" HEIGHT="37" WC="0.96" CONTENT="Af"/><SP WIDTH="23" VPOS="290" HPOS="405"/>
							<String ID="string_6" HPOS="428" VPOS="290" WIDTH="68" HEIGHT="37" WC="0.96" CONTENT="den"/><SP WIDTH="28" VPOS="290" HPOS="496"/>
							<String ID="string_7" HPOS="524" VPOS="290" WIDTH="11" HEIGHT="36" WC="0.92" CONTENT="i"/><SP WIDTH="28" VPOS="290" HPOS="535"/>
							<String ID="string_8" HPOS="563" VPOS="288" WIDTH="380" HEIGHT="49" WC="0.92" CONTENT="statsrådsprotokollet"/><SP WIDTH="27" VPOS="288" HPOS="943"/>
							<String ID="string_9" HPOS="970" VPOS="287" WIDTH="202" HEIGHT="36" WC="0.96" CONTENT="meddelade"/><SP WIDTH="30" VPOS="287" HPOS="1172"/>
							<String ID="string_10" HPOS="1202" VPOS="285" WIDTH="244" HEIGHT="48" WC="0.96" CONTENT="redogörelsen"/><SP WIDTH="20" VPOS="285" HPOS="1446"/>
							<String ID="string_11" HPOS="1466" VPOS="284" WIDTH="12" HEIGHT="35" WC="0.96" CONTENT="i"/><SP WIDTH="23" VPOS="284" HPOS="1478"/>
							<String ID="string_12" HPOS="1501" VPOS="286" WIDTH="118" HEIGHT="33" WC="0.96" CONTENT="ämnet"/><SP WIDTH="19" VPOS="286" HPOS="1619"/>
							<String ID="string_13" HPOS="1638" VPOS="282" WIDTH="181" HEIGHT="37" WC="0.96" CONTENT="äfvensom"/>
						</TextLine>
						<TextLine ID="line_2" HPOS="224" VPOS="336" WIDTH="1595" HEIGHT="47">
							<String ID="string_14" HPOS="224" VPOS="344" WIDTH="38" HEIGHT="36" WC="0.96" CONTENT="af"/><SP WIDTH="38" VPOS="344" HPOS="262"/>
							<String ID="string_15" HPOS="300" VPOS="343" WIDTH="92" HEIGHT="36" WC="0.96" CONTENT="hvad"/><SP WIDTH="41" VPOS="343" HPOS="392"/>
							<String ID="string_16" HPOS="433" VPOS="343" WIDTH="12" HEIGHT="35" WC="0.96" CONTENT="i"/><SP WIDTH="42" VPOS="343" HPOS="445"/>
							<String ID="string_17" HPOS="487" VPOS="342" WIDTH="229" HEIGHT="36" WC="0.95" CONTENT="förevarande"/><SP WIDTH="43" VPOS="342" HPOS="716"/>
							<String ID="string_18" HPOS="759" VPOS="341" WIDTH="130" HEIGHT="36" WC="0.96" CONTENT="motion"/><SP WIDTH="39" VPOS="341" HPOS="889"/>
							<String ID="string_19" HPOS="928" VPOS="338" WIDTH="132" HEIGHT="38" WC="0.96" CONTENT="anförts"/><SP WIDTH="41" VPOS="338" HPOS="1060"/>
							<String ID="string_20" HPOS="1101" VPOS="351" WIDTH="103" HEIGHT="23" WC="0.95" CONTENT="anser"/><SP WIDTH="41" VPOS="351" HPOS="1204"/>
							<String ID="string_21" HPOS="1245" VPOS="338" WIDTH="170" HEIGHT="35" WC="0.96" CONTENT="utskottet"/><SP WIDTH="31" VPOS="338" HPOS="1415"/>
							<String ID="string_22" HPOS="1446" VPOS="336" WIDTH="148" HEIGHT="47" WC="0.95" CONTENT="framgå,"/><SP WIDTH="37" VPOS="336" HPOS="1594"/>
							<String ID="string_23" HPOS="1631" VPOS="339" WIDTH="51" HEIGHT="32" WC="0.93" CONTENT="att"/><SP WIDTH="27" VPOS="339" HPOS="1682"/>
							<String ID="string_24" HPOS="1709" VPOS="346" WIDTH="110" HEIGHT="24" WC="0.89" CONTENT="moss-"/>
						</TextLine>
						<TextLine ID="line_3" HPOS="224" VPOS="386" WIDTH="1596" HEIGHT="55">
							<String ID="string_25" HPOS="224" VPOS="395" WIDTH="329" HEIGHT="46" WC="0.96" CONTENT="kulturföreningen"/><SP WIDTH="40" VPOS="395" HPOS="553"/>
							<String ID="string_26" HPOS="593" VPOS="394" WIDTH="54" HEIGHT="36" WC="0.96" CONTENT="för"/><SP WIDTH="40" VPOS="394" HPOS="647"/>
							<String ID="string_27" HPOS="687" VPOS="397" WIDTH="52" HEIGHT="32" WC="0.96" CONTENT="att"/><SP WIDTH="39" VPOS="397" HPOS="739"/>
							<String ID="string_28" HPOS="778" VPOS="393" WIDTH="121" HEIGHT="36" WC="0.96" CONTENT="kunna"/><SP WIDTH="40" VPOS="393" HPOS="899"/>
							<String ID="string_29" HPOS="939" VPOS="392" WIDTH="45" HEIGHT="48" WC="0.96" CONTENT="på"/><SP WIDTH="40" VPOS="392" HPOS="984"/>
							<String ID="string_30" HPOS="1024" VPOS="395" WIDTH="50" HEIGHT="32" WC="0.91" CONTENT="ett"/><SP WIDTH="35" VPOS="395" HPOS="1074"/>
							<String ID="string_31" HPOS="1109" VPOS="389" WIDTH="322" HEIGHT="38" WC="0.91" CONTENT="tillfredsställande"/><SP WIDTH="41" VPOS="389" HPOS="1431"/>
							<String ID="string_32" HPOS="1472" VPOS="392" WIDTH="68" HEIGHT="32" WC="0.96" CONTENT="sätt"/><SP WIDTH="32" VPOS="392" HPOS="1540"/>
							<String ID="string_33" HPOS="1572" VPOS="387" WIDTH="86" HEIGHT="49" WC="0.96" CONTENT="fylla"/><SP WIDTH="28" VPOS="387" HPOS="1658"/>
							<String ID="string_34" HPOS="1686" VPOS="386" WIDTH="53" HEIGHT="36" WC="0.96" CONTENT="sin"/><SP WIDTH="27" VPOS="386" HPOS="1739"/>
							<String ID="string_35" HPOS="1766" VPOS="386" WIDTH="54" HEIGHT="36" WC="0.96" CONTENT="för"/>
						</TextLine>
						<TextLine ID="line_4" HPOS="223" VPOS="438" WIDTH="1598" HEIGHT="55">
							<String ID="string_36" HPOS="223" VPOS="448" WIDTH="77" HEIGHT="35" WC="0.96" CONTENT="vårt"/><SP WIDTH="39" VPOS="448" HPOS="300"/>
							<String ID="string_37" HPOS="339" VPOS="447" WIDTH="102" HEIGHT="36" WC="0.95" CONTENT="lands"/><SP WIDTH="40" VPOS="447" HPOS="441"/>
							<String ID="string_38" HPOS="481" VPOS="446" WIDTH="120" HEIGHT="47" WC="0.93" CONTENT="odling"/><SP WIDTH="41" VPOS="446" HPOS="601"/>
							<String ID="string_39" HPOS="642" VPOS="444" WIDTH="264" HEIGHT="49" WC="0.89" CONTENT="betydelsetulla"/><SP WIDTH="41" VPOS="444" HPOS="906"/>
							<String ID="string_40" HPOS="947" VPOS="443" WIDTH="139" HEIGHT="49" WC="0.96" CONTENT="uppgift"/><SP WIDTH="41" VPOS="443" HPOS="1086"/>
							<String ID="string_41" HPOS="1127" VPOS="442" WIDTH="215" HEIGHT="36" WC="0.95" CONTENT="fortfarande"/><SP WIDTH="40" VPOS="442" HPOS="1342"/>
							<String ID="string_42" HPOS="1382" VPOS="444" WIDTH="40" HEIGHT="32" WC="0.96" CONTENT="är"/><SP WIDTH="39" VPOS="444" HPOS="1422"/>
							<String ID="string_43" HPOS="1461" VPOS="441" WIDTH="12" HEIGHT="35" WC="0.93" CONTENT="i"/><SP WIDTH="40" VPOS="441" HPOS="1473"/>
							<String ID="string_44" HPOS="1513" VPOS="439" WIDTH="109" HEIGHT="36" WC="0.91" CONTENT="behof"/><SP WIDTH="37" VPOS="439" HPOS="1622"/>
							<String ID="string_45" HPOS="1659" VPOS="439" WIDTH="38" HEIGHT="35" WC="0.92" CONTENT="af"/><SP WIDTH="30" VPOS="439" HPOS="1697"/>
							<String ID="string_46" HPOS="1727" VPOS="438" WIDTH="94" HEIGHT="37" WC="0.91" CONTENT="oför-"/>
						</TextLine>
						<TextLine ID="line_5" HPOS="224" VPOS="490" WIDTH="1596" HEIGHT="52">
							<String ID="string_47" HPOS="224" VPOS="499" WIDTH="177" HEIGHT="36" WC="0.92" CONTENT="minskadt"/><SP WIDTH="41" VPOS="499" HPOS="401"/>
							<String ID="string_48" HPOS="442" VPOS="497" WIDTH="289" HEIGHT="37" WC="0.95" CONTENT="statsunderstöd."/><SP WIDTH="54" VPOS="497" HPOS="731"/>
							<String ID="string_49" HPOS="785" VPOS="496" WIDTH="20" HEIGHT="36" WC="0.95" CONTENT="I"/><SP WIDTH="39" VPOS="496" HPOS="805"/>
							<String ID="string_50" HPOS="844" VPOS="496" WIDTH="192" HEIGHT="46" WC="0.95" CONTENT="anledning"/><SP WIDTH="31" VPOS="496" HPOS="1036"/>
							<String ID="string_51" HPOS="1067" VPOS="494" WIDTH="102" HEIGHT="37" WC="0.96" CONTENT="häraf"/><SP WIDTH="27" VPOS="494" HPOS="1169"/>
							<String ID="string_52" HPOS="1196" VPOS="493" WIDTH="65" HEIGHT="37" WC="0.96" CONTENT="och"/><SP WIDTH="28" VPOS="493" HPOS="1261"/>
							<String ID="string_53" HPOS="1289" VPOS="493" WIDTH="45" HEIGHT="36" WC="0.96" CONTENT="då"/><SP WIDTH="28" VPOS="493" HPOS="1334"/>
							<String ID="string_54" HPOS="1362" VPOS="493" WIDTH="66" HEIGHT="35" WC="0.96" CONTENT="den"/><SP WIDTH="27" VPOS="493" HPOS="1428"/>
							<String ID="string_55" HPOS="1455" VPOS="493" WIDTH="11" HEIGHT="35" WC="0.96" CONTENT="i"/><SP WIDTH="28" VPOS="493" HPOS="1466"/>
							<String ID="string_56" HPOS="1494" VPOS="491" WIDTH="175" HEIGHT="36" WC="0.96" CONTENT="motionen"/><SP WIDTH="28" VPOS="491" HPOS="1669"/>
							<String ID="string_57" HPOS="1697" VPOS="490" WIDTH="123" HEIGHT="47" WC="0.96" CONTENT="gjorda"/>
						</TextLine>
						<TextLine ID="line_6" HPOS="223" VPOS="543" WIDTH="1596" HEIGHT="54">
							<String ID="string_58" HPOS="223" VPOS="551" WIDTH="259" HEIGHT="46" WC="0.96" CONTENT="framställning"/><SP WIDTH="24" VPOS="551" HPOS="482"/>
							<String ID="string_59" HPOS="506" VPOS="563" WIDTH="55" HEIGHT="23" WC="0.96" CONTENT="om"/><SP WIDTH="23" VPOS="563" HPOS="561"/>
							<String ID="string_60" HPOS="584" VPOS="549" WIDTH="203" HEIGHT="47" WC="0.96" CONTENT="förhöjning"/><SP WIDTH="27" VPOS="549" HPOS="787"/>
							<String ID="string_61" HPOS="814" VPOS="548" WIDTH="11" HEIGHT="36" WC="0.96" CONTENT="i"/><SP WIDTH="28" VPOS="548" HPOS="825"/>
							<String ID="string_62" HPOS="853" VPOS="548" WIDTH="59" HEIGHT="36" WC="0.96" CONTENT="det"/><SP WIDTH="18" VPOS="548" HPOS="912"/>
							<String ID="string_63" HPOS="930" VPOS="560" WIDTH="48" HEIGHT="23" WC="0.95" CONTENT="nu"/><SP WIDTH="19" VPOS="560" HPOS="978"/>
							<String ID="string_64" HPOS="997" VPOS="546" WIDTH="52" HEIGHT="36" WC="0.96" CONTENT="till"/><SP WIDTH="20" VPOS="546" HPOS="1049"/>
							<String ID="string_65" HPOS="1069" VPOS="546" WIDTH="205" HEIGHT="46" WC="0.96" CONTENT="föreningen"/><SP WIDTH="19" VPOS="546" HPOS="1274"/>
							<String ID="string_66" HPOS="1293" VPOS="544" WIDTH="175" HEIGHT="48" WC="0.96" CONTENT="utgående"/><SP WIDTH="19" VPOS="544" HPOS="1468"/>
							<String ID="string_67" HPOS="1487" VPOS="543" WIDTH="172" HEIGHT="47" WC="0.91" CONTENT="anslaget,"/><SP WIDTH="25" VPOS="543" HPOS="1659"/>
							<String ID="string_68" HPOS="1684" VPOS="544" WIDTH="135" HEIGHT="46" WC="0.91" CONTENT="13,500"/>
						</TextLine>
						<TextLine ID="line_7" HPOS="224" VPOS="594" WIDTH="1596" HEIGHT="57">
							<String ID="string_69" HPOS="224" VPOS="603" WIDTH="142" HEIGHT="47" WC="0.96" CONTENT="kronor,"/><SP WIDTH="42" VPOS="603" HPOS="366"/>
							<String ID="string_70" HPOS="408" VPOS="614" WIDTH="103" HEIGHT="37" WC="0.95" CONTENT="synes"/><SP WIDTH="40" VPOS="614" HPOS="511"/>
							<String ID="string_71" HPOS="551" VPOS="602" WIDTH="169" HEIGHT="36" WC="0.95" CONTENT="utskottet"/><SP WIDTH="40" VPOS="602" HPOS="720"/>
							<String ID="string_72" HPOS="760" VPOS="600" WIDTH="45" HEIGHT="49" WC="0.96" CONTENT="på"/><SP WIDTH="27" VPOS="600" HPOS="805"/>
							<String ID="string_73" HPOS="832" VPOS="599" WIDTH="113" HEIGHT="48" WC="0.96" CONTENT="grund"/><SP WIDTH="28" VPOS="599" HPOS="945"/>
							<String ID="string_74" HPOS="973" VPOS="599" WIDTH="37" HEIGHT="36" WC="0.96" CONTENT="af"/><SP WIDTH="28" VPOS="599" HPOS="1010"/>
							<String ID="string_75" HPOS="1038" VPOS="599" WIDTH="95" HEIGHT="36" WC="0.96" CONTENT="1896"/><SP WIDTH="35" VPOS="599" HPOS="1133"/>
							<String ID="string_76" HPOS="1168" VPOS="597" WIDTH="56" HEIGHT="36" WC="0.93" CONTENT="års"/><SP WIDTH="28" VPOS="597" HPOS="1224"/>
							<String ID="string_77" HPOS="1252" VPOS="597" WIDTH="178" HEIGHT="47" WC="0.91" CONTENT="Riksdags"/><SP WIDTH="28" VPOS="597" HPOS="1430"/>
							<String ID="string_78" HPOS="1458" VPOS="595" WIDTH="106" HEIGHT="37" WC="0.93" CONTENT="ofvan"/><SP WIDTH="27" VPOS="595" HPOS="1564"/>
							<String ID="string_79" HPOS="1591" VPOS="594" WIDTH="229" HEIGHT="37" WC="0.91" CONTENT="omförmälda"/>
						</TextLine>
						<TextLine ID="line_8" HPOS="223" VPOS="646" WIDTH="1598" HEIGHT="54">
							<String ID="string_80" HPOS="223" VPOS="655" WIDTH="181" HEIGHT="36" WC="0.96" CONTENT="uttalande"/><SP WIDTH="28" VPOS="655" HPOS="404"/>
							<String ID="string_81" HPOS="432" VPOS="666" WIDTH="56" HEIGHT="24" WC="0.92" CONTENT="om"/><SP WIDTH="28" VPOS="666" HPOS="488"/>
							<String ID="string_82" HPOS="516" VPOS="653" WIDTH="264" HEIGHT="47" WC="0.91" CONTENT="statsbidragets"/><SP WIDTH="28" VPOS="653" HPOS="780"/>
							<String ID="string_83" HPOS="808" VPOS="651" WIDTH="239" HEIGHT="48" WC="0.96" CONTENT="begränsning"/><SP WIDTH="32" VPOS="651" HPOS="1047"/>
							<String ID="string_84" HPOS="1079" VPOS="650" WIDTH="53" HEIGHT="36" WC="0.95" CONTENT="till"/><SP WIDTH="29" VPOS="650" HPOS="1132"/>
							<String ID="string_85" HPOS="1161" VPOS="650" WIDTH="153" HEIGHT="36" WC="0.96" CONTENT="nämnda"/><SP WIDTH="27" VPOS="650" HPOS="1314"/>
							<String ID="string_86" HPOS="1341" VPOS="648" WIDTH="127" HEIGHT="49" WC="0.96" CONTENT="belopp"/><SP WIDTH="27" VPOS="648" HPOS="1468"/>
							<String ID="string_87" HPOS="1495" VPOS="647" WIDTH="78" HEIGHT="37" WC="0.77" CONTENT="icke"/><SP WIDTH="28" VPOS="647" HPOS="1573"/>
							<String ID="string_88" HPOS="1601" VPOS="648" WIDTH="85" HEIGHT="35" WC="0.96" CONTENT="böra"/><SP WIDTH="27" VPOS="648" HPOS="1686"/>
							<String ID="string_89" HPOS="1713" VPOS="646" WIDTH="108" HEIGHT="36" WC="0.96" CONTENT="vinna"/>
						</TextLine>
						<TextLine ID="line_9" HPOS="223" VPOS="703" WIDTH="674" HEIGHT="52">
							<String ID="string_90" HPOS="223" VPOS="707" WIDTH="174" HEIGHT="48" WC="0.96" CONTENT="afseende,"/><SP WIDTH="29" VPOS="707" HPOS="397"/>
							<String ID="string_91" HPOS="426" VPOS="706" WIDTH="53" HEIGHT="37" WC="0.96" CONTENT="får"/><SP WIDTH="26" VPOS="706" HPOS="479"/>
							<String ID="string_92" HPOS="505" VPOS="706" WIDTH="171" HEIGHT="36" WC="0.93" CONTENT="utskottet"/><SP WIDTH="26" VPOS="706" HPOS="676"/>
							<String ID="string_93" HPOS="702" VPOS="703" WIDTH="195" HEIGHT="49" WC="0.92" CONTENT="hemställa,"/>
						</TextLine>
					</TextBlock>
				</ComposedBlock>
				<ComposedBlock ID="cblock_2" HPOS="620" VPOS="802" WIDTH="1201" HEIGHT="313">
					<TextBlock ID="block_2" HPOS="620" VPOS="802" WIDTH="1201" HEIGHT="313">
						<TextLine ID="line_10" HPOS="749" VPOS="802" WIDTH="1072" HEIGHT="52">
							<String ID="string_94" HPOS="749" VPOS="811" WIDTH="51" HEIGHT="33" WC="0.96" CONTENT="att"/><SP WIDTH="27" VPOS="811" HPOS="800"/>
							<String ID="string_95" HPOS="827" VPOS="806" WIDTH="216" HEIGHT="48" WC="0.96" CONTENT="Riksdagen,"/><SP WIDTH="34" VPOS="806" HPOS="1043"/>
							<String ID="string_96" HPOS="1077" VPOS="806" WIDTH="82" HEIGHT="35" WC="0.96" CONTENT="med"/><SP WIDTH="32" VPOS="806" HPOS="1159"/>
							<String ID="string_97" HPOS="1191" VPOS="804" WIDTH="99" HEIGHT="37" WC="0.95" CONTENT="bifall"/><SP WIDTH="27" VPOS="804" HPOS="1290"/>
							<String ID="string_98" HPOS="1317" VPOS="803" WIDTH="55" HEIGHT="37" WC="0.96" CONTENT="till"/><SP WIDTH="30" VPOS="803" HPOS="1372"/>
							<String ID="string_99" HPOS="1402" VPOS="802" WIDTH="132" HEIGHT="48" WC="0.96" CONTENT="Kongl."/><SP WIDTH="31" VPOS="802" HPOS="1534"/>
							<String ID="string_100" HPOS="1565" VPOS="802" WIDTH="121" HEIGHT="48" WC="0.93" CONTENT="Maj:ts"/><SP WIDTH="27" VPOS="802" HPOS="1686"/>
							<String ID="string_101" HPOS="1713" VPOS="802" WIDTH="108" HEIGHT="35" WC="0.92" CONTENT="fram-"/>
						</TextLine>
						<TextLine ID="line_11" HPOS="620" VPOS="854" WIDTH="1200" HEIGHT="54">
							<String ID="string_102" HPOS="620" VPOS="861" WIDTH="169" HEIGHT="47" WC="0.95" CONTENT="ställning"/><SP WIDTH="28" VPOS="861" HPOS="789"/>
							<String ID="string_103" HPOS="817" VPOS="859" WIDTH="66" HEIGHT="37" WC="0.96" CONTENT="och"/><SP WIDTH="28" VPOS="859" HPOS="883"/>
							<String ID="string_104" HPOS="911" VPOS="859" WIDTH="77" HEIGHT="36" WC="0.92" CONTENT="med"/><SP WIDTH="28" VPOS="859" HPOS="988"/>
							<String ID="string_105" HPOS="1016" VPOS="858" WIDTH="114" HEIGHT="47" WC="0.90" CONTENT="afslag"/><SP WIDTH="28" VPOS="858" HPOS="1130"/>
							<String ID="string_106" HPOS="1158" VPOS="857" WIDTH="21" HEIGHT="35" WC="0.91" CONTENT="å"/><SP WIDTH="27" VPOS="857" HPOS="1179"/>
							<String ID="string_107" HPOS="1206" VPOS="857" WIDTH="66" HEIGHT="35" WC="0.96" CONTENT="den"/><SP WIDTH="27" VPOS="857" HPOS="1272"/>
							<String ID="string_108" HPOS="1299" VPOS="856" WIDTH="80" HEIGHT="36" WC="0.96" CONTENT="utaf"/><SP WIDTH="29" VPOS="856" HPOS="1379"/>
							<String ID="string_109" HPOS="1408" VPOS="855" WIDTH="82" HEIGHT="36" WC="0.93" CONTENT="herr"/><SP WIDTH="26" VPOS="855" HPOS="1490"/>
							<String ID="string_110" HPOS="1516" VPOS="854" WIDTH="199" HEIGHT="37" WC="0.91" CONTENT="Benedicks"/><SP WIDTH="27" VPOS="854" HPOS="1715"/>
							<String ID="string_111" HPOS="1742" VPOS="854" WIDTH="78" HEIGHT="35" WC="0.96" CONTENT="med"/>
						</TextLine>
						<TextLine ID="line_12" HPOS="620" VPOS="906" WIDTH="1201" HEIGHT="48">
							<String ID="string_112" HPOS="620" VPOS="913" WIDTH="84" HEIGHT="36" WC="0.96" CONTENT="flere"/><SP WIDTH="35" VPOS="913" HPOS="704"/>
							<String ID="string_113" HPOS="739" VPOS="914" WIDTH="12" HEIGHT="34" WC="0.96" CONTENT="i"/><SP WIDTH="37" VPOS="914" HPOS="751"/>
							<String ID="string_114" HPOS="788" VPOS="915" WIDTH="118" HEIGHT="32" WC="0.96" CONTENT="ämnet"/><SP WIDTH="27" VPOS="915" HPOS="906"/>
							<String ID="string_115" HPOS="933" VPOS="911" WIDTH="126" HEIGHT="36" WC="0.96" CONTENT="väckta"/><SP WIDTH="30" VPOS="911" HPOS="1059"/>
							<String ID="string_116" HPOS="1089" VPOS="910" WIDTH="132" HEIGHT="35" WC="0.96" CONTENT="motion"/><SP WIDTH="29" VPOS="910" HPOS="1221"/>
							<String ID="string_117" HPOS="1250" VPOS="909" WIDTH="11" HEIGHT="34" WC="0.96" CONTENT="i"/><SP WIDTH="27" VPOS="909" HPOS="1261"/>
							<String ID="string_118" HPOS="1288" VPOS="907" WIDTH="93" HEIGHT="37" WC="0.96" CONTENT="hvad"/><SP WIDTH="29" VPOS="907" HPOS="1381"/>
							<String ID="string_119" HPOS="1410" VPOS="907" WIDTH="67" HEIGHT="36" WC="0.95" CONTENT="den"/><SP WIDTH="28" VPOS="907" HPOS="1477"/>
							<String ID="string_120" HPOS="1505" VPOS="906" WIDTH="123" HEIGHT="48" WC="0.96" CONTENT="skiljer"/><SP WIDTH="27" VPOS="906" HPOS="1628"/>
							<String ID="string_121" HPOS="1655" VPOS="906" WIDTH="55" HEIGHT="46" WC="0.96" CONTENT="sig"/><SP WIDTH="32" VPOS="906" HPOS="1710"/>
							<String ID="string_122" HPOS="1742" VPOS="906" WIDTH="79" HEIGHT="35" WC="0.96" CONTENT="från"/>
						</TextLine>
						<TextLine ID="line_13" HPOS="623" VPOS="958" WIDTH="1198" HEIGHT="53">
							<String ID="string_123" HPOS="623" VPOS="964" WIDTH="131" HEIGHT="47" WC="0.93" CONTENT="Kongl."/><SP WIDTH="42" VPOS="964" HPOS="754"/>
							<String ID="string_124" HPOS="796" VPOS="963" WIDTH="122" HEIGHT="48" WC="0.95" CONTENT="Maj:ts"/><SP WIDTH="40" VPOS="963" HPOS="918"/>
							<String ID="string_125" HPOS="958" VPOS="962" WIDTH="226" HEIGHT="49" WC="0.96" CONTENT="proposition,"/><SP WIDTH="32" VPOS="962" HPOS="1184"/>
							<String ID="string_126" HPOS="1216" VPOS="961" WIDTH="57" HEIGHT="35" WC="0.96" CONTENT="må"/><SP WIDTH="35" VPOS="961" HPOS="1273"/>
							<String ID="string_127" HPOS="1308" VPOS="959" WIDTH="55" HEIGHT="36" WC="0.96" CONTENT="till"/><SP WIDTH="27" VPOS="959" HPOS="1363"/>
							<String ID="string_128" HPOS="1390" VPOS="958" WIDTH="188" HEIGHT="45" WC="0.96" CONTENT="understöd"/><SP WIDTH="29" VPOS="958" HPOS="1578"/>
							<String ID="string_129" HPOS="1607" VPOS="959" WIDTH="37" HEIGHT="34" WC="0.96" CONTENT="åt"/><SP WIDTH="27" VPOS="959" HPOS="1644"/>
							<String ID="string_130" HPOS="1671" VPOS="958" WIDTH="150" HEIGHT="35" WC="0.96" CONTENT="svenska"/>
						</TextLine>
						<TextLine ID="line_14" HPOS="623" VPOS="1009" WIDTH="1198" HEIGHT="52">
							<String ID="string_131" HPOS="623" VPOS="1014" WIDTH="420" HEIGHT="47" WC="0.91" CONTENT="mosskulturföreningen"/><SP WIDTH="42" VPOS="1014" HPOS="1043"/>
							<String ID="string_132" HPOS="1085" VPOS="1014" WIDTH="45" HEIGHT="47" WC="0.96" CONTENT="på"/><SP WIDTH="40" VPOS="1014" HPOS="1130"/>
							<String ID="string_133" HPOS="1170" VPOS="1017" WIDTH="101" HEIGHT="32" WC="0.95" CONTENT="extra"/><SP WIDTH="40" VPOS="1017" HPOS="1271"/>
							<String ID="string_134" HPOS="1311" VPOS="1015" WIDTH="68" HEIGHT="33" WC="0.96" CONTENT="stat"/><SP WIDTH="40" VPOS="1015" HPOS="1379"/>
							<String ID="string_135" HPOS="1419" VPOS="1010" WIDTH="53" HEIGHT="37" WC="0.96" CONTENT="för"/><SP WIDTH="32" VPOS="1010" HPOS="1472"/>
							<String ID="string_136" HPOS="1504" VPOS="1010" WIDTH="39" HEIGHT="36" WC="0.96" CONTENT="år"/><SP WIDTH="30" VPOS="1010" HPOS="1543"/>
							<String ID="string_137" HPOS="1573" VPOS="1011" WIDTH="97" HEIGHT="35" WC="0.96" CONTENT="1898"/><SP WIDTH="29" VPOS="1011" HPOS="1670"/>
							<String ID="string_138" HPOS="1699" VPOS="1009" WIDTH="122" HEIGHT="47" WC="0.96" CONTENT="anvisa"/>
						</TextLine>
						<TextLine ID="line_15" HPOS="623" VPOS="1066" WIDTH="596" HEIGHT="49">
							<String ID="string_139" HPOS="623" VPOS="1072" WIDTH="49" HEIGHT="32" WC="0.96" CONTENT="ett"/><SP WIDTH="28" VPOS="1072" HPOS="672"/>
							<String ID="string_140" HPOS="700" VPOS="1068" WIDTH="123" HEIGHT="47" WC="0.96" CONTENT="anslag"/><SP WIDTH="27" VPOS="1068" HPOS="823"/>
							<String ID="string_141" HPOS="850" VPOS="1067" WIDTH="38" HEIGHT="36" WC="0.93" CONTENT="af"/><SP WIDTH="26" VPOS="1067" HPOS="888"/>
							<String ID="string_142" HPOS="914" VPOS="1067" WIDTH="136" HEIGHT="47" WC="0.91" CONTENT="13,500"/><SP WIDTH="29" VPOS="1067" HPOS="1050"/>
							<String ID="string_143" HPOS="1079" VPOS="1066" WIDTH="140" HEIGHT="35" WC="0.96" CONTENT="kronor."/>
						</TextLine>
					</TextBlock>
				</ComposedBlock>
				<ComposedBlock ID="cblock_3" HPOS="225" VPOS="1165" WIDTH="1600" HEIGHT="471">
					<TextBlock ID="block_3" HPOS="225" VPOS="1165" WIDTH="1597" HEIGHT="211">
						<TextLine ID="line_16" HPOS="351" VPOS="1165" WIDTH="1470" HEIGHT="54">
							<String ID="string_144" HPOS="351" VPOS="1175" WIDTH="95" HEIGHT="43" WC="0.90" CONTENT="30:0)"/><SP WIDTH="43" VPOS="1175" HPOS="446"/>
							<String ID="string_145" HPOS="489" VPOS="1172" WIDTH="131" HEIGHT="47" WC="0.95" CONTENT="Kongl."/><SP WIDTH="28" VPOS="1172" HPOS="620"/>
							<String ID="string_146" HPOS="648" VPOS="1172" WIDTH="105" HEIGHT="47" WC="0.95" CONTENT="Maj:t"/><SP WIDTH="27" VPOS="1172" HPOS="753"/>
							<String ID="string_147" HPOS="780" VPOS="1172" WIDTH="65" HEIGHT="35" WC="0.96" CONTENT="har"/><SP WIDTH="27" VPOS="1172" HPOS="845"/>
							<String ID="string_148" HPOS="872" VPOS="1170" WIDTH="181" HEIGHT="47" WC="0.96" CONTENT="föreslagit"/><SP WIDTH="26" VPOS="1170" HPOS="1053"/>
							<String ID="string_149" HPOS="1079" VPOS="1169" WIDTH="203" HEIGHT="46" WC="0.96" CONTENT="Riksdagen"/><SP WIDTH="28" VPOS="1169" HPOS="1282"/>
							<String ID="string_150" HPOS="1310" VPOS="1171" WIDTH="62" HEIGHT="45" WC="0.93" CONTENT="att,"/><SP WIDTH="21" VPOS="1171" HPOS="1372"/>
							<String ID="string_151" HPOS="1393" VPOS="1167" WIDTH="51" HEIGHT="36" WC="0.93" CONTENT="för"/><SP WIDTH="19" VPOS="1167" HPOS="1444"/>
							<String ID="string_152" HPOS="1463" VPOS="1166" WIDTH="228" HEIGHT="37" WC="0.96" CONTENT="fortsättande"/><SP WIDTH="21" VPOS="1166" HPOS="1691"/>
							<String ID="string_153" HPOS="1712" VPOS="1165" WIDTH="109" HEIGHT="36" WC="0.96" CONTENT="under"/>
						</TextLine>
						<TextLine ID="line_17" HPOS="225" VPOS="1217" WIDTH="1597" HEIGHT="56">
							<String ID="string_154" HPOS="225" VPOS="1228" WIDTH="39" HEIGHT="34" WC="0.95" CONTENT="år"/><SP WIDTH="32" VPOS="1228" HPOS="264"/>
							<String ID="string_155" HPOS="296" VPOS="1228" WIDTH="95" HEIGHT="34" WC="0.95" CONTENT="1898"/><SP WIDTH="30" VPOS="1228" HPOS="391"/>
							<String ID="string_156" HPOS="421" VPOS="1225" WIDTH="38" HEIGHT="35" WC="0.95" CONTENT="af"/><SP WIDTH="24" VPOS="1225" HPOS="459"/>
							<String ID="string_157" HPOS="483" VPOS="1226" WIDTH="41" HEIGHT="34" WC="0.95" CONTENT="de"/><SP WIDTH="23" VPOS="1226" HPOS="524"/>
							<String ID="string_158" HPOS="547" VPOS="1224" WIDTH="206" HEIGHT="49" WC="0.93" CONTENT="geologiska"/><SP WIDTH="28" VPOS="1224" HPOS="753"/>
							<String ID="string_159" HPOS="781" VPOS="1223" WIDTH="358" HEIGHT="47" WC="0.90" CONTENT="undersökningarne"/><SP WIDTH="29" VPOS="1223" HPOS="1139"/>
							<String ID="string_160" HPOS="1168" VPOS="1221" WIDTH="65" HEIGHT="35" WC="0.93" CONTENT="och"/><SP WIDTH="16" VPOS="1221" HPOS="1233"/>
							<String ID="string_161" HPOS="1249" VPOS="1219" WIDTH="204" HEIGHT="48" WC="0.93" CONTENT="utgifvande"/><SP WIDTH="16" VPOS="1219" HPOS="1453"/>
							<String ID="string_162" HPOS="1469" VPOS="1219" WIDTH="38" HEIGHT="35" WC="0.93" CONTENT="af"/><SP WIDTH="12" VPOS="1219" HPOS="1507"/>
							<String ID="string_163" HPOS="1519" VPOS="1218" WIDTH="107" HEIGHT="48" WC="0.92" CONTENT="derpå"/><SP WIDTH="15" VPOS="1218" HPOS="1626"/>
							<String ID="string_164" HPOS="1641" VPOS="1217" WIDTH="181" HEIGHT="47" WC="0.96" CONTENT="grundade"/>
						</TextLine>
						<TextLine ID="line_18" HPOS="225" VPOS="1268" WIDTH="1597" HEIGHT="56">
							<String ID="string_165" HPOS="225" VPOS="1280" WIDTH="130" HEIGHT="44" WC="0.92" CONTENT="kartor,"/><SP WIDTH="42" VPOS="1280" HPOS="355"/>
							<String ID="string_166" HPOS="397" VPOS="1276" WIDTH="250" HEIGHT="47" WC="0.91" CONTENT="afhandlingar"/><SP WIDTH="41" VPOS="1276" HPOS="647"/>
							<String ID="string_167" HPOS="688" VPOS="1276" WIDTH="65" HEIGHT="35" WC="0.96" CONTENT="och"/><SP WIDTH="40" VPOS="1276" HPOS="753"/>
							<String ID="string_168" HPOS="793" VPOS="1279" WIDTH="196" HEIGHT="44" WC="0.95" CONTENT="uppsatser,"/><SP WIDTH="42" VPOS="1279" HPOS="989"/>
							<String ID="string_169" HPOS="1031" VPOS="1273" WIDTH="127" HEIGHT="47" WC="0.96" CONTENT="bevilja"/><SP WIDTH="29" VPOS="1273" HPOS="1158"/>
							<String ID="string_170" HPOS="1187" VPOS="1276" WIDTH="49" HEIGHT="31" WC="0.96" CONTENT="ett"/><SP WIDTH="27" VPOS="1276" HPOS="1236"/>
							<String ID="string_171" HPOS="1263" VPOS="1277" WIDTH="100" HEIGHT="30" WC="0.96" CONTENT="extra"/><SP WIDTH="28" VPOS="1277" HPOS="1363"/>
							<String ID="string_172" HPOS="1391" VPOS="1271" WIDTH="125" HEIGHT="46" WC="0.96" CONTENT="anslag"/><SP WIDTH="27" VPOS="1271" HPOS="1516"/>
							<String ID="string_173" HPOS="1543" VPOS="1271" WIDTH="53" HEIGHT="35" WC="0.96" CONTENT="för"/><SP WIDTH="28" VPOS="1271" HPOS="1596"/>
							<String ID="string_174" HPOS="1624" VPOS="1281" WIDTH="132" HEIGHT="24" WC="0.96" CONTENT="samma"/><SP WIDTH="27" VPOS="1281" HPOS="1756"/>
							<String ID="string_175" HPOS="1783" VPOS="1268" WIDTH="39" HEIGHT="36" WC="0.96" CONTENT="år"/>
						</TextLine>
						<TextLine ID="line_19" HPOS="225" VPOS="1327" WIDTH="604" HEIGHT="49">
							<String ID="string_176" HPOS="225" VPOS="1330" WIDTH="52" HEIGHT="36" WC="0.93" CONTENT="till"/><SP WIDTH="30" VPOS="1330" HPOS="277"/>
							<String ID="string_177" HPOS="307" VPOS="1329" WIDTH="124" HEIGHT="47" WC="0.95" CONTENT="belopp"/><SP WIDTH="28" VPOS="1329" HPOS="431"/>
							<String ID="string_178" HPOS="459" VPOS="1327" WIDTH="38" HEIGHT="37" WC="0.93" CONTENT="af"/><SP WIDTH="27" VPOS="1327" HPOS="497"/>
							<String ID="string_179" HPOS="524" VPOS="1330" WIDTH="137" HEIGHT="45" WC="0.91" CONTENT="95,500"/><SP WIDTH="29" VPOS="1330" HPOS="661"/>
							<String ID="string_180" HPOS="690" VPOS="1328" WIDTH="139" HEIGHT="35" WC="0.95" CONTENT="kronor."/>
						</TextLine>
					</TextBlock>
					<TextBlock ID="block_4" HPOS="225" VPOS="1372" WIDTH="1600" HEIGHT="264">
						<TextLine ID="line_20" HPOS="353" VPOS="1372" WIDTH="1466" HEIGHT="54">
							<String ID="string_181" HPOS="353" VPOS="1380" WIDTH="71" HEIGHT="36" WC="0.96" CONTENT="Vid"/><SP WIDTH="28" VPOS="1380" HPOS="424"/>
							<String ID="string_182" HPOS="452" VPOS="1380" WIDTH="250" HEIGHT="46" WC="0.96" CONTENT="föredragning"/><SP WIDTH="28" VPOS="1380" HPOS="702"/>
							<String ID="string_183" HPOS="730" VPOS="1379" WIDTH="38" HEIGHT="35" WC="0.96" CONTENT="af"/><SP WIDTH="24" VPOS="1379" HPOS="768"/>
							<String ID="string_184" HPOS="792" VPOS="1379" WIDTH="94" HEIGHT="35" WC="0.96" CONTENT="detta"/><SP WIDTH="27" VPOS="1379" HPOS="886"/>
							<String ID="string_185" HPOS="913" VPOS="1377" WIDTH="127" HEIGHT="36" WC="0.96" CONTENT="ärende"/><SP WIDTH="28" VPOS="1377" HPOS="1040"/>
							<String ID="string_186" HPOS="1068" VPOS="1376" WIDTH="91" HEIGHT="36" WC="0.96" CONTENT="inför"/><SP WIDTH="28" VPOS="1376" HPOS="1159"/>
							<String ID="string_187" HPOS="1187" VPOS="1375" WIDTH="132" HEIGHT="47" WC="0.96" CONTENT="Kongl."/><SP WIDTH="21" VPOS="1375" HPOS="1319"/>
							<String ID="string_188" HPOS="1340" VPOS="1374" WIDTH="104" HEIGHT="47" WC="0.93" CONTENT="Maj:t"/><SP WIDTH="18" VPOS="1374" HPOS="1444"/>
							<String ID="string_189" HPOS="1462" VPOS="1372" WIDTH="357" HEIGHT="50" WC="0.67" CONTENT="har”departements-"/>
						</TextLine>
						<TextLine ID="line_21" HPOS="226" VPOS="1424" WIDTH="1597" HEIGHT="51">
							<String ID="string_190" HPOS="226" VPOS="1433" WIDTH="123" HEIGHT="37" WC="0.95" CONTENT="chefen"/><SP WIDTH="42" VPOS="1433" HPOS="349"/>
							<String ID="string_191" HPOS="391" VPOS="1432" WIDTH="132" HEIGHT="35" WC="0.96" CONTENT="anmält"/><SP WIDTH="44" VPOS="1432" HPOS="523"/>
							<String ID="string_192" HPOS="567" VPOS="1444" WIDTH="44" HEIGHT="23" WC="0.96" CONTENT="en"/><SP WIDTH="36" VPOS="1444" HPOS="611"/>
							<String ID="string_193" HPOS="647" VPOS="1425" WIDTH="42" HEIGHT="41" WC="0.96" CONTENT="af"/><SP WIDTH="37" VPOS="1425" HPOS="689"/>
							<String ID="string_194" HPOS="726" VPOS="1430" WIDTH="124" HEIGHT="36" WC="0.96" CONTENT="chefen"/><SP WIDTH="41" VPOS="1430" HPOS="850"/>
							<String ID="string_195" HPOS="891" VPOS="1429" WIDTH="53" HEIGHT="36" WC="0.96" CONTENT="för"/><SP WIDTH="41" VPOS="1429" HPOS="944"/>
							<String ID="string_196" HPOS="985" VPOS="1428" WIDTH="162" HEIGHT="47" WC="0.90" CONTENT="Sveriges"/><SP WIDTH="45" VPOS="1428" HPOS="1147"/>
							<String ID="string_197" HPOS="1192" VPOS="1427" WIDTH="206" HEIGHT="47" WC="0.96" CONTENT="geologiska"/><SP WIDTH="41" VPOS="1427" HPOS="1398"/>
							<String ID="string_198" HPOS="1439" VPOS="1424" WIDTH="264" HEIGHT="48" WC="0.96" CONTENT="undersökning"/><SP WIDTH="40" VPOS="1424" HPOS="1703"/>
							<String ID="string_199" HPOS="1743" VPOS="1424" WIDTH="80" HEIGHT="36" WC="0.95" CONTENT="med"/>
						</TextLine>
						<TextLine ID="line_22" HPOS="225" VPOS="1476" WIDTH="1599" HEIGHT="49">
							<String ID="string_200" HPOS="225" VPOS="1485" WIDTH="180" HEIGHT="36" WC="0.95" CONTENT="skrifvelse"/><SP WIDTH="43" VPOS="1485" HPOS="405"/>
							<String ID="string_201" HPOS="448" VPOS="1485" WIDTH="67" HEIGHT="34" WC="0.96" CONTENT="den"/><SP WIDTH="43" VPOS="1485" HPOS="515"/>
							<String ID="string_202" HPOS="558" VPOS="1485" WIDTH="45" HEIGHT="35" WC="0.96" CONTENT="18"/><SP WIDTH="44" VPOS="1485" HPOS="603"/>
							<String ID="string_203" HPOS="647" VPOS="1483" WIDTH="186" HEIGHT="36" WC="0.94" CONTENT="november"/><SP WIDTH="44" VPOS="1483" HPOS="833"/>
							<String ID="string_204" HPOS="877" VPOS="1483" WIDTH="95" HEIGHT="35" WC="0.92" CONTENT="1896"/><SP WIDTH="44" VPOS="1483" HPOS="972"/>
							<String ID="string_205" HPOS="1016" VPOS="1479" WIDTH="240" HEIGHT="38" WC="0.88" CONTENT="öfverlemnad"/><SP WIDTH="28" VPOS="1479" HPOS="1256"/>
							<String ID="string_206" HPOS="1284" VPOS="1478" WIDTH="346" HEIGHT="47" WC="0.90" CONTENT="förslagsberäkning"/><SP WIDTH="28" VPOS="1478" HPOS="1630"/>
							<String ID="string_207" HPOS="1658" VPOS="1477" WIDTH="96" HEIGHT="35" WC="0.96" CONTENT="öfver"/><SP WIDTH="27" VPOS="1477" HPOS="1754"/>
							<String ID="string_208" HPOS="1781" VPOS="1476" WIDTH="43" HEIGHT="35" WC="0.95" CONTENT="de"/>
						</TextLine>
						<TextLine ID="line_23" HPOS="225" VPOS="1528" WIDTH="1598" HEIGHT="54">
							<String ID="string_209" HPOS="225" VPOS="1538" WIDTH="110" HEIGHT="35" WC="0.96" CONTENT="under"/><SP WIDTH="27" VPOS="1538" HPOS="335"/>
							<String ID="string_210" HPOS="362" VPOS="1537" WIDTH="40" HEIGHT="35" WC="0.96" CONTENT="år"/><SP WIDTH="31" VPOS="1537" HPOS="402"/>
							<String ID="string_211" HPOS="433" VPOS="1538" WIDTH="94" HEIGHT="34" WC="0.95" CONTENT="1898"/><SP WIDTH="31" VPOS="1538" HPOS="527"/>
							<String ID="string_212" HPOS="558" VPOS="1536" WIDTH="52" HEIGHT="35" WC="0.93" CONTENT="till"/><SP WIDTH="28" VPOS="1536" HPOS="610"/>
							<String ID="string_213" HPOS="638" VPOS="1534" WIDTH="219" HEIGHT="48" WC="0.90" CONTENT="fullföljande"/><SP WIDTH="24" VPOS="1534" HPOS="857"/>
							<String ID="string_214" HPOS="881" VPOS="1534" WIDTH="38" HEIGHT="35" WC="0.96" CONTENT="af"/><SP WIDTH="24" VPOS="1534" HPOS="919"/>
							<String ID="string_215" HPOS="943" VPOS="1533" WIDTH="42" HEIGHT="36" WC="0.96" CONTENT="de"/><SP WIDTH="27" VPOS="1533" HPOS="985"/>
							<String ID="string_216" HPOS="1012" VPOS="1532" WIDTH="206" HEIGHT="48" WC="0.96" CONTENT="geologiska"/><SP WIDTH="28" VPOS="1532" HPOS="1218"/>
							<String ID="string_217" HPOS="1246" VPOS="1531" WIDTH="166" HEIGHT="36" WC="0.96" CONTENT="arbetena"/><SP WIDTH="28" VPOS="1531" HPOS="1412"/>
							<String ID="string_218" HPOS="1440" VPOS="1529" WIDTH="230" HEIGHT="47" WC="0.96" CONTENT="erforderliga"/><SP WIDTH="26" VPOS="1529" HPOS="1670"/>
							<String ID="string_219" HPOS="1696" VPOS="1528" WIDTH="127" HEIGHT="47" WC="0.96" CONTENT="medel,"/>
						</TextLine>
						<TextLine ID="line_24" HPOS="225" VPOS="1580" WIDTH="1600" HEIGHT="56">
							<String ID="string_220" HPOS="225" VPOS="1589" WIDTH="110" HEIGHT="47" WC="0.96" CONTENT="enligt"/><SP WIDTH="40" VPOS="1589" HPOS="335"/>
							<String ID="string_221" HPOS="375" VPOS="1588" WIDTH="144" HEIGHT="36" WC="0.96" CONTENT="hvilken"/><SP WIDTH="41" VPOS="1588" HPOS="519"/>
							<String ID="string_222" HPOS="560" VPOS="1587" WIDTH="198" HEIGHT="47" WC="0.96" CONTENT="beräkning"/><SP WIDTH="41" VPOS="1587" HPOS="758"/>
							<String ID="string_223" HPOS="799" VPOS="1586" WIDTH="191" HEIGHT="47" WC="0.93" CONTENT="utgifterna"/><SP WIDTH="27" VPOS="1586" HPOS="990"/>
							<String ID="string_224" HPOS="1017" VPOS="1583" WIDTH="261" HEIGHT="50" WC="0.91" CONTENT="upptagits.till"/><SP WIDTH="30" VPOS="1583" HPOS="1278"/>
							<String ID="string_225" HPOS="1308" VPOS="1583" WIDTH="138" HEIGHT="48" WC="0.91" CONTENT="96,000"/><SP WIDTH="29" VPOS="1583" HPOS="1446"/>
							<String ID="string_226" HPOS="1475" VPOS="1583" WIDTH="142" HEIGHT="46" WC="0.96" CONTENT="kronor,"/><SP WIDTH="29" VPOS="1583" HPOS="1617"/>
							<String ID="string_227" HPOS="1646" VPOS="1580" WIDTH="101" HEIGHT="37" WC="0.96" CONTENT="deraf"/><SP WIDTH="24" VPOS="1580" HPOS="1747"/>
							<String ID="string_228" HPOS="1771" VPOS="1580" WIDTH="54" HEIGHT="36" WC="0.96" CONTENT="för"/>
						</TextLine>
					</TextBlock>
				</ComposedBlock>
				<ComposedBlock ID="cblock_4" HPOS="226" VPOS="1687" WIDTH="1599" HEIGHT="445">
					<TextBlock ID="block_5" HPOS="226" VPOS="1687" WIDTH="1599" HEIGHT="445">
						<TextLine ID="line_25" HPOS="914" VPOS="1687" WIDTH="236" HEIGHT="50">
							<String ID="string_229" HPOS="914" VPOS="1687" WIDTH="236" HEIGHT="50" WC="0.65" CONTENT="Aflöningen."/>
						</TextLine>
						<TextLine ID="line_26" HPOS="226" VPOS="1768" WIDTH="1598" HEIGHT="52">
							<String ID="string_230" HPOS="226" VPOS="1777" WIDTH="116" HEIGHT="36" WC="0.96" CONTENT="Löner"/><SP WIDTH="28" VPOS="1777" HPOS="342"/>
							<String ID="string_231" HPOS="370" VPOS="1776" WIDTH="63" HEIGHT="36" WC="0.93" CONTENT="och"/><SP WIDTH="29" VPOS="1776" HPOS="433"/>
							<String ID="string_232" HPOS="462" VPOS="1775" WIDTH="167" HEIGHT="37" WC="0.92" CONTENT="arfvoden"/><SP WIDTH="27" VPOS="1775" HPOS="629"/>
							<String ID="string_233" HPOS="656" VPOS="1777" WIDTH="90" HEIGHT="34" WC="0.96" CONTENT="samt"/><SP WIDTH="27" VPOS="1777" HPOS="746"/>
							<String ID="string_234" HPOS="773" VPOS="1774" WIDTH="194" HEIGHT="46" WC="0.95" CONTENT="ersättning"/><SP WIDTH="28" VPOS="1774" HPOS="967"/>
							<String ID="string_235" HPOS="995" VPOS="1772" WIDTH="53" HEIGHT="36" WC="0.95" CONTENT="till"/><SP WIDTH="29" VPOS="1772" HPOS="1048"/>
							<String ID="string_236" HPOS="1077" VPOS="1771" WIDTH="180" HEIGHT="48" WC="0.93" CONTENT="tillfälliga"/><SP WIDTH="14" VPOS="1771" HPOS="1257"/>
							<String ID="string_237" HPOS="1271" VPOS="1771" WIDTH="159" HEIGHT="36" WC="0.92" CONTENT="biträden"/><SP WIDTH="15" VPOS="1771" HPOS="1430"/>
							<String ID="string_238" HPOS="1445" VPOS="1770" WIDTH="132" HEIGHT="36" WC="0.93" CONTENT="kronor"/><SP WIDTH="29" VPOS="1770" HPOS="1577"/>
							<String ID="string_239" HPOS="1606" VPOS="1768" WIDTH="218" HEIGHT="50" WC="0.81" CONTENT="59,950:"/><SP WIDTH="-32" VPOS="1768" HPOS="1824"/>
							<String ID="string_240" HPOS="1792" VPOS="1764" WIDTH="36" HEIGHT="61" WC="0.91" CONTENT="—"/>
						</TextLine>
						<TextLine ID="line_27" HPOS="892" VPOS="1859" WIDTH="265" HEIGHT="37">
							<String ID="string_241" HPOS="892" VPOS="1859" WIDTH="265" HEIGHT="37" WC="0.90" CONTENT="Fältarbetena."/>
						</TextLine>
						<TextLine ID="line_28" HPOS="227" VPOS="1926" WIDTH="1598" HEIGHT="50">
							<String ID="string_242" HPOS="227" VPOS="1931" WIDTH="106" HEIGHT="37" WC="0.89" CONTENT="Rese-"/><SP WIDTH="30" VPOS="1931" HPOS="333"/>
							<String ID="string_243" HPOS="363" VPOS="1931" WIDTH="65" HEIGHT="36" WC="0.93" CONTENT="och"/><SP WIDTH="28" VPOS="1931" HPOS="428"/>
							<String ID="string_244" HPOS="456" VPOS="1929" WIDTH="431" HEIGHT="47" WC="0.89" CONTENT="traktamentsersättning"/><SP WIDTH="27" VPOS="1929" HPOS="887"/>
							<String ID="string_245" HPOS="914" VPOS="1942" WIDTH="45" HEIGHT="23" WC="0.0" CONTENT="mm."/><SP WIDTH="30" VPOS="1942" HPOS="959"/>
							<String ID="string_246" HPOS="989" VPOS="1941" WIDTH="45" HEIGHT="24" WC="0.2" CONTENT="Ms"/><SP WIDTH="16" VPOS="1941" HPOS="1034"/>
							<String ID="string_247" HPOS="1050" VPOS="1958" WIDTH="285" HEIGHT="6" WC="0.0" CONTENT=".ssseeesesesc"/><SP WIDTH="0" VPOS="1958" HPOS="1335"/>
							<String ID="string_248" HPOS="1335" VPOS="1940" WIDTH="93" HEIGHT="22" WC="0.0" CONTENT="esse"/><SP WIDTH="82" VPOS="1940" HPOS="1428"/>
							<String ID="string_249" HPOS="1510" VPOS="1938" WIDTH="18" HEIGHT="24" WC="0.83" CONTENT="»"/><SP WIDTH="84" VPOS="1938" HPOS="1528"/>
							<String ID="string_250" HPOS="1612" VPOS="1926" WIDTH="213" HEIGHT="47" WC="0.20" CONTENT="19,000:—"/>
						</TextLine>
						<TextLine ID="line_29" HPOS="850" VPOS="2013" WIDTH="355" HEIGHT="51">
							<String ID="string_251" HPOS="850" VPOS="2013" WIDTH="355" HEIGHT="51" WC="0.89" CONTENT="Byrdafdelningen."/>
						</TextLine>
						<TextLine ID="line_30" HPOS="228" VPOS="2081" WIDTH="1597" HEIGHT="51">
							<String ID="string_252" HPOS="228" VPOS="2085" WIDTH="232" HEIGHT="47" WC="0.93" CONTENT="Inventarier,"/><SP WIDTH="30" VPOS="2085" HPOS="460"/>
							<String ID="string_253" HPOS="490" VPOS="2083" WIDTH="216" HEIGHT="48" WC="0.91" CONTENT="ritmateriel,"/><SP WIDTH="29" VPOS="2083" HPOS="706"/>
							<String ID="string_254" HPOS="735" VPOS="2083" WIDTH="206" HEIGHT="35" WC="0.96" CONTENT="kemikalier"/><SP WIDTH="27" VPOS="2083" HPOS="941"/>
							<String ID="string_255" HPOS="968" VPOS="2094" WIDTH="31" HEIGHT="24" WC="0.82" CONTENT="0."/><SP WIDTH="31" VPOS="2094" HPOS="999"/>
							<String ID="string_256" HPOS="1030" VPOS="2082" WIDTH="399" HEIGHT="36" WC="0.2" CONTENT="demens"/><SP WIDTH="82" VPOS="2082" HPOS="1429"/>
							<String ID="string_257" HPOS="1511" VPOS="2092" WIDTH="19" HEIGHT="23" WC="0.92" CONTENT="»"/><SP WIDTH="107" VPOS="2092" HPOS="1530"/>
							<String ID="string_258" HPOS="1637" VPOS="2081" WIDTH="122" HEIGHT="45" WC="0.90" CONTENT="2,000:"/><SP WIDTH="17" VPOS="2081" HPOS="1759"/>
							<String ID="string_259" HPOS="1776" VPOS="2100" WIDTH="49" HEIGHT="4" WC="0.92" CONTENT="—"/>
						</TextLine>
					</TextBlock>
				</ComposedBlock>
				<ComposedBlock ID="cblock_5" HPOS="229" VPOS="2167" WIDTH="1597" HEIGHT="119">
					<TextBlock ID="block_6" HPOS="229" VPOS="2167" WIDTH="1597" HEIGHT="119">
						<TextLine ID="line_31" HPOS="735" VPOS="2167" WIDTH="595" HEIGHT="48">
							<String ID="string_260" HPOS="735" VPOS="2167" WIDTH="210" HEIGHT="37" WC="0.94" CONTENT="Biblioteket"/><SP WIDTH="28" VPOS="2167" HPOS="945"/>
							<String ID="string_261" HPOS="973" VPOS="2168" WIDTH="61" HEIGHT="36" WC="0.96" CONTENT="och"/><SP WIDTH="27" VPOS="2168" HPOS="1034"/>
							<String ID="string_262" HPOS="1061" VPOS="2167" WIDTH="269" HEIGHT="48" WC="0.95" CONTENT="samlingarna."/>
						</TextLine>
						<TextLine ID="line_32" HPOS="229" VPOS="2234" WIDTH="1597" HEIGHT="52">
							<String ID="string_263" HPOS="229" VPOS="2239" WIDTH="150" HEIGHT="47" WC="0.96" CONTENT="Böcker,"/><SP WIDTH="28" VPOS="2239" HPOS="379"/>
							<String ID="string_264" HPOS="407" VPOS="2238" WIDTH="120" HEIGHT="36" WC="0.96" CONTENT="kartor"/><SP WIDTH="27" VPOS="2238" HPOS="527"/>
							<String ID="string_265" HPOS="554" VPOS="2237" WIDTH="66" HEIGHT="37" WC="0.93" CONTENT="och"/><SP WIDTH="29" VPOS="2237" HPOS="620"/>
							<String ID="string_266" HPOS="649" VPOS="2237" WIDTH="234" HEIGHT="47" WC="0.51" CONTENT="samlingarne"/><SP WIDTH="26" VPOS="2237" HPOS="883"/>
							<String ID="string_267" HPOS="909" VPOS="2264" WIDTH="519" HEIGHT="8" WC="0.0" CONTENT="m..eseemseseniusansäväaa"/><SP WIDTH="81" VPOS="2264" HPOS="1428"/>
							<String ID="string_268" HPOS="1509" VPOS="2245" WIDTH="19" HEIGHT="24" WC="0.92" CONTENT="»"/><SP WIDTH="109" VPOS="2245" HPOS="1528"/>
							<String ID="string_269" HPOS="1637" VPOS="2234" WIDTH="122" HEIGHT="46" WC="0.92" CONTENT="1,700:"/><SP WIDTH="17" VPOS="2234" HPOS="1759"/>
							<String ID="string_270" HPOS="1776" VPOS="2254" WIDTH="50" HEIGHT="5" WC="0.90" CONTENT="—"/>
						</TextLine>
					</TextBlock>
				</ComposedBlock>
				<GraphicalElement ID="cblock_6" HPOS="1231" VPOS="2286" WIDTH="595" HEIGHT="4"></GraphicalElement >
				<ComposedBlock ID="cblock_7" HPOS="1223" VPOS="2304" WIDTH="604" HEIGHT="48">
					<TextBlock ID="block_7" HPOS="1223" VPOS="2304" WIDTH="604" HEIGHT="48">
						<TextLine ID="line_33" HPOS="1223" VPOS="2304" WIDTH="604" HEIGHT="48">
							<String ID="string_271" HPOS="1223" VPOS="2304" WIDTH="197" HEIGHT="48" WC="0.96" CONTENT="Transport"/><SP WIDTH="27" VPOS="2304" HPOS="1420"/>
							<String ID="string_272" HPOS="1447" VPOS="2304" WIDTH="131" HEIGHT="35" WC="0.93" CONTENT="kronor"/><SP WIDTH="29" VPOS="2304" HPOS="1578"/>
							<String ID="string_273" HPOS="1607" VPOS="2305" WIDTH="151" HEIGHT="47" WC="0.91" CONTENT="82,650:"/><SP WIDTH="18" VPOS="2305" HPOS="1758"/>
							<String ID="string_274" HPOS="1776" VPOS="2324" WIDTH="51" HEIGHT="5" WC="0.91" CONTENT="—"/>
						</TextLine>
					</TextBlock>
				</ComposedBlock>
				<ComposedBlock ID="cblock_8" HPOS="1840" VPOS="1164" WIDTH="205" HEIGHT="136">
					<TextBlock ID="block_8" HPOS="1840" VPOS="1164" WIDTH="205" HEIGHT="136">
						<TextLine ID="line_34" HPOS="1857" VPOS="1164" WIDTH="175" HEIGHT="32">
							<String ID="string_275" HPOS="1857" VPOS="1164" WIDTH="65" HEIGHT="31" WC="0.95" CONTENT="Ang."/><SP WIDTH="20" VPOS="1164" HPOS="1922"/>
							<String ID="string_276" HPOS="1942" VPOS="1164" WIDTH="90" HEIGHT="32" WC="0.95" CONTENT="anslag"/>
						</TextLine>
						<TextLine ID="line_35" HPOS="1840" VPOS="1199" WIDTH="205" HEIGHT="31">
							<String ID="string_277" HPOS="1840" VPOS="1200" WIDTH="39" HEIGHT="23" WC="0.86" CONTENT="till"/><SP WIDTH="24" VPOS="1200" HPOS="1879"/>
							<String ID="string_278" HPOS="1903" VPOS="1199" WIDTH="142" HEIGHT="31" WC="0.92" CONTENT="geologiska"/>
						</TextLine>
						<TextLine ID="line_36" HPOS="1852" VPOS="1235" WIDTH="183" HEIGHT="23">
							<String ID="string_279" HPOS="1852" VPOS="1235" WIDTH="183" HEIGHT="23" WC="0.90" CONTENT="undersöknin-"/>
						</TextLine>
						<TextLine ID="line_37" HPOS="1892" VPOS="1277" WIDTH="90" HEIGHT="23">
							<String ID="string_280" HPOS="1892" VPOS="1277" WIDTH="90" HEIGHT="23" WC="0.96" CONTENT="garna."/>
						</TextLine>
					</TextBlock>
				</ComposedBlock>
				<ComposedBlock ID="cblock_9" HPOS="1898" VPOS="1306" WIDTH="94" HEIGHT="46">
					<TextBlock ID="block_9" HPOS="1898" VPOS="1306" WIDTH="94" HEIGHT="46">
						<TextLine ID="line_38" HPOS="1898" VPOS="1306" WIDTH="94" HEIGHT="46">
							<String ID="string_281" HPOS="1898" VPOS="1306" WIDTH="94" HEIGHT="46" WC="0.89" CONTENT="[28.]"/>
						</TextLine>
					</TextBlock>
				</ComposedBlock>
			</PrintSpace>
		</Page>
	</Layout>
</alto>
