<?xml version="1.0" encoding="UTF-8"?>
<alto xmlns="http://www.loc.gov/standards/alto/ns-v3#" xmlns:xlink="http://www.w3.org/1999/xlink" xmlns:xsi="http://www.w3.org/2001/XMLSchema-instance" xsi:schemaLocation="http://www.loc.gov/standards/alto/ns-v3# http://www.loc.gov/alto/v3/alto-3-0.xsd">
	<Description>
		<MeasurementUnit>pixel</MeasurementUnit>
		<sourceImageInformation>
			<fileName>/tmp/tess_g3645ofl_input.PNG</fileName>
		</sourceImageInformation>
		<OCRProcessing ID="OCR_0">
			<ocrProcessingStep>
				<processingSoftware>
					<softwareName>tesseract 5.3.0</softwareName>
				</processingSoftware>
			</ocrProcessingStep>
		</OCRProcessing>
	</Description>
	<Layout>
		<Page WIDTH="2238" HEIGHT="2638" PHYSICAL_IMG_NR="0" ID="page_0">
			<PrintSpace HPOS="0" VPOS="0" WIDTH="2238" HEIGHT="2638">
				<ComposedBlock ID="cblock_0" HPOS="418" VPOS="210" WIDTH="1301" HEIGHT="29">
					<TextBlock ID="block_0" HPOS="418" VPOS="210" WIDTH="1301" HEIGHT="29">
						<TextLine ID="line_0" HPOS="418" VPOS="210" WIDTH="1301" HEIGHT="29">
							<String ID="string_0" HPOS="418" VPOS="210" WIDTH="39" HEIGHT="28" WC="0.92" CONTENT="24"/><SP WIDTH="273" VPOS="210" HPOS="457"/>
							<String ID="string_1" HPOS="730" VPOS="210" WIDTH="213" HEIGHT="28" WC="0.59" CONTENT="Sammunsatta"/><SP WIDTH="26" VPOS="210" HPOS="943"/>
							<String ID="string_2" HPOS="969" VPOS="210" WIDTH="93" HEIGHT="28" WC="0.89" CONTENT="Stats-"/><SP WIDTH="24" VPOS="210" HPOS="1062"/>
							<String ID="string_3" HPOS="1086" VPOS="210" WIDTH="49" HEIGHT="28" WC="0.93" CONTENT="och"/><SP WIDTH="24" VPOS="210" HPOS="1135"/>
							<String ID="string_4" HPOS="1159" VPOS="210" WIDTH="250" HEIGHT="28" WC="0.34" CONTENT="Bankoulskottets"/><SP WIDTH="30" VPOS="210" HPOS="1409"/>
							<String ID="string_5" HPOS="1439" VPOS="211" WIDTH="151" HEIGHT="28" WC="0.92" CONTENT="Utlåtande"/><SP WIDTH="24" VPOS="211" HPOS="1590"/>
							<String ID="string_6" HPOS="1614" VPOS="210" WIDTH="55" HEIGHT="28" WC="0.95" CONTENT="N:o"/><SP WIDTH="23" VPOS="210" HPOS="1669"/>
							<String ID="string_7" HPOS="1692" VPOS="211" WIDTH="27" HEIGHT="26" WC="0.40" CONTENT="3."/>
						</TextLine>
					</TextBlock>
				</ComposedBlock>
				<ComposedBlock ID="cblock_1" HPOS="416" VPOS="284" WIDTH="1615" HEIGHT="2029">
					<TextBlock ID="block_1" HPOS="417" VPOS="284" WIDTH="1613" HEIGHT="254">
						<TextLine ID="line_1" HPOS="418" VPOS="284" WIDTH="1610" HEIGHT="51">
							<String ID="string_8" HPOS="418" VPOS="286" WIDTH="173" HEIGHT="47" WC="0.93" CONTENT="omkring"/><SP WIDTH="28" VPOS="286" HPOS="591"/>
							<String ID="string_9" HPOS="619" VPOS="288" WIDTH="156" HEIGHT="41" WC="0.91" CONTENT="377,000"/><SP WIDTH="29" VPOS="288" HPOS="775"/>
							<String ID="string_10" HPOS="804" VPOS="286" WIDTH="146" HEIGHT="44" WC="0.95" CONTENT="kronor,"/><SP WIDTH="29" VPOS="286" HPOS="950"/>
							<String ID="string_11" HPOS="979" VPOS="286" WIDTH="84" HEIGHT="37" WC="0.96" CONTENT="med"/><SP WIDTH="27" VPOS="286" HPOS="1063"/>
							<String ID="string_12" HPOS="1090" VPOS="287" WIDTH="140" HEIGHT="36" WC="0.95" CONTENT="hvilket"/><SP WIDTH="28" VPOS="287" HPOS="1230"/>
							<String ID="string_13" HPOS="1258" VPOS="287" WIDTH="135" HEIGHT="48" WC="0.96" CONTENT="belopp"/><SP WIDTH="22" VPOS="287" HPOS="1393"/>
							<String ID="string_14" HPOS="1415" VPOS="287" WIDTH="114" HEIGHT="46" WC="0.96" CONTENT="jemte"/><SP WIDTH="28" VPOS="287" HPOS="1529"/>
							<String ID="string_15" HPOS="1557" VPOS="287" WIDTH="62" HEIGHT="36" WC="0.96" CONTENT="det"/><SP WIDTH="26" VPOS="287" HPOS="1619"/>
							<String ID="string_16" HPOS="1645" VPOS="286" WIDTH="135" HEIGHT="47" WC="0.96" CONTENT="belopp"/><SP WIDTH="20" VPOS="286" HPOS="1780"/>
							<String ID="string_17" HPOS="1800" VPOS="284" WIDTH="39" HEIGHT="37" WC="0.96" CONTENT="af"/><SP WIDTH="16" VPOS="284" HPOS="1839"/>
							<String ID="string_18" HPOS="1855" VPOS="285" WIDTH="173" HEIGHT="45" WC="0.96" CONTENT="omkring"/>
						</TextLine>
						<TextLine ID="line_2" HPOS="419" VPOS="336" WIDTH="1609" HEIGHT="44">
							<String ID="string_19" HPOS="419" VPOS="339" WIDTH="159" HEIGHT="41" WC="0.89" CONTENT="320,000"/><SP WIDTH="29" VPOS="339" HPOS="578"/>
							<String ID="string_20" HPOS="607" VPOS="337" WIDTH="137" HEIGHT="35" WC="0.96" CONTENT="kronor"/><SP WIDTH="27" VPOS="337" HPOS="744"/>
							<String ID="string_21" HPOS="771" VPOS="337" WIDTH="118" HEIGHT="36" WC="0.96" CONTENT="under"/><SP WIDTH="26" VPOS="337" HPOS="889"/>
							<String ID="string_22" HPOS="915" VPOS="337" WIDTH="195" HEIGHT="36" WC="0.96" CONTENT="enahanda"/><SP WIDTH="26" VPOS="337" HPOS="1110"/>
							<String ID="string_23" HPOS="1136" VPOS="337" WIDTH="256" HEIGHT="37" WC="0.96" CONTENT="förhållanden"/><SP WIDTH="27" VPOS="337" HPOS="1392"/>
							<String ID="string_24" HPOS="1419" VPOS="337" WIDTH="86" HEIGHT="37" WC="0.96" CONTENT="åren"/><SP WIDTH="34" VPOS="337" HPOS="1505"/>
							<String ID="string_25" HPOS="1539" VPOS="339" WIDTH="93" HEIGHT="35" WC="0.96" CONTENT="1890"/><SP WIDTH="29" VPOS="339" HPOS="1632"/>
							<String ID="string_26" HPOS="1661" VPOS="337" WIDTH="68" HEIGHT="36" WC="0.96" CONTENT="och"/><SP WIDTH="22" VPOS="337" HPOS="1729"/>
							<String ID="string_27" HPOS="1751" VPOS="338" WIDTH="91" HEIGHT="34" WC="0.92" CONTENT="1891"/><SP WIDTH="28" VPOS="338" HPOS="1842"/>
							<String ID="string_28" HPOS="1870" VPOS="336" WIDTH="158" HEIGHT="35" WC="0.91" CONTENT="influtna"/>
						</TextLine>
						<TextLine ID="line_3" HPOS="417" VPOS="386" WIDTH="1612" HEIGHT="50">
							<String ID="string_29" HPOS="417" VPOS="386" WIDTH="131" HEIGHT="44" WC="0.96" CONTENT="medel,"/><SP WIDTH="40" VPOS="386" HPOS="548"/>
							<String ID="string_30" HPOS="588" VPOS="387" WIDTH="126" HEIGHT="36" WC="0.96" CONTENT="hvilka"/><SP WIDTH="40" VPOS="387" HPOS="714"/>
							<String ID="string_31" HPOS="754" VPOS="401" WIDTH="96" HEIGHT="32" WC="0.96" CONTENT="man,"/><SP WIDTH="38" VPOS="401" HPOS="850"/>
							<String ID="string_32" HPOS="888" VPOS="388" WIDTH="120" HEIGHT="36" WC="0.96" CONTENT="såsom"/><SP WIDTH="36" VPOS="388" HPOS="1008"/>
							<String ID="string_33" HPOS="1044" VPOS="387" WIDTH="101" HEIGHT="37" WC="0.96" CONTENT="förut"/><SP WIDTH="31" VPOS="387" HPOS="1145"/>
							<String ID="string_34" HPOS="1176" VPOS="394" WIDTH="158" HEIGHT="39" WC="0.96" CONTENT="nämnts,"/><SP WIDTH="27" VPOS="394" HPOS="1334"/>
							<String ID="string_35" HPOS="1361" VPOS="389" WIDTH="77" HEIGHT="45" WC="0.96" CONTENT="lagt"/><SP WIDTH="26" VPOS="389" HPOS="1438"/>
							<String ID="string_36" HPOS="1464" VPOS="389" WIDTH="58" HEIGHT="35" WC="0.92" CONTENT="till"/><SP WIDTH="28" VPOS="389" HPOS="1522"/>
							<String ID="string_37" HPOS="1550" VPOS="387" WIDTH="296" HEIGHT="49" WC="0.91" CONTENT="garantifonden,"/><SP WIDTH="28" VPOS="387" HPOS="1846"/>
							<String ID="string_38" HPOS="1874" VPOS="387" WIDTH="155" HEIGHT="47" WC="0.92" CONTENT="kapital-"/>
						</TextLine>
						<TextLine ID="line_4" HPOS="417" VPOS="436" WIDTH="1613" HEIGHT="51">
							<String ID="string_39" HPOS="417" VPOS="437" WIDTH="415" HEIGHT="49" WC="0.89" CONTENT="rabattsafskrifningen"/><SP WIDTH="41" VPOS="437" HPOS="832"/>
							<String ID="string_40" HPOS="873" VPOS="439" WIDTH="118" HEIGHT="36" WC="0.95" CONTENT="under"/><SP WIDTH="39" VPOS="439" HPOS="991"/>
							<String ID="string_41" HPOS="1030" VPOS="438" WIDTH="164" HEIGHT="49" WC="0.95" CONTENT="följande"/><SP WIDTH="40" VPOS="438" HPOS="1194"/>
							<String ID="string_42" HPOS="1234" VPOS="439" WIDTH="40" HEIGHT="36" WC="0.93" CONTENT="år"/><SP WIDTH="34" VPOS="439" HPOS="1274"/>
							<String ID="string_43" HPOS="1308" VPOS="438" WIDTH="216" HEIGHT="37" WC="0.90" CONTENT="nödfallsvis"/><SP WIDTH="27" VPOS="438" HPOS="1524"/>
							<String ID="string_44" HPOS="1551" VPOS="440" WIDTH="73" HEIGHT="35" WC="0.97" CONTENT="kan"/><SP WIDTH="28" VPOS="440" HPOS="1624"/>
							<String ID="string_45" HPOS="1652" VPOS="439" WIDTH="162" HEIGHT="35" WC="0.96" CONTENT="minskas"/><SP WIDTH="27" VPOS="439" HPOS="1814"/>
							<String ID="string_46" HPOS="1841" VPOS="436" WIDTH="59" HEIGHT="37" WC="0.96" CONTENT="för"/><SP WIDTH="27" VPOS="436" HPOS="1900"/>
							<String ID="string_47" HPOS="1927" VPOS="437" WIDTH="103" HEIGHT="36" WC="0.95" CONTENT="detta"/>
						</TextLine>
						<TextLine ID="line_5" HPOS="417" VPOS="488" WIDTH="660" HEIGHT="50">
							<String ID="string_48" HPOS="417" VPOS="488" WIDTH="73" HEIGHT="46" WC="0.96" CONTENT="lån,"/><SP WIDTH="28" VPOS="488" HPOS="490"/>
							<String ID="string_49" HPOS="518" VPOS="494" WIDTH="90" HEIGHT="30" WC="0.96" CONTENT="utan"/><SP WIDTH="28" VPOS="494" HPOS="608"/>
							<String ID="string_50" HPOS="636" VPOS="494" WIDTH="54" HEIGHT="31" WC="0.96" CONTENT="att"/><SP WIDTH="25" VPOS="494" HPOS="690"/>
							<String ID="string_51" HPOS="715" VPOS="490" WIDTH="137" HEIGHT="47" WC="0.93" CONTENT="planen"/><SP WIDTH="27" VPOS="490" HPOS="852"/>
							<String ID="string_52" HPOS="879" VPOS="489" WIDTH="198" HEIGHT="49" WC="0.90" CONTENT="förryckes."/>
						</TextLine>
					</TextBlock>
					<TextBlock ID="block_2" HPOS="416" VPOS="539" WIDTH="1614" HEIGHT="555">
						<TextLine ID="line_6" HPOS="520" VPOS="539" WIDTH="1509" HEIGHT="49">
							<String ID="string_53" HPOS="520" VPOS="539" WIDTH="57" HEIGHT="36" WC="0.96" CONTENT="Då"/><SP WIDTH="26" VPOS="539" HPOS="577"/>
							<String ID="string_54" HPOS="603" VPOS="539" WIDTH="136" HEIGHT="37" WC="0.96" CONTENT="således"/><SP WIDTH="28" VPOS="539" HPOS="739"/>
							<String ID="string_55" HPOS="767" VPOS="553" WIDTH="45" HEIGHT="23" WC="0.96" CONTENT="en"/><SP WIDTH="28" VPOS="553" HPOS="812"/>
							<String ID="string_56" HPOS="840" VPOS="541" WIDTH="206" HEIGHT="47" WC="0.95" CONTENT="beräkning"/><SP WIDTH="26" VPOS="541" HPOS="1046"/>
							<String ID="string_57" HPOS="1072" VPOS="540" WIDTH="41" HEIGHT="36" WC="0.91" CONTENT="af"/><SP WIDTH="23" VPOS="540" HPOS="1113"/>
							<String ID="string_58" HPOS="1136" VPOS="540" WIDTH="402" HEIGHT="37" WC="0.91" CONTENT="ränteskilnadsvärdet"/><SP WIDTH="26" VPOS="540" HPOS="1538"/>
							<String ID="string_59" HPOS="1564" VPOS="548" WIDTH="40" HEIGHT="28" WC="0.96" CONTENT="är"/><SP WIDTH="27" VPOS="548" HPOS="1604"/>
							<String ID="string_60" HPOS="1631" VPOS="540" WIDTH="69" HEIGHT="36" WC="0.96" CONTENT="och"/><SP WIDTH="27" VPOS="540" HPOS="1700"/>
							<String ID="string_61" HPOS="1727" VPOS="539" WIDTH="117" HEIGHT="36" WC="0.96" CONTENT="måste"/><SP WIDTH="19" VPOS="539" HPOS="1844"/>
							<String ID="string_62" HPOS="1863" VPOS="552" WIDTH="88" HEIGHT="23" WC="0.93" CONTENT="vara"/><SP WIDTH="18" VPOS="552" HPOS="1951"/>
							<String ID="string_63" HPOS="1969" VPOS="539" WIDTH="60" HEIGHT="36" WC="0.92" CONTENT="be-"/>
						</TextLine>
						<TextLine ID="line_7" HPOS="416" VPOS="590" WIDTH="1612" HEIGHT="50">
							<String ID="string_64" HPOS="416" VPOS="590" WIDTH="139" HEIGHT="36" WC="0.96" CONTENT="roende"/><SP WIDTH="39" VPOS="590" HPOS="555"/>
							<String ID="string_65" HPOS="594" VPOS="590" WIDTH="47" HEIGHT="47" WC="0.96" CONTENT="på"/><SP WIDTH="38" VPOS="590" HPOS="641"/>
							<String ID="string_66" HPOS="679" VPOS="591" WIDTH="98" HEIGHT="45" WC="0.95" CONTENT="flera,"/><SP WIDTH="27" VPOS="591" HPOS="777"/>
							<String ID="string_67" HPOS="804" VPOS="604" WIDTH="79" HEIGHT="23" WC="0.96" CONTENT="mer"/><SP WIDTH="27" VPOS="604" HPOS="883"/>
							<String ID="string_68" HPOS="910" VPOS="592" WIDTH="68" HEIGHT="35" WC="0.96" CONTENT="och"/><SP WIDTH="27" VPOS="592" HPOS="978"/>
							<String ID="string_69" HPOS="1005" VPOS="591" WIDTH="145" HEIGHT="36" WC="0.93" CONTENT="mindre"/><SP WIDTH="28" VPOS="591" HPOS="1150"/>
							<String ID="string_70" HPOS="1178" VPOS="592" WIDTH="256" HEIGHT="36" WC="0.91" CONTENT="obestämbara"/><SP WIDTH="25" VPOS="592" HPOS="1434"/>
							<String ID="string_71" HPOS="1459" VPOS="591" WIDTH="175" HEIGHT="44" WC="0.96" CONTENT="faktorer,"/><SP WIDTH="28" VPOS="591" HPOS="1634"/>
							<String ID="string_72" HPOS="1662" VPOS="591" WIDTH="67" HEIGHT="35" WC="0.93" CONTENT="har"/><SP WIDTH="27" VPOS="591" HPOS="1729"/>
							<String ID="string_73" HPOS="1756" VPOS="590" WIDTH="272" HEIGHT="50" WC="0.90" CONTENT="hypoteksban-"/>
						</TextLine>
						<TextLine ID="line_8" HPOS="416" VPOS="641" WIDTH="1613" HEIGHT="50">
							<String ID="string_74" HPOS="416" VPOS="641" WIDTH="90" HEIGHT="35" WC="0.93" CONTENT="kens"/><SP WIDTH="41" VPOS="641" HPOS="506"/>
							<String ID="string_75" HPOS="547" VPOS="642" WIDTH="207" HEIGHT="36" WC="0.92" CONTENT="kamrerare"/><SP WIDTH="37" VPOS="642" HPOS="754"/>
							<String ID="string_76" HPOS="791" VPOS="642" WIDTH="177" HEIGHT="47" WC="0.96" CONTENT="uppgjort"/><SP WIDTH="28" VPOS="642" HPOS="968"/>
							<String ID="string_77" HPOS="996" VPOS="643" WIDTH="69" HEIGHT="35" WC="0.92" CONTENT="och"/><SP WIDTH="36" VPOS="643" HPOS="1065"/>
							<String ID="string_78" HPOS="1101" VPOS="642" WIDTH="309" HEIGHT="49" WC="0.90" CONTENT="byråassistenten"/><SP WIDTH="35" VPOS="642" HPOS="1410"/>
							<String ID="string_79" HPOS="1445" VPOS="643" WIDTH="177" HEIGHT="45" WC="0.96" CONTENT="granskat"/><SP WIDTH="27" VPOS="643" HPOS="1622"/>
							<String ID="string_80" HPOS="1649" VPOS="647" WIDTH="52" HEIGHT="30" WC="0.96" CONTENT="ett"/><SP WIDTH="26" VPOS="647" HPOS="1701"/>
							<String ID="string_81" HPOS="1727" VPOS="642" WIDTH="97" HEIGHT="45" WC="0.93" CONTENT="slags"/><SP WIDTH="27" VPOS="642" HPOS="1824"/>
							<String ID="string_82" HPOS="1851" VPOS="642" WIDTH="178" HEIGHT="34" WC="0.91" CONTENT="kontroll-"/>
						</TextLine>
						<TextLine ID="line_9" HPOS="416" VPOS="689" WIDTH="1613" HEIGHT="52">
							<String ID="string_83" HPOS="416" VPOS="692" WIDTH="140" HEIGHT="48" WC="0.96" CONTENT="kalkyl,"/><SP WIDTH="42" VPOS="692" HPOS="556"/>
							<String ID="string_84" HPOS="598" VPOS="705" WIDTH="77" HEIGHT="23" WC="0.96" CONTENT="som"/><SP WIDTH="36" VPOS="705" HPOS="675"/>
							<String ID="string_85" HPOS="711" VPOS="705" WIDTH="108" HEIGHT="36" WC="0.96" CONTENT="synes"/><SP WIDTH="40" VPOS="705" HPOS="819"/>
							<String ID="string_86" HPOS="859" VPOS="706" WIDTH="88" HEIGHT="22" WC="0.96" CONTENT="vara"/><SP WIDTH="40" VPOS="706" HPOS="947"/>
							<String ID="string_87" HPOS="987" VPOS="692" WIDTH="41" HEIGHT="36" WC="0.96" CONTENT="af"/><SP WIDTH="33" VPOS="692" HPOS="1028"/>
							<String ID="string_88" HPOS="1061" VPOS="694" WIDTH="152" HEIGHT="35" WC="0.95" CONTENT="intresse"/><SP WIDTH="28" VPOS="694" HPOS="1213"/>
							<String ID="string_89" HPOS="1241" VPOS="694" WIDTH="69" HEIGHT="35" WC="0.97" CONTENT="och"/><SP WIDTH="28" VPOS="694" HPOS="1310"/>
							<String ID="string_90" HPOS="1338" VPOS="692" WIDTH="124" HEIGHT="37" WC="0.96" CONTENT="derför"/><SP WIDTH="27" VPOS="692" HPOS="1462"/>
							<String ID="string_91" HPOS="1489" VPOS="693" WIDTH="67" HEIGHT="35" WC="0.96" CONTENT="här"/><SP WIDTH="27" VPOS="693" HPOS="1556"/>
							<String ID="string_92" HPOS="1583" VPOS="692" WIDTH="142" HEIGHT="46" WC="0.96" CONTENT="bifogas"/><SP WIDTH="29" VPOS="692" HPOS="1725"/>
							<String ID="string_93" HPOS="1754" VPOS="689" WIDTH="83" HEIGHT="48" WC="0.90" CONTENT="(Bil."/><SP WIDTH="28" VPOS="689" HPOS="1837"/>
							<String ID="string_94" HPOS="1865" VPOS="689" WIDTH="47" HEIGHT="48" WC="0.86" CONTENT="4.)"/><SP WIDTH="54" VPOS="689" HPOS="1912"/>
							<String ID="string_95" HPOS="1966" VPOS="691" WIDTH="63" HEIGHT="36" WC="0.89" CONTENT="Ut-"/>
						</TextLine>
						<TextLine ID="line_10" HPOS="416" VPOS="742" WIDTH="1612" HEIGHT="51">
							<String ID="string_96" HPOS="416" VPOS="743" WIDTH="147" HEIGHT="48" WC="0.93" CONTENT="trycket"/><SP WIDTH="32" VPOS="743" HPOS="563"/>
							<String ID="string_97" HPOS="595" VPOS="748" WIDTH="223" HEIGHT="31" WC="0.87" CONTENT="»motsvaras"/><SP WIDTH="28" VPOS="748" HPOS="818"/>
							<String ID="string_98" HPOS="846" VPOS="743" WIDTH="55" HEIGHT="36" WC="0.88" CONTENT="af&gt;"/><SP WIDTH="33" VPOS="743" HPOS="901"/>
							<String ID="string_99" HPOS="934" VPOS="751" WIDTH="40" HEIGHT="27" WC="0.96" CONTENT="är"/><SP WIDTH="27" VPOS="751" HPOS="974"/>
							<String ID="string_100" HPOS="1001" VPOS="744" WIDTH="178" HEIGHT="49" WC="0.96" CONTENT="liktydigt"/><SP WIDTH="26" VPOS="744" HPOS="1179"/>
							<String ID="string_101" HPOS="1205" VPOS="744" WIDTH="85" HEIGHT="36" WC="0.93" CONTENT="med"/><SP WIDTH="38" VPOS="744" HPOS="1290"/>
							<String ID="string_102" HPOS="1328" VPOS="744" WIDTH="81" HEIGHT="36" WC="0.86" CONTENT="»har"/><SP WIDTH="27" VPOS="744" HPOS="1409"/>
							<String ID="string_103" HPOS="1436" VPOS="756" WIDTH="140" HEIGHT="24" WC="0.96" CONTENT="samma"/><SP WIDTH="26" VPOS="756" HPOS="1576"/>
							<String ID="string_104" HPOS="1602" VPOS="743" WIDTH="114" HEIGHT="36" WC="0.96" CONTENT="värde"/><SP WIDTH="27" VPOS="743" HPOS="1716"/>
							<String ID="string_105" HPOS="1743" VPOS="756" WIDTH="99" HEIGHT="22" WC="0.82" CONTENT="som»"/><SP WIDTH="25" VPOS="756" HPOS="1842"/>
							<String ID="string_106" HPOS="1867" VPOS="742" WIDTH="70" HEIGHT="36" WC="0.96" CONTENT="och"/><SP WIDTH="14" VPOS="742" HPOS="1937"/>
							<String ID="string_107" HPOS="1951" VPOS="742" WIDTH="77" HEIGHT="44" WC="0.96" CONTENT="bör,"/>
						</TextLine>
						<TextLine ID="line_11" HPOS="416" VPOS="792" WIDTH="1614" HEIGHT="51">
							<String ID="string_108" HPOS="416" VPOS="799" WIDTH="25" HEIGHT="29" WC="0.87" CONTENT="t."/><SP WIDTH="28" VPOS="799" HPOS="441"/>
							<String ID="string_109" HPOS="469" VPOS="806" WIDTH="56" HEIGHT="23" WC="0.93" CONTENT="ex."/><SP WIDTH="37" VPOS="806" HPOS="525"/>
							<String ID="string_110" HPOS="562" VPOS="793" WIDTH="228" HEIGHT="36" WC="0.89" CONTENT="beträffande"/><SP WIDTH="28" VPOS="793" HPOS="790"/>
							<String ID="string_111" HPOS="818" VPOS="792" WIDTH="68" HEIGHT="39" WC="0.61" CONTENT="4&#39;/2"/><SP WIDTH="27" VPOS="792" HPOS="886"/>
							<String ID="string_112" HPOS="913" VPOS="798" WIDTH="28" HEIGHT="38" WC="0.16" CONTENT="?,"/><SP WIDTH="29" VPOS="798" HPOS="941"/>
							<String ID="string_113" HPOS="970" VPOS="795" WIDTH="304" HEIGHT="48" WC="0.91" CONTENT="obligationerna,"/><SP WIDTH="28" VPOS="795" HPOS="1274"/>
							<String ID="string_114" HPOS="1302" VPOS="794" WIDTH="38" HEIGHT="36" WC="0.96" CONTENT="så"/><SP WIDTH="26" VPOS="794" HPOS="1340"/>
							<String ID="string_115" HPOS="1366" VPOS="793" WIDTH="142" HEIGHT="46" WC="0.96" CONTENT="förstås,"/><SP WIDTH="28" VPOS="793" HPOS="1508"/>
							<String ID="string_116" HPOS="1536" VPOS="800" WIDTH="55" HEIGHT="30" WC="0.91" CONTENT="att"/><SP WIDTH="28" VPOS="800" HPOS="1591"/>
							<String ID="string_117" HPOS="1619" VPOS="796" WIDTH="243" HEIGHT="42" WC="0.91" CONTENT="122,615,000"/><SP WIDTH="28" VPOS="796" HPOS="1862"/>
							<String ID="string_118" HPOS="1890" VPOS="794" WIDTH="140" HEIGHT="35" WC="0.96" CONTENT="kronor"/>
						</TextLine>
						<TextLine ID="line_12" HPOS="417" VPOS="841" WIDTH="1612" HEIGHT="52">
							<String ID="string_119" HPOS="417" VPOS="841" WIDTH="71" HEIGHT="40" WC="0.28" CONTENT="4&#39;2"/><SP WIDTH="28" VPOS="841" HPOS="488"/>
							<String ID="string_120" HPOS="516" VPOS="843" WIDTH="29" HEIGHT="44" WC="0.76" CONTENT="2,"/><SP WIDTH="28" VPOS="843" HPOS="545"/>
							<String ID="string_121" HPOS="573" VPOS="845" WIDTH="243" HEIGHT="45" WC="0.92" CONTENT="obligationer"/><SP WIDTH="40" VPOS="845" HPOS="816"/>
							<String ID="string_122" HPOS="856" VPOS="850" WIDTH="200" HEIGHT="31" WC="0.91" CONTENT="amorteras"/><SP WIDTH="39" VPOS="850" HPOS="1056"/>
							<String ID="string_123" HPOS="1095" VPOS="845" WIDTH="118" HEIGHT="37" WC="0.96" CONTENT="under"/><SP WIDTH="43" VPOS="845" HPOS="1213"/>
							<String ID="string_124" HPOS="1256" VPOS="849" WIDTH="44" HEIGHT="33" WC="0.96" CONTENT="25"/><SP WIDTH="43" VPOS="849" HPOS="1300"/>
							<String ID="string_125" HPOS="1343" VPOS="845" WIDTH="40" HEIGHT="35" WC="0.96" CONTENT="år"/><SP WIDTH="26" VPOS="845" HPOS="1383"/>
							<String ID="string_126" HPOS="1409" VPOS="858" WIDTH="134" HEIGHT="35" WC="0.96" CONTENT="genom"/><SP WIDTH="28" VPOS="858" HPOS="1543"/>
							<String ID="string_127" HPOS="1571" VPOS="858" WIDTH="45" HEIGHT="23" WC="0.96" CONTENT="en"/><SP WIDTH="28" VPOS="858" HPOS="1616"/>
							<String ID="string_128" HPOS="1644" VPOS="845" WIDTH="75" HEIGHT="35" WC="0.96" CONTENT="lika"/><SP WIDTH="27" VPOS="845" HPOS="1719"/>
							<String ID="string_129" HPOS="1746" VPOS="850" WIDTH="77" HEIGHT="30" WC="0.93" CONTENT="stor"/><SP WIDTH="27" VPOS="850" HPOS="1823"/>
							<String ID="string_130" HPOS="1850" VPOS="844" WIDTH="179" HEIGHT="43" WC="0.90" CONTENT="annuitet,"/>
						</TextLine>
						<TextLine ID="line_13" HPOS="417" VPOS="894" WIDTH="1612" HEIGHT="49">
							<String ID="string_131" HPOS="417" VPOS="907" WIDTH="81" HEIGHT="23" WC="0.96" CONTENT="som"/><SP WIDTH="29" VPOS="907" HPOS="498"/>
							<String ID="string_132" HPOS="527" VPOS="900" WIDTH="52" HEIGHT="31" WC="0.95" CONTENT="ett"/><SP WIDTH="28" VPOS="900" HPOS="579"/>
							<String ID="string_133" HPOS="607" VPOS="899" WIDTH="18" HEIGHT="32" WC="0.95" CONTENT="5"/><SP WIDTH="29" VPOS="899" HPOS="625"/>
							<String ID="string_134" HPOS="654" VPOS="894" WIDTH="28" HEIGHT="45" WC="0.60" CONTENT="4"/><SP WIDTH="28" VPOS="894" HPOS="682"/>
							<String ID="string_135" HPOS="710" VPOS="895" WIDTH="308" HEIGHT="48" WC="0.87" CONTENT="amorteringslån"/><SP WIDTH="29" VPOS="895" HPOS="1018"/>
							<String ID="string_136" HPOS="1047" VPOS="895" WIDTH="20" HEIGHT="36" WC="0.91" CONTENT="å"/><SP WIDTH="21" VPOS="895" HPOS="1067"/>
							<String ID="string_137" HPOS="1088" VPOS="899" WIDTH="242" HEIGHT="42" WC="0.76" CONTENT="116,545,000"/><SP WIDTH="20" VPOS="899" HPOS="1330"/>
							<String ID="string_138" HPOS="1350" VPOS="896" WIDTH="139" HEIGHT="35" WC="0.96" CONTENT="kronor"/><SP WIDTH="19" VPOS="896" HPOS="1489"/>
							<String ID="string_139" HPOS="1508" VPOS="895" WIDTH="119" HEIGHT="36" WC="0.96" CONTENT="under"/><SP WIDTH="18" VPOS="895" HPOS="1627"/>
							<String ID="string_140" HPOS="1645" VPOS="908" WIDTH="141" HEIGHT="23" WC="0.95" CONTENT="samma"/><SP WIDTH="18" VPOS="908" HPOS="1786"/>
							<String ID="string_141" HPOS="1804" VPOS="894" WIDTH="54" HEIGHT="36" WC="0.93" CONTENT="tid"/><SP WIDTH="20" VPOS="894" HPOS="1858"/>
							<String ID="string_142" HPOS="1878" VPOS="895" WIDTH="151" HEIGHT="35" WC="0.92" CONTENT="lemnar."/>
						</TextLine>
						<TextLine ID="line_14" HPOS="416" VPOS="944" WIDTH="1614" HEIGHT="50">
							<String ID="string_143" HPOS="416" VPOS="945" WIDTH="118" HEIGHT="36" WC="0.96" CONTENT="Tiden"/><SP WIDTH="29" VPOS="945" HPOS="534"/>
							<String ID="string_144" HPOS="563" VPOS="944" WIDTH="40" HEIGHT="37" WC="0.96" CONTENT="af"/><SP WIDTH="25" VPOS="944" HPOS="603"/>
							<String ID="string_145" HPOS="628" VPOS="949" WIDTH="42" HEIGHT="33" WC="0.96" CONTENT="25"/><SP WIDTH="30" VPOS="949" HPOS="670"/>
							<String ID="string_146" HPOS="700" VPOS="946" WIDTH="40" HEIGHT="35" WC="0.95" CONTENT="år"/><SP WIDTH="28" VPOS="946" HPOS="740"/>
							<String ID="string_147" HPOS="768" VPOS="953" WIDTH="40" HEIGHT="29" WC="0.96" CONTENT="är"/><SP WIDTH="26" VPOS="953" HPOS="808"/>
							<String ID="string_148" HPOS="834" VPOS="952" WIDTH="190" HEIGHT="42" WC="0.96" CONTENT="upptagen"/><SP WIDTH="28" VPOS="952" HPOS="1024"/>
							<String ID="string_149" HPOS="1052" VPOS="946" WIDTH="132" HEIGHT="45" WC="0.96" CONTENT="derför,"/><SP WIDTH="19" VPOS="946" HPOS="1184"/>
							<String ID="string_150" HPOS="1203" VPOS="952" WIDTH="55" HEIGHT="30" WC="0.96" CONTENT="att"/><SP WIDTH="28" VPOS="952" HPOS="1258"/>
							<String ID="string_151" HPOS="1286" VPOS="946" WIDTH="100" HEIGHT="37" WC="0.96" CONTENT="detta"/><SP WIDTH="26" VPOS="946" HPOS="1386"/>
							<String ID="string_152" HPOS="1412" VPOS="960" WIDTH="52" HEIGHT="22" WC="0.96" CONTENT="nu"/><SP WIDTH="28" VPOS="960" HPOS="1464"/>
							<String ID="string_153" HPOS="1492" VPOS="954" WIDTH="40" HEIGHT="28" WC="0.95" CONTENT="är"/><SP WIDTH="28" VPOS="954" HPOS="1532"/>
							<String ID="string_154" HPOS="1560" VPOS="946" WIDTH="70" HEIGHT="36" WC="0.96" CONTENT="den"/><SP WIDTH="18" VPOS="946" HPOS="1630"/>
							<String ID="string_155" HPOS="1648" VPOS="944" WIDTH="230" HEIGHT="37" WC="0.93" CONTENT="återstående"/><SP WIDTH="18" VPOS="944" HPOS="1878"/>
							<String ID="string_156" HPOS="1896" VPOS="945" WIDTH="134" HEIGHT="36" WC="0.93" CONTENT="medel-"/>
						</TextLine>
						<TextLine ID="line_15" HPOS="417" VPOS="995" WIDTH="1611" HEIGHT="50">
							<String ID="string_157" HPOS="417" VPOS="996" WIDTH="188" HEIGHT="48" WC="0.92" CONTENT="löpetiden"/><SP WIDTH="38" VPOS="996" HPOS="605"/>
							<String ID="string_158" HPOS="643" VPOS="996" WIDTH="58" HEIGHT="36" WC="0.96" CONTENT="för"/><SP WIDTH="36" VPOS="996" HPOS="701"/>
							<String ID="string_159" HPOS="737" VPOS="1001" WIDTH="19" HEIGHT="32" WC="0.94" CONTENT="5"/><SP WIDTH="29" VPOS="1001" HPOS="756"/>
							<String ID="string_160" HPOS="785" VPOS="996" WIDTH="30" HEIGHT="44" WC="0.73" CONTENT="9,"/><SP WIDTH="27" VPOS="996" HPOS="815"/>
							<String ID="string_161" HPOS="842" VPOS="997" WIDTH="117" HEIGHT="36" WC="0.95" CONTENT="lånen."/><SP WIDTH="53" VPOS="997" HPOS="959"/>
							<String ID="string_162" HPOS="1012" VPOS="997" WIDTH="132" HEIGHT="36" WC="0.94" CONTENT="Denna"/><SP WIDTH="26" VPOS="997" HPOS="1144"/>
							<String ID="string_163" HPOS="1170" VPOS="998" WIDTH="129" HEIGHT="47" WC="0.96" CONTENT="kalkyl"/><SP WIDTH="27" VPOS="998" HPOS="1299"/>
							<String ID="string_164" HPOS="1326" VPOS="998" WIDTH="97" HEIGHT="35" WC="0.96" CONTENT="visar"/><SP WIDTH="27" VPOS="998" HPOS="1423"/>
							<String ID="string_165" HPOS="1450" VPOS="1003" WIDTH="51" HEIGHT="30" WC="0.93" CONTENT="ett"/><SP WIDTH="26" VPOS="1003" HPOS="1501"/>
							<String ID="string_166" HPOS="1527" VPOS="995" WIDTH="395" HEIGHT="45" WC="0.89" CONTENT="ränteskilnadsvärde,"/><SP WIDTH="28" VPOS="995" HPOS="1922"/>
							<String ID="string_167" HPOS="1950" VPOS="1009" WIDTH="78" HEIGHT="23" WC="0.96" CONTENT="som"/>
						</TextLine>
						<TextLine ID="line_16" HPOS="416" VPOS="1046" WIDTH="994" HEIGHT="48">
							<String ID="string_168" HPOS="416" VPOS="1046" WIDTH="87" HEIGHT="36" WC="0.92" CONTENT="med"/><SP WIDTH="30" VPOS="1046" HPOS="503"/>
							<String ID="string_169" HPOS="533" VPOS="1050" WIDTH="155" HEIGHT="42" WC="0.92" CONTENT="622,000"/><SP WIDTH="27" VPOS="1050" HPOS="688"/>
							<String ID="string_170" HPOS="715" VPOS="1047" WIDTH="143" HEIGHT="36" WC="0.93" CONTENT="kronor"/><SP WIDTH="26" VPOS="1047" HPOS="858"/>
							<String ID="string_171" HPOS="884" VPOS="1047" WIDTH="217" HEIGHT="47" WC="0.91" CONTENT="öfverstiger"/><SP WIDTH="27" VPOS="1047" HPOS="1101"/>
							<String ID="string_172" HPOS="1128" VPOS="1047" WIDTH="60" HEIGHT="37" WC="0.96" CONTENT="det"/><SP WIDTH="27" VPOS="1047" HPOS="1188"/>
							<String ID="string_173" HPOS="1215" VPOS="1047" WIDTH="195" HEIGHT="37" WC="0.96" CONTENT="bokförda."/>
						</TextLine>
					</TextBlock>
					<TextBlock ID="block_3" HPOS="416" VPOS="1097" WIDTH="1615" HEIGHT="494">
						<TextLine ID="line_17" HPOS="519" VPOS="1097" WIDTH="1510" HEIGHT="50">
							<String ID="string_174" HPOS="519" VPOS="1097" WIDTH="85" HEIGHT="36" WC="0.96" CONTENT="Men"/><SP WIDTH="26" VPOS="1097" HPOS="604"/>
							<String ID="string_175" HPOS="630" VPOS="1097" WIDTH="169" HEIGHT="49" WC="0.96" CONTENT="tydligen"/><SP WIDTH="29" VPOS="1097" HPOS="799"/>
							<String ID="string_176" HPOS="828" VPOS="1105" WIDTH="62" HEIGHT="28" WC="0.96" CONTENT="äro"/><SP WIDTH="27" VPOS="1105" HPOS="890"/>
							<String ID="string_177" HPOS="917" VPOS="1099" WIDTH="82" HEIGHT="35" WC="0.96" CONTENT="icke"/><SP WIDTH="27" VPOS="1099" HPOS="999"/>
							<String ID="string_178" HPOS="1026" VPOS="1099" WIDTH="115" HEIGHT="35" WC="0.95" CONTENT="heller"/><SP WIDTH="27" VPOS="1099" HPOS="1141"/>
							<String ID="string_179" HPOS="1168" VPOS="1098" WIDTH="212" HEIGHT="46" WC="0.96" CONTENT="grunderna"/><SP WIDTH="26" VPOS="1098" HPOS="1380"/>
							<String ID="string_180" HPOS="1406" VPOS="1098" WIDTH="59" HEIGHT="36" WC="0.96" CONTENT="för"/><SP WIDTH="27" VPOS="1098" HPOS="1465"/>
							<String ID="string_181" HPOS="1492" VPOS="1098" WIDTH="122" HEIGHT="37" WC="0.96" CONTENT="denna"/><SP WIDTH="26" VPOS="1098" HPOS="1614"/>
							<String ID="string_182" HPOS="1640" VPOS="1099" WIDTH="129" HEIGHT="48" WC="0.93" CONTENT="kalkyl"/><SP WIDTH="15" VPOS="1099" HPOS="1769"/>
							<String ID="string_183" HPOS="1784" VPOS="1097" WIDTH="245" HEIGHT="47" WC="0.89" CONTENT="odisputabla."/>
						</TextLine>
						<TextLine ID="line_18" HPOS="418" VPOS="1146" WIDTH="1612" HEIGHT="51">
							<String ID="string_184" HPOS="418" VPOS="1146" WIDTH="47" HEIGHT="38" WC="0.95" CONTENT="Så"/><SP WIDTH="40" VPOS="1146" HPOS="465"/>
							<String ID="string_185" HPOS="505" VPOS="1149" WIDTH="179" HEIGHT="35" WC="0.96" CONTENT="beräknas"/><SP WIDTH="39" VPOS="1149" HPOS="684"/>
							<String ID="string_186" HPOS="723" VPOS="1148" WIDTH="95" HEIGHT="36" WC="0.96" CONTENT="både"/><SP WIDTH="41" VPOS="1148" HPOS="818"/>
							<String ID="string_187" HPOS="859" VPOS="1153" WIDTH="20" HEIGHT="31" WC="0.92" CONTENT="4"/><SP WIDTH="29" VPOS="1153" HPOS="879"/>
							<String ID="string_188" HPOS="908" VPOS="1152" WIDTH="28" HEIGHT="40" WC="0.68" CONTENT="”,"/><SP WIDTH="27" VPOS="1152" HPOS="936"/>
							<String ID="string_189" HPOS="963" VPOS="1148" WIDTH="110" HEIGHT="37" WC="0.96" CONTENT="lånen"/><SP WIDTH="37" VPOS="1148" HPOS="1073"/>
							<String ID="string_190" HPOS="1110" VPOS="1149" WIDTH="68" HEIGHT="36" WC="0.96" CONTENT="och"/><SP WIDTH="28" VPOS="1149" HPOS="1178"/>
							<String ID="string_191" HPOS="1206" VPOS="1149" WIDTH="141" HEIGHT="36" WC="0.95" CONTENT="diverse"/><SP WIDTH="27" VPOS="1149" HPOS="1347"/>
							<String ID="string_192" HPOS="1374" VPOS="1148" WIDTH="188" HEIGHT="46" WC="0.70" CONTENT="tillfälliga"/><SP WIDTH="26" VPOS="1148" HPOS="1562"/>
							<String ID="string_193" HPOS="1588" VPOS="1149" WIDTH="202" HEIGHT="48" WC="0.93" CONTENT="tillgångar"/><SP WIDTH="27" VPOS="1149" HPOS="1790"/>
							<String ID="string_194" HPOS="1817" VPOS="1148" WIDTH="20" HEIGHT="36" WC="0.35" CONTENT="å"/><SP WIDTH="28" VPOS="1148" HPOS="1837"/>
							<String ID="string_195" HPOS="1865" VPOS="1153" WIDTH="20" HEIGHT="31" WC="0.96" CONTENT="4"/><SP WIDTH="29" VPOS="1153" HPOS="1885"/>
							<String ID="string_196" HPOS="1914" VPOS="1147" WIDTH="29" HEIGHT="45" WC="0.72" CONTENT="94;"/><SP WIDTH="28" VPOS="1147" HPOS="1943"/>
							<String ID="string_197" HPOS="1971" VPOS="1147" WIDTH="59" HEIGHT="36" WC="0.96" CONTENT="för"/>
						</TextLine>
						<TextLine ID="line_19" HPOS="418" VPOS="1198" WIDTH="1611" HEIGHT="49">
							<String ID="string_198" HPOS="418" VPOS="1212" WIDTH="45" HEIGHT="23" WC="0.95" CONTENT="en"/><SP WIDTH="28" VPOS="1212" HPOS="463"/>
							<String ID="string_199" HPOS="491" VPOS="1198" WIDTH="56" HEIGHT="36" WC="0.96" CONTENT="tid"/><SP WIDTH="28" VPOS="1198" HPOS="547"/>
							<String ID="string_200" HPOS="575" VPOS="1198" WIDTH="40" HEIGHT="36" WC="0.96" CONTENT="af"/><SP WIDTH="25" VPOS="1198" HPOS="615"/>
							<String ID="string_201" HPOS="640" VPOS="1202" WIDTH="43" HEIGHT="33" WC="0.96" CONTENT="25"/><SP WIDTH="30" VPOS="1202" HPOS="683"/>
							<String ID="string_202" HPOS="713" VPOS="1199" WIDTH="50" HEIGHT="45" WC="0.96" CONTENT="år,"/><SP WIDTH="28" VPOS="1199" HPOS="763"/>
							<String ID="string_203" HPOS="791" VPOS="1199" WIDTH="118" HEIGHT="36" WC="0.96" CONTENT="ehuru"/><SP WIDTH="27" VPOS="1199" HPOS="909"/>
							<String ID="string_204" HPOS="936" VPOS="1200" WIDTH="45" HEIGHT="35" WC="0.96" CONTENT="de"/><SP WIDTH="27" VPOS="1200" HPOS="981"/>
							<String ID="string_205" HPOS="1008" VPOS="1199" WIDTH="101" HEIGHT="36" WC="0.96" CONTENT="förra"/><SP WIDTH="26" VPOS="1199" HPOS="1109"/>
							<String ID="string_206" HPOS="1135" VPOS="1207" WIDTH="63" HEIGHT="28" WC="0.93" CONTENT="äro"/><SP WIDTH="28" VPOS="1207" HPOS="1198"/>
							<String ID="string_207" HPOS="1226" VPOS="1200" WIDTH="235" HEIGHT="47" WC="0.91" CONTENT="uppsägbara"/><SP WIDTH="27" VPOS="1200" HPOS="1461"/>
							<String ID="string_208" HPOS="1488" VPOS="1198" WIDTH="92" HEIGHT="37" WC="0.96" CONTENT="efter"/><SP WIDTH="29" VPOS="1198" HPOS="1580"/>
							<String ID="string_209" HPOS="1609" VPOS="1203" WIDTH="44" HEIGHT="33" WC="0.96" CONTENT="10"/><SP WIDTH="29" VPOS="1203" HPOS="1653"/>
							<String ID="string_210" HPOS="1682" VPOS="1199" WIDTH="40" HEIGHT="36" WC="0.96" CONTENT="år"/><SP WIDTH="19" VPOS="1199" HPOS="1722"/>
							<String ID="string_211" HPOS="1741" VPOS="1199" WIDTH="68" HEIGHT="36" WC="0.96" CONTENT="och"/><SP WIDTH="20" VPOS="1199" HPOS="1809"/>
							<String ID="string_212" HPOS="1829" VPOS="1198" WIDTH="45" HEIGHT="37" WC="0.96" CONTENT="de"/><SP WIDTH="18" VPOS="1198" HPOS="1874"/>
							<String ID="string_213" HPOS="1892" VPOS="1212" WIDTH="137" HEIGHT="31" WC="0.95" CONTENT="senare,"/>
						</TextLine>
						<TextLine ID="line_20" HPOS="418" VPOS="1248" WIDTH="1612" HEIGHT="46">
							<String ID="string_214" HPOS="418" VPOS="1263" WIDTH="62" HEIGHT="22" WC="0.96" CONTENT="om"/><SP WIDTH="29" VPOS="1263" HPOS="480"/>
							<String ID="string_215" HPOS="509" VPOS="1250" WIDTH="70" HEIGHT="35" WC="0.96" CONTENT="ock"/><SP WIDTH="26" VPOS="1250" HPOS="579"/>
							<String ID="string_216" HPOS="605" VPOS="1248" WIDTH="58" HEIGHT="37" WC="0.96" CONTENT="för"/><SP WIDTH="26" VPOS="1248" HPOS="663"/>
							<String ID="string_217" HPOS="689" VPOS="1250" WIDTH="231" HEIGHT="36" WC="0.95" CONTENT="närvarande"/><SP WIDTH="27" VPOS="1250" HPOS="920"/>
							<String ID="string_218" HPOS="947" VPOS="1251" WIDTH="11" HEIGHT="34" WC="0.96" CONTENT="i"/><SP WIDTH="28" VPOS="1251" HPOS="958"/>
							<String ID="string_219" HPOS="986" VPOS="1250" WIDTH="174" HEIGHT="36" WC="0.93" CONTENT="medeltal"/><SP WIDTH="27" VPOS="1250" HPOS="1160"/>
							<String ID="string_220" HPOS="1187" VPOS="1249" WIDTH="213" HEIGHT="37" WC="0.91" CONTENT="förräntade"/><SP WIDTH="27" VPOS="1249" HPOS="1400"/>
							<String ID="string_221" HPOS="1427" VPOS="1249" WIDTH="94" HEIGHT="37" WC="0.96" CONTENT="efter"/><SP WIDTH="27" VPOS="1249" HPOS="1521"/>
							<String ID="string_222" HPOS="1548" VPOS="1254" WIDTH="22" HEIGHT="32" WC="0.96" CONTENT="4"/><SP WIDTH="27" VPOS="1254" HPOS="1570"/>
							<String ID="string_223" HPOS="1597" VPOS="1248" WIDTH="39" HEIGHT="46" WC="0.39" CONTENT="2,"/><SP WIDTH="28" VPOS="1248" HPOS="1636"/>
							<String ID="string_224" HPOS="1664" VPOS="1258" WIDTH="63" HEIGHT="28" WC="0.96" CONTENT="äro"/><SP WIDTH="27" VPOS="1258" HPOS="1727"/>
							<String ID="string_225" HPOS="1754" VPOS="1257" WIDTH="68" HEIGHT="29" WC="0.96" CONTENT="när"/><SP WIDTH="19" VPOS="1257" HPOS="1822"/>
							<String ID="string_226" HPOS="1841" VPOS="1263" WIDTH="80" HEIGHT="22" WC="0.96" CONTENT="som"/><SP WIDTH="14" VPOS="1263" HPOS="1921"/>
							<String ID="string_227" HPOS="1935" VPOS="1249" WIDTH="95" HEIGHT="36" WC="0.96" CONTENT="helst"/>
						</TextLine>
						<TextLine ID="line_21" HPOS="418" VPOS="1300" WIDTH="1613" HEIGHT="49">
							<String ID="string_228" HPOS="418" VPOS="1301" WIDTH="90" HEIGHT="35" WC="0.94" CONTENT="eller"/><SP WIDTH="40" VPOS="1301" HPOS="508"/>
							<String ID="string_229" HPOS="548" VPOS="1301" WIDTH="101" HEIGHT="35" WC="0.96" CONTENT="inom"/><SP WIDTH="38" VPOS="1301" HPOS="649"/>
							<String ID="string_230" HPOS="687" VPOS="1301" WIDTH="86" HEIGHT="36" WC="0.96" CONTENT="kort"/><SP WIDTH="38" VPOS="1301" HPOS="773"/>
							<String ID="string_231" HPOS="811" VPOS="1300" WIDTH="55" HEIGHT="36" WC="0.96" CONTENT="tid"/><SP WIDTH="39" VPOS="1300" HPOS="866"/>
							<String ID="string_232" HPOS="905" VPOS="1301" WIDTH="148" HEIGHT="48" WC="0.93" CONTENT="rörliga."/><SP WIDTH="53" VPOS="1301" HPOS="1053"/>
							<String ID="string_233" HPOS="1106" VPOS="1300" WIDTH="71" HEIGHT="37" WC="0.96" CONTENT="Det"/><SP WIDTH="35" VPOS="1300" HPOS="1177"/>
							<String ID="string_234" HPOS="1212" VPOS="1302" WIDTH="74" HEIGHT="34" WC="0.95" CONTENT="kan"/><SP WIDTH="28" VPOS="1302" HPOS="1286"/>
							<String ID="string_235" HPOS="1314" VPOS="1300" WIDTH="137" HEIGHT="37" WC="0.96" CONTENT="således"/><SP WIDTH="27" VPOS="1300" HPOS="1451"/>
							<String ID="string_236" HPOS="1478" VPOS="1302" WIDTH="80" HEIGHT="35" WC="0.96" CONTENT="icke"/><SP WIDTH="26" VPOS="1302" HPOS="1558"/>
							<String ID="string_237" HPOS="1584" VPOS="1300" WIDTH="58" HEIGHT="36" WC="0.96" CONTENT="för"/><SP WIDTH="26" VPOS="1300" HPOS="1642"/>
							<String ID="string_238" HPOS="1668" VPOS="1301" WIDTH="91" HEIGHT="36" WC="0.92" CONTENT="visst"/><SP WIDTH="26" VPOS="1301" HPOS="1759"/>
							<String ID="string_239" HPOS="1785" VPOS="1306" WIDTH="163" HEIGHT="41" WC="0.92" CONTENT="antagas,"/><SP WIDTH="28" VPOS="1306" HPOS="1948"/>
							<String ID="string_240" HPOS="1976" VPOS="1305" WIDTH="55" HEIGHT="30" WC="0.96" CONTENT="att"/>
						</TextLine>
						<TextLine ID="line_22" HPOS="418" VPOS="1350" WIDTH="1612" HEIGHT="49">
							<String ID="string_241" HPOS="418" VPOS="1351" WIDTH="106" HEIGHT="36" WC="0.96" CONTENT="dessa"/><SP WIDTH="27" VPOS="1351" HPOS="524"/>
							<String ID="string_242" HPOS="551" VPOS="1352" WIDTH="230" HEIGHT="47" WC="0.96" CONTENT="placeringar"/><SP WIDTH="26" VPOS="1352" HPOS="781"/>
							<String ID="string_243" HPOS="807" VPOS="1352" WIDTH="118" HEIGHT="35" WC="0.96" CONTENT="under"/><SP WIDTH="28" VPOS="1352" HPOS="925"/>
							<String ID="string_244" HPOS="953" VPOS="1355" WIDTH="45" HEIGHT="33" WC="0.94" CONTENT="25"/><SP WIDTH="30" VPOS="1355" HPOS="998"/>
							<String ID="string_245" HPOS="1028" VPOS="1352" WIDTH="40" HEIGHT="35" WC="0.96" CONTENT="år"/><SP WIDTH="27" VPOS="1352" HPOS="1068"/>
							<String ID="string_246" HPOS="1095" VPOS="1352" WIDTH="122" HEIGHT="35" WC="0.96" CONTENT="lemna"/><SP WIDTH="29" VPOS="1352" HPOS="1217"/>
							<String ID="string_247" HPOS="1246" VPOS="1355" WIDTH="20" HEIGHT="32" WC="0.96" CONTENT="4"/><SP WIDTH="29" VPOS="1355" HPOS="1266"/>
							<String ID="string_248" HPOS="1295" VPOS="1352" WIDTH="29" HEIGHT="43" WC="0.67" CONTENT="4"/><SP WIDTH="27" VPOS="1352" HPOS="1324"/>
							<String ID="string_249" HPOS="1351" VPOS="1357" WIDTH="115" HEIGHT="30" WC="0.95" CONTENT="ränta."/><SP WIDTH="36" VPOS="1357" HPOS="1466"/>
							<String ID="string_250" HPOS="1502" VPOS="1351" WIDTH="85" HEIGHT="36" WC="0.96" CONTENT="Men"/><SP WIDTH="28" VPOS="1351" HPOS="1587"/>
							<String ID="string_251" HPOS="1615" VPOS="1351" WIDTH="122" HEIGHT="36" WC="0.96" CONTENT="denna"/><SP WIDTH="19" VPOS="1351" HPOS="1737"/>
							<String ID="string_252" HPOS="1756" VPOS="1350" WIDTH="274" HEIGHT="46" WC="0.96" CONTENT="omständighet"/>
						</TextLine>
						<TextLine ID="line_23" HPOS="418" VPOS="1401" WIDTH="1612" HEIGHT="49">
							<String ID="string_253" HPOS="418" VPOS="1414" WIDTH="109" HEIGHT="36" WC="0.96" CONTENT="synes"/><SP WIDTH="27" VPOS="1414" HPOS="527"/>
							<String ID="string_254" HPOS="554" VPOS="1415" WIDTH="78" HEIGHT="23" WC="0.96" CONTENT="mer"/><SP WIDTH="26" VPOS="1415" HPOS="632"/>
							<String ID="string_255" HPOS="658" VPOS="1409" WIDTH="46" HEIGHT="28" WC="0.92" CONTENT="än"/><SP WIDTH="27" VPOS="1409" HPOS="704"/>
							<String ID="string_256" HPOS="731" VPOS="1409" WIDTH="192" HEIGHT="41" WC="0.92" CONTENT="uppvägas"/><SP WIDTH="28" VPOS="1409" HPOS="923"/>
							<String ID="string_257" HPOS="951" VPOS="1402" WIDTH="113" HEIGHT="45" WC="0.96" CONTENT="deraf,"/><SP WIDTH="28" VPOS="1402" HPOS="1064"/>
							<String ID="string_258" HPOS="1092" VPOS="1408" WIDTH="53" HEIGHT="30" WC="0.96" CONTENT="att"/><SP WIDTH="26" VPOS="1408" HPOS="1145"/>
							<String ID="string_259" HPOS="1171" VPOS="1403" WIDTH="74" HEIGHT="35" WC="0.93" CONTENT="alla"/><SP WIDTH="34" VPOS="1403" HPOS="1245"/>
							<String ID="string_260" HPOS="1279" VPOS="1402" WIDTH="159" HEIGHT="36" WC="0.84" CONTENT="»diverse"/><SP WIDTH="27" VPOS="1402" HPOS="1438"/>
							<String ID="string_261" HPOS="1465" VPOS="1401" WIDTH="219" HEIGHT="48" WC="0.95" CONTENT="tillgångar»"/><SP WIDTH="33" VPOS="1401" HPOS="1684"/>
							<String ID="string_262" HPOS="1717" VPOS="1402" WIDTH="80" HEIGHT="36" WC="0.96" CONTENT="icke"/><SP WIDTH="35" VPOS="1402" HPOS="1797"/>
							<String ID="string_263" HPOS="1832" VPOS="1409" WIDTH="63" HEIGHT="28" WC="0.93" CONTENT="äro"/><SP WIDTH="38" VPOS="1409" HPOS="1895"/>
							<String ID="string_264" HPOS="1933" VPOS="1401" WIDTH="97" HEIGHT="36" WC="0.92" CONTENT="med-"/>
						</TextLine>
						<TextLine ID="line_24" HPOS="416" VPOS="1450" WIDTH="1615" HEIGHT="51">
							<String ID="string_265" HPOS="416" VPOS="1459" WIDTH="117" HEIGHT="39" WC="0.96" CONTENT="tagna"/><SP WIDTH="26" VPOS="1459" HPOS="533"/>
							<String ID="string_266" HPOS="559" VPOS="1453" WIDTH="12" HEIGHT="35" WC="0.96" CONTENT="i"/><SP WIDTH="27" VPOS="1453" HPOS="571"/>
							<String ID="string_267" HPOS="598" VPOS="1453" WIDTH="251" HEIGHT="48" WC="0.96" CONTENT="beräkningen"/><SP WIDTH="39" VPOS="1453" HPOS="849"/>
							<String ID="string_268" HPOS="888" VPOS="1459" WIDTH="95" HEIGHT="29" WC="0.96" CONTENT="samt"/><SP WIDTH="27" VPOS="1459" HPOS="983"/>
							<String ID="string_269" HPOS="1010" VPOS="1458" WIDTH="55" HEIGHT="31" WC="0.93" CONTENT="att"/><SP WIDTH="28" VPOS="1458" HPOS="1065"/>
							<String ID="string_270" HPOS="1093" VPOS="1450" WIDTH="68" HEIGHT="40" WC="0.10" CONTENT="4”/+"/><SP WIDTH="27" VPOS="1450" HPOS="1161"/>
							<String ID="string_271" HPOS="1188" VPOS="1452" WIDTH="29" HEIGHT="43" WC="0.67" CONTENT="2;"/><SP WIDTH="27" VPOS="1452" HPOS="1217"/>
							<String ID="string_272" HPOS="1244" VPOS="1452" WIDTH="109" HEIGHT="37" WC="0.96" CONTENT="lånen"/><SP WIDTH="28" VPOS="1452" HPOS="1353"/>
							<String ID="string_273" HPOS="1381" VPOS="1460" WIDTH="63" HEIGHT="28" WC="0.96" CONTENT="äro"/><SP WIDTH="29" VPOS="1460" HPOS="1444"/>
							<String ID="string_274" HPOS="1473" VPOS="1453" WIDTH="212" HEIGHT="36" WC="0.96" CONTENT="beräknade"/><SP WIDTH="28" VPOS="1453" HPOS="1685"/>
							<String ID="string_275" HPOS="1713" VPOS="1452" WIDTH="130" HEIGHT="37" WC="0.96" CONTENT="endast"/><SP WIDTH="25" VPOS="1452" HPOS="1843"/>
							<String ID="string_276" HPOS="1868" VPOS="1453" WIDTH="59" HEIGHT="35" WC="0.93" CONTENT="till"/><SP WIDTH="28" VPOS="1453" HPOS="1927"/>
							<String ID="string_277" HPOS="1955" VPOS="1465" WIDTH="76" HEIGHT="22" WC="0.93" CONTENT="om-"/>
						</TextLine>
						<TextLine ID="line_25" HPOS="418" VPOS="1500" WIDTH="1612" HEIGHT="51">
							<String ID="string_278" HPOS="418" VPOS="1504" WIDTH="112" HEIGHT="47" WC="0.93" CONTENT="kring"/><SP WIDTH="26" VPOS="1504" HPOS="530"/>
							<String ID="string_279" HPOS="556" VPOS="1500" WIDTH="39" HEIGHT="41" WC="0.58" CONTENT="”3"/><SP WIDTH="27" VPOS="1500" HPOS="595"/>
							<String ID="string_280" HPOS="622" VPOS="1503" WIDTH="40" HEIGHT="36" WC="0.96" CONTENT="af"/><SP WIDTH="23" VPOS="1503" HPOS="662"/>
							<String ID="string_281" HPOS="685" VPOS="1504" WIDTH="104" HEIGHT="35" WC="0.93" CONTENT="deras"/><SP WIDTH="28" VPOS="1504" HPOS="789"/>
							<String ID="string_282" HPOS="817" VPOS="1503" WIDTH="148" HEIGHT="47" WC="0.91" CONTENT="löpetid."/><SP WIDTH="35" VPOS="1503" HPOS="965"/>
							<String ID="string_283" HPOS="1000" VPOS="1503" WIDTH="233" HEIGHT="37" WC="0.91" CONTENT="Beräknades"/><SP WIDTH="29" VPOS="1503" HPOS="1233"/>
							<String ID="string_284" HPOS="1262" VPOS="1504" WIDTH="104" HEIGHT="35" WC="0.96" CONTENT="dessa"/><SP WIDTH="25" VPOS="1504" HPOS="1366"/>
							<String ID="string_285" HPOS="1391" VPOS="1503" WIDTH="61" HEIGHT="36" WC="0.96" CONTENT="lån"/><SP WIDTH="28" VPOS="1503" HPOS="1452"/>
							<String ID="string_286" HPOS="1480" VPOS="1503" WIDTH="58" HEIGHT="37" WC="0.95" CONTENT="för"/><SP WIDTH="27" VPOS="1503" HPOS="1538"/>
							<String ID="string_287" HPOS="1565" VPOS="1504" WIDTH="83" HEIGHT="35" WC="0.95" CONTENT="hela"/><SP WIDTH="18" VPOS="1504" HPOS="1648"/>
							<String ID="string_288" HPOS="1666" VPOS="1504" WIDTH="55" HEIGHT="35" WC="0.93" CONTENT="sin"/><SP WIDTH="20" VPOS="1504" HPOS="1721"/>
							<String ID="string_289" HPOS="1741" VPOS="1503" WIDTH="149" HEIGHT="48" WC="0.89" CONTENT="löpetid,"/><SP WIDTH="20" VPOS="1503" HPOS="1890"/>
							<String ID="string_290" HPOS="1910" VPOS="1503" WIDTH="120" HEIGHT="35" WC="0.96" CONTENT="skulle"/>
						</TextLine>
						<TextLine ID="line_26" HPOS="417" VPOS="1552" WIDTH="1251" HEIGHT="39">
							<String ID="string_291" HPOS="417" VPOS="1554" WIDTH="403" HEIGHT="37" WC="0.91" CONTENT="ränteskilnadsvärdet"/><SP WIDTH="26" VPOS="1554" HPOS="820"/>
							<String ID="string_292" HPOS="846" VPOS="1555" WIDTH="88" HEIGHT="36" WC="0.96" CONTENT="ökas"/><SP WIDTH="27" VPOS="1555" HPOS="934"/>
							<String ID="string_293" HPOS="961" VPOS="1554" WIDTH="84" HEIGHT="36" WC="0.96" CONTENT="med"/><SP WIDTH="28" VPOS="1554" HPOS="1045"/>
							<String ID="string_294" HPOS="1073" VPOS="1567" WIDTH="77" HEIGHT="23" WC="0.96" CONTENT="mer"/><SP WIDTH="28" VPOS="1567" HPOS="1150"/>
							<String ID="string_295" HPOS="1178" VPOS="1562" WIDTH="46" HEIGHT="28" WC="0.93" CONTENT="än"/><SP WIDTH="31" VPOS="1562" HPOS="1224"/>
							<String ID="string_296" HPOS="1255" VPOS="1552" WIDTH="68" HEIGHT="39" WC="0.85" CONTENT="1&#39;/2"/><SP WIDTH="27" VPOS="1552" HPOS="1323"/>
							<String ID="string_297" HPOS="1350" VPOS="1555" WIDTH="144" HEIGHT="35" WC="0.95" CONTENT="million"/><SP WIDTH="27" VPOS="1555" HPOS="1494"/>
							<String ID="string_298" HPOS="1521" VPOS="1555" WIDTH="147" HEIGHT="35" WC="0.96" CONTENT="kronor."/>
						</TextLine>
					</TextBlock>
					<TextBlock ID="block_4" HPOS="416" VPOS="1604" WIDTH="1615" HEIGHT="405">
						<TextLine ID="line_27" HPOS="520" VPOS="1604" WIDTH="1510" HEIGHT="50">
							<String ID="string_299" HPOS="520" VPOS="1604" WIDTH="76" HEIGHT="37" WC="0.96" CONTENT="Min"/><SP WIDTH="29" VPOS="1604" HPOS="596"/>
							<String ID="string_300" HPOS="625" VPOS="1604" WIDTH="242" HEIGHT="50" WC="0.96" CONTENT="uppfattning"/><SP WIDTH="27" VPOS="1604" HPOS="867"/>
							<String ID="string_301" HPOS="894" VPOS="1613" WIDTH="50" HEIGHT="37" WC="0.96" CONTENT="är,"/><SP WIDTH="27" VPOS="1613" HPOS="944"/>
							<String ID="string_302" HPOS="971" VPOS="1611" WIDTH="55" HEIGHT="30" WC="0.96" CONTENT="att"/><SP WIDTH="26" VPOS="1611" HPOS="1026"/>
							<String ID="string_303" HPOS="1052" VPOS="1606" WIDTH="94" HEIGHT="35" WC="0.93" CONTENT="intet"/><SP WIDTH="25" VPOS="1606" HPOS="1146"/>
							<String ID="string_304" HPOS="1171" VPOS="1604" WIDTH="130" HEIGHT="37" WC="0.92" CONTENT="tvifvel"/><SP WIDTH="27" VPOS="1604" HPOS="1301"/>
							<String ID="string_305" HPOS="1328" VPOS="1605" WIDTH="72" HEIGHT="36" WC="0.96" CONTENT="kan"/><SP WIDTH="28" VPOS="1605" HPOS="1400"/>
							<String ID="string_306" HPOS="1428" VPOS="1604" WIDTH="91" HEIGHT="37" WC="0.96" CONTENT="råda"/><SP WIDTH="27" VPOS="1604" HPOS="1519"/>
							<String ID="string_307" HPOS="1546" VPOS="1605" WIDTH="137" HEIGHT="44" WC="0.96" CONTENT="derom,"/><SP WIDTH="19" VPOS="1605" HPOS="1683"/>
							<String ID="string_308" HPOS="1702" VPOS="1610" WIDTH="54" HEIGHT="30" WC="0.96" CONTENT="att"/><SP WIDTH="18" VPOS="1610" HPOS="1756"/>
							<String ID="string_309" HPOS="1774" VPOS="1605" WIDTH="166" HEIGHT="36" WC="0.91" CONTENT="bankens"/><SP WIDTH="19" VPOS="1605" HPOS="1940"/>
							<String ID="string_310" HPOS="1959" VPOS="1605" WIDTH="71" HEIGHT="34" WC="0.91" CONTENT="till-"/>
						</TextLine>
						<TextLine ID="line_28" HPOS="418" VPOS="1655" WIDTH="1613" HEIGHT="49">
							<String ID="string_311" HPOS="418" VPOS="1655" WIDTH="143" HEIGHT="49" WC="0.96" CONTENT="gångar"/><SP WIDTH="25" VPOS="1655" HPOS="561"/>
							<String ID="string_312" HPOS="586" VPOS="1657" WIDTH="61" HEIGHT="35" WC="0.92" CONTENT="väl"/><SP WIDTH="25" VPOS="1657" HPOS="647"/>
							<String ID="string_313" HPOS="672" VPOS="1655" WIDTH="113" HEIGHT="37" WC="0.90" CONTENT="förslå"/><SP WIDTH="25" VPOS="1655" HPOS="785"/>
							<String ID="string_314" HPOS="810" VPOS="1656" WIDTH="59" HEIGHT="35" WC="0.93" CONTENT="till"/><SP WIDTH="26" VPOS="1656" HPOS="869"/>
							<String ID="string_315" HPOS="895" VPOS="1656" WIDTH="229" HEIGHT="36" WC="0.91" CONTENT="betäckande"/><SP WIDTH="27" VPOS="1656" HPOS="1124"/>
							<String ID="string_316" HPOS="1151" VPOS="1655" WIDTH="39" HEIGHT="36" WC="0.93" CONTENT="af"/><SP WIDTH="24" VPOS="1655" HPOS="1190"/>
							<String ID="string_317" HPOS="1214" VPOS="1656" WIDTH="365" HEIGHT="46" WC="0.91" CONTENT="kapitalrabatterna,"/><SP WIDTH="28" VPOS="1656" HPOS="1579"/>
							<String ID="string_318" HPOS="1607" VPOS="1656" WIDTH="94" HEIGHT="36" WC="0.96" CONTENT="helst"/><SP WIDTH="27" VPOS="1656" HPOS="1701"/>
							<String ID="string_319" HPOS="1728" VPOS="1669" WIDTH="61" HEIGHT="22" WC="0.96" CONTENT="om"/><SP WIDTH="27" VPOS="1669" HPOS="1789"/>
							<String ID="string_320" HPOS="1816" VPOS="1669" WIDTH="86" HEIGHT="22" WC="0.96" CONTENT="man"/><SP WIDTH="24" VPOS="1669" HPOS="1902"/>
							<String ID="string_321" HPOS="1926" VPOS="1660" WIDTH="105" HEIGHT="42" WC="0.96" CONTENT="tager"/>
						</TextLine>
						<TextLine ID="line_29" HPOS="416" VPOS="1705" WIDTH="1613" HEIGHT="49">
							<String ID="string_322" HPOS="416" VPOS="1708" WIDTH="27" HEIGHT="46" WC="0.95" CONTENT="i"/><SP WIDTH="13" VPOS="1708" HPOS="443"/>
							<String ID="string_323" HPOS="456" VPOS="1707" WIDTH="207" HEIGHT="46" WC="0.95" CONTENT="beräkning"/><SP WIDTH="39" VPOS="1707" HPOS="663"/>
							<String ID="string_324" HPOS="702" VPOS="1706" WIDTH="71" HEIGHT="37" WC="0.96" CONTENT="den"/><SP WIDTH="41" VPOS="1706" HPOS="773"/>
							<String ID="string_325" HPOS="814" VPOS="1706" WIDTH="162" HEIGHT="36" WC="0.93" CONTENT="samlade"/><SP WIDTH="40" VPOS="1706" HPOS="976"/>
							<String ID="string_326" HPOS="1016" VPOS="1705" WIDTH="261" HEIGHT="38" WC="0.90" CONTENT="reservfonden"/><SP WIDTH="40" VPOS="1705" HPOS="1277"/>
							<String ID="string_327" HPOS="1317" VPOS="1707" WIDTH="68" HEIGHT="35" WC="0.96" CONTENT="och"/><SP WIDTH="40" VPOS="1707" HPOS="1385"/>
							<String ID="string_328" HPOS="1425" VPOS="1706" WIDTH="71" HEIGHT="36" WC="0.96" CONTENT="den"/><SP WIDTH="28" VPOS="1706" HPOS="1496"/>
							<String ID="string_329" HPOS="1524" VPOS="1706" WIDTH="182" HEIGHT="36" WC="0.93" CONTENT="bokförda"/><SP WIDTH="28" VPOS="1706" HPOS="1706"/>
							<String ID="string_330" HPOS="1734" VPOS="1705" WIDTH="295" HEIGHT="47" WC="0.91" CONTENT="garantifonden."/>
						</TextLine>
						<TextLine ID="line_30" HPOS="417" VPOS="1756" WIDTH="1613" HEIGHT="47">
							<String ID="string_331" HPOS="417" VPOS="1757" WIDTH="129" HEIGHT="37" WC="0.85" CONTENT="Afven"/><SP WIDTH="33" VPOS="1757" HPOS="546"/>
							<String ID="string_332" HPOS="579" VPOS="1771" WIDTH="59" HEIGHT="22" WC="0.96" CONTENT="om"/><SP WIDTH="27" VPOS="1771" HPOS="638"/>
							<String ID="string_333" HPOS="665" VPOS="1771" WIDTH="87" HEIGHT="22" WC="0.96" CONTENT="man"/><SP WIDTH="27" VPOS="1771" HPOS="752"/>
							<String ID="string_334" HPOS="779" VPOS="1757" WIDTH="92" HEIGHT="36" WC="0.96" CONTENT="låter"/><SP WIDTH="26" VPOS="1757" HPOS="871"/>
							<String ID="string_335" HPOS="897" VPOS="1757" WIDTH="70" HEIGHT="37" WC="0.96" CONTENT="den"/><SP WIDTH="28" VPOS="1757" HPOS="967"/>
							<String ID="string_336" HPOS="995" VPOS="1757" WIDTH="229" HEIGHT="35" WC="0.96" CONTENT="sistnämnda"/><SP WIDTH="26" VPOS="1757" HPOS="1224"/>
							<String ID="string_337" HPOS="1250" VPOS="1756" WIDTH="139" HEIGHT="37" WC="0.93" CONTENT="fonden"/><SP WIDTH="28" VPOS="1756" HPOS="1389"/>
							<String ID="string_338" HPOS="1417" VPOS="1757" WIDTH="148" HEIGHT="46" WC="0.92" CONTENT="qvarstå"/><SP WIDTH="26" VPOS="1757" HPOS="1565"/>
							<String ID="string_339" HPOS="1591" VPOS="1758" WIDTH="13" HEIGHT="34" WC="0.95" CONTENT="i"/><SP WIDTH="27" VPOS="1758" HPOS="1604"/>
							<String ID="string_340" HPOS="1631" VPOS="1758" WIDTH="123" HEIGHT="35" WC="0.96" CONTENT="stället"/><SP WIDTH="25" VPOS="1758" HPOS="1754"/>
							<String ID="string_341" HPOS="1779" VPOS="1756" WIDTH="58" HEIGHT="36" WC="0.97" CONTENT="för"/><SP WIDTH="28" VPOS="1756" HPOS="1837"/>
							<String ID="string_342" HPOS="1865" VPOS="1762" WIDTH="54" HEIGHT="30" WC="0.96" CONTENT="att"/><SP WIDTH="25" VPOS="1762" HPOS="1919"/>
							<String ID="string_343" HPOS="1944" VPOS="1756" WIDTH="86" HEIGHT="36" WC="0.96" CONTENT="med"/>
						</TextLine>
						<TextLine ID="line_31" HPOS="418" VPOS="1806" WIDTH="1613" HEIGHT="49">
							<String ID="string_344" HPOS="418" VPOS="1808" WIDTH="216" HEIGHT="37" WC="0.95" CONTENT="densamma"/><SP WIDTH="25" VPOS="1808" HPOS="634"/>
							<String ID="string_345" HPOS="659" VPOS="1809" WIDTH="146" HEIGHT="35" WC="0.95" CONTENT="minska"/><SP WIDTH="27" VPOS="1809" HPOS="805"/>
							<String ID="string_346" HPOS="832" VPOS="1808" WIDTH="44" HEIGHT="36" WC="0.96" CONTENT="de"/><SP WIDTH="27" VPOS="1808" HPOS="876"/>
							<String ID="string_347" HPOS="903" VPOS="1806" WIDTH="185" HEIGHT="38" WC="0.93" CONTENT="bokförda"/><SP WIDTH="26" VPOS="1806" HPOS="1088"/>
							<String ID="string_348" HPOS="1114" VPOS="1808" WIDTH="363" HEIGHT="47" WC="0.91" CONTENT="kapitalrabatterna,"/><SP WIDTH="29" VPOS="1808" HPOS="1477"/>
							<String ID="string_349" HPOS="1506" VPOS="1815" WIDTH="40" HEIGHT="28" WC="0.96" CONTENT="är"/><SP WIDTH="28" VPOS="1815" HPOS="1546"/>
							<String ID="string_350" HPOS="1574" VPOS="1808" WIDTH="61" HEIGHT="36" WC="0.96" CONTENT="det"/><SP WIDTH="22" VPOS="1808" HPOS="1635"/>
							<String ID="string_351" HPOS="1657" VPOS="1808" WIDTH="44" HEIGHT="47" WC="0.96" CONTENT="ju"/><SP WIDTH="26" VPOS="1808" HPOS="1701"/>
							<String ID="string_352" HPOS="1727" VPOS="1808" WIDTH="107" HEIGHT="42" WC="0.96" CONTENT="klart,"/><SP WIDTH="19" VPOS="1808" HPOS="1834"/>
							<String ID="string_353" HPOS="1853" VPOS="1812" WIDTH="55" HEIGHT="31" WC="0.96" CONTENT="att"/><SP WIDTH="18" VPOS="1812" HPOS="1908"/>
							<String ID="string_354" HPOS="1926" VPOS="1807" WIDTH="105" HEIGHT="36" WC="0.96" CONTENT="dessa"/>
						</TextLine>
						<TextLine ID="line_32" HPOS="419" VPOS="1858" WIDTH="1611" HEIGHT="50">
							<String ID="string_355" HPOS="419" VPOS="1859" WIDTH="122" HEIGHT="49" WC="0.93" CONTENT="aldrig"/><SP WIDTH="39" VPOS="1859" HPOS="541"/>
							<String ID="string_356" HPOS="580" VPOS="1858" WIDTH="159" HEIGHT="38" WC="0.91" CONTENT="behöfva"/><SP WIDTH="40" VPOS="1858" HPOS="739"/>
							<String ID="string_357" HPOS="779" VPOS="1864" WIDTH="199" HEIGHT="31" WC="0.90" CONTENT="amorteras"/><SP WIDTH="36" VPOS="1864" HPOS="978"/>
							<String ID="string_358" HPOS="1014" VPOS="1858" WIDTH="73" HEIGHT="36" WC="0.96" CONTENT="ned"/><SP WIDTH="33" VPOS="1858" HPOS="1087"/>
							<String ID="string_359" HPOS="1120" VPOS="1859" WIDTH="57" HEIGHT="35" WC="0.96" CONTENT="till"/><SP WIDTH="28" VPOS="1859" HPOS="1177"/>
							<String ID="string_360" HPOS="1205" VPOS="1859" WIDTH="101" HEIGHT="48" WC="0.96" CONTENT="lägre"/><SP WIDTH="26" VPOS="1859" HPOS="1306"/>
							<String ID="string_361" HPOS="1332" VPOS="1859" WIDTH="136" HEIGHT="47" WC="0.96" CONTENT="belopp"/><SP WIDTH="29" VPOS="1859" HPOS="1468"/>
							<String ID="string_362" HPOS="1497" VPOS="1866" WIDTH="44" HEIGHT="28" WC="0.93" CONTENT="än"/><SP WIDTH="31" VPOS="1866" HPOS="1541"/>
							<String ID="string_363" HPOS="1572" VPOS="1858" WIDTH="295" HEIGHT="46" WC="0.91" CONTENT="garantifonden,"/><SP WIDTH="27" VPOS="1858" HPOS="1867"/>
							<String ID="string_364" HPOS="1894" VPOS="1863" WIDTH="42" HEIGHT="44" WC="0.96" CONTENT="ty"/><SP WIDTH="26" VPOS="1863" HPOS="1936"/>
							<String ID="string_365" HPOS="1962" VPOS="1864" WIDTH="68" HEIGHT="29" WC="0.96" CONTENT="när"/>
						</TextLine>
						<TextLine ID="line_33" HPOS="417" VPOS="1908" WIDTH="1614" HEIGHT="50">
							<String ID="string_366" HPOS="417" VPOS="1910" WIDTH="357" HEIGHT="46" WC="0.91" CONTENT="kapitalrabatterna"/><SP WIDTH="35" VPOS="1910" HPOS="774"/>
							<String ID="string_367" HPOS="809" VPOS="1909" WIDTH="68" HEIGHT="36" WC="0.90" CONTENT="och"/><SP WIDTH="37" VPOS="1909" HPOS="877"/>
							<String ID="string_368" HPOS="914" VPOS="1908" WIDTH="283" HEIGHT="50" WC="0.90" CONTENT="garantifonden"/><SP WIDTH="33" VPOS="1908" HPOS="1197"/>
							<String ID="string_369" HPOS="1230" VPOS="1914" WIDTH="117" HEIGHT="31" WC="0.96" CONTENT="mötas"/><SP WIDTH="27" VPOS="1914" HPOS="1347"/>
							<String ID="string_370" HPOS="1374" VPOS="1908" WIDTH="48" HEIGHT="47" WC="0.96" CONTENT="på"/><SP WIDTH="27" VPOS="1908" HPOS="1422"/>
							<String ID="string_371" HPOS="1449" VPOS="1922" WIDTH="141" HEIGHT="23" WC="0.96" CONTENT="samma"/><SP WIDTH="27" VPOS="1922" HPOS="1590"/>
							<String ID="string_372" HPOS="1617" VPOS="1908" WIDTH="111" HEIGHT="46" WC="0.96" CONTENT="siffra,"/><SP WIDTH="29" VPOS="1908" HPOS="1728"/>
							<String ID="string_373" HPOS="1757" VPOS="1908" WIDTH="154" HEIGHT="37" WC="0.96" CONTENT="återstår"/><SP WIDTH="25" VPOS="1908" HPOS="1911"/>
							<String ID="string_374" HPOS="1936" VPOS="1908" WIDTH="95" HEIGHT="36" WC="0.96" CONTENT="intet"/>
						</TextLine>
						<TextLine ID="line_34" HPOS="419" VPOS="1959" WIDTH="881" HEIGHT="50">
							<String ID="string_375" HPOS="419" VPOS="1966" WIDTH="116" HEIGHT="30" WC="0.96" CONTENT="annat"/><SP WIDTH="28" VPOS="1966" HPOS="535"/>
							<String ID="string_376" HPOS="563" VPOS="1968" WIDTH="46" HEIGHT="28" WC="0.96" CONTENT="än"/><SP WIDTH="28" VPOS="1968" HPOS="609"/>
							<String ID="string_377" HPOS="637" VPOS="1966" WIDTH="53" HEIGHT="31" WC="0.93" CONTENT="att"/><SP WIDTH="27" VPOS="1966" HPOS="690"/>
							<String ID="string_378" HPOS="717" VPOS="1961" WIDTH="120" HEIGHT="48" WC="0.92" CONTENT="qvitta"/><SP WIDTH="27" VPOS="1961" HPOS="837"/>
							<String ID="string_379" HPOS="864" VPOS="1960" WIDTH="83" HEIGHT="36" WC="0.96" CONTENT="dem"/><SP WIDTH="27" VPOS="1960" HPOS="947"/>
							<String ID="string_380" HPOS="974" VPOS="1965" WIDTH="80" HEIGHT="31" WC="0.96" CONTENT="mot"/><SP WIDTH="26" VPOS="1965" HPOS="1054"/>
							<String ID="string_381" HPOS="1080" VPOS="1959" WIDTH="220" HEIGHT="37" WC="0.96" CONTENT="hvarandra."/>
						</TextLine>
					</TextBlock>
					<TextBlock ID="block_5" HPOS="417" VPOS="2009" WIDTH="1613" HEIGHT="304">
						<TextLine ID="line_35" HPOS="521" VPOS="2009" WIDTH="1508" HEIGHT="50">
							<String ID="string_382" HPOS="521" VPOS="2011" WIDTH="81" HEIGHT="37" WC="0.96" CONTENT="Den"/><SP WIDTH="39" VPOS="2011" HPOS="602"/>
							<String ID="string_383" HPOS="641" VPOS="2012" WIDTH="95" HEIGHT="36" WC="0.96" CONTENT="enda"/><SP WIDTH="39" VPOS="2012" HPOS="736"/>
							<String ID="string_384" HPOS="775" VPOS="2011" WIDTH="191" HEIGHT="47" WC="0.96" CONTENT="grundade"/><SP WIDTH="42" VPOS="2011" HPOS="966"/>
							<String ID="string_385" HPOS="1008" VPOS="2011" WIDTH="248" HEIGHT="46" WC="0.96" CONTENT="anledningen"/><SP WIDTH="39" VPOS="2011" HPOS="1256"/>
							<String ID="string_386" HPOS="1295" VPOS="2012" WIDTH="58" HEIGHT="34" WC="0.93" CONTENT="till"/><SP WIDTH="35" VPOS="2012" HPOS="1353"/>
							<String ID="string_387" HPOS="1388" VPOS="2010" WIDTH="155" HEIGHT="49" WC="0.92" CONTENT="farhåga"/><SP WIDTH="27" VPOS="2010" HPOS="1543"/>
							<String ID="string_388" HPOS="1570" VPOS="2009" WIDTH="59" HEIGHT="37" WC="0.93" CONTENT="för"/><SP WIDTH="25" VPOS="2009" HPOS="1629"/>
							<String ID="string_389" HPOS="1654" VPOS="2010" WIDTH="375" HEIGHT="47" WC="0.91" CONTENT="kapitalrabatternas"/>
						</TextLine>
						<TextLine ID="line_36" HPOS="418" VPOS="2059" WIDTH="1612" HEIGHT="52">
							<String ID="string_390" HPOS="418" VPOS="2062" WIDTH="227" HEIGHT="37" WC="0.91" CONTENT="betäckande"/><SP WIDTH="26" VPOS="2062" HPOS="645"/>
							<String ID="string_391" HPOS="671" VPOS="2062" WIDTH="106" HEIGHT="36" WC="0.96" CONTENT="torde"/><SP WIDTH="27" VPOS="2062" HPOS="777"/>
							<String ID="string_392" HPOS="804" VPOS="2063" WIDTH="99" HEIGHT="48" WC="0.93" CONTENT="ligga"/><SP WIDTH="27" VPOS="2063" HPOS="903"/>
							<String ID="string_393" HPOS="930" VPOS="2062" WIDTH="88" HEIGHT="44" WC="0.91" CONTENT="deri,"/><SP WIDTH="19" VPOS="2062" HPOS="1018"/>
							<String ID="string_394" HPOS="1037" VPOS="2067" WIDTH="55" HEIGHT="30" WC="0.92" CONTENT="att"/><SP WIDTH="26" VPOS="2067" HPOS="1092"/>
							<String ID="string_395" HPOS="1118" VPOS="2061" WIDTH="446" HEIGHT="49" WC="0.91" CONTENT="hypoteksföreningarna"/><SP WIDTH="17" VPOS="2061" HPOS="1564"/>
							<String ID="string_396" HPOS="1581" VPOS="2062" WIDTH="128" HEIGHT="35" WC="0.96" CONTENT="kunna"/><SP WIDTH="17" VPOS="2062" HPOS="1709"/>
							<String ID="string_397" HPOS="1726" VPOS="2060" WIDTH="117" HEIGHT="37" WC="0.82" CONTENT="blifva"/><SP WIDTH="18" VPOS="2060" HPOS="1843"/>
							<String ID="string_398" HPOS="1861" VPOS="2059" WIDTH="169" HEIGHT="40" WC="0.92" CONTENT="urstånd-"/>
						</TextLine>
						<TextLine ID="line_37" HPOS="418" VPOS="2111" WIDTH="1612" HEIGHT="48">
							<String ID="string_399" HPOS="418" VPOS="2119" WIDTH="97" HEIGHT="30" WC="0.96" CONTENT="satta"/><SP WIDTH="40" VPOS="2119" HPOS="515"/>
							<String ID="string_400" HPOS="555" VPOS="2119" WIDTH="53" HEIGHT="30" WC="0.96" CONTENT="att"/><SP WIDTH="31" VPOS="2119" HPOS="608"/>
							<String ID="string_401" HPOS="639" VPOS="2112" WIDTH="162" HEIGHT="47" WC="0.95" CONTENT="fullgöra"/><SP WIDTH="28" VPOS="2112" HPOS="801"/>
							<String ID="string_402" HPOS="829" VPOS="2114" WIDTH="78" HEIGHT="34" WC="0.96" CONTENT="sina"/><SP WIDTH="26" VPOS="2114" HPOS="907"/>
							<String ID="string_403" HPOS="933" VPOS="2112" WIDTH="244" HEIGHT="36" WC="0.96" CONTENT="förbindelser"/><SP WIDTH="25" VPOS="2112" HPOS="1177"/>
							<String ID="string_404" HPOS="1202" VPOS="2113" WIDTH="59" HEIGHT="35" WC="0.95" CONTENT="till"/><SP WIDTH="27" VPOS="2113" HPOS="1261"/>
							<String ID="string_405" HPOS="1288" VPOS="2113" WIDTH="146" HEIGHT="35" WC="0.93" CONTENT="banken"/><SP WIDTH="28" VPOS="2113" HPOS="1434"/>
							<String ID="string_406" HPOS="1462" VPOS="2112" WIDTH="215" HEIGHT="46" WC="0.91" CONTENT="derigenom"/><SP WIDTH="27" VPOS="2112" HPOS="1677"/>
							<String ID="string_407" HPOS="1704" VPOS="2117" WIDTH="54" HEIGHT="31" WC="0.96" CONTENT="att"/><SP WIDTH="27" VPOS="2117" HPOS="1758"/>
							<String ID="string_408" HPOS="1785" VPOS="2112" WIDTH="45" HEIGHT="36" WC="0.90" CONTENT="de"/><SP WIDTH="27" VPOS="2112" HPOS="1830"/>
							<String ID="string_409" HPOS="1857" VPOS="2111" WIDTH="99" HEIGHT="44" WC="0.90" CONTENT="aftal,"/><SP WIDTH="29" VPOS="2111" HPOS="1956"/>
							<String ID="string_410" HPOS="1985" VPOS="2111" WIDTH="45" HEIGHT="36" WC="0.96" CONTENT="de"/>
						</TextLine>
						<TextLine ID="line_38" HPOS="417" VPOS="2162" WIDTH="1612" HEIGHT="50">
							<String ID="string_411" HPOS="417" VPOS="2163" WIDTH="131" HEIGHT="37" WC="0.95" CONTENT="träffat"/><SP WIDTH="37" VPOS="2163" HPOS="548"/>
							<String ID="string_412" HPOS="585" VPOS="2164" WIDTH="84" HEIGHT="36" WC="0.95" CONTENT="med"/><SP WIDTH="39" VPOS="2164" HPOS="669"/>
							<String ID="string_413" HPOS="708" VPOS="2165" WIDTH="80" HEIGHT="35" WC="0.96" CONTENT="sina"/><SP WIDTH="39" VPOS="2165" HPOS="788"/>
							<String ID="string_414" HPOS="827" VPOS="2163" WIDTH="199" HEIGHT="46" WC="0.95" CONTENT="låntagare,"/><SP WIDTH="40" VPOS="2163" HPOS="1026"/>
							<String ID="string_415" HPOS="1066" VPOS="2164" WIDTH="135" HEIGHT="48" WC="0.96" CONTENT="brytas,"/><SP WIDTH="41" VPOS="2164" HPOS="1201"/>
							<String ID="string_416" HPOS="1242" VPOS="2163" WIDTH="114" HEIGHT="35" WC="0.96" CONTENT="innan"/><SP WIDTH="33" VPOS="2163" HPOS="1356"/>
							<String ID="string_417" HPOS="1389" VPOS="2163" WIDTH="44" HEIGHT="36" WC="0.96" CONTENT="de"/><SP WIDTH="28" VPOS="2163" HPOS="1433"/>
							<String ID="string_418" HPOS="1461" VPOS="2162" WIDTH="79" HEIGHT="49" WC="0.96" CONTENT="gått"/><SP WIDTH="26" VPOS="2162" HPOS="1540"/>
							<String ID="string_419" HPOS="1566" VPOS="2164" WIDTH="57" HEIGHT="34" WC="0.95" CONTENT="till"/><SP WIDTH="27" VPOS="2164" HPOS="1623"/>
							<String ID="string_420" HPOS="1650" VPOS="2162" WIDTH="104" HEIGHT="36" WC="0.94" CONTENT="ända."/><SP WIDTH="53" VPOS="2162" HPOS="1754"/>
							<String ID="string_421" HPOS="1807" VPOS="2162" WIDTH="111" HEIGHT="36" WC="0.91" CONTENT="Detta"/><SP WIDTH="27" VPOS="2162" HPOS="1918"/>
							<String ID="string_422" HPOS="1945" VPOS="2163" WIDTH="84" HEIGHT="43" WC="0.96" CONTENT="kan,"/>
						</TextLine>
						<TextLine ID="line_39" HPOS="418" VPOS="2212" WIDTH="1610" HEIGHT="50">
							<String ID="string_423" HPOS="418" VPOS="2214" WIDTH="121" HEIGHT="36" WC="0.96" CONTENT="såsom"/><SP WIDTH="24" VPOS="2214" HPOS="539"/>
							<String ID="string_424" HPOS="563" VPOS="2215" WIDTH="144" HEIGHT="44" WC="0.96" CONTENT="bekant,"/><SP WIDTH="23" VPOS="2215" HPOS="707"/>
							<String ID="string_425" HPOS="730" VPOS="2215" WIDTH="116" HEIGHT="47" WC="0.96" CONTENT="enligt"/><SP WIDTH="18" VPOS="2215" HPOS="846"/>
							<String ID="string_426" HPOS="864" VPOS="2214" WIDTH="171" HEIGHT="46" WC="0.96" CONTENT="gällande"/><SP WIDTH="18" VPOS="2214" HPOS="1035"/>
							<String ID="string_427" HPOS="1053" VPOS="2213" WIDTH="234" HEIGHT="49" WC="0.96" CONTENT="lagstiftning"/><SP WIDTH="18" VPOS="2213" HPOS="1287"/>
							<String ID="string_428" HPOS="1305" VPOS="2214" WIDTH="63" HEIGHT="36" WC="0.96" CONTENT="ske"/><SP WIDTH="19" VPOS="2214" HPOS="1368"/>
							<String ID="string_429" HPOS="1387" VPOS="2226" WIDTH="134" HEIGHT="35" WC="0.96" CONTENT="genom"/><SP WIDTH="19" VPOS="2226" HPOS="1521"/>
							<String ID="string_430" HPOS="1540" VPOS="2214" WIDTH="198" HEIGHT="36" WC="0.96" CONTENT="exekutiva"/><SP WIDTH="18" VPOS="2214" HPOS="1738"/>
							<String ID="string_431" HPOS="1756" VPOS="2212" WIDTH="272" HEIGHT="49" WC="0.96" CONTENT="försäljningar."/>
						</TextLine>
						<TextLine ID="line_40" HPOS="419" VPOS="2263" WIDTH="1611" HEIGHT="50">
							<String ID="string_432" HPOS="419" VPOS="2265" WIDTH="47" HEIGHT="36" WC="0.96" CONTENT="Så"/><SP WIDTH="42" VPOS="2265" HPOS="466"/>
							<String ID="string_433" HPOS="508" VPOS="2267" WIDTH="108" HEIGHT="44" WC="0.95" CONTENT="länge"/><SP WIDTH="39" VPOS="2267" HPOS="616"/>
							<String ID="string_434" HPOS="655" VPOS="2267" WIDTH="103" HEIGHT="35" WC="0.95" CONTENT="dessa"/><SP WIDTH="26" VPOS="2267" HPOS="758"/>
							<String ID="string_435" HPOS="784" VPOS="2265" WIDTH="261" HEIGHT="48" WC="0.93" CONTENT="försäljningar"/><SP WIDTH="27" VPOS="2265" HPOS="1045"/>
							<String ID="string_436" HPOS="1072" VPOS="2265" WIDTH="217" HEIGHT="35" WC="0.91" CONTENT="inskränkas"/><SP WIDTH="27" VPOS="2265" HPOS="1289"/>
							<String ID="string_437" HPOS="1316" VPOS="2265" WIDTH="57" HEIGHT="35" WC="0.96" CONTENT="till"/><SP WIDTH="28" VPOS="2265" HPOS="1373"/>
							<String ID="string_438" HPOS="1401" VPOS="2264" WIDTH="94" HEIGHT="46" WC="0.96" CONTENT="dem,"/><SP WIDTH="28" VPOS="2264" HPOS="1495"/>
							<String ID="string_439" HPOS="1523" VPOS="2278" WIDTH="78" HEIGHT="22" WC="0.95" CONTENT="som"/><SP WIDTH="29" VPOS="2278" HPOS="1601"/>
							<String ID="string_440" HPOS="1630" VPOS="2265" WIDTH="148" HEIGHT="35" WC="0.96" CONTENT="orsakas"/><SP WIDTH="29" VPOS="2265" HPOS="1778"/>
							<String ID="string_441" HPOS="1807" VPOS="2263" WIDTH="39" HEIGHT="36" WC="0.96" CONTENT="af"/><SP WIDTH="24" VPOS="2263" HPOS="1846"/>
							<String ID="string_442" HPOS="1870" VPOS="2263" WIDTH="160" HEIGHT="48" WC="0.96" CONTENT="verkligt"/>
						</TextLine>
					</TextBlock>
				</ComposedBlock>
			</PrintSpace>
		</Page>
	</Layout>
</alto>
