2236 2638
426 200 36 28 18
737 203 216 27 Sammansalta
975 204 93 27 Stats-
1092 204 47 27 och
1164 204 251 29 Bankoutskottets
1445 206 152 27 Utlåtande
1620 207 56 27 N:o
1701 208 26 26 3.

424 276 167 45 skrifvas,
631 277 45 48 på
700 277 79 37 det
819 284 63 39 att,
921 286 67 29 när
1029 279 108 37 lånen
1164 280 124 36 blifvit
1315 282 232 45 slutbetalda,
1576 282 44 36 de
1646 283 206 46 respektive
1880 284 155 46 kapital-

422 327 214 37 rabatterna
670 329 140 44 jemväl
850 329 60 36 må
949 343 44 22 ur
1024 331 296 47 räkenskaperna
1346 332 111 36 hafva
1484 332 246 46 försvunnit»,
1758 347 45 23 en
1830 334 204 46 utlånings-

422 384 108 30 ränta
557 377 40 37 af
622 382 19 32 5
669 377 29 46 4
721 379 94 48 lagts
834 381 58 34 till
914 381 123 45 grund
1055 381 62 37 vid
1136 382 250 46 beräkningen
1406 382 42 36 af
1463 384 61 36 det
1542 383 318 46 ränteöfverskott,
1879 385 155 36 medelst

422 428 143 37 hvilket
591 428 321 49 afskrifningarna
929 432 121 36 skulle
1077 433 71 36 ske.
1190 432 52 36 Af
1266 433 44 36 de
1338 433 111 36 ofvan
1478 435 157 36 citerade
1662 436 197 48 uttrycken
1887 436 66 35 vill
1973 436 61 35 det

422 491 119 37 synas,
577 492 79 24 som
695 494 62 22 om
798 481 102 37 dessa
932 483 157 36 tabeller
1123 484 112 47 gingo
1272 490 42 29 ut
1341 484 45 48 på
1413 490 54 30 att
1494 485 538 49 kapitalrabattafskrifningen

421 531 220 36 utsträcktes
673 532 58 35 till
758 531 61 37 det
846 539 192 42 upptagna
1065 533 115 37 lånets
1207 535 83 36 hela
1317 535 149 46 löpetid,
1494 549 84 24 men
1605 537 12 34 i
1645 536 129 48 sjelfva
1801 538 128 35 verket
1955 538 79 35 lära

422 580 395 50 afskrifningstiderna,
845 596 76 23 som
950 583 210 38 faststäldes
1188 585 172 36 särskildt
1385 585 58 37 för
1471 587 126 45 hvarje
1624 587 70 45 lån,
1722 587 112 36 hafva
1857 588 175 36 bestämts

421 633 178 47 temligen
626 632 248 50 godtyckligt;
902 634 39 36 så
968 634 204 37 omfattade
1198 641 25 30 t.
1251 649 56 22 ex.
1331 635 379 50 afskrifningsplanen
1728 637 59 37 för
1806 643 51 31 ett
1875 638 40 36 år
1936 642 95 33 1878

420 682 48 46 på
484 678 64 51 781
589 682 41 37 år
663 690 179 42 upptaget
874 686 101 48 tyskt
1002 685 62 36 lån
1092 699 44 23 en
1163 686 54 36 tid
1244 686 41 36 af
1310 690 44 33 66
1384 687 48 36 år.
1485 688 217 36 Emellertid
1728 690 107 48 hyste
1862 703 86 22 man
1977 702 54 32 en,

420 733 61 36 för
508 733 114 46 öfrigt
648 735 205 47 ingalunda
880 736 196 46 ogrundad
1104 736 163 47 farhåga,
1287 743 54 30 att
1359 751 43 23 en
1423 739 228 36 medelränta
1670 738 41 37 af
1729 744 19 32 5
1769 739 28 45 2,
1815 740 79 36 icke
1914 741 118 35 skulle

421 784 129 36 kunna
573 784 154 37 erhållas
746 786 120 36 under
885 787 69 35 den
974 788 209 35 beräknade
1202 788 117 45 tiden;
1339 789 76 36 dels
1434 802 91 23 voro
1545 791 185 47 nemligen
1750 790 281 49 föreningarnas

421 834 84 37 med
536 839 19 33 5
576 834 29 45 4
631 835 202 37 förskrifna
860 837 61 36 lån
948 837 42 36 af
1013 838 146 36 banken
1187 839 120 35 stälda
1334 839 47 47 på
1412 840 86 35 vida
1517 841 148 35 kortare
1685 840 346 50 återbetalningstid

421 893 46 28 än
496 885 71 36 den
595 885 58 37 för
680 887 349 48 hypoteksbankens
1057 902 93 33 egna
1176 888 62 37 lån
1266 890 197 45 bestämda,
1491 891 68 36 och
1588 891 77 36 dels
1693 892 123 36 kunde
1843 892 80 36 icke
1952 897 19 32 5
2001 891 29 44 94,

419 942 106 30 ränta
554 936 154 37 erhållas
736 937 60 37 för
823 939 163 36 bankens
1013 939 182 48 tillfälligt
1220 941 194 45 placerade
1438 941 131 45 medel,
1593 954 79 24 som
1690 942 128 36 tidtals
1837 943 192 48 uppgingo

419 987 59 35 till
518 988 139 45 ganska
696 989 210 48 betydande
946 990 147 48 belopp.
1144 991 72 35 För
1256 996 65 31 att
1345 992 166 45 utjemna
1546 992 122 36 denna
1701 992 172 37 befarade
1900 994 128 35 brist
2008 983 24 61 i

420 1037 322 46 utlåningsräntan
770 1039 200 46 fordrades,
998 1041 155 36 menade
1180 1055 96 31 man,
1304 1055 41 23 en
1366 1044 108 45 fond,
1496 1044 69 34 och
1585 1043 44 37 de
1649 1044 161 46 lyckliga
1828 1045 202 35 lånetrans-

419 1089 219 36 aktionerna
676 1090 121 36 under
841 1094 85 33 1881
973 1092 170 35 lemnade
1182 1091 146 37 tillfälle
1364 1098 55 30 att
1455 1093 101 36 bilda
1583 1107 43 23 en
1654 1094 124 36 sådan.
1830 1094 54 36 De
1912 1094 118 36 under

419 1140 164 36 nämnda
623 1140 40 36 år
702 1141 211 36 verkstälda
944 1141 264 50 försäljningar
1234 1142 41 36 af
1301 1147 92 33 1878
1423 1143 57 36 års
1507 1145 110 47 tyska
1644 1149 21 32 4
1693 1145 29 44 4;
1750 1146 67 35 och
1849 1149 93 33 1880
1971 1145 58 36 års

420 1192 158 35 svenska
611 1195 67 42 4!/,
705 1190 29 46 4
762 1193 62 35 lån
851 1191 94 37 hade
972 1194 187 45 nemligen
1187 1199 60 41 egt
1273 1207 84 22 rum
1384 1195 59 34 till
1470 1197 39 33 så
1535 1194 248 49 fördelaktiga
1810 1196 138 44 kurser,
1976 1202 53 30 att

419 1241 105 37 dessa
563 1241 80 37 låns
683 1243 466 48 kapitalrabatträkningar
1188 1250 167 41 upptogo
1395 1245 187 49 betydligt
1617 1247 102 45 lägre
1747 1247 135 47 belopp
1909 1254 46 28 än
1984 1247 45 36 de

419 1293 316 47 kapitalrabatter,
762 1306 80 23 som
869 1294 139 35 kunnat
1035 1294 162 48 beviljas.
1232 1295 87 36 Man
1339 1295 109 48 höjde
1467 1295 124 37 derför
1609 1296 45 36 de
1671 1296 184 36 bokförda
1874 1298 155 47 kapital-

418 1344 213 36 rabatterna
656 1343 58 37 för
741 1344 104 36 dessa
871 1344 62 36 två
960 1344 61 36 lån
1049 1346 59 35 till
1136 1345 44 36 de
1204 1346 145 46 belopp,
1368 1359 74 23 som
1463 1347 89 48 efter
1570 1347 192 48 beräkning
1782 1349 46 47 af
1843 1349 24 35 5
1886 1349 28 43 44
1934 1348 95 48 ärlig

419 1399 109 31 ränta
555 1395 114 36 kunde
698 1397 115 34 under
841 1395 124 36 laänens
992 1396 289 49 amorteringstid
1309 1397 188 47 utjemnas,
1527 1398 68 35 och
1619 1397 58 37 för
1696 1398 44 36 de
1760 1399 144 47 belopp,
1923 1399 105 36 hvar-

419 1445 84 36 med
531 1445 105 36 dessa
661 1446 306 46 kapitalrabatter
994 1445 124 37 blefvo
1145 1447 121 45 höjda,
1289 1447 249 37 krediterades
1558 1448 71 36 den
1647 1449 204 49 nybildade
1869 1450 158 46 garanti-

417 1494 149 47 fonden,
607 1510 43 22 en
689 1496 102 45 fond,
832 1509 88 32 som,
957 1496 92 37 efter
1075 1497 99 36 hvad
1200 1499 176 43 styrelsen
1405 1497 86 47 sjelf
1514 1499 191 45 erkänner,
1748 1506 152 39 »strängt
1925 1505 102 43 taget

418 1548 130 43 skulle,
583 1547 58 36 för
675 1553 55 30 att
764 1553 204 31 motsvaras
996 1547 41 36 af
1068 1549 165 47 verkliga
1259 1549 209 48 tillgångar,
1497 1549 111 36 hafva
1635 1550 135 36 bildats
1798 1552 228 44 successivt»,

418 1599 187 45 nemligen
644 1612 134 32 genom
818 1598 319 37 ränteöfverskott.
1192 1599 212 36 Emellertid
1445 1601 87 35 kom
1561 1600 139 37 fonden
1728 1603 59 34 till
1814 1602 212 36 omedelbar

418 1649 250 47 användning,
696 1649 48 36 då
770 1649 113 36 redan
913 1649 61 36 vid
1007 1652 89 34 1881
1129 1649 57 36 års
1214 1651 152 35 bokslut
1393 1650 40 36 af
1457 1651 215 36 densamma
1700 1653 78 34 »>till
1802 1651 224 50 afskrifning

417 1699 21 36 å
465 1700 314 48 kapitalrabatten
814 1699 59 37 för
912 1703 91 34 1879
1042 1699 57 37 års
1127 1699 150 37 franska
1304 1701 60 35 lån
1392 1702 182 35 användts
1602 1702 37 36 så
1666 1708 77 30 stor
1770 1702 69 45 del,
1867 1716 79 23 som
1973 1717 52 23 er-

417 1749 193 38 fordrades
637 1750 58 37 för
721 1757 55 30 att
803 1751 130 45 bringa
962 1750 101 36 detta
1090 1752 114 35 konto
1231 1752 11 35 i
1271 1751 378 38 öfverensstämmelse
1671 1753 84 36 med
1780 1753 71 37 den
1871 1755 154 47 kapital-

417 1802 133 43 rabatt,
591 1815 77 22 som
704 1803 117 44 enligt
856 1808 160 39 antagna
1053 1801 161 46 grunder
1240 1803 125 35 kunde
1391 1803 156 36 medelst
1574 1804 44 36 de
1645 1805 119 35 under
1789 1804 117 36 lånets
1933 1805 92 36 åter-

417 1852 263 46 betalningstid
707 1852 302 47 uppkommande
1027 1851 310 38 ränteöfverskott
1356 1852 229 38 afskrifvas».
1625 1855 68 35 Att
1711 1855 311 48 kapitalrabatten

416 1902 49 47 på
492 1903 62 36 det
581 1904 184 49 olyckliga
796 1905 91 34 1879
917 1903 57 36 års
1000 1902 152 37 franska
1179 1907 65 40 4”)
1271 1903 61 36 lån
1359 1917 67 23 var
1452 1904 40 36 så
1518 1912 85 37 stor,
1631 1911 54 30 att
1713 1906 70 36 den
1801 1907 79 35 icke
1899 1907 123 35 kunde

416 1953 118 36 blifva
561 1954 123 36 betald
713 1967 62 23 ens
804 1967 60 23 om
891 1954 146 36 banken
1066 1954 118 36 under
1202 1954 116 37 lånets
1336 1955 84 36 hela
1439 1955 222 47 sextioåriga
1680 1957 341 49 återbetalningstid

416 2004 127 36 kunde
578 2005 163 48 påräkna
769 2009 19 32 5
818 2004 29 45 4;
874 2011 106 29 ränta
1010 2004 49 48 på
1086 2005 44 36 de
1155 2006 215 47 penningar,
1397 2018 79 23 som
1504 2007 189 48 verkligen
1721 2009 199 45 uppburos,
1949 2009 73 34 kan

415 2056 81 35 icke
524 2054 164 47 förvåna,
717 2056 47 36 då
792 2069 85 23 man
905 2062 70 39 vet,
995 2061 54 30 att
1067 2056 144 36 banken
1231 2056 63 36 vid
1313 2055 220 49 försäljning
1551 2057 40 36 af
1605 2057 222 37 åtminstone
1846 2059 44 36 de
1907 2058 115 36 första

417 2109 46 34 20
492 2107 185 36 millioner
702 2106 122 36 francs
851 2107 72 35 fick
950 2106 205 36 vidkännas
1186 2110 41 33 17
1257 2109 29 37 2,
1314 2107 266 48 kapitalrabatt
1593 2109 114 46 jemte
1725 2122 45 22 en
1790 2110 89 35 eller
1897 2122 122 23 annan

415 2164 154 39 procent
602 2159 12 34 i
649 2157 364 45 låneomkostnader;
1050 2157 69 36 och
1155 2158 194 47 styrelsens
1385 2159 140 35 önskan
1562 2164 54 31 att
1650 2160 120 48 slippa
1798 2161 11 34 i
1837 2160 184 36 böckerna

414 2208 164 47 figurera
616 2208 83 36 med
736 2209 122 36 denna
885 2208 103 37 öfver
1014 2207 140 37 höfvan
1181 2213 100 31 stora
1307 2208 266 48 kapitalrabatt
1599 2223 66 23 var
1690 2223 76 33 nog
1794 2224 42 22 en
1864 2211 156 45 mägtigt

414 2258 230 47 bidragande
671 2260 107 35 orsak
806 2260 57 34 till
891 2257 302 50 garantifondens
1220 2258 183 38 bildande.
