2188 2686
186 1420 131 25 Utskottet.

415 211 38 31 12
809 210 344 33 Jordbruksutskottets
1183 207 172 35 Utlåtande
1378 209 52 32 Nr
1453 211 69 30 112.

370 311 97 24 nans
510 303 71 44 ägo
621 322 44 2 —
695 297 195 38 hemställt
919 303 66 44 att,
1016 298 46 37 då
1090 298 63 36 det
1181 302 131 45 syntes
1342 310 90 24 vara
1460 296 76 38 lika
1566 296 205 50 angeläget
1801 301 66 43 att,
1898 297 67 36 där

370 351 148 38 kronan
559 365 91 24 vore
692 351 176 50 delägare
901 351 12 37 i
941 351 210 48 vattenfall,
1182 351 123 37 denna
1334 349 286 51 omständighet
1647 349 83 38 icke
1758 349 58 37 till
1845 349 118 38 skada

371 405 60 36 för
458 404 269 50 näringslifvet
755 405 70 37 och
854 405 116 37 andra
990 404 187 37 allmänna
1196 404 188 37 intressen
1403 404 102 49 finge
1525 403 115 50 lägga
1660 402 137 38 hinder
1811 402 12 37 i
1838 407 126 45 vägen

371 457 59 37 för
457 458 179 49 tidigaste
665 458 70 36 och
763 458 108 37 bästa
899 457 155 50 möjliga
1082 457 241 50 utnyttjande
1352 456 43 38 af
1419 456 174 50 befintlig
1620 456 245 48 vattenkraft,
1894 456 70 37 föl-

368 511 117 49 jande
528 511 205 50 ändringar
761 514 117 34 måtte
907 510 175 51 vidtagas
1110 510 11 37 i
1152 511 140 49 Kungl.
1323 510 128 50 Maj:ts
1478 509 293 51 ifrågavarande
1800 508 161 50 förslag:

1129 636 18 35 1
1177 633 30 50 $.

473 722 136 36 Nedan
652 722 157 48 angifna
850 720 202 38 vattenfall
1093 721 71 35 och
1205 721 58 35 för
1305 720 111 37 deras
1445 720 334 49 tillgodogörande
1809 719 155 37 afsedda

371 773 229 51 fastigheter
629 774 106 37 skola
762 774 182 37 förvaltas
973 773 42 37 af
1040 772 386 50 vattenfallstyrelsen
1456 771 205 50 nämligen:

476 826 33 49 a)
539 827 147 37 kronan
713 827 196 50 tillhöriga
937 826 203 38 vattenfall
1168 826 11 36 i
1210 826 98 37 Göta
1337 825 56 37 älf
1418 828 59 35 och
1507 827 13 35 i
1547 826 216 49 Dalälfven;

476 881 36 46 b)
544 899 38 13 =
611 880 49 48 ce),

475 933 33 44 c)
541 952 37 14 =
608 933 56 48 d),

475 987 42 46 d)
549 1005 38 14 =
616 986 47 46 e).

474 1091 78 37 Där
579 1091 213 49 vattenfall
822 1104 80 24 som
957 1113 22 3 —
1022 1112 189 5 ———
1241 1109 723 8 —————-—
1648 1079 244 65 —-————
1924 1079 41 65 —

373 1144 174 37 arrende.

474 1198 85 35 Där
596 1198 137 35 kronan
771 1202 83 42 äger
895 1197 83 35 eller
1019 1208 105 23 anser
1164 1196 53 48 sig
1255 1201 70 42 äga
1353 1199 71 31 rätt
1452 1195 54 35 till
1535 1194 56 36 del
1619 1196 13 34 i
1659 1194 201 48 vattenfall,
1889 1207 75 23 som

372 1251 14 35 i
414 1251 110 49 öfrigt
560 1249 164 37 områdes
761 1250 46 48 af
839 1262 135 30 annan,
1004 1253 83 44 äger
1114 1248 135 49 Kungl.
1279 1248 110 48 Maj:t
1418 1247 53 35 till
1501 1247 109 36 denne
1638 1260 131 32 senare,
1800 1260 84 23 vare
1912 1247 53 49 sig

372 1304 71 35 han
472 1307 42 32 är
542 1304 166 35 kommun
736 1303 82 35 eller
847 1302 146 42 enskild,
1025 1301 176 49 öfverlåta
1229 1301 155 36 kronans
1412 1304 72 32 rätt
1510 1301 14 35 1
1550 1300 232 48 vattenfallet.

475 1406 257 38 Vattenfallen
774 1406 108 37 torde
924 1418 89 24 vara
1054 1405 46 37 de
1143 1405 40 36 af
1216 1408 85 33 vårt
1328 1404 108 37 lands
1464 1416 103 24 mera
1594 1403 216 50 betydande
1839 1408 126 32 natur-

372 1460 219 49 tillgångar,
634 1472 80 24 som
756 1458 135 37 hittills
933 1458 116 37 minst
1089 1458 216 49 utnyttjats.
1363 1457 56 36 Då
1452 1456 208 37 emellertid
1690 1461 55 32 ett
1771 1456 195 37 rationellt

373 1512 334 49 tillgodogörande
749 1511 111 37 däraf
898 1510 283 49 otvifvelaktigt
1223 1509 119 37 skulle
1385 1509 164 49 mäktigt
1590 1508 135 51 främja
1753 1511 85 35 vårt
1880 1509 84 37 obe-

372 1565 141 37 roende
556 1569 199 44 gentemot
795 1563 173 37 utlandet
1010 1568 96 32 samt
1134 1563 103 36 inom
1277 1561 296 38 förhållandevis
1615 1562 87 37 kort
1742 1561 55 36 tid
1837 1562 128 36 kunna

373 1618 33 48 ej
438 1617 232 49 oväsentligt
698 1616 187 37 förbättra
913 1619 84 33 vårt
1023 1615 109 37 lands
1161 1614 246 37 ekonomiska
1436 1613 182 50 ställning
1637 1614 31 49 ej
1690 1614 117 36 minst
1826 1627 137 37 genom

373 1670 268 37 motsvarande
689 1669 222 49 minskning
956 1668 13 36 i
1018 1668 72 37 den
1131 1668 147 36 landets
1319 1667 290 37 handelsbalans
1652 1667 196 49 tyngande
1888 1667 77 36 kol-

371 1723 201 49 importen,
615 1735 113 36 synes
770 1722 63 36 det
873 1721 184 37 utskottet
1097 1734 89 23 vara
1228 1720 41 37 af
1306 1720 196 50 synnerlig
1529 1720 95 48 vikt,
1653 1725 55 31 att
1735 1719 100 38 hvad
1862 1720 12 36 i
1901 1720 63 37 be-

374 1775 110 38 rörda
514 1775 179 37 afseende
722 1775 75 36 kan
826 1777 153 46 åtgöras
1008 1778 105 32 snart
1140 1773 137 37 blifver
1304 1772 141 51 gjordt.
1501 1772 115 38 Detta
1643 1772 107 38 torde
1778 1773 13 36 i
1809 1772 156 37 främsta

373 1833 162 32 rummet
563 1827 102 50 gälla
694 1832 124 32 staten
838 1830 124 34 såsom
979 1827 72 36 den
1069 1831 91 31 utan
1180 1827 229 48 gensägelse
1430 1830 141 32 största
1589 1825 373 49 vattenfallsägaren.

374 1881 73 36 För
490 1885 144 32 statens
663 1880 147 36 direkta
837 1879 331 49 tillgodogörande
1198 1879 40 36 af
1264 1878 81 38 sina
1372 1878 197 37 vattenfall
1596 1878 115 37 hafva
1738 1878 227 49 visserligen

374 1934 119 37 redan
521 1937 77 33 rätt
627 1932 232 37 omfattande
888 1932 178 49 åtgärder
1093 1931 182 50 vidtagits
1305 1931 70 37 och
1402 1930 223 51 ytterligare
1655 1930 175 50 åtgärder
1855 1931 108 37 torde

374 1986 95 37 efter
510 1986 102 36 hand
654 1987 59 34 för
742 1998 143 24 samma
917 1984 173 37 ändamål
1117 1983 118 38 blifva
1263 1984 192 49 vidtagna.
1511 1983 221 37 Emellertid
1760 1983 121 49 torde,
1911 1986 53 33 åt-

373 2039 189 36 minstone
590 2039 101 35 inom
722 2051 47 23 en
798 2037 259 49 öfverskådlig
1084 2036 165 48 framtid,
1279 2041 140 32 största
1447 2036 111 37 delen
1578 2036 40 36 af
1634 2037 165 35 kronans
1813 2041 151 32 vatten-

373 2091 65 37 fall
466 2091 83 37 icke
578 2091 126 36 kunna
732 2090 188 49 utnyttjas
948 2092 49 47 på
1024 2089 163 37 nämnda
1216 2094 84 32 sätt.
1357 2089 75 37 Det
1460 2101 115 36 synes
1605 2089 45 36 då
1668 2088 107 49 ligga
1793 2089 12 36 i
1826 2088 137 38 sakens

373 2148 110 32 natur
512 2148 54 32 att
595 2144 204 47 desamma,
827 2142 12 37 i
867 2142 100 37 hvad
996 2142 44 37 de
1068 2142 83 36 icke
1179 2141 167 38 behöfva
1374 2154 215 24 reserveras
1608 2141 58 37 för
1680 2144 119 46 något
1819 2145 144 33 stalens

374 2201 91 44 eget
492 2196 127 48 behof,
665 2208 81 24 eom
788 2209 51 23 nu
882 2196 76 35 kan
1000 2195 182 47 förutses,
1224 2194 129 37 ställas
1396 2194 57 36 till
1480 2193 229 38 industriens
1739 2194 71 36 och
1838 2194 127 36 närin-

372 2261 140 37 garnas
554 2248 238 49 förfogande.
850 2247 82 37 Och
969 2248 44 48 ju
1041 2247 80 37 förr
1150 2247 104 36 detta
1282 2247 101 47 sker,
1413 2247 108 36 desto
1549 2247 122 36 bättre
1700 2246 87 37 med
1815 2246 149 50 hänsyn

375 2301 105 37 såväl
507 2300 57 37 till
592 2301 73 37 den
693 2300 147 38 direkta
873 2300 179 48 inkomst,
1083 2313 82 24 som
1193 2299 220 49 därigenom
1441 2299 74 37 kan
1543 2298 162 38 tillföras
1734 2299 231 37 statsverket

372 2354 12 36 i
426 2354 96 36 form
558 2353 40 36 af
637 2352 296 49 arrendemedel,
963 2366 83 23 som
1074 2352 114 37 äfven
1217 2352 70 37 och
1316 2352 159 37 framför
1503 2351 65 37 allt
1595 2351 57 37 till
1681 2351 63 37 det
1771 2352 194 50 uppsving

372 2406 13 36 i
412 2408 83 34 vårt
522 2405 110 37 lands
661 2405 213 49 näringslif,
905 2417 79 25 som
1013 2405 110 36 däraf
1147 2404 117 37 borde
1292 2405 127 36 kunna
1447 2404 205 37 förväntas.
