1898 2822
465 157 418 37 Bevillningsutskottets
904 158 222 32 betänkande
1147 159 52 30 Nr
1224 158 52 31 20.
1558 159 18 30 9

116 233 106 31 rande
255 233 190 37 tullskydd,
480 234 75 30 sökt
590 234 169 35 begränsa
793 234 41 31 de
869 234 192 37 föreslagna
1097 235 301 36 tulländringarna
1422 237 11 29 i
1458 237 88 36 syfte
1569 239 52 29 att

113 287 110 29 status
247 295 66 26 quo
336 287 45 34 på
403 285 155 31 området
581 286 106 30 måtte
711 286 199 31 bibehållas.
937 304 38 3 —
1002 304 38 3 —
1067 304 38 3 —

157 337 76 32 Vad
257 338 140 31 särskilt
420 339 108 35 angår
551 338 64 31 den
638 348 45 20 av
706 338 41 31 de
771 338 217 37 sakkunniga
1011 339 53 30 för
1088 339 92 31 vissa
1204 349 234 27 varugrupper
1455 341 81 30 eller
1552 344 69 28 sär-

113 390 111 31 skilda
247 390 164 37 varuslag
435 390 195 36 föreslagna
653 392 218 34 övergången
895 391 79 30 från
997 392 203 31 nuvarande
1222 392 325 38 bruttoförtullning
1564 394 55 30 till

113 442 305 36 nettoförtullning
442 442 65 31 har
529 443 59 35 jag
612 443 12 30 i
648 442 190 31 allmänhet
861 443 32 35 ej
917 443 78 30 haft
1017 444 104 35 något
1144 446 50 28 att
1211 444 151 31 däremot
1377 445 123 31 erinra.
1525 445 93 31 Dock

112 494 64 30 har
198 494 59 36 jag
281 494 12 30 i
317 494 143 31 enstaka
483 494 74 36 fall,
581 494 63 31 där
667 494 97 36 dylik
788 494 149 37 ändring
961 495 177 31 befunnits
1161 506 85 20 vara
1269 506 45 21 av
1338 507 93 20 mera
1448 498 170 35 väsentlig

112 546 170 37 betydelse
305 557 43 20 ur
371 546 381 37 tullskyddssynpunkt,
777 547 13 30 i
813 548 337 30 överensstämmelse
1173 549 76 30 med
1274 559 80 26 nyss
1371 549 151 31 uttalade
1538 560 81 26 upp-

111 598 154 37 fattning
300 599 146 31 rörande
480 599 248 36 lämpligheten
760 609 45 21 av
839 600 51 30 att
925 599 55 32 det
1014 601 203 30 nuvarande
1251 601 211 37 tullskyddet
1485 602 133 31 lämnas

110 651 155 36 orubbat,
299 652 112 30 ansett
435 651 161 36 gällande
619 652 255 31 bestämmelser
898 652 144 32 rörande
1065 653 205 31 vikttullens
1295 654 217 31 beräknande
1535 655 84 30 böra

109 703 221 31 bibehållas.»

153 755 76 31 Vad
266 755 164 36 slutligen
465 755 164 31 beträffar
659 756 63 30 den
755 756 192 31 statistiska
976 757 364 36 varuförteckningens
1363 758 219 30 inarbetande
1605 759 13 30 i

109 807 186 36 tulltaxan,
328 808 44 35 på
404 808 67 30 sätt
502 807 39 31 de
573 807 222 37 sakkunniga
826 808 191 38 ifrågasatt,
1042 809 63 30 har
1129 809 379 36 departementschefen,
1531 811 87 30 efter

108 860 53 29 att
185 858 92 31 hava
300 859 206 36 framhållit,
529 861 52 29 att
603 860 92 30 detta
718 860 112 31 skulle
854 861 174 36 innebära,
1052 862 52 30 att
1127 861 188 36 ändringar
1336 862 11 30 i
1364 862 39 30 de
1426 862 190 31 statistiska

109 911 232 35 positionerna
365 911 181 31 framdeles
568 911 112 31 skulle
703 912 96 30 bliva
823 913 161 30 beroende
1007 923 44 20 av
1075 913 198 36 riksdagens
1296 914 180 36 prövning,
1497 915 119 30 vidare

109 962 115 31 anfört
247 963 168 36 följande:

156 1012 228 34 »Ändamålet
422 1015 76 31 med
536 1015 111 31 denna
685 1016 195 37 anordning
915 1017 64 30 har
1012 1017 91 31 varit
1138 1019 50 29 att
1223 1017 153 31 undvika
1410 1018 65 31 den
1509 1029 107 20 nuva-

109 1067 104 31 rande
247 1067 257 37 uppdelningen
538 1078 44 20 av
618 1068 39 31 de
692 1068 54 31 för
768 1068 271 37 tulltaxeringen
1062 1069 223 37 erforderliga
1308 1070 224 32 tulltekniska
1555 1072 61 30 och

109 1120 192 30 statistiska
336 1120 379 37 varubeteckningarna
748 1122 45 35 på
825 1123 60 29 två
913 1122 112 30 skilda
1048 1122 258 36 författningar.
1352 1123 52 30 Då
1426 1123 189 31 emellertid

108 1173 49 29 ett
191 1172 267 36 genomförande
491 1183 44 20 av
569 1173 165 36 förslaget
766 1175 44 34 på
844 1174 112 30 denna
979 1174 120 36 punkt,
1123 1175 111 29 såsom
1258 1175 356 36 kommerskollegium

108 1223 61 31 och
204 1224 374 36 generaltullstyrelsen
612 1225 13 30 i
660 1225 95 31 förut
789 1226 229 30 omförmälda
1051 1226 159 36 yttrande
1238 1227 12 30 i
1274 1229 115 29 ämnet
1412 1228 202 36 framhållit,

108 1275 110 31 skulle
241 1275 155 31 medföra
419 1286 42 21 en
485 1286 42 21 ur
550 1277 246 35 näringslivets
819 1278 177 36 synpunkt
1019 1278 127 37 oläglig
1164 1280 147 35 omgång
1328 1279 60 30 och
1405 1280 211 31 tidsutdräkt

107 1328 60 30 vid
202 1327 185 37 behövliga
420 1328 188 37 ändringar
642 1330 12 30 i
688 1329 65 31 den
777 1330 190 31 statistiska
990 1331 360 36 varuförteckningen,
1374 1332 63 30 har
1459 1332 58 36 jag
1541 1333 75 30 icke

107 1381 112 30 ansett
252 1381 86 35 mig.
360 1381 83 30 böra
477 1381 136 31 biträda
646 1382 200 31 detsamma.
893 1382 112 37 Syftet
1038 1383 77 31 med
1150 1383 163 36 förslaget
1344 1384 112 36 ifråga
1480 1385 134 36 synes
1597 1377 21 48 i

107 1432 114 31 stället
245 1432 82 31 böra
350 1433 195 35 tillgodoses
560 1433 154 36 sålunda,
731 1436 52 29 att
799 1434 64 31 den
880 1435 189 30 statistiska
1085 1436 348 36 varuförteckningen
1450 1438 43 34 på
1510 1437 105 36 lämp-

107 1484 65 36 ligt
207 1485 67 30 sätt
308 1485 174 30 inarbetas
506 1486 13 29 i
541 1495 42 21 en
606 1487 44 34 på
673 1486 132 36 Kungl.
830 1487 117 35 Maj:ts
970 1487 271 31 föranstaltande
1265 1489 152 35 utgiven,
1441 1489 53 30 för
1517 1490 98 35 prak-

107 1537 85 30 tiskt
225 1537 89 30 bruk
348 1537 128 31 avsedd
507 1538 146 31 särskild
688 1539 130 30 edition
853 1550 44 20 av
926 1539 64 31 den
1014 1540 158 35 tulltaxa,
1196 1550 68 21 som
1290 1542 149 35 antagits
1463 1552 43 19 av
1531 1542 84 30 riks-

106 1589 140 36 dagen.»

150 1642 122 36 Enligt
304 1643 393 36 propositionsförslaget
731 1644 112 31 skulle
877 1644 63 31 den
975 1655 68 26 nya
1071 1645 175 31 tulltaxan
1269 1646 74 30 icke
1366 1646 95 30 träda
1485 1646 11 30 i
1520 1646 94 31 kraft

106 1694 73 30 förr
213 1696 45 29 än
292 1694 65 31 den
382 1696 17 29 1
424 1695 138 36 januari
586 1696 95 30 1930.
728 1696 120 31 Såsom
872 1697 73 30 skäl
969 1697 120 31 härtill
1114 1697 64 30 har
1201 1697 141 36 anförts,
1366 1699 70 30 dels
1459 1700 50 29 att
1532 1699 82 30 han-

106 1746 270 31 delsstatistiken
409 1747 76 31 icke
518 1747 100 31 borde
641 1751 86 27 utan
750 1749 189 36 tvingande
962 1749 74 30 skäl
1060 1749 178 36 omläggas
1261 1750 108 31 under
1393 1751 141 35 löpande
1558 1751 55 30 ka-

105 1798 167 36 lenderår,
308 1798 70 31 dels
412 1800 51 30 att
495 1799 190 37 tillräcklig
708 1800 50 31 tid
782 1801 103 31 borde
908 1801 137 31 beredas
1069 1802 371 37 generaltullstyrelsen
1464 1803 53 30 för
1540 1803 73 31 vid-

105 1850 149 36 tagande
287 1861 45 20 av
365 1851 41 31 de
429 1851 205 37 förarbeten,
658 1862 73 21 som
754 1853 211 31 erfordrades
988 1854 52 30 för
1063 1855 51 29 att
1138 1855 215 35 övergången
1378 1855 54 30 till
1456 1855 64 31 den
1544 1865 69 26 nya

106 1904 106 28 taxan
236 1903 106 30 måtte
365 1903 59 30 ske
448 1903 76 31 med
548 1904 128 30 minsta
699 1905 145 36 möjliga
867 1905 205 36 störningar.

151 2006 68 31 Vid
254 2006 65 32 den
356 2007 174 36 tidpunkt,
553 2007 43 31 då
620 2008 84 31 1925
728 2010 57 29 års
808 2009 300 31 tulltaxerevision
1133 2010 109 31 erhöll
1266 2011 60 30 sitt
1350 2010 164 37 uppdrag,
1539 2020 71 26 var,

106 2058 104 32 sedan
245 2059 81 31 tull-
360 2060 63 30 och
457 2060 339 32 traktatkommittén
831 2061 158 36 upphört,
1017 2062 126 31 tanken
1169 2064 43 34 på
1235 2073 40 20 en
1299 2063 139 36 allsidig
1462 2063 150 31 revision

105 2121 44 21 av
173 2111 177 31 tulltaxan
374 2112 138 36 skjuten
536 2113 36 30 åt
595 2113 108 31 sidan.
750 2114 114 30 Innan
887 2114 153 31 nämnda
1062 2114 155 37 uppdrag
1233 2115 166 36 slutförts,
1416 2115 85 31 hade
1513 2116 99 30 emel-

106 2163 101 31 lertid
232 2164 124 36 frågan
381 2174 54 21 om
460 2165 64 31 den
547 2165 164 36 allsidiga
734 2166 299 37 tullutredningen
1056 2168 260 36 återupptagits,
1340 2168 12 30 i
1375 2168 55 31 det
1453 2170 49 29 att
1526 2168 83 31 1927

104 2217 56 29 års
194 2216 141 37 riksdag
371 2218 12 29 i
417 2217 166 31 skrivelse
618 2218 56 30 till
710 2218 133 36 Kungl.
876 2219 100 36 Maj:t
1000 2219 129 36 begärt,
1158 2221 52 29 att
1232 2230 42 20 en
1298 2220 104 31 sådan
1425 2220 186 35 utredning

104 2268 107 30 måtte
234 2268 217 37 igångsättas
466 2269 63 30 och
546 2269 129 37 förslag
692 2270 12 30 i
721 2272 118 29 ämnet
854 2270 193 37 föreläggas
1063 2271 194 37 riksdagen.
1282 2272 49 30 Få
1347 2272 163 31 månader
1526 2272 85 31 efter

104 2319 56 32 det
184 2320 84 31 1925
292 2322 56 30 års
371 2321 317 32 tulltaxerevisions
711 2322 215 32 betänkande
950 2323 61 31 och
1028 2323 128 37 förslag
1172 2324 162 36 avgivits,
1352 2325 158 30 tillsattes
1527 2325 83 30 1928

103 2373 57 29 års
194 2372 249 32 tullkommitté
477 2374 78 31 med
578 2374 65 31 den
671 2375 139 36 uppgift
832 2376 52 30 att
907 2375 188 31 verkställa
1118 2386 42 20 en
1183 2376 140 37 allsidig
1347 2377 263 36 tullutredning,

103 2433 73 22 som
200 2425 12 30 i
236 2424 56 32 det
315 2425 203 37 föregående
541 2427 164 35 angivits.

149 2476 214 37 Härigenom
398 2478 62 31 har
488 2479 218 36 uppkommit
738 2481 49 30 ett
814 2480 149 36 sakläge,
987 2489 72 21 som
1083 2480 74 31 icke
1180 2490 62 21 var
1267 2481 167 35 förutsett,
1459 2481 42 31 då
1525 2481 84 31 1925

1640 2024 198 30 Utskottets

1646 2068 176 35 yttrande.

1650 2128 163 27 Allmänna

1630 2172 205 35 synpunkter.
