1878 2790
275 182 19 29 8
734 176 252 27 Statsutskottets
1010 173 161 29 utlåtande
1194 182 39 18 nr
1255 174 45 26 84.

331 259 176 29 Utskottet
528 258 212 33 hemställer,

584 313 50 27 att
653 311 187 38 riksdagen
859 309 58 29 må
936 309 167 39 medgiva,
1124 310 50 27 att
1194 317 40 20 av
1255 307 188 38 riksdagen
1463 306 54 29 för
1538 306 227 29 anordnande

540 374 41 21 av
602 364 261 38 vattenledning
884 363 54 29 för
960 363 151 29 militära
1133 361 252 39 anläggningar
1407 360 19 29 å
1448 360 112 29 Rindö
1582 360 65 29 och
1670 359 97 29 Sten-

541 420 128 28 slätten
690 419 90 28 samt
802 417 53 30 för
877 417 191 29 Vaxholms
1091 416 76 29 stad
1190 415 165 29 anvisade
1377 414 113 29 medel
1512 412 57 30 må
1591 413 176 39 omdispo-

541 481 102 20 neras
670 472 10 28 i
706 470 236 39 huvudsaklig
968 468 348 31 överensstämmelse
1343 467 79 29 med
1448 467 66 29 vad
1541 475 43 21 av
1610 467 157 39 departe-

541 524 242 30 mentschefen
810 524 10 29 i
850 522 383 40 statsrådsprotokollet
1262 522 80 29 över
1372 520 311 30 försvarsärenden
1713 519 54 30 för

542 580 68 29 den
631 578 40 30 20
692 586 93 21 mars
809 577 82 29 1953
913 576 147 30 anförts.

807 738 231 39 Flygvapnets
1065 736 158 40 delfond.

329 819 76 33 6:0)
435 820 99 31 Vissa
556 819 248 31 markförvärv
826 818 60 30 för
908 817 213 40 flygvapnet.
1160 814 112 30 Sedan
1295 813 126 40 Kungl.
1445 813 106 39 Maj:t
1574 813 10 28 i
1608 811 156 41 proposi-

275 874 120 29 tionen
416 882 41 19 nr
480 873 12 28 1
516 873 111 29 under
648 871 309 40 kapitalbudgeten
983 869 79 34 (Bil.
1084 869 51 33 25,
1157 868 113 40 punkt
1292 867 58 33 22)
1377 866 179 39 föreslagit
1578 866 189 39 riksdagen

276 929 60 32 att,
365 927 5 28 i
394 927 150 29 avbidan
566 925 43 40 på
633 925 151 29 särskild
807 923 218 41 proposition
1047 923 10 29 i
1081 923 128 33 ämnet,
1233 922 52 29 till
1309 920 268 39 ifrågavarande
1602 919 164 30 ändamål

275 981 54 29 för
362 979 205 39 budgetåret
602 978 142 35 1953/54
777 978 155 29 beräkna
966 978 48 28 ett
1047 975 356 39 investeringsanslag
1426 983 41 20 av
1492 972 94 30 1500
1601 972 63 30 000
1688 972 78 29 kro-

276 1043 73 24 nor,
372 1034 63 29 har
458 1033 124 39 Kungl.
605 1032 104 39 Maj:t
730 1032 10 29 i
763 1031 203 30 förberörda
988 1029 218 41 proposition
1227 1038 41 20 nr
1293 1027 61 30 149
1383 1027 130 40 (punkt
1537 1026 27 34 7,
1589 1035 26 21 s.
1641 1026 37 29 15
1702 1026 64 29 och

278 1088 55 32 16)
361 1086 180 39 föreslagit
561 1086 188 38 riksdagen
771 1086 49 28 att
843 1084 51 29 till
918 1092 134 21 samma
1074 1082 163 30 ändamål!
1261 1082 54 29 för
1338 1081 155 30 nämnda
1515 1079 169 40 budgetår
1708 1088 59 21 an-

276 1142 73 28 visa
368 1142 47 28 ett
433 1139 355 39 investeringsanslag
806 1147 41 21 av
867 1137 94 29 1500
977 1136 62 30 000
1057 1136 140 29 kronor.

328 1247 245 39 Markförvärv
597 1246 57 38 för
678 1244 419 40 flygfältsutvidgningar.
1124 1243 97 29 Efter
1247 1242 131 39 förslag
1405 1250 41 21 av
1472 1240 125 39 Kungl.
1625 1239 105 39 Maj:t
1756 1239 11 28 i

276 1301 303 40 propositionerna
606 1298 99 30 1946:
722 1298 72 33 229,
822 1297 145 34 1950:1,
995 1296 177 29 1951:109
1197 1296 64 30 och
1289 1295 178 29 1952:166
1491 1295 64 28 har
1580 1293 187 38 riksdagen

277 1355 138 30 anvisat
454 1353 233 38 sammanlagt
726 1351 171 30 3300000
936 1351 130 28 kronor
1105 1350 55 29 för
1198 1349 245 29 markförvärv
1471 1348 55 29 för
1554 1347 215 39 flygfältsut-

275 1408 219 39 vidgningar.
531 1404 395 42 Departementschefen
964 1403 170 34 förordar,
1172 1404 50 28 att
1260 1402 55 29 för
1342 1401 200 30 ändamålet
1568 1400 200 39 ytterligare

279 1461 94 30 1400
389 1461 63 29 000
472 1461 129 28 kronor
621 1468 47 20 nu
689 1458 149 30 anvisas.
859 1459 65 28 Det
944 1457 204 29 förutsättes
1169 1456 191 29 ankomma
1380 1454 44 41 på
1444 1454 126 39 Kungl.
1591 1454 106 39 Maj:t
1719 1454 50 28 att

275 1516 160 29 meddela
463 1514 226 38 erforderliga
718 1510 502 41 dispositionsbestämmelser.

333 1568 235 40 Oförutsedda
593 1566 144 39 utgifter
758 1566 56 39 för
836 1564 255 40 markförvärv.
1116 1561 395 42 Departementschefen
1535 1561 158 33 föreslår,
1719 1561 50 28 att

278 1625 86 28 även
386 1623 111 28 under
519 1621 219 39 flygvapnets
759 1619 143 30 delfond
923 1618 173 29 beräknas
1119 1619 48 27 ett
1187 1617 125 39 belopp
1335 1625 41 20 av
1400 1615 61 29 100
1476 1615 62 29 000
1561 1615 130 28 kronor
1714 1613 55 30 för

276 1676 228 30 oförutsedda
527 1674 144 39 utgifter
694 1673 54 29 för
771 1672 254 30 markförvärv.
1049 1671 142 29 Liksom
1214 1669 223 30 beträffande
1462 1668 139 29 arméns
1626 1667 143 30 delfond

278 1739 103 30 synes
400 1730 161 38 beloppet
579 1728 85 29 böra
684 1727 120 29 kunna
823 1727 9 28 i
853 1725 153 39 enlighet
1025 1725 79 28 med
1125 1724 124 38 Kungl.
1271 1723 124 39 Maj:ts
1415 1722 113 29 beslut
1548 1722 10 28 i
1579 1721 97 39 varje
1698 1722 71 28 sär-

278 1784 82 29 skilt
381 1783 62 29 fall
465 1781 173 39 utnyttjas
659 1780 55 30 för
734 1779 223 30 bestridande
979 1787 41 21 av
1040 1777 286 40 uppkommande
1348 1776 189 29 kostnader
1560 1775 54 29 för
1637 1776 132 28 smärre

276 1836 312 40 kompletteringar
614 1844 42 19 av
680 1834 220 39 flygvapnets
926 1830 343 40 fastighetsbestånd.
1295 1828 396 41 Departementschefen
1717 1829 53 27 ut-

279 1891 59 39 går
363 1890 80 29 från
468 1890 50 28 att
540 1889 162 38 beloppet
725 1887 130 39 jämväl
882 1886 88 29 skall
995 1886 122 28 kunna
1141 1884 175 39 utnyttjas
1342 1883 54 29 för
1422 1884 50 28 att
1496 1882 154 29 bestrida
1676 1877 94 47 kost-

278 1945 108 28 nader
412 1943 55 29 för
492 1941 261 39 tvångsinlösen
778 1949 41 20 av
844 1939 103 29 mark
972 1938 107 39 enligt
1102 1937 294 39 byggnadslagen.
1422 1935 347 39 Flygförvaltningen

278 1998 63 29 har
364 1997 54 29 för
439 1997 94 28 detta
554 1994 163 30 ändamål
739 1993 101 30 äskat
860 1993 40 29 25
917 1992 62 29 000
1001 1992 140 28 kronor.

332 2051 65 28 Det
427 2048 264 38 sammanlagda
720 2046 278 39 medelsbehovet
1028 2044 53 29 för
1110 2045 64 29 här
1203 2044 151 29 avsedda
1383 2043 245 29 markförvärv
1658 2041 112 30 skulle

278 2104 107 38 enligt
423 2100 404 42 departementschefens
865 2098 235 39 beräkningar
1138 2097 102 30 alltså
1277 2096 116 40 uppgå
1432 2096 51 29 till
1516 2095 113 33 (1400
1644 2094 62 30 000
1739 2100 27 27 +

281 2158 60 29 100
357 2157 63 29 000
444 2156 48 30 =)
520 2155 93 29 15300
628 2154 62 29 000
712 2154 138 29 kronor.

333 2209 290 39 Anslagsmedlen
653 2207 146 29 föreslås
830 2207 98 28 skola
959 2205 138 30 anvisas
1127 2204 111 29 under
1268 2203 168 29 rubriken
1466 2202 100 29 Vissa
1597 2201 174 30 markför-

280 2266 82 27 värv
395 2263 55 30 för
483 2263 210 38 flygvapnet.
727 2260 231 39 Outnyttjade
991 2259 112 28 medel
1136 2258 111 29 under
1280 2257 95 29 äldre
1409 2255 120 39 anslag
1563 2254 205 30 förutsättes

279 2318 97 29 skola
402 2316 239 38 tillgodoföras
665 2315 56 29 det
745 2323 67 29 nya
835 2313 167 38 anslaget.

334 2423 176 30 Utskottet
542 2421 192 39 tillstyrker
766 2421 66 28 den
865 2429 41 20 av
939 2417 386 41 departementschefen
1357 2416 186 30 förordade
1576 2415 195 30 medelsan-

277 2478 186 38 visningen
491 2476 52 29 för
570 2474 244 30 markförvärv
841 2473 54 29 för
923 2471 418 40 flygfältsutvidgningar.
