2226 2622
219 814 134 25 Utskottet.

392 189 21 29 4
898 190 263 28 Bankoulskottets
1187 190 156 28 utlåtande
1367 190 46 27 Nr
1435 191 47 27 56.

392 252 88 36 elfte
523 252 247 45 huvudtiteln;
815 253 66 34 och
923 252 66 35 har
1021 252 179 35 utskottet
1227 251 149 35 sålunda
1405 253 55 34 att
1487 253 98 46 yttra
1613 251 55 48 sig
1697 251 124 35 endast
1849 252 12 34 i
1890 252 102 46 fråga

393 319 60 22 om
481 306 183 47 tillfälliga
691 305 213 49 lönetillägg
933 307 37 34 åt
998 305 238 35 vaktmästare
1260 305 59 35 vid
1349 307 137 34 statens
1510 305 132 36 anstalt
1662 305 56 35 för
1737 305 257 47 pensionering

394 373 43 22 av
467 359 269 36 folkskollärare
765 372 46 22 m.
842 359 34 36 fl.
909 360 67 34 och
1006 359 60 35 vid
1094 359 146 35 flottans
1269 359 281 47 pensionskassa.

448 414 20 34 I
487 413 155 35 nämnda
662 413 172 35 avseende
854 413 150 35 innebär
1023 412 323 48 framställningen,
1368 414 55 34 att
1442 413 184 47 tillfälliga
1644 412 213 47 lönetillägg
1877 412 117 35 skulle

394 469 91 45 utgå
526 467 56 35 till
623 479 45 22 en
701 467 239 35 vaktmästare
971 466 60 36 vid
1059 467 135 34 statens
1223 466 131 35 anstalt
1381 466 57 35 för
1466 467 256 47 pensionering
1751 479 43 22 av
1822 466 173 35 folkskol-

395 521 112 35 lärare
549 533 45 22 m.
639 520 35 36 fl.
719 520 80 35 med
831 521 74 36 300
936 520 133 35 kronor
1096 522 93 33 samt
1217 520 57 35 till
1302 532 44 23 en
1375 519 240 36 vaktmästare
1645 520 61 34 vid
1735 520 147 36 flottans
1911 532 85 35 pen-

395 574 200 36 sionskassa
623 573 82 36 med
737 574 73 36 240
836 574 142 35 kronor.

450 627 230 35 Beträffande
719 627 241 47 utredningen
1003 628 12 34 i
1058 627 118 47 övrigt
1218 626 134 35 tillåter
1393 627 57 46 sig
1478 626 179 36 utskottet
1685 628 55 33 att
1769 626 149 35 hänvisa
1941 626 58 35 till

396 681 280 48 propositionen.

458 815 188 35 Utskottet
683 815 63 35 vill
776 815 125 45 erinra,
933 817 55 33 att
1014 814 270 36 statsutskottet
1311 814 68 35 den
1412 814 43 36 11
1490 813 240 36 innevarande
1760 814 69 46 maj
1861 813 139 47 avgivit

402 869 184 35 utlåtande
616 867 56 49 (nr
706 869 85 46 104)
820 873 84 31 över
933 868 232 36 förevarande
1194 868 225 47 proposition
1448 868 13 34 i
1490 867 43 36 de
1563 867 107 44 delar,
1689 867 206 35 densamma
1914 867 87 34 hän-

400 924 112 34 visats
530 923 57 35 till
601 922 222 36 sistnämnda
840 923 158 42 utskott;
1020 922 67 35 och
1100 922 65 34 har
1179 921 271 36 statsutskottet
1462 921 137 44 därvid,
1616 920 81 35 med
1712 920 228 47 godtagande
1956 932 43 23 av

401 977 44 35 de
460 976 166 47 grunder,
644 976 93 36 efter
752 976 96 35 vilka
858 975 414 48 lönetilläggsbeloppen
1282 977 192 45 avpassats,
1487 974 177 48 tillstyrkt
1674 974 101 34 bifall
1785 974 58 34 till
1858 974 140 46 Kungl.

401 1031 128 47 Maj:ts
570 1030 145 47 förslag,
743 1031 12 34 i
784 1030 68 35 vad
880 1029 62 36 det
970 1041 100 23 avser
1098 1029 110 35 femte
1234 1029 67 34 och
1329 1028 149 35 åttonde
1508 1027 285 45 huvudtitlarna,
1824 1027 81 35 med
1934 1040 63 21 un-

402 1085 135 46 dantag
581 1083 107 36 därav
731 1086 54 33 att
820 1086 54 33 tre
915 1084 246 47 preparatorer
1194 1082 60 35 vid
1293 1081 301 36 naturhistoriska
1621 1081 215 35 riksmuséet
1863 1083 136 33 ansetts

402 1139 79 34 icke
511 1139 84 35 böra
622 1138 147 35 komma
795 1138 13 33 i
837 1136 213 48 åtnjutande
1077 1149 43 22 av
1149 1135 271 48 ifrågavarande
1450 1134 315 47 löneförbättring.

458 1192 115 35 Sedan
610 1191 192 47 riksdagen
844 1203 150 22 numera
1037 1189 132 36 bifallit
1202 1189 67 35 vad
1299 1188 270 36 statsutskottet
1596 1188 13 34 i
1638 1187 149 36 berörda
1815 1187 186 36 utlåtande

403 1245 196 44 hemställt,
643 1245 55 35 får
732 1245 311 44 bankoutskottet,
1072 1255 77 23 som
1177 1243 79 35 icke
1285 1243 80 34 haft
1393 1244 113 45 något
1533 1243 54 34 att
1611 1242 116 34 erinra
1755 1243 78 33 mot
1861 1241 141 47 Kungl.

405 1299 127 47 Maj:ts
573 1299 145 46 förslag,
762 1300 13 34 i
809 1298 66 35 vad
905 1298 197 35 detsamma
1129 1309 50 22 nu
1209 1299 37 32 är
1274 1296 151 35 föremål
1452 1296 57 34 för
1537 1295 235 46 behandling,
1802 1295 200 44 hemställa,

887 1433 55 33 att
984 1430 201 47 riksdagen,
1228 1429 82 35 med
1338 1429 103 35 bifall
1470 1429 56 35 till
1556 1429 140 48 Kungl.
1728 1429 127 47 Maj:ts
1878 1429 130 46 ifråga-

835 1484 156 36 varande
1020 1484 235 47 proposition,
1287 1485 57 33 må

888 1556 72 35 dels
1000 1555 149 44 besluta,
1194 1557 56 34 att
1290 1554 187 48 tillfälliga
1515 1554 214 47 lönetillägg
1766 1554 100 35 skola
1895 1554 115 35 under

836 1609 215 48 budgetåret
1089 1609 261 36 1923—1924
1386 1609 88 46 utgå
1512 1607 56 36 till
1605 1620 46 23 en
1679 1608 241 35 vaktmästare
1949 1607 61 35 vid

835 1666 137 33 statens
1001 1662 131 36 anstalt
1159 1662 57 36 för
1244 1662 256 49 pensionering
1527 1674 43 22 av
1599 1661 270 36 folkskollärare
1898 1674 48 23 m.
1973 1661 35 35 fl.

836 1718 67 35 och
933 1730 46 22 en
1007 1716 240 36 vaktmästare
1271 1716 61 35 vid
1351 1715 147 36 flottans
1522 1715 272 47 pensionskassa
1814 1714 82 36 med
1917 1727 91 24 ovan

836 1771 158 48 angivna
1023 1770 146 48 belopp;

889 1842 73 36 dels
991 1841 219 48 bemyndiga
1239 1841 138 47 Kungl.
1408 1841 110 46 Maj:t
1547 1843 63 41 att,
1642 1840 64 35 där
1734 1840 59 35 vid
1824 1841 121 46 någon
1967 1852 43 22 av

836 1909 51 22 nu
927 1895 270 48 ifrågavarande
1239 1895 248 36 institutioner
1528 1897 60 33 äro
1626 1894 176 36 anställda
1825 1893 186 36 icke-ordi-

837 1950 99 35 narie
979 1949 365 47 befattningshavare,
1375 1948 98 35 vilka
1500 1947 83 36 med
1612 1947 175 36 avseende
1815 1949 20 33 å
1863 1947 149 47 tjänste-

838 2004 174 46 ställning
1041 2003 65 35 och
1135 2002 173 47 avlöning
1336 2005 59 32 äro
1424 2004 55 33 att
1506 2001 156 36 likställa
1690 2000 83 36 med
1804 2000 132 36 sådana
1960 2013 51 23 or-

839 2057 136 35 dinarie
1004 2056 368 47 befattningshavare,
1399 2068 59 23 om
1487 2055 97 35 vilka
1608 2067 50 22 nu
1682 2058 39 31 är
1739 2055 113 47 fråga,
1872 2054 140 36 tilldela

839 2110 111 48 sagda
978 2109 356 48 befattningshavare
1364 2109 182 47 tillfälligt
1572 2108 215 47 lönetillägg
1816 2108 91 35 efter
1931 2119 80 22 ena-

840 2163 120 36 handa
1003 2163 167 48 grunder,
1209 2175 77 23 som
1318 2163 95 48 gälla
1440 2163 13 34 i
1481 2163 103 47 fråga
1612 2175 59 22 om
1700 2161 184 46 tillfälliga
1912 2159 99 37 löne-

840 2217 131 48 tillägg
1000 2218 37 34 åt
1064 2216 250 36 motsvarande
1342 2216 178 35 ordinarie
1548 2215 373 47 befattningshavare;

896 2288 73 36 dels
1012 2289 59 34 ock
1111 2288 151 45 besluta,
1299 2289 54 34 att
1381 2287 44 36 de
1454 2287 184 47 tillfälliga
1666 2285 261 48 lönetilläggen
1955 2286 57 35 till

844 2343 267 35 vaktmästarna
1153 2341 58 36 vid
1254 2344 135 33 statens
1428 2341 135 35 anstalt
1598 2340 56 35 för
1687 2339 255 48 pensionering
1970 2352 44 22 av
