<?xml version="1.0" encoding="UTF-8"?>
<alto xmlns="http://www.loc.gov/standards/alto/ns-v3#" xmlns:xlink="http://www.w3.org/1999/xlink" xmlns:xsi="http://www.w3.org/2001/XMLSchema-instance" xsi:schemaLocation="http://www.loc.gov/standards/alto/ns-v3# http://www.loc.gov/alto/v3/alto-3-0.xsd">
	<Description>
		<MeasurementUnit>pixel</MeasurementUnit>
		<sourceImageInformation>
			<fileName>/tmp/tess_4c1aoj1__input.PNG</fileName>
		</sourceImageInformation>
		<OCRProcessing ID="OCR_0">
			<ocrProcessingStep>
				<processingSoftware>
					<softwareName>tesseract 5.3.0</softwareName>
				</processingSoftware>
			</ocrProcessingStep>
		</OCRProcessing>
	</Description>
	<Layout>
		<Page WIDTH="1906" HEIGHT="2834" PHYSICAL_IMG_NR="0" ID="page_0">
			<PrintSpace HPOS="0" VPOS="0" WIDTH="1906" HEIGHT="2834">
				<ComposedBlock ID="cblock_0" HPOS="548" VPOS="177" WIDTH="1039" HEIGHT="32">
					<TextBlock ID="block_0" HPOS="548" VPOS="177" WIDTH="1039" HEIGHT="32">
						<TextLine ID="line_0" HPOS="548" VPOS="177" WIDTH="1039" HEIGHT="32">
							<String ID="string_0" HPOS="548" VPOS="177" WIDTH="250" HEIGHT="28" WC="0.90" CONTENT="Statsutskottets"/><SP WIDTH="21" VPOS="177" HPOS="798"/>
							<String ID="string_1" HPOS="819" VPOS="178" WIDTH="159" HEIGHT="29" WC="0.86" CONTENT="utlåtande"/><SP WIDTH="20" VPOS="178" HPOS="978"/>
							<String ID="string_2" HPOS="998" VPOS="179" WIDTH="43" HEIGHT="27" WC="0.96" CONTENT="Nr"/><SP WIDTH="20" VPOS="179" HPOS="1041"/>
							<String ID="string_3" HPOS="1061" VPOS="179" WIDTH="67" HEIGHT="26" WC="0.96" CONTENT="204."/><SP WIDTH="419" VPOS="179" HPOS="1128"/>
							<String ID="string_4" HPOS="1547" VPOS="179" WIDTH="40" HEIGHT="30" WC="0.96" CONTENT="13"/>
						</TextLine>
					</TextBlock>
				</ComposedBlock>
				<ComposedBlock ID="cblock_1" HPOS="92" VPOS="254" WIDTH="1507" HEIGHT="2232">
					<TextBlock ID="block_1" HPOS="93" VPOS="254" WIDTH="1496" HEIGHT="130">
						<TextLine ID="line_1" HPOS="93" VPOS="254" WIDTH="1495" HEIGHT="43">
							<String ID="string_5" HPOS="93" VPOS="254" WIDTH="56" HEIGHT="31" WC="0.93" CONTENT="för"/><SP WIDTH="22" VPOS="254" HPOS="149"/>
							<String ID="string_6" HPOS="171" VPOS="255" WIDTH="441" HEIGHT="35" WC="0.91" CONTENT="reservförrådsnämnden,"/><SP WIDTH="26" VPOS="255" HPOS="612"/>
							<String ID="string_7" HPOS="638" VPOS="256" WIDTH="92" HEIGHT="31" WC="0.95" CONTENT="vilka"/><SP WIDTH="24" VPOS="256" HPOS="730"/>
							<String ID="string_8" HPOS="754" VPOS="257" WIDTH="119" HEIGHT="30" WC="0.95" CONTENT="hittills"/><SP WIDTH="25" VPOS="257" HPOS="873"/>
							<String ID="string_9" HPOS="898" VPOS="256" WIDTH="110" HEIGHT="40" WC="0.96" CONTENT="utgått"/><SP WIDTH="22" VPOS="256" HPOS="1008"/>
							<String ID="string_10" HPOS="1030" VPOS="256" WIDTH="80" HEIGHT="31" WC="0.96" CONTENT="från"/><SP WIDTH="25" VPOS="256" HPOS="1110"/>
							<String ID="string_11" HPOS="1135" VPOS="257" WIDTH="120" HEIGHT="39" WC="0.93" CONTENT="anslag"/><SP WIDTH="22" VPOS="257" HPOS="1255"/>
							<String ID="string_12" HPOS="1277" VPOS="257" WIDTH="21" HEIGHT="30" WC="0.88" CONTENT="å"/><SP WIDTH="23" VPOS="257" HPOS="1298"/>
							<String ID="string_13" HPOS="1321" VPOS="257" WIDTH="267" HEIGHT="40" WC="0.92" CONTENT="driftbudgeten,"/>
						</TextLine>
						<TextLine ID="line_2" HPOS="93" VPOS="301" WIDTH="1496" HEIGHT="41">
							<String ID="string_14" HPOS="93" VPOS="309" WIDTH="76" HEIGHT="21" WC="0.95" CONTENT="som"/><SP WIDTH="24" VPOS="309" HPOS="169"/>
							<String ID="string_15" HPOS="193" VPOS="301" WIDTH="245" HEIGHT="30" WC="0.95" CONTENT="motsvarande"/><SP WIDTH="24" VPOS="301" HPOS="438"/>
							<String ID="string_16" HPOS="462" VPOS="301" WIDTH="188" HEIGHT="30" WC="0.96" CONTENT="kostnader"/><SP WIDTH="24" VPOS="301" HPOS="650"/>
							<String ID="string_17" HPOS="674" VPOS="301" WIDTH="55" HEIGHT="30" WC="0.96" CONTENT="för"/><SP WIDTH="25" VPOS="301" HPOS="729"/>
							<String ID="string_18" HPOS="754" VPOS="302" WIDTH="66" HEIGHT="29" WC="0.96" CONTENT="den"/><SP WIDTH="26" VPOS="302" HPOS="820"/>
							<String ID="string_19" HPOS="846" VPOS="301" WIDTH="44" HEIGHT="39" WC="0.96" CONTENT="på"/><SP WIDTH="24" VPOS="301" HPOS="890"/>
							<String ID="string_20" HPOS="914" VPOS="301" WIDTH="222" HEIGHT="38" WC="0.96" CONTENT="jordbrukets"/><SP WIDTH="26" VPOS="301" HPOS="1136"/>
							<String ID="string_21" HPOS="1162" VPOS="301" WIDTH="142" HEIGHT="31" WC="0.93" CONTENT="område"/><SP WIDTH="24" VPOS="301" HPOS="1304"/>
							<String ID="string_22" HPOS="1328" VPOS="302" WIDTH="166" HEIGHT="30" WC="0.92" CONTENT="bedrivna"/><SP WIDTH="25" VPOS="302" HPOS="1494"/>
							<String ID="string_23" HPOS="1519" VPOS="303" WIDTH="70" HEIGHT="39" WC="0.91" CONTENT="lag-"/>
						</TextLine>
						<TextLine ID="line_3" HPOS="93" VPOS="345" WIDTH="370" HEIGHT="39">
							<String ID="string_24" HPOS="93" VPOS="345" WIDTH="370" HEIGHT="39" WC="0.89" CONTENT="ringsverksamheten."/>
						</TextLine>
					</TextBlock>
					<TextBlock ID="block_2" HPOS="92" VPOS="389" WIDTH="1501" HEIGHT="579">
						<TextLine ID="line_4" HPOS="137" VPOS="389" WIDTH="1453" HEIGHT="42">
							<String ID="string_25" HPOS="137" VPOS="389" WIDTH="116" HEIGHT="40" WC="0.96" CONTENT="Enligt"/><SP WIDTH="35" VPOS="389" HPOS="253"/>
							<String ID="string_26" HPOS="288" VPOS="391" WIDTH="44" HEIGHT="30" WC="0.95" CONTENT="de"/><SP WIDTH="25" VPOS="391" HPOS="332"/>
							<String ID="string_27" HPOS="357" VPOS="389" WIDTH="235" HEIGHT="40" WC="0.95" CONTENT="föreliggande"/><SP WIDTH="26" VPOS="389" HPOS="592"/>
							<String ID="string_28" HPOS="618" VPOS="390" WIDTH="204" HEIGHT="39" WC="0.96" CONTENT="kalkylerna"/><SP WIDTH="27" VPOS="390" HPOS="822"/>
							<String ID="string_29" HPOS="849" VPOS="391" WIDTH="154" HEIGHT="30" WC="0.91" CONTENT="räknade"/><SP WIDTH="26" VPOS="391" HPOS="1003"/>
							<String ID="string_30" HPOS="1029" VPOS="390" WIDTH="432" HEIGHT="31" WC="0.91" CONTENT="reservförrådsnämnden"/><SP WIDTH="25" VPOS="390" HPOS="1461"/>
							<String ID="string_31" HPOS="1486" VPOS="391" WIDTH="104" HEIGHT="40" WC="0.92" CONTENT="utgif-"/>
						</TextLine>
						<TextLine ID="line_5" HPOS="95" VPOS="435" WIDTH="1496" HEIGHT="40">
							<String ID="string_32" HPOS="95" VPOS="437" WIDTH="96" HEIGHT="29" WC="0.96" CONTENT="terna"/><SP WIDTH="19" VPOS="437" HPOS="191"/>
							<String ID="string_33" HPOS="210" VPOS="445" WIDTH="43" HEIGHT="20" WC="0.96" CONTENT="av"/><SP WIDTH="19" VPOS="445" HPOS="253"/>
							<String ID="string_34" HPOS="272" VPOS="445" WIDTH="47" HEIGHT="21" WC="0.96" CONTENT="nu"/><SP WIDTH="21" VPOS="445" HPOS="319"/>
							<String ID="string_35" HPOS="340" VPOS="435" WIDTH="229" HEIGHT="31" WC="0.95" CONTENT="förevarande"/><SP WIDTH="19" VPOS="435" HPOS="569"/>
							<String ID="string_36" HPOS="588" VPOS="436" WIDTH="74" HEIGHT="39" WC="0.95" CONTENT="slag"/><SP WIDTH="19" VPOS="436" HPOS="662"/>
							<String ID="string_37" HPOS="681" VPOS="436" WIDTH="49" HEIGHT="30" WC="0.95" CONTENT="till"/><SP WIDTH="23" VPOS="436" HPOS="730"/>
							<String ID="string_38" HPOS="753" VPOS="437" WIDTH="94" HEIGHT="29" WC="0.79" CONTENT="1950"/><SP WIDTH="14" VPOS="437" HPOS="847"/>
							<String ID="string_39" HPOS="861" VPOS="437" WIDTH="64" HEIGHT="29" WC="0.96" CONTENT="000"/><SP WIDTH="20" VPOS="437" HPOS="925"/>
							<String ID="string_40" HPOS="945" VPOS="437" WIDTH="139" HEIGHT="29" WC="0.93" CONTENT="kronor."/><SP WIDTH="24" VPOS="437" HPOS="1084"/>
							<String ID="string_41" HPOS="1108" VPOS="436" WIDTH="483" HEIGHT="30" WC="0.90" CONTENT="Livsmedelskommissionen"/>
						</TextLine>
						<TextLine ID="line_6" HPOS="92" VPOS="479" WIDTH="1498" HEIGHT="37">
							<String ID="string_42" HPOS="92" VPOS="479" WIDTH="209" HEIGHT="37" WC="0.96" CONTENT="beräknade,"/><SP WIDTH="25" VPOS="479" HPOS="301"/>
							<String ID="string_43" HPOS="326" VPOS="483" WIDTH="49" HEIGHT="27" WC="0.96" CONTENT="att"/><SP WIDTH="22" VPOS="483" HPOS="375"/>
							<String ID="string_44" HPOS="397" VPOS="480" WIDTH="235" HEIGHT="31" WC="0.96" CONTENT="kostnaderna"/><SP WIDTH="22" VPOS="480" HPOS="632"/>
							<String ID="string_45" HPOS="654" VPOS="480" WIDTH="56" HEIGHT="30" WC="0.96" CONTENT="för"/><SP WIDTH="21" VPOS="480" HPOS="710"/>
							<String ID="string_46" HPOS="731" VPOS="481" WIDTH="68" HEIGHT="30" WC="0.96" CONTENT="den"/><SP WIDTH="23" VPOS="481" HPOS="799"/>
							<String ID="string_47" HPOS="822" VPOS="481" WIDTH="110" HEIGHT="30" WC="0.96" CONTENT="under"/><SP WIDTH="22" VPOS="481" HPOS="932"/>
							<String ID="string_48" HPOS="954" VPOS="481" WIDTH="291" HEIGHT="30" WC="0.96" CONTENT="kommissionens"/><SP WIDTH="23" VPOS="481" HPOS="1245"/>
							<String ID="string_49" HPOS="1268" VPOS="481" WIDTH="243" HEIGHT="31" WC="0.93" CONTENT="överinseende"/><SP WIDTH="23" VPOS="481" HPOS="1511"/>
							<String ID="string_50" HPOS="1534" VPOS="482" WIDTH="56" HEIGHT="29" WC="0.91" CONTENT="be-"/>
						</TextLine>
						<TextLine ID="line_7" HPOS="97" VPOS="524" WIDTH="1494" HEIGHT="41">
							<String ID="string_51" HPOS="97" VPOS="524" WIDTH="123" HEIGHT="31" WC="0.96" CONTENT="drivna"/><SP WIDTH="21" VPOS="524" HPOS="220"/>
							<String ID="string_52" HPOS="241" VPOS="525" WIDTH="179" HEIGHT="39" WC="0.96" CONTENT="lagringen"/><SP WIDTH="21" VPOS="525" HPOS="420"/>
							<String ID="string_53" HPOS="441" VPOS="525" WIDTH="44" HEIGHT="40" WC="0.96" CONTENT="på"/><SP WIDTH="20" VPOS="525" HPOS="485"/>
							<String ID="string_54" HPOS="505" VPOS="525" WIDTH="347" HEIGHT="39" WC="0.96" CONTENT="jordbruksområdet"/><SP WIDTH="22" VPOS="525" HPOS="852"/>
							<String ID="string_55" HPOS="874" VPOS="527" WIDTH="140" HEIGHT="29" WC="0.96" CONTENT="komme"/><SP WIDTH="21" VPOS="527" HPOS="1014"/>
							<String ID="string_56" HPOS="1035" VPOS="529" WIDTH="49" HEIGHT="27" WC="0.96" CONTENT="att"/><SP WIDTH="22" VPOS="529" HPOS="1084"/>
							<String ID="string_57" HPOS="1106" VPOS="525" WIDTH="116" HEIGHT="40" WC="0.96" CONTENT="uppgå"/><SP WIDTH="22" VPOS="525" HPOS="1222"/>
							<String ID="string_58" HPOS="1244" VPOS="526" WIDTH="51" HEIGHT="30" WC="0.96" CONTENT="till"/><SP WIDTH="22" VPOS="526" HPOS="1295"/>
							<String ID="string_59" HPOS="1317" VPOS="527" WIDTH="19" HEIGHT="29" WC="0.96" CONTENT="6"/><SP WIDTH="14" VPOS="527" HPOS="1336"/>
							<String ID="string_60" HPOS="1350" VPOS="527" WIDTH="64" HEIGHT="29" WC="0.95" CONTENT="000"/><SP WIDTH="14" VPOS="527" HPOS="1414"/>
							<String ID="string_61" HPOS="1428" VPOS="527" WIDTH="63" HEIGHT="29" WC="0.91" CONTENT="000"/><SP WIDTH="22" VPOS="527" HPOS="1491"/>
							<String ID="string_62" HPOS="1513" VPOS="527" WIDTH="78" HEIGHT="30" WC="0.91" CONTENT="kro-"/>
						</TextLine>
						<TextLine ID="line_8" HPOS="95" VPOS="570" WIDTH="1496" HEIGHT="39">
							<String ID="string_63" HPOS="95" VPOS="578" WIDTH="72" HEIGHT="23" WC="0.95" CONTENT="nor."/><SP WIDTH="22" VPOS="578" HPOS="167"/>
							<String ID="string_64" HPOS="189" VPOS="570" WIDTH="123" HEIGHT="30" WC="0.96" CONTENT="Härtill"/><SP WIDTH="19" VPOS="570" HPOS="312"/>
							<String ID="string_65" HPOS="331" VPOS="571" WIDTH="141" HEIGHT="30" WC="0.95" CONTENT="komme"/><SP WIDTH="18" VPOS="571" HPOS="472"/>
							<String ID="string_66" HPOS="490" VPOS="571" WIDTH="236" HEIGHT="30" WC="0.96" CONTENT="kostnaderna"/><SP WIDTH="18" VPOS="571" HPOS="726"/>
							<String ID="string_67" HPOS="744" VPOS="570" WIDTH="56" HEIGHT="31" WC="0.96" CONTENT="för"/><SP WIDTH="19" VPOS="570" HPOS="800"/>
							<String ID="string_68" HPOS="819" VPOS="571" WIDTH="68" HEIGHT="29" WC="0.96" CONTENT="den"/><SP WIDTH="20" VPOS="571" HPOS="887"/>
							<String ID="string_69" HPOS="907" VPOS="580" WIDTH="43" HEIGHT="21" WC="0.93" CONTENT="av"/><SP WIDTH="19" VPOS="580" HPOS="950"/>
							<String ID="string_70" HPOS="969" VPOS="570" WIDTH="436" HEIGHT="39" WC="0.85" CONTENT="spannmålsaktiebolaget"/><SP WIDTH="19" VPOS="570" HPOS="1405"/>
							<String ID="string_71" HPOS="1424" VPOS="570" WIDTH="167" HEIGHT="30" WC="0.92" CONTENT="bedrivna"/>
						</TextLine>
						<TextLine ID="line_9" HPOS="94" VPOS="615" WIDTH="1498" HEIGHT="39">
							<String ID="string_72" HPOS="94" VPOS="615" WIDTH="274" HEIGHT="31" WC="0.83" CONTENT="verksamheten."/><SP WIDTH="34" VPOS="615" HPOS="368"/>
							<String ID="string_73" HPOS="402" VPOS="615" WIDTH="107" HEIGHT="30" WC="0.96" CONTENT="Dessa"/><SP WIDTH="19" VPOS="615" HPOS="509"/>
							<String ID="string_74" HPOS="528" VPOS="615" WIDTH="250" HEIGHT="39" WC="0.96" CONTENT="uppskattades"/><SP WIDTH="21" VPOS="615" HPOS="778"/>
							<String ID="string_75" HPOS="799" VPOS="624" WIDTH="43" HEIGHT="21" WC="0.88" CONTENT="av"/><SP WIDTH="11" VPOS="624" HPOS="842"/>
							<String ID="string_76" HPOS="853" VPOS="615" WIDTH="469" HEIGHT="30" WC="0.88" CONTENT="livsmedelskommissionen"/><SP WIDTH="12" VPOS="615" HPOS="1322"/>
							<String ID="string_77" HPOS="1334" VPOS="615" WIDTH="51" HEIGHT="30" WC="0.95" CONTENT="till"/><SP WIDTH="14" VPOS="615" HPOS="1385"/>
							<String ID="string_78" HPOS="1399" VPOS="616" WIDTH="36" HEIGHT="29" WC="0.96" CONTENT="12"/><SP WIDTH="15" VPOS="616" HPOS="1435"/>
							<String ID="string_79" HPOS="1450" VPOS="616" WIDTH="64" HEIGHT="29" WC="0.96" CONTENT="000"/><SP WIDTH="13" VPOS="616" HPOS="1514"/>
							<String ID="string_80" HPOS="1527" VPOS="615" WIDTH="65" HEIGHT="30" WC="0.96" CONTENT="000"/>
						</TextLine>
						<TextLine ID="line_10" HPOS="94" VPOS="659" WIDTH="1498" HEIGHT="40">
							<String ID="string_81" HPOS="94" VPOS="659" WIDTH="138" HEIGHT="31" WC="0.95" CONTENT="kronor."/><SP WIDTH="27" VPOS="659" HPOS="232"/>
							<String ID="string_82" HPOS="259" VPOS="660" WIDTH="71" HEIGHT="30" WC="0.95" CONTENT="Mot"/><SP WIDTH="25" VPOS="660" HPOS="330"/>
							<String ID="string_83" HPOS="355" VPOS="660" WIDTH="42" HEIGHT="30" WC="0.96" CONTENT="de"/><SP WIDTH="23" VPOS="660" HPOS="397"/>
							<String ID="string_84" HPOS="420" VPOS="659" WIDTH="146" HEIGHT="31" WC="0.95" CONTENT="sålunda"/><SP WIDTH="25" VPOS="659" HPOS="566"/>
							<String ID="string_85" HPOS="591" VPOS="660" WIDTH="122" HEIGHT="39" WC="0.96" CONTENT="gjorda"/><SP WIDTH="23" VPOS="660" HPOS="713"/>
							<String ID="string_86" HPOS="736" VPOS="660" WIDTH="280" HEIGHT="39" WC="0.96" CONTENT="beräkningarna"/><SP WIDTH="24" VPOS="660" HPOS="1016"/>
							<String ID="string_87" HPOS="1040" VPOS="660" WIDTH="91" HEIGHT="30" WC="0.93" CONTENT="hade"/><SP WIDTH="24" VPOS="660" HPOS="1131"/>
							<String ID="string_88" HPOS="1155" VPOS="659" WIDTH="381" HEIGHT="39" WC="0.91" CONTENT="departementschefen"/><SP WIDTH="24" VPOS="659" HPOS="1536"/>
							<String ID="string_89" HPOS="1560" VPOS="659" WIDTH="32" HEIGHT="38" WC="0.96" CONTENT="ej"/>
						</TextLine>
						<TextLine ID="line_11" HPOS="101" VPOS="703" WIDTH="1492" HEIGHT="41">
							<String ID="string_90" HPOS="101" VPOS="703" WIDTH="105" HEIGHT="40" WC="0.96" CONTENT="något"/><SP WIDTH="15" VPOS="703" HPOS="206"/>
							<String ID="string_91" HPOS="221" VPOS="708" WIDTH="49" HEIGHT="27" WC="0.96" CONTENT="att"/><SP WIDTH="17" VPOS="708" HPOS="270"/>
							<String ID="string_92" HPOS="287" VPOS="705" WIDTH="124" HEIGHT="30" WC="0.95" CONTENT="erinra."/><SP WIDTH="18" VPOS="705" HPOS="411"/>
							<String ID="string_93" HPOS="429" VPOS="705" WIDTH="67" HEIGHT="30" WC="0.96" CONTENT="Om"/><SP WIDTH="14" VPOS="705" HPOS="496"/>
							<String ID="string_94" HPOS="510" VPOS="706" WIDTH="140" HEIGHT="38" WC="0.93" CONTENT="hänsyn"/><SP WIDTH="17" VPOS="706" HPOS="650"/>
							<String ID="string_95" HPOS="667" VPOS="709" WIDTH="92" HEIGHT="35" WC="0.89" CONTENT="toges"/><SP WIDTH="17" VPOS="709" HPOS="759"/>
							<String ID="string_96" HPOS="776" VPOS="706" WIDTH="51" HEIGHT="30" WC="0.96" CONTENT="till"/><SP WIDTH="17" VPOS="706" HPOS="827"/>
							<String ID="string_97" HPOS="844" VPOS="709" WIDTH="49" HEIGHT="27" WC="0.96" CONTENT="att"/><SP WIDTH="16" VPOS="709" HPOS="893"/>
							<String ID="string_98" HPOS="909" VPOS="706" WIDTH="54" HEIGHT="30" WC="0.96" CONTENT="för"/><SP WIDTH="16" VPOS="706" HPOS="963"/>
							<String ID="string_99" HPOS="979" VPOS="705" WIDTH="134" HEIGHT="39" WC="0.96" CONTENT="lagring"/><SP WIDTH="17" VPOS="705" HPOS="1113"/>
							<String ID="string_100" HPOS="1130" VPOS="715" WIDTH="42" HEIGHT="20" WC="0.96" CONTENT="av"/><SP WIDTH="17" VPOS="715" HPOS="1172"/>
							<String ID="string_101" HPOS="1189" VPOS="705" WIDTH="133" HEIGHT="30" WC="0.96" CONTENT="diverse"/><SP WIDTH="16" VPOS="705" HPOS="1322"/>
							<String ID="string_102" HPOS="1338" VPOS="705" WIDTH="181" HEIGHT="30" WC="0.93" CONTENT="inhemska"/><SP WIDTH="17" VPOS="705" HPOS="1519"/>
							<String ID="string_103" HPOS="1536" VPOS="714" WIDTH="57" HEIGHT="21" WC="0.92" CONTENT="va-"/>
						</TextLine>
						<TextLine ID="line_12" HPOS="94" VPOS="748" WIDTH="1497" HEIGHT="40">
							<String ID="string_104" HPOS="94" VPOS="757" WIDTH="57" HEIGHT="22" WC="0.96" CONTENT="ror"/><SP WIDTH="22" VPOS="757" HPOS="151"/>
							<String ID="string_105" HPOS="173" VPOS="756" WIDTH="123" HEIGHT="32" WC="0.92" CONTENT="genom"/><SP WIDTH="21" VPOS="756" HPOS="296"/>
							<String ID="string_106" HPOS="317" VPOS="748" WIDTH="450" HEIGHT="32" WC="0.89" CONTENT="reservförrådsnämndens"/><SP WIDTH="21" VPOS="748" HPOS="767"/>
							<String ID="string_107" HPOS="788" VPOS="749" WIDTH="137" HEIGHT="39" WC="0.96" CONTENT="försorg"/><SP WIDTH="21" VPOS="749" HPOS="925"/>
							<String ID="string_108" HPOS="946" VPOS="749" WIDTH="89" HEIGHT="30" WC="0.96" CONTENT="vissa"/><SP WIDTH="21" VPOS="749" HPOS="1035"/>
							<String ID="string_109" HPOS="1056" VPOS="749" WIDTH="113" HEIGHT="30" WC="0.96" CONTENT="medel"/><SP WIDTH="21" VPOS="749" HPOS="1169"/>
							<String ID="string_110" HPOS="1190" VPOS="749" WIDTH="97" HEIGHT="30" WC="0.96" CONTENT="torde"/><SP WIDTH="20" VPOS="749" HPOS="1287"/>
							<String ID="string_111" HPOS="1307" VPOS="749" WIDTH="94" HEIGHT="30" WC="0.93" CONTENT="bliva"/><SP WIDTH="21" VPOS="749" HPOS="1401"/>
							<String ID="string_112" HPOS="1422" VPOS="748" WIDTH="169" HEIGHT="31" WC="0.92" CONTENT="erforder-"/>
						</TextLine>
						<TextLine ID="line_13" HPOS="95" VPOS="793" WIDTH="1498" HEIGHT="40">
							<String ID="string_113" HPOS="95" VPOS="793" WIDTH="77" HEIGHT="39" WC="0.95" CONTENT="liga,"/><SP WIDTH="24" VPOS="793" HPOS="172"/>
							<String ID="string_114" HPOS="196" VPOS="793" WIDTH="200" HEIGHT="40" WC="0.96" CONTENT="förslagsvis"/><SP WIDTH="23" VPOS="793" HPOS="396"/>
							<String ID="string_115" HPOS="419" VPOS="794" WIDTH="63" HEIGHT="30" WC="0.95" CONTENT="550"/><SP WIDTH="14" VPOS="794" HPOS="482"/>
							<String ID="string_116" HPOS="496" VPOS="795" WIDTH="63" HEIGHT="29" WC="0.96" CONTENT="000"/><SP WIDTH="22" VPOS="795" HPOS="559"/>
							<String ID="string_117" HPOS="581" VPOS="794" WIDTH="140" HEIGHT="36" WC="0.95" CONTENT="kronor,"/><SP WIDTH="23" VPOS="794" HPOS="721"/>
							<String ID="string_118" HPOS="744" VPOS="797" WIDTH="116" HEIGHT="36" WC="0.96" CONTENT="syntes"/><SP WIDTH="23" VPOS="797" HPOS="860"/>
							<String ID="string_119" HPOS="883" VPOS="794" WIDTH="154" HEIGHT="38" WC="0.96" CONTENT="anslaget"/><SP WIDTH="22" VPOS="794" HPOS="1037"/>
							<String ID="string_120" HPOS="1059" VPOS="794" WIDTH="51" HEIGHT="30" WC="0.96" CONTENT="till"/><SP WIDTH="22" VPOS="794" HPOS="1110"/>
							<String ID="string_121" HPOS="1132" VPOS="794" WIDTH="248" HEIGHT="30" WC="0.96" CONTENT="omkostnader"/><SP WIDTH="22" VPOS="794" HPOS="1380"/>
							<String ID="string_122" HPOS="1402" VPOS="793" WIDTH="55" HEIGHT="30" WC="0.96" CONTENT="för"/><SP WIDTH="21" VPOS="793" HPOS="1457"/>
							<String ID="string_123" HPOS="1478" VPOS="793" WIDTH="115" HEIGHT="38" WC="0.96" CONTENT="statlig"/>
						</TextLine>
						<TextLine ID="line_14" HPOS="94" VPOS="836" WIDTH="1499" HEIGHT="43">
							<String ID="string_124" HPOS="94" VPOS="838" WIDTH="252" HEIGHT="41" WC="0.96" CONTENT="lagerhållning"/><SP WIDTH="40" VPOS="838" HPOS="346"/>
							<String ID="string_125" HPOS="386" VPOS="840" WIDTH="120" HEIGHT="30" WC="0.96" CONTENT="kunna"/><SP WIDTH="40" VPOS="840" HPOS="506"/>
							<String ID="string_126" HPOS="546" VPOS="839" WIDTH="211" HEIGHT="31" WC="0.96" CONTENT="bestämmas"/><SP WIDTH="40" VPOS="839" HPOS="757"/>
							<String ID="string_127" HPOS="797" VPOS="840" WIDTH="52" HEIGHT="29" WC="0.92" CONTENT="tili"/><SP WIDTH="46" VPOS="840" HPOS="849"/>
							<String ID="string_128" HPOS="895" VPOS="839" WIDTH="108" HEIGHT="39" WC="0.89" CONTENT="(1950"/><SP WIDTH="14" VPOS="839" HPOS="1003"/>
							<String ID="string_129" HPOS="1017" VPOS="840" WIDTH="65" HEIGHT="29" WC="0.88" CONTENT="000"/><SP WIDTH="16" VPOS="840" HPOS="1082"/>
							<String ID="string_130" HPOS="1098" VPOS="836" WIDTH="36" HEIGHT="37" WC="0.78" CONTENT="--"/><SP WIDTH="18" VPOS="836" HPOS="1134"/>
							<String ID="string_131" HPOS="1152" VPOS="839" WIDTH="19" HEIGHT="29" WC="0.87" CONTENT="6"/><SP WIDTH="14" VPOS="839" HPOS="1171"/>
							<String ID="string_132" HPOS="1185" VPOS="839" WIDTH="63" HEIGHT="30" WC="0.87" CONTENT="000"/><SP WIDTH="13" VPOS="839" HPOS="1248"/>
							<String ID="string_133" HPOS="1261" VPOS="839" WIDTH="65" HEIGHT="30" WC="0.95" CONTENT="000"/><SP WIDTH="17" VPOS="839" HPOS="1326"/>
							<String ID="string_134" HPOS="1343" VPOS="836" WIDTH="36" HEIGHT="36" WC="0.89" CONTENT="+"/><SP WIDTH="19" VPOS="836" HPOS="1379"/>
							<String ID="string_135" HPOS="1398" VPOS="839" WIDTH="38" HEIGHT="29" WC="0.81" CONTENT="12"/><SP WIDTH="14" VPOS="839" HPOS="1436"/>
							<String ID="string_136" HPOS="1450" VPOS="839" WIDTH="65" HEIGHT="29" WC="0.96" CONTENT="000"/><SP WIDTH="12" VPOS="839" HPOS="1515"/>
							<String ID="string_137" HPOS="1527" VPOS="838" WIDTH="66" HEIGHT="30" WC="0.95" CONTENT="000"/>
						</TextLine>
						<TextLine ID="line_15" HPOS="97" VPOS="882" WIDTH="1495" HEIGHT="41">
							<String ID="string_138" HPOS="97" VPOS="882" WIDTH="37" HEIGHT="36" WC="0.93" CONTENT="+"/><SP WIDTH="18" VPOS="882" HPOS="134"/>
							<String ID="string_139" HPOS="152" VPOS="885" WIDTH="62" HEIGHT="29" WC="0.96" CONTENT="550"/><SP WIDTH="15" VPOS="885" HPOS="214"/>
							<String ID="string_140" HPOS="229" VPOS="885" WIDTH="63" HEIGHT="29" WC="0.96" CONTENT="000"/><SP WIDTH="13" VPOS="885" HPOS="292"/>
							<String ID="string_141" HPOS="305" VPOS="883" WIDTH="54" HEIGHT="40" WC="0.63" CONTENT="=)"/><SP WIDTH="29" VPOS="883" HPOS="359"/>
							<String ID="string_142" HPOS="388" VPOS="885" WIDTH="43" HEIGHT="30" WC="0.94" CONTENT="20"/><SP WIDTH="12" VPOS="885" HPOS="431"/>
							<String ID="string_143" HPOS="443" VPOS="885" WIDTH="64" HEIGHT="30" WC="0.94" CONTENT="500"/><SP WIDTH="13" VPOS="885" HPOS="507"/>
							<String ID="string_144" HPOS="520" VPOS="886" WIDTH="65" HEIGHT="30" WC="0.95" CONTENT="000"/><SP WIDTH="23" VPOS="886" HPOS="585"/>
							<String ID="string_145" HPOS="608" VPOS="885" WIDTH="138" HEIGHT="31" WC="0.92" CONTENT="kronor."/><SP WIDTH="25" VPOS="885" HPOS="746"/>
							<String ID="string_146" HPOS="771" VPOS="884" WIDTH="78" HEIGHT="30" WC="0.96" CONTENT="Med"/><SP WIDTH="22" VPOS="884" HPOS="849"/>
							<String ID="string_147" HPOS="871" VPOS="884" WIDTH="137" HEIGHT="39" WC="0.96" CONTENT="hänsyn"/><SP WIDTH="23" VPOS="884" HPOS="1008"/>
							<String ID="string_148" HPOS="1031" VPOS="884" WIDTH="51" HEIGHT="30" WC="0.95" CONTENT="till"/><SP WIDTH="23" VPOS="884" HPOS="1082"/>
							<String ID="string_149" HPOS="1105" VPOS="883" WIDTH="227" HEIGHT="30" WC="0.96" CONTENT="osäkerheten"/><SP WIDTH="23" VPOS="883" HPOS="1332"/>
							<String ID="string_150" HPOS="1355" VPOS="883" WIDTH="10" HEIGHT="30" WC="0.93" CONTENT="i"/><SP WIDTH="21" VPOS="883" HPOS="1365"/>
							<String ID="string_151" HPOS="1386" VPOS="882" WIDTH="206" HEIGHT="40" WC="0.91" CONTENT="beräkning-"/>
						</TextLine>
						<TextLine ID="line_16" HPOS="96" VPOS="928" WIDTH="968" HEIGHT="40">
							<String ID="string_152" HPOS="96" VPOS="938" WIDTH="86" HEIGHT="21" WC="0.96" CONTENT="arna"/><SP WIDTH="17" VPOS="938" HPOS="182"/>
							<String ID="string_153" HPOS="199" VPOS="929" WIDTH="107" HEIGHT="30" WC="0.96" CONTENT="borde"/><SP WIDTH="18" VPOS="929" HPOS="306"/>
							<String ID="string_154" HPOS="324" VPOS="929" WIDTH="154" HEIGHT="39" WC="0.96" CONTENT="anslaget"/><SP WIDTH="17" VPOS="929" HPOS="478"/>
							<String ID="string_155" HPOS="495" VPOS="928" WIDTH="132" HEIGHT="31" WC="0.93" CONTENT="erhålla"/><SP WIDTH="19" VPOS="928" HPOS="627"/>
							<String ID="string_156" HPOS="646" VPOS="928" WIDTH="289" HEIGHT="40" WC="0.91" CONTENT="förslagsanslags"/><SP WIDTH="18" VPOS="928" HPOS="935"/>
							<String ID="string_157" HPOS="953" VPOS="932" WIDTH="111" HEIGHT="27" WC="0.96" CONTENT="natur."/>
						</TextLine>
					</TextBlock>
					<TextBlock ID="block_3" HPOS="95" VPOS="972" WIDTH="1501" HEIGHT="532">
						<TextLine ID="line_17" HPOS="140" VPOS="972" WIDTH="1452" HEIGHT="40">
							<String ID="string_158" HPOS="140" VPOS="973" WIDTH="116" HEIGHT="39" WC="0.96" CONTENT="Enligt"/><SP WIDTH="18" VPOS="973" HPOS="256"/>
							<String ID="string_159" HPOS="274" VPOS="974" WIDTH="66" HEIGHT="30" WC="0.93" CONTENT="vad"/><SP WIDTH="20" VPOS="974" HPOS="340"/>
							<String ID="string_160" HPOS="360" VPOS="973" WIDTH="380" HEIGHT="39" WC="0.91" CONTENT="departementschefen"/><SP WIDTH="19" VPOS="973" HPOS="740"/>
							<String ID="string_161" HPOS="759" VPOS="974" WIDTH="173" HEIGHT="30" WC="0.92" CONTENT="inhämtat"/><SP WIDTH="19" VPOS="974" HPOS="932"/>
							<String ID="string_162" HPOS="951" VPOS="973" WIDTH="136" HEIGHT="39" WC="0.91" CONTENT="inginge"/><SP WIDTH="19" VPOS="973" HPOS="1087"/>
							<String ID="string_163" HPOS="1106" VPOS="973" WIDTH="10" HEIGHT="30" WC="0.96" CONTENT="i"/><SP WIDTH="20" VPOS="973" HPOS="1116"/>
							<String ID="string_164" HPOS="1136" VPOS="973" WIDTH="67" HEIGHT="30" WC="0.96" CONTENT="den"/><SP WIDTH="18" VPOS="973" HPOS="1203"/>
							<String ID="string_165" HPOS="1221" VPOS="982" WIDTH="43" HEIGHT="21" WC="0.93" CONTENT="av"/><SP WIDTH="19" VPOS="982" HPOS="1264"/>
							<String ID="string_166" HPOS="1283" VPOS="972" WIDTH="309" HEIGHT="40" WC="0.89" CONTENT="spannmålsaktie-"/>
						</TextLine>
						<TextLine ID="line_18" HPOS="95" VPOS="1018" WIDTH="1498" HEIGHT="39">
							<String ID="string_167" HPOS="95" VPOS="1018" WIDTH="137" HEIGHT="39" WC="0.96" CONTENT="bolaget"/><SP WIDTH="20" VPOS="1018" HPOS="232"/>
							<String ID="string_168" HPOS="252" VPOS="1018" WIDTH="201" HEIGHT="31" WC="0.96" CONTENT="beräknade"/><SP WIDTH="20" VPOS="1018" HPOS="453"/>
							<String ID="string_169" HPOS="473" VPOS="1027" WIDTH="163" HEIGHT="21" WC="0.96" CONTENT="summan"/><SP WIDTH="21" VPOS="1027" HPOS="636"/>
							<String ID="string_170" HPOS="657" VPOS="1021" WIDTH="46" HEIGHT="28" WC="0.96" CONTENT="ett"/><SP WIDTH="20" VPOS="1021" HPOS="703"/>
							<String ID="string_171" HPOS="723" VPOS="1019" WIDTH="126" HEIGHT="38" WC="0.96" CONTENT="belopp"/><SP WIDTH="22" VPOS="1019" HPOS="849"/>
							<String ID="string_172" HPOS="871" VPOS="1028" WIDTH="42" HEIGHT="21" WC="0.96" CONTENT="av"/><SP WIDTH="22" VPOS="1028" HPOS="913"/>
							<String ID="string_173" HPOS="935" VPOS="1019" WIDTH="18" HEIGHT="29" WC="0.93" CONTENT="3"/><SP WIDTH="14" VPOS="1019" HPOS="953"/>
							<String ID="string_174" HPOS="967" VPOS="1019" WIDTH="63" HEIGHT="29" WC="0.93" CONTENT="250"/><SP WIDTH="14" VPOS="1019" HPOS="1030"/>
							<String ID="string_175" HPOS="1044" VPOS="1019" WIDTH="65" HEIGHT="29" WC="0.96" CONTENT="000"/><SP WIDTH="22" VPOS="1019" HPOS="1109"/>
							<String ID="string_176" HPOS="1131" VPOS="1019" WIDTH="138" HEIGHT="35" WC="0.96" CONTENT="kronor,"/><SP WIDTH="23" VPOS="1019" HPOS="1269"/>
							<String ID="string_177" HPOS="1292" VPOS="1018" WIDTH="93" HEIGHT="30" WC="0.96" CONTENT="vilka"/><SP WIDTH="21" VPOS="1018" HPOS="1385"/>
							<String ID="string_178" HPOS="1406" VPOS="1018" WIDTH="187" HEIGHT="30" WC="0.96" CONTENT="beräknats"/>
						</TextLine>
						<TextLine ID="line_19" HPOS="97" VPOS="1062" WIDTH="1496" HEIGHT="40">
							<String ID="string_179" HPOS="97" VPOS="1064" WIDTH="102" HEIGHT="30" WC="0.96" CONTENT="täcka"/><SP WIDTH="19" VPOS="1064" HPOS="199"/>
							<String ID="string_180" HPOS="218" VPOS="1063" WIDTH="188" HEIGHT="30" WC="0.96" CONTENT="kostnader"/><SP WIDTH="20" VPOS="1063" HPOS="406"/>
							<String ID="string_181" HPOS="426" VPOS="1063" WIDTH="55" HEIGHT="31" WC="0.96" CONTENT="för"/><SP WIDTH="20" VPOS="1063" HPOS="481"/>
							<String ID="string_182" HPOS="501" VPOS="1062" WIDTH="109" HEIGHT="31" WC="0.93" CONTENT="sådan"/><SP WIDTH="21" VPOS="1062" HPOS="610"/>
							<String ID="string_183" HPOS="631" VPOS="1063" WIDTH="219" HEIGHT="39" WC="0.92" CONTENT="utspridning"/><SP WIDTH="20" VPOS="1063" HPOS="850"/>
							<String ID="string_184" HPOS="870" VPOS="1064" WIDTH="65" HEIGHT="29" WC="0.93" CONTENT="och"/><SP WIDTH="20" VPOS="1064" HPOS="935"/>
							<String ID="string_185" HPOS="955" VPOS="1062" WIDTH="228" HEIGHT="31" WC="0.92" CONTENT="bortförande"/><SP WIDTH="19" VPOS="1062" HPOS="1183"/>
							<String ID="string_186" HPOS="1202" VPOS="1072" WIDTH="44" HEIGHT="21" WC="0.95" CONTENT="av"/><SP WIDTH="19" VPOS="1072" HPOS="1246"/>
							<String ID="string_187" HPOS="1265" VPOS="1062" WIDTH="92" HEIGHT="30" WC="0.96" CONTENT="vissa"/><SP WIDTH="20" VPOS="1062" HPOS="1357"/>
							<String ID="string_188" HPOS="1377" VPOS="1072" WIDTH="42" HEIGHT="20" WC="0.96" CONTENT="av"/><SP WIDTH="20" VPOS="1072" HPOS="1419"/>
							<String ID="string_189" HPOS="1439" VPOS="1062" WIDTH="154" HEIGHT="39" WC="0.96" CONTENT="bolagets"/>
						</TextLine>
						<TextLine ID="line_20" HPOS="95" VPOS="1105" WIDTH="1498" HEIGHT="41">
							<String ID="string_190" HPOS="95" VPOS="1107" WIDTH="95" HEIGHT="39" WC="0.96" CONTENT="lager"/><SP WIDTH="24" VPOS="1107" HPOS="190"/>
							<String ID="string_191" HPOS="214" VPOS="1117" WIDTH="42" HEIGHT="21" WC="0.93" CONTENT="av"/><SP WIDTH="24" VPOS="1117" HPOS="256"/>
							<String ID="string_192" HPOS="280" VPOS="1108" WIDTH="161" HEIGHT="35" WC="0.92" CONTENT="brödsäd,"/><SP WIDTH="27" VPOS="1108" HPOS="441"/>
							<String ID="string_193" HPOS="468" VPOS="1118" WIDTH="74" HEIGHT="20" WC="0.96" CONTENT="som"/><SP WIDTH="25" VPOS="1118" HPOS="542"/>
							<String ID="string_194" HPOS="567" VPOS="1118" WIDTH="43" HEIGHT="20" WC="0.93" CONTENT="ur"/><SP WIDTH="24" VPOS="1118" HPOS="610"/>
							<String ID="string_195" HPOS="634" VPOS="1107" WIDTH="548" HEIGHT="39" WC="0.90" CONTENT="försvarsberedskapssynpunkt"/><SP WIDTH="23" VPOS="1107" HPOS="1182"/>
							<String ID="string_196" HPOS="1205" VPOS="1107" WIDTH="118" HEIGHT="30" WC="0.93" CONTENT="kunde"/><SP WIDTH="24" VPOS="1107" HPOS="1323"/>
							<String ID="string_197" HPOS="1347" VPOS="1106" WIDTH="160" HEIGHT="31" WC="0.91" CONTENT="befinnas"/><SP WIDTH="27" VPOS="1106" HPOS="1507"/>
							<String ID="string_198" HPOS="1534" VPOS="1105" WIDTH="59" HEIGHT="40" WC="0.91" CONTENT="på-"/>
						</TextLine>
						<TextLine ID="line_21" HPOS="97" VPOS="1151" WIDTH="1496" HEIGHT="40">
							<String ID="string_199" HPOS="97" VPOS="1152" WIDTH="127" HEIGHT="32" WC="0.83" CONTENT="kallad."/><SP WIDTH="30" VPOS="1152" HPOS="224"/>
							<String ID="string_200" HPOS="254" VPOS="1152" WIDTH="139" HEIGHT="31" WC="0.96" CONTENT="Sådana"/><SP WIDTH="16" VPOS="1152" HPOS="393"/>
							<String ID="string_201" HPOS="409" VPOS="1153" WIDTH="188" HEIGHT="30" WC="0.96" CONTENT="kostnader"/><SP WIDTH="17" VPOS="1153" HPOS="597"/>
							<String ID="string_202" HPOS="614" VPOS="1153" WIDTH="117" HEIGHT="30" WC="0.96" CONTENT="kunde"/><SP WIDTH="17" VPOS="1153" HPOS="731"/>
							<String ID="string_203" HPOS="748" VPOS="1154" WIDTH="121" HEIGHT="28" WC="0.96" CONTENT="väntas"/><SP WIDTH="18" VPOS="1154" HPOS="869"/>
							<String ID="string_204" HPOS="887" VPOS="1151" WIDTH="126" HEIGHT="40" WC="0.96" CONTENT="uppstå"/><SP WIDTH="18" VPOS="1151" HPOS="1013"/>
							<String ID="string_205" HPOS="1031" VPOS="1153" WIDTH="88" HEIGHT="29" WC="0.96" CONTENT="även"/><SP WIDTH="18" VPOS="1153" HPOS="1119"/>
							<String ID="string_206" HPOS="1137" VPOS="1151" WIDTH="55" HEIGHT="31" WC="0.96" CONTENT="för"/><SP WIDTH="17" VPOS="1151" HPOS="1192"/>
							<String ID="string_207" HPOS="1209" VPOS="1152" WIDTH="43" HEIGHT="30" WC="0.96" CONTENT="de"/><SP WIDTH="16" VPOS="1152" HPOS="1252"/>
							<String ID="string_208" HPOS="1268" VPOS="1151" WIDTH="104" HEIGHT="39" WC="0.96" CONTENT="lager,"/><SP WIDTH="19" VPOS="1151" HPOS="1372"/>
							<String ID="string_209" HPOS="1391" VPOS="1161" WIDTH="75" HEIGHT="20" WC="0.93" CONTENT="som"/><SP WIDTH="17" VPOS="1161" HPOS="1466"/>
							<String ID="string_210" HPOS="1483" VPOS="1151" WIDTH="110" HEIGHT="30" WC="0.89" CONTENT="hand-"/>
						</TextLine>
						<TextLine ID="line_22" HPOS="96" VPOS="1195" WIDTH="1497" HEIGHT="33">
							<String ID="string_211" HPOS="96" VPOS="1197" WIDTH="107" HEIGHT="31" WC="0.92" CONTENT="hades"/><SP WIDTH="24" VPOS="1197" HPOS="203"/>
							<String ID="string_212" HPOS="227" VPOS="1207" WIDTH="43" HEIGHT="21" WC="0.93" CONTENT="av"/><SP WIDTH="23" VPOS="1207" HPOS="270"/>
							<String ID="string_213" HPOS="293" VPOS="1196" WIDTH="433" HEIGHT="31" WC="0.91" CONTENT="reservförrådsnämnden"/><SP WIDTH="23" VPOS="1196" HPOS="726"/>
							<String ID="string_214" HPOS="749" VPOS="1197" WIDTH="81" HEIGHT="30" WC="0.93" CONTENT="eller"/><SP WIDTH="24" VPOS="1197" HPOS="830"/>
							<String ID="string_215" HPOS="854" VPOS="1198" WIDTH="96" HEIGHT="29" WC="0.92" CONTENT="stode"/><SP WIDTH="23" VPOS="1198" HPOS="950"/>
							<String ID="string_216" HPOS="973" VPOS="1197" WIDTH="111" HEIGHT="30" WC="0.93" CONTENT="under"/><SP WIDTH="23" VPOS="1197" HPOS="1084"/>
							<String ID="string_217" HPOS="1107" VPOS="1195" WIDTH="486" HEIGHT="31" WC="0.91" CONTENT="livsmedelskommissionens"/>
						</TextLine>
						<TextLine ID="line_23" HPOS="100" VPOS="1241" WIDTH="1496" HEIGHT="40">
							<String ID="string_218" HPOS="100" VPOS="1241" WIDTH="151" HEIGHT="39" WC="0.96" CONTENT="uppsikt."/><SP WIDTH="19" VPOS="1241" HPOS="251"/>
							<String ID="string_219" HPOS="270" VPOS="1243" WIDTH="111" HEIGHT="30" WC="0.96" CONTENT="Medel"/><SP WIDTH="15" VPOS="1243" HPOS="381"/>
							<String ID="string_220" HPOS="396" VPOS="1243" WIDTH="106" HEIGHT="30" WC="0.96" CONTENT="borde"/><SP WIDTH="16" VPOS="1243" HPOS="502"/>
							<String ID="string_221" HPOS="518" VPOS="1243" WIDTH="120" HEIGHT="30" WC="0.96" CONTENT="därför"/><SP WIDTH="16" VPOS="1243" HPOS="638"/>
							<String ID="string_222" HPOS="654" VPOS="1242" WIDTH="116" HEIGHT="31" WC="0.96" CONTENT="finnas"/><SP WIDTH="16" VPOS="1242" HPOS="770"/>
							<String ID="string_223" HPOS="786" VPOS="1242" WIDTH="213" HEIGHT="39" WC="0.96" CONTENT="tillgängliga"/><SP WIDTH="12" VPOS="1242" HPOS="999"/>
							<String ID="string_224" HPOS="1011" VPOS="1242" WIDTH="53" HEIGHT="30" WC="0.96" CONTENT="för"/><SP WIDTH="11" VPOS="1242" HPOS="1064"/>
							<String ID="string_225" HPOS="1075" VPOS="1242" WIDTH="221" HEIGHT="30" WC="0.96" CONTENT="bestridande"/><SP WIDTH="11" VPOS="1242" HPOS="1296"/>
							<String ID="string_226" HPOS="1307" VPOS="1251" WIDTH="43" HEIGHT="20" WC="0.96" CONTENT="av"/><SP WIDTH="11" VPOS="1251" HPOS="1350"/>
							<String ID="string_227" HPOS="1361" VPOS="1241" WIDTH="235" HEIGHT="31" WC="0.96" CONTENT="kostnaderna"/>
						</TextLine>
						<TextLine ID="line_24" HPOS="100" VPOS="1286" WIDTH="1493" HEIGHT="40">
							<String ID="string_228" HPOS="100" VPOS="1286" WIDTH="55" HEIGHT="31" WC="0.93" CONTENT="för"/><SP WIDTH="26" VPOS="1286" HPOS="155"/>
							<String ID="string_229" HPOS="181" VPOS="1287" WIDTH="220" HEIGHT="39" WC="0.92" CONTENT="utspridning"/><SP WIDTH="28" VPOS="1287" HPOS="401"/>
							<String ID="string_230" HPOS="429" VPOS="1287" WIDTH="80" HEIGHT="31" WC="0.93" CONTENT="eller"/><SP WIDTH="26" VPOS="1287" HPOS="509"/>
							<String ID="string_231" HPOS="535" VPOS="1287" WIDTH="226" HEIGHT="31" WC="0.90" CONTENT="bortförande"/><SP WIDTH="27" VPOS="1287" HPOS="761"/>
							<String ID="string_232" HPOS="788" VPOS="1296" WIDTH="42" HEIGHT="21" WC="0.96" CONTENT="av"/><SP WIDTH="30" VPOS="1296" HPOS="830"/>
							<String ID="string_233" HPOS="860" VPOS="1287" WIDTH="60" HEIGHT="31" WC="0.96" CONTENT="sist"/><SP WIDTH="27" VPOS="1287" HPOS="920"/>
							<String ID="string_234" HPOS="947" VPOS="1287" WIDTH="150" HEIGHT="39" WC="0.96" CONTENT="angivna"/><SP WIDTH="28" VPOS="1287" HPOS="1097"/>
							<String ID="string_235" HPOS="1125" VPOS="1287" WIDTH="93" HEIGHT="39" WC="0.96" CONTENT="lager"/><SP WIDTH="27" VPOS="1287" HPOS="1218"/>
							<String ID="string_236" HPOS="1245" VPOS="1296" WIDTH="43" HEIGHT="20" WC="0.96" CONTENT="av"/><SP WIDTH="27" VPOS="1296" HPOS="1288"/>
							<String ID="string_237" HPOS="1315" VPOS="1286" WIDTH="278" HEIGHT="31" WC="0.96" CONTENT="förnödenheter."/>
						</TextLine>
						<TextLine ID="line_25" HPOS="98" VPOS="1329" WIDTH="1496" HEIGHT="42">
							<String ID="string_238" HPOS="98" VPOS="1331" WIDTH="178" HEIGHT="31" WC="0.96" CONTENT="Storleken"/><SP WIDTH="22" VPOS="1331" HPOS="276"/>
							<String ID="string_239" HPOS="298" VPOS="1342" WIDTH="43" HEIGHT="20" WC="0.96" CONTENT="av"/><SP WIDTH="23" VPOS="1342" HPOS="341"/>
							<String ID="string_240" HPOS="364" VPOS="1332" WIDTH="42" HEIGHT="30" WC="0.96" CONTENT="de"/><SP WIDTH="22" VPOS="1332" HPOS="406"/>
							<String ID="string_241" HPOS="428" VPOS="1331" WIDTH="149" HEIGHT="40" WC="0.96" CONTENT="utgifter,"/><SP WIDTH="25" VPOS="1331" HPOS="577"/>
							<String ID="string_242" HPOS="602" VPOS="1341" WIDTH="75" HEIGHT="21" WC="0.96" CONTENT="som"/><SP WIDTH="22" VPOS="1341" HPOS="677"/>
							<String ID="string_243" HPOS="699" VPOS="1332" WIDTH="118" HEIGHT="30" WC="0.96" CONTENT="kunde"/><SP WIDTH="22" VPOS="1332" HPOS="817"/>
							<String ID="string_244" HPOS="839" VPOS="1332" WIDTH="143" HEIGHT="30" WC="0.95" CONTENT="komma"/><SP WIDTH="23" VPOS="1332" HPOS="982"/>
							<String ID="string_245" HPOS="1005" VPOS="1334" WIDTH="49" HEIGHT="27" WC="0.95" CONTENT="att"/><SP WIDTH="22" VPOS="1334" HPOS="1054"/>
							<String ID="string_246" HPOS="1076" VPOS="1330" WIDTH="127" HEIGHT="40" WC="0.96" CONTENT="uppstå"/><SP WIDTH="21" VPOS="1330" HPOS="1203"/>
							<String ID="string_247" HPOS="1224" VPOS="1330" WIDTH="57" HEIGHT="31" WC="0.96" CONTENT="för"/><SP WIDTH="22" VPOS="1330" HPOS="1281"/>
							<String ID="string_248" HPOS="1303" VPOS="1331" WIDTH="93" HEIGHT="29" WC="0.96" CONTENT="detta"/><SP WIDTH="23" VPOS="1331" HPOS="1396"/>
							<String ID="string_249" HPOS="1419" VPOS="1329" WIDTH="175" HEIGHT="35" WC="0.96" CONTENT="ändamål,"/>
						</TextLine>
						<TextLine ID="line_26" HPOS="98" VPOS="1374" WIDTH="1495" HEIGHT="41">
							<String ID="string_250" HPOS="98" VPOS="1379" WIDTH="115" HEIGHT="36" WC="0.96" CONTENT="syntes"/><SP WIDTH="16" VPOS="1379" HPOS="213"/>
							<String ID="string_251" HPOS="229" VPOS="1376" WIDTH="76" HEIGHT="31" WC="0.96" CONTENT="icke"/><SP WIDTH="16" VPOS="1376" HPOS="305"/>
							<String ID="string_252" HPOS="321" VPOS="1377" WIDTH="56" HEIGHT="30" WC="0.96" CONTENT="för"/><SP WIDTH="15" VPOS="1377" HPOS="377"/>
							<String ID="string_253" HPOS="392" VPOS="1377" WIDTH="218" HEIGHT="30" WC="0.96" CONTENT="närvarande"/><SP WIDTH="15" VPOS="1377" HPOS="610"/>
							<String ID="string_254" HPOS="625" VPOS="1377" WIDTH="120" HEIGHT="30" WC="0.96" CONTENT="kunna"/><SP WIDTH="17" VPOS="1377" HPOS="745"/>
							<String ID="string_255" HPOS="762" VPOS="1377" WIDTH="152" HEIGHT="38" WC="0.95" CONTENT="angivas."/><SP WIDTH="19" VPOS="1377" HPOS="914"/>
							<String ID="string_256" HPOS="933" VPOS="1376" WIDTH="162" HEIGHT="39" WC="0.95" CONTENT="Anslaget"/><SP WIDTH="16" VPOS="1376" HPOS="1095"/>
							<String ID="string_257" HPOS="1111" VPOS="1376" WIDTH="51" HEIGHT="30" WC="0.95" CONTENT="till"/><SP WIDTH="15" VPOS="1376" HPOS="1162"/>
							<String ID="string_258" HPOS="1177" VPOS="1376" WIDTH="247" HEIGHT="29" WC="0.96" CONTENT="omkostnader"/><SP WIDTH="17" VPOS="1376" HPOS="1424"/>
							<String ID="string_259" HPOS="1441" VPOS="1374" WIDTH="55" HEIGHT="31" WC="0.93" CONTENT="för"/><SP WIDTH="16" VPOS="1374" HPOS="1496"/>
							<String ID="string_260" HPOS="1512" VPOS="1377" WIDTH="81" HEIGHT="28" WC="0.92" CONTENT="stat-"/>
						</TextLine>
						<TextLine ID="line_27" HPOS="98" VPOS="1419" WIDTH="1497" HEIGHT="41">
							<String ID="string_261" HPOS="98" VPOS="1421" WIDTH="46" HEIGHT="39" WC="0.96" CONTENT="lig"/><SP WIDTH="14" VPOS="1421" HPOS="144"/>
							<String ID="string_262" HPOS="158" VPOS="1421" WIDTH="252" HEIGHT="39" WC="0.95" CONTENT="lagerhållning"/><SP WIDTH="15" VPOS="1421" HPOS="410"/>
							<String ID="string_263" HPOS="425" VPOS="1421" WIDTH="107" HEIGHT="30" WC="0.96" CONTENT="borde"/><SP WIDTH="16" VPOS="1421" HPOS="532"/>
							<String ID="string_264" HPOS="548" VPOS="1421" WIDTH="130" HEIGHT="35" WC="0.96" CONTENT="därför,"/><SP WIDTH="17" VPOS="1421" HPOS="678"/>
							<String ID="string_265" HPOS="695" VPOS="1424" WIDTH="84" HEIGHT="27" WC="0.96" CONTENT="utan"/><SP WIDTH="17" VPOS="1424" HPOS="779"/>
							<String ID="string_266" HPOS="796" VPOS="1424" WIDTH="49" HEIGHT="27" WC="0.96" CONTENT="att"/><SP WIDTH="16" VPOS="1424" HPOS="845"/>
							<String ID="string_267" HPOS="861" VPOS="1421" WIDTH="50" HEIGHT="30" WC="0.96" CONTENT="till"/><SP WIDTH="15" VPOS="1421" HPOS="911"/>
							<String ID="string_268" HPOS="926" VPOS="1421" WIDTH="162" HEIGHT="38" WC="0.96" CONTENT="beloppet"/><SP WIDTH="15" VPOS="1421" HPOS="1088"/>
							<String ID="string_269" HPOS="1103" VPOS="1420" WIDTH="137" HEIGHT="35" WC="0.96" CONTENT="ändras,"/><SP WIDTH="18" VPOS="1420" HPOS="1240"/>
							<String ID="string_270" HPOS="1258" VPOS="1419" WIDTH="37" HEIGHT="30" WC="0.96" CONTENT="få"/><SP WIDTH="16" VPOS="1419" HPOS="1295"/>
							<String ID="string_271" HPOS="1311" VPOS="1419" WIDTH="178" HEIGHT="30" WC="0.96" CONTENT="användas"/><SP WIDTH="18" VPOS="1419" HPOS="1489"/>
							<String ID="string_272" HPOS="1507" VPOS="1420" WIDTH="88" HEIGHT="29" WC="0.96" CONTENT="även"/>
						</TextLine>
						<TextLine ID="line_28" HPOS="98" VPOS="1465" WIDTH="757" HEIGHT="39">
							<String ID="string_273" HPOS="98" VPOS="1465" WIDTH="57" HEIGHT="31" WC="0.96" CONTENT="för"/><SP WIDTH="17" VPOS="1465" HPOS="155"/>
							<String ID="string_274" HPOS="172" VPOS="1469" WIDTH="49" HEIGHT="27" WC="0.96" CONTENT="att"/><SP WIDTH="16" VPOS="1469" HPOS="221"/>
							<String ID="string_275" HPOS="237" VPOS="1467" WIDTH="102" HEIGHT="29" WC="0.96" CONTENT="täcka"/><SP WIDTH="19" VPOS="1467" HPOS="339"/>
							<String ID="string_276" HPOS="358" VPOS="1465" WIDTH="140" HEIGHT="39" WC="0.96" CONTENT="utgifter"/><SP WIDTH="16" VPOS="1465" HPOS="498"/>
							<String ID="string_277" HPOS="514" VPOS="1475" WIDTH="43" HEIGHT="20" WC="0.96" CONTENT="av"/><SP WIDTH="17" VPOS="1475" HPOS="557"/>
							<String ID="string_278" HPOS="574" VPOS="1475" WIDTH="49" HEIGHT="20" WC="0.96" CONTENT="nu"/><SP WIDTH="17" VPOS="1475" HPOS="623"/>
							<String ID="string_279" HPOS="640" VPOS="1466" WIDTH="115" HEIGHT="29" WC="0.96" CONTENT="berört"/><SP WIDTH="18" VPOS="1466" HPOS="755"/>
							<String ID="string_280" HPOS="773" VPOS="1466" WIDTH="82" HEIGHT="38" WC="0.95" CONTENT="slag."/>
						</TextLine>
					</TextBlock>
					<TextBlock ID="block_4" HPOS="98" VPOS="1508" WIDTH="1499" HEIGHT="568">
						<TextLine ID="line_29" HPOS="143" VPOS="1508" WIDTH="1451" HEIGHT="41">
							<String ID="string_281" HPOS="143" VPOS="1509" WIDTH="121" HEIGHT="31" WC="0.95" CONTENT="Såsom"/><SP WIDTH="17" VPOS="1509" HPOS="264"/>
							<String ID="string_282" HPOS="281" VPOS="1510" WIDTH="144" HEIGHT="39" WC="0.96" CONTENT="tidigare"/><SP WIDTH="17" VPOS="1510" HPOS="425"/>
							<String ID="string_283" HPOS="442" VPOS="1511" WIDTH="138" HEIGHT="29" WC="0.96" CONTENT="nämnts"/><SP WIDTH="17" VPOS="1511" HPOS="580"/>
							<String ID="string_284" HPOS="597" VPOS="1510" WIDTH="91" HEIGHT="30" WC="0.96" CONTENT="hade"/><SP WIDTH="17" VPOS="1510" HPOS="688"/>
							<String ID="string_285" HPOS="705" VPOS="1510" WIDTH="234" HEIGHT="30" WC="0.96" CONTENT="kostnaderna"/><SP WIDTH="17" VPOS="1510" HPOS="939"/>
							<String ID="string_286" HPOS="956" VPOS="1509" WIDTH="55" HEIGHT="30" WC="0.91" CONTENT="för"/><SP WIDTH="17" VPOS="1509" HPOS="1011"/>
							<String ID="string_287" HPOS="1028" VPOS="1508" WIDTH="450" HEIGHT="40" WC="0.90" CONTENT="spannmålsaktiebolagets"/><SP WIDTH="19" VPOS="1508" HPOS="1478"/>
							<String ID="string_288" HPOS="1497" VPOS="1509" WIDTH="97" HEIGHT="30" WC="0.92" CONTENT="verk-"/>
						</TextLine>
						<TextLine ID="line_30" HPOS="98" VPOS="1552" WIDTH="1497" HEIGHT="41">
							<String ID="string_289" HPOS="98" VPOS="1555" WIDTH="144" HEIGHT="35" WC="0.94" CONTENT="samhet,"/><SP WIDTH="26" VPOS="1555" HPOS="242"/>
							<String ID="string_290" HPOS="268" VPOS="1555" WIDTH="116" HEIGHT="30" WC="0.96" CONTENT="vilken"/><SP WIDTH="26" VPOS="1555" HPOS="384"/>
							<String ID="string_291" HPOS="410" VPOS="1555" WIDTH="10" HEIGHT="29" WC="0.95" CONTENT="i"/><SP WIDTH="24" VPOS="1555" HPOS="420"/>
							<String ID="string_292" HPOS="444" VPOS="1554" WIDTH="59" HEIGHT="30" WC="0.96" CONTENT="allt"/><SP WIDTH="25" VPOS="1554" HPOS="503"/>
							<String ID="string_293" HPOS="528" VPOS="1554" WIDTH="182" HEIGHT="39" WC="0.93" CONTENT="väsentligt"/><SP WIDTH="24" VPOS="1554" HPOS="710"/>
							<String ID="string_294" HPOS="734" VPOS="1553" WIDTH="299" HEIGHT="39" WC="0.91" CONTENT="sammanhängde"/><SP WIDTH="24" VPOS="1553" HPOS="1033"/>
							<String ID="string_295" HPOS="1057" VPOS="1554" WIDTH="80" HEIGHT="29" WC="0.97" CONTENT="med"/><SP WIDTH="25" VPOS="1554" HPOS="1137"/>
							<String ID="string_296" HPOS="1162" VPOS="1563" WIDTH="48" HEIGHT="20" WC="0.96" CONTENT="nu"/><SP WIDTH="24" VPOS="1563" HPOS="1210"/>
							<String ID="string_297" HPOS="1234" VPOS="1552" WIDTH="265" HEIGHT="41" WC="0.93" CONTENT="ifrågavarande"/><SP WIDTH="25" VPOS="1552" HPOS="1499"/>
							<String ID="string_298" HPOS="1524" VPOS="1554" WIDTH="71" HEIGHT="38" WC="0.90" CONTENT="lag-"/>
						</TextLine>
						<TextLine ID="line_31" HPOS="99" VPOS="1597" WIDTH="1496" HEIGHT="40">
							<String ID="string_299" HPOS="99" VPOS="1598" WIDTH="279" HEIGHT="39" WC="0.92" CONTENT="ringsuppgifter,"/><SP WIDTH="22" VPOS="1598" HPOS="378"/>
							<String ID="string_300" HPOS="400" VPOS="1599" WIDTH="151" HEIGHT="30" WC="0.91" CONTENT="bestritts"/><SP WIDTH="22" VPOS="1599" HPOS="551"/>
							<String ID="string_301" HPOS="573" VPOS="1598" WIDTH="81" HEIGHT="31" WC="0.96" CONTENT="från"/><SP WIDTH="20" VPOS="1598" HPOS="654"/>
							<String ID="string_302" HPOS="674" VPOS="1598" WIDTH="131" HEIGHT="30" WC="0.96" CONTENT="fonden"/><SP WIDTH="22" VPOS="1598" HPOS="805"/>
							<String ID="string_303" HPOS="827" VPOS="1598" WIDTH="55" HEIGHT="31" WC="0.96" CONTENT="för"/><SP WIDTH="21" VPOS="1598" HPOS="882"/>
							<String ID="string_304" HPOS="903" VPOS="1598" WIDTH="164" HEIGHT="31" WC="0.96" CONTENT="mötande"/><SP WIDTH="21" VPOS="1598" HPOS="1067"/>
							<String ID="string_305" HPOS="1088" VPOS="1608" WIDTH="43" HEIGHT="20" WC="0.96" CONTENT="av"/><SP WIDTH="21" VPOS="1608" HPOS="1131"/>
							<String ID="string_306" HPOS="1152" VPOS="1597" WIDTH="163" HEIGHT="31" WC="0.92" CONTENT="förluster"/><SP WIDTH="21" VPOS="1597" HPOS="1315"/>
							<String ID="string_307" HPOS="1336" VPOS="1597" WIDTH="21" HEIGHT="31" WC="0.89" CONTENT="å"/><SP WIDTH="22" VPOS="1597" HPOS="1357"/>
							<String ID="string_308" HPOS="1379" VPOS="1597" WIDTH="216" HEIGHT="39" WC="0.90" CONTENT="spannmåls-"/>
						</TextLine>
						<TextLine ID="line_32" HPOS="98" VPOS="1642" WIDTH="1499" HEIGHT="41">
							<String ID="string_309" HPOS="98" VPOS="1643" WIDTH="223" HEIGHT="40" WC="0.94" CONTENT="regleringen."/><SP WIDTH="23" VPOS="1643" HPOS="321"/>
							<String ID="string_310" HPOS="344" VPOS="1643" WIDTH="54" HEIGHT="31" WC="0.96" CONTENT="Då"/><SP WIDTH="21" VPOS="1643" HPOS="398"/>
							<String ID="string_311" HPOS="419" VPOS="1643" WIDTH="116" HEIGHT="40" WC="0.96" CONTENT="övriga"/><SP WIDTH="23" VPOS="1643" HPOS="535"/>
							<String ID="string_312" HPOS="558" VPOS="1643" WIDTH="149" HEIGHT="39" WC="0.96" CONTENT="löpande"/><SP WIDTH="23" VPOS="1643" HPOS="707"/>
							<String ID="string_313" HPOS="730" VPOS="1644" WIDTH="187" HEIGHT="29" WC="0.96" CONTENT="kostnader"/><SP WIDTH="22" VPOS="1644" HPOS="917"/>
							<String ID="string_314" HPOS="939" VPOS="1642" WIDTH="56" HEIGHT="32" WC="0.96" CONTENT="för"/><SP WIDTH="21" VPOS="1642" HPOS="995"/>
							<String ID="string_315" HPOS="1016" VPOS="1643" WIDTH="115" HEIGHT="39" WC="0.93" CONTENT="statlig"/><SP WIDTH="21" VPOS="1643" HPOS="1131"/>
							<String ID="string_316" HPOS="1152" VPOS="1642" WIDTH="373" HEIGHT="40" WC="0.90" CONTENT="lagringsverksamhet"/><SP WIDTH="24" VPOS="1642" HPOS="1525"/>
							<String ID="string_317" HPOS="1549" VPOS="1651" WIDTH="48" HEIGHT="21" WC="0.96" CONTENT="nu"/>
						</TextLine>
						<TextLine ID="line_33" HPOS="98" VPOS="1687" WIDTH="1499" HEIGHT="40">
							<String ID="string_318" HPOS="98" VPOS="1688" WIDTH="187" HEIGHT="39" WC="0.91" CONTENT="föresloges"/><SP WIDTH="22" VPOS="1688" HPOS="285"/>
							<String ID="string_319" HPOS="307" VPOS="1692" WIDTH="49" HEIGHT="27" WC="0.96" CONTENT="att"/><SP WIDTH="21" VPOS="1692" HPOS="356"/>
							<String ID="string_320" HPOS="377" VPOS="1691" WIDTH="169" HEIGHT="36" WC="0.96" CONTENT="upptagas"/><SP WIDTH="21" VPOS="1691" HPOS="546"/>
							<String ID="string_321" HPOS="567" VPOS="1688" WIDTH="112" HEIGHT="31" WC="0.96" CONTENT="under"/><SP WIDTH="20" VPOS="1688" HPOS="679"/>
							<String ID="string_322" HPOS="699" VPOS="1688" WIDTH="121" HEIGHT="39" WC="0.93" CONTENT="anslag"/><SP WIDTH="20" VPOS="1688" HPOS="820"/>
							<String ID="string_323" HPOS="840" VPOS="1687" WIDTH="20" HEIGHT="31" WC="0.88" CONTENT="å"/><SP WIDTH="22" VPOS="1687" HPOS="860"/>
							<String ID="string_324" HPOS="882" VPOS="1687" WIDTH="267" HEIGHT="39" WC="0.90" CONTENT="driftbudgeten,"/><SP WIDTH="22" VPOS="1687" HPOS="1149"/>
							<String ID="string_325" HPOS="1171" VPOS="1688" WIDTH="108" HEIGHT="30" WC="0.96" CONTENT="borde"/><SP WIDTH="21" VPOS="1688" HPOS="1279"/>
							<String ID="string_326" HPOS="1300" VPOS="1688" WIDTH="88" HEIGHT="29" WC="0.96" CONTENT="även"/><SP WIDTH="21" VPOS="1688" HPOS="1388"/>
							<String ID="string_327" HPOS="1409" VPOS="1687" WIDTH="188" HEIGHT="30" WC="0.96" CONTENT="kostnader"/>
						</TextLine>
						<TextLine ID="line_34" HPOS="99" VPOS="1731" WIDTH="1496" HEIGHT="42">
							<String ID="string_328" HPOS="99" VPOS="1733" WIDTH="56" HEIGHT="31" WC="0.96" CONTENT="för"/><SP WIDTH="20" VPOS="1733" HPOS="155"/>
							<String ID="string_329" HPOS="175" VPOS="1734" WIDTH="155" HEIGHT="30" WC="0.96" CONTENT="nämnda"/><SP WIDTH="21" VPOS="1734" HPOS="330"/>
							<String ID="string_330" HPOS="351" VPOS="1734" WIDTH="103" HEIGHT="39" WC="0.96" CONTENT="bolag"/><SP WIDTH="20" VPOS="1734" HPOS="454"/>
							<String ID="string_331" HPOS="474" VPOS="1733" WIDTH="175" HEIGHT="30" WC="0.96" CONTENT="redovisas"/><SP WIDTH="22" VPOS="1733" HPOS="649"/>
							<String ID="string_332" HPOS="671" VPOS="1732" WIDTH="44" HEIGHT="40" WC="0.96" CONTENT="på"/><SP WIDTH="22" VPOS="1732" HPOS="715"/>
							<String ID="string_333" HPOS="737" VPOS="1733" WIDTH="184" HEIGHT="30" WC="0.96" CONTENT="enahanda"/><SP WIDTH="22" VPOS="1733" HPOS="921"/>
							<String ID="string_334" HPOS="943" VPOS="1734" WIDTH="76" HEIGHT="29" WC="0.95" CONTENT="sätt."/><SP WIDTH="23" VPOS="1734" HPOS="1019"/>
							<String ID="string_335" HPOS="1042" VPOS="1733" WIDTH="54" HEIGHT="30" WC="0.96" CONTENT="En"/><SP WIDTH="21" VPOS="1733" HPOS="1096"/>
							<String ID="string_336" HPOS="1117" VPOS="1733" WIDTH="219" HEIGHT="29" WC="0.96" CONTENT="konsekvens"/><SP WIDTH="23" VPOS="1733" HPOS="1336"/>
							<String ID="string_337" HPOS="1359" VPOS="1741" WIDTH="42" HEIGHT="21" WC="0.96" CONTENT="av"/><SP WIDTH="22" VPOS="1741" HPOS="1401"/>
							<String ID="string_338" HPOS="1423" VPOS="1732" WIDTH="65" HEIGHT="29" WC="0.93" CONTENT="den"/><SP WIDTH="23" VPOS="1732" HPOS="1488"/>
							<String ID="string_339" HPOS="1511" VPOS="1731" WIDTH="84" HEIGHT="30" WC="0.92" CONTENT="änd-"/>
						</TextLine>
						<TextLine ID="line_35" HPOS="98" VPOS="1776" WIDTH="1498" HEIGHT="41">
							<String ID="string_340" HPOS="98" VPOS="1778" WIDTH="84" HEIGHT="31" WC="0.96" CONTENT="rade"/><SP WIDTH="20" VPOS="1778" HPOS="182"/>
							<String ID="string_341" HPOS="202" VPOS="1778" WIDTH="272" HEIGHT="39" WC="0.96" CONTENT="finansieringen"/><SP WIDTH="22" VPOS="1778" HPOS="474"/>
							<String ID="string_342" HPOS="496" VPOS="1787" WIDTH="43" HEIGHT="21" WC="0.93" CONTENT="av"/><SP WIDTH="22" VPOS="1787" HPOS="539"/>
							<String ID="string_343" HPOS="561" VPOS="1777" WIDTH="376" HEIGHT="39" WC="0.91" CONTENT="regleringsutgifterna"/><SP WIDTH="20" VPOS="1777" HPOS="937"/>
							<String ID="string_344" HPOS="957" VPOS="1777" WIDTH="108" HEIGHT="30" WC="0.95" CONTENT="borde"/><SP WIDTH="22" VPOS="1777" HPOS="1065"/>
							<String ID="string_345" HPOS="1087" VPOS="1777" WIDTH="57" HEIGHT="35" WC="0.95" CONTENT="bli,"/><SP WIDTH="24" VPOS="1777" HPOS="1144"/>
							<String ID="string_346" HPOS="1168" VPOS="1779" WIDTH="50" HEIGHT="28" WC="0.96" CONTENT="att"/><SP WIDTH="21" VPOS="1779" HPOS="1218"/>
							<String ID="string_347" HPOS="1239" VPOS="1776" WIDTH="195" HEIGHT="40" WC="0.93" CONTENT="inflytande"/><SP WIDTH="22" VPOS="1776" HPOS="1434"/>
							<String ID="string_348" HPOS="1456" VPOS="1777" WIDTH="140" HEIGHT="39" WC="0.92" CONTENT="avgifts-"/>
						</TextLine>
						<TextLine ID="line_36" HPOS="99" VPOS="1820" WIDTH="1495" HEIGHT="41">
							<String ID="string_349" HPOS="99" VPOS="1823" WIDTH="113" HEIGHT="30" WC="0.96" CONTENT="medel"/><SP WIDTH="18" VPOS="1823" HPOS="212"/>
							<String ID="string_350" HPOS="230" VPOS="1823" WIDTH="50" HEIGHT="30" WC="0.96" CONTENT="till"/><SP WIDTH="19" VPOS="1823" HPOS="280"/>
							<String ID="string_351" HPOS="299" VPOS="1823" WIDTH="172" HEIGHT="30" WC="0.96" CONTENT="täckande"/><SP WIDTH="18" VPOS="1823" HPOS="471"/>
							<String ID="string_352" HPOS="489" VPOS="1832" WIDTH="43" HEIGHT="21" WC="0.96" CONTENT="av"/><SP WIDTH="18" VPOS="1832" HPOS="532"/>
							<String ID="string_353" HPOS="550" VPOS="1822" WIDTH="164" HEIGHT="30" WC="0.93" CONTENT="förluster"/><SP WIDTH="27" VPOS="1822" HPOS="714"/>
							<String ID="string_354" HPOS="741" VPOS="1822" WIDTH="10" HEIGHT="30" WC="0.91" CONTENT="å"/><SP WIDTH="20" VPOS="1822" HPOS="751"/>
							<String ID="string_355" HPOS="771" VPOS="1820" WIDTH="418" HEIGHT="41" WC="0.90" CONTENT="spannmålsregleringen"/><SP WIDTH="19" VPOS="1820" HPOS="1189"/>
							<String ID="string_356" HPOS="1208" VPOS="1820" WIDTH="80" HEIGHT="31" WC="0.96" CONTENT="från"/><SP WIDTH="19" VPOS="1820" HPOS="1288"/>
							<String ID="string_357" HPOS="1307" VPOS="1822" WIDTH="66" HEIGHT="29" WC="0.96" CONTENT="och"/><SP WIDTH="19" VPOS="1822" HPOS="1373"/>
							<String ID="string_358" HPOS="1392" VPOS="1822" WIDTH="79" HEIGHT="30" WC="0.95" CONTENT="med"/><SP WIDTH="19" VPOS="1822" HPOS="1471"/>
							<String ID="string_359" HPOS="1490" VPOS="1822" WIDTH="67" HEIGHT="29" WC="0.96" CONTENT="den"/><SP WIDTH="22" VPOS="1822" HPOS="1557"/>
							<String ID="string_360" HPOS="1579" VPOS="1823" WIDTH="15" HEIGHT="28" WC="0.96" CONTENT="1"/>
						</TextLine>
						<TextLine ID="line_37" HPOS="99" VPOS="1865" WIDTH="1496" HEIGHT="41">
							<String ID="string_361" HPOS="99" VPOS="1867" WIDTH="63" HEIGHT="38" WC="0.96" CONTENT="juli"/><SP WIDTH="23" VPOS="1867" HPOS="162"/>
							<String ID="string_362" HPOS="185" VPOS="1868" WIDTH="82" HEIGHT="29" WC="0.96" CONTENT="1940"/><SP WIDTH="22" VPOS="1868" HPOS="267"/>
							<String ID="string_363" HPOS="289" VPOS="1867" WIDTH="31" HEIGHT="39" WC="0.96" CONTENT="ej"/><SP WIDTH="22" VPOS="1867" HPOS="320"/>
							<String ID="string_364" HPOS="342" VPOS="1866" WIDTH="119" HEIGHT="40" WC="0.95" CONTENT="längre"/><SP WIDTH="20" VPOS="1866" HPOS="461"/>
							<String ID="string_365" HPOS="481" VPOS="1866" WIDTH="115" HEIGHT="31" WC="0.96" CONTENT="såsom"/><SP WIDTH="21" VPOS="1866" HPOS="596"/>
							<String ID="string_366" HPOS="617" VPOS="1866" WIDTH="119" HEIGHT="30" WC="0.94" CONTENT="hittills"/><SP WIDTH="21" VPOS="1866" HPOS="736"/>
							<String ID="string_367" HPOS="757" VPOS="1866" WIDTH="199" HEIGHT="31" WC="0.96" CONTENT="överfördes"/><SP WIDTH="21" VPOS="1866" HPOS="956"/>
							<String ID="string_368" HPOS="977" VPOS="1867" WIDTH="51" HEIGHT="29" WC="0.95" CONTENT="till"/><SP WIDTH="21" VPOS="1867" HPOS="1028"/>
							<String ID="string_369" HPOS="1049" VPOS="1866" WIDTH="132" HEIGHT="30" WC="0.96" CONTENT="fonden"/><SP WIDTH="20" VPOS="1866" HPOS="1181"/>
							<String ID="string_370" HPOS="1201" VPOS="1865" WIDTH="56" HEIGHT="31" WC="0.96" CONTENT="för"/><SP WIDTH="20" VPOS="1865" HPOS="1257"/>
							<String ID="string_371" HPOS="1277" VPOS="1866" WIDTH="165" HEIGHT="30" WC="0.96" CONTENT="mötande"/><SP WIDTH="20" VPOS="1866" HPOS="1442"/>
							<String ID="string_372" HPOS="1462" VPOS="1875" WIDTH="43" HEIGHT="21" WC="0.92" CONTENT="av"/><SP WIDTH="20" VPOS="1875" HPOS="1505"/>
							<String ID="string_373" HPOS="1525" VPOS="1865" WIDTH="70" HEIGHT="31" WC="0.92" CONTENT="för-"/>
						</TextLine>
						<TextLine ID="line_38" HPOS="99" VPOS="1910" WIDTH="1497" HEIGHT="40">
							<String ID="string_374" HPOS="99" VPOS="1912" WIDTH="106" HEIGHT="30" WC="0.91" CONTENT="luster"/><SP WIDTH="34" VPOS="1912" HPOS="205"/>
							<String ID="string_375" HPOS="239" VPOS="1911" WIDTH="10" HEIGHT="30" WC="0.88" CONTENT="å"/><SP WIDTH="26" VPOS="1911" HPOS="249"/>
							<String ID="string_376" HPOS="275" VPOS="1910" WIDTH="426" HEIGHT="40" WC="0.91" CONTENT="spannmålsregleringen."/><SP WIDTH="26" VPOS="1910" HPOS="701"/>
							<String ID="string_377" HPOS="727" VPOS="1911" WIDTH="14" HEIGHT="29" WC="0.93" CONTENT="I"/><SP WIDTH="26" VPOS="1911" HPOS="741"/>
							<String ID="string_378" HPOS="767" VPOS="1910" WIDTH="238" HEIGHT="39" WC="0.91" CONTENT="avgiftsmedel"/><SP WIDTH="25" VPOS="1910" HPOS="1005"/>
							<String ID="string_379" HPOS="1030" VPOS="1911" WIDTH="217" HEIGHT="30" WC="0.96" CONTENT="beräknades"/><SP WIDTH="26" VPOS="1911" HPOS="1247"/>
							<String ID="string_380" HPOS="1273" VPOS="1911" WIDTH="58" HEIGHT="30" WC="0.96" CONTENT="vid"/><SP WIDTH="25" VPOS="1911" HPOS="1331"/>
							<String ID="string_381" HPOS="1356" VPOS="1911" WIDTH="173" HEIGHT="39" WC="0.96" CONTENT="utgången"/><SP WIDTH="25" VPOS="1911" HPOS="1529"/>
							<String ID="string_382" HPOS="1554" VPOS="1922" WIDTH="42" HEIGHT="20" WC="0.96" CONTENT="av"/>
						</TextLine>
						<TextLine ID="line_39" HPOS="99" VPOS="1954" WIDTH="1497" HEIGHT="40">
							<String ID="string_383" HPOS="99" VPOS="1955" WIDTH="237" HEIGHT="31" WC="0.96" CONTENT="innevarande"/><SP WIDTH="21" VPOS="1955" HPOS="336"/>
							<String ID="string_384" HPOS="357" VPOS="1955" WIDTH="168" HEIGHT="39" WC="0.95" CONTENT="budgetår"/><SP WIDTH="23" VPOS="1955" HPOS="525"/>
							<String ID="string_385" HPOS="548" VPOS="1956" WIDTH="10" HEIGHT="29" WC="0.96" CONTENT="i"/><SP WIDTH="24" VPOS="1956" HPOS="558"/>
							<String ID="string_386" HPOS="582" VPOS="1954" WIDTH="131" HEIGHT="31" WC="0.96" CONTENT="fonden"/><SP WIDTH="24" VPOS="1954" HPOS="713"/>
							<String ID="string_387" HPOS="737" VPOS="1954" WIDTH="116" HEIGHT="31" WC="0.96" CONTENT="finnas"/><SP WIDTH="24" VPOS="1954" HPOS="853"/>
							<String ID="string_388" HPOS="877" VPOS="1955" WIDTH="213" HEIGHT="39" WC="0.96" CONTENT="tillgängliga"/><SP WIDTH="24" VPOS="1955" HPOS="1090"/>
							<String ID="string_389" HPOS="1114" VPOS="1955" WIDTH="161" HEIGHT="39" WC="0.96" CONTENT="omkring"/><SP WIDTH="26" VPOS="1955" HPOS="1275"/>
							<String ID="string_390" HPOS="1301" VPOS="1956" WIDTH="39" HEIGHT="29" WC="0.96" CONTENT="10"/><SP WIDTH="13" VPOS="1956" HPOS="1340"/>
							<String ID="string_391" HPOS="1353" VPOS="1956" WIDTH="63" HEIGHT="29" WC="0.96" CONTENT="000"/><SP WIDTH="14" VPOS="1956" HPOS="1416"/>
							<String ID="string_392" HPOS="1430" VPOS="1957" WIDTH="63" HEIGHT="29" WC="0.92" CONTENT="000"/><SP WIDTH="25" VPOS="1957" HPOS="1493"/>
							<String ID="string_393" HPOS="1518" VPOS="1957" WIDTH="78" HEIGHT="29" WC="0.92" CONTENT="kro-"/>
						</TextLine>
						<TextLine ID="line_40" HPOS="101" VPOS="1998" WIDTH="1495" HEIGHT="41">
							<String ID="string_394" HPOS="101" VPOS="2009" WIDTH="72" HEIGHT="26" WC="0.95" CONTENT="nor,"/><SP WIDTH="20" VPOS="2009" HPOS="173"/>
							<String ID="string_395" HPOS="193" VPOS="1999" WIDTH="105" HEIGHT="31" WC="0.96" CONTENT="vilket"/><SP WIDTH="18" VPOS="1999" HPOS="298"/>
							<String ID="string_396" HPOS="316" VPOS="1999" WIDTH="126" HEIGHT="40" WC="0.96" CONTENT="belopp"/><SP WIDTH="20" VPOS="1999" HPOS="442"/>
							<String ID="string_397" HPOS="462" VPOS="2002" WIDTH="114" HEIGHT="36" WC="0.96" CONTENT="syntes"/><SP WIDTH="20" VPOS="2002" HPOS="576"/>
							<String ID="string_398" HPOS="596" VPOS="2000" WIDTH="121" HEIGHT="30" WC="0.96" CONTENT="kunna"/><SP WIDTH="19" VPOS="2000" HPOS="717"/>
							<String ID="string_399" HPOS="736" VPOS="1998" WIDTH="169" HEIGHT="32" WC="0.95" CONTENT="återföras"/><SP WIDTH="20" VPOS="1998" HPOS="905"/>
							<String ID="string_400" HPOS="925" VPOS="1999" WIDTH="51" HEIGHT="31" WC="0.96" CONTENT="till"/><SP WIDTH="19" VPOS="1999" HPOS="976"/>
							<String ID="string_401" HPOS="995" VPOS="2000" WIDTH="214" HEIGHT="38" WC="0.91" CONTENT="vederbörlig"/><SP WIDTH="18" VPOS="2000" HPOS="1209"/>
							<String ID="string_402" HPOS="1227" VPOS="1999" WIDTH="225" HEIGHT="31" WC="0.91" CONTENT="inkomsttitel"/><SP WIDTH="20" VPOS="1999" HPOS="1452"/>
							<String ID="string_403" HPOS="1472" VPOS="1999" WIDTH="19" HEIGHT="31" WC="0.91" CONTENT="å"/><SP WIDTH="20" VPOS="1999" HPOS="1491"/>
							<String ID="string_404" HPOS="1511" VPOS="2000" WIDTH="85" HEIGHT="30" WC="0.91" CONTENT="riks-"/>
						</TextLine>
						<TextLine ID="line_41" HPOS="100" VPOS="2048" WIDTH="121" HEIGHT="28">
							<String ID="string_405" HPOS="100" VPOS="2048" WIDTH="121" HEIGHT="28" WC="0.94" CONTENT="staten."/>
						</TextLine>
					</TextBlock>
					<TextBlock ID="block_5" HPOS="99" VPOS="2088" WIDTH="1500" HEIGHT="398">
						<TextLine ID="line_42" HPOS="144" VPOS="2088" WIDTH="1452" HEIGHT="40">
							<String ID="string_406" HPOS="144" VPOS="2089" WIDTH="54" HEIGHT="30" WC="0.96" CONTENT="En"/><SP WIDTH="21" VPOS="2089" HPOS="198"/>
							<String ID="string_407" HPOS="219" VPOS="2099" WIDTH="117" HEIGHT="20" WC="0.96" CONTENT="annan"/><SP WIDTH="23" VPOS="2099" HPOS="336"/>
							<String ID="string_408" HPOS="359" VPOS="2088" WIDTH="108" HEIGHT="40" WC="0.96" CONTENT="fråga,"/><SP WIDTH="24" VPOS="2088" HPOS="467"/>
							<String ID="string_409" HPOS="491" VPOS="2089" WIDTH="115" HEIGHT="31" WC="0.96" CONTENT="vilken"/><SP WIDTH="22" VPOS="2089" HPOS="606"/>
							<String ID="string_410" HPOS="628" VPOS="2088" WIDTH="144" HEIGHT="31" WC="0.96" CONTENT="berörde"/><SP WIDTH="22" VPOS="2088" HPOS="772"/>
							<String ID="string_411" HPOS="794" VPOS="2088" WIDTH="269" HEIGHT="39" WC="0.96" CONTENT="användningen"/><SP WIDTH="23" VPOS="2088" HPOS="1063"/>
							<String ID="string_412" HPOS="1086" VPOS="2098" WIDTH="43" HEIGHT="21" WC="0.96" CONTENT="av"/><SP WIDTH="21" VPOS="2098" HPOS="1129"/>
							<String ID="string_413" HPOS="1150" VPOS="2089" WIDTH="155" HEIGHT="39" WC="0.96" CONTENT="anslaget"/><SP WIDTH="22" VPOS="2089" HPOS="1305"/>
							<String ID="string_414" HPOS="1327" VPOS="2090" WIDTH="50" HEIGHT="30" WC="0.93" CONTENT="till"/><SP WIDTH="21" VPOS="2090" HPOS="1377"/>
							<String ID="string_415" HPOS="1398" VPOS="2090" WIDTH="198" HEIGHT="30" WC="0.91" CONTENT="omkostna-"/>
						</TextLine>
						<TextLine ID="line_43" HPOS="99" VPOS="2133" WIDTH="1497" HEIGHT="40">
							<String ID="string_416" HPOS="99" VPOS="2134" WIDTH="62" HEIGHT="30" WC="0.96" CONTENT="der"/><SP WIDTH="23" VPOS="2134" HPOS="161"/>
							<String ID="string_417" HPOS="184" VPOS="2134" WIDTH="56" HEIGHT="31" WC="0.96" CONTENT="för"/><SP WIDTH="23" VPOS="2134" HPOS="240"/>
							<String ID="string_418" HPOS="263" VPOS="2134" WIDTH="115" HEIGHT="39" WC="0.96" CONTENT="statlig"/><SP WIDTH="24" VPOS="2134" HPOS="378"/>
							<String ID="string_419" HPOS="402" VPOS="2133" WIDTH="253" HEIGHT="40" WC="0.96" CONTENT="lagerhållning"/><SP WIDTH="22" VPOS="2133" HPOS="655"/>
							<String ID="string_420" HPOS="677" VPOS="2133" WIDTH="55" HEIGHT="31" WC="0.96" CONTENT="för"/><SP WIDTH="24" VPOS="2133" HPOS="732"/>
							<String ID="string_421" HPOS="756" VPOS="2133" WIDTH="67" HEIGHT="30" WC="0.96" CONTENT="viss"/><SP WIDTH="25" VPOS="2133" HPOS="823"/>
							<String ID="string_422" HPOS="848" VPOS="2133" WIDTH="232" HEIGHT="39" WC="0.96" CONTENT="avskrivning,"/><SP WIDTH="27" VPOS="2133" HPOS="1080"/>
							<String ID="string_423" HPOS="1107" VPOS="2136" WIDTH="115" HEIGHT="36" WC="0.96" CONTENT="syntes"/><SP WIDTH="24" VPOS="2136" HPOS="1222"/>
							<String ID="string_424" HPOS="1246" VPOS="2134" WIDTH="86" HEIGHT="30" WC="0.96" CONTENT="böra"/><SP WIDTH="24" VPOS="2134" HPOS="1332"/>
							<String ID="string_425" HPOS="1356" VPOS="2135" WIDTH="10" HEIGHT="29" WC="0.96" CONTENT="i"/><SP WIDTH="26" VPOS="2135" HPOS="1366"/>
							<String ID="string_426" HPOS="1392" VPOS="2144" WIDTH="46" HEIGHT="20" WC="0.91" CONTENT="nu"/><SP WIDTH="25" VPOS="2144" HPOS="1438"/>
							<String ID="string_427" HPOS="1463" VPOS="2134" WIDTH="133" HEIGHT="31" WC="0.91" CONTENT="föreva-"/>
						</TextLine>
						<TextLine ID="line_44" HPOS="101" VPOS="2178" WIDTH="1496" HEIGHT="40">
							<String ID="string_428" HPOS="101" VPOS="2179" WIDTH="107" HEIGHT="31" WC="0.96" CONTENT="rande"/><SP WIDTH="26" VPOS="2179" HPOS="208"/>
							<String ID="string_429" HPOS="234" VPOS="2179" WIDTH="255" HEIGHT="39" WC="0.95" CONTENT="sammanhang"/><SP WIDTH="25" VPOS="2179" HPOS="489"/>
							<String ID="string_430" HPOS="514" VPOS="2179" WIDTH="230" HEIGHT="29" WC="0.96" CONTENT="underställas"/><SP WIDTH="27" VPOS="2179" HPOS="744"/>
							<String ID="string_431" HPOS="771" VPOS="2178" WIDTH="201" HEIGHT="39" WC="0.96" CONTENT="riksdagens"/><SP WIDTH="28" VPOS="2178" HPOS="972"/>
							<String ID="string_432" HPOS="1000" VPOS="2178" WIDTH="180" HEIGHT="39" WC="0.93" CONTENT="prövning."/><SP WIDTH="29" VPOS="2178" HPOS="1180"/>
							<String ID="string_433" HPOS="1209" VPOS="2178" WIDTH="388" HEIGHT="39" WC="0.91" CONTENT="Departementschefen"/>
						</TextLine>
						<TextLine ID="line_45" HPOS="101" VPOS="2222" WIDTH="1496" HEIGHT="40">
							<String ID="string_434" HPOS="101" VPOS="2222" WIDTH="136" HEIGHT="39" WC="0.96" CONTENT="syftade"/><SP WIDTH="23" VPOS="2222" HPOS="237"/>
							<String ID="string_435" HPOS="260" VPOS="2223" WIDTH="124" HEIGHT="30" WC="0.96" CONTENT="härvid"/><SP WIDTH="23" VPOS="2223" HPOS="384"/>
							<String ID="string_436" HPOS="407" VPOS="2223" WIDTH="45" HEIGHT="39" WC="0.93" CONTENT="på"/><SP WIDTH="23" VPOS="2223" HPOS="452"/>
							<String ID="string_437" HPOS="475" VPOS="2222" WIDTH="205" HEIGHT="39" WC="0.91" CONTENT="spörsmålet"/><SP WIDTH="23" VPOS="2222" HPOS="680"/>
							<String ID="string_438" HPOS="703" VPOS="2232" WIDTH="57" HEIGHT="21" WC="0.96" CONTENT="om"/><SP WIDTH="24" VPOS="2232" HPOS="760"/>
							<String ID="string_439" HPOS="784" VPOS="2223" WIDTH="190" HEIGHT="38" WC="0.95" CONTENT="ersättning"/><SP WIDTH="23" VPOS="2223" HPOS="974"/>
							<String ID="string_440" HPOS="997" VPOS="2223" WIDTH="56" HEIGHT="29" WC="0.96" CONTENT="för"/><SP WIDTH="23" VPOS="2223" HPOS="1053"/>
							<String ID="string_441" HPOS="1076" VPOS="2222" WIDTH="172" HEIGHT="36" WC="0.96" CONTENT="förluster,"/><SP WIDTH="26" VPOS="2222" HPOS="1248"/>
							<String ID="string_442" HPOS="1274" VPOS="2223" WIDTH="93" HEIGHT="30" WC="0.93" CONTENT="vilka"/><SP WIDTH="24" VPOS="2223" HPOS="1367"/>
							<String ID="string_443" HPOS="1391" VPOS="2222" WIDTH="206" HEIGHT="31" WC="0.92" CONTENT="åsamkades"/>
						</TextLine>
						<TextLine ID="line_46" HPOS="101" VPOS="2267" WIDTH="1497" HEIGHT="39">
							<String ID="string_444" HPOS="101" VPOS="2268" WIDTH="204" HEIGHT="38" WC="0.91" CONTENT="varulagren"/><SP WIDTH="27" VPOS="2268" HPOS="305"/>
							<String ID="string_445" HPOS="332" VPOS="2276" WIDTH="123" HEIGHT="30" WC="0.95" CONTENT="genom"/><SP WIDTH="24" VPOS="2276" HPOS="455"/>
							<String ID="string_446" HPOS="479" VPOS="2268" WIDTH="113" HEIGHT="29" WC="0.96" CONTENT="brand"/><SP WIDTH="24" VPOS="2268" HPOS="592"/>
							<String ID="string_447" HPOS="616" VPOS="2268" WIDTH="81" HEIGHT="30" WC="0.96" CONTENT="eller"/><SP WIDTH="24" VPOS="2268" HPOS="697"/>
							<String ID="string_448" HPOS="721" VPOS="2276" WIDTH="118" HEIGHT="21" WC="0.96" CONTENT="annan"/><SP WIDTH="25" VPOS="2276" HPOS="839"/>
							<String ID="string_449" HPOS="864" VPOS="2267" WIDTH="118" HEIGHT="30" WC="0.94" CONTENT="skada."/><SP WIDTH="27" VPOS="2267" HPOS="982"/>
							<String ID="string_450" HPOS="1009" VPOS="2267" WIDTH="127" HEIGHT="38" WC="0.96" CONTENT="Dylika"/><SP WIDTH="25" VPOS="2267" HPOS="1136"/>
							<String ID="string_451" HPOS="1161" VPOS="2267" WIDTH="163" HEIGHT="30" WC="0.96" CONTENT="förluster"/><SP WIDTH="23" VPOS="2267" HPOS="1324"/>
							<String ID="string_452" HPOS="1347" VPOS="2268" WIDTH="107" HEIGHT="29" WC="0.96" CONTENT="borde"/><SP WIDTH="24" VPOS="2268" HPOS="1454"/>
							<String ID="string_453" HPOS="1478" VPOS="2268" WIDTH="120" HEIGHT="29" WC="0.96" CONTENT="täckas"/>
						</TextLine>
						<TextLine ID="line_47" HPOS="101" VPOS="2310" WIDTH="1498" HEIGHT="41">
							<String ID="string_454" HPOS="101" VPOS="2320" WIDTH="125" HEIGHT="31" WC="0.96" CONTENT="genom"/><SP WIDTH="26" VPOS="2320" HPOS="226"/>
							<String ID="string_455" HPOS="252" VPOS="2316" WIDTH="50" HEIGHT="26" WC="0.96" CONTENT="att"/><SP WIDTH="25" VPOS="2316" HPOS="302"/>
							<String ID="string_456" HPOS="327" VPOS="2313" WIDTH="113" HEIGHT="29" WC="0.95" CONTENT="medel"/><SP WIDTH="25" VPOS="2313" HPOS="440"/>
							<String ID="string_457" HPOS="465" VPOS="2312" WIDTH="55" HEIGHT="30" WC="0.96" CONTENT="för"/><SP WIDTH="25" VPOS="2312" HPOS="520"/>
							<String ID="string_458" HPOS="545" VPOS="2311" WIDTH="223" HEIGHT="39" WC="0.93" CONTENT="avskrivning"/><SP WIDTH="27" VPOS="2311" HPOS="768"/>
							<String ID="string_459" HPOS="795" VPOS="2311" WIDTH="180" HEIGHT="30" WC="0.92" CONTENT="anvisades"/><SP WIDTH="27" VPOS="2311" HPOS="975"/>
							<String ID="string_460" HPOS="1002" VPOS="2310" WIDTH="80" HEIGHT="30" WC="0.96" CONTENT="från"/><SP WIDTH="26" VPOS="2310" HPOS="1082"/>
							<String ID="string_461" HPOS="1108" VPOS="2310" WIDTH="268" HEIGHT="39" WC="0.96" CONTENT="ifrågavarande"/><SP WIDTH="26" VPOS="2310" HPOS="1376"/>
							<String ID="string_462" HPOS="1402" VPOS="2311" WIDTH="120" HEIGHT="37" WC="0.96" CONTENT="anslag"/><SP WIDTH="26" VPOS="2311" HPOS="1522"/>
							<String ID="string_463" HPOS="1548" VPOS="2311" WIDTH="51" HEIGHT="30" WC="0.96" CONTENT="till"/>
						</TextLine>
						<TextLine ID="line_48" HPOS="101" VPOS="2354" WIDTH="1498" HEIGHT="41">
							<String ID="string_464" HPOS="101" VPOS="2357" WIDTH="248" HEIGHT="30" WC="0.96" CONTENT="omkostnader"/><SP WIDTH="24" VPOS="2357" HPOS="349"/>
							<String ID="string_465" HPOS="373" VPOS="2357" WIDTH="55" HEIGHT="29" WC="0.96" CONTENT="för"/><SP WIDTH="26" VPOS="2357" HPOS="428"/>
							<String ID="string_466" HPOS="454" VPOS="2356" WIDTH="113" HEIGHT="39" WC="0.95" CONTENT="statlig"/><SP WIDTH="24" VPOS="2356" HPOS="567"/>
							<String ID="string_467" HPOS="591" VPOS="2355" WIDTH="261" HEIGHT="39" WC="0.95" CONTENT="lagerhållning."/><SP WIDTH="30" VPOS="2355" HPOS="852"/>
							<String ID="string_468" HPOS="882" VPOS="2354" WIDTH="113" HEIGHT="39" WC="0.96" CONTENT="Några"/><SP WIDTH="24" VPOS="2354" HPOS="995"/>
							<String ID="string_469" HPOS="1019" VPOS="2355" WIDTH="276" HEIGHT="38" WC="0.96" CONTENT="betänkligheter"/><SP WIDTH="25" VPOS="2355" HPOS="1295"/>
							<String ID="string_470" HPOS="1320" VPOS="2358" WIDTH="73" HEIGHT="27" WC="0.96" CONTENT="mot"/><SP WIDTH="23" VPOS="2358" HPOS="1393"/>
							<String ID="string_471" HPOS="1416" VPOS="2358" WIDTH="47" HEIGHT="27" WC="0.96" CONTENT="ett"/><SP WIDTH="25" VPOS="2358" HPOS="1463"/>
							<String ID="string_472" HPOS="1488" VPOS="2355" WIDTH="111" HEIGHT="38" WC="0.96" CONTENT="dylikt"/>
						</TextLine>
						<TextLine ID="line_49" HPOS="103" VPOS="2399" WIDTH="1494" HEIGHT="40">
							<String ID="string_473" HPOS="103" VPOS="2401" WIDTH="202" HEIGHT="30" WC="0.96" CONTENT="förfarande"/><SP WIDTH="21" VPOS="2401" HPOS="305"/>
							<String ID="string_474" HPOS="326" VPOS="2403" WIDTH="115" HEIGHT="36" WC="0.96" CONTENT="syntes"/><SP WIDTH="22" VPOS="2403" HPOS="441"/>
							<String ID="string_475" HPOS="463" VPOS="2400" WIDTH="74" HEIGHT="30" WC="0.96" CONTENT="icke"/><SP WIDTH="20" VPOS="2400" HPOS="537"/>
							<String ID="string_476" HPOS="557" VPOS="2400" WIDTH="176" HEIGHT="38" WC="0.96" CONTENT="föreligga,"/><SP WIDTH="24" VPOS="2400" HPOS="733"/>
							<String ID="string_477" HPOS="757" VPOS="2399" WIDTH="37" HEIGHT="31" WC="0.96" CONTENT="så"/><SP WIDTH="21" VPOS="2399" HPOS="794"/>
							<String ID="string_478" HPOS="815" VPOS="2399" WIDTH="101" HEIGHT="38" WC="0.96" CONTENT="länge"/><SP WIDTH="21" VPOS="2399" HPOS="916"/>
							<String ID="string_479" HPOS="937" VPOS="2399" WIDTH="98" HEIGHT="39" WC="0.96" CONTENT="fråga"/><SP WIDTH="22" VPOS="2399" HPOS="1035"/>
							<String ID="string_480" HPOS="1057" VPOS="2399" WIDTH="122" HEIGHT="30" WC="0.96" CONTENT="endast"/><SP WIDTH="22" VPOS="2399" HPOS="1179"/>
							<String ID="string_481" HPOS="1201" VPOS="2409" WIDTH="81" HEIGHT="20" WC="0.96" CONTENT="vore"/><SP WIDTH="20" VPOS="2409" HPOS="1282"/>
							<String ID="string_482" HPOS="1302" VPOS="2409" WIDTH="58" HEIGHT="20" WC="0.96" CONTENT="om"/><SP WIDTH="22" VPOS="2409" HPOS="1360"/>
							<String ID="string_483" HPOS="1382" VPOS="2408" WIDTH="41" HEIGHT="21" WC="0.92" CONTENT="en"/><SP WIDTH="22" VPOS="2408" HPOS="1423"/>
							<String ID="string_484" HPOS="1445" VPOS="2400" WIDTH="152" HEIGHT="29" WC="0.91" CONTENT="avskriv-"/>
						</TextLine>
						<TextLine ID="line_50" HPOS="103" VPOS="2443" WIDTH="1496" HEIGHT="43">
							<String ID="string_485" HPOS="103" VPOS="2448" WIDTH="82" HEIGHT="38" WC="0.96" CONTENT="ning"/><SP WIDTH="25" VPOS="2448" HPOS="185"/>
							<String ID="string_486" HPOS="210" VPOS="2456" WIDTH="42" HEIGHT="21" WC="0.96" CONTENT="av"/><SP WIDTH="26" VPOS="2456" HPOS="252"/>
							<String ID="string_487" HPOS="278" VPOS="2445" WIDTH="117" HEIGHT="39" WC="0.96" CONTENT="lagren"/><SP WIDTH="27" VPOS="2445" HPOS="395"/>
							<String ID="string_488" HPOS="422" VPOS="2445" WIDTH="86" HEIGHT="31" WC="0.93" CONTENT="efter"/><SP WIDTH="26" VPOS="2445" HPOS="508"/>
							<String ID="string_489" HPOS="534" VPOS="2445" WIDTH="254" HEIGHT="38" WC="0.90" CONTENT="inköpsvärdet."/><SP WIDTH="40" VPOS="2445" HPOS="788"/>
							<String ID="string_490" HPOS="828" VPOS="2444" WIDTH="64" HEIGHT="31" WC="0.93" CONTENT="Det"/><SP WIDTH="26" VPOS="2444" HPOS="892"/>
							<String ID="string_491" HPOS="918" VPOS="2443" WIDTH="344" HEIGHT="40" WC="0.90" CONTENT="ersättningsbelopp,"/><SP WIDTH="29" VPOS="2443" HPOS="1262"/>
							<String ID="string_492" HPOS="1291" VPOS="2453" WIDTH="75" HEIGHT="20" WC="0.96" CONTENT="som"/><SP WIDTH="27" VPOS="2453" HPOS="1366"/>
							<String ID="string_493" HPOS="1393" VPOS="2443" WIDTH="55" HEIGHT="30" WC="0.95" CONTENT="vid"/><SP WIDTH="27" VPOS="2443" HPOS="1448"/>
							<String ID="string_494" HPOS="1475" VPOS="2443" WIDTH="124" HEIGHT="30" WC="0.96" CONTENT="sådant"/>
						</TextLine>
					</TextBlock>
				</ComposedBlock>
			</PrintSpace>
		</Page>
	</Layout>
</alto>
