2184 2658
388 239 37 31 19
785 224 373 43 Bevillningsutskottets
1181 217 173 36 Memorial
1375 217 62 31 N:o
1460 217 49 29 16.

347 325 130 40 Andra
517 324 232 36 Kammaren
789 313 168 46 beslutit,
999 316 56 32 att
1094 303 295 53 ifrågavarande
1427 296 294 43 bestämmelser
1762 291 124 39 skulle
1914 289 40 37 få

352 379 73 36 den
452 374 161 50 lydelse,
643 383 80 24 som
748 364 220 49 föreslagits
997 362 12 36 i
1038 360 112 37 ofvan
1180 354 251 39 omförmälda
1457 347 251 41 reservation.

478 426 154 47 Frågan
672 434 60 23 om
773 415 174 52 lydelsen
990 412 42 37 af
1067 413 21 34 3
1130 407 20 48 $
1189 405 283 39 instruktionen
1505 402 12 35 i
1545 394 253 43 förevarande
1827 391 62 38 del
1916 395 41 32 är

356 475 214 42 emellertid
597 469 190 41 beroende
816 470 49 47 på
890 464 244 47 Riksdagens
1161 458 127 37 beslut
1315 457 12 36 i
1357 452 209 48 anledning
1594 449 42 38 af
1660 448 74 36 den
1761 445 68 36 här
1843 443 115 36 ofvan

357 530 122 37 under
511 524 173 52 punkten
712 517 73 49 3:0)
814 515 223 49 föreslagna
1064 505 438 53 voteringsproposition
1531 499 161 40 rörande
1720 494 175 51 lydelsen
1923 491 39 37 af

362 583 43 34 12
430 577 21 49 $
478 567 525 55 bevillningsförordningen.

483 629 56 36 På
566 624 125 52 grund
718 620 114 39 häraf
855 615 223 40 hemställer
1105 611 200 46 utskottet,

816 725 55 33 att
896 717 224 48 Riksdagen
1147 711 88 38 ville
1262 708 163 47 besluta,

817 771 31 45 a)
877 775 66 41 att,
983 768 60 36 för
1081 766 73 36 den
1193 760 186 39 händelse
1412 752 294 48 omröstningen
1729 744 237 42 beträffande

768 826 46 34 12
843 819 20 50 8
892 812 512 53 bevillningsförordningen
1443 808 12 35 i
1493 800 254 43 förevarande
1775 798 62 37 del
1863 797 106 36 kom-

768 887 81 23 mer
877 876 55 32 att
958 867 137 39 utfalla
1134 865 11 36 i
1186 863 173 48 enlighet
1398 858 87 38 med
1508 851 362 54 ja-propositionen,
1900 843 70 49 3$

767 921 284 40 instruktionen
1093 917 59 37 för
1182 907 525 54 taxeringsmyndigheterna
1735 899 99 39 skall
1857 898 12 37 i
1897 897 76 36 den

770 974 75 47 del,
872 974 158 36 hvarom
1059 982 48 23 nu
1139 972 40 32 är
1206 966 123 47 fråga,
1358 959 144 39 erhålla
1529 958 74 37 den
1618 955 42 37 af
1671 953 189 37 utskottet
1875 948 100 37 före-

772 1026 149 48 slagna,
949 1023 69 35 här
1042 1020 116 36 ofvan
1184 1016 161 47 intagna
1371 1010 165 51 lydelse;
1565 1010 101 34 samt

823 1075 38 48 b)
891 1079 66 40 att,
986 1072 130 37 därest
1143 1079 146 26 samma
1318 1060 240 48 omröstning
1584 1058 173 36 kommer
1773 1057 56 32 att
1842 1047 136 40 utfalla

774 1128 12 36 i
814 1125 171 49 enlighet
1012 1120 90 38 med
1131 1113 383 54 nej-propositionen,
1544 1112 21 34 3
1595 1105 20 49 8
1630 1103 166 40 nämnda
1810 1099 168 39 instruk-

775 1178 82 37 tion
885 1174 97 38 skall
1009 1171 57 37 uti
1101 1164 296 53 ifrågavarande
1429 1161 62 38 del
1520 1158 145 38 erhålla
1692 1156 75 36 den
1795 1153 41 37 af
1860 1163 121 25 reser-

779 1232 187 33 vanterna
992 1221 234 48 föreslagna,
1254 1217 69 36 här
1351 1214 116 38 ofvan
1493 1211 162 47 intagna
1681 1204 159 52 lydelse.

1146 1373 69 36 D:0.

512 1474 18 37 I
570 1469 186 48 förslaget
796 1464 57 37 till
888 1453 464 53 bevillningsförordning
1391 1448 99 38 hade
1517 1445 189 38 utskottet
1732 1440 132 38 vidare
1891 1437 100 37 före-

391 1525 126 49 slagit,
547 1528 56 32 att
632 1523 44 34 12
701 1517 34 49 $,
763 1515 125 39 såvidt
911 1511 128 51 gällde
1065 1504 234 51 stadgandet
1326 1515 61 23 om
1402 1496 335 48 beskattningsort
1749 1492 59 37 för
1823 1488 170 38 inkomst

391 1578 41 37 af
456 1572 222 45 kanaldrift,
706 1567 124 40 skuile
861 1562 143 40 erhålla
1030 1558 169 50 följande
1222 1548 166 61 lydelse:

528 1625 111 46 »den,
679 1634 82 24 som
801 1617 111 37 idkar
935 1609 225 41 kanaldrift:
1189 1608 59 35 för
1274 1604 168 37 inkomst
1470 1598 125 39 däraf:
1624 1599 67 34 där
1717 1596 118 35 kontor
1852 1590 143 46 funnits

395 1682 97 34 samt
520 1680 21 34 å
567 1672 132 49 hvarje
728 1674 70 42 ort,
827 1680 82 25 som
938 1664 41 38 af
1000 1655 409 51 kanalanläggningen
1437 1652 188 37 berörts».

530 1779 18 36 I
576 1773 181 41 afseende
781 1771 93 37 härå
900 1768 68 36 har
994 1766 139 36 Första
1160 1761 233 37 Kammaren
1416 1752 174 51 godkänt
1612 1747 209 37 utskottets
1840 1740 158 48 förslag,

396 1833 199 36 hvaremot
622 1826 131 37 Andra
780 1822 234 37 Kammaren
1041 1815 180 42 bestämt,
1250 1814 55 31 att
1332 1802 250 41 föreskriften
1610 1795 199 52 angående
1827 1791 173 39 beskatt-

398 1882 176 49 ningsort
602 1878 59 37 för
688 1875 169 37 inkomst
884 1869 41 38 af
947 1864 213 40 kanaldrift
1186 1859 124 39 skulle
1337 1856 91 50 lyda
1455 1851 177 40 sålunda:

534 1930 110 45 »den,
672 1939 81 24 som
793 1923 111 37 idkar
942 1914 225 41 kanaldrift:
1196 1912 59 37 för
1281 1908 170 38 inkomst
1478 1902 127 39 däraf:
1633 1901 60 36 vid
1718 1896 284 46 hufvudkontoret

400 1987 99 33 samt
527 1985 21 34 å
576 1978 133 49 hvarje
737 1980 70 42 ort,
837 1985 81 25 som
947 1969 41 37 af
1011 1959 409 52 kanalanläggningen
1447 1956 187 37 berörts».

533 2065 76 37 För
636 2063 157 47 frågans
823 2052 210 53 afgörande
1062 2047 164 40 medelst
1244 2054 225 41 gemensam
1489 2034 242 49 omröstning
1745 2032 58 37 får
1819 2028 188 38 utskottet

405 2116 141 39 föreslå
572 2113 169 50 följande
768 2099 454 56 voteringsproposition:

539 2200 116 44 »Den,
696 2209 81 25 som
805 2193 13 36 i
844 2191 121 37 likhet
996 2186 88 38 med
1111 2185 137 36 Första
1274 2180 234 37 Kammaren
1531 2172 80 46 vill,
1636 2175 55 33 att
1721 2170 43 35 12
1789 2165 22 47 $
1838 2166 13 36 i
1876 2157 134 57 bevill-

408 2247 393 54 ningsförordningen
830 2241 98 39 skall
954 2240 11 36 i
994 2239 127 36 denna
1149 2233 61 38 del
1238 2229 146 40 erhålla
1410 2224 170 50 följande
1607 2219 164 53 lydelse:

543 2296 269 50 Skattskyldig
839 2299 152 31 taxeras
1020 2289 61 36 för
1108 2285 168 37 inkomst
1304 2280 42 38 af
1370 2274 145 53 kapital
1543 2274 73 38 och
1644 2271 146 38 arbete:
