1858 2772
369 135 186 30 Allmänna
574 135 398 39 beredningsutskottets
991 135 179 29 utlåtande
1187 144 43 20 nr
1246 135 41 29 24
1305 134 39 30 år
1363 135 83 29 1965
1633 134 18 29 5

164 216 115 29 tikens
298 216 228 39 utformning.
544 215 389 39 Beredningsutskottet
949 215 65 29 har
1031 215 10 29 i
1060 215 60 29 sitt
1136 214 162 40 yttrande
1316 213 105 40 pekat
1439 213 44 39 på
1500 213 41 29 de
1559 212 95 30 olika

164 269 162 39 åtgärder
348 277 75 21 som
445 268 164 40 vidtagits
634 268 79 30 från
736 268 519 39 ecklesiastikdepartementets
1280 267 75 29 sida
1379 267 65 29 när
1466 266 57 30 det
1546 266 109 39 gäller

165 324 50 28 att
233 322 181 40 tillgodose
432 332 42 20 en
493 322 53 29 del
564 331 43 21 av
624 322 58 29 det
700 322 41 29 de
759 321 147 30 berörda
924 321 220 29 motionerna
1163 320 111 40 syftar
1292 320 63 29 till.
1375 319 161 30 Förvisso
1555 320 39 28 är
1612 319 42 29 de

165 375 202 30 redovisade
383 375 209 40 åtgärderna
608 384 43 21 av
667 377 88 28 stort
770 375 105 29 värde
891 375 66 29 och
973 374 97 30 torde
1087 375 44 39 på
1147 374 81 39 lång
1244 373 70 30 sikt
1330 373 186 39 väsentligt
1532 373 122 29 kunna

165 429 101 39 vidga
279 429 82 30 våra
375 429 240 30 erfarenheter
627 438 57 20 om
698 428 343 40 publikrekrytering
1055 428 65 29 och
1134 426 412 31 distributionsmetoder.
1561 426 93 29 Från

165 482 67 30 den
253 482 226 40 synpunkten
499 483 39 28 är
558 482 106 30 också
685 482 94 29 såväl
800 481 306 30 rikskonserterna
1127 490 74 20 som
1221 490 44 20 en
1286 480 293 29 riksomfattande
1601 481 54 28 ut-

166 536 409 39 ställningsverksamhet
590 545 44 20 av
647 535 172 39 väsentlig
833 534 185 40 betydelse.

211 589 116 39 Enligt
349 589 62 30 vår
433 589 142 39 mening
597 598 120 20 svarar
740 588 89 30 dock
853 588 95 30 detta
970 588 124 29 endast
1118 589 72 28 mot
1213 597 42 20 en
1279 587 75 30 sida
1379 596 42 20 av
1444 587 41 29 de
1507 586 149 30 berörda

167 642 219 30 motionerna
405 643 65 29 och
489 642 98 30 torde
607 641 76 30 icke
704 642 121 29 kunna
844 641 78 30 leda
941 641 52 30 till
1014 650 42 20 en
1077 640 111 30 snabb
1208 640 211 39 förbättring
1439 639 44 40 på
1503 642 24 27 t.
1541 648 51 21 ex.
1613 639 42 29 de

166 695 168 30 områden
349 695 63 31 där
428 695 391 30 kulturverksamheten
837 697 57 27 ute
909 695 12 29 i
936 694 118 30 landet
1071 694 55 30 för
1142 693 219 31 närvarande
1377 693 64 30 har
1458 702 42 20 en
1516 692 140 40 mycket

167 749 79 30 svår
271 749 178 30 situation.
474 749 42 30 Vi
540 749 127 29 tänker
690 748 45 40 på
758 748 159 40 problem
941 757 43 21 av
1007 749 107 38 typen
1138 746 422 31 landsortsorkestrarnas
1586 745 71 30 för-

168 803 159 39 sörjning
344 802 80 30 med
442 802 140 30 artister
599 802 65 30 och
682 802 102 30 dessa
802 801 135 40 frågors
955 801 175 39 betydelse
1149 800 55 30 för
1222 800 287 40 publikintresset
1528 800 66 29 och
1611 798 46 40 på

167 856 295 30 stadsteatrarnas
485 855 247 30 motsvarande
754 855 167 39 problem,
945 855 11 29 i
980 854 89 30 båda
1093 854 108 30 fallen
1224 854 11 29 i
1258 853 222 30 konkurrens
1505 853 79 29 med
1607 854 50 28 ett

167 909 71 30 rikt
256 910 114 39 utspel
389 909 46 40 på
452 909 42 30 de
512 909 93 30 olika
624 909 134 29 musik-
775 909 66 29 och
859 907 398 31 teaterinstitutionerna
1276 907 11 29 i
1307 906 212 30 Stockholm.
1539 906 119 39 Enligt

166 962 227 40 förljudande
415 963 66 30 har
501 962 409 39 orkesterföreningarna
932 961 12 29 i
968 961 93 29 såväl
1084 961 130 29 Malmö
1238 969 76 21 som
1336 959 171 40 Göteborg
1528 959 130 30 liksom

169 1016 275 30 stadsteatrarna
464 1016 63 29 där
545 1015 139 40 mycket
703 1015 195 39 betydande
917 1013 156 41 problem
1094 1016 50 28 att
1164 1014 133 29 brottas
1318 1013 89 30 med.
1427 1013 75 29 Den
1523 1021 135 21 succes-

169 1070 66 29 sivt
252 1069 218 30 försämrade
486 1069 190 39 tillgången
693 1069 44 39 på
754 1068 110 30 första
882 1068 159 29 klassens
1058 1068 141 29 artister
1214 1067 66 30 har
1296 1066 152 30 medfört
1465 1076 42 20 en
1525 1065 133 30 minsk-

166 1123 86 39 ning
266 1132 43 21 av
325 1122 298 41 publikintresset.

212 1176 132 30 Ytterst
361 1176 102 30 beror
480 1175 115 30 denna
613 1175 170 30 situation
798 1193 45 3 —
860 1184 77 20 som
953 1175 66 29 här
1036 1176 133 37 antytts
1188 1173 79 30 med
1286 1173 122 30 enbart
1427 1172 57 30 två
1502 1172 156 39 exempel

167 1247 44 4 —
229 1229 45 40 på
293 1231 51 28 att
364 1229 42 30 de
427 1229 154 30 samlade
602 1237 204 21 resurserna
826 1229 39 29 är
885 1228 242 39 otillräckliga.
1148 1228 60 29 Att
1228 1227 143 29 komma
1391 1227 52 29 till
1464 1227 92 29 rätta
1577 1225 80 31 med

167 1283 94 30 detta
282 1282 158 40 problem
460 1282 62 40 går
541 1282 179 30 sannolikt
740 1282 72 29 inte
833 1282 123 29 enbart
976 1281 78 30 med
1076 1281 99 39 hjälp
1197 1290 42 20 av
1260 1280 228 39 utredningar
1509 1279 149 30 rörande

168 1336 235 40 publikvanor
420 1336 65 29 och
504 1335 176 30 liknande.
701 1336 74 29 Inte
795 1335 109 30 heller
921 1334 98 30 torde
1038 1334 76 40 just
1133 1334 95 29 detta
1247 1333 157 40 problem
1424 1333 121 30 kunna
1565 1333 93 29 lösas

169 1397 124 31 genom
321 1398 44 20 en
392 1388 295 30 riksomfattande
716 1387 248 31 ambulerande
992 1387 234 34 verksamhet,
1256 1396 76 20 som
1360 1387 157 28 närmast
1547 1381 111 43 måste

171 1442 92 30 sikta
280 1442 51 29 till
348 1444 52 28 att
416 1442 181 39 tillgodose
615 1441 42 30 de
673 1444 103 31 orter,
795 1450 75 20 som
886 1441 97 29 ännu
1002 1440 130 30 saknar
1149 1442 48 27 ett
1215 1449 95 20 mera
1327 1439 177 39 offentligt
1522 1439 137 29 kultur-

168 1496 57 29 liv.

215 1549 63 29 Det
292 1548 147 30 berörda
452 1548 202 39 problemet,
669 1557 74 20 som
757 1548 103 29 alltså
873 1547 168 30 omfattar
1053 1549 94 28 orter
1160 1547 78 29 med
1252 1557 43 20 en
1308 1547 55 29 väl
1377 1547 181 30 inarbetad
1573 1554 85 32 egen

170 1602 291 29 kulturtradition
481 1602 78 29 med
579 1603 94 28 stora
694 1601 155 39 anspråk
868 1601 79 29 från
968 1610 42 20 en
1030 1600 139 30 erfaren
1189 1600 140 40 publiks
1351 1600 85 34 sida,
1457 1600 97 29 torde
1575 1600 85 29 bara

171 1655 121 30 kunna
307 1656 92 28 lösas
416 1663 124 32 genom
555 1664 43 20 en
615 1655 109 29 snabb
739 1654 132 39 ökning
886 1663 43 21 av
942 1654 83 30 våra
1042 1654 107 30 totala
1166 1654 281 29 kulturresurser
1462 1654 82 29 eller
1560 1662 100 21 even-

170 1708 101 30 tuellt
289 1716 124 31 genom
431 1718 43 20 en
492 1717 118 21 annan
630 1708 200 38 fördelning
846 1717 43 20 av
906 1716 204 21 resurserna
1128 1708 45 28 än
1193 1707 67 29 den
1280 1716 74 20 som
1374 1708 136 28 senaste
1532 1706 128 30 10-års-

170 1761 120 40 period
310 1762 82 38 givit
412 1770 86 31 prov
515 1761 54 39 på.
588 1761 72 29 Vår
677 1761 142 39 mening
837 1762 40 28 är
895 1762 50 28 att
964 1760 114 30 denna
1098 1760 99 39 fråga
1215 1761 40 28 är
1273 1769 43 21 av
1335 1760 38 29 så
1393 1762 72 27 stor
1484 1760 175 39 betydelse

172 1815 55 29 för
243 1814 205 30 kulturlivet
465 1815 11 28 i
492 1814 76 29 vårt
586 1814 83 29 land
687 1814 143 29 utanför
849 1814 211 33 Stockholm,
1079 1816 50 27 att
1147 1813 57 30 det
1222 1813 87 29 både
1327 1813 39 29 är
1384 1813 178 39 angeläget
1581 1813 79 29 med

172 1867 131 30 snabba
323 1876 67 30 nya
411 1876 106 30 grepp
537 1868 65 28 och
621 1876 44 20 en
686 1867 37 29 så
743 1867 83 29 bred
847 1867 210 38 bedömning
1077 1876 43 20 av
1138 1866 209 29 hithörande
1370 1866 116 39 frågor
1507 1875 76 20 som
1603 1875 57 20 en-

172 1921 77 29 dast
265 1930 40 20 en
323 1920 167 29 framtida
504 1920 293 38 parlamentarisk
816 1919 188 39 utredning
1018 1919 70 29 kan
1104 1927 49 31 ge.
