2248 2630
478 186 18 30 8
707 187 237 32 Sammansatta
967 188 100 32 Stats-
1092 189 55 31 och
1170 189 231 40 Lagutskottets
1431 189 172 32 Utlåtande
1627 190 63 31 N:o
1713 192 30 29 9.

437 265 166 49 anspråk
631 265 99 37 ända
757 266 57 36 till
843 267 82 37 7:de
955 268 70 36 och
1053 268 83 36 8:de
1164 268 207 47 klasserna,
1401 268 34 37 d.
1465 282 34 23 v.
1530 282 28 23 s.
1588 269 90 48 folk,
1709 283 81 23 som
1818 270 120 36 under
1965 272 23 34 4
2009 271 21 35 å

437 318 21 34 5
502 319 40 34 år
575 318 34 48 ej
639 317 82 36 haft
749 318 138 37 minsta
913 319 149 37 tillfälle
1091 324 56 32 att
1173 319 220 37 underhålla
1422 320 82 37 sina
1531 321 241 37 förvärfvade
1800 321 230 48 färdigheter

433 368 12 35 i
488 380 171 37 vapnens
699 369 106 37 bruk.
860 370 139 49 Någon
1041 371 214 37 erfarenhet
1288 385 60 23 om
1377 372 122 48 dylikt
1526 373 204 49 manskaps
1759 373 270 49 fältduglighet

434 420 97 48 egde
559 420 37 36 vi
624 421 47 49 ej.

560 472 139 37 Härtill
739 472 162 48 komme,
945 479 56 31 att
1041 488 48 24 en
1129 475 63 37 hel
1226 475 60 36 del
1319 475 41 37 af
1389 475 45 37 de
1463 474 62 37 vid
1553 476 260 49 mobilisering
1839 476 188 37 inkallade

431 523 375 50 beväringsmännen
832 526 197 48 utgjordes
1058 527 40 36 af
1122 527 24 36 f.
1178 527 33 36 d.
1243 526 283 47 stamanstälde,
1555 527 128 37 hvilka
1707 528 97 36 efter
1823 542 47 23 en
1889 529 137 48 tjenst-

429 575 140 49 göring
600 576 65 36 vid
700 581 197 40 stammen,
928 591 80 23 som
1038 579 78 36 ofta
1143 578 98 37 blott
1268 582 165 46 uppgått
1460 578 57 37 till
1546 582 21 33 2
1597 583 51 44 år,
1678 593 91 23 vore
1797 580 230 49 förpligtade

430 631 56 32 att
519 631 154 44 qvarstå
706 628 13 36 1
757 628 99 49 3:dje
883 628 154 38 klassen
1065 630 120 37 under
1212 630 86 37 hela
1325 631 73 36 den
1426 631 66 47 tid,
1521 631 45 37 de
1595 631 111 49 eljest
1735 631 118 37 skulle
1881 632 146 36 tillhört

428 679 254 49 beväringens
724 680 110 42 båda.
857 681 165 49 uppbåd.
1079 682 67 36 Att
1179 687 137 31 utröna
1343 683 303 48 tjenstbarheten
1673 683 70 37 hos
1773 683 134 37 sådant
1934 684 91 47 folk,

430 744 81 23 som
552 731 189 37 måhända
782 733 33 48 ej
851 735 49 46 på
937 735 43 34 11
1011 733 92 37 eller
1134 735 45 34 12
1210 736 41 33 år
1278 734 159 48 deltagit
1464 734 13 36 i
1503 738 119 45 några
1651 735 186 49 öfningar,
1866 749 90 23 vore
1986 739 41 33 så

428 782 153 49 mycket
621 796 105 24 mera
767 784 40 36 af
843 784 137 48 nöden,
1016 798 81 24 som
1131 785 58 47 de,
1219 785 117 37 ehuru
1363 785 226 37 tillhörande
1617 787 245 49 beväringen,
1891 787 134 36 hittills

428 834 63 36 vid
534 835 492 49 mobiliseringsplanernas
1068 837 248 49 uppgörande
1359 842 96 32 satts
1495 837 12 36 i
1548 851 144 24 samma
1732 839 173 49 kategori
1944 852 81 23 som

426 886 292 49 tjenstgörande
748 888 288 48 stampersonal.

556 938 17 36 I
600 938 79 37 viss
709 942 87 33 mån
822 939 127 37 kunde
979 940 62 37 det
1068 954 49 22 nu
1147 940 119 49 sagda
1295 941 113 36 äfven
1435 940 190 51 tillämpas
1654 944 47 46 på
1735 942 117 36 sådan
1884 942 139 37 befäls-

427 990 188 49 personal,
646 1004 83 23 som
757 990 101 37 trädt
885 1005 44 22 ur
956 992 104 36 aktiv
1087 993 132 48 tjenst,
1237 1005 86 24 men
1351 992 85 37 med
1466 992 217 50 skyldighet
1712 998 56 32 att
1795 994 63 36 vid
1878 994 145 37 mobili-

429 1041 131 49 sering
588 1042 241 37 återinträda.

558 1094 67 36 Ett
667 1094 410 49 mobiliseringsförsök
1111 1095 154 50 erbjöde
1295 1095 96 37 enda
1420 1096 249 49 möjligheten
1698 1101 56 32 att
1782 1100 80 34 åter
1889 1097 135 49 bringa

427 1146 110 36 dessa
576 1145 100 37 olika
716 1146 213 49 kategorier
972 1148 42 35 af
1038 1147 178 49 personal
1257 1147 119 37 under
1416 1148 159 36 fanorna
1606 1148 58 36 för
1698 1153 56 31 ett
1785 1154 239 43 gemensamt

426 1197 276 50 uppträdande,
737 1198 70 36 och
834 1212 61 22 om
922 1198 131 51 hvarje
1082 1199 122 49 dylikt
1231 1199 215 37 inkallande
1480 1200 41 36 af
1544 1199 102 37 äldre
1677 1200 208 37 årsklasser
1913 1201 71 36 och
2011 1201 11 35 i

425 1249 161 49 krigstid
626 1249 213 50 disponible
881 1250 11 36 i
935 1251 114 49 öfrigt
1090 1251 155 36 erkänts
1278 1265 89 23 vara
1395 1251 42 37 af
1460 1256 79 32 stor
1566 1257 109 43 nytta
1702 1252 64 36 vid
1792 1253 230 36 utrönandet

427 1301 42 36 af
493 1314 48 23 en
567 1306 137 44 trupps
732 1302 172 49 verkliga
932 1303 288 36 användbarhet
1246 1303 12 36 i
1285 1303 96 48 krig,
1411 1317 89 22 vore
1529 1317 47 23 en
1596 1303 105 49 dylik
1721 1304 135 48 åtgärd
1874 1304 70 36 hos
1960 1318 62 23 oss

428 1356 41 33 så
498 1353 150 48 mycket
676 1367 80 23 mer
784 1354 40 35 af
846 1354 126 36 nöden
1005 1360 48 31 än
1084 1355 12 35 i
1125 1355 118 36 andra
1270 1354 100 48 land,
1400 1368 82 23 som
1510 1358 84 33 vårt
1621 1355 401 50 härordningssystem

427 1409 118 32 »stam
575 1405 69 36 och
663 1405 205 49 beväring»
887 1405 83 38 icke
991 1406 161 37 allenast
1170 1407 134 49 gjorde
1326 1412 115 31 sättet
1461 1407 59 36 för
1537 1407 250 49 personalens
1806 1407 216 37 inkallande

428 1470 103 22 mera
570 1456 275 50 kompliceradt
886 1462 48 31 än
966 1462 49 45 på
1044 1458 117 37 andra
1189 1458 88 47 håll,
1305 1464 92 31 utan
1426 1458 71 37 ock
1523 1459 134 49 gjorde
1687 1459 45 37 de
1762 1459 99 37 olika
1888 1464 133 45 trupp-

427 1508 172 37 delarnes
642 1510 347 48 sammansättning
1030 1510 41 36 af
1109 1515 110 43 stam,
1260 1511 24 35 f.
1328 1510 32 37 d.
1397 1516 98 31 stam
1528 1511 69 36 och
1625 1511 148 49 vanligt
1799 1512 222 48 bevärings-

429 1560 182 49 manskap
640 1560 59 37 till
727 1566 55 31 ett
811 1561 245 49 synnerligen
1085 1562 164 37 svårlöst
1276 1562 181 49 problem.

554 1612 57 36 Då
653 1612 418 49 departementschefen
1112 1614 111 36 alltså
1264 1628 51 22 nu
1355 1614 189 49 föresloge
1586 1615 33 48 ej
1662 1614 160 37 allenast
1854 1615 167 37 försöks-

428 1663 261 50 mobilisering
730 1664 41 36 af
807 1678 46 23 en
886 1665 329 50 arméfördelning,
1252 1671 92 31 utan
1377 1666 70 37 ock
1475 1666 114 49 derpå
1617 1666 168 49 följande
1813 1667 208 49 fälttjenst-

428 1715 185 48 öfningar,
657 1716 140 36 skedde
839 1716 104 37 detta
984 1718 42 35 af
1064 1717 73 37 den
1179 1718 123 47 orsak,
1344 1723 56 31 att
1431 1718 76 36 han
1540 1719 32 48 ej
1607 1718 125 36 kunde
1761 1723 90 44 taga
1879 1722 49 45 på
1957 1719 65 36 sitt

428 1780 137 23 ansvar
593 1773 55 31 att
675 1768 34 49 ej
740 1768 111 36 hafva
879 1768 143 37 tillrådt
1050 1769 63 37 det
1141 1783 145 35 vapens
1313 1770 210 48 pröfvande
1542 1792 50 4 —
1615 1770 12 35 i
1656 1769 73 37 den
1756 1770 267 48 utsträckning

426 1818 159 49 fredliga
613 1819 265 38 förhållanden
905 1820 187 36 tillåta
1067 1814 23 60 —
1111 1824 49 46 på
1188 1821 145 36 hvilket
1361 1821 97 37 dock
1485 1821 12 36 i
1525 1822 174 36 ofredens
1720 1821 127 49 dagar,
1869 1822 151 37 mensk-

426 1870 72 49 ligt
539 1876 55 31 att
636 1884 51 34 se,
730 1871 148 37 landets
920 1872 62 36 väl
1023 1872 91 37 eller
1153 1887 46 23 ve
1241 1878 139 44 ytterst
1420 1873 150 37 komme
1613 1878 56 31 att
1701 1874 102 47 bero,
1834 1874 70 36 och
1932 1874 89 36 ville

428 1922 420 49 departementschefen
888 1924 47 36 då
976 1924 119 37 tillika
1136 1926 152 45 betona,
1331 1930 55 31 att
1418 1925 63 36 vid
1514 1930 55 32 ett
1597 1925 122 49 dylikt
1747 1926 103 48 profs
1879 1925 142 37 anstäl-

426 1974 113 37 lande
567 1975 136 37 endast
731 1989 48 23 en
806 1975 60 37 del
894 1976 41 36 af
959 1976 214 38 ändamålet
1203 1977 119 37 skulle
1351 1977 146 47 vinnas,
1527 1991 60 22 om
1617 1990 88 23 man
1734 1977 160 37 allenast
1917 1977 104 49 pröf-

426 2025 96 37 vade
562 2026 270 38 hållfastheten
873 2027 41 37 af
950 2034 161 43 vapnets
1154 2029 99 37 olika
1289 2028 114 49 delar,
1433 2042 87 23 men
1548 2029 35 48 ej
1613 2028 86 37 hela
1727 2034 141 44 vapnet
1896 2032 125 33 såsom

428 2077 145 37 sådant.

556 2130 427 49 Arméfördelningarna
1011 2147 89 23 vore
1128 2133 13 37 i
1168 2135 86 34 vårt
1280 2132 401 49 härordningssystem
1701 2137 168 43 antagna
1895 2134 125 34 såsom

428 2180 46 36 de
502 2180 138 50 högsta
669 2182 216 48 enheterna,
915 2183 71 36 och
1013 2185 12 35 i
1051 2185 181 36 händelse
1260 2184 41 36 af
1323 2184 86 48 krig
1435 2197 90 23 vore
1546 2184 63 36 det
1627 2188 171 32 närmast
1818 2183 86 36 med
1923 2183 96 47 dem,

427 2231 74 37 den
541 2232 139 51 högsta
721 2233 207 49 ledningen
969 2237 109 37 rörde
1116 2237 70 48 sig.
1242 2236 74 36 För
1356 2240 56 32 att
1452 2235 160 37 bedöma
1644 2234 113 38 dessa
1790 2249 27 22 s.
1847 2234 35 37 k.
1919 2235 101 49 slag-

427 2283 176 39 enheters
645 2285 286 38 användbarhet
957 2308 50 5 —
1034 2290 143 48 hvarpå
1211 2288 43 49 ju
1282 2292 139 44 ytterst
1448 2287 86 37 hela
1560 2287 308 49 försvarsplanen
1901 2290 119 33 måste
