2154 2519
686 181 264 34 Statsutskottets
979 180 174 33 Utlåtande
1175 179 63 31 N:o
1259 181 30 29 4.
1706 180 37 28 15

186 271 180 35 användas
407 272 72 33 864
518 270 129 34 kronor
686 266 136 46 årligen
864 270 54 31 att
949 264 86 46 utgå
1067 264 111 36 såsom
1205 264 267 43 lönetillökning
1498 263 54 34 för
1578 266 120 40 pastor
1725 261 59 35 vid

184 322 150 35 nämnda
362 321 126 44 kyrka.

316 371 54 35 Af
411 372 59 33 det
514 371 59 34 vid
612 367 456 44 statsverkspropositionen
1109 366 126 44 fogade
1274 362 384 45 statsrådsprotokollet
1685 362 100 34 öfver

183 420 545 45 utrikesdepartementsärenden
757 420 66 33 den
852 420 46 33 30
926 417 180 34 december
1137 417 92 33 1893
1257 415 183 41 inhemtas,
1469 417 53 31 att
1549 414 149 34 svenska
1719 412 66 35 för-

184 474 191 42 samlingen
403 473 11 33 i
440 471 102 35 Paris
569 480 122 34 genom
725 469 63 34 sitt
824 465 179 46 kyrkoråd
1035 468 11 33 i
1079 466 184 34 skrifvelse
1303 465 65 33 den
1398 467 45 32 20
1472 461 313 46 nästförutgångne

185 525 186 33 november
401 522 111 34 under
530 521 181 41 förmälan,
732 522 53 30 att
800 518 248 42 församlingen
1064 516 217 34 fortfarande
1300 525 84 24 vore
1400 515 10 33 i
1424 514 107 35 behof
1542 513 39 34 af
1595 513 188 34 understöd

185 575 63 33 och
276 575 58 33 det
362 573 39 34 af
429 573 92 33 1893
550 569 58 35 års
634 569 161 43 Riksdag
822 566 110 36 såsom
960 567 266 42 lönetillökning
1252 566 54 33 för
1330 567 120 41 pastor
1469 564 173 43 beviljade
1660 564 124 42 belopp

184 624 39 34 af
261 626 72 32 864
372 624 130 33 kronor
540 620 169 34 likaledes
748 618 219 35 fortfarande
1006 627 84 24 vore
1118 615 233 43 erforderligt,
1385 612 157 45 anhållit,
1571 616 54 32 att
1652 612 129 44 Kongl,

183 674 109 44 Maj:t
331 674 137 34 täcktes
500 672 53 33 till
587 670 202 43 Riksdagen
818 666 107 36 aflåta
952 666 223 45 proposition,
1204 669 53 30 att
1285 663 77 36 från
1390 665 65 34 och
1482 664 76 34 med
1595 665 92 33 1895
1720 663 64 34 och

182 726 71 33 tills
280 724 122 35 vidare
429 720 108 36 måtte
563 719 38 37 åt
627 720 150 34 svenska
805 719 140 43 kyrkan
971 718 12 33 i
1010 717 102 34 Paris
1140 716 39 34 af
1203 715 200 35 statsmedel
1430 715 139 34 anvisas
1597 717 51 31 ett
1675 711 108 45 årligt

185 776 121 43 belopp
327 774 39 34 af
380 775 108 41 2,700
503 773 66 42 kr.,
586 770 101 35 deraf
700 772 72 32 864
786 770 53 34 kr.
857 772 53 31 att
925 765 85 47 utgå
1025 766 110 35 såsom
1151 766 266 43 lönetillökning
1430 763 38 36 åt
1482 765 156 43 kyrkans
1653 767 129 40 pastor.

317 824 187 34 Ministern
544 822 54 33 för
629 821 135 34 utrikes
809 819 175 35 ärendena
1029 818 107 34 funne
1181 817 70 43 väl,
1292 813 45 45 på
1376 825 130 24 samma
1534 815 152 43 grunder
1713 824 69 24 som

186 876 38 33 af
248 876 123 33 honom
400 873 161 34 anfördes
588 872 54 34 till
670 867 383 45 statsrådsprotokollet
1080 868 66 33 den
1178 869 43 32 10
1249 866 155 34 februari
1426 867 106 41 1892,
1552 861 233 47 kyrkorådets

185 925 196 43 ansökning
407 933 87 25 vara
522 921 221 45 synnerligen
770 918 306 45 behjertansvärd,
1101 927 78 24 men
1198 914 44 37 då
1260 917 41 33 de
1321 915 311 43 framställningar,
1652 914 129 43 Kongl.

185 975 108 45 Maj:t
332 972 84 36 åren
460 975 93 33 1892
594 972 64 34 och
692 972 93 33 1893
820 969 95 45 gjort
942 969 54 33 till
1022 968 204 42 Riksdagen
1254 977 51 23 om
1334 966 124 43 bidrag
1485 966 53 33 till
1565 965 218 34 betäckande

186 1026 38 34 af
248 1026 87 33 brist
367 1025 3 34 i
400 1025 157 43 kyrkans
584 1022 141 43 budget,
753 1021 79 34 icke
859 1019 125 34 vunnit
1010 1017 222 44 Riksdagens
1258 1016 110 43 bifall,
1397 1013 129 46 ansåge
1554 1016 68 33 han
1650 1015 53 43 sig
1730 1014 54 34 för

187 1076 219 34 närvarande
445 1075 78 33 icke
560 1074 84 33 böra
685 1071 191 43 tillstyrka,
918 1071 54 32 att
1002 1079 48 32 ny
1082 1067 259 43 framställning
1373 1067 117 33 härom
1519 1065 149 45 gjordes,
1698 1068 85 30 utan

185 1126 190 35 hemstälde
404 1125 131 41 endast,
564 1125 54 32 att
645 1122 123 42 anslag
794 1117 109 37 måtte
922 1120 104 34 äskas
1044 1119 54 33 till
1117 1119 143 33 fortsatt
1280 1116 265 43 lönetillökning
1559 1116 53 33 till
1627 1119 155 39 pastorn,

187 1178 135 33 hvilket
350 1176 123 42 anslag
500 1173 186 44 lämpligen
713 1174 119 41 syntes
859 1171 119 33 kunna
1005 1170 149 42 begäras
1182 1170 53 32 att
1262 1164 85 46 utgå
1367 1167 69 33 tills
1461 1167 128 42 vidare,
1618 1164 38 36 så
1682 1167 102 42 länge

186 1227 129 43 Kongl.
347 1226 106 43 Maj:t
479 1225 105 33 funne
612 1224 160 41 anslaget
798 1220 176 43 behöfligt.
1022 1218 72 35 Det
1122 1218 120 34 härför
1260 1215 135 45 årligen
1415 1216 227 44 erforderliga
1662 1216 122 43 belopp

186 1278 116 41 borde,
336 1275 43 45 på
412 1278 71 32 sätt
509 1274 203 42 Riksdagen
740 1271 184 43 medgifvit
951 1270 53 34 för
1031 1267 83 36 åren
1147 1270 92 32 1893
1268 1268 63 34 och
1364 1269 104 40 1894,
1497 1268 118 32 kunna
1643 1266 141 34 anvisas

186 1329 53 33 till
271 1326 173 44 utgående
476 1323 78 36 från
587 1323 233 34 öfverskottet
853 1319 21 35 å
901 1321 41 33 de
969 1317 78 36 från
1075 1321 154 32 kronans
1256 1317 169 43 fastighet
1452 1317 11 33 i
1490 1316 295 43 Konstantinopel

186 1377 191 44 inflytande
396 1375 306 44 hyresinkomster,
717 1370 136 37 hvilket
868 1371 195 34 öfverskott
1077 1370 11 32 i
1104 1369 155 43 enlighet
1274 1368 75 33 med
1364 1366 221 44 Riksdagens
1599 1366 185 35 skrifvelse

186 1429 65 33 den
281 1429 45 32 20
353 1426 68 44 maj
455 1426 92 33 1892
575 1425 146 33 insättes
748 1422 12 33 i
787 1421 224 34 riksbanken.

319 1476 198 42 Utskottet,
550 1485 71 24 som
649 1475 116 32 ansett
792 1474 55 32 att
873 1468 125 47 frågan
1026 1480 53 24 om
1107 1468 230 35 användande
1364 1465 44 46 på
1436 1467 187 44 föreslaget
1649 1469 72 31 sätt
1748 1467 39 33 af

188 1528 69 34 viss
297 1527 54 34 del
392 1527 38 34 af
467 1525 147 35 nämnda
654 1523 296 43 hyresinkomster
989 1518 77 36 åter
1105 1521 63 33 bör
1208 1518 89 35 efter
1330 1518 171 44 förloppet
1528 1518 39 34 af
1590 1515 115 46 någon
1732 1517 51 34 tid

186 1578 232 34 underställas
444 1576 220 43 Riksdagens
687 1572 175 45 pröfning,
892 1572 210 42 hemställer,

634 1662 53 30 att
714 1657 201 44 Riksdagen
940 1654 55 36 må
1014 1656 187 44 medgifva,
1222 1658 53 31 att
1294 1655 38 34 af
1349 1654 239 35 öfverskotten
1607 1650 20 36 å
1646 1653 41 33 de
1705 1649 79 37 från

584 1710 152 33 kronans
756 1707 194 44 fastighet
944 1699 21 56 i
970 1706 293 43 Konstantinopel
1282 1704 191 43 inflytande
1488 1703 296 43 hyresinkomster

584 1757 55 36 må
652 1756 78 36 från
756 1758 64 34 och
838 1758 76 33 med
942 1755 39 36 år
1000 1758 92 33 1895
1112 1756 72 34 tills
1199 1756 130 41 vidare,
1349 1752 39 36 så
1405 1755 103 42 länge
1526 1753 128 44 Kongl.
1675 1752 108 44 Maj:t

584 1809 111 34 finner
722 1809 160 42 anslaget
909 1806 177 44 behöfligt,
1116 1807 87 33 dock
1231 1806 110 33 under
1368 1806 103 42 högst
1498 1805 67 33 fem
1589 1803 50 43 år,
1672 1801 35 36 få
1730 1803 55 33 för

583 1860 150 35 svenska
748 1859 139 43 kyrkan
901 1858 11 33 i
930 1857 100 35 Paris
1049 1857 180 34 användas
1249 1857 71 33 864
1341 1856 127 33 kronor
1482 1853 133 45 årligen
1631 1857 53 30 att
1698 1851 87 45 utgå

585 1908 111 36 såsom
723 1908 266 44 lönetillökning
1016 1908 54 33 för
1096 1910 120 40 pastor
1242 1907 58 34 vid
1329 1905 149 34 nämnda
1507 1905 124 43 kyrka.

323 1995 201 35 Stockholm
552 1995 65 33 den
646 1996 20 32 9
695 1992 158 36 februari
884 1993 104 33 1894.

717 2075 52 36 På
796 2076 281 34 statsutskottets
1103 2078 149 40 vägnar:

770 2159 202 36 GUSTAF
1002 2157 203 36 SPARRE.
