1884 2842
530 168 356 29 Konstitutionsutskottets
909 168 146 29 utlåtande
1078 168 45 29 Nr
1147 169 25 27 3.
1583 164 20 31 5

153 238 163 33 Härefter
337 240 85 31 hava
445 243 37 29 år
506 241 80 31 1936
609 241 40 31 de
672 241 11 31 i
707 241 93 31 detta
824 241 240 42 sammanhang
1086 240 265 42 betydelsefulla
1373 240 226 41 ändringarna

101 289 11 31 i
140 289 333 43 kommunallagarna
502 292 218 40 genomförts,
750 294 49 29 att
828 292 92 31 såväl
948 292 416 41 landstingsmannavalen
1392 303 73 19 som
1493 291 106 31 stads-

102 340 312 42 fullmäktigevalen
449 342 11 30 i
496 342 105 31 rikets
626 342 157 41 samtliga
809 342 122 38 städer,
958 342 100 31 alltså
1083 344 84 29 även
1192 342 12 31 i
1231 341 207 38 Stockholm,
1465 341 124 41 obliga-

102 391 122 32 toriskt
260 391 95 32 skola
391 392 159 32 förrättas
587 395 18 29 å
630 404 42 20 en
697 393 62 31 och
785 404 126 20 samma
937 393 73 41 dag,
1036 392 109 42 tredje
1171 392 175 42 söndagen
1370 392 12 31 i
1407 392 192 42 september

101 442 130 31 månad.
269 442 63 32 Om
358 443 109 31 denna
492 443 125 31 reform
641 443 151 32 uttalade
817 443 417 32 konstitutionsutskottet
1263 442 187 42 (utlåtande
1475 454 40 19 nr
1541 442 56 31 171

101 493 146 31 nämnda
266 494 47 40 år)
338 494 104 31 bland
461 496 111 36 annat,
593 497 49 29 att
661 494 65 31 den
746 494 236 32 underlättade
1002 497 49 29 ett
1070 494 159 32 framtida
1247 494 180 32 införande
1446 505 40 20 av
1505 494 94 31 insti-

101 544 87 31 tutet
213 544 157 42 röstning
394 547 19 29 å
437 556 111 20 annan
574 547 53 29 ort
651 545 53 31 för
729 545 327 42 landstingsmanna-
1081 545 63 32 och
1170 545 428 41 stadsfullmäktigevalens

101 594 269 32 vidkommande.
402 595 125 31 Vidare
549 595 60 32 har
630 595 392 32 elektorsinstitutionen
1043 596 54 31 för
1117 596 53 31 val
1192 607 40 20 av
1253 595 346 32 förstakammarleda-

100 647 109 29 möter
224 646 12 30 i
253 646 41 31 de
311 648 108 29 större
436 646 123 37 städer,
576 657 73 21 som
665 646 30 41 ej
714 646 136 41 deltaga
865 647 10 30 i
892 646 182 41 landsting,
1092 657 122 31 genom
1230 646 369 42 grundlagsändringar

102 697 35 30 år
157 696 79 31 1937
256 696 187 31 avskaffats
462 697 11 30 i
493 696 162 32 samband
674 697 76 31 med
769 696 195 32 införandet
982 708 41 20 av
1041 707 41 21 en
1101 696 152 42 enhetlig
1270 696 142 42 politisk
1431 697 62 31 och
1511 696 87 32 kom-

100 747 114 30 munal
239 747 263 31 rösträttsålder.

152 830 270 33 Utskottet.
458 831 68 32 Vid
551 832 60 31 sitt
635 831 115 32 beslut
774 843 55 20 om
853 833 41 31 de
919 831 182 42 ändringar
1125 833 11 30 i
1161 832 98 41 lagen
1284 843 55 20 om
1363 832 53 31 val
1441 832 53 31 till
1519 831 80 32 riks-

101 881 117 42 dagen,
244 893 73 20 som
342 882 187 42 villkorligt
552 885 142 39 antogos
719 885 36 29 år
781 883 81 31 1934
886 883 62 31 och
972 883 119 31 trädde
1116 883 11 31 i
1151 882 90 32 kraft
1265 884 36 30 år
1326 883 89 37 1937,
1441 881 158 32 framhöll

100 932 180 43 riksdagen
305 933 11 31 i
341 934 199 41 anslutning
563 934 53 31 till
641 936 48 29 ett
714 934 175 31 uttalande
914 945 40 20 av
979 934 253 31 vederbörande
1259 933 338 42 departementschef,

101 984 10 31 i
131 984 163 31 skrivelse
315 985 52 31 till
386 984 126 42 Kungl.
532 984 109 42 Maj:t,
661 987 50 29 att
729 985 203 41 spörsmålet
952 996 53 19 om
1025 985 236 31 motsvarande
1281 984 183 42 ändringar
1481 984 11 31 i
1511 984 88 32 kom-

100 1035 135 31 munala
253 1035 153 41 vallagen
423 1035 12 31 i
453 1036 110 31 sinom
581 1035 50 31 tid
648 1035 106 32 borde
773 1037 99 39 göras
890 1035 53 32 till
962 1035 140 32 föremål
1121 1036 54 30 för
1191 1035 196 41 ytterligare
1405 1035 192 41 utredning.

100 1086 53 31 Då
170 1085 127 42 Kungl.
316 1086 118 41 Maj:ts
453 1086 297 41 uppmärksamhet
767 1086 101 31 alltså
886 1086 104 31 redan
1007 1088 36 29 är
1061 1086 69 31 fäst
1146 1088 43 39 på
1207 1086 118 41 frågan
1344 1097 54 20 om
1416 1088 48 29 ett
1481 1086 118 31 under-

100 1136 99 31 lättat
219 1136 201 41 deltagande
440 1138 84 29 även
544 1136 12 31 1
576 1137 40 31 de
636 1136 215 31 kommunala
871 1136 97 31 valen
988 1136 62 32 och
1071 1136 227 41 utredningen
1317 1147 41 20 av
1378 1136 92 32 detta
1490 1138 109 40 spörs-

101 1188 66 30 mål
195 1187 65 31 kan
289 1188 172 31 förväntas
490 1189 245 40 återupptagen
764 1187 92 31 inom
885 1198 41 20 en
954 1198 78 20 snar
1060 1187 147 38 framtid,
1236 1198 99 20 anser
1363 1187 167 32 utskottet
1558 1198 40 20 en

100 1238 163 31 skrivelse
287 1239 11 30 i
320 1238 192 31 motionens
535 1238 89 41 syfte
647 1238 30 41 ej
702 1237 210 42 erforderlig.
947 1237 178 32 Utskottet
1146 1237 198 32 hemställer
1365 1237 109 38 alltså,

394 1307 49 30 att
461 1305 220 32 förevarande
700 1305 131 32 motion
849 1306 72 31 icke
939 1307 104 30 måtte
1061 1306 53 31 till
1132 1307 112 40 någon
1262 1305 199 42 riksdagens
1480 1305 118 42 åtgärd

352 1357 185 31 föranleda.

153 1416 197 31 Stockholm
376 1416 65 31 den
466 1416 39 31 23
531 1415 148 32 februari
706 1415 89 31 1939.

516 1491 48 31 På
586 1491 434 31 konstitutionsutskottets
1043 1493 135 39 vägnar:

635 1558 196 31 HARALD
857 1557 203 32 HALLEN.

151 1697 312 28 Närvarande:
500 1698 117 27 Herrar
641 1697 127 34 Hallén,
794 1698 108 27 Anton
925 1698 193 33 Pettersson,
1144 1697 192 35 Strömberg,
1364 1697 115 35 Gustaf
1502 1696 97 36 Adolf

99 1740 184 35 Björkman,
304 1739 166 35 Rahmn>),
490 1740 158 34 Källman,
668 1740 126 35 Björck,
815 1740 131 34 Herlitz,
965 1740 70 28 Nils
1054 1740 193 33 Andersson,
1267 1740 125 27 Anders
1404 1740 193 32 Andersson,

98 1782 135 34 Härdin,
253 1782 86 34 Fast,
360 1781 185 28 Andersson
565 1783 9 26 i
596 1782 191 36 Ovanmyra,
813 1782 110 36 Vougt,
944 1782 173 33 Mosesson,
1139 1781 221 36 Lundqvist"),
1380 1781 188 29 Nordström
1588 1783 10 26 i

99 1824 130 37 Torsby,
252 1824 130 28 Nilsson
404 1825 10 26 i
437 1824 166 37 Göteborg,
626 1824 179 28 Arnemark
827 1824 58 28 och
906 1824 181 28 Johansson
1109 1825 10 26 i
1141 1823 226 37 Tväråselet").

149 1907 26 31 +)
192 1908 33 31 Ej
246 1907 178 25 närvarande
444 1907 48 24 vid
508 1906 190 33 justeringen.

732 2110 233 34 Reservation

100 2188 39 20 av
160 2177 116 31 herrar
299 2178 133 39 Björck,
455 2178 78 31 Nils
554 2178 207 38 Andersson,
784 2178 82 31 Fast
888 2177 62 31 och
972 2178 190 30 Mosesson.
