1916 2844
266 160 40 30 40
710 155 106 35 Första
836 162 199 33 lagutskottets
1057 161 153 29 utlåtande
1232 161 42 28 Nr
1300 164 47 25 16.

270 242 193 32 belastande
484 254 41 20 av
546 242 249 38 bröstarvinges
817 242 121 38 laglott
959 242 66 32 kan
1047 253 117 27 genom
1186 245 195 29 testamente
1403 241 158 33 förordna
1583 253 51 20 om
1656 242 117 32 under-

268 293 209 38 hållsbidrag
496 293 54 32 till
568 292 82 32 barn
670 304 69 20 som
759 297 37 28 är
814 305 40 19 ur
874 293 98 32 stånd
991 296 51 29 att
1061 292 104 39 självt
1184 292 145 38 försörja
1349 292 53 38 sig
1420 311 44 4 —
1483 292 158 32 avvisade
1662 292 111 32 bered-

269 344 121 38 ningen
417 343 122 32 tanken
566 347 50 28 att
643 343 112 32 tillåta
781 343 96 32 make
904 346 51 29 att
981 355 117 26 genom
1126 346 195 29 testamente
1350 343 89 38 sörja
1467 343 54 31 för
1547 342 226 33 efterlevande

267 394 113 32 makes
410 394 175 32 underhåll
613 394 75 32 med
717 394 249 32 åsidosättande
996 406 42 20 av
1066 393 250 39 bröstarvinges
1347 397 70 29 rätt
1445 393 54 32 till
1529 393 132 38 laglott.
1714 393 59 32 Ut-

270 445 125 32 skottet
416 445 62 31 vill
499 444 72 33 icke
592 445 12 31 i
628 444 106 32 denna
758 444 141 38 ordning
921 448 81 34 taga
1026 444 162 38 ställning
1211 444 54 32 till
1288 444 123 38 frågan
1434 443 168 33 huruvida
1625 447 69 29 rätt
1716 443 59 32 bör

268 495 221 32 tillerkännas
515 494 79 33 äkta
618 495 119 32 makar
763 498 50 29 att
837 498 81 29 utan
944 494 250 38 bröstarvinges
1220 494 243 38 godkännande
1490 499 81 33 göra
1598 494 175 32 inskränk-

268 546 80 38 ning
368 546 12 31 i
400 546 84 32 hans
505 545 121 38 laglott
646 557 117 27 genom
784 549 48 28 ett
850 545 153 32 inbördes
1024 548 197 29 testamente
1242 545 53 32 till
1315 544 191 39 tryggande
1527 557 42 20 av
1591 544 61 33 den
1674 545 99 32 efter-

268 596 155 33 levandes
441 596 186 32 underhåll.
668 597 76 31 Men
761 596 164 32 utskottet
942 595 68 33 kan
1028 595 72 33 icke
1119 595 179 33 medverka
1315 595 54 32 till
1389 595 103 32 sådan
1511 595 144 38 ändring
1674 595 12 31 i
1703 595 69 38 gäl-

272 648 96 32 lande
390 650 78 36 rätt,
490 651 49 29 att
561 659 50 20 om
633 650 49 30 ett
703 647 112 38 dylikt
835 650 197 30 testamente
1053 647 107 32 likväl
1181 650 194 35 upprättats
1398 646 60 33 och
1480 646 179 33 makarnas
1681 647 92 37 barn,

271 698 53 32 till
346 698 143 38 myndig
510 698 91 32 ålder
623 698 131 38 komna,
779 698 149 38 godkänt
951 701 212 29 testamentet
1185 698 12 31 i
1221 697 230 33 föräldrarnas
1476 697 126 38 livstid,
1628 697 38 32 de
1692 695 83 34 dock

269 748 86 32 efter
379 748 138 32 enderas
543 748 63 32 död
631 748 30 38 ej
689 747 93 33 skola
807 760 82 20 vara
913 747 135 33 bundna
1073 759 43 20 av
1141 747 92 32 detta
1258 747 102 39 avtal,
1387 747 74 32 med
1486 747 128 32 mindre
1641 746 38 33 de
1707 746 68 32 fått

272 798 138 39 skäligt
430 798 178 39 vederlag”,
631 799 137 32 varmed
790 799 105 38 enligt
916 799 144 31 motiven
1083 798 89 33 skall
1194 799 125 32 förstås
1343 797 146 34 förskott
1510 798 19 32 å
1551 810 60 20 arv
1633 801 142 29 motsva-

269 849 99 32 rande
392 849 262 38 laglottsrätten.

310 896 98 36 Även
426 899 105 33 andra
549 899 63 32 fall
630 904 41 27 än
690 899 152 33 inbördes
860 902 218 30 testamenten
1096 899 122 32 mellan
1238 899 61 32 den
1318 898 368 39 laglottsberättigades
1708 898 64 32 för-

269 951 114 32 äldrar
402 950 114 32 kunna
536 950 65 32 lätt
619 950 133 40 tänkas,
773 951 11 31 i
804 950 93 32 vilka
918 962 38 20 en
979 950 288 38 lagbestämmelse
1288 961 51 21 om
1362 949 220 38 ogiltigheten
1605 961 42 20 av
1669 949 105 32 bröst-

268 1001 156 38 arvinges
449 1000 242 39 godkännande
716 1012 42 20 av
782 1003 212 29 testamentet
1018 1000 109 32 skulle
1152 999 103 33 verka
1280 999 152 33 stötande
1456 999 81 32 eller
1560 1003 73 28 rent
1657 1011 42 20 av
1724 999 49 32 så-

268 1051 101 32 rande
391 1051 54 32 för
467 1051 240 32 rättskänslan.
752 1051 61 32 Om
834 1050 200 39 exempelvis
1056 1062 39 20 en
1118 1050 107 40 fader,
1247 1062 68 20 som
1337 1051 44 37 på
1402 1050 87 38 goda
1510 1050 147 38 grunder
1679 1061 96 21 anser

269 1102 50 32 sin
346 1113 58 21 son
432 1101 161 39 olämplig
620 1104 52 30 att
698 1102 147 32 förvalta
871 1113 40 20 en
938 1104 69 29 stor
1033 1101 241 39 förmögenhet,
1302 1101 87 32 efter
1417 1104 51 29 att
1494 1100 87 33 hava
1609 1100 85 38 sörjt
1722 1100 53 31 för

271 1164 115 21 sonens
406 1152 225 38 fullständiga
648 1152 192 38 utbildning
858 1152 54 32 för
929 1155 47 29 ett
993 1151 158 39 lämpligt
1169 1151 210 33 levnadskall
1397 1151 60 32 och
1475 1151 178 32 därutöver
1671 1151 12 32 i
1702 1150 73 33 skä-

268 1203 49 38 lig
344 1203 206 38 omfattning
577 1206 143 35 tryggat
746 1203 83 32 hans
857 1202 215 33 ekonomiska
1099 1202 145 32 existens
1273 1202 54 32 för
1355 1201 192 40 framtiden,
1575 1201 12 32 i
1614 1200 161 33 samband

269 1254 136 32 härmed
433 1253 285 33 överenskommer
746 1253 73 32 med
848 1265 98 20 sonen
975 1256 50 29 att
1052 1252 103 33 denne
1184 1252 89 32 skall
1300 1252 179 39 godkänna
1507 1255 47 29 ett
1582 1263 42 21 av
1653 1251 119 32 fadern

268 1307 178 35 upprättat
466 1307 195 29 testamente
685 1303 54 32 för
760 1306 47 29 ett
829 1302 257 38 allmännyttigt
1108 1302 166 39 ändamål,
1296 1302 106 32 ehuru
1426 1314 115 20 sonens
1565 1302 210 38 laglottsrätt

268 1355 192 38 härigenom
488 1353 210 40 inskränkes,
727 1353 107 32 skulle
862 1353 55 32 det
944 1353 169 32 allmänna
1141 1352 320 32 rättsmedvetandet
1488 1352 190 38 säkerligen
1707 1364 68 20 rea-

268 1417 89 27 gera,
384 1417 53 20 om
463 1416 97 21 sonen
586 1404 75 32 med
687 1404 74 32 stöd
787 1415 42 21 av
855 1404 61 31 den
942 1415 67 27 nya
1035 1403 98 38 lagen
1160 1403 108 32 skulle
1295 1403 87 32 efter
1409 1402 135 33 faderns
1572 1402 64 32 död
1662 1402 111 32 kunna

268 1456 100 38 bryta
391 1456 61 32 sitt
474 1455 59 32 ord
555 1455 60 33 och
636 1454 146 32 utkräva
804 1454 172 39 laglotten,
998 1453 129 33 kanske
1149 1453 55 32 till
1226 1453 60 33 sitt
1308 1456 76 35 eget
1407 1453 148 33 fördärv.

312 1506 48 32 På
382 1506 111 39 grund
515 1518 41 20 av
579 1517 45 20 nu
647 1505 143 32 anförda
813 1504 74 33 skäl
911 1504 111 32 finner
1045 1503 166 33 utskottet
1234 1504 52 38 sig
1311 1503 192 33 förhindrat
1525 1507 52 29 att
1599 1503 175 39 tillstyrka

269 1557 60 32 den
353 1557 144 38 ändring
520 1557 13 31 i
555 1568 44 20 nu
622 1555 158 39 gällande
804 1559 68 28 rätt
894 1554 226 39 lagförslaget
1142 1555 44 38 på
1209 1554 264 38 ifrågavarande
1496 1554 108 39 punkt
1628 1554 147 32 innehål-

269 1608 58 32 ler.
369 1604 34 35 Å
423 1607 105 32 andra
548 1606 96 33 sidan
664 1611 38 27 är
721 1606 183 32 emellertid
923 1605 165 32 utskottet
1108 1605 73 32 icke
1201 1605 107 32 berett
1327 1608 51 29 att
1397 1616 117 27 genom
1534 1617 39 20 en
1595 1604 181 39 strykning

269 1670 41 20 av
331 1658 107 32 andra
457 1657 147 40 punkten
625 1657 13 32 i
659 1657 108 32 första
789 1656 133 38 stycket
941 1668 43 20 av
1005 1658 17 30 2
1046 1655 19 39 8
1087 1655 153 33 förklara
1261 1659 51 29 att
1332 1655 93 39 varje
1447 1655 173 39 avsägelse
1642 1667 42 20 av
1705 1655 70 38 lag-

272 1710 192 32 lottsrätten
484 1709 87 33 skall
588 1720 83 20 vara
690 1708 166 38 gällande.
876 1707 94 32 Ovan
988 1707 87 32 hava
1096 1707 100 32 redan
1215 1707 131 32 anförts
1366 1707 92 32 vissa
1478 1706 210 39 synpunkter
1708 1718 68 21 som

268 1759 80 33 böra
370 1759 134 33 komma
526 1758 103 32 under
653 1757 230 39 övervägande
908 1758 108 31 såsom
1038 1756 174 33 korrektiv
1235 1760 68 29 mot
1326 1756 169 33 missbruk
1519 1769 41 20 av
1583 1769 39 19 en
1646 1756 130 38 lagfäst

270 1810 217 42 avtalsfrihet
517 1810 43 38 på
590 1808 263 39 ifrågavarande
884 1807 144 33 område.
1082 1804 97 36 Även
1211 1807 105 33 andra
1347 1807 286 38 omständigheter
1663 1806 112 33 kunna

269 1861 56 32 vid
351 1873 40 20 en
418 1860 218 38 omläggning
663 1871 42 20 av
733 1858 200 39 stadgandet
960 1858 150 38 förtjäna
1136 1861 52 29 att
1214 1862 97 34 tagas
1338 1858 105 32 under
1470 1857 241 41 övervägande,
1740 1858 37 31 så

268 1911 135 39 mycket
426 1923 91 20 mera
541 1922 68 21 som
632 1909 221 33 utfärdandet
877 1921 41 20 av
942 1908 169 33 särskilda
1135 1908 107 39 regler
1265 1909 12 31 i
1301 1912 110 29 ämnet
1434 1908 153 38 tydligen
1612 1913 38 27 är
1674 1911 103 35 ägnat

272 1965 49 29 att
341 1962 120 32 bereda
482 1961 205 32 allmännare
707 1960 106 32 insikt
834 1972 51 20 om
906 1959 239 38 tillåtligheten
1167 1971 42 20 av
1230 1958 262 39 ifrågavarande
1514 1959 87 32 form
1623 1971 41 20 av
1685 1970 91 21 arvs-

269 2012 91 32 avtal
385 2012 62 32 och
472 2012 192 38 därigenom
689 2016 83 27 även
797 2010 86 32 ökad
908 2009 215 39 användning
1149 2022 41 20 av
1217 2010 201 32 densamma.
1466 2009 120 39 Någon
1612 2008 164 33 avsevärd

273 2063 177 39 olägenhet
470 2076 42 19 av
531 2066 51 29 att
600 2062 106 33 under
727 2067 86 27 ännu
834 2062 104 38 några
959 2061 37 32 få
1017 2062 36 31 år
1072 2080 45 4 —
1137 2061 71 33 tills
1229 2061 190 32 återstoden
1440 2073 42 20 av
1504 2060 272 33 successionsrät-

269 2118 55 28 ten
346 2117 167 35 upptages
537 2113 54 32 till
614 2112 143 32 revision
778 2131 45 4 —
846 2111 207 39 regleringen
1078 2123 42 20 av
1143 2123 45 20 nu
1211 2110 263 39 ifrågavarande
1498 2110 165 39 spörsmål
1686 2114 90 28 över-

270 2165 84 32 låtes
381 2165 36 31 åt
444 2163 214 40 rättspraxis,
685 2162 93 33 torde
805 2162 149 33 däremot
979 2162 30 38 ej
1036 2161 115 33 kunna
1177 2161 152 38 angivas.
1378 2161 54 33 Då
1460 2161 183 32 detsamma
1670 2160 107 39 gäller

270 2227 51 20 om
344 2215 118 38 övriga
483 2215 13 31 i
518 2214 165 38 förslaget
704 2213 55 32 till
780 2213 56 38 lag
859 2225 51 20 om
933 2212 172 33 arvsavtal
1127 2215 175 35 upptagna
1324 2216 119 28 ämnen
1465 2211 60 33 och
1547 2223 38 20 en
1609 2211 168 38 reglering

272 2266 11 31 i
297 2265 57 38 lag
368 2278 42 19 av
427 2265 157 38 samtliga
599 2264 97 33 dessa
712 2264 164 39 spörsmål
891 2275 99 26 synes
1004 2263 80 32 böra
1100 2262 57 33 ske
1173 2263 12 31 i
1199 2266 48 29 ett
1264 2262 250 39 sammanhang,
1531 2262 112 32 finner
1659 2262 53 38 sig
1727 2268 50 25 ut-

271 2315 124 33 skottet
413 2316 80 32 böra
512 2315 178 32 hemställa
709 2327 50 20 om
779 2314 118 39 avslag
916 2315 20 31 å
954 2325 45 21 nu
1018 2313 220 32 förevarande
1257 2313 222 38 lagförslag.»

314 2400 46 38 B)
385 2403 50 29 att
454 2399 181 33 utskottets
657 2399 157 38 yttrande
834 2404 77 27 över
930 2398 205 32 motionerna
1156 2410 51 20 om
1227 2397 246 37 inskränkning
1493 2397 12 31 i
1526 2397 251 38 laglottsrätten

270 2451 12 32 i
300 2450 114 33 stället
433 2450 54 32 för
505 2450 162 38 styckena
684 2450 20 31 å
723 2449 62 33 sid.
804 2450 145 31 12-—14:
985 2448 89 32 »Vid
1093 2449 195 37 arvslagens
1306 2447 166 33 tillkomst
1512 2467 21 3 —
1561 2466 32 4 —
1619 2466 32 3 —
1680 2466 29 3 —
1739 2465 39 4 —

274 2501 181 39 anledning
473 2514 41 20 av
533 2502 227 32 motionerna»
780 2501 102 32 måtte
902 2500 127 33 erhålla
1050 2500 149 38 följande
1219 2499 143 39 lydelse:
