1902 2778
297 140 64 31 104
649 137 297 35 Statsutskottets
966 138 186 35 utlåtande
1174 152 42 21 nr
1236 141 23 32 8
1281 139 39 34 år
1342 141 90 32 1960

939 323 208 42 Diverse

347 440 116 41 143:o)
490 440 240 44 Ersättning
759 441 62 34 till
853 442 155 34 statens
1040 442 201 35 allmänna
1271 442 337 44 fastighetsfond:
1643 443 142 34 Slotts-

298 492 307 43 byggnadernas
625 494 172 34 delfond.
816 495 241 43 Ersättning
1075 496 62 34 till
1156 497 155 33 statens
1331 496 200 34 allmänna
1550 496 236 43 fastighets-

298 545 116 34 fond:
434 546 438 44 Byggnadsstyrelsens
889 548 172 34 delfond.
1079 549 240 43 Ersättning
1335 549 61 34 till
1413 550 156 33 statens
1586 550 201 34 allmänna

298 598 337 44 fastighetsfond:
665 600 178 43 Uppsala
868 602 259 34 universitets
1153 601 173 35 delfond.
1352 602 241 43 Ersättning
1617 603 62 33 till
1705 604 81 33 sta-

298 649 91 35 tens
406 651 200 34 allmänna
622 652 337 43 fastighetsfond:
978 654 135 34 Lunds
1130 654 260 35 universitets
1407 655 173 34 delfond.
1597 655 19 34 I
1633 655 154 43 enlighet

298 705 82 33 med
400 703 132 44 Kungl.
552 704 128 43 Maj:ts
700 705 130 44 förslag
853 706 130 43 (punkt
1004 710 77 37 321,
1101 720 28 22 s.
1151 708 94 42 748),
1266 707 110 35 vilket
1397 708 145 34 innebär
1563 708 223 35 beträffande

298 755 62 35 det
382 756 245 36 förstnämnda
650 759 158 42 anslaget
831 771 43 22 en
897 759 146 44 höjning
1065 761 81 34 med
1172 764 41 30 12
1228 765 65 30 000
1316 761 140 40 kronor,
1480 761 222 35 beträffande
1726 763 62 33 det

298 809 113 35 andra
437 811 157 42 anslaget
619 824 43 22 en
687 811 148 44 höjning
859 814 81 33 med
965 816 21 30 4
1003 816 62 31 146
1081 817 66 31 000
1172 814 140 41 kronor,
1337 814 224 35 beträffande
1588 815 59 34 det
1673 815 113 43 tredje

299 862 160 43 anslaget
477 876 42 21 en
538 864 146 43 höjning
702 865 80 34 med
801 868 67 31 289
883 869 66 31 000
968 866 129 34 kronor
1116 867 65 34 och
1201 867 224 35 beträffande
1445 868 60 34 det
1524 868 85 34 sista
1629 868 159 43 anslaget

298 926 43 23 en
360 916 148 44 höjning
525 918 81 33 med
626 921 65 31 209
706 921 65 31 000
790 918 142 42 kronor,
950 919 202 34 hemställer
1171 920 189 41 utskottet,

663 983 56 30 att
736 979 187 43 riksdagen
940 981 60 33 må
1016 981 55 34 för
1089 981 210 43 budgetåret
1320 983 154 43 1960/61
1495 983 123 34 anvisa

663 1042 35 42 a)
725 1042 53 34 till
806 1042 209 44 Ersättning
1046 1044 53 34 till
1128 1049 136 30 statens
1293 1045 179 34 allmänna
1500 1045 288 43 fastighetsfond:

618 1093 383 44 Slottsbyggnadernas
1030 1096 145 42 delfond
1204 1102 54 29 ett
1287 1097 271 44 förslagsanslag
1587 1110 46 23 av
1662 1102 42 30 41
1721 1103 66 31 000

616 1146 140 42 kronor;

663 1210 37 42 b)
728 1210 53 34 till
809 1210 209 44 Ersättning
1048 1212 53 34 till
1129 1217 137 30 statens
1294 1213 179 34 allmänna
1500 1214 288 42 fastighetsfond:

618 1260 382 45 Byggnadsstyrelsens
1014 1265 144 42 delfond
1172 1270 53 29 ett
1239 1264 270 45 förslagsanslag
1523 1278 46 23 av
1585 1270 41 32 19
1642 1271 64 31 169
1721 1271 66 31 000

617 1316 140 40 kronor;

663 1379 32 42 c)
723 1378 53 34 till
805 1379 209 43 Ersättning
1045 1380 53 36 till
1127 1385 137 30 statens
1293 1381 179 35 allmänna
1500 1382 288 43 fastighetsfond:

622 1429 155 43 Uppsala
791 1431 228 36 universitets
1033 1433 145 43 delfond
1192 1439 53 29 ett
1259 1433 271 45 förslagsanslag
1545 1447 46 23 av
1606 1439 20 30 2
1641 1439 63 31 031
1721 1440 66 31 000

617 1482 140 42 kronor;

663 1545 37 44 d)
728 1546 53 34 till
808 1547 210 43 Ersättning
1047 1548 54 34 till
1129 1552 136 31 statens
1294 1549 179 35 allmänna
1500 1550 288 43 fastighetsfond:

616 1596 122 37 Lunds
759 1598 227 36 universitets
1007 1599 145 43 delfond
1172 1606 54 30 ett
1247 1601 270 45 förslagsanslag
1539 1615 46 22 av
1608 1607 98 31 1573
1721 1609 66 31 000

617 1649 140 37 kronor.

347 1766 115 42 144:0)
489 1766 240 46 Ersättning
755 1768 63 35 till
845 1769 307 36 domänverkets
1180 1770 98 34 fond
1304 1771 66 34 för
1397 1769 190 45 upplåten
1613 1770 127 34 mark.
1768 1770 20 34 I

298 1817 156 43 enlighet
473 1820 80 34 med
573 1819 133 44 Kungl.
726 1820 130 44 Maj:ts
877 1821 130 44 förslag
1030 1822 130 43 (punkt
1182 1826 77 38 322,
1280 1835 27 22 s.
1329 1824 96 42 748),
1447 1823 110 34 vilket
1577 1823 146 34 innebär
1744 1835 44 22 en

298 1870 343 46 anslagsminskning
657 1874 81 34 med
758 1877 19 30 3
792 1877 66 32 300
877 1874 140 41 kronor,
1035 1875 203 35 hemställer
1256 1876 190 41 utskottet,

661 1931 56 29 att
738 1927 187 43 riksdagen
946 1928 60 34 må
1026 1929 53 33 till
1101 1928 208 44 Ersättning
1332 1930 53 34 till
1407 1929 273 34 domänverkets
1700 1929 88 43 fond

615 1978 56 42 för
691 1979 173 42 upplåten
884 1981 102 34 mark
1007 1980 56 35 för
1083 1981 212 43 budgetåret
1319 1982 154 44 1960/61
1498 1982 123 35 anvisa
1643 1987 53 30 ett
1718 1982 69 34 för-

615 2031 215 45 slagsanslag
851 2045 46 22 av
919 2037 43 30 22
978 2037 64 32 100
1064 2034 140 36 kronor.

345 2139 116 42 1453:0)
489 2138 184 43 Sveriges
690 2139 233 45 anslutning
940 2140 61 34 till
1017 2140 111 35 vissa
1145 2141 324 35 internationella
1484 2142 304 44 vetenskapliga

298 2190 421 44 sammanslutningar.
746 2192 19 33 I
791 2192 154 42 enlighet
971 2193 81 34 med
1078 2193 133 43 Kungl.
1237 2193 128 43 Maj:ts
1392 2193 131 44 förslag
1552 2194 130 44 (punkt
1709 2199 78 37 323,

298 2255 28 23 s.
342 2247 67 31 749
425 2244 66 34 och
507 2244 207 43 750),vilket
729 2244 147 34 innebär
891 2257 44 22 en
951 2245 285 44 anslagshöjning
1251 2247 81 34 med
1350 2250 16 31 1
1383 2251 67 30 000
1465 2247 139 42 kronor,
1620 2248 167 34 hemstäl-

296 2296 50 35 ler
366 2297 190 41 utskottet,

661 2354 55 30 att
736 2350 187 43 riksdagen
942 2351 60 34 må
1020 2351 53 34 till
1093 2351 159 43 Sveriges
1272 2352 203 43 anslutning
1496 2353 52 34 till
1568 2354 93 34 vissa
1681 2354 105 35 inter-

613 2401 192 36 nationella
828 2403 267 43 vetenskapliga
1118 2405 360 42 sammanslutningar
1499 2406 54 33 för
1576 2406 211 44 budgetåret

618 2455 153 44 1960/61
792 2455 124 35 anvisa
934 2461 53 30 ett
1003 2456 270 45 förslagsanslag
1290 2470 46 22 av
1354 2462 43 30 38
1412 2462 66 31 000
1496 2459 138 35 kronor.
