1928 2774
284 152 63 30 114
634 148 296 35 Statsutskottets
950 149 187 36 utlåtande
1159 162 43 22 nr
1221 153 23 31 8
1266 150 39 34 år
1327 152 89 32 1960

332 243 16 17 »
351 229 190 34 Utskottet
558 228 59 34 vill
633 228 177 43 härjämte
826 230 113 33 erinra
956 242 58 21 om
1031 229 44 34 de
1091 229 211 34 uttalanden
1318 229 12 34 i
1346 233 120 31 ämnet
1483 242 77 22 som
1577 235 118 29 senast
1711 230 60 34 vid

287 285 86 30 1959
395 282 55 33 års
469 281 144 43 riksdag
631 281 111 43 gjorts
763 294 46 22 av
829 283 272 33 statsutskottet
1120 295 58 21 om
1198 282 313 43 nödvändigheten
1532 295 45 22 av
1597 295 43 22 en
1661 284 110 34 sådan

285 334 198 43 utredning,
502 339 56 29 att
576 335 185 42 riksdagen
780 335 109 34 skulle
907 336 124 33 kunna
1048 335 93 34 fatta
1160 336 115 33 beslut
1293 348 59 21 om
1370 336 68 33 den
1455 336 213 43 långsiktiga
1685 337 86 34 mål-

284 387 202 43 sättningen
508 387 55 34 för
583 400 42 21 en
646 387 202 44 minskning
868 400 46 22 av
935 389 214 34 elevantalet
1169 390 11 33 i
1201 389 179 33 klasserna
1401 394 93 28 samt
1516 401 58 22 om
1596 389 176 34 formerna

284 440 54 34 för
355 441 60 34 det
432 440 197 34 successiva
646 441 291 42 genomförandet
955 454 46 21 av
1018 453 44 22 en
1080 441 110 34 sådan
1207 441 212 43 minskning.
1436 442 130 33 Denna
1583 442 189 43 utredning

284 494 64 33 bör
369 493 108 43 enligt
499 494 196 34 utskottets
717 494 143 42 mening
880 507 48 21 nu
952 494 236 43 färdigställas
1212 495 38 33 så
1273 500 55 28 att
1350 494 219 43 proposition
1592 495 11 33 i
1627 495 144 34 ärendet

283 547 71 33 kan
373 546 194 43 föreläggas
588 550 83 31 1961
694 548 55 33 års
768 547 151 43 riksdag.

328 608 189 34 Utskottet
536 609 159 33 kommer
714 609 111 34 under
844 609 161 43 punkten
1025 613 41 29 41
1090 614 55 30 att
1164 609 163 34 redovisa
1346 609 76 35 sina
1441 610 131 42 förslag
1590 610 53 33 till
1662 610 109 43 enligt

282 662 195 34 utskottets
500 661 233 43 uppfattning
753 674 48 22 nu
824 662 227 42 nödvändiga
1073 662 224 34 delreformer
1317 662 111 42 jämte
1451 662 320 44 medelsanvisning

283 714 54 34 för
355 714 292 43 genomförandet
666 727 46 21 av
731 715 101 34 dessa
851 715 113 34 under
982 718 104 31 nästa
1106 714 204 44 budgetår.»

329 774 73 35 dels
419 776 66 34 ock
505 780 56 30 att
579 775 195 35 utskottets
792 776 211 35 hemställan
1022 777 111 34 under
1151 777 50 34 II.
1219 777 82 34 bort
1319 778 47 33 ha
1384 777 156 43 följande
1559 778 142 43 lydelse:

647 837 70 35 »II.
738 843 56 29 att
814 838 185 43 riksdagen
1020 839 70 40 må,
1111 839 11 34 i
1143 838 188 44 anledning
1351 851 46 22 av
1417 839 222 34 motionerna
1659 840 30 34 I:
1704 843 65 31 260

602 891 65 34 och
697 891 50 34 II:
763 895 65 30 318
860 897 92 29 samt
983 892 82 34 med
1096 891 98 35 bifall
1226 891 52 34 till
1309 892 223 35 motionerna
1561 893 31 33 TI:
1607 896 63 30 261
1704 893 66 34 och

601 944 49 33 II:
665 947 78 38 319,
770 945 221 34 sistnämnda
1017 945 65 34 två
1107 945 174 34 motioner
1308 945 111 35 såvitt
1444 958 48 21 nu
1520 949 39 30 är
1585 946 11 33 i
1622 945 110 44 fråga,
1759 947 11 32 i

600 996 165 35 skrivelse
785 997 53 34 till
858 997 132 43 Kungl.
1011 998 111 42 Maj:t
1141 998 187 34 hemställa
1348 1011 58 21 om
1426 999 190 42 utredning
1636 1011 45 22 av
1701 999 68 34 frå-

599 1061 69 31 gan
685 1050 148 34 rörande
852 1050 174 43 sänkning
1044 1063 46 22 av
1108 1051 213 34 elevantalet
1339 1052 12 33 i
1369 1052 179 34 klasserna
1567 1052 95 34 inom
1681 1052 88 34 folk-

601 1102 133 41 skolan,
750 1103 43 34 de
809 1103 178 34 allmänna
1002 1103 206 34 läroverken
1224 1104 66 34 och
1305 1105 145 34 därmed
1465 1104 201 44 jämförliga
1681 1106 88 34 läro-

600 1156 171 33 anstalter
792 1156 49 40 så,
863 1161 56 29 att
939 1155 131 44 förslag
1091 1157 11 34 i
1125 1157 145 34 ärendet
1291 1157 72 34 kan
1385 1157 194 43 föreläggas
1604 1162 84 30 1961
1714 1159 55 33 års

599 1208 152 43 riksdag,
775 1210 125 34 varvid
924 1210 99 34 såväl
1047 1210 67 33 den
1138 1222 96 22 mera
1258 1210 211 43 långsiktiga
1493 1211 276 43 målsättningen

600 1261 62 34 bör
678 1260 193 36 fastställas
890 1275 75 21 som
982 1262 177 35 formerna
1176 1262 54 34 för
1247 1263 235 43 sänkningens
1500 1264 196 35 successiva
1712 1277 57 31 ge-

598 1313 263 42 nomförande;»

326 1442 33 42 3)
387 1442 60 34 vid
471 1442 162 43 punkten
655 1445 40 38 41
727 1443 115 43 (Vissa
865 1443 496 44 förstärkningsanordningar
1383 1444 97 34 inom
1503 1444 263 44 skolväsendet)

281 1508 46 20 av
359 1495 78 34 herr
469 1496 151 39 Boman,
651 1496 87 35 Axel
768 1496 181 35 Johannes
979 1497 213 39 Andersson,
1224 1497 181 39 Edström,
1435 1497 150 40 Sundin,
1616 1497 152 43 Kaijser,

282 1548 173 34 Thorsten
478 1548 164 41 Larsson,
667 1549 183 43 Skoglund
875 1550 10 33 i
911 1550 232 43 Doverstorp,
1167 1550 178 34 Svensson
1370 1550 11 34 i
1407 1550 213 43 Stenkyrka,
1645 1550 123 35 fröken

278 1601 137 40 Elmén,
431 1601 124 34 fröken
571 1602 182 39 Karlsson,
769 1603 119 34 herrar
902 1603 176 39 Bohman,
1093 1603 152 34 Larsson
1260 1603 11 34 i
1287 1603 216 41 Hedenäset,
1518 1603 125 35 fröken
1660 1604 108 43 Vinge

278 1655 67 34 och
361 1655 78 33 herr
454 1655 127 39 Helén,
597 1655 96 34 vilka
709 1661 118 29 ansett
845 1661 54 29 att
917 1657 195 33 utskottets
1129 1657 169 42 yttrande
1315 1657 65 33 och
1396 1657 213 34 hemställan
1625 1657 81 35 bort
1721 1658 47 33 ha

278 1707 155 43 följande
456 1708 144 43 lydelse:

326 1787 16 16 »
345 1772 190 34 Utskottet
555 1772 95 34 delar
670 1772 67 34 den
757 1772 10 33 i
787 1773 221 33 motionerna
1027 1773 29 34 I:
1072 1776 63 31 261
1156 1773 67 34 och
1241 1773 50 34 II:
1307 1777 65 30 319
1392 1773 196 35 framförda
1606 1773 161 44 uppfatt-

278 1824 139 43 ningen,
438 1830 55 29 att
514 1825 44 34 de
579 1825 234 41 delreformer,
834 1825 165 43 syftande
1021 1826 52 34 till
1094 1838 43 22 en
1157 1826 203 43 minskning
1380 1839 45 21 av
1446 1827 225 40 elevantalet,
1692 1839 75 22 som

278 1881 39 31 är
341 1878 140 34 särskilt
506 1879 194 42 angelägna
724 1879 66 33 och
814 1878 118 34 därför
956 1891 49 22 nu
1030 1879 65 34 bör
1118 1879 232 42 genomföras,
1374 1880 12 33 1
1410 1879 112 35 första
1546 1880 96 34 hand
1667 1892 101 22 avser

278 1931 268 34 bestämmande
564 1943 46 22 av
625 1936 54 29 ett
694 1932 94 42 lägre
805 1932 210 42 delningstal
1032 1932 10 33 i
1059 1933 213 33 realskolans
1288 1933 127 42 högsta
1430 1933 94 34 klass
1542 1938 93 30 samt
1651 1933 11 34 i
1678 1933 88 35 folk-

278 1985 139 33 skolans
446 1984 333 42 slöjdavdelningar.
805 1985 233 34 Beträffande
1066 1986 214 33 realskolans
1307 1986 127 42 högsta
1460 1986 95 34 klass
1583 1987 64 33 bör
1677 1987 15 39 $
1722 1990 43 31 44

277 2050 107 22 mom.
400 2041 19 30 3
435 2038 11 33 i
460 2038 333 42 läroverksstadgan
809 2038 91 43 ånyo
916 2041 114 32 sättas
1045 2038 11 33 i
1071 2038 96 34 kraft
1182 2038 79 34 från
1276 2039 65 33 och
1356 2039 80 34 med
1452 2039 131 34 läsåret
1599 2039 168 44 1960/61.

276 2090 217 43 Härigenom
518 2091 159 33 kommer
702 2091 249 42 delningstalet
975 2091 12 33 i
1013 2091 115 34 denna
1153 2092 94 34 klass
1273 2096 56 29 att
1354 2092 76 33 åter
1454 2095 128 39 utgöra
1608 2096 54 32 30.
1688 2093 78 34 Vad

276 2144 108 41 gäller
402 2143 368 43 slöjdavdelningarna
790 2144 63 33 bör
873 2144 225 43 anvisningar
1117 2144 161 34 utfärdas
1298 2157 75 22 som
1392 2148 62 39 gör
1473 2145 61 34 det
1552 2145 140 43 möjligt
1711 2151 55 29 att

278 2197 110 34 sänka
404 2196 248 43 delningstalet
668 2196 54 35 för
739 2197 99 34 dessa
856 2196 229 44 avdelningar
1101 2197 10 33 i
1128 2197 198 35 folkskolan
1342 2198 66 34 och
1423 2199 48 42 på
1487 2198 278 35 försöksskolans

276 2250 287 34 mellanstadium
584 2249 77 34 från
683 2253 42 30 25
747 2250 53 34 till
821 2253 44 31 20
885 2250 166 35 likaledes
1072 2250 78 34 från
1171 2251 66 33 och
1257 2251 81 33 med
1358 2251 130 34 läsåret
1510 2251 169 44 1960/61.

322 2316 58 33 Då
402 2315 226 43 planeringen
651 2315 97 34 inom
771 2315 249 35 skolväsendet
1043 2315 53 35 för
1120 2315 211 43 budgetåret
1355 2315 154 45 1960/61
1536 2316 108 35 redan
1667 2317 98 35 kom-

276 2381 75 21 mer
370 2374 54 29 att
445 2381 86 21 vara
551 2369 98 41 långt
669 2368 233 35 framskriden
922 2368 60 34 vid
1003 2369 69 34 den
1091 2368 171 43 tidpunkt
1281 2368 186 44 riksdagen
1487 2369 114 34 fattar
1619 2370 116 35 beslut
1754 2370 11 33 i

276 2433 48 22 nu
344 2421 148 34 berörda
512 2421 111 43 fråga,
642 2421 101 34 torde
763 2421 43 34 de
826 2433 271 31 gynnsammare
1117 2421 255 43 delningstalen
1392 2422 126 35 endast
1538 2423 12 34 i
1570 2423 194 42 begränsad

276 2474 217 43 omfattning
514 2475 144 33 komma
681 2479 55 29 att
759 2475 121 33 kunna
902 2474 82 34 fullt
1007 2474 180 43 utnyttjas
1209 2475 113 34 under
1343 2475 297 35 nästkommande
1662 2477 102 34 läsår.
