1932 2782
482 148 297 35 Statsutskottets
800 147 187 35 utlåtande
1009 160 42 21 nr
1071 149 23 32 8
1115 147 40 33 år
1176 148 90 32 1960
1557 147 62 31 115

130 231 187 34 Utskottet
332 230 64 34 har
411 229 119 35 därför
544 228 119 35 funnit
678 227 61 35 det
753 227 204 42 tillräckligt
972 231 56 30 att
1042 225 54 36 för
1110 225 211 43 budgetåret
1338 223 154 45 1960/61
1509 224 111 34 räkna

130 284 80 34 med
231 296 42 23 en
293 282 306 42 kostnadsökning
618 281 54 34 för
693 280 203 35 ändamålet
916 292 47 21 av
982 280 104 42 högst
1106 282 20 30 2
1141 282 65 31 000
1220 282 67 30 000
1306 278 142 36 kronor.

175 340 121 34 Under
318 338 224 44 åberopande
564 350 45 22 av
632 337 70 34 vad
725 336 148 35 sålunda
896 336 136 34 anförts
1054 335 201 34 hemställer
1276 334 192 39 utskottet,

495 397 56 29 att
571 391 186 42 riksdagen
778 390 71 40 må,
870 390 11 33 i
903 388 190 43 anledning
1114 400 46 23 av
1179 387 223 35 motionerna
1422 386 31 34 I:
1468 389 64 31 261
1556 385 66 35 och

449 446 49 33 II:
514 448 77 37 319,
613 444 111 35 såvitt
745 456 49 21 nu
816 446 39 31 är
875 443 11 33 i
908 442 111 43 fråga,
1040 442 53 34 till
1117 441 99 35 Vissa
1236 438 385 45 förstärkningsanord-

448 499 125 42 ningar
586 498 97 33 inom
697 496 250 35 skolväsendet
962 496 54 34 för
1031 495 210 43 budgetåret
1257 493 155 44 1960/61
1431 492 122 35 anvisa
1569 497 53 29 ett

449 551 358 42 reservationsanslag
829 562 46 22 av
898 553 20 30 2
933 553 66 30 000
1013 552 66 31 000
1102 549 159 33 kronor.»

178 666 34 41 6)
240 664 60 34 vid
317 664 163 43 punkten
497 664 45 39 48
562 660 390 45 (Läroboksnämnden)
974 671 46 22 av
1037 659 119 34 herrar
1172 658 150 38 Boman,
1340 656 87 35 Axel
1467 656 156 34 Johannes

131 718 212 38 Andersson,
369 716 181 39 Edström,
576 715 124 34 fröken
727 713 137 41 Elmén,
891 713 124 34 fröken
1044 711 108 43 Vinge
1178 711 66 34 och
1270 711 80 34 herr
1375 709 126 39 Helén,
1528 709 95 34 vilka

132 776 119 30 ansett
271 775 56 30 att
347 769 180 35 utskottet
548 769 81 34 bort
648 768 48 43 på
718 768 42 33 de
782 779 46 22 av
848 766 264 34 motionärerna
1132 763 149 36 anförda
1302 763 122 35 skälen
1444 762 179 44 tillstyrka

132 824 98 35 bifall
253 824 52 34 till
328 823 181 35 motionen
532 822 50 34 II:
596 825 67 30 460
687 827 93 28 samt
803 825 55 29 att
881 819 120 35 därför
1022 819 196 34 utskottets
1240 816 213 35 hemställan
1474 815 81 35 bort
1576 815 48 34 ha

132 878 155 42 följande
307 877 144 44 lydelse:
615 911 6 6 .
1027 908 7 6 .
1141 907 6 6 .
1275 906 7 7 .

498 916 76 30 »att
596 910 186 43 riksdagen
804 910 70 39 må,
896 909 81 33 med
1001 908 98 34 bifall
1121 907 53 35 till
1196 911 181 30 motionen
1399 905 51 34 II:
1464 908 79 37 460,
1565 904 58 34 be-

451 966 94 33 sluta
568 969 57 30 att
648 964 99 34 avslå
769 963 134 42 Kungl.
926 961 130 43 Maj:ts
1079 960 130 43 förslag
1230 972 59 22 om
1313 959 123 43 anslag
1458 958 55 34 för
1535 957 89 35 bud-

451 1018 136 42 getåret
611 1017 154 43 1960/61
791 1016 52 34 till
865 1014 376 35 läroboksnämnden.»

180 1111 34 42 7)
243 1109 59 34 vid
321 1108 162 44 punkten
503 1109 44 38 54
570 1105 263 45 (Studiebidrag
852 1104 66 34 och
938 1102 204 44 stipendier)

180 1182 33 42 a)
243 1193 44 22 av
310 1181 119 33 herrar
451 1178 153 42 Kaijser,
625 1176 184 44 Skoglund
830 1176 11 33 i
863 1176 234 42 Doverstorp,
1119 1174 123 34 fröken
1264 1172 173 34 Karlsson
1459 1171 65 35 och
1546 1171 80 34 herr

135 1235 173 38 Bohman,
335 1233 96 34 vilka
458 1237 119 30 ansett
602 1236 56 30 att
683 1231 180 34 utskottet
889 1230 82 33 bort
996 1228 180 42 tillstyrka
1200 1226 99 35 bifall
1324 1225 54 35 till
1404 1224 222 35 motionerna

135 1289 29 33 I:
179 1292 66 30 259
267 1288 65 33 och
354 1287 50 33 II:
420 1289 78 36 317,
520 1285 111 35 såvitt
651 1297 49 21 nu
723 1287 39 31 är
782 1283 11 34 i
814 1283 111 42 fråga,
946 1282 67 34 och
1035 1286 56 29 att
1111 1280 53 35 till
1186 1280 88 42 följd
1296 1279 112 34 därav
1429 1279 196 34 utskottets

135 1341 210 34 hemställan
365 1339 112 35 under
494 1339 30 33 I.
543 1339 79 33 bort
641 1338 47 33 ha
706 1336 156 43 följande
880 1335 144 43 lydelse:

503 1392 50 33 »I.
578 1396 55 29 att
654 1390 186 42 riksdagen
860 1390 71 38 må,
950 1389 12 33 i
983 1387 188 42 anledning
1191 1399 45 21 av
1255 1386 134 42 Kungl.
1408 1384 129 42 Maj:ts
1557 1384 69 34 för-

455 1446 74 41 slag
550 1450 93 28 samt
664 1443 223 34 motionerna
908 1442 30 33 I:
953 1445 66 30 366
1042 1440 66 34 och
1129 1440 50 33 II:
1193 1443 66 30 467
1283 1442 169 31 ävensom
1473 1437 81 35 med
1576 1437 51 34 bi-

454 1498 60 34 fall
541 1497 52 34 till
619 1496 223 35 motionerna
867 1495 30 34 I:
912 1498 66 30 259
1006 1494 65 33 och
1096 1493 50 33 II:
1161 1496 77 36 317,
1265 1491 163 43 samtliga
1454 1490 174 34 motioner

456 1551 111 34 såvitt
580 1563 48 21 nu
645 1553 39 31 är
698 1550 11 33 i
725 1549 108 42 fråga,
849 1548 53 34 till
917 1546 248 42 Studiebidrag
1182 1545 65 34 och
1262 1543 194 44 stipendier
1469 1543 54 34 för
1538 1543 88 35 bud-

454 1605 137 42 getåret
622 1602 154 44 1960/61
810 1601 124 34 anvisa
964 1605 53 29 ett
1048 1598 269 44 förslagsanslag
1346 1610 46 21 av
1423 1600 43 31 60
1481 1600 65 31 070
1560 1600 66 31 000

454 1659 161 37 kronor;»

183 1734 36 42 b)
248 1746 44 21 av
312 1734 119 33 herrar
450 1731 147 39 Sundin,
620 1730 172 34 Thorsten
811 1729 164 38 Larsson,
995 1728 176 34 Svensson
1190 1726 10 34 i
1220 1726 203 43 Stenkyrka
1442 1726 65 34 och
1526 1725 101 34 Lars-

137 1799 61 22 son
220 1787 10 33 i
250 1787 215 38 Hedenäset,
486 1784 94 34 vilka
601 1788 118 29 ansett
739 1787 54 29 att
814 1782 180 34 utskottet
1013 1781 82 34 bort
1113 1780 179 42 tillstyrka
1311 1779 99 34 bifall
1430 1779 52 34 till
1502 1779 125 34 motio-

138 1853 108 21 nerna
263 1840 30 33 I:
308 1843 65 30 366
392 1839 66 33 och
476 1838 50 33 II:
541 1841 78 35 467,
637 1838 10 33 i
666 1836 70 33 vad
755 1836 42 33 de
817 1847 82 22 avse
917 1833 375 42 medelsanvisningen,
1310 1833 66 33 och
1395 1837 55 29 att
1468 1832 53 34 till
1539 1831 89 43 följd

138 1894 110 33 därav
267 1893 196 33 utskottets
481 1889 211 35 hemställan
711 1888 112 34 under
840 1888 29 33 I.
888 1888 81 33 bort
987 1887 47 33 ha
1051 1885 155 43 följande
1224 1885 143 43 lydelse:

506 1944 50 32 »I.
581 1948 55 28 att
656 1941 186 43 riksdagen
862 1941 71 39 må,
953 1940 11 33 i
986 1938 187 43 anledning
1193 1951 46 21 av
1257 1938 134 43 Kungl.
1411 1937 129 43 Maj:ts
1560 1937 69 34 för-

457 1997 74 42 slag
546 2000 93 29 samt
655 1994 221 34 motionerna
892 1994 30 33 I:
938 1997 66 30 239
1020 1993 66 33 och
1102 1992 49 33 II:
1166 1995 66 30 317
1248 1994 169 31 ävensom
1433 1991 81 34 med
1530 1990 99 35 bifall

458 2050 52 33 till
530 2048 221 35 motionerna
769 2048 29 33 I:
814 2051 65 30 366
899 2047 65 33 och
984 2046 49 33 IT:
1048 2049 78 38 467,
1145 2044 163 43 samtliga
1326 2044 175 34 motioner
1519 2044 111 34 såvitt

458 2115 48 21 nu
523 2105 38 31 är
576 2102 10 33 i
603 2101 110 42 fråga,
729 2101 52 33 till
797 2099 249 41 Studiebidrag
1063 2098 64 34 och
1143 2097 192 43 stipendier
1350 2097 54 33 för
1420 2097 210 42 budgetåret

461 2154 152 43 1960/61
643 2154 124 33 anvisa
791 2158 53 28 ett
871 2152 269 42 förslagsanslag
1165 2163 45 21 av
1237 2154 42 31 72
1294 2153 66 31 070
1375 2154 66 31 000
1467 2150 161 40 kronor;»

186 2277 32 33 c)
247 2282 43 21 av
312 2269 118 33 herrar
450 2266 147 38 Sundin,
622 2265 169 33 Thorsten
815 2264 162 37 Larsson,
997 2262 175 33 Svensson
1193 2261 9 33 i
1223 2261 202 42 Stenkyrka
1445 2260 65 33 och
1530 2260 101 33 Lars-

141 2335 61 21 son
224 2323 9 32 i
254 2321 215 38 Hedenäset,
490 2319 95 33 vilka
605 2322 118 29 ansett
744 2321 55 29 att
818 2316 180 33 utskottet
1017 2315 81 33 bort
1118 2314 178 42 tillstyrka
1315 2313 98 34 bifall
1434 2313 52 33 till
1506 2312 126 34 motio-

141 2388 109 21 nerna
276 2375 29 32 I:
321 2377 65 30 366
414 2373 65 33 och
508 2372 141 35 II:467,
677 2370 9 32 i
716 2369 68 33 vad
813 2369 42 33 de
884 2380 82 21 avse
993 2367 174 42 prövning
1193 2379 45 21 av
1266 2365 273 43 studiebidrags-
1566 2365 66 34 och

143 2426 373 45 stipendiegivningen,
536 2424 65 33 och
622 2428 55 28 att
698 2422 50 34 till
769 2421 86 43 följd
877 2421 110 33 därav
1008 2420 194 33 utskottets
1222 2419 210 33 hemställan
1454 2418 110 34 under
1582 2418 51 33 II.

143 2483 76 33 bort
242 2481 43 33 ha
306 2479 156 42 följande
481 2477 142 44 lydelse:
