1906 2774
308 121 42 30 66
660 121 298 38 Statsutskottets
979 126 185 36 utlåtande
1185 140 43 21 nr
1248 131 23 31 8
1292 129 40 33 år
1353 132 90 32 1960

312 197 187 43 ändringar
515 220 45 4 —
577 212 44 22 av
639 200 155 44 följande
811 203 140 44 förslag,
969 206 175 43 nämligen
1165 209 32 42 1)
1218 209 128 43 utbyte
1364 222 45 22 av
1426 210 104 43 högst
1549 224 58 22 sex
1624 213 172 35 ordinarie

310 248 184 43 adjunkts-
515 253 65 33 och
601 254 366 44 ämneslärartjänster
988 258 60 35 vid
1068 259 155 44 inbyggd
1244 262 234 44 realskollinje
1498 270 77 29 mot
1596 266 74 34 s.k.
1691 268 105 42 utby-

310 302 215 43 testjänster,
545 307 35 41 2)
601 306 146 44 höjning
766 321 45 21 av
831 311 158 42 anslaget
1009 312 52 33 till
1079 312 476 44 korrespondensrealskolan
1575 319 11 33 i
1605 319 191 42 Björkviks

309 355 170 36 kommun
497 359 81 34 med
598 363 42 30 30
654 364 65 31 000
738 361 139 42 kronor,
898 365 34 42 3)
954 364 147 44 höjning
1119 378 46 21 av
1183 368 251 43 statsbidraget
1455 371 53 33 till
1527 371 189 35 lärarlöner
1735 374 60 34 vid

308 408 106 34 redan
434 411 454 46 statsbidragsberättigade
908 417 151 34 svenska
1077 418 116 35 skolor
1211 420 11 33 i
1241 421 162 34 utlandet
1423 424 81 33 med
1524 427 42 31 25
1582 429 65 31 000
1666 426 129 35 kronor

308 468 92 29 samt
421 465 35 41 4)
483 465 191 35 anvisande
696 479 46 22 av
763 468 112 34 medel
898 469 55 34 för
975 471 216 44 statsbidrag
1212 473 53 34 till
1286 474 240 36 kostnaderna
1547 477 55 34 för
1624 478 170 35 ATP-av-

308 515 103 41 gifter
440 517 67 34 och
535 518 270 43 kompensation
835 521 54 34 för
919 523 110 42 höjda
1058 524 391 46 folkpensionsavgifter
1477 531 83 33 med
1589 531 11 34 i
1630 538 82 28 runt
1743 534 49 33 tal

307 570 42 30 20
364 571 66 31 000
443 573 68 31 000
526 570 139 36 kronor.

349 621 232 37 Beträffande
607 625 41 33 de
675 627 240 34 automatiska
940 629 418 45 utgiftsförändringarna
1382 634 11 34 i
1418 637 174 33 avseende
1616 638 46 42 på
1686 639 106 34 lärar-

304 673 241 44 lönebidraget
564 676 164 44 framgår,
748 684 55 29 att
823 680 387 42 departementschefen
1230 685 89 34 efter
1339 692 55 29 att
1414 687 79 34 från
1513 689 278 37 länsskolnämn-

305 726 107 35 derna
429 729 46 33 ha
494 729 173 36 infordrat
685 732 178 42 uppgifter
881 746 59 22 om
960 736 174 34 storleken
1154 749 45 22 av
1218 738 61 34 det
1297 740 221 36 rekvirerade
1538 744 253 44 statsbidraget

304 778 53 34 för
372 780 317 44 redovisningsåret
709 786 155 43 1958/39
880 787 129 35 räknat
1026 789 80 34 med
1123 795 52 29 ett
1192 791 11 33 i
1220 796 90 29 stort
1326 798 69 29 sett
1413 793 205 37 oförändrat
1638 798 152 43 anslags-

303 832 115 36 behov
435 834 54 34 för
507 834 210 44 budgetåret
738 839 167 43 1960/61.

347 890 18 33 I
386 891 116 42 övrigt
525 904 100 22 avser
645 893 132 44 Kungl.
799 895 129 44 Maj:ts
950 896 130 45 förslag
1101 900 156 34 ändrade
1277 903 152 41 grunder
1451 903 55 34 för
1528 905 194 45 beräkning
1743 920 45 22 av

302 944 146 36 allmänt
468 946 211 46 driftbidrag
697 949 52 34 till
768 951 251 43 obligatoriska
1039 954 116 35 skolor
1172 957 81 34 med
1273 958 189 44 anledning
1480 972 46 22 av
1546 962 68 33 den
1634 974 45 23 av
1701 967 87 31 1959

303 1001 53 34 års
371 1002 142 44 riksdag
527 1004 181 35 beslutade
724 1006 228 45 avlösningen
967 1009 78 34 från
1060 1012 65 33 och
1140 1013 81 33 med
1237 1014 67 33 den
1322 1018 15 30 1
1354 1014 65 43 juli
1437 1019 87 32 1960
1540 1029 46 22 av
1601 1019 60 33 det
1677 1020 110 34 under

300 1056 107 36 femte
425 1059 228 35 huvudtiteln
671 1062 176 43 uppförda
866 1065 171 35 särskilda
1056 1067 156 43 anslaget
1231 1070 53 33 till
1302 1071 132 43 Bidrag
1452 1073 52 33 till
1524 1074 197 35 avlönande
1741 1088 46 22 av

299 1113 322 38 hemvårdarinnor.
645 1117 87 36 Med
755 1119 218 37 inräknande
998 1134 45 22 av
1065 1123 270 43 kompensation
1359 1127 54 34 för
1437 1129 101 34 detta
1562 1130 133 44 bidrag,
1722 1136 63 31 110

298 1168 138 42 kronor,
463 1170 145 37 erhålles
635 1173 154 43 följande
815 1175 318 37 kommunandelar
1158 1180 54 34 för
1238 1182 345 45 lärarlönebidraget,
1610 1188 174 43 nämligen

297 1227 66 33 450
383 1226 130 35 kronor
531 1227 55 35 för
604 1229 217 45 hyresgrupp
844 1236 30 37 1,
895 1236 66 32 690
982 1234 129 35 kronor
1130 1236 54 34 för
1203 1237 218 45 hyresgrupp
1443 1244 31 37 2,
1496 1245 66 30 870
1582 1242 129 35 kronor
1730 1244 54 33 för

296 1280 219 46 hyresgrupp
538 1288 31 36 3,
595 1289 15 29 1
629 1289 63 32 110
714 1287 129 35 kronor
865 1289 54 34 för
941 1290 218 45 hyresgrupp
1181 1297 21 30 4
1225 1294 66 34 och
1316 1299 98 31 1340
1436 1297 131 34 kronor
1589 1298 55 35 för
1665 1300 118 42 hyres-

295 1348 113 33 grupp
427 1343 32 31 5.
478 1340 59 34 Då
555 1341 314 43 kompensationen
888 1345 55 34 för
962 1346 60 34 det
1041 1347 170 43 indragna
1230 1349 159 44 bidraget
1409 1351 112 35 första
1539 1354 136 43 gången
1695 1356 87 34 skall

296 1394 86 42 utgå
399 1394 54 34 för
471 1396 97 34 tiden
587 1397 66 34 den
675 1402 15 29 1
709 1399 65 41 juli
794 1402 204 34 1960—den
1017 1407 43 30 30
1077 1403 77 43 juni
1175 1409 98 37 1961,
1292 1407 87 33 skall
1398 1409 43 33 de
1458 1421 72 30 nya
1549 1410 232 35 kommunan-

294 1449 142 35 delarna
458 1450 178 45 tillämpas
658 1453 77 34 från
758 1455 66 34 och
846 1457 81 34 med
951 1457 284 45 slutregleringen
1259 1474 45 21 av
1326 1463 332 46 lärarlönebidraget
1683 1480 98 22 avse-

294 1506 87 34 ende
401 1507 318 44 redovisningsåret
742 1513 167 42 1960/61.

336 1622 359 45 Skolöverstyrelsens
718 1626 129 44 förslag
870 1641 59 21 om
954 1633 55 30 att
1035 1630 71 34 dels
1131 1632 216 44 statsbidrag
1370 1634 88 34 skall
1484 1636 131 35 införas
1640 1638 54 33 för
1719 1652 59 21 an-

291 1677 178 36 ordnande
492 1692 46 22 av
559 1680 141 45 frivillig
721 1682 252 45 undervisning
994 1686 11 33 i
1027 1686 365 38 instrumentalmusik
1413 1691 67 34 och
1502 1693 162 44 solosång
1685 1702 93 28 samt

291 1732 10 33 i
316 1734 152 44 körsång
482 1736 47 42 på
544 1736 277 37 försöksskolans
837 1740 227 42 högstadium
1080 1743 109 43 enligt
1204 1756 136 23 samma
1357 1746 264 37 bestämmelser
1637 1763 75 21 som
1728 1764 48 21 nu

289 1787 106 41 gäller
421 1788 54 35 för
502 1792 226 36 anordnande
756 1807 46 22 av
828 1796 98 42 dylik
953 1798 251 44 undervisning
1231 1800 59 35 vid
1317 1802 178 35 allmänna
1522 1805 161 35 läroverk
1710 1808 66 34 och

288 1841 105 44 högre
410 1844 229 38 kommunala
657 1849 116 34 skolor
789 1852 80 33 med
886 1864 44 21 en
948 1853 180 36 beräknad
1144 1855 154 36 kostnad
1316 1869 46 22 av
1380 1862 66 30 695
1461 1863 66 31 000
1545 1860 139 43 kronor,
1703 1864 72 33 dels

287 1899 217 46 statsbidrag
520 1902 87 35 skall
626 1905 86 41 utgå
729 1906 52 33 till
799 1907 174 35 stiftelsen
991 1909 315 37 Kristofferskolan
1324 1915 80 33 med
1423 1918 44 31 20
1481 1919 67 31 000
1565 1917 129 35 kronor
1712 1919 63 34 har

287 1955 387 47 departementschefen
694 1961 75 34 icke
790 1962 140 36 biträtt.

329 2020 267 37 Statskontoret
612 2024 63 34 har
691 2025 64 34 här
773 2026 117 36 anfört
908 2028 168 44 följande.

329 2101 266 39 Statskontoret
611 2106 71 34 kan
700 2108 75 35 icke
794 2109 141 35 biträda
952 2111 166 44 förslaget
1136 2126 58 21 om
1213 2116 227 35 anordnande
1459 2130 46 22 av
1523 2120 248 42 statsbidrags-

283 2148 245 45 berättigande
550 2151 141 47 frivillig
712 2156 252 46 undervisning
985 2160 11 33 i
1018 2160 365 37 instrumentalmusik
1405 2165 66 34 och
1494 2166 162 44 solosång
1678 2174 92 28 samt

282 2196 151 46 körsång
449 2200 96 34 inom
562 2201 278 38 försöksskolans
857 2206 237 43 högstadium.

327 2245 18 33 I
362 2245 100 43 fråga
479 2260 59 21 om
555 2247 165 45 förslaget
738 2264 58 21 om
815 2252 124 44 bidrag
956 2254 53 34 till
1027 2255 315 37 Kristofferskolan
1361 2259 132 34 erinrar
1511 2262 257 34 statskontoret

282 2303 58 22 om
363 2298 53 29 ett
440 2294 148 43 tidigare
612 2297 184 36 utlåtande
820 2300 11 33 i
855 2299 124 44 frågan
1003 2302 109 43 enligt
1136 2304 110 34 vilket
1270 2310 53 29 ett
1347 2306 218 35 inordnande
1591 2321 45 21 av
1660 2311 108 40 sagda

282 2337 98 36 skola
400 2341 11 33 i
434 2341 61 34 det
518 2344 332 36 statsunderstödda
871 2348 442 44 undervisningsväsendet
1334 2353 76 34 icke
1434 2354 108 34 borde
1564 2358 204 41 övervägas,

280 2386 106 35 innan
403 2388 237 37 erfarenheter
656 2393 144 34 vunnits
817 2396 148 33 rörande
983 2397 43 33 de
1043 2397 140 42 slutliga
1199 2400 425 43 utbildningsresultaten.
