1920 2826
434 145 117 31 Andra
576 146 239 37 lagutskottets
840 144 176 32 utlåtande
1041 144 49 31 Nr
1114 145 61 36 27;
1201 143 141 37 bilagor.
1597 137 38 31 47

129 228 126 38 dantag
280 227 80 33 från
387 229 42 31 de
453 230 206 36 rättsregler,
686 239 74 21 som
786 230 91 36 gälla
902 229 54 31 för
983 229 66 31 den
1074 228 255 38 yrkesmässiga
1354 227 151 31 trafiken
1534 228 9 30 i
1570 228 59 30 all-

130 273 151 30 mänhet.

174 314 49 31 På
245 314 114 37 grund
384 324 43 21 av
450 314 67 30 vad
540 313 147 32 sålunda
712 314 134 31 anförts
871 314 115 30 finner
1008 313 51 37 sig
1082 313 246 37 länsstyrelsen
1351 313 84 30 böra
1460 312 173 37 tillstyrka

130 356 66 31 den
218 355 205 37 ifrågasatta
446 356 259 37 lagstiftningen
726 356 10 30 i
758 355 233 37 huvudsaklig
1013 356 343 30 överensstämmelse
1378 355 79 30 med
1479 355 67 30 vad
1570 354 63 31 här

131 408 89 21 ovan
244 399 187 36 andragits.

175 441 106 37 Visby
301 441 12 30 i
331 441 251 30 landskansliet
601 441 65 30 den
688 441 38 30 19
747 440 154 31 februari
924 441 95 30 1940.

708 525 89 31 OLA
822 524 230 31 JEPPSSON.

177 584 35 31 G.
236 584 37 31 A.
297 584 134 30 Broms.

1410 826 120 38 Bilaga
1554 826 37 31 E.

127 917 246 32 Länsstyrelsen
391 918 11 24 i
420 917 236 25 Kristianstads
675 917 59 25 län.

329 960 217 24 Landskansliet.

434 1047 93 30 Till
559 1046 282 37 riksdagens
874 1046 145 31 andra
1050 1046 279 37 lagutskott.

174 1106 113 31 Sedan
304 1107 246 35 länsstyrelsen
569 1114 123 28 genom
711 1105 106 38 nådig
836 1106 122 30 remiss
977 1106 69 30 den
1065 1106 20 30 9
1103 1105 154 31 februari
1279 1105 84 31 1940
1384 1104 185 32 anbefallts
1589 1108 49 28 att

129 1149 122 36 avgiva
275 1149 160 37 yttrande
458 1150 88 29 öven
567 1158 45 21 en
635 1149 95 30 inom
754 1148 111 32 andra
890 1149 206 29 kammaren
1119 1148 102 31 väckt
1245 1148 143 35 motion,
1414 1157 43 20 nr
1483 1148 72 35 146,
1580 1156 57 21 om

128 1191 235 36 upphävande
385 1191 112 30 under
517 1191 70 31 viss
609 1190 247 37 förutsättning
879 1191 65 30 och
968 1190 56 31 för
1047 1190 84 31 visst
1151 1189 144 31 område
1317 1200 42 21 av
1382 1189 162 31 förbudet
1566 1193 72 27 mot

128 1234 175 30 utövande
324 1243 44 21 av
392 1233 233 37 yrkesmässig
647 1233 116 36 trafik,
790 1232 103 32 såvitt
916 1231 109 38 angår
1049 1232 221 37 utnyttjande
1294 1242 43 21 av
1361 1231 242 31 motorfordon
1626 1232 11 29 i

129 1275 222 37 jordbrukets
373 1275 116 38 tjänst,
512 1274 56 32 får
588 1276 245 36 länsstyrelsen
854 1275 135 31 anföra.

174 1318 75 30 Den
275 1321 136 28 senaste
437 1318 112 31 tidens
576 1318 196 31 erfarenhet
799 1318 74 36 har,
901 1317 115 31 såsom
1043 1317 259 31 motionärerna
1329 1315 197 37 framhålla,
1554 1316 82 31 otvi-

129 1361 162 36 velaktigt
315 1361 97 36 visat,
437 1364 48 28 att
507 1360 93 31 vissa
623 1359 211 38 svårigheter
856 1363 49 28 att
929 1358 133 33 erhålla
1083 1359 204 38 erforderlig
1312 1359 210 31 arbetskraft
1543 1359 94 30 inom

128 1403 224 36 näringslivet
375 1402 157 37 uppstått
554 1403 58 30 vid
636 1403 66 30 den
724 1402 159 37 partiella
905 1402 237 37 mobilisering
1164 1411 43 21 av
1230 1402 135 30 landets
1389 1400 247 32 försvarskraf-

129 1448 51 27 ter
198 1455 75 21 som
293 1446 57 35 ägt
370 1454 87 21 rum.
490 1445 127 36 Dylika
637 1444 211 36 svårigheter
866 1462 45 3 —
929 1444 117 30 fastän
1066 1444 11 29 i
1098 1444 136 30 mindre
1253 1444 86 36 grad
1358 1461 45 3 —
1420 1443 218 30 förekomma

128 1487 130 36 jämväl
281 1488 11 29 i
316 1487 170 31 samband
509 1487 81 30 med
613 1487 66 30 den
702 1486 202 31 anbefallda
925 1486 191 30 förstärkta
1138 1485 403 36 försvarsberedskapen.
1567 1485 70 30 Hu-

128 1529 124 31 ruvida
278 1530 100 30 dessa
405 1528 210 37 svårigheter
640 1529 132 30 drabba
797 1529 206 37 jordbruket
1028 1528 10 30 i
1066 1528 106 36 högre
1195 1528 87 37 grad
1310 1528 45 30 än
1379 1528 110 30 andra
1516 1536 125 28 grenar

129 1581 42 21 av
197 1571 76 31 vårt
299 1571 199 37 näringsliv,
526 1571 71 30 kan
621 1571 106 30 likväl
754 1580 101 22 anses
881 1571 115 30 ovisst.
1036 1570 260 36 Länsstyrelsen
1323 1579 101 21 anser
1450 1569 188 31 emellertid

130 1614 174 36 önskvärt,
323 1617 49 27 att
399 1614 1 30 i
419 1614 66 30 den
502 1612 85 32 mån
604 1612 38 32 så
659 1614 39 29 är
714 1613 137 37 möjligt
868 1612 160 37 åtgärder
1045 1613 86 30 böra
1149 1612 166 36 vidtagas,
1334 1621 74 21 som
1427 1613 61 29 äro
1505 1612 136 36 ägnade

130 1666 42 20 av
195 1655 168 37 avhjälpa
385 1656 99 31 dessa
505 1656 229 36 olägenheter.

175 1698 74 31 Den
273 1698 110 37 fråga,
408 1708 74 21 som
506 1698 139 31 beröres
669 1698 10 30 i
704 1698 187 36 motionen,
917 1697 293 36 sammanhänger
1232 1697 12 30 i
1268 1697 70 37 hög
1360 1697 83 36 grad
1467 1696 80 31 med
1573 1696 66 30 den

130 1741 179 35 innebörd,
340 1750 74 21 som
443 1741 92 36 gives
564 1739 35 32 åt
626 1741 186 36 begreppet
840 1740 233 37 yrkesmässig
1100 1739 116 31 trafik.
1260 1739 116 37 Enligt
1404 1748 48 21 nu
1480 1739 159 36 gällande

129 1783 242 31 bestämmelse
398 1783 54 37 (23
474 1783 19 37 8
516 1783 11 30 i
552 1783 84 30 1930
658 1782 55 31 års
734 1780 478 38 motorfordonsförordning)
1240 1781 184 37 föreligger
1445 1781 192 36 yrkesmäs-

130 1825 49 37 sig
203 1825 117 36 trafik,
346 1826 64 29 när
433 1825 192 31 automobil
648 1824 281 31 tillhandahålles
954 1824 234 31 allmänheten
1213 1827 73 27 mot
1309 1823 197 36 ersättning.
1546 1822 92 31 Defi-

130 1868 155 30 nitionen
304 1868 138 29 lämnar
462 1877 78 20 rum
562 1867 57 30 för
638 1867 92 30 olika
751 1867 199 36 tolkningar
971 1867 66 30 och
1058 1866 254 30 domstolarnas
1333 1866 117 36 praxis
1471 1874 101 27 synes
1593 1865 46 30 ha

130 1909 86 30 varit
243 1910 133 35 ganska
401 1910 181 29 växlande.
621 1905 94 34 Även
740 1908 222 31 beträffande
988 1908 198 36 körningar,
1215 1917 75 21 som
1318 1908 118 31 kunna
1464 1907 175 30 betraktas

131 1950 114 31 såsom
266 1960 97 21 mera
386 1951 182 36 tillfälliga,
593 1951 46 30 ha
659 1951 93 30 olika
775 1951 266 36 uppfattningar
1065 1950 90 37 gjort
1176 1949 50 37 sig
1250 1949 168 37 gällande,
1442 1958 79 21 men
1545 1949 11 29 1
1579 1949 59 29 all-

131 1994 141 29 mänhet
291 2002 103 28 synas
411 1993 118 37 dylika
546 1992 170 37 tillfälliga
736 1995 214 34 transporter
968 1993 46 29 ha
1032 1992 190 30 betraktats
1242 1990 114 31 såsom
1377 1990 263 38 yrkesmässiga,

131 2035 37 31 så
190 2039 95 28 snart
307 2036 177 37 betalning
506 2037 150 29 lämnats
679 2036 55 30 för
756 2036 188 35 desamma,
968 2034 209 31 åtminstone
1200 2035 10 29 i
1234 2035 42 29 de
1299 2034 62 30 fall
1385 2033 44 31 då
1452 2034 114 30 denna
1589 2042 49 21 er-

131 2079 150 37 sättning
303 2079 89 29 varit
412 2079 106 35 högre
541 2079 45 29 än
610 2078 108 36 själva
740 2078 331 30 driftkostnaderna.
1108 2076 276 36 Förvärvssyftet
1406 2076 65 30 har
1493 2075 146 31 sålunda

131 2124 127 27 ansetts
286 2121 206 36 avgörande,
520 2120 45 31 då
591 2121 56 30 det
672 2121 83 36 gällt
781 2124 50 27 att
857 2121 170 35 avgränsa
1053 2120 185 35 begreppet
1264 2118 232 37 yrkesmässig
1522 2118 116 30 trafik.

132 2162 63 31 Det
216 2162 58 31 må
296 2162 230 36 ifrågasättas,
549 2172 58 21 om
628 2172 43 21 en
693 2162 37 31 så
751 2163 174 30 restriktiv
945 2162 171 30 innebörd
1138 2171 42 20 av
1202 2161 67 30 vad
1292 2170 75 21 som
1388 2160 63 30 bör
1472 2160 167 30 hänföras

131 2205 49 29 till
203 2205 233 36 yrkesmässig
458 2204 107 31 trafik
587 2205 70 30 kan
679 2214 100 21 anses
803 2204 185 31 önskvärd.
1024 2204 67 29 Om
1114 2213 43 20 en
1178 2203 153 35 bilägare
1353 2202 57 30 vid
1433 2201 105 37 något
1560 2202 81 30 eller

131 2246 106 36 några
262 2247 144 30 enstaka
429 2247 160 30 tillfällen
612 2250 72 27 mot
707 2247 177 36 betalning
908 2245 96 31 utför
1027 2246 149 36 körning
1198 2244 35 31 åt
1256 2254 44 20 en
1323 2253 130 27 granne
1477 2245 82 29 eller
1581 2253 58 20 an-

131 2298 67 21 nan
222 2289 139 34 bekant,
388 2298 74 20 som
485 2289 65 29 har
574 2287 210 37 svårigheter
808 2291 49 28 att
881 2286 131 32 erhålla
1036 2287 210 29 arbetskraft
1272 2287 82 29 eller
1376 2284 263 37 transportmöj-

131 2330 152 36 ligheter,
306 2330 108 30 borde
436 2331 91 29 detta
549 2330 76 30 icke
647 2330 186 30 betecknas
856 2339 74 20 som
951 2328 232 37 yrkesmässig
1206 2327 107 31 trafik
1337 2328 87 29 även
1445 2336 57 20 om
1525 2327 55 30 det
1603 2327 39 29 är

131 2372 195 35 uppenbart
351 2375 49 27 att
423 2372 130 35 jämväl
578 2372 135 35 hänsyn
740 2372 49 29 till
815 2372 198 29 inkomsten
1038 2370 88 30 varit
1150 2370 141 30 motivet
1318 2369 55 30 för
1395 2367 244 32 tillhandahål-

132 2414 125 31 landet.
299 2414 68 30 Om
395 2415 156 29 däremot
579 2413 348 31 tillhandahållandet
956 2413 79 30 sker
1063 2412 73 30 ofta
1163 2412 82 30 eller
1273 2421 95 20 mera
1396 2410 243 36 regelmässigt,

134 2456 94 30 torde
249 2456 154 30 trafiken
424 2456 84 30 böra
530 2465 100 22 anses
653 2455 114 31 såsom
791 2455 242 36 yrkesmässig.
