1934 2824
554 144 116 31 Andra
692 143 238 37 lagutskottets
952 141 177 32 utlåtande
1151 141 48 31 Nr
1222 140 52 32 27.
1645 132 19 31 3

159 231 97 30 röras
289 240 42 21 av
360 230 66 31 den
455 228 256 38 yrkesmässiga
740 227 160 31 trafiken.
963 226 54 30 En
1047 234 43 22 av
1119 225 237 30 ledamöterna
1386 223 65 30 bör
1483 232 82 21 vara
1594 222 69 36 lag-

159 281 142 36 kunnig.

203 331 115 38 Avgår
347 331 152 31 ledamot
529 330 81 31 eller
639 329 175 35 ersättare,
845 327 187 31 förordnar
1064 326 192 36 Konungen
1286 333 115 22 annan
1435 323 57 31 för
1524 322 140 32 återstå-

160 384 87 30 ende
266 383 98 30 delen
383 391 42 22 av
445 382 67 30 den
532 381 60 35 tid,
612 380 56 31 för
688 379 115 31 vilken
822 379 66 30 den
908 376 179 38 avgångne
1107 376 88 31 varit
1215 375 132 31 utsedd.

206 434 167 30 Närmare
404 431 218 32 föreskrifter
649 430 178 37 angående
856 428 355 32 biltrafiknämndens
1241 426 220 31 verksamhet
1489 424 176 32 meddelas

160 494 42 22 av
226 485 201 35 Konungen.

300 580 104 27 Olika
422 580 78 33 slag
517 586 44 20 av
579 576 237 36 yrkesmässig
834 576 107 27 trafik
958 575 66 27 och
1042 574 73 27 rätt
1131 574 58 27 till
1207 574 79 27 dess
1304 573 226 27 bedrivande.

876 649 20 30 4
919 648 29 38 8.

204 711 80 31 Med
311 710 192 38 linjetrafik
529 708 126 32 förstås
686 709 4 30 i
718 709 114 30 denna
858 706 206 38 förordning
1090 704 232 39 yrkesmässig
1348 703 106 32 trafik
1482 703 57 31 för
1562 702 104 37 regel-

160 763 143 30 bunden
325 761 189 31 befordran
538 770 42 21 av
604 767 223 29 passagerare
851 758 81 31 eller
956 757 84 37 gods
1066 755 20 32 å
1111 756 68 31 viss
1205 755 203 37 vägsträcka
1433 755 83 30 eller
1540 754 128 30 mellan

160 813 92 31 vissa
280 815 91 28 orter
397 812 111 30 under
535 810 130 32 sådana
692 809 294 36 omständigheter
1014 810 48 29 att
1088 806 332 32 bestämmanderätt
1445 805 12 30 i
1484 803 99 38 fråga
1610 813 58 22 om

161 863 253 32 automobilens
433 862 222 37 utnyttjande
676 861 77 31 icke
774 860 211 31 tillkommer
1007 859 68 31 viss
1096 858 169 31 trafikant
1286 857 81 31 eller
1387 856 91 31 vissa
1499 855 168 31 trafikan-

161 917 52 28 ter
236 916 222 36 gemensamt.

209 964 238 37 Yrkesmässig
479 963 116 37 trafik,
626 973 75 21 som
730 963 75 30 icke
837 963 39 29 är
904 965 50 27 att
984 961 149 30 hänföra
1165 959 52 31 till
1246 957 201 38 linjetrafik,
1480 958 187 30 benämnes

165 1015 342 38 beställningstrafik.

880 1088 18 30 5
922 1088 29 37 &.

207 1150 240 37 Yrkesmässig
466 1149 107 31 trafik
595 1148 57 32 må
671 1147 160 32 bedrivas
853 1147 123 31 endast
997 1145 87 31 efter
1105 1143 229 37 vederbörligt
1353 1142 156 32 tillstånd
1530 1141 139 38 (trafik-

165 1201 182 38 tillstånd).

209 1252 170 31 Tillstånd
398 1252 50 30 till
467 1251 212 31 bedrivande
699 1259 43 22 av
760 1246 193 39 linjetrafik
974 1247 21 31 å
1014 1247 214 37 vägsträcka,
1249 1255 73 21 som
1343 1246 39 30 är
1402 1245 145 36 belägen
1565 1244 11 30 i
1597 1252 74 22 mer

165 1305 45 30 än
239 1307 47 27 ett
312 1304 69 35 län,
409 1304 83 29 eller
519 1302 127 30 mellan
676 1304 92 27 orter
796 1300 94 30 inom
919 1298 114 32 skilda
1061 1298 59 30 län
1150 1298 83 30 eller
1259 1299 49 28 att
1335 1296 12 30 i
1376 1295 294 36 beställningstra-

166 1355 51 30 fik
250 1354 56 31 för
339 1353 275 37 godsbefordran
647 1352 161 31 använda
840 1349 259 32 lastautomobil
1130 1348 80 31 med
1244 1357 41 21 en
1316 1345 227 37 lastförmåga
1575 1347 94 29 över-

166 1405 156 37 stigande
346 1404 96 36 3,500
467 1403 170 37 kilogram
662 1403 83 30 eller
768 1404 49 28 att
838 1402 51 30 till
915 1401 69 30 viss
1008 1398 259 32 lastautomobil
1291 1398 130 36 koppla
1446 1396 109 32 sådan
1581 1396 89 36 släp-

166 1464 100 28 vagn,
297 1465 77 21 vars
402 1456 124 35 högsta
553 1452 237 37 lastförmåga,
820 1452 231 30 tillsammans
1082 1450 79 30 med
1191 1448 263 36 automobilens,
1486 1447 186 36 överstiger

166 1506 98 38 4,000
285 1506 180 36 kilogram,
489 1504 175 31 meddelas
686 1513 42 21 av
750 1501 345 32 biltrafiknämnden.

211 1556 170 31 Tillstånd
400 1556 51 30 till
472 1553 334 37 beställningstrafik
827 1553 56 30 för
902 1550 317 39 personbefordran
1241 1550 79 30 med
1342 1548 200 32 stationsort
1563 1548 11 30 i
1595 1546 77 32 stad

167 1608 176 30 meddelas
367 1616 42 21 av
433 1605 337 38 polismyndigheten
795 1604 11 30 i
832 1604 131 30 staden.

212 1659 14 30 I
247 1658 118 36 övriga
384 1658 61 30 fall
466 1657 175 30 meddelas
661 1654 263 32 trafiktillstånd
946 1663 42 21 av
1008 1652 220 36 länsstyrelse
1248 1651 12 30 i
1279 1651 55 30 det
1353 1650 69 36 län,
1444 1652 112 28 varest
1574 1648 98 36 linje-

167 1710 108 31 trafik
300 1709 87 31 skall
412 1710 64 35 äga
501 1717 77 21 rum
604 1707 82 31 eller
711 1706 199 31 stationsort
934 1704 57 31 för
1016 1701 333 38 beställningstrafik
1375 1701 89 31 skall
1489 1700 182 37 förläggas.

881 1807 19 29 6
928 1806 29 37 8.
1456 1798 8 12 N

214 1869 74 30 Vad
313 1869 9 30 i
350 1869 114 30 denna
489 1867 204 35 förordning
719 1866 137 36 stadgas
881 1863 179 37 angående
1084 1861 264 32 trafiktillstånd
1373 1861 89 30 skall
1490 1861 10 29 i
1525 1860 148 36 tillämp-

168 1920 69 36 liga
258 1920 96 29 delar
371 1919 90 36 gälla
479 1918 130 36 jämväl
627 1916 221 31 beträffande
867 1914 156 32 tillstånd
1043 1914 49 30 till
1113 1913 131 36 ökning
1265 1921 41 21 av
1326 1912 55 30 det
1402 1912 95 29 antal
1519 1914 155 27 automo-

168 1971 97 34 biler,
283 1970 78 29 med
380 1968 105 31 vilket
502 1966 232 38 yrkesmässig
752 1966 105 31 trafik
878 1965 59 31 må
955 1974 41 21 av
1015 1963 303 31 tillståndshavare
1334 1961 170 36 bedrivas,
1523 1961 82 30 eller
1625 1960 49 30 till

170 2020 197 31 insättande
385 2029 41 21 av
450 2018 203 37 släpfordon
675 2018 10 29 i
706 2017 108 31 sådan
837 2016 107 30 trafik
965 2015 82 30 eller
1068 2014 49 30 till
1139 2013 124 31 sådant
1283 2013 118 36 utbyte
1421 2021 42 21 av
1485 2010 190 32 automobil

170 2072 82 30 eller
271 2070 214 37 släpfordon,
505 2079 74 21 som
600 2068 137 31 medför
754 2066 145 37 höjning
918 2076 43 21 av
981 2066 66 30 den
1068 2065 126 30 största
1213 2065 65 30 last
1297 2063 80 30 eller
1398 2063 56 30 det
1473 2063 124 30 största
1615 2071 60 21 an-

170 2123 46 29 tal
246 2129 232 29 passagerare,
507 2130 73 20 som
605 2119 104 36 enligt
734 2118 173 30 meddelat
931 2115 156 32 tillstånd
1114 2115 57 31 må
1197 2115 180 30 befordras
1404 2114 80 30 med
1510 2113 126 30 fordon
1665 2112 11 30 i

171 2173 161 30 trafiken.

664 2272 61 27 Om
743 2270 448 34 ansökningsförfarandet.

887 2344 16 28 7
932 2342 29 37 8.

220 2408 14 28 1
260 2415 102 21 mom.
397 2405 65 30 Vid
487 2404 154 30 ansökan
666 2413 57 20 om
746 2401 264 32 trafiktillstånd
1036 2400 97 30 skola
1155 2399 98 36 fogas
1277 2398 217 36 handlingar,
1520 2406 73 21 som
1616 2398 61 29 äro

172 2457 133 35 ägnade
326 2459 48 27 att
394 2455 163 36 bestyrka
580 2454 195 30 sökandens
797 2452 201 36 lämplighet
1021 2450 113 31 såsom
1158 2451 141 29 utövare
1321 2459 41 21 av
1385 2449 57 30 det
1465 2449 73 36 slag
1559 2458 41 21 av
1624 2457 52 28 yr-
