1930 2822
260 134 19 31 8
658 136 120 32 Andra
795 137 238 37 lagutskottets
1053 140 177 31 utlåtande
1249 142 49 29 Nr
1315 143 52 30 27.

260 226 93 31 inom
372 227 214 31 föreskriven
605 229 49 30 tid
674 230 83 30 eller
772 231 124 35 prövas
916 231 67 30 den
1001 232 50 30 till
1068 231 240 34 föreståndare
1325 237 149 34 antagne
1493 235 75 31 icke
1586 246 84 22 vara
1687 238 77 30 där-

260 277 50 30 till
327 278 153 36 lämplig,
499 280 65 29 och
583 280 64 30 har
664 280 11 30 i
693 289 121 22 senare
830 281 98 31 fallet
947 282 164 31 dödsboet
1129 284 84 30 eller
1232 285 238 31 konkursboet
1487 286 76 31 icke
1580 286 96 32 inom
1695 288 69 30 viss

258 337 43 21 av
326 327 246 37 myndigheten
599 328 175 33 fastställd
799 330 48 31 tid
874 332 133 31 anmält
1034 341 116 22 annan
1179 342 134 28 person,
1342 344 75 22 som
1445 346 43 21 av
1516 338 247 37 myndigheten

259 378 69 31 kan
360 377 55 31 för
449 378 196 32 ändamålet
679 380 213 37 godkännas,
924 390 101 23 anses
1056 383 298 33 trafiktillståndet
1386 386 92 31 hava
1509 388 153 35 upphört
1695 388 68 29 den

259 429 75 37 dag,
352 428 93 32 tiden
462 429 55 31 för
532 430 461 38 anmälningsskyldigheten
1011 432 69 38 gått
1096 434 51 30 till
1165 435 93 30 ända
1274 436 80 30 eller
1371 437 113 30 beslut
1501 437 10 30 i
1529 436 124 38 frågan
1671 438 93 31 med-

258 479 147 31 delades.

962 559 40 30 18
1021 559 29 37 8.

304 624 15 28 1
341 632 105 23 mom.
490 623 167 32 Tillstånd
679 625 52 30 till
752 627 232 38 yrkesmässig
1006 627 104 31 trafik
1132 627 69 37 må,
1225 628 45 32 då
1291 629 328 32 tillståndshavaren
1642 631 121 31 avlidit

256 673 80 30 eller
355 672 142 32 försatts
518 673 10 30 i
549 674 155 31 konkurs
726 676 81 30 eller
825 675 44 32 då
890 677 77 30 skäl
988 677 95 36 eljest
1104 677 177 38 föreligga,
1303 679 170 32 överlåtas
1494 680 21 31 å
1535 689 118 22 annan
1675 681 87 31 efter

258 722 225 38 medgivande
503 733 43 22 av
564 725 66 30 den
651 726 211 37 myndighet,
883 736 77 21 som
980 728 171 31 meddelat
1171 729 308 32 trafiktillståndet.

300 774 63 30 Vid
387 774 158 31 ansökan
570 783 57 23 om
650 774 205 33 tillståndets
880 777 229 32 överförande
1133 778 21 31 å
1179 788 116 22 annan
1321 780 88 31 skall
1434 780 98 37 fogas
1557 781 102 37 avtal,
1686 790 75 21 som

257 824 68 31 kan
344 825 90 30 hava
452 826 195 35 upprättats
666 826 149 31 rörande
833 826 234 33 överlåtelsen.

300 875 72 30 Den
400 874 322 38 tillståndsgivande
750 877 245 36 myndigheten
1023 879 63 30 har
1114 881 50 29 att
1192 881 80 30 med
1299 881 170 31 avseende
1496 881 21 31 å
1546 882 120 31 skälen
1695 882 66 30 och

256 925 167 31 villkoren
443 926 55 30 för
516 925 235 38 överlåtelsen,
771 927 244 37 lämpligheten
1035 929 62 31 hos
1117 929 78 37 den,
1216 929 21 32 å
1256 930 114 31 vilken
1390 931 224 32 överlåtelsen
1635 932 126 37 ifråga-

257 976 110 37 sättes,
391 981 91 26 samt
505 978 339 36 omständigheterna
866 980 11 29 i
898 980 111 37 övrigt
1033 982 107 35 pröva
1163 981 312 38 framställningen.

300 1028 19 29 2
338 1037 104 21 mom.
478 1028 137 31 Avlider
634 1029 314 37 tillståndshavare,
968 1031 113 30 vilken
1100 1032 149 30 bedrivit
1268 1033 232 38 yrkesmässig
1519 1033 106 31 trafik
1644 1033 116 32 såsom

255 1076 239 38 självständigt
518 1078 93 37 yrke,
635 1078 58 31 må
718 1079 66 30 den
807 1079 319 38 tillståndsgivande
1151 1082 257 37 myndigheten,
1435 1082 45 37 på
1503 1083 257 37 framställning

254 1136 42 22 av
316 1127 177 37 dödsboet,
515 1128 113 31 såsom
647 1128 127 32 villkor
794 1130 53 30 för
866 1129 165 38 tillstånd,
1053 1141 74 21 som
1147 1131 145 38 beviljas
1313 1142 117 22 annan
1452 1134 10 30 i
1484 1134 111 31 stället
1616 1134 55 31 för
1693 1135 66 30 den

255 1178 144 36 avlidne,
426 1178 193 32 föreskriva
644 1179 195 37 skyldighet
863 1180 56 31 för
945 1182 66 30 den
1037 1191 64 28 nye
1127 1182 328 32 tillståndshavaren
1480 1187 50 28 att
1555 1184 11 30 i
1592 1184 69 31 viss
1688 1194 71 21 om-

255 1228 147 38 fattning
416 1229 112 31 inlösa
543 1230 64 30 den
622 1231 82 30 eller
718 1231 42 30 de
774 1231 238 37 automobiler,
1028 1242 73 20 som
1116 1233 68 30 den
1199 1233 136 31 avlidne
1350 1234 83 30 eller
1447 1235 166 31 dödsboet
1629 1236 132 30 använt

255 1279 9 30 i
281 1280 51 30 sin
347 1279 245 31 trafikrörelse.
631 1281 14 29 I
663 1281 170 31 samband
850 1282 79 30 med
947 1281 108 32 sådan
1071 1282 180 32 föreskrift
1268 1285 78 35 äger
1363 1284 247 38 myndigheten
1627 1285 132 37 jämväl

255 1330 155 31 meddela
430 1330 222 37 erforderliga
673 1331 261 31 bestämmelser
953 1332 55 30 för
1029 1333 200 36 reglerande
1251 1343 42 21 av
1316 1333 334 39 inlösningsplikten.

959 1441 39 31 19
1018 1441 29 38 8.

299 1505 278 32 Trafiktillstånd
599 1507 70 30 kan
691 1517 44 21 av
756 1508 211 36 myndighet,
991 1519 72 20 som
1086 1510 174 31 meddelat
1281 1510 164 37 tillstånd,
1469 1510 184 33 återkallas
1676 1513 83 31 eller

257 1556 54 30 för
331 1557 66 30 viss
420 1557 51 30 tid
491 1557 161 37 indragas
675 1558 59 30 vid
756 1557 99 32 svåra
875 1560 85 29 eller
980 1560 200 36 upprepade
1203 1561 248 31 överträdelser
1473 1572 43 21 av
1538 1563 219 31 bestämmel-

255 1616 98 22 serna
380 1607 10 30 i
418 1608 115 30 denna
559 1608 215 37 förordning,
803 1609 56 30 vid
885 1609 263 31 underlåtenhet
1177 1614 50 28 att
1254 1612 153 36 begagna
1437 1612 190 32 tillståndet
1655 1614 102 30 även-

256 1666 72 22 som
348 1658 63 30 när
430 1658 81 30 med
529 1658 136 37 hänsyn
685 1659 52 30 till
756 1659 168 31 trafikens
944 1660 296 38 ändamålsenliga
1260 1662 179 30 ordnande
1457 1663 83 30 eller
1560 1663 97 36 eljest
1678 1673 78 29 syn-

255 1708 105 36 nerlig
379 1708 187 37 anledning
585 1709 114 30 därtill
719 1709 244 31 förekommer.
1001 1711 71 30 Har
1091 1712 210 30 innehavare
1320 1722 42 21 av
1381 1713 264 31 trafiktillstånd
1666 1714 91 37 gjort

254 1757 50 37 sig
324 1759 135 36 skyldig
480 1758 50 31 till
551 1759 204 31 förfarande
776 1760 80 30 eller
875 1760 251 37 försummelse,
1149 1771 76 21 som
1247 1762 68 31 kan
1336 1763 184 31 föranleda
1541 1763 216 33 återkallelse

252 1809 82 29 eller
355 1809 207 37 indragning
582 1819 42 21 av
646 1809 198 37 tillståndet,
866 1811 67 30 och
955 1812 68 30 kan
1046 1812 54 31 det
1122 1816 154 33 antagas,
1299 1816 48 28 att
1370 1814 72 30 han
1464 1815 87 30 skall
1574 1814 69 32 låta
1666 1816 90 31 rätta

254 1858 50 37 sig
323 1862 82 27 utan
427 1859 110 31 sådan
557 1859 130 38 åtgärd,
710 1860 58 31 må
787 1862 145 36 varning
953 1862 10 30 i
985 1863 110 30 stället
1115 1864 186 30 meddelas.
1341 1863 116 32 Sådan
1478 1865 145 37 varning
1643 1865 59 32 må
1721 1866 33 37 ej

253 1910 211 36 överklagas.

296 1959 72 31 Vad
390 1959 11 31 i
427 1961 39 29 15
491 1960 18 37 8
532 1961 39 30 är
592 1961 137 36 stadgat
751 1961 87 31 skall
862 1962 63 36 äga
949 1964 243 30 motsvarande
1216 1963 219 38 tillämpning
1459 1965 11 30 i
1494 1965 96 37 fråga
1614 1975 58 21 om
1697 1966 56 31 be-

253 2010 66 30 slut
340 2020 57 20 om
419 2010 216 32 återkallelse
656 2013 83 29 eller
760 2013 206 37 indragning
988 2023 42 21 av
1051 2014 272 31 trafiktillstånd.
1367 2016 128 36 Dylika
1518 2017 112 31 beslut
1652 2018 102 30 även-

253 2069 74 21 som
354 2061 112 31 beslut
495 2071 57 21 om
581 2062 146 36 varning
755 2063 97 31 skola
881 2072 125 28 genom
1034 2065 264 36 myndighetens
1328 2066 136 37 försorg
1495 2067 150 37 delgivas
1676 2068 77 36 den,

252 2120 74 21 som
349 2121 97 21 avses
471 2112 79 30 med
573 2113 156 31 beslutet.

343 2215 66 27 Om
429 2216 94 26 vissa
541 2218 79 25 med
639 2216 267 29 trafiktillstånd
926 2218 165 28 förenade
1110 2218 210 35 rättigheter
1337 2221 65 26 och
1422 2221 250 34 skyldigheter.

950 2291 42 30 20
1017 2291 29 37 8.

294 2344 168 33 Tillstånd
483 2346 51 31 till
554 2347 175 31 utövande
751 2357 41 21 av
813 2349 231 37 yrkesmässig
1065 2349 105 31 trafik
1193 2350 56 31 för
1270 2350 314 37 personbefordran
1606 2351 147 32 innebär

252 2396 66 30 rätt
337 2396 49 30 till
405 2397 189 32 befordran
612 2400 87 29 även
719 2409 43 20 av
780 2408 222 28 passagerare
1019 2400 193 37 åtföljande
1232 2403 81 35 gods
1333 2401 45 38 på
1396 2404 68 29 sätt
1483 2403 66 30 den
1567 2403 187 32 tillstånds-

249 2446 195 37 beviljande
466 2449 246 36 myndigheten
733 2450 80 36 äger
832 2451 163 30 närmare
1016 2451 203 32 bestämma.
