1890 2780
282 178 19 27 4
706 175 314 29 Bankoutskottets
1041 174 181 30 utlåtande
1244 183 42 19 nr
1308 174 49 28 19.

281 265 149 29 allmänt
450 265 125 36 övergå
596 265 53 29 till
670 267 50 27 att
740 264 192 30 verkställa
952 264 276 37 kalkylmässiga
1250 263 269 37 avskrivningar
1540 263 64 29 och
1628 263 157 29 räntebe-

284 318 201 37 räkningar.
503 318 271 37 Möjligheterna
793 320 51 27 att
862 318 94 29 bilda
976 317 50 37 sig
1045 326 43 21 en
1106 317 228 37 uppfattning
1351 325 57 21 om
1428 316 207 37 sparandets
1655 316 130 29 storlek

284 372 95 28 inom
401 372 100 29 dessa
522 371 91 30 båda
634 371 268 37 betydelsefulla
923 371 168 29 områden
1114 370 113 30 skulle
1248 370 144 29 därmed
1414 370 92 29 bliva
1529 370 75 29 icke
1626 369 159 29 oväsent-

284 425 62 36 ligt
369 425 119 29 större.

329 478 219 37 Föreningen
567 480 54 27 tar
639 478 153 29 därefter
810 487 72 27 upp
900 478 52 29 till
971 477 213 37 behandling
1204 477 188 37 sparandet
1409 477 93 29 inom
1524 476 180 36 företagen
1722 475 64 30 och

285 532 64 29 hos
368 532 169 29 enskilda.
557 532 221 36 Föreningen
796 531 114 29 anför.

330 602 12 28 I
362 602 66 29 vad
449 602 107 37 gäller
577 602 301 36 förelagssektorn
898 602 64 29 har
981 602 404 36 konjunkturinstitutet
1406 601 9 29 i
1436 600 351 30 nationalräkenska-

284 655 68 28 pen
378 647 73 35 gått
478 647 91 29 fram
597 647 89 29 efter
713 647 56 29 två
797 646 115 29 skilda
939 646 114 36 linjer.
1082 646 118 36 Enligt
1226 646 67 29 den
1319 654 64 21 ena
1410 654 43 20 av
1479 645 89 34 dem,
1597 644 67 29 den
1691 653 94 20 mera

283 691 224 35 avancerade,
529 691 45 29 ha
597 691 177 37 uppgifter
795 700 58 20 om
874 690 335 37 avskrivningarnas
1232 690 131 29 storlek
1382 690 194 28 inhämtats
1598 689 81 29 från
1700 689 87 36 pris-

285 735 354 30 kontrollnämndens
664 735 263 30 vinststatistik.
954 735 50 29 Av
1030 737 72 27 stor
1126 734 177 37 betydelse
1328 734 39 29 är
1391 733 64 29 här
1480 733 145 37 givetvis
1652 732 134 36 frågan,

284 780 175 29 huruvida
487 780 198 29 materialet
712 780 39 29 är
778 779 220 37 någorlunda
1027 778 279 38 representativt.
1336 778 59 29 Ett
1422 777 178 36 vanskligt
1629 776 158 37 problem

284 825 68 28 blir
371 824 89 30 dock
479 824 99 30 alltid
599 826 51 27 att
670 824 110 29 fixera
801 824 177 29 storleken
995 833 43 20 av
1056 823 229 36 erforderliga
1304 822 269 36 avskrivningar
1593 821 65 29 och
1677 820 112 29 andra

286 869 533 36 »resultatsregleringsposter».
842 869 13 28 I
876 868 90 29 tider
986 868 79 29 med
1086 867 137 37 hastiga
1244 867 65 29 och
1329 866 156 36 kraftiga
1506 865 249 35 förändringar
1778 864 9 28 i

284 913 484 36 återanskaffningsvärdena
788 912 55 30 för
862 912 94 29 olika
977 912 72 36 slag
1068 920 43 21 av
1130 911 187 36 tillgångar
1335 911 38 29 är
1392 910 125 36 frågan
1534 909 63 30 allt
1615 911 110 27 annat
1744 909 45 28 än

285 958 226 29 lättbedömd.
541 957 270 37 Möjligheterna
841 959 51 27 att
919 956 43 37 på
992 955 242 38 nyssnämnda
1264 955 83 29 eller
1376 954 168 29 liknande
1572 953 107 36 vägar
1709 952 79 29 med

286 1002 115 36 någon
420 1002 104 36 högre
544 1002 85 36 grad
648 1011 42 20 av
709 1001 165 30 exakthet
893 1001 126 29 utröna
1039 1000 177 29 storleken
1235 1008 42 20 av
1298 999 198 36 företagens
1516 996 273 37 nettosparande

286 1055 106 28 synas
413 1055 45 20 m.
479 1056 29 20 a.
529 1055 30 20 o.
580 1055 85 20 vara
687 1046 133 36 ganska
841 1045 226 36 begränsade.

330 1091 94 29 Även
449 1100 56 20 om
531 1090 347 37 företagssparandet
904 1090 54 29 för
983 1089 219 30 närvarande
1229 1098 102 27 synes
1356 1097 84 21 vara
1464 1088 188 36 väsentligt
1679 1087 110 29 större

285 1135 46 29 än
355 1135 187 37 sparandet
564 1135 65 29 hos
652 1134 160 30 enskilda
835 1143 166 28 personer
1028 1133 191 35 (hushåll),
1245 1133 98 29 torde
1367 1132 90 30 dock
1481 1131 309 30 hushållssektorn

286 1180 163 36 tilldraga
472 1180 50 36 sig
544 1180 58 29 det
626 1180 127 29 största
776 1179 174 29 intresset.
973 1179 66 29 Det
1060 1178 72 29 kan
1154 1178 177 36 nämligen
1352 1177 76 29 icke
1450 1176 184 35 bestridas,
1658 1177 52 28 att
1733 1175 57 29 det

286 1224 39 29 är
343 1224 58 29 det
419 1226 72 28 mot
509 1223 525 38 penningvärdeförsämringen
1054 1223 110 29 sämst
1183 1221 178 37 skyddade
1381 1220 198 38 sparandet,
1599 1220 57 29 det
1676 1220 114 28 finan-

287 1269 108 35 siella,
419 1277 74 21 som
515 1269 129 29 främst
664 1268 149 29 behöver
835 1267 211 30 stimuleras.
1069 1267 51 29 Av
1141 1266 277 36 formuleringen
1439 1265 10 29 i
1471 1265 199 29 motionens
1693 1264 97 29 kläm

286 1313 72 29 kan
378 1322 83 20 man
480 1313 179 30 måhända
681 1313 87 29 även
789 1312 108 37 draga
920 1312 67 30 den
1009 1311 201 34 slutsatsen,
1234 1312 51 27 att
1307 1310 57 29 det
1387 1310 127 28 främst
1537 1309 38 29 är
1597 1308 194 30 omtanken

286 1366 57 20 om
368 1358 257 29 allmänhetens
650 1357 201 29 finansiella
877 1356 173 37 sparande
1075 1364 76 21 som
1177 1354 166 30 föranlett
1367 1353 262 30 motionärerna
1655 1354 51 27 att
1730 1361 60 20 an-

286 1402 95 29 hålla
403 1411 57 20 om
482 1411 43 21 en
548 1402 188 36 utredning
760 1410 74 21 som
859 1401 113 29 skulle
995 1400 122 30 kunna
1141 1399 199 30 underlätta
1365 1407 43 20 en
1432 1397 209 30 ekonomisk
1664 1396 126 37 politik

287 1455 75 20 som
384 1447 43 36 på
448 1446 80 37 lång
549 1447 71 29 sikt
640 1446 195 36 befrämjar
856 1445 57 30 det
934 1445 165 36 frivilliga
1122 1443 196 38 sparandet.

332 1491 71 29 När
421 1491 57 29 det
495 1491 108 36 gäller
621 1500 43 20 en
682 1491 122 36 analys
822 1499 43 20 av
883 1490 258 29 allmänhetens
1160 1489 172 37 sparande
1352 1488 52 29 stå
1423 1488 10 29 i
1452 1489 88 28 stort
1559 1489 66 28 sett
1643 1487 58 29 två
1719 1487 72 29 helt

289 1535 114 29 skilda
419 1535 444 37 undersökningsmetoder
879 1534 53 29 till
948 1534 104 29 buds:
1073 1532 554 36 deklarationsundersökningen
1642 1531 66 29 och
1725 1531 67 29 den

287 1580 9 28 i
321 1580 179 29 motionen
524 1579 216 30 omnämnda
767 1578 253 37 »sociologiska
1045 1576 498 36 intensivundersökningen>.

333 1624 76 29 Den
425 1624 247 29 förstnämnda
688 1623 164 30 metoden
868 1623 70 29 kan
954 1623 9 29 i
980 1623 142 29 korthet
1138 1622 279 30 karakteriseras
1435 1631 74 20 som
1527 1631 43 20 en
1586 1621 205 37 jämförelse

287 1668 132 29 mellan
438 1668 56 30 två
512 1668 58 30 vid
591 1668 95 30 olika
706 1668 207 37 tidpunkter
932 1667 147 37 avgivna
1101 1666 362 37 självdeklarationer,
1486 1666 63 29 där
1570 1665 222 36 förändring-

287 1721 85 21 arna
395 1713 10 28 i
427 1713 349 36 förmögenheternas
799 1712 131 29 storlek
952 1711 64 30 och
1039 1711 320 36 sammansättning
1382 1710 171 29 studeras.
1577 1710 123 29 Denna
1722 1718 69 20 me-

288 1757 59 29 tod
365 1757 72 29 kan
455 1757 194 29 emellertid
670 1757 176 36 knappast
865 1756 77 36 giva
962 1755 328 30 tillfredsställande
1310 1754 157 35 resultat,
1486 1754 45 29 bl.
1551 1763 29 20 a.
1600 1754 122 29 därför
1740 1755 51 27 att

288 1801 68 29 den
380 1802 54 28 för
459 1810 42 20 en
525 1803 72 28 stor
622 1801 54 29 del
701 1810 41 20 av
766 1800 252 36 befolkningen
1041 1799 258 36 huvudsakliga
1325 1798 298 36 förmögenheten,
1650 1797 32 30 d.
1708 1807 30 19 v.
1766 1806 25 20 s.

288 1846 75 29 inre
387 1846 147 34 lösören,
561 1845 77 30 icke
663 1846 159 28 kommer
846 1845 80 29 med
951 1845 11 29 i
986 1844 128 30 bilden.
1140 1843 201 37 Betydande
1366 1842 184 38 praktiska
1576 1841 216 37 svårigheter

288 1890 128 37 uppstå
435 1890 106 30 också
561 1890 58 29 vid
639 1890 58 29 det
716 1889 222 36 nödvändiga
958 1888 277 37 frånskiljandet
1252 1896 43 20 av
1313 1886 359 36 värdeförändringar
1692 1886 10 28 i
1723 1885 69 29 för-

287 1934 329 36 mögenhetsobjekt
638 1943 43 20 av
702 1934 71 29 real
796 1935 115 27 natur.
934 1933 53 29 En
1009 1933 140 29 relativt
1171 1932 65 37 god
1260 1932 132 29 inblick
1415 1932 9 28 i
1444 1931 185 29 metodens
1653 1930 138 37 möjlig-

288 1979 98 29 heter
405 1979 64 29 och
488 1979 128 29 brister
637 1986 39 29 ge
696 1977 618 37 förmögenhetsundersökningarna
1336 1976 9 29 i
1371 1976 82 29 1945
1473 1975 58 29 års
1552 1974 239 36 folkräkning.

333 2023 76 29 Den
428 2023 110 29 andra
558 2023 239 36 huvudtypen,
818 2022 68 29 den
906 2031 42 20 av
968 2021 262 29 motionärerna
1250 2020 215 29 omnämnda
1488 2019 232 36 sociologiska
1742 2019 49 28 in-

289 2067 435 37 tensivundersökningen,
748 2067 38 29 är
808 2065 178 31 måhända
1008 2067 51 27 att
1083 2065 194 36 föredraga,
1302 2064 166 29 eftersom
1492 2063 67 30 den
1583 2064 87 29 även
1695 2062 97 30 torde

288 2112 122 29 kunna
438 2119 38 29 ge
504 2121 43 20 en
574 2112 73 28 viss
675 2111 132 29 inblick
836 2111 10 28 i
875 2110 42 30 de
944 2109 293 37 bakomliggande
1266 2109 155 29 motiven
1450 2108 55 29 för
1533 2107 259 30 allmänhetens

289 2156 173 36 sparande
483 2156 65 29 och
572 2154 453 38 förmögenhetsplacering.
1049 2153 267 37 Svårigheterna
1339 2153 60 29 äro
1421 2152 64 29 här
1506 2160 96 21 mera
1624 2161 43 20 av
1688 2150 104 38 prak-

289 2201 71 29 tisk
390 2202 113 33 natur,
536 2200 152 29 framför
717 2199 61 29 allt
808 2199 192 29 bottnande
1031 2199 9 28 i
1072 2198 133 29 bristen
1235 2197 43 37 på
1309 2197 203 36 kompetent
1542 2195 163 37 personal
1738 2195 54 29 för

288 2245 210 28 fältarbetet.
525 2245 76 28 Den
627 2253 43 20 av
697 2243 281 36 socialstyrelsen
1003 2242 39 29 år
1072 2242 83 29 1948
1183 2241 229 37 genomförda
1440 2239 352 37 intervjuundersök-

289 2290 140 35 ningen,
449 2298 73 20 som
541 2289 91 29 dock
649 2288 235 36 begränsades
901 2287 52 29 till
971 2289 51 27 att
1040 2286 149 30 omfatta
1207 2284 303 37 löntagarhushåll
1529 2285 10 28 i
1558 2284 158 33 tätorter,
1735 2290 58 29 ger

290 2343 43 20 en
349 2334 71 29 viss
436 2334 132 29 inblick
584 2333 10 29 i
611 2333 68 29 hur
697 2333 95 36 långt
808 2341 85 20 man
908 2332 71 28 kan
996 2331 44 29 nå
1057 2330 80 29 med
1155 2330 114 29 denna
1286 2328 128 30 metod.
1432 2329 66 28 Det
1517 2328 89 29 skall
1624 2327 65 30 här
1706 2327 88 29 blott

289 2378 135 29 erinras
451 2386 56 20 om
534 2379 52 27 att
614 2386 43 20 en
684 2376 265 36 undersökning
975 2374 221 30 omfattande
1224 2381 86 29 egna
1339 2373 196 35 företagare
1567 2372 102 34 (inkl.
1699 2370 93 37 jord-

289 2421 381 37 bruksbefolkningen)
696 2421 10 29 i
726 2420 127 36 många
874 2420 62 28 fall
959 2419 112 29 skulle
1092 2418 143 29 komma
1256 2419 50 27 att
1326 2417 109 29 kräva
1456 2425 43 20 en
1519 2414 274 36 resultatanalys

290 2467 55 28 för
367 2466 179 37 företagen
568 2466 10 28 i
600 2465 109 36 fråga,
732 2464 105 36 något
860 2473 73 20 som
956 2463 177 36 knappast
1155 2462 97 29 torde
1274 2461 121 29 kunna
1418 2459 224 37 genomföras
1665 2458 45 37 på
1734 2457 59 29 fri-

289 2511 221 36 villighetens
531 2510 76 36 väg.
632 2510 65 29 Det
720 2509 71 29 kan
814 2508 80 29 med
920 2508 57 36 fog
1001 2507 237 36 ifrågasättas,
1263 2504 175 31 huruvida
1463 2504 104 36 något
1590 2502 203 38 ytterligare
