1882 2812
273 147 117 31 Första
410 148 202 32 kammarens
631 150 147 32 andra
798 150 165 40 tillfälliga
984 153 140 31 utskotts
1145 155 167 32 utlåtande
1333 166 42 20 nr
1397 159 28 28 9.
1577 158 16 29 1

778 368 65 40 Nr
864 369 47 41 9,

664 470 106 25 Ankom
789 471 45 25 till
852 471 161 33 riksdagens
1030 472 89 26 kansli
1138 473 53 25 den
1209 474 33 24 28
1261 474 56 32 maj
1339 475 68 25 1946
1426 475 35 28 kl,
1480 476 17 24 2
1516 483 23 18 e.
1559 484 34 16 m.

263 579 119 32 Första
400 580 205 32 kammarens
625 581 144 33 andra
790 581 166 40 tillfälliga
976 584 143 31 utskotts
1138 584 164 32 utlåtande
1322 585 14 30 i
1354 585 177 40 anledning
1551 595 41 22 av

420 635 94 31 väckt
533 634 123 32 motion
677 646 51 20 om
747 636 177 38 utredning
945 637 58 30 och
1023 637 122 39 förslag
1165 638 167 38 angående
1352 637 168 41 riktlinjer
1538 639 55 39 för

420 689 234 39 planläggning
675 699 41 21 av
742 690 211 38 bebyggelsen
975 690 13 31 i
1009 691 181 32 Bohusläns
1212 691 186 40 fiskelägen.

188 795 15 30 I
223 805 41 21 en
279 795 88 31 inom
384 796 102 32 första
503 796 186 32 kammaren
705 797 105 39 väckt,
828 797 50 31 till
895 798 73 32 dess
986 798 107 31 andra
1110 798 167 40 tillfälliga
1294 799 123 32 utskott
1436 800 156 31 hänvisad

103 849 128 38 motion,
251 859 42 21 nr
313 850 68 37 183,
404 850 61 31 har
483 850 77 32 herr
579 851 161 31 Mattsson
760 861 40 21 m.
823 852 35 30 fl.
880 852 173 39 hemställt,
1078 855 50 29 att
1149 853 170 39 riksdagen
1339 854 11 30 i
1371 854 149 31 skrivelse
1541 854 52 31 till

104 903 121 39 Kungl.
251 903 104 38 Maj:t
378 904 100 31 måtte
503 904 139 38 anhålla,
666 908 51 29 att
741 905 122 39 Kungl.
889 906 112 38 Maj:t,
1028 907 74 31 med
1125 906 181 32 beaktande
1329 917 41 21 av
1393 908 12 31 i
1429 908 163 31 motionen

103 957 138 31 anförda
256 958 215 38 synpunkter,
491 958 76 32 ville
585 958 194 32 föranstalta
794 969 53 21 om
867 959 178 39 utredning
1063 960 163 38 angående
1247 960 163 39 riktlinjer
1428 961 55 31 för
1500 962 90 38 plan-

102 1010 154 40 läggning
282 1022 40 20 av
345 1011 210 39 bebyggelsen
581 1013 13 30 i
619 1012 183 32 Bohusläns
826 1012 176 40 fiskelägen
1025 1017 86 28 samt
1136 1014 52 31 för
1213 1014 172 39 riksdagen
1410 1015 181 39 framlägga

104 1064 40 32 de
163 1065 124 39 förslag
306 1065 109 31 vartill
435 1066 218 39 utredningen
671 1067 64 30 kan
753 1066 76 39 giva
849 1067 185 39 anledning.

186 1119 16 30 I
228 1119 97 39 fråga
350 1129 52 21 om
425 1120 235 39 motiveringen
686 1120 52 31 får
762 1121 158 34 utskottet
946 1121 137 32 hänvisa
1108 1121 50 32 till
1186 1121 62 32 den
1275 1122 75 31 med
1375 1122 215 31 förenämnda

103 1173 123 31 motion
244 1173 204 39 likalydande
465 1174 160 31 motionen
643 1174 53 31 II:
714 1175 70 31 379.

186 1227 54 31 Nu
262 1227 213 32 förevarande
495 1228 158 39 spörsmål
675 1229 60 30 har
758 1228 120 39 jämväl
901 1229 141 39 tidigare
1064 1230 86 33 varit
1173 1229 133 32 föremål
1329 1230 54 31 för
1406 1230 185 39 riksdagens

102 1281 170 39 prövning.

183 1335 68 31 Vid
274 1336 172 39 riksdagen
470 1337 81 30 1945
576 1336 205 32 hemställdes
804 1336 137 32 sålunda
963 1338 11 30 i
1001 1337 57 31 två
1082 1337 205 39 likalydande
1311 1338 167 38 motioner,
1505 1338 84 31 I:39

100 1389 61 31 och
186 1389 54 31 II:
265 1390 49 39 70,
340 1393 50 28 att
413 1390 173 39 riksdagen
609 1390 58 31 hos
690 1389 120 39 Kungl.
836 1390 103 38 Maj:t
962 1390 76 31 ville
1064 1390 126 40 begära,
1217 1393 50 29 att
1292 1400 40 22 en
1356 1391 167 31 kommitté
1548 1401 42 20 av

101 1451 161 30 personer,
290 1453 65 22 som
382 1445 60 37 äga
467 1444 158 38 ingående
649 1443 181 32 kännedom
857 1454 51 20 om
936 1444 211 38 fiskelägenas
1174 1444 188 39 näringsliv,
1394 1443 196 39 arbetsorga-

101 1497 137 31 nisation
259 1497 59 31 och
337 1496 186 39 bebyggelse
542 1501 84 28 samt
646 1497 203 33 förfarenhet
870 1499 11 30 i
901 1497 228 39 plantekniska
1150 1498 58 30 och
1228 1498 168 38 praktiska
1416 1499 89 36 värv,
1527 1497 64 32 till-

101 1551 102 31 sättes
221 1550 73 31 med
310 1550 150 39 uppdrag
477 1554 51 28 att
546 1550 216 31 framkomma
780 1551 73 31 med
873 1551 122 38 förslag
1016 1550 52 32 till
1088 1550 168 39 riktlinjer
1277 1551 52 31 för
1348 1551 163 38 reglering
1531 1551 59 31 och

101 1604 237 39 planläggning
360 1614 40 21 av
421 1604 213 39 bebyggelsen
655 1604 13 30 i
690 1604 181 31 Bohusläns
894 1604 185 38 fiskelägen.

185 1659 17 29 I
221 1659 56 30 sitt
296 1658 176 43 utlåtande,
492 1669 42 20 nr
553 1659 28 37 3,
602 1657 188 32 hemställde
809 1658 104 31 första
933 1658 202 32 kammarens
1154 1658 103 32 andra
1277 1657 164 40 tillfälliga
1459 1659 129 38 utskott,

101 1716 50 28 att
174 1712 159 31 motionen
359 1712 33 31 I:
417 1712 38 31 39
482 1712 67 31 icke
574 1713 100 31 måtte
699 1712 51 31 till
775 1713 107 37 någon
907 1712 104 31 första
1036 1712 202 32 kammarens
1263 1712 118 38 åtgärd
1408 1712 179 31 föranleda.

100 1766 118 31 Första
232 1766 184 31 kammaren
431 1765 95 32 biföll
541 1766 171 31 utskottets
727 1766 200 31 hemställan.
945 1766 118 31 Andra
1078 1766 205 32 kammarens
1300 1766 107 38 tredje
1424 1765 166 39 tillfälliga

101 1821 123 31 utskott
247 1820 178 38 tillstyrkte
448 1821 10 29 i
482 1820 60 32 sitt
566 1820 168 31 utlåtande
758 1830 42 20 nr
826 1820 17 30 9
869 1819 95 31 bifall
989 1819 50 31 till
1063 1820 158 31 motionen
1249 1820 54 30 II:
1327 1819 49 39 70,
1401 1819 60 31 och
1487 1819 101 31 andra

100 1874 184 31 kammaren
305 1873 100 33 beslöt
428 1874 11 30 i
463 1874 141 38 enlighet
626 1874 139 31 härmed.
792 1874 48 30 På
863 1873 110 38 grund
995 1883 41 21 av
1063 1873 188 31 kamrarnas
1274 1873 83 31 olika
1379 1873 105 31 beslut
1507 1872 82 31 hade

99 1927 138 32 sålunda
257 1928 117 37 frågan
397 1928 50 30 för
469 1928 106 31 denna
594 1928 88 38 gång
703 1927 94 35 fallit.

185 2004 84 33 Över
290 2016 46 21 nu
362 2006 213 32 förevarande
596 2006 121 31 motion
739 2006 62 32 har
824 2006 156 35 utskottet
1004 2006 160 32 inhämtat
1189 2005 191 33 utlåtanden
1405 2006 77 31 från
1507 2006 81 31 läns-

99 2060 154 38 styrelsen
267 2060 10 30 i
293 2060 177 38 Göteborgs
484 2061 57 30 och
557 2060 110 31 Bohus
682 2060 64 39 län,
761 2070 68 21 som
844 2061 12 30 i
872 2061 49 30 sin
936 2064 55 27 tur
1006 2060 74 31 hört
1096 2060 102 31 länets
1213 2058 372 40 hushållningssällskap,

98 2114 76 31 från
196 2114 323 38 byggnadsstyrelsen
540 2119 84 27 samt
646 2115 75 30 från
745 2114 140 32 Svenska
907 2115 310 31 västkustfiskarnas
1241 2115 279 31 centralförbund.

180 2192 242 38 Länsstyrelsen
439 2193 13 30 i
471 2193 176 37 Göteborgs
664 2193 57 30 och
739 2193 112 31 Bohus
869 2194 54 30 län
941 2193 153 31 hänvisar
1110 2193 50 31 till
1176 2194 59 32 sitt
1252 2194 89 31 förra
1359 2194 71 33 året
1448 2194 138 39 avgivna

98 2246 160 37 yttrande,
279 2255 66 22 som
364 2246 106 30 finnes
488 2246 157 38 återgivet
664 2247 10 29 i
693 2246 105 31 första
815 2246 201 31 kammarens
1034 2246 104 32 andra
1157 2247 167 38 tillfälliga
1344 2247 142 32 utskotts
1505 2247 80 31 utlå-

99 2299 99 30 tande
220 2309 40 20 nr
282 2299 18 30 3
323 2298 56 31 vid
402 2299 79 30 1945
503 2300 55 30 års
579 2299 139 38 riksdag,
740 2306 86 27 samt
847 2300 103 30 anför.

180 2380 243 38 Länsstyrelsen
450 2380 62 31 har
536 2380 69 31 icke
631 2380 113 31 funnit
769 2380 179 38 anledning
973 2384 50 28 att
1048 2381 117 37 frångå
1191 2381 63 30 den
1279 2380 210 38 ståndpunkt,
1517 2389 67 22 som

98 2425 226 37 länsstyrelsen
347 2425 89 37 intog
460 2425 9 30 i
493 2434 123 22 samma
637 2424 159 38 yttrande.
822 2425 245 38 Länsstyrelsen
1089 2435 94 21 anser
1207 2425 139 31 sålunda
1371 2425 213 37 fortfarande,

99 2473 49 29 att
165 2469 55 33 det
238 2469 66 31 icke
324 2468 89 32 torde
434 2468 66 32 låta
517 2469 51 38 sig
587 2470 77 37 göra
684 2473 49 27 att
753 2469 65 32 lösa
839 2469 157 38 frågorna
1013 2479 53 21 om
1088 2470 161 39 reglering
1267 2472 60 29 och
1347 2472 238 39 planläggning

97 2524 40 21 av
160 2513 209 39 bebyggelsen
393 2514 10 30 i
429 2514 184 30 Bohusläns
637 2514 175 38 fiskelägen
840 2524 112 28 genom
975 2514 212 32 utarbetande
1213 2526 41 21 av
1277 2516 120 32 sådana
1424 2517 160 32 allmänna

142 2567 128 38 Bihang
288 2567 49 32 till
354 2567 188 37 riksdagens
557 2567 161 39 protokoll
735 2569 90 29 1946.
845 2570 40 29 12
902 2567 87 32 saml.
1008 2571 20 28 2
1046 2568 71 31 avd.
1138 2568 49 32 Nr
1204 2572 27 28 9.
