1878 2786
440 162 298 35 Statsutskottets
756 161 186 34 utlåtande
962 173 42 21 nr
1022 163 45 31 50
1086 160 39 33 år
1145 162 89 31 1956
1564 161 20 29 9

93 243 87 33 skall
203 243 122 33 kunna
347 242 178 42 förelägga
547 241 184 42 riksdagen
755 245 53 29 ett
831 240 130 41 förslag
983 252 58 20 om
1064 238 221 34 inrättandet
1309 250 45 21 av
1377 242 54 29 ett
1454 237 129 33 sådant

93 288 173 40 chefsråd,
294 300 74 20 som
396 287 108 33 sedan
532 286 10 33 i
569 286 53 33 sin
649 291 59 28 tur
735 286 63 33 bör
824 297 58 30 ges
911 284 198 43 uppdraget
1137 288 55 28 att
1220 282 266 34 sammanställa
1514 281 67 33 den

93 332 157 34 önskade
265 332 313 42 långsiktsplanen.

139 404 18 33 I
176 403 183 34 motionen
377 403 53 34 II:
442 405 68 32 536
530 402 64 34 har
613 402 135 34 anförts
769 401 107 34 bland
898 407 111 29 annat
1029 400 167 42 följande.

140 467 140 43 Sverige
300 471 80 39 äger
398 480 43 21 en
460 471 129 30 nästan
608 467 189 42 outtömlig
816 467 98 33 skatt
934 478 45 22 av
998 467 116 42 gamla
1134 466 93 34 visor
1246 466 66 34 och
1331 466 252 34 folkmelodier.

94 512 138 34 Genom
257 512 283 43 framsyntheten
564 512 63 33 hos
653 513 85 32 våra
763 511 368 34 folkminnesforskare
1157 512 64 32 har
1245 515 54 30 ett
1323 511 145 42 mycket
1494 515 90 29 stort

94 558 97 33 antal
210 570 44 21 av
271 558 111 39 dessa,
399 557 249 34 företrädesvis
665 557 94 33 äldre
777 557 103 39 visor,
898 556 103 35 blivit
1018 555 248 43 upptecknade
1283 556 65 33 och
1366 555 217 34 arkiverade.

93 602 92 33 Man
203 603 129 33 räknar
349 602 150 34 sålunda
515 603 81 33 med
615 607 55 28 att
688 601 60 34 det
765 601 93 33 finns
876 601 129 33 mellan
1026 604 64 30 170
1106 604 65 30 000
1190 600 66 33 och
1274 603 66 30 200
1355 603 65 30 000
1440 599 143 42 visupp-

93 647 143 33 skrifter
257 647 65 33 och
345 646 217 43 visavtryck.
596 647 113 32 Dessa
731 649 38 30 är
790 645 188 43 utspridda
999 646 47 42 på
1068 650 53 28 ett
1145 645 110 34 30-tal
1278 644 111 40 arkiv,
1412 644 172 33 bibliotek

94 692 66 33 och
177 692 167 33 liknande
361 691 252 34 institutioner.

140 737 81 33 Den
241 749 75 21 som
337 737 95 33 velat
452 736 199 33 undersöka
671 735 239 34 förekomsten
930 735 66 33 och
1017 734 225 43 spridningen
1264 747 45 21 av
1329 747 43 21 en
1392 735 96 33 äldre
1509 734 75 34 visa

93 781 11 33 i
123 782 129 33 svensk
269 781 246 34 folktradition
534 781 64 33 har
615 780 192 34 emellertid
825 781 48 41 på
890 780 114 42 grund
1023 792 45 21 av
1087 779 496 42 undersökningsmaterialets

94 831 96 29 stora
208 826 225 42 utspridning
450 829 91 30 stött
558 826 48 42 på
621 826 144 42 mycket
783 830 97 28 stora
896 824 185 43 praktiska
1098 824 66 34 och
1182 824 254 33 tidskrävande
1454 823 130 42 svårig-

93 870 110 35 heter.
237 872 52 33 Ur
309 870 385 43 forskningssynpunkt
715 870 64 33 har
800 870 61 33 det
883 869 119 34 därför
1024 873 70 29 tett
1117 869 52 42 sig
1190 869 183 42 angeläget
1395 873 56 29 att
1474 868 111 41 skapa

93 920 54 29 ett
168 916 151 34 centralt
340 916 66 34 och
427 915 265 42 lättillgängligt
713 915 143 42 register
878 917 84 31 över
983 914 86 33 våra
1090 913 179 40 folkvisor,
1291 912 75 34 däri
1388 912 197 42 inbegripet

95 960 357 43 skillingtrycksvisor
469 961 66 33 och
553 960 126 42 dylikt.
708 960 55 33 En
782 959 111 34 sådan
912 958 203 34 institution
1132 978 47 5 —
1196 957 152 34 Svenskt
1368 957 155 33 visarkiv
1540 977 46 4 —

93 1005 139 34 tillkom
255 1006 107 33 också
383 1005 11 33 i
416 1005 71 42 maj
515 1008 84 30 1951
625 1005 46 42 på
694 1004 156 34 initiativ
873 1015 46 22 av
942 1003 107 33 bland
1074 1007 110 29 annat
1206 1001 231 34 intresserade
1460 1001 123 33 folklo-

94 1050 101 34 rister
214 1051 67 33 och
299 1050 274 34 musikforskare
593 1050 66 33 och
679 1049 64 34 har
761 1049 145 41 nedlagt
924 1053 54 28 ett
998 1047 224 34 omfattande
1242 1046 64 34 och
1328 1046 256 34 beaktansvärt

95 1095 121 34 arbete
236 1096 48 42 på
304 1094 317 43 katalogiseringen
641 1106 46 21 av
708 1094 94 33 äldre
825 1093 94 33 visor
940 1092 66 34 och
1026 1091 252 35 folkmelodier.

139 1139 166 34 Arkivets
331 1139 142 43 uppgift
499 1142 39 31 är
563 1138 148 35 sålunda
736 1138 108 43 enligt
871 1137 202 43 stadgarna:
1101 1142 56 28 att
1183 1137 111 41 skapa
1320 1136 156 34 översikt
1502 1139 83 30 över

95 1185 61 33 det
176 1185 94 34 äldre
291 1185 151 33 svenska
461 1184 263 39 vismaterialet,
745 1188 55 28 att
819 1182 149 34 medelst
987 1181 182 43 kopiering
1187 1182 47 42 på
1253 1181 161 42 lämpligt
1435 1184 73 30 sätt
1527 1181 58 33 be-

95 1242 87 21 vara
199 1229 279 43 representativa
495 1229 66 34 och
579 1228 195 34 värdefulla
792 1227 95 34 delar
906 1239 46 21 av
970 1227 102 33 detta
1088 1226 172 39 material,
1279 1231 55 29 att
1352 1226 104 33 ställa
1474 1225 111 33 hand-

94 1274 144 34 skrivna
259 1275 82 33 eller
361 1274 11 33 i
395 1274 118 42 övrigt
534 1273 275 42 svåråtkomliga
831 1271 246 43 vissamlingar
1098 1271 53 33 till
1174 1270 172 34 forskares
1369 1270 67 33 och
1459 1270 125 34 Visans

94 1322 151 31 vänners
273 1319 206 42 förfogande
507 1330 125 31 genom
660 1323 56 28 att
743 1317 159 34 anordna
929 1321 54 29 ett
1009 1316 151 34 centralt
1188 1315 100 34 arkiv
1315 1314 81 34 med
1423 1314 162 42 kopierat

94 1364 173 40 material,
299 1369 56 28 att
384 1364 11 33 i
427 1363 198 34 samarbete
656 1363 80 33 med
768 1361 267 42 vetenskapliga
1066 1360 241 34 institutioner
1338 1359 149 33 insamla
1519 1358 66 34 och

95 1409 131 33 bevara
252 1408 294 43 primärmaterial
573 1407 54 34 för
653 1406 292 42 visforskningen,
973 1411 56 28 att
1057 1405 108 33 verka
1192 1404 54 33 för
1273 1403 230 43 systematisk
1529 1407 56 29 ut-

94 1453 183 43 forskning
301 1465 46 21 av
371 1453 152 33 svenska
547 1452 93 33 visor
663 1463 126 30 genom
814 1455 56 29 att
894 1450 108 34 bland
1028 1454 111 29 annat
1163 1448 199 42 organisera
1386 1447 128 42 utbyte
1540 1458 45 21 av

94 1498 162 42 kopierat
284 1498 160 33 material
474 1497 129 34 mellan
632 1496 94 34 olika
753 1496 152 33 svenska
933 1494 243 34 institutioner
1205 1498 92 29 samt
1327 1496 55 29 att
1411 1490 174 42 befrämja

95 1543 211 33 samverkan
332 1542 96 33 inom
455 1542 144 33 nordisk
627 1540 236 42 visforskning
889 1551 126 31 genom
1042 1538 121 43 dylika
1190 1537 153 42 utbyten
1370 1536 11 33 i
1408 1535 94 43 syfte
1530 1540 55 28 att

96 1588 207 42 möjliggöra
324 1587 178 34 överblick
523 1590 84 30 över
626 1586 80 33 hela
727 1585 60 34 det
807 1585 167 33 nordiska
996 1583 264 34 vismaterialet.

140 1632 161 40 Årkivet,
318 1644 80 21 vars
415 1632 121 33 arbete
553 1631 110 34 under
681 1630 110 34 första
808 1630 99 34 tiden
924 1628 234 44 möjliggjorts
1175 1641 125 31 genom
1317 1629 142 42 privata
1477 1628 108 34 dona-

94 1676 221 41 tionsmedel,
342 1677 139 33 brottas
508 1675 193 34 emellertid
729 1675 81 33 med
838 1679 97 29 stora
962 1674 231 34 ekonomiska
1221 1674 225 42 svårigheter,
1476 1673 110 33 vilket

96 1722 9 33 i
124 1722 53 33 sin
194 1727 60 29 tur
270 1722 125 33 verkat
412 1721 117 33 starkt
545 1720 213 34 hämmande
775 1720 47 42 på
838 1719 78 34 dess
934 1718 222 43 möjligheter
1174 1723 55 28 att
1246 1718 146 33 bedriva
1409 1722 54 29 ett
1480 1717 105 34 ratio-

95 1767 87 33 nellt
204 1766 66 34 och
293 1766 166 42 utvidgat
483 1764 331 43 forskningsarbete.
837 1764 141 33 Bristen
1002 1764 47 42 på
1071 1763 113 33 medel
1208 1762 206 42 omöjliggör
1438 1762 148 33 sålunda

96 1811 68 33 den
187 1811 137 34 snabba
344 1810 189 42 insamling
555 1822 44 21 av
621 1809 335 42 kataloguppgifter,
979 1820 75 21 som
1078 1811 38 30 är
1138 1820 45 20 av
1205 1807 116 33 nöden
1343 1806 81 34 med
1447 1806 139 41 hänsyn

96 1856 53 34 till
170 1856 153 33 behovet
343 1868 45 21 av
407 1860 56 29 att
482 1855 53 33 till
555 1854 242 42 forskningens
817 1853 152 33 fromma
988 1852 38 34 få
1044 1864 44 21 en
1107 1852 179 33 överblick
1306 1863 44 21 av
1370 1851 61 33 det
1451 1850 135 34 aktuel-

95 1900 89 34 laste
208 1899 274 43 upptecknings-
506 1899 65 33 och
594 1898 354 42 inspelningsarbetet
972 1901 60 29 ute
1056 1896 10 33 i
1090 1896 192 42 bygderna.
1305 1895 130 33 Likaså
1459 1895 127 33 saknas

96 1945 113 33 medel
231 1945 54 33 för
306 1944 238 34 anställandet
567 1955 44 21 av
633 1942 163 43 behövlig
817 1940 217 35 arbetskraft
1055 1940 55 34 för
1131 1940 61 33 det
1214 1940 138 33 interna
1372 1938 214 42 kopierings-

96 1990 66 33 och
183 1988 445 43 mikrofilmningsarbetet.
661 1988 66 33 Ett
749 1987 120 42 anslag
890 1986 78 33 från
990 1983 383 36 lotterimedelsfonden
1395 1984 46 41 på
1465 1986 41 30 10
1521 1986 66 29 000

97 2035 131 33 kronor
252 2034 111 33 under
388 2034 37 33 år
452 2036 87 30 1955
565 2033 65 33 och
656 2036 52 29 ett
733 2032 71 33 lika
830 2036 91 28 stort
947 2030 122 42 anslag
1093 2029 78 33 från
1197 2028 130 34 fonden
1353 2027 55 34 för
1433 2028 38 32 år
1498 2030 87 30 1956

97 2080 121 32 räcker
241 2078 149 34 sålunda
411 2078 74 33 inte
510 2076 278 34 tillnärmelsevis
811 2075 51 34 till
887 2075 54 33 för
964 2074 216 33 avlönandet
1204 2085 45 21 av
1272 2072 68 33 den
1363 2071 224 41 erforderliga

98 2123 260 34 arbetskraften
379 2123 82 32 eller
481 2122 55 33 för
557 2121 250 33 anskaffandet
828 2132 45 21 av
894 2118 222 42 nödvändigt
1137 2116 213 44 kopierings-
1372 2116 66 33 och
1459 2115 128 33 mikro-

98 2166 352 43 filmningsmaterial.

147 2276 186 34 Utskottet
349 2276 58 32 vill
426 2275 54 33 för
497 2274 52 34 sin
567 2275 54 32 del
639 2274 235 41 understryka
892 2272 205 42 betydelsen
1116 2285 45 20 av
1178 2277 55 28 att
1250 2272 167 42 lämpliga
1434 2272 153 33 rationa-

96 2328 323 43 liseringsåtgärder
444 2327 81 34 med
553 2327 171 33 avseende
751 2328 20 32 å
796 2325 317 42 katalogiseringen
1139 2326 144 32 komma
1308 2325 52 33 till
1389 2325 117 33 stånd.
1532 2325 55 33 En

97 2383 131 32 central]
253 2380 271 43 katalogisering
545 2380 59 33 vid
625 2380 119 41 kungl.
766 2379 209 33 biblioteket
996 2391 45 20 av
1062 2378 60 33 det
1144 2378 150 33 svenska
1314 2378 142 41 trycket
1478 2378 109 33 skulle

97 2455 46 4 —
162 2435 110 33 såvitt
293 2435 177 33 utskottet
490 2434 69 33 kan
581 2433 98 33 finna
697 2453 46 4 —
762 2432 169 34 innebära
950 2443 43 21 en
1014 2431 172 34 värdefull
1209 2431 123 42 åtgärd
1353 2431 10 33 i
1384 2430 99 42 dylik
1503 2431 84 32 rikt-

99 2488 94 43 ning.
222 2489 53 33 På
291 2488 110 42 grund
422 2500 45 20 av
486 2487 215 41 svårigheter
719 2491 55 28 att
791 2498 45 21 nu
858 2485 151 34 bedöma
1027 2485 117 33 vilken
1163 2484 158 43 personal
1341 2496 75 21 som
1434 2504 46 4 —
1498 2483 89 34 både
