1866 2850
280 168 18 30 4
402 168 244 32 Sammansatt
666 167 113 31 andra
799 167 74 37 lag-
894 166 65 31 och
977 165 350 38 jordbruksutskotts
1347 164 188 32 utlåtande
1556 165 52 32 Nr
1633 166 30 30 3.

972 522 57 40 Nr
1057 523 37 39 3.

790 641 111 24 Ankom
920 641 44 23 till
982 640 164 31 riksdagens
1165 640 91 23 kansli
1276 639 54 24 den
1350 641 15 22 6
1384 639 72 31 april
1477 640 66 23 1932
1564 639 37 24 kl.
1624 640 28 23 11
1675 640 15 23 f.
1711 646 37 16 m.

381 732 194 32 Utlåtande
598 733 13 30 i
632 732 194 37 anledning
847 741 47 22 av
914 731 133 38 Kungl.
1069 731 129 37 Maj:ts
1218 731 222 37 proposition
1462 731 79 31 med
1564 730 138 38 förslag
1725 730 57 31 till

581 784 212 37 förordning
818 793 56 22 om
898 782 233 39 upphörande
1155 792 46 22 av
1225 783 156 31 kronans
1405 783 74 30 rätt
1505 782 57 31 till
1584 781 196 32 storverks-

580 836 82 31 träd
686 836 65 31 och
775 835 87 31 ekar
887 835 22 31 å
933 834 411 37 häradsallmänningar.

320 947 132 32 Genom
481 957 44 21 en
555 947 70 31 den
653 947 38 31 18
720 946 183 32 december
933 946 78 31 1931
1040 945 224 37 dagtecknad
1293 945 232 37 proposition,
1554 955 43 21 nr
1627 945 48 36 12,
1705 954 74 22 som

278 999 186 31 hänvisats
485 998 59 32 till
565 998 381 37 jordbruksutskottet,
967 998 65 31 har
1053 997 136 37 Kungl.
1210 996 120 37 Maj:t,
1352 997 113 31 under
1487 997 225 36 åberopande
1733 1007 46 20 av

278 1050 267 37 propositionen
573 1050 116 36 bilagt
717 1050 132 36 utdrag
877 1059 45 21 av
951 1048 391 37 statsrådsprotokollet
1370 1051 84 29 över
1483 1048 295 36 jordbruksären-

279 1102 77 36 den,
381 1101 189 37 föreslagit
592 1101 194 37 riksdagen
810 1102 56 31 att
889 1102 134 35 antaga
1047 1100 161 37 följande
1230 1100 136 36 förslag
1390 1100 57 31 till

312 1236 221 39 förordning
562 1244 61 22 om
652 1236 245 39 upphörande
925 1244 46 21 av
998 1236 165 29 kronans
1190 1236 75 28 rätt
1292 1235 55 29 till
1374 1235 280 30 storverksträd
1682 1235 70 30 och

735 1288 91 29 ekar
854 1286 22 30 å
904 1287 422 39 häradsallmänningar.

317 1394 222 37 Härigenom
565 1394 190 32 förordnas
779 1403 76 22 som
880 1393 121 37 följer:

990 1494 69 38 1$.

316 1567 79 31 Den
412 1567 75 30 rätt
506 1566 59 31 till
583 1565 267 33 storverksträd
867 1565 65 31 och
951 1565 85 31 ekar
1054 1565 22 31 å
1095 1564 370 37 häradsallmänning,
1485 1574 75 22 som
1579 1564 115 37 enligt
1713 1564 70 32 för-

278 1618 200 37 ordningen
499 1618 69 32 den
589 1618 41 31 26
650 1617 147 37 januari
820 1617 79 31 1894
921 1616 184 37 angående
1128 1616 281 37 hushållningen
1430 1616 80 32 med
1533 1617 42 31 de
1599 1616 184 31 allmänna

277 1670 179 37 skogarna
477 1670 13 30 i
509 1669 97 32 riket
627 1669 217 31 tillkommer
865 1668 148 36 kronan,
1033 1668 93 31 skall
1146 1668 164 37 upphöra
1333 1668 67 32 den
1421 1668 19 30 1
1460 1667 70 37 juli
1552 1667 88 37 1985,
1662 1668 65 32 där
1748 1667 34 38 ej

276 1724 112 30 annat
410 1721 105 37 följer
538 1732 46 21 av
606 1720 316 32 bestämmelserna
942 1720 12 31 i
975 1721 18 30 2
1016 1719 28 36 $.
1088 1719 119 32 Sedan
1228 1719 156 31 kronans
1407 1721 74 30 rätt
1504 1719 167 37 upphört,
1695 1729 83 22 vare

277 1773 443 36 allmänningsdelägarna
741 1772 227 36 berättigade
990 1773 63 34 att,
1077 1773 91 29 utan
1187 1772 216 35 erläggande
1426 1781 46 21 av
1494 1771 156 32 särskild
1673 1771 106 36 lösen,

279 1826 143 36 förfoga
442 1828 84 28 över
550 1824 126 37 dylika
698 1824 81 31 träd
801 1825 21 30 å
842 1823 271 36 allmänningen
1134 1823 47 36 på
1204 1825 72 30 sätt
1299 1832 74 22 som
1396 1823 113 36 gäller
1531 1833 58 21 om
1612 1823 133 36 skogen
1766 1823 13 31 i

277 1877 120 36 övrigt
423 1877 97 35 därå,
546 1877 66 30 och
639 1875 99 32 skola
764 1874 315 32 bestämmelserna
1104 1875 12 30 i
1142 1873 18 37 $
1185 1875 38 30 71
1247 1874 111 36 sagda
1384 1875 213 36 förordning
1623 1885 56 21 om
1704 1876 74 30 rätt

278 1929 55 31 för
353 1929 139 31 kronan
512 1928 58 31 till
589 1927 201 36 ersättning
813 1927 57 31 för
891 1926 266 32 storverksträd
1178 1925 85 32 eller
1284 1926 53 36 ek,
1359 1936 75 21 som
1454 1926 180 37 olovligen
1655 1936 123 21 avver-

279 1981 79 31 kats
382 1981 21 31 å
426 1978 370 37 häradsallmänning,
820 1978 79 31 icke
920 1978 123 31 vidare
1066 1977 107 37 gälla.

994 2078 68 37 28.

316 2151 69 33 Det
409 2151 138 36 åligger
571 2149 310 37 domänstyrelsen
905 2150 53 30 att
981 2149 91 31 efter
1097 2149 237 32 utfärdandet
1357 2159 46 21 av
1428 2149 116 32 denna
1568 2149 213 37 förordning

277 2202 261 37 ofördröjligen
558 2201 77 32 låta
658 2200 195 33 verkställa
875 2200 277 37 undersökning,
1174 2200 182 32 huruvida
1378 2202 21 30 å
1421 2200 360 38 häradsallmänning

277 2255 165 31 växande
459 2253 267 32 storverksträd
745 2252 85 31 eller
850 2252 43 31 ek
912 2252 63 31 bör
995 2251 113 37 enligt
1128 2251 106 37 lagen
1254 2252 67 31 den
1339 2252 38 31 25
1396 2252 80 37 juni
1497 2252 77 31 1909
1594 2254 184 36 angående

277 2304 418 34 naturminnesmärkens
716 2304 174 31 fredande
911 2303 172 37 fridlysas
1105 2304 116 30 såsom
1240 2304 138 31 sådant.
1420 2304 134 31 Finner
1575 2304 203 37 domänsty-

276 2358 117 31 relsen
414 2357 81 32 med
517 2356 176 32 avseende
717 2357 21 30 å
758 2355 74 32 viss
856 2354 359 37 häradsallmänning
1241 2354 219 38 fridlysning
1486 2355 86 32 böra
1595 2358 70 35 äga
1689 2366 89 26 rum,

278 2411 65 30 har
366 2408 175 38 styrelsen
567 2410 54 29 att
646 2408 77 30 före
746 2407 68 31 den
838 2407 17 30 1
879 2406 145 36 januari
1048 2406 79 31 1934
1150 2406 13 31 i
1187 2406 153 36 stadgad
1365 2406 153 37 ordning
1543 2407 125 32 därom
1692 2410 86 33 göra

277 2461 169 32 ansökan.
488 2459 116 32 Möter
625 2458 127 32 hinder
774 2458 126 32 härför
923 2459 45 35 på
988 2458 118 36 grund
1130 2467 46 21 av
1197 2460 140 34 vägran
1360 2459 82 30 från
1463 2458 214 37 delägarnas
1699 2459 78 31 sida
