1884 2790
467 163 117 29 Andra
601 160 246 37 lagutskottets
864 157 179 31 utlåtande
1058 166 40 20 nr
1113 157 19 28 6
1147 156 38 29 år
1204 155 80 29 1963
1599 150 18 28 3

129 255 237 32 betskraftens
398 252 214 38 anpassning
643 251 50 29 till
725 249 154 30 ändrade
921 246 254 31 förhållanden.
1218 243 116 37 Enligt
1375 240 241 32 överenskom-

131 301 130 30 melsen
285 300 88 30 skall
397 297 247 38 myndigheten
667 303 124 29 genom
814 295 50 28 att
886 292 191 30 informera
1099 291 41 29 de
1162 288 192 31 anställdas
1377 286 239 37 representan-

134 348 52 28 ter
208 354 56 21 om
286 344 136 30 verkets
445 342 162 30 tekniska
629 341 63 29 och
715 338 229 31 ekonomiska
966 335 243 30 förhållanden
1231 334 110 35 skapa
1362 330 182 38 möjlighet
1564 328 55 30 för

132 390 206 38 personalen
359 390 50 28 att
429 387 235 30 framkomma
685 385 76 29 med
782 383 147 37 uppslag
948 381 65 30 och
1032 380 218 38 synpunkter
1269 378 51 30 till
1340 384 87 30 gagn
1447 375 55 30 för
1519 374 98 30 verk-

132 436 181 29 samheten
328 434 65 29 och
407 433 51 31 till
474 431 210 36 förbättring
700 439 40 20 av
756 426 395 32 arbetsförhållandena.

177 480 59 30 Ett
260 478 108 31 motiv
393 477 54 30 för
472 474 373 39 företagsnämnderna
870 473 38 29 är
931 471 117 30 vidare
1073 471 39 28 de
1137 468 192 30 anställdas
1354 467 84 29 krav
1462 465 43 37 på
1528 464 89 30 ökad

133 526 103 36 insyn
265 524 10 29 i
302 522 277 31 verksamheten.
608 520 72 29 Mot
705 518 230 37 bakgrunden
963 525 41 20 av
1031 514 284 31 verksamhetens
1343 511 122 30 nutida
1492 508 128 31 förhål-

134 570 127 30 landen
285 569 65 29 har
375 568 56 29 det
454 565 181 31 framstått
659 573 74 21 som
758 562 178 33 önskvärt,
961 562 51 28 att
1035 561 65 29 den
1124 558 172 30 anställde
1319 557 69 29 kan
1413 555 34 30 få
1470 563 42 21 en
1535 562 85 28 upp-

134 614 154 37 fattning
316 621 56 21 om
400 612 66 30 den
494 618 86 30 egna
608 607 321 38 arbetsuppgiftens
956 605 185 37 betydelse,
1169 603 81 29 sedd
1279 602 9 29 i
1315 602 48 29 ett
1388 600 119 30 vidare
1532 607 89 21 sam-

136 659 187 36 manhang.
347 657 130 30 Genom
500 654 229 31 information
752 653 10 29 i
786 650 373 38 företagsnämnderna
1182 647 88 31 skall
1294 645 185 37 ledningen
1501 644 120 29 kunna

135 704 183 38 tillgodose
338 703 41 29 de
399 700 191 31 anställdas
611 698 153 37 anspråk
784 697 44 37 på
848 698 50 28 att
917 695 36 30 få
972 694 143 37 tillgång
1134 693 52 29 till
1206 692 132 30 sådana
1358 688 262 39 upplysningar,

138 750 51 29 att
209 749 41 29 de
270 748 120 29 kunna
408 746 95 30 bilda
523 744 51 38 sig
592 753 42 21 en
655 743 105 37 riktig
779 739 244 37 föreställning
1041 748 56 20 om
1116 736 268 31 verksamheten
1402 734 65 30 och
1486 734 40 29 de
1544 733 79 29 eko-

136 793 162 30 nomiska
326 790 267 32 förhållandena
620 788 95 30 inom
743 787 119 30 verket
888 785 65 30 och
980 792 39 29 ge
1046 783 52 30 sin
1126 782 141 37 mening
1292 780 173 31 tillkänna
1491 778 132 30 därom.

137 837 248 39 Myndigheten
406 836 65 29 har
492 833 204 38 härigenom
719 833 85 29 även
828 830 67 30 fått
916 828 183 38 möjlighet
1120 828 50 29 att
1191 827 118 29 lämna
1331 824 132 31 sådana
1482 822 141 38 upplys-

138 883 134 37 ningar,
297 883 51 28 att
370 880 193 31 eventuella
587 876 247 32 missförstånd
857 875 105 30 bland
986 874 40 29 de
1049 872 172 31 anställda
1243 869 223 31 beträffande
1486 867 137 30 verkets

139 927 246 31 förhållanden
403 926 121 29 kunna
543 923 170 38 skingras.

182 972 12 29 I
217 971 91 38 syfte
329 971 51 29 att
400 970 219 36 tillvarataga
640 968 40 29 de
701 966 192 30 anställdas
914 963 237 31 erfarenheter
1171 961 64 29 och
1256 960 146 30 insikter
1423 959 36 28 är
1480 958 56 29 det
1555 956 68 30 för-

139 1018 120 32 utsatt,
281 1017 50 29 att
352 1024 81 21 man
455 1014 10 30 i
486 1012 374 38 företagsnämnderna
881 1008 179 31 samråder
1080 1016 55 20 om
1156 1006 55 30 för
1229 1005 122 31 verket
1368 1003 65 30 och
1453 1003 77 29 dess
1550 1010 74 28 per-

138 1062 98 29 sonal
257 1060 193 37 väsentliga
471 1059 128 36 frågor.
622 1057 49 29 Av
693 1055 194 31 samrådets
909 1054 104 30 natur
1035 1052 113 37 följer,
1170 1052 50 29 att
1240 1050 95 30 detta
1356 1047 137 38 föregår
1512 1046 112 30 beslu-

137 1108 76 28 tens
229 1106 159 30 fattande
401 1104 65 30 och
481 1102 194 32 eventuella
689 1100 266 37 förändringars
971 1096 282 39 genomförande.

181 1150 182 31 Samrådet
380 1149 192 37 inrymmer
590 1148 86 28 även
695 1145 221 38 möjligheter
935 1145 50 28 att
1002 1141 130 37 främja
1149 1142 49 28 ett
1214 1141 73 36 gott
1306 1137 218 31 förhållande
1542 1136 81 29 mel-

139 1197 57 29 lan
212 1194 259 37 arbetsledning
485 1193 65 30 och
564 1191 173 39 personal.

182 1240 130 31 Genom
344 1236 418 40 förslagsverksamheten
794 1235 45 29 ha
870 1235 40 30 de
941 1232 172 31 anställda
1144 1231 183 38 möjlighet
1356 1231 51 29 att
1436 1229 10 30 i
1475 1227 150 32 särskild

138 1285 149 37 ordning
311 1283 171 31 framföra
506 1281 130 38 förslag
659 1281 51 29 till
735 1287 89 31 gagn
848 1279 54 30 för
924 1278 121 30 verket
1066 1277 63 29 och
1152 1277 78 29 dess
1253 1275 160 38 personal
1437 1275 91 29 samt
1549 1269 77 46 där-

140 1330 111 37 jämte
271 1329 71 30 rätt
362 1329 50 29 att
433 1327 35 31 få
490 1328 101 30 dessa
612 1325 132 37 förslag
764 1324 172 31 bedömda
955 1332 44 20 av
1021 1321 344 37 företagsnämnden.
1386 1320 66 29 Det
1473 1318 64 30 har
1559 1317 69 30 för-

142 1376 140 33 utsatts,
307 1375 50 29 att
380 1373 127 30 liksom
531 1371 248 38 myndigheten
803 1370 87 29 skall
915 1368 85 30 söka
1023 1367 198 30 underlätta
1244 1366 54 29 för
1321 1366 40 29 de
1385 1364 171 30 anställda
1579 1364 50 28 att

143 1421 143 29 komma
308 1418 91 30 fram
424 1418 77 29 med
526 1417 140 36 förslag,
691 1416 40 29 de
756 1414 174 30 anställda
953 1412 98 30 skola
1073 1412 82 36 göra
1178 1411 60 29 sitt
1260 1410 100 30 bästa
1382 1409 54 30 för
1459 1410 50 28 att
1531 1408 98 37 lägga

143 1465 92 29 fram
252 1464 118 37 dylika
387 1460 373 38 förbättringsförslag.

188 1544 116 37 Enligt
333 1543 189 30 cirkuläret
552 1541 86 29 skall
683 1538 285 38 företagsnämnd
1010 1537 113 29 såsom
1163 1544 107 28 organ
1312 1534 53 30 för
1404 1532 226 31 information

144 1599 64 29 och
230 1598 138 30 samråd
390 1597 148 29 inrättas
558 1594 55 30 vid
634 1594 84 30 verk
740 1594 75 28 med
838 1592 7 29 i
866 1592 89 37 regel
977 1590 105 30 minst
1102 1590 39 29 50
1162 1589 184 33 anställda,
1367 1587 147 31 såframt
1534 1595 96 28 myn-

145 1652 162 37 digheten
330 1651 81 29 eller
434 1647 447 39 personalorganisationen
904 1645 104 37 begär
1029 1645 66 29 det.
1117 1643 63 30 Vid
1204 1643 93 34 verk,
1319 1642 62 30 där
1403 1641 86 29 flera
1510 1640 121 29 nämn-

145 1706 59 29 der
234 1706 158 32 inrättas,
421 1703 56 30 må
507 1702 117 30 finnas
653 1711 40 19 en
723 1700 131 30 central
884 1698 296 37 företagsnämnd.
1210 1697 151 29 Inrättas
1389 1695 74 29 icke
1491 1693 141 34 nämnd,

146 1760 88 29 skall
259 1768 55 20 om
340 1757 245 38 myndigheten
610 1756 82 29 eller
716 1752 447 39 personalorganisationen
1187 1750 37 30 så
1248 1749 158 37 påkallar
1428 1749 94 28 utses
1544 1746 89 30 före-

147 1812 217 38 tagsombud.
392 1812 64 28 Det
486 1809 219 30 föreskrives,
733 1809 50 28 att
812 1807 107 37 fråga,
946 1814 75 21 som
1048 1806 38 28 är
1113 1804 153 37 reglerad
1295 1812 40 20 av
1362 1796 271 47 kollektivavtal,

146 1865 196 37 avlönings-
375 1864 81 30 eller
490 1861 443 37 anställningsreglemente
966 1859 81 29 eller
1080 1858 109 28 andra
1221 1855 244 30 motsvarande
1497 1849 138 46 författ-

148 1920 123 37 ningar
294 1919 81 29 eller
398 1916 230 31 föreskrifter,
651 1915 29 36 ej
706 1915 54 28 får
780 1913 192 30 behandlas
995 1921 39 20 av
1056 1911 141 30 nämnd.
1219 1910 237 36 Uppkommer
1477 1907 157 30 däremot

149 1973 97 37 fråga
275 1981 55 20 om
360 1970 246 37 nedläggande,
636 1968 190 29 inställelse
854 1967 81 29 eller
973 1964 168 36 väsentlig
1180 1962 256 37 inskränkning
1474 1971 40 20 av
1552 1960 83 30 drif-

150 2029 54 27 ten
234 2027 93 29 inom
355 2024 193 30 nämndens
575 2022 151 33 område,
753 2021 87 29 skall
869 2020 7 29 i
903 2019 37 29 så
966 2019 63 36 god
1056 2018 47 29 tid
1131 2026 73 20 som
1232 2016 147 37 möjligt,
1406 2015 106 29 innan
1538 2014 95 36 dylik

149 2080 121 37 åtgärd
300 2079 165 35 vidtages,
496 2076 138 30 samråd
665 2076 121 28 därom
817 2074 61 35 äga
909 2081 76 20 rum
1016 2071 91 29 inom
1138 2070 186 29 nämnden.
1353 2069 125 29 Därest
1506 2067 129 29 nämnd

151 2134 147 29 inrättas
315 2133 80 28 eller
412 2129 282 37 företagsombud
712 2130 105 31 utses,
834 2127 87 28 skall
937 2126 92 28 vissa
1045 2125 54 29 vid
1115 2123 191 29 cirkuläret
1320 2122 123 37 fogade
1458 2121 177 29 allmänna

150 2187 151 36 grunder
329 2186 7 28 i
364 2183 206 37 tillämpliga
596 2182 95 29 delar
718 2181 97 36 tjäna
843 2180 113 29 såsom
985 2177 184 36 riktlinjer.
1196 2176 117 37 Enligt
1337 2176 99 29 dessa
1461 2174 63 29 har
1549 2174 87 28 före-

151 2239 207 38 tagsnämnd
379 2238 49 29 till
449 2236 138 36 uppgift
604 2237 49 27 att
673 2233 239 37 upprätthålla
932 2231 219 36 fortlöpande
1170 2229 207 30 samverkan
1396 2228 125 29 mellan
1541 2236 96 27 myn-

151 2293 160 36 digheten
342 2291 62 29 och
434 2289 203 36 personalen
670 2288 6 28 i
707 2287 90 36 syfte
826 2287 49 27 att
903 2284 242 30 åstadkomma
1173 2283 99 28 bästa
1301 2281 142 36 möjliga
1471 2279 167 30 arbetsre-

152 2347 107 28 sultat
285 2343 62 30 och
374 2343 181 36 betjäning
582 2351 39 19 av
648 2340 246 29 allmänheten,
921 2339 48 27 att
996 2336 124 29 bereda
1145 2335 205 37 personalen
1377 2333 107 29 insikt
1508 2333 9 29 i
1541 2333 97 28 verk-

153 2400 198 28 samhetens
378 2395 238 31 ekonomiska,
643 2392 297 36 organisatoriska
966 2390 62 28 och
1057 2389 159 29 tekniska
1242 2387 207 36 betingelser
1472 2385 64 30 och
1561 2386 77 28 dess

156 2453 154 30 resultat,
336 2453 48 27 alt
412 2450 104 29 verka
544 2448 53 28 för
622 2448 63 34 god
713 2445 226 35 hushållning
967 2444 73 28 med
1068 2441 213 30 arbetskraft
1306 2440 63 29 och
1398 2439 164 34 materiel,
1587 2439 49 29 att

155 2507 102 29 verka
283 2505 52 28 för
358 2503 171 30 säkerhet,
553 2501 149 29 sundhet
724 2500 62 27 och
812 2498 114 29 trivsel
951 2497 7 28 i
981 2497 140 31 arbetet,
1142 2497 50 27 alt
1215 2494 129 36 främja
1366 2493 135 29 verkets
1522 2493 117 35 yrkes-
