2216 2600
431 157 41 30 42
861 159 319 35 Bankoutskottets
1209 162 188 33 utlåtande
1426 164 52 32 Nr
1503 165 52 31 63.

388 234 154 48 sådana,
584 248 80 24 som
707 242 90 30 utav
839 237 263 37 erfarenheten
1143 239 120 36 visats
1292 253 89 22 vara
1409 254 47 22 av
1487 241 159 37 behovet
1674 243 313 50 oundgängligen

385 286 210 48 påkallade.
651 287 16 35 I
695 288 121 48 själva
843 289 138 37 verket
1002 302 113 35 synes
1144 290 63 36 det
1236 291 185 37 utskottet
1448 293 132 36 kunna
1598 293 255 49 ifrågasättas,
1873 296 114 37 huru-

385 337 88 37 vida
500 339 13 34 i
542 338 73 36 alla
643 339 214 37 avseenden
886 340 194 48 enhetliga
1107 342 284 38 bestämmelser
1419 344 208 49 lämpligen
1646 345 130 37 kunna
1797 346 190 38 meddelas

385 389 235 36 beträffande
662 390 73 36 alla
768 391 147 37 landets
944 391 99 37 olika
1071 393 245 49 sparbanker,
1346 395 101 37 vilka
1474 396 124 49 ifråga
1626 410 60 23 om
1716 398 171 36 struktur
1915 400 70 35 och

386 440 232 49 omfattning
659 442 111 36 växla
803 442 97 36 ifrån
928 445 81 34 små
1037 445 373 49 sockensparbanker
1438 448 86 36 med
1554 461 45 23 en
1628 449 244 49 synnerligen
1900 450 87 37 obe-

385 491 124 49 tydlig
537 493 237 48 omslutning
801 493 58 36 till
887 499 100 31 stora
1013 495 99 36 läns-
1141 497 90 35 eller
1255 498 350 48 stadssparbanker.
1649 500 72 37 Vid
1742 514 49 23 en
1811 501 175 37 blivande

383 543 165 36 revision
590 557 47 22 av
677 546 96 35 1892
804 547 59 33 års
892 546 276 49 sparbankslag
1196 561 115 35 synes
1339 549 128 37 vidare
1495 551 91 36 böra
1613 556 110 44 tagas
1752 553 150 49 hänsyn
1928 554 57 35 till

385 594 73 36 den
486 595 349 49 omständigheten,
864 602 54 31 att
946 597 396 49 sparbanksväsendet
1370 600 131 37 hittills
1522 602 133 36 vunnit
1674 603 58 36 sin
1752 605 233 49 utbredning

382 646 237 49 väsentligen
647 647 102 36 inom
780 648 111 36 södra
919 649 70 36 och
1019 650 186 36 mellersta
1235 650 157 50 Sverige
1420 653 71 36 och
1521 654 56 36 till
1606 655 304 37 önskvärdheten
1940 671 45 22 av

384 703 54 30 att
465 697 84 36 icke
578 711 138 35 genom
746 700 128 35 alltför
894 705 156 43 stränga
1069 701 349 49 lagbestämmelser
1436 705 170 37 försvåra
1624 719 45 23 en
1689 707 229 49 nybildning
1937 722 47 22 av

385 748 235 49 sparbanker
648 751 12 35 i
688 750 201 49 Norrland,
932 752 66 36 där
1026 753 45 36 de
1099 753 11 35 i
1139 757 140 44 många
1308 756 212 36 avseenden
1550 757 203 37 olikartade
1782 759 203 36 förhållan-

381 800 98 37 dena
498 801 67 36 allt
586 801 230 38 fortfarande
836 803 107 36 torde
963 804 150 48 påkalla
1131 805 284 38 bibehållandet
1435 821 46 23 av
1502 821 47 23 en
1562 809 152 36 relativt
1730 814 80 32 stor
1824 811 158 36 rörelse-

383 852 113 36 frihet
529 852 12 36 i
575 853 107 48 fråga
724 867 60 23 om
828 855 304 48 sparbankernas
1174 857 254 38 anordnande.
1484 859 46 49 Ej
1564 860 117 37 heller
1709 862 110 35 torde
1846 862 62 36 vid
1937 875 46 23 en

382 903 117 37 sådan
540 904 167 37 revision
748 906 92 36 böra
876 906 159 38 förbises
1065 908 326 50 angelägenheten
1419 924 46 23 av
1494 918 55 29 att
1572 912 82 36 icke
1682 925 140 36 genom
1851 914 132 48 lagens

380 954 254 50 ingripanden
664 957 234 49 framtvinga
926 972 46 22 en
1001 959 164 49 ändring
1192 974 48 23 av
1270 961 61 37 det
1359 962 134 37 hittills
1522 964 165 36 rådande
1715 964 169 50 lyckliga
1907 965 75 36 för-

381 1006 205 49 hållandet,
616 1013 53 31 att
698 1009 284 48 sparbankerna
1010 1011 87 35 tack
1125 1025 90 23 vare
1245 1026 47 22 en
1321 1013 107 37 enkel
1456 1015 73 35 och
1558 1015 90 48 föga
1674 1016 170 36 kostsam
1866 1017 116 36 admi-

381 1058 204 36 nistration
626 1065 99 30 samt
766 1065 91 31 över
898 1061 129 36 huvud
1069 1068 106 41 taget
1210 1063 57 35 till
1296 1064 93 48 följd
1419 1077 45 23 av
1493 1079 47 22 en
1568 1067 132 35 relativ
1728 1067 255 37 rörelsefrihet

382 1109 147 36 kunnat
569 1111 259 48 upprätthålla
861 1125 46 23 en
948 1112 106 49 lägre
1083 1114 186 48 marginal
1298 1115 138 36 mellan
1464 1116 57 36 in-
1551 1118 69 35 och
1649 1118 332 48 utlåningsräntan

380 1165 47 32 än
468 1162 105 48 varje
615 1175 125 23 annan
782 1164 384 50 penninginrättning
1193 1166 12 35 i
1233 1165 129 38 landet
1404 1167 69 36 och
1516 1171 48 46 på
1598 1169 123 48 grund
1751 1170 118 37 härav
1897 1171 84 36 med

380 1213 208 49 framgång
615 1214 145 36 kunnat
787 1221 172 43 upptaga
987 1217 128 36 tävlan
1143 1218 86 36 med
1259 1218 320 38 affärsbankerna.

509 1265 195 37 Utskottet
747 1266 68 36 vill.
862 1267 179 49 slutligen
1088 1268 210 49 framhålla,
1349 1275 53 31 att
1447 1274 129 46 någon
1610 1272 207 48 olägenhet
1845 1286 45 23 av
1926 1280 55 30 ett

380 1316 177 48 uppskov
599 1317 84 36 med
725 1331 47 22 en
813 1319 165 36 revision
1031 1333 45 22 av
1123 1320 327 50 sparbankslagen
1505 1323 83 36 icke
1641 1324 99 36 lärer
1795 1338 90 23 vara
1926 1331 56 30 att

378 1367 141 46 befara,
563 1371 41 33 så
645 1369 153 48 mycket
843 1370 146 36 mindre
1036 1385 81 22 som
1164 1372 62 36 det
1267 1373 68 35 här
1374 1374 246 38 förevarande
1648 1375 184 49 förslaget
1872 1377 108 49 inga-

377 1418 114 36 lunda
533 1419 122 37 skulle
700 1420 153 36 komma
903 1427 55 31 att
1006 1423 183 37 förbättra
1238 1424 235 49 ställningen
1531 1426 58 36 för
1643 1427 44 36 de
1738 1427 242 50 sparbanker,

378 1483 80 23 som
500 1470 58 36 till
599 1471 93 49 följd
736 1485 46 23 av
823 1472 73 37 den
936 1473 164 37 rådande
1133 1475 249 37 ekonomiska
1414 1477 126 37 krisen
1569 1492 50 22 nu
1647 1483 64 32 äro
1740 1480 12 34 i
1782 1479 123 36 behov
1933 1494 46 22 av

377 1521 185 49 tillfälligt
602 1524 84 35 stöd
727 1524 86 36 från
854 1524 63 37 det
958 1526 209 36 allmännas
1208 1527 94 36 sida.
1345 1528 16 35 I
1389 1529 98 47 syfte
1517 1534 55 31 att
1599 1530 246 49 understödja
1873 1531 107 37 dessa

377 1572 232 49 sparbanker
637 1574 68 36 har
735 1575 130 49 Kungl
894 1576 108 49 Maj:t
1029 1590 140 36 genom
1196 1579 161 36 särskild
1377 1581 237 48 proposition
1634 1581 183 49 framlagt
1837 1582 143 49 förslag

376 1624 59 35 till
471 1625 65 48 lag
565 1638 61 23 om
654 1630 82 33 rätt
755 1627 61 36 för
844 1628 191 48 sparbank
1063 1635 54 30 att
1144 1629 103 37 bilda
1276 1631 302 48 säkerhetsfond,
1608 1633 116 36 vilket
1751 1634 145 48 förslag
1922 1640 58 31 ut-

376 1676 142 36 skottet
546 1676 13 36 i
588 1681 54 32 ett
675 1677 123 37 denna
831 1678 75 49 dag
933 1680 154 48 avgivet
1115 1681 194 37 utlåtande
1336 1682 59 48 (nr
1424 1682 61 49 64)
1515 1683 12 36 i
1555 1683 198 38 huvudsak
1783 1686 194 48 tillstyrkt.

505 1727 87 37 Med
620 1728 151 49 hänsyn
800 1730 56 36 till
885 1731 73 36 den
986 1732 246 49 ståndpunkt,
1262 1734 186 36 utskottet
1467 1735 158 37 sålunda
1643 1736 140 48 intagit
1801 1737 13 35 i
1833 1737 145 36 huvud-

378 1779 148 48 frågan,
571 1779 106 38 torde
718 1781 165 47 givetvis
912 1786 95 33 även
1036 1783 62 36 det
1126 1797 46 22 av
1200 1784 143 49 Kungl.
1372 1786 107 48 Maj:t
1506 1787 13 35 i
1548 1787 182 37 samband
1758 1788 88 36 med
1874 1802 104 35 spar-

375 1829 238 50 bankslagen
642 1831 213 49 framlagda
884 1834 184 49 förslaget
1096 1835 56 36 till
1179 1836 65 48 lag
1272 1849 61 23 om
1362 1837 143 36 ändrad
1521 1838 142 49 lydelse
1683 1852 46 23 av
1750 1841 22 34 8
1793 1839 21 50 &
1834 1839 12 36 i
1865 1841 112 47 lagen

377 1881 72 36 den
489 1883 46 35 13
560 1882 72 49 juli
663 1884 96 35 1887
790 1885 197 46 angående
1015 1886 334 49 handelsregister,
1378 1889 107 36 firma
1515 1889 70 37 och
1613 1890 165 49 prokura
1807 1891 59 37 för
1893 1897 84 31 när-

375 1933 168 36 varande
570 1933 82 37 icke
679 1934 91 37 böra
801 1934 159 38 bifallas.

505 1984 305 44 Vidkommande
853 1987 45 37 de
934 1988 12 35 i
980 1992 127 33 ämnet
1148 1990 134 36 väckta
1310 1991 247 49 motionerna,
1586 1993 106 36 torde
1721 1994 191 37 desamma
1939 1995 38 36 få

374 2049 109 23 ansege
512 2036 208 38 besvarade
749 2050 139 36 genom
916 2039 73 36 vad
1017 2040 185 37 utskottet
1230 2042 70 36 här
1328 2056 97 23 ovan
1454 2044 134 36 anfört.

504 2087 130 38 Under
662 2089 241 50 åberopande
932 2104 45 23 av
1007 2092 62 36 det
1097 2093 158 37 sålunda
1284 2095 156 36 anförda
1469 2095 58 37 får
1554 2096 183 37 utskottet
1763 2096 214 49 hemställa,

910 2193 71 49 1:o)
1010 2200 54 31 att
1092 2195 143 49 Kungl.
1265 2196 128 50 Maj:ts
1422 2198 288 49 ifrågavarande
1738 2200 237 48 proposition

775 2258 45 22 nr
851 2247 69 34 147
952 2245 82 37 icke
1063 2249 60 34 må
1151 2260 46 24 av
1224 2248 205 50 riksdagen
1458 2249 168 47 bifallas;
1656 2257 97 30 samt
