<?xml version="1.0" encoding="UTF-8"?>
<alto xmlns="http://www.loc.gov/standards/alto/ns-v3#" xmlns:xlink="http://www.w3.org/1999/xlink" xmlns:xsi="http://www.w3.org/2001/XMLSchema-instance" xsi:schemaLocation="http://www.loc.gov/standards/alto/ns-v3# http://www.loc.gov/alto/v3/alto-3-0.xsd">
	<Description>
		<MeasurementUnit>pixel</MeasurementUnit>
		<sourceImageInformation>
			<fileName>/tmp/tess_3t3y3ghb_input.PNG</fileName>
		</sourceImageInformation>
		<OCRProcessing ID="OCR_0">
			<ocrProcessingStep>
				<processingSoftware>
					<softwareName>tesseract 5.3.0</softwareName>
				</processingSoftware>
			</ocrProcessingStep>
		</OCRProcessing>
	</Description>
	<Layout>
		<Page WIDTH="2269" HEIGHT="2661" PHYSICAL_IMG_NR="0" ID="page_0">
			<PrintSpace HPOS="0" VPOS="0" WIDTH="2269" HEIGHT="2661">
				<ComposedBlock ID="cblock_0" HPOS="803" VPOS="197" WIDTH="1015" HEIGHT="42">
					<TextBlock ID="block_0" HPOS="803" VPOS="197" WIDTH="1015" HEIGHT="42">
						<TextLine ID="line_0" HPOS="803" VPOS="197" WIDTH="1015" HEIGHT="42">
							<String ID="string_0" HPOS="803" VPOS="199" WIDTH="214" HEIGHT="40" WC="0.34" CONTENT="Loagutskottets"/><SP WIDTH="21" VPOS="199" HPOS="1017"/>
							<String ID="string_1" HPOS="1038" VPOS="200" WIDTH="149" HEIGHT="30" WC="0.95" CONTENT="utlåtande"/><SP WIDTH="21" VPOS="200" HPOS="1187"/>
							<String ID="string_2" HPOS="1208" VPOS="200" WIDTH="46" HEIGHT="29" WC="0.95" CONTENT="Nr"/><SP WIDTH="24" VPOS="200" HPOS="1254"/>
							<String ID="string_3" HPOS="1278" VPOS="200" WIDTH="48" HEIGHT="29" WC="0.94" CONTENT="31."/><SP WIDTH="474" VPOS="200" HPOS="1326"/>
							<String ID="string_4" HPOS="1800" VPOS="197" WIDTH="18" HEIGHT="30" WC="0.96" CONTENT="9"/>
						</TextLine>
					</TextBlock>
				</ComposedBlock>
				<ComposedBlock ID="cblock_1" HPOS="256" VPOS="275" WIDTH="1616" HEIGHT="2096">
					<TextBlock ID="block_1" HPOS="256" VPOS="275" WIDTH="1606" HEIGHT="310">
						<TextLine ID="line_1" HPOS="256" VPOS="275" WIDTH="1604" HEIGHT="54">
							<String ID="string_5" HPOS="256" VPOS="296" WIDTH="80" HEIGHT="24" WC="0.96" CONTENT="som"/><SP WIDTH="28" VPOS="296" HPOS="336"/>
							<String ID="string_6" HPOS="364" VPOS="282" WIDTH="123" HEIGHT="37" WC="0.93" CONTENT="finnas"/><SP WIDTH="29" VPOS="282" HPOS="487"/>
							<String ID="string_7" HPOS="516" VPOS="280" WIDTH="42" HEIGHT="38" WC="0.93" CONTENT="af"/><SP WIDTH="25" VPOS="280" HPOS="558"/>
							<String ID="string_8" HPOS="583" VPOS="280" WIDTH="229" HEIGHT="49" WC="0.92" CONTENT="delägarnas"/><SP WIDTH="27" VPOS="280" HPOS="812"/>
							<String ID="string_9" HPOS="839" VPOS="292" WIDTH="289" HEIGHT="36" WC="0.95" CONTENT="gemensamma"/><SP WIDTH="27" VPOS="292" HPOS="1128"/>
							<String ID="string_10" HPOS="1155" VPOS="278" WIDTH="110" HEIGHT="37" WC="0.95" CONTENT="bästa"/><SP WIDTH="27" VPOS="278" HPOS="1265"/>
							<String ID="string_11" HPOS="1292" VPOS="276" WIDTH="209" HEIGHT="51" WC="0.95" CONTENT="påkallade."/><SP WIDTH="54" VPOS="276" HPOS="1501"/>
							<String ID="string_12" HPOS="1555" VPOS="276" WIDTH="88" HEIGHT="37" WC="0.95" CONTENT="Man"/><SP WIDTH="27" VPOS="276" HPOS="1643"/>
							<String ID="string_13" HPOS="1670" VPOS="275" WIDTH="69" HEIGHT="37" WC="0.93" CONTENT="har"/><SP WIDTH="16" VPOS="275" HPOS="1739"/>
							<String ID="string_14" HPOS="1755" VPOS="280" WIDTH="105" HEIGHT="43" WC="0.93" CONTENT="trott,"/>
						</TextLine>
						<TextLine ID="line_2" HPOS="256" VPOS="327" WIDTH="1605" HEIGHT="53">
							<String ID="string_15" HPOS="256" VPOS="339" WIDTH="66" HEIGHT="41" WC="0.96" CONTENT="att,"/><SP WIDTH="42" VPOS="339" HPOS="322"/>
							<String ID="string_16" HPOS="364" VPOS="334" WIDTH="47" HEIGHT="36" WC="0.96" CONTENT="då"/><SP WIDTH="33" VPOS="334" HPOS="411"/>
							<String ID="string_17" HPOS="444" VPOS="332" WIDTH="119" HEIGHT="38" WC="0.96" CONTENT="sådan"/><SP WIDTH="34" VPOS="332" HPOS="563"/>
							<String ID="string_18" HPOS="597" VPOS="331" WIDTH="179" HEIGHT="49" WC="0.95" CONTENT="delägare"/><SP WIDTH="33" VPOS="331" HPOS="776"/>
							<String ID="string_19" HPOS="809" VPOS="344" WIDTH="112" HEIGHT="24" WC="0.96" CONTENT="anser"/><SP WIDTH="28" VPOS="344" HPOS="921"/>
							<String ID="string_20" HPOS="949" VPOS="330" WIDTH="46" HEIGHT="37" WC="0.95" CONTENT="de"/><SP WIDTH="28" VPOS="330" HPOS="995"/>
							<String ID="string_21" HPOS="1023" VPOS="330" WIDTH="58" HEIGHT="37" WC="0.96" CONTENT="för"/><SP WIDTH="28" VPOS="330" HPOS="1081"/>
							<String ID="string_22" HPOS="1109" VPOS="329" WIDTH="295" HEIGHT="48" WC="0.95" CONTENT="hushållningen"/><SP WIDTH="29" VPOS="329" HPOS="1404"/>
							<String ID="string_23" HPOS="1433" VPOS="328" WIDTH="88" HEIGHT="37" WC="0.96" CONTENT="med"/><SP WIDTH="28" VPOS="328" HPOS="1521"/>
							<String ID="string_24" HPOS="1549" VPOS="327" WIDTH="312" HEIGHT="48" WC="0.95" CONTENT="samfälligheten"/>
						</TextLine>
						<TextLine ID="line_3" HPOS="256" VPOS="378" WIDTH="1606" HEIGHT="56">
							<String ID="string_25" HPOS="256" VPOS="385" WIDTH="179" HEIGHT="49" WC="0.96" CONTENT="gällande"/><SP WIDTH="41" VPOS="385" HPOS="435"/>
							<String ID="string_26" HPOS="476" VPOS="383" WIDTH="293" HEIGHT="38" WC="0.96" CONTENT="bestämmelser"/><SP WIDTH="36" VPOS="383" HPOS="769"/>
							<String ID="string_27" HPOS="805" VPOS="382" WIDTH="86" HEIGHT="38" WC="0.96" CONTENT="icke"/><SP WIDTH="42" VPOS="382" HPOS="891"/>
							<String ID="string_28" HPOS="933" VPOS="386" WIDTH="193" HEIGHT="33" WC="0.68" CONTENT="motsvara"/><SP WIDTH="38" VPOS="386" HPOS="1126"/>
							<String ID="string_29" HPOS="1164" VPOS="381" WIDTH="74" HEIGHT="37" WC="0.96" CONTENT="den"/><SP WIDTH="28" VPOS="381" HPOS="1238"/>
							<String ID="string_30" HPOS="1266" VPOS="379" WIDTH="238" HEIGHT="39" WC="0.96" CONTENT="närvarande"/><SP WIDTH="29" VPOS="379" HPOS="1504"/>
							<String ID="string_31" HPOS="1533" VPOS="379" WIDTH="93" HEIGHT="37" WC="0.96" CONTENT="eller"/><SP WIDTH="28" VPOS="379" HPOS="1626"/>
							<String ID="string_32" HPOS="1654" VPOS="378" WIDTH="74" HEIGHT="38" WC="0.93" CONTENT="den"/><SP WIDTH="27" VPOS="378" HPOS="1728"/>
							<String ID="string_33" HPOS="1755" VPOS="378" WIDTH="107" HEIGHT="37" WC="0.54" CONTENT="kom-"/>
						</TextLine>
						<TextLine ID="line_4" HPOS="258" VPOS="430" WIDTH="1604" HEIGHT="51">
							<String ID="string_34" HPOS="258" VPOS="437" WIDTH="138" HEIGHT="36" WC="0.96" CONTENT="mande"/><SP WIDTH="39" VPOS="437" HPOS="396"/>
							<String ID="string_35" HPOS="435" VPOS="435" WIDTH="127" HEIGHT="36" WC="0.81" CONTENT="tidens"/><SP WIDTH="45" VPOS="435" HPOS="562"/>
							<String ID="string_36" HPOS="607" VPOS="434" WIDTH="118" HEIGHT="37" WC="0.92" CONTENT="behof"/><SP WIDTH="30" VPOS="434" HPOS="725"/>
							<String ID="string_37" HPOS="755" VPOS="434" WIDTH="73" HEIGHT="36" WC="0.96" CONTENT="och"/><SP WIDTH="28" VPOS="434" HPOS="828"/>
							<String ID="string_38" HPOS="856" VPOS="433" WIDTH="35" HEIGHT="48" WC="0.96" CONTENT="ej"/><SP WIDTH="34" VPOS="433" HPOS="891"/>
							<String ID="string_39" HPOS="925" VPOS="434" WIDTH="75" HEIGHT="35" WC="0.96" CONTENT="kan"/><SP WIDTH="29" VPOS="434" HPOS="1000"/>
							<String ID="string_40" HPOS="1029" VPOS="433" WIDTH="120" HEIGHT="36" WC="0.95" CONTENT="förmå"/><SP WIDTH="28" VPOS="433" HPOS="1149"/>
							<String ID="string_41" HPOS="1177" VPOS="432" WIDTH="123" HEIGHT="48" WC="0.93" CONTENT="öfriga"/><SP WIDTH="28" VPOS="432" HPOS="1300"/>
							<String ID="string_42" HPOS="1328" VPOS="431" WIDTH="207" HEIGHT="48" WC="0.91" CONTENT="delägarne"/><SP WIDTH="27" VPOS="431" HPOS="1535"/>
							<String ID="string_43" HPOS="1562" VPOS="431" WIDTH="58" HEIGHT="35" WC="0.92" CONTENT="till"/><SP WIDTH="28" VPOS="431" HPOS="1620"/>
							<String ID="string_44" HPOS="1648" VPOS="430" WIDTH="214" HEIGHT="36" WC="0.91" CONTENT="ändamåls-"/>
						</TextLine>
						<TextLine ID="line_5" HPOS="257" VPOS="480" WIDTH="1602" HEIGHT="56">
							<String ID="string_45" HPOS="257" VPOS="488" WIDTH="130" HEIGHT="48" WC="0.91" CONTENT="enliga"/><SP WIDTH="37" VPOS="488" HPOS="387"/>
							<String ID="string_46" HPOS="424" VPOS="485" WIDTH="257" HEIGHT="50" WC="0.91" CONTENT="jämkningar,"/><SP WIDTH="40" VPOS="485" HPOS="681"/>
							<String ID="string_47" HPOS="721" VPOS="485" WIDTH="114" HEIGHT="48" WC="0.96" CONTENT="lagen"/><SP WIDTH="35" VPOS="485" HPOS="835"/>
							<String ID="string_48" HPOS="870" VPOS="484" WIDTH="70" HEIGHT="38" WC="0.96" CONTENT="bör"/><SP WIDTH="37" VPOS="484" HPOS="940"/>
							<String ID="string_49" HPOS="977" VPOS="484" WIDTH="126" HEIGHT="37" WC="0.96" CONTENT="lämna"/><SP WIDTH="40" VPOS="484" HPOS="1103"/>
							<String ID="string_50" HPOS="1143" VPOS="484" WIDTH="144" HEIGHT="37" WC="0.95" CONTENT="honom"/><SP WIDTH="35" VPOS="484" HPOS="1287"/>
							<String ID="string_51" HPOS="1322" VPOS="481" WIDTH="206" HEIGHT="49" WC="0.96" CONTENT="anvisning"/><SP WIDTH="31" VPOS="481" HPOS="1528"/>
							<String ID="string_52" HPOS="1559" VPOS="484" WIDTH="49" HEIGHT="46" WC="0.96" CONTENT="på"/><SP WIDTH="29" VPOS="484" HPOS="1608"/>
							<String ID="string_53" HPOS="1637" VPOS="494" WIDTH="48" HEIGHT="23" WC="0.96" CONTENT="en"/><SP WIDTH="29" VPOS="494" HPOS="1685"/>
							<String ID="string_54" HPOS="1714" VPOS="480" WIDTH="145" HEIGHT="37" WC="0.96" CONTENT="mindre"/>
						</TextLine>
						<TextLine ID="line_6" HPOS="257" VPOS="531" WIDTH="1605" HEIGHT="54">
							<String ID="string_55" HPOS="257" VPOS="540" WIDTH="174" HEIGHT="36" WC="0.96" CONTENT="kostsam"/><SP WIDTH="40" VPOS="540" HPOS="431"/>
							<String ID="string_56" HPOS="471" VPOS="542" WIDTH="118" HEIGHT="43" WC="0.94" CONTENT="utväg"/><SP WIDTH="34" VPOS="542" HPOS="589"/>
							<String ID="string_57" HPOS="623" VPOS="537" WIDTH="58" HEIGHT="36" WC="0.96" CONTENT="till"/><SP WIDTH="30" VPOS="537" HPOS="681"/>
							<String ID="string_58" HPOS="711" VPOS="536" WIDTH="220" HEIGHT="37" WC="0.96" CONTENT="erhållande"/><SP WIDTH="31" VPOS="536" HPOS="931"/>
							<String ID="string_59" HPOS="962" VPOS="535" WIDTH="40" HEIGHT="37" WC="0.96" CONTENT="af"/><SP WIDTH="24" VPOS="535" HPOS="1002"/>
							<String ID="string_60" HPOS="1026" VPOS="535" WIDTH="59" HEIGHT="37" WC="0.96" CONTENT="sin"/><SP WIDTH="26" VPOS="535" HPOS="1085"/>
							<String ID="string_61" HPOS="1111" VPOS="540" WIDTH="76" HEIGHT="32" WC="0.96" CONTENT="rätt"/><SP WIDTH="25" VPOS="540" HPOS="1187"/>
							<String ID="string_62" HPOS="1212" VPOS="534" WIDTH="12" HEIGHT="36" WC="0.96" CONTENT="i"/><SP WIDTH="29" VPOS="534" HPOS="1224"/>
							<String ID="string_63" HPOS="1253" VPOS="534" WIDTH="106" HEIGHT="37" WC="0.96" CONTENT="detta"/><SP WIDTH="27" VPOS="534" HPOS="1359"/>
							<String ID="string_64" HPOS="1386" VPOS="533" WIDTH="230" HEIGHT="40" WC="0.96" CONTENT="hänseende,"/><SP WIDTH="29" VPOS="533" HPOS="1616"/>
							<String ID="string_65" HPOS="1645" VPOS="537" WIDTH="48" HEIGHT="31" WC="0.96" CONTENT="än"/><SP WIDTH="24" VPOS="537" HPOS="1693"/>
							<String ID="string_66" HPOS="1717" VPOS="531" WIDTH="145" HEIGHT="37" WC="0.96" CONTENT="skifte.»"/>
						</TextLine>
					</TextBlock>
					<TextBlock ID="block_2" HPOS="259" VPOS="583" WIDTH="1611" HEIGHT="1077">
						<TextLine ID="line_7" HPOS="394" VPOS="583" WIDTH="1468" HEIGHT="54">
							<String ID="string_67" HPOS="394" VPOS="589" WIDTH="133" HEIGHT="38" WC="0.95" CONTENT="Såsom"/><SP WIDTH="27" VPOS="589" HPOS="527"/>
							<String ID="string_68" HPOS="554" VPOS="587" WIDTH="329" HEIGHT="50" WC="0.95" CONTENT="lagberedningen"/><SP WIDTH="24" VPOS="587" HPOS="883"/>
							<String ID="string_69" HPOS="907" VPOS="587" WIDTH="158" HEIGHT="48" WC="0.96" CONTENT="antagit,"/><SP WIDTH="29" VPOS="587" HPOS="1065"/>
							<String ID="string_70" HPOS="1094" VPOS="586" WIDTH="108" HEIGHT="37" WC="0.93" CONTENT="torde"/><SP WIDTH="29" VPOS="586" HPOS="1202"/>
							<String ID="string_71" HPOS="1231" VPOS="585" WIDTH="182" HEIGHT="38" WC="0.91" CONTENT="behofvet"/><SP WIDTH="27" VPOS="585" HPOS="1413"/>
							<String ID="string_72" HPOS="1440" VPOS="584" WIDTH="41" HEIGHT="37" WC="0.95" CONTENT="af"/><SP WIDTH="16" VPOS="584" HPOS="1481"/>
							<String ID="string_73" HPOS="1497" VPOS="583" WIDTH="142" HEIGHT="38" WC="0.91" CONTENT="sådana"/><SP WIDTH="18" VPOS="583" HPOS="1639"/>
							<String ID="string_74" HPOS="1657" VPOS="583" WIDTH="205" HEIGHT="50" WC="0.91" CONTENT="byordnin-"/>
						</TextLine>
						<TextLine ID="line_8" HPOS="260" VPOS="634" WIDTH="1603" HEIGHT="56">
							<String ID="string_75" HPOS="260" VPOS="655" WIDTH="81" HEIGHT="35" WC="0.95" CONTENT="gar,"/><SP WIDTH="30" VPOS="655" HPOS="341"/>
							<String ID="string_76" HPOS="371" VPOS="654" WIDTH="80" HEIGHT="23" WC="0.96" CONTENT="som"/><SP WIDTH="24" VPOS="654" HPOS="451"/>
							<String ID="string_77" HPOS="475" VPOS="640" WIDTH="12" HEIGHT="36" WC="0.93" CONTENT="i"/><SP WIDTH="26" VPOS="640" HPOS="487"/>
							<String ID="string_78" HPOS="513" VPOS="638" WIDTH="313" HEIGHT="50" WC="0.92" CONTENT="lagkommitténs"/><SP WIDTH="40" VPOS="638" HPOS="826"/>
							<String ID="string_79" HPOS="866" VPOS="638" WIDTH="147" HEIGHT="49" WC="0.93" CONTENT="förslag"/><SP WIDTH="39" VPOS="638" HPOS="1013"/>
							<String ID="string_80" HPOS="1052" VPOS="637" WIDTH="147" HEIGHT="49" WC="0.86" CONTENT="afsetts,"/><SP WIDTH="41" VPOS="637" HPOS="1199"/>
							<String ID="string_81" HPOS="1240" VPOS="637" WIDTH="188" HEIGHT="36" WC="0.95" CONTENT="minskats"/><SP WIDTH="28" VPOS="637" HPOS="1428"/>
							<String ID="string_82" HPOS="1456" VPOS="635" WIDTH="251" HEIGHT="38" WC="0.96" CONTENT="allteftersom"/><SP WIDTH="17" VPOS="635" HPOS="1707"/>
							<String ID="string_83" HPOS="1724" VPOS="634" WIDTH="139" HEIGHT="50" WC="0.96" CONTENT="jorden"/>
						</TextLine>
						<TextLine ID="line_9" HPOS="260" VPOS="685" WIDTH="1604" HEIGHT="53">
							<String ID="string_84" HPOS="260" VPOS="692" WIDTH="150" HEIGHT="37" WC="0.91" CONTENT="skiftats"/><SP WIDTH="28" VPOS="692" HPOS="410"/>
							<String ID="string_85" HPOS="438" VPOS="691" WIDTH="72" HEIGHT="38" WC="0.93" CONTENT="och"/><SP WIDTH="23" VPOS="691" HPOS="510"/>
							<String ID="string_86" HPOS="533" VPOS="690" WIDTH="351" HEIGHT="48" WC="0.91" CONTENT="samfälligheterna"/><SP WIDTH="27" VPOS="690" HPOS="884"/>
							<String ID="string_87" HPOS="911" VPOS="689" WIDTH="137" HEIGHT="48" WC="0.90" CONTENT="aftagit"/><SP WIDTH="25" VPOS="689" HPOS="1048"/>
							<String ID="string_88" HPOS="1073" VPOS="688" WIDTH="12" HEIGHT="37" WC="0.95" CONTENT="i"/><SP WIDTH="28" VPOS="688" HPOS="1085"/>
							<String ID="string_89" HPOS="1113" VPOS="688" WIDTH="102" HEIGHT="38" WC="0.95" CONTENT="antal"/><SP WIDTH="28" VPOS="688" HPOS="1215"/>
							<String ID="string_90" HPOS="1243" VPOS="688" WIDTH="71" HEIGHT="37" WC="0.96" CONTENT="och"/><SP WIDTH="24" VPOS="688" HPOS="1314"/>
							<String ID="string_91" HPOS="1338" VPOS="687" WIDTH="168" HEIGHT="48" WC="0.93" CONTENT="omfång."/><SP WIDTH="52" VPOS="687" HPOS="1506"/>
							<String ID="string_92" HPOS="1558" VPOS="685" WIDTH="152" HEIGHT="38" WC="0.92" CONTENT="Jämväl"/><SP WIDTH="19" VPOS="685" HPOS="1710"/>
							<String ID="string_93" HPOS="1729" VPOS="686" WIDTH="47" HEIGHT="36" WC="0.90" CONTENT="de"/><SP WIDTH="20" VPOS="686" HPOS="1776"/>
							<String ID="string_94" HPOS="1796" VPOS="685" WIDTH="68" HEIGHT="49" WC="0.90" CONTENT="by-"/>
						</TextLine>
						<TextLine ID="line_10" HPOS="261" VPOS="736" WIDTH="1602" HEIGHT="55">
							<String ID="string_95" HPOS="261" VPOS="743" WIDTH="218" HEIGHT="48" WC="0.96" CONTENT="ordningar,"/><SP WIDTH="42" VPOS="743" HPOS="479"/>
							<String ID="string_96" HPOS="521" VPOS="756" WIDTH="83" HEIGHT="23" WC="0.92" CONTENT="som"/><SP WIDTH="40" VPOS="756" HPOS="604"/>
							<String ID="string_97" HPOS="644" VPOS="741" WIDTH="88" HEIGHT="38" WC="0.94" CONTENT="med"/><SP WIDTH="36" VPOS="741" HPOS="732"/>
							<String ID="string_98" HPOS="768" VPOS="742" WIDTH="66" HEIGHT="36" WC="0.96" CONTENT="det"/><SP WIDTH="34" VPOS="742" HPOS="834"/>
							<String ID="string_99" HPOS="868" VPOS="740" WIDTH="115" HEIGHT="37" WC="0.91" CONTENT="ofvan"/><SP WIDTH="35" VPOS="740" HPOS="983"/>
							<String ID="string_100" HPOS="1018" VPOS="739" WIDTH="248" HEIGHT="38" WC="0.91" CONTENT="omförmälda"/><SP WIDTH="22" VPOS="739" HPOS="1266"/>
							<String ID="string_101" HPOS="1288" VPOS="738" WIDTH="186" HEIGHT="49" WC="0.96" CONTENT="förslaget"/><SP WIDTH="28" VPOS="738" HPOS="1474"/>
							<String ID="string_102" HPOS="1502" VPOS="740" WIDTH="124" HEIGHT="35" WC="0.95" CONTENT="såsom"/><SP WIDTH="29" VPOS="740" HPOS="1626"/>
							<String ID="string_103" HPOS="1655" VPOS="736" WIDTH="208" HEIGHT="38" WC="0.95" CONTENT="mönster"/><SP WIDTH="-20" VPOS="736" HPOS="1863"/>
							<String ID="string_104" HPOS="1843" VPOS="732" WIDTH="25" HEIGHT="63" WC="0.95" CONTENT="i"/>
						</TextLine>
						<TextLine ID="line_11" HPOS="260" VPOS="788" WIDTH="1603" HEIGHT="54">
							<String ID="string_105" HPOS="260" VPOS="808" WIDTH="47" HEIGHT="23" WC="0.96" CONTENT="en"/><SP WIDTH="28" VPOS="808" HPOS="307"/>
							<String ID="string_106" HPOS="335" VPOS="794" WIDTH="62" HEIGHT="37" WC="0.96" CONTENT="del"/><SP WIDTH="24" VPOS="794" HPOS="397"/>
							<String ID="string_107" HPOS="421" VPOS="799" WIDTH="102" HEIGHT="32" WC="0.96" CONTENT="orter"/><SP WIDTH="27" VPOS="799" HPOS="523"/>
							<String ID="string_108" HPOS="550" VPOS="797" WIDTH="216" HEIGHT="45" WC="0.96" CONTENT="upprättats"/><SP WIDTH="28" VPOS="797" HPOS="766"/>
							<String ID="string_109" HPOS="794" VPOS="792" WIDTH="72" HEIGHT="37" WC="0.96" CONTENT="och"/><SP WIDTH="27" VPOS="792" HPOS="866"/>
							<String ID="string_110" HPOS="893" VPOS="791" WIDTH="211" HEIGHT="47" WC="0.95" CONTENT="fastställts,"/><SP WIDTH="24" VPOS="791" HPOS="1104"/>
							<String ID="string_111" HPOS="1128" VPOS="790" WIDTH="109" HEIGHT="37" WC="0.96" CONTENT="torde"/><SP WIDTH="13" VPOS="790" HPOS="1237"/>
							<String ID="string_112" HPOS="1250" VPOS="803" WIDTH="159" HEIGHT="23" WC="0.96" CONTENT="numera"/><SP WIDTH="18" VPOS="803" HPOS="1409"/>
							<String ID="string_113" HPOS="1427" VPOS="790" WIDTH="12" HEIGHT="36" WC="0.92" CONTENT="i"/><SP WIDTH="19" VPOS="790" HPOS="1439"/>
							<String ID="string_114" HPOS="1458" VPOS="788" WIDTH="218" HEIGHT="37" WC="0.91" CONTENT="hufvudsak"/><SP WIDTH="20" VPOS="788" HPOS="1676"/>
							<String ID="string_115" HPOS="1696" VPOS="788" WIDTH="35" HEIGHT="37" WC="0.96" CONTENT="få"/><SP WIDTH="19" VPOS="788" HPOS="1731"/>
							<String ID="string_116" HPOS="1750" VPOS="801" WIDTH="113" HEIGHT="24" WC="0.96" CONTENT="anses"/>
						</TextLine>
						<TextLine ID="line_12" HPOS="259" VPOS="839" WIDTH="1605" HEIGHT="55">
							<String ID="string_117" HPOS="259" VPOS="845" WIDTH="114" HEIGHT="37" WC="0.96" CONTENT="hafva"/><SP WIDTH="27" VPOS="845" HPOS="373"/>
							<String ID="string_118" HPOS="400" VPOS="844" WIDTH="160" HEIGHT="38" WC="0.96" CONTENT="förlorat"/><SP WIDTH="26" VPOS="844" HPOS="560"/>
							<String ID="string_119" HPOS="586" VPOS="844" WIDTH="175" HEIGHT="50" WC="0.96" CONTENT="praktisk"/><SP WIDTH="23" VPOS="844" HPOS="761"/>
							<String ID="string_120" HPOS="784" VPOS="842" WIDTH="212" HEIGHT="50" WC="0.95" CONTENT="betydelse."/><SP WIDTH="49" VPOS="842" HPOS="996"/>
							<String ID="string_121" HPOS="1045" VPOS="841" WIDTH="139" HEIGHT="38" WC="0.83" CONTENT="Härtill"/><SP WIDTH="27" VPOS="841" HPOS="1184"/>
							<String ID="string_122" HPOS="1211" VPOS="842" WIDTH="115" HEIGHT="36" WC="0.96" CONTENT="hafva"/><SP WIDTH="27" VPOS="842" HPOS="1326"/>
							<String ID="string_123" HPOS="1353" VPOS="841" WIDTH="113" HEIGHT="36" WC="0.96" CONTENT="äfven"/><SP WIDTH="23" VPOS="841" HPOS="1466"/>
							<String ID="string_124" HPOS="1489" VPOS="839" WIDTH="118" HEIGHT="38" WC="0.93" CONTENT="andra"/><SP WIDTH="24" VPOS="839" HPOS="1607"/>
							<String ID="string_125" HPOS="1631" VPOS="839" WIDTH="233" HEIGHT="48" WC="0.91" CONTENT="omständig-"/>
						</TextLine>
						<TextLine ID="line_13" HPOS="260" VPOS="890" WIDTH="1605" HEIGHT="53">
							<String ID="string_126" HPOS="260" VPOS="898" WIDTH="109" HEIGHT="36" WC="0.95" CONTENT="heter"/><SP WIDTH="40" VPOS="898" HPOS="369"/>
							<String ID="string_127" HPOS="409" VPOS="896" WIDTH="177" HEIGHT="47" WC="0.95" CONTENT="bidragit."/><SP WIDTH="54" VPOS="896" HPOS="586"/>
							<String ID="string_128" HPOS="640" VPOS="895" WIDTH="92" HEIGHT="37" WC="0.93" CONTENT="Dels"/><SP WIDTH="28" VPOS="895" HPOS="732"/>
							<String ID="string_129" HPOS="760" VPOS="894" WIDTH="192" HEIGHT="37" WC="0.91" CONTENT="innehöllo"/><SP WIDTH="25" VPOS="894" HPOS="952"/>
							<String ID="string_130" HPOS="977" VPOS="893" WIDTH="47" HEIGHT="37" WC="0.96" CONTENT="de"/><SP WIDTH="24" VPOS="893" HPOS="1024"/>
							<String ID="string_131" HPOS="1048" VPOS="893" WIDTH="118" HEIGHT="37" WC="0.95" CONTENT="redan"/><SP WIDTH="28" VPOS="893" HPOS="1166"/>
							<String ID="string_132" HPOS="1194" VPOS="892" WIDTH="64" HEIGHT="37" WC="0.95" CONTENT="vid"/><SP WIDTH="24" VPOS="892" HPOS="1258"/>
							<String ID="string_133" HPOS="1282" VPOS="892" WIDTH="59" HEIGHT="36" WC="0.96" CONTENT="sin"/><SP WIDTH="27" VPOS="892" HPOS="1341"/>
							<String ID="string_134" HPOS="1368" VPOS="892" WIDTH="188" HEIGHT="36" WC="0.95" CONTENT="tillkomst"/><SP WIDTH="23" VPOS="892" HPOS="1556"/>
							<String ID="string_135" HPOS="1579" VPOS="890" WIDTH="194" HEIGHT="49" WC="0.91" CONTENT="åtskilliga"/><SP WIDTH="28" VPOS="890" HPOS="1773"/>
							<String ID="string_136" HPOS="1801" VPOS="890" WIDTH="64" HEIGHT="37" WC="0.91" CONTENT="be-"/>
						</TextLine>
						<TextLine ID="line_14" HPOS="261" VPOS="941" WIDTH="1603" HEIGHT="54">
							<String ID="string_137" HPOS="261" VPOS="947" WIDTH="250" HEIGHT="48" WC="0.91" CONTENT="stämmelser,"/><SP WIDTH="29" VPOS="947" HPOS="511"/>
							<String ID="string_138" HPOS="540" VPOS="946" WIDTH="131" HEIGHT="37" WC="0.96" CONTENT="hvilka"/><SP WIDTH="27" VPOS="946" HPOS="671"/>
							<String ID="string_139" HPOS="698" VPOS="959" WIDTH="93" HEIGHT="23" WC="0.96" CONTENT="voro"/><SP WIDTH="29" VPOS="959" HPOS="791"/>
							<String ID="string_140" HPOS="820" VPOS="945" WIDTH="194" HEIGHT="37" WC="0.96" CONTENT="stridande"/><SP WIDTH="27" VPOS="945" HPOS="1014"/>
							<String ID="string_141" HPOS="1041" VPOS="949" WIDTH="79" HEIGHT="32" WC="0.96" CONTENT="mot"/><SP WIDTH="27" VPOS="949" HPOS="1120"/>
							<String ID="string_142" HPOS="1147" VPOS="943" WIDTH="140" HEIGHT="38" WC="0.96" CONTENT="allmän"/><SP WIDTH="19" VPOS="943" HPOS="1287"/>
							<String ID="string_143" HPOS="1306" VPOS="943" WIDTH="75" HEIGHT="48" WC="0.95" CONTENT="lag,"/><SP WIDTH="25" VPOS="943" HPOS="1381"/>
							<String ID="string_144" HPOS="1406" VPOS="942" WIDTH="72" HEIGHT="38" WC="0.96" CONTENT="och"/><SP WIDTH="24" VPOS="942" HPOS="1478"/>
							<String ID="string_145" HPOS="1502" VPOS="941" WIDTH="80" HEIGHT="38" WC="0.96" CONTENT="dels"/><SP WIDTH="20" VPOS="941" HPOS="1582"/>
							<String ID="string_146" HPOS="1602" VPOS="941" WIDTH="115" HEIGHT="37" WC="0.93" CONTENT="hafva"/><SP WIDTH="19" VPOS="941" HPOS="1717"/>
							<String ID="string_147" HPOS="1736" VPOS="941" WIDTH="128" HEIGHT="37" WC="0.92" CONTENT="seder-"/>
						</TextLine>
						<TextLine ID="line_15" HPOS="262" VPOS="993" WIDTH="1602" HEIGHT="52">
							<String ID="string_148" HPOS="262" VPOS="1012" WIDTH="103" HEIGHT="24" WC="0.95" CONTENT="mera"/><SP WIDTH="22" VPOS="1012" HPOS="365"/>
							<String ID="string_149" HPOS="387" VPOS="999" WIDTH="13" HEIGHT="36" WC="0.96" CONTENT="i"/><SP WIDTH="24" VPOS="999" HPOS="400"/>
							<String ID="string_150" HPOS="424" VPOS="1003" WIDTH="79" HEIGHT="32" WC="0.93" CONTENT="stor"/><SP WIDTH="27" VPOS="1003" HPOS="503"/>
							<String ID="string_151" HPOS="530" VPOS="997" WIDTH="269" HEIGHT="48" WC="0.96" CONTENT="utsträckning"/><SP WIDTH="29" VPOS="997" HPOS="799"/>
							<String ID="string_152" HPOS="828" VPOS="996" WIDTH="46" HEIGHT="37" WC="0.96" CONTENT="de"/><SP WIDTH="28" VPOS="996" HPOS="874"/>
							<String ID="string_153" HPOS="902" VPOS="995" WIDTH="277" HEIGHT="48" WC="0.93" CONTENT="förhållanden,"/><SP WIDTH="27" VPOS="995" HPOS="1179"/>
							<String ID="string_154" HPOS="1206" VPOS="994" WIDTH="313" HEIGHT="50" WC="0.91" CONTENT="byordningarna"/><SP WIDTH="29" VPOS="994" HPOS="1519"/>
							<String ID="string_155" HPOS="1548" VPOS="993" WIDTH="131" HEIGHT="48" WC="0.91" CONTENT="afsågo"/><SP WIDTH="29" VPOS="993" HPOS="1679"/>
							<String ID="string_156" HPOS="1708" VPOS="997" WIDTH="156" HEIGHT="44" WC="0.91" CONTENT="attreg-"/>
						</TextLine>
						<TextLine ID="line_16" HPOS="260" VPOS="1044" WIDTH="1605" HEIGHT="54">
							<String ID="string_157" HPOS="260" VPOS="1051" WIDTH="91" HEIGHT="47" WC="0.96" CONTENT="lera,"/><SP WIDTH="29" VPOS="1051" HPOS="351"/>
							<String ID="string_158" HPOS="380" VPOS="1049" WIDTH="126" HEIGHT="38" WC="0.96" CONTENT="blifvit"/><SP WIDTH="27" VPOS="1049" HPOS="506"/>
							<String ID="string_159" HPOS="533" VPOS="1048" WIDTH="169" HEIGHT="37" WC="0.96" CONTENT="ordnade"/><SP WIDTH="24" VPOS="1048" HPOS="702"/>
							<String ID="string_160" HPOS="726" VPOS="1061" WIDTH="138" HEIGHT="35" WC="0.96" CONTENT="genom"/><SP WIDTH="31" VPOS="1061" HPOS="864"/>
							<String ID="string_161" HPOS="895" VPOS="1047" WIDTH="241" HEIGHT="37" WC="0.96" CONTENT="föreskrifter"/><SP WIDTH="22" VPOS="1047" HPOS="1136"/>
							<String ID="string_162" HPOS="1158" VPOS="1046" WIDTH="10" HEIGHT="37" WC="0.96" CONTENT="i"/><SP WIDTH="30" VPOS="1046" HPOS="1168"/>
							<String ID="string_163" HPOS="1198" VPOS="1045" WIDTH="189" HEIGHT="38" WC="0.94" CONTENT="särskilda"/><SP WIDTH="26" VPOS="1045" HPOS="1387"/>
							<String ID="string_164" HPOS="1413" VPOS="1045" WIDTH="57" HEIGHT="37" WC="0.96" CONTENT="tid"/><SP WIDTH="28" VPOS="1045" HPOS="1470"/>
							<String ID="string_165" HPOS="1498" VPOS="1044" WIDTH="95" HEIGHT="37" WC="0.96" CONTENT="efter"/><SP WIDTH="15" VPOS="1044" HPOS="1593"/>
							<String ID="string_166" HPOS="1608" VPOS="1057" WIDTH="125" HEIGHT="23" WC="0.93" CONTENT="annan"/><SP WIDTH="14" VPOS="1057" HPOS="1733"/>
							<String ID="string_167" HPOS="1747" VPOS="1044" WIDTH="118" HEIGHT="36" WC="0.92" CONTENT="utfär-"/>
						</TextLine>
						<TextLine ID="line_17" HPOS="262" VPOS="1094" WIDTH="1601" HEIGHT="55">
							<String ID="string_168" HPOS="262" VPOS="1101" WIDTH="97" HEIGHT="37" WC="0.91" CONTENT="dade"/><SP WIDTH="38" VPOS="1101" HPOS="359"/>
							<String ID="string_169" HPOS="397" VPOS="1101" WIDTH="108" HEIGHT="48" WC="0.96" CONTENT="lagar"/><SP WIDTH="36" VPOS="1101" HPOS="505"/>
							<String ID="string_170" HPOS="541" VPOS="1100" WIDTH="74" HEIGHT="37" WC="0.95" CONTENT="och"/><SP WIDTH="40" VPOS="1100" HPOS="615"/>
							<String ID="string_171" HPOS="655" VPOS="1099" WIDTH="278" HEIGHT="47" WC="0.95" CONTENT="författningar."/><SP WIDTH="53" VPOS="1099" HPOS="933"/>
							<String ID="string_172" HPOS="986" VPOS="1098" WIDTH="18" HEIGHT="36" WC="0.96" CONTENT="I"/><SP WIDTH="36" VPOS="1098" HPOS="1004"/>
							<String ID="string_173" HPOS="1040" VPOS="1098" WIDTH="108" HEIGHT="49" WC="0.96" CONTENT="fråga"/><SP WIDTH="31" VPOS="1098" HPOS="1148"/>
							<String ID="string_174" HPOS="1179" VPOS="1111" WIDTH="61" HEIGHT="23" WC="0.89" CONTENT="om"/><SP WIDTH="28" VPOS="1111" HPOS="1240"/>
							<String ID="string_175" HPOS="1268" VPOS="1096" WIDTH="228" HEIGHT="48" WC="0.88" CONTENT="säkerhets-,"/><SP WIDTH="29" VPOS="1096" HPOS="1496"/>
							<String ID="string_176" HPOS="1525" VPOS="1094" WIDTH="201" HEIGHT="48" WC="0.91" CONTENT="ordnings-"/><SP WIDTH="24" VPOS="1094" HPOS="1726"/>
							<String ID="string_177" HPOS="1750" VPOS="1109" WIDTH="48" HEIGHT="22" WC="0.89" CONTENT="m."/><SP WIDTH="28" VPOS="1109" HPOS="1798"/>
							<String ID="string_178" HPOS="1826" VPOS="1094" WIDTH="37" HEIGHT="37" WC="0.59" CONTENT="£."/>
						</TextLine>
						<TextLine ID="line_18" HPOS="261" VPOS="1145" WIDTH="1604" HEIGHT="57">
							<String ID="string_179" HPOS="261" VPOS="1151" WIDTH="440" HEIGHT="51" WC="0.90" CONTENT="politiangelägenheter"/><SP WIDTH="27" VPOS="1151" HPOS="701"/>
							<String ID="string_180" HPOS="728" VPOS="1150" WIDTH="110" HEIGHT="37" WC="0.93" CONTENT="torde"/><SP WIDTH="20" VPOS="1150" HPOS="838"/>
							<String ID="string_181" HPOS="858" VPOS="1150" WIDTH="260" HEIGHT="49" WC="0.92" CONTENT="byamännens"/><SP WIDTH="17" VPOS="1150" HPOS="1118"/>
							<String ID="string_182" HPOS="1135" VPOS="1148" WIDTH="190" HEIGHT="38" WC="0.96" CONTENT="intressen"/><SP WIDTH="24" VPOS="1148" HPOS="1325"/>
							<String ID="string_183" HPOS="1349" VPOS="1160" WIDTH="158" HEIGHT="24" WC="0.96" CONTENT="numera"/><SP WIDTH="18" VPOS="1160" HPOS="1507"/>
							<String ID="string_184" HPOS="1525" VPOS="1145" WIDTH="118" HEIGHT="39" WC="0.96" CONTENT="blifva"/><SP WIDTH="18" VPOS="1145" HPOS="1643"/>
							<String ID="string_185" HPOS="1661" VPOS="1146" WIDTH="58" HEIGHT="37" WC="0.93" CONTENT="till"/><SP WIDTH="15" VPOS="1146" HPOS="1719"/>
							<String ID="string_186" HPOS="1734" VPOS="1145" WIDTH="131" HEIGHT="51" WC="0.91" CONTENT="fyllest"/>
						</TextLine>
						<TextLine ID="line_19" HPOS="261" VPOS="1197" WIDTH="1604" HEIGHT="55">
							<String ID="string_187" HPOS="261" VPOS="1204" WIDTH="201" HEIGHT="48" WC="0.94" CONTENT="iakttagna"/><SP WIDTH="35" VPOS="1204" HPOS="462"/>
							<String ID="string_188" HPOS="497" VPOS="1203" WIDTH="42" HEIGHT="37" WC="0.96" CONTENT="af"/><SP WIDTH="36" VPOS="1203" HPOS="539"/>
							<String ID="string_189" HPOS="575" VPOS="1202" WIDTH="46" HEIGHT="38" WC="0.96" CONTENT="de"/><SP WIDTH="29" VPOS="1202" HPOS="621"/>
							<String ID="string_190" HPOS="650" VPOS="1202" WIDTH="283" HEIGHT="50" WC="0.96" CONTENT="myndigheter,"/><SP WIDTH="29" VPOS="1202" HPOS="933"/>
							<String ID="string_191" HPOS="962" VPOS="1214" WIDTH="80" HEIGHT="25" WC="0.95" CONTENT="som"/><SP WIDTH="28" VPOS="1214" HPOS="1042"/>
							<String ID="string_192" HPOS="1070" VPOS="1213" WIDTH="142" HEIGHT="36" WC="0.93" CONTENT="genom"/><SP WIDTH="27" VPOS="1213" HPOS="1212"/>
							<String ID="string_193" HPOS="1239" VPOS="1198" WIDTH="379" HEIGHT="49" WC="0.91" CONTENT="kommunallagarna"/><SP WIDTH="27" VPOS="1198" HPOS="1618"/>
							<String ID="string_194" HPOS="1645" VPOS="1197" WIDTH="73" HEIGHT="38" WC="0.96" CONTENT="och"/><SP WIDTH="29" VPOS="1197" HPOS="1718"/>
							<String ID="string_195" HPOS="1747" VPOS="1197" WIDTH="118" HEIGHT="50" WC="0.96" CONTENT="därpå"/>
						</TextLine>
						<TextLine ID="line_20" HPOS="263" VPOS="1248" WIDTH="1602" HEIGHT="55">
							<String ID="string_196" HPOS="263" VPOS="1255" WIDTH="198" HEIGHT="48" WC="0.95" CONTENT="grundade"/><SP WIDTH="38" VPOS="1255" HPOS="461"/>
							<String ID="string_197" HPOS="499" VPOS="1254" WIDTH="272" HEIGHT="48" WC="0.92" CONTENT="författningar"/><SP WIDTH="36" VPOS="1254" HPOS="771"/>
							<String ID="string_198" HPOS="807" VPOS="1253" WIDTH="215" HEIGHT="36" WC="0.92" CONTENT="tillerkänts"/><SP WIDTH="39" VPOS="1253" HPOS="1022"/>
							<String ID="string_199" HPOS="1061" VPOS="1251" WIDTH="236" HEIGHT="48" WC="0.96" CONTENT="befogenhet"/><SP WIDTH="37" VPOS="1251" HPOS="1297"/>
							<String ID="string_200" HPOS="1334" VPOS="1256" WIDTH="54" HEIGHT="31" WC="0.92" CONTENT="att"/><SP WIDTH="36" VPOS="1256" HPOS="1388"/>
							<String ID="string_201" HPOS="1424" VPOS="1249" WIDTH="229" HEIGHT="38" WC="0.91" CONTENT="härutinnan"/><SP WIDTH="37" VPOS="1249" HPOS="1653"/>
							<String ID="string_202" HPOS="1690" VPOS="1248" WIDTH="175" HEIGHT="37" WC="0.96" CONTENT="meddela"/>
						</TextLine>
						<TextLine ID="line_21" HPOS="265" VPOS="1299" WIDTH="1600" HEIGHT="55">
							<String ID="string_203" HPOS="265" VPOS="1305" WIDTH="249" HEIGHT="49" WC="0.96" CONTENT="erforderliga"/><SP WIDTH="42" VPOS="1305" HPOS="514"/>
							<String ID="string_204" HPOS="556" VPOS="1304" WIDTH="252" HEIGHT="38" WC="0.93" CONTENT="föreskrifter."/><SP WIDTH="54" VPOS="1304" HPOS="808"/>
							<String ID="string_205" HPOS="862" VPOS="1304" WIDTH="268" HEIGHT="48" WC="0.87" CONTENT="Byamännens"/><SP WIDTH="39" VPOS="1304" HPOS="1130"/>
							<String ID="string_206" HPOS="1169" VPOS="1301" WIDTH="266" HEIGHT="50" WC="0.95" CONTENT="skyldigheter"/><SP WIDTH="40" VPOS="1301" HPOS="1435"/>
							<String ID="string_207" HPOS="1475" VPOS="1305" WIDTH="199" HEIGHT="45" WC="0.95" CONTENT="gentemot"/><SP WIDTH="33" VPOS="1305" HPOS="1674"/>
							<String ID="string_208" HPOS="1707" VPOS="1299" WIDTH="65" HEIGHT="37" WC="0.90" CONTENT="det"/><SP WIDTH="27" VPOS="1299" HPOS="1772"/>
							<String ID="string_209" HPOS="1799" VPOS="1299" WIDTH="66" HEIGHT="37" WC="0.90" CONTENT="all-"/>
						</TextLine>
						<TextLine ID="line_22" HPOS="264" VPOS="1352" WIDTH="1600" HEIGHT="51">
							<String ID="string_210" HPOS="264" VPOS="1363" WIDTH="140" HEIGHT="31" WC="0.92" CONTENT="männa"/><SP WIDTH="41" VPOS="1363" HPOS="404"/>
							<String ID="string_211" HPOS="445" VPOS="1356" WIDTH="88" HEIGHT="37" WC="0.96" CONTENT="med"/><SP WIDTH="42" VPOS="1356" HPOS="533"/>
							<String ID="string_212" HPOS="575" VPOS="1355" WIDTH="180" HEIGHT="38" WC="0.93" CONTENT="afseende"/><SP WIDTH="39" VPOS="1355" HPOS="755"/>
							<String ID="string_213" HPOS="794" VPOS="1358" WIDTH="20" HEIGHT="34" WC="0.93" CONTENT="å"/><SP WIDTH="37" VPOS="1358" HPOS="814"/>
							<String ID="string_214" HPOS="851" VPOS="1354" WIDTH="290" HEIGHT="49" WC="0.87" CONTENT="väghållnings-"/><SP WIDTH="39" VPOS="1354" HPOS="1141"/>
							<String ID="string_215" HPOS="1180" VPOS="1354" WIDTH="73" HEIGHT="37" WC="0.93" CONTENT="och"/><SP WIDTH="35" VPOS="1354" HPOS="1253"/>
							<String ID="string_216" HPOS="1288" VPOS="1352" WIDTH="423" HEIGHT="50" WC="0.89" CONTENT="skjutsningsbesväret"/><SP WIDTH="27" VPOS="1352" HPOS="1711"/>
							<String ID="string_217" HPOS="1738" VPOS="1365" WIDTH="48" HEIGHT="22" WC="0.90" CONTENT="m."/><SP WIDTH="29" VPOS="1365" HPOS="1786"/>
							<String ID="string_218" HPOS="1815" VPOS="1364" WIDTH="49" HEIGHT="23" WC="0.91" CONTENT="m."/>
						</TextLine>
						<TextLine ID="line_23" HPOS="264" VPOS="1401" WIDTH="1606" HEIGHT="55">
							<String ID="string_219" HPOS="264" VPOS="1414" WIDTH="65" HEIGHT="31" WC="0.96" CONTENT="äro"/><SP WIDTH="41" VPOS="1414" HPOS="329"/>
							<String ID="string_220" HPOS="370" VPOS="1407" WIDTH="201" HEIGHT="49" WC="0.96" CONTENT="reglerade"/><SP WIDTH="42" VPOS="1407" HPOS="571"/>
							<String ID="string_221" HPOS="613" VPOS="1420" WIDTH="140" HEIGHT="35" WC="0.96" CONTENT="genom"/><SP WIDTH="43" VPOS="1420" HPOS="753"/>
							<String ID="string_222" HPOS="796" VPOS="1406" WIDTH="187" HEIGHT="37" WC="0.95" CONTENT="särskilda"/><SP WIDTH="32" VPOS="1406" HPOS="983"/>
							<String ID="string_223" HPOS="1015" VPOS="1405" WIDTH="285" HEIGHT="49" WC="0.96" CONTENT="författningar;"/><SP WIDTH="29" VPOS="1405" HPOS="1300"/>
							<String ID="string_224" HPOS="1329" VPOS="1405" WIDTH="72" HEIGHT="36" WC="0.96" CONTENT="och"/><SP WIDTH="27" VPOS="1405" HPOS="1401"/>
							<String ID="string_225" HPOS="1428" VPOS="1404" WIDTH="13" HEIGHT="36" WC="0.96" CONTENT="i"/><SP WIDTH="26" VPOS="1404" HPOS="1441"/>
							<String ID="string_226" HPOS="1467" VPOS="1404" WIDTH="108" HEIGHT="47" WC="0.96" CONTENT="fråga"/><SP WIDTH="27" VPOS="1404" HPOS="1575"/>
							<String ID="string_227" HPOS="1602" VPOS="1416" WIDTH="61" HEIGHT="24" WC="0.96" CONTENT="om"/><SP WIDTH="29" VPOS="1416" HPOS="1663"/>
							<String ID="string_228" HPOS="1692" VPOS="1402" WIDTH="110" HEIGHT="37" WC="0.96" CONTENT="deras"/><SP WIDTH="28" VPOS="1402" HPOS="1802"/>
							<String ID="string_229" HPOS="1830" VPOS="1401" WIDTH="40" HEIGHT="37" WC="0.96" CONTENT="af"/>
						</TextLine>
						<TextLine ID="line_24" HPOS="264" VPOS="1453" WIDTH="1603" HEIGHT="55">
							<String ID="string_230" HPOS="264" VPOS="1460" WIDTH="253" HEIGHT="48" WC="0.91" CONTENT="grannelaget"/><SP WIDTH="27" VPOS="1460" HPOS="517"/>
							<String ID="string_231" HPOS="544" VPOS="1457" WIDTH="233" HEIGHT="38" WC="0.91" CONTENT="härrörande"/><SP WIDTH="28" VPOS="1457" HPOS="777"/>
							<String ID="string_232" HPOS="805" VPOS="1457" WIDTH="232" HEIGHT="47" WC="0.94" CONTENT="ömsesidiga"/><SP WIDTH="23" VPOS="1457" HPOS="1037"/>
							<String ID="string_233" HPOS="1060" VPOS="1456" WIDTH="261" HEIGHT="49" WC="0.96" CONTENT="förpliktelser"/><SP WIDTH="19" VPOS="1456" HPOS="1321"/>
							<String ID="string_234" HPOS="1340" VPOS="1455" WIDTH="89" HEIGHT="37" WC="0.96" CONTENT="med"/><SP WIDTH="28" VPOS="1455" HPOS="1429"/>
							<String ID="string_235" HPOS="1457" VPOS="1453" WIDTH="181" HEIGHT="38" WC="0.93" CONTENT="afseende"/><SP WIDTH="24" VPOS="1453" HPOS="1638"/>
							<String ID="string_236" HPOS="1662" VPOS="1456" WIDTH="21" HEIGHT="34" WC="0.92" CONTENT="å"/><SP WIDTH="23" VPOS="1456" HPOS="1683"/>
							<String ID="string_237" HPOS="1706" VPOS="1453" WIDTH="161" HEIGHT="48" WC="0.96" CONTENT="dikning"/>
						</TextLine>
						<TextLine ID="line_25" HPOS="263" VPOS="1504" WIDTH="1604" HEIGHT="55">
							<String ID="string_238" HPOS="263" VPOS="1511" WIDTH="72" HEIGHT="37" WC="0.93" CONTENT="och"/><SP WIDTH="29" VPOS="1511" HPOS="335"/>
							<String ID="string_239" HPOS="364" VPOS="1510" WIDTH="191" HEIGHT="48" WC="0.91" CONTENT="stängsels"/><SP WIDTH="28" VPOS="1510" HPOS="555"/>
							<String ID="string_240" HPOS="583" VPOS="1508" WIDTH="256" HEIGHT="51" WC="0.96" CONTENT="uppsättande"/><SP WIDTH="28" VPOS="1508" HPOS="839"/>
							<String ID="string_241" HPOS="867" VPOS="1508" WIDTH="113" HEIGHT="37" WC="0.95" CONTENT="hafva"/><SP WIDTH="19" VPOS="1508" HPOS="980"/>
							<String ID="string_242" HPOS="999" VPOS="1507" WIDTH="290" HEIGHT="38" WC="0.95" CONTENT="bestämmelser"/><SP WIDTH="19" VPOS="1507" HPOS="1289"/>
							<String ID="string_243" HPOS="1308" VPOS="1505" WIDTH="212" HEIGHT="38" WC="0.96" CONTENT="meddelats"/><SP WIDTH="20" VPOS="1505" HPOS="1520"/>
							<String ID="string_244" HPOS="1540" VPOS="1505" WIDTH="12" HEIGHT="37" WC="0.96" CONTENT="i"/><SP WIDTH="18" VPOS="1505" HPOS="1552"/>
							<String ID="string_245" HPOS="1570" VPOS="1505" WIDTH="113" HEIGHT="47" WC="0.96" CONTENT="lagen"/><SP WIDTH="21" VPOS="1505" HPOS="1683"/>
							<String ID="string_246" HPOS="1704" VPOS="1518" WIDTH="62" HEIGHT="23" WC="0.93" CONTENT="om"/><SP WIDTH="20" VPOS="1518" HPOS="1766"/>
							<String ID="string_247" HPOS="1786" VPOS="1504" WIDTH="81" HEIGHT="37" WC="0.92" CONTENT="dik-"/>
						</TextLine>
						<TextLine ID="line_26" HPOS="262" VPOS="1555" WIDTH="1602" HEIGHT="56">
							<String ID="string_248" HPOS="262" VPOS="1562" WIDTH="95" HEIGHT="49" WC="0.96" CONTENT="ning"/><SP WIDTH="19" VPOS="1562" HPOS="357"/>
							<String ID="string_249" HPOS="376" VPOS="1562" WIDTH="72" HEIGHT="36" WC="0.96" CONTENT="och"/><SP WIDTH="20" VPOS="1562" HPOS="448"/>
							<String ID="string_250" HPOS="468" VPOS="1574" WIDTH="126" HEIGHT="24" WC="0.93" CONTENT="annan"/><SP WIDTH="27" VPOS="1574" HPOS="594"/>
							<String ID="string_251" HPOS="621" VPOS="1560" WIDTH="195" HEIGHT="48" WC="0.91" CONTENT="afledning"/><SP WIDTH="29" VPOS="1560" HPOS="816"/>
							<String ID="string_252" HPOS="845" VPOS="1559" WIDTH="41" HEIGHT="37" WC="0.96" CONTENT="af"/><SP WIDTH="24" VPOS="1559" HPOS="886"/>
							<String ID="string_253" HPOS="910" VPOS="1564" WIDTH="134" HEIGHT="32" WC="0.95" CONTENT="vatten"/><SP WIDTH="28" VPOS="1564" HPOS="1044"/>
							<String ID="string_254" HPOS="1072" VPOS="1559" WIDTH="75" HEIGHT="36" WC="0.96" CONTENT="den"/><SP WIDTH="28" VPOS="1559" HPOS="1147"/>
							<String ID="string_255" HPOS="1175" VPOS="1559" WIDTH="48" HEIGHT="36" WC="0.96" CONTENT="20"/><SP WIDTH="22" VPOS="1559" HPOS="1223"/>
							<String ID="string_256" HPOS="1245" VPOS="1557" WIDTH="85" HEIGHT="50" WC="0.96" CONTENT="juni"/><SP WIDTH="26" VPOS="1557" HPOS="1330"/>
							<String ID="string_257" HPOS="1356" VPOS="1559" WIDTH="94" HEIGHT="35" WC="0.96" CONTENT="1879"/><SP WIDTH="30" VPOS="1559" HPOS="1450"/>
							<String ID="string_258" HPOS="1480" VPOS="1561" WIDTH="98" HEIGHT="32" WC="0.92" CONTENT="samt"/><SP WIDTH="18" VPOS="1561" HPOS="1578"/>
							<String ID="string_259" HPOS="1596" VPOS="1556" WIDTH="47" HEIGHT="37" WC="0.89" CONTENT="K."/><SP WIDTH="20" VPOS="1556" HPOS="1643"/>
							<String ID="string_260" HPOS="1663" VPOS="1555" WIDTH="41" HEIGHT="37" WC="0.89" CONTENT="F."/><SP WIDTH="22" VPOS="1555" HPOS="1704"/>
							<String ID="string_261" HPOS="1726" VPOS="1556" WIDTH="73" HEIGHT="37" WC="0.96" CONTENT="den"/><SP WIDTH="20" VPOS="1556" HPOS="1799"/>
							<String ID="string_262" HPOS="1819" VPOS="1557" WIDTH="45" HEIGHT="35" WC="0.96" CONTENT="21"/>
						</TextLine>
						<TextLine ID="line_27" HPOS="265" VPOS="1609" WIDTH="1038" HEIGHT="51">
							<String ID="string_263" HPOS="265" VPOS="1612" WIDTH="204" HEIGHT="38" WC="0.96" CONTENT="december"/><SP WIDTH="29" VPOS="1612" HPOS="469"/>
							<String ID="string_264" HPOS="498" VPOS="1614" WIDTH="94" HEIGHT="34" WC="0.96" CONTENT="1857"/><SP WIDTH="31" VPOS="1614" HPOS="592"/>
							<String ID="string_265" HPOS="623" VPOS="1625" WIDTH="61" HEIGHT="23" WC="0.93" CONTENT="om"/><SP WIDTH="24" VPOS="1625" HPOS="684"/>
							<String ID="string_266" HPOS="708" VPOS="1609" WIDTH="447" HEIGHT="51" WC="0.91" CONTENT="stängselskyldigheten"/><SP WIDTH="28" VPOS="1609" HPOS="1155"/>
							<String ID="string_267" HPOS="1183" VPOS="1623" WIDTH="47" HEIGHT="22" WC="0.91" CONTENT="m."/><SP WIDTH="26" VPOS="1623" HPOS="1230"/>
							<String ID="string_268" HPOS="1256" VPOS="1622" WIDTH="47" HEIGHT="23" WC="0.92" CONTENT="m."/>
						</TextLine>
					</TextBlock>
					<TextBlock ID="block_3" HPOS="261" VPOS="1656" WIDTH="1611" HEIGHT="665">
						<TextLine ID="line_28" HPOS="395" VPOS="1656" WIDTH="1472" HEIGHT="55">
							<String ID="string_269" HPOS="395" VPOS="1662" WIDTH="245" HEIGHT="38" WC="0.96" CONTENT="Beträffande"/><SP WIDTH="28" VPOS="1662" HPOS="640"/>
							<String ID="string_270" HPOS="668" VPOS="1662" WIDTH="182" HEIGHT="49" WC="0.95" CONTENT="slutligen"/><SP WIDTH="26" VPOS="1662" HPOS="850"/>
							<String ID="string_271" HPOS="876" VPOS="1661" WIDTH="285" HEIGHT="48" WC="0.95" CONTENT="förvaltningen"/><SP WIDTH="29" VPOS="1661" HPOS="1161"/>
							<String ID="string_272" HPOS="1190" VPOS="1660" WIDTH="40" HEIGHT="37" WC="0.96" CONTENT="af"/><SP WIDTH="20" VPOS="1660" HPOS="1230"/>
							<String ID="string_273" HPOS="1250" VPOS="1660" WIDTH="75" HEIGHT="37" WC="0.96" CONTENT="den"/><SP WIDTH="28" VPOS="1660" HPOS="1325"/>
							<String ID="string_274" HPOS="1353" VPOS="1658" WIDTH="198" HEIGHT="38" WC="0.96" CONTENT="samfällda"/><SP WIDTH="27" VPOS="1658" HPOS="1551"/>
							<String ID="string_275" HPOS="1578" VPOS="1658" WIDTH="158" HEIGHT="37" WC="0.96" CONTENT="marken"/><SP WIDTH="19" VPOS="1658" HPOS="1736"/>
							<String ID="string_276" HPOS="1755" VPOS="1656" WIDTH="112" HEIGHT="38" WC="0.96" CONTENT="hafva"/>
						</TextLine>
						<TextLine ID="line_29" HPOS="261" VPOS="1709" WIDTH="1606" HEIGHT="53">
							<String ID="string_277" HPOS="261" VPOS="1714" WIDTH="13" HEIGHT="37" WC="0.96" CONTENT="i"/><SP WIDTH="38" VPOS="1714" HPOS="274"/>
							<String ID="string_278" HPOS="312" VPOS="1714" WIDTH="195" HEIGHT="48" WC="0.95" CONTENT="åtskilliga"/><SP WIDTH="40" VPOS="1714" HPOS="507"/>
							<String ID="string_279" HPOS="547" VPOS="1719" WIDTH="136" HEIGHT="32" WC="0.92" CONTENT="ämnen"/><SP WIDTH="41" VPOS="1719" HPOS="683"/>
							<String ID="string_280" HPOS="724" VPOS="1711" WIDTH="390" HEIGHT="51" WC="0.65" CONTENT="byggningabalkens"/><SP WIDTH="39" VPOS="1711" HPOS="1114"/>
							<String ID="string_281" HPOS="1153" VPOS="1710" WIDTH="240" HEIGHT="49" WC="0.96" CONTENT="stadganden"/><SP WIDTH="28" VPOS="1710" HPOS="1393"/>
							<String ID="string_282" HPOS="1421" VPOS="1715" WIDTH="137" HEIGHT="32" WC="0.96" CONTENT="ersatts"/><SP WIDTH="29" VPOS="1715" HPOS="1558"/>
							<String ID="string_283" HPOS="1587" VPOS="1710" WIDTH="87" HEIGHT="36" WC="0.93" CONTENT="med"/><SP WIDTH="27" VPOS="1710" HPOS="1674"/>
							<String ID="string_284" HPOS="1701" VPOS="1709" WIDTH="166" HEIGHT="37" WC="0.91" CONTENT="bestäm-"/>
						</TextLine>
						<TextLine ID="line_30" HPOS="263" VPOS="1759" WIDTH="1605" HEIGHT="53">
							<String ID="string_285" HPOS="263" VPOS="1765" WIDTH="142" HEIGHT="37" WC="0.89" CONTENT="melser"/><SP WIDTH="27" VPOS="1765" HPOS="405"/>
							<String ID="string_286" HPOS="432" VPOS="1765" WIDTH="12" HEIGHT="36" WC="0.96" CONTENT="i"/><SP WIDTH="17" VPOS="1765" HPOS="444"/>
							<String ID="string_287" HPOS="461" VPOS="1764" WIDTH="187" HEIGHT="37" WC="0.94" CONTENT="särskilda"/><SP WIDTH="16" VPOS="1764" HPOS="648"/>
							<String ID="string_288" HPOS="664" VPOS="1764" WIDTH="271" HEIGHT="48" WC="0.96" CONTENT="författningar"/><SP WIDTH="16" VPOS="1764" HPOS="935"/>
							<String ID="string_289" HPOS="951" VPOS="1764" WIDTH="41" HEIGHT="36" WC="0.96" CONTENT="af"/><SP WIDTH="17" VPOS="1764" HPOS="992"/>
							<String ID="string_290" HPOS="1009" VPOS="1762" WIDTH="244" HEIGHT="49" WC="0.94" CONTENT="civilrättslig"/><SP WIDTH="14" VPOS="1762" HPOS="1253"/>
							<String ID="string_291" HPOS="1267" VPOS="1767" WIDTH="122" HEIGHT="32" WC="0.92" CONTENT="natur."/><SP WIDTH="54" VPOS="1767" HPOS="1389"/>
							<String ID="string_292" HPOS="1443" VPOS="1760" WIDTH="143" HEIGHT="38" WC="0.95" CONTENT="Därvid"/><SP WIDTH="18" VPOS="1760" HPOS="1586"/>
							<String ID="string_293" HPOS="1604" VPOS="1760" WIDTH="140" HEIGHT="37" WC="0.39" CONTENT="hafva"/><SP WIDTH="-17" VPOS="1760" HPOS="1744"/>
							<String ID="string_294" HPOS="1727" VPOS="1755" WIDTH="17" HEIGHT="62" WC="0.39" CONTENT="i"/><SP WIDTH="19" VPOS="1755" HPOS="1744"/>
							<String ID="string_295" HPOS="1763" VPOS="1759" WIDTH="105" HEIGHT="37" WC="0.96" CONTENT="vissa"/>
						</TextLine>
						<TextLine ID="line_31" HPOS="263" VPOS="1811" WIDTH="1603" HEIGHT="53">
							<String ID="string_296" HPOS="263" VPOS="1816" WIDTH="67" HEIGHT="37" WC="0.96" CONTENT="fall"/><SP WIDTH="23" VPOS="1816" HPOS="330"/>
							<String ID="string_297" HPOS="353" VPOS="1817" WIDTH="88" HEIGHT="36" WC="0.95" CONTENT="med"/><SP WIDTH="19" VPOS="1817" HPOS="441"/>
							<String ID="string_298" HPOS="460" VPOS="1816" WIDTH="149" HEIGHT="48" WC="0.95" CONTENT="hänsyn"/><SP WIDTH="20" VPOS="1816" HPOS="609"/>
							<String ID="string_299" HPOS="629" VPOS="1815" WIDTH="57" HEIGHT="36" WC="0.96" CONTENT="till"/><SP WIDTH="17" VPOS="1815" HPOS="686"/>
							<String ID="string_300" HPOS="703" VPOS="1815" WIDTH="246" HEIGHT="48" WC="0.96" CONTENT="svårigheten"/><SP WIDTH="24" VPOS="1815" HPOS="949"/>
							<String ID="string_301" HPOS="973" VPOS="1819" WIDTH="55" HEIGHT="32" WC="0.96" CONTENT="att"/><SP WIDTH="20" VPOS="1819" HPOS="1028"/>
							<String ID="string_302" HPOS="1048" VPOS="1813" WIDTH="263" HEIGHT="38" WC="0.96" CONTENT="åstadkomma"/><SP WIDTH="19" VPOS="1813" HPOS="1311"/>
							<String ID="string_303" HPOS="1330" VPOS="1811" WIDTH="155" HEIGHT="49" WC="0.96" CONTENT="enighet"/><SP WIDTH="17" VPOS="1811" HPOS="1485"/>
							<String ID="string_304" HPOS="1502" VPOS="1811" WIDTH="138" HEIGHT="37" WC="0.92" CONTENT="mellan"/><SP WIDTH="21" VPOS="1811" HPOS="1640"/>
							<String ID="string_305" HPOS="1661" VPOS="1811" WIDTH="205" HEIGHT="48" WC="0.91" CONTENT="delägarne"/>
						</TextLine>
						<TextLine ID="line_32" HPOS="263" VPOS="1862" WIDTH="1605" HEIGHT="50">
							<String ID="string_306" HPOS="263" VPOS="1868" WIDTH="163" HEIGHT="37" WC="0.95" CONTENT="rörande"/><SP WIDTH="28" VPOS="1868" HPOS="426"/>
							<String ID="string_307" HPOS="454" VPOS="1866" WIDTH="286" HEIGHT="43" WC="0.96" CONTENT="förvaltningen"/><SP WIDTH="28" VPOS="1866" HPOS="740"/>
							<String ID="string_308" HPOS="768" VPOS="1868" WIDTH="40" HEIGHT="36" WC="0.96" CONTENT="af"/><SP WIDTH="24" VPOS="1868" HPOS="808"/>
							<String ID="string_309" HPOS="832" VPOS="1865" WIDTH="176" HEIGHT="39" WC="0.96" CONTENT="samfälld"/><SP WIDTH="23" VPOS="1865" HPOS="1008"/>
							<String ID="string_310" HPOS="1031" VPOS="1865" WIDTH="118" HEIGHT="47" WC="0.93" CONTENT="mark,"/><SP WIDTH="30" VPOS="1865" HPOS="1149"/>
							<String ID="string_311" HPOS="1179" VPOS="1867" WIDTH="21" HEIGHT="35" WC="0.91" CONTENT="å"/><SP WIDTH="19" VPOS="1867" HPOS="1200"/>
							<String ID="string_312" HPOS="1219" VPOS="1877" WIDTH="71" HEIGHT="24" WC="0.96" CONTENT="ena"/><SP WIDTH="16" VPOS="1877" HPOS="1290"/>
							<String ID="string_313" HPOS="1306" VPOS="1863" WIDTH="121" HEIGHT="48" WC="0.95" CONTENT="sidan,"/><SP WIDTH="21" VPOS="1863" HPOS="1427"/>
							<String ID="string_314" HPOS="1448" VPOS="1863" WIDTH="72" HEIGHT="38" WC="0.93" CONTENT="och"/><SP WIDTH="17" VPOS="1863" HPOS="1520"/>
							<String ID="string_315" HPOS="1537" VPOS="1862" WIDTH="331" HEIGHT="50" WC="0.90" CONTENT="angelägenheten"/>
						</TextLine>
						<TextLine ID="line_33" HPOS="264" VPOS="1912" WIDTH="1604" HEIGHT="53">
							<String ID="string_316" HPOS="264" VPOS="1919" WIDTH="42" HEIGHT="36" WC="0.96" CONTENT="af"/><SP WIDTH="34" VPOS="1919" HPOS="306"/>
							<String ID="string_317" HPOS="340" VPOS="1924" WIDTH="56" HEIGHT="31" WC="0.96" CONTENT="att"/><SP WIDTH="23" VPOS="1924" HPOS="396"/>
							<String ID="string_318" HPOS="419" VPOS="1924" WIDTH="55" HEIGHT="31" WC="0.96" CONTENT="ett"/><SP WIDTH="24" VPOS="1924" HPOS="474"/>
							<String ID="string_319" HPOS="498" VPOS="1918" WIDTH="318" HEIGHT="47" WC="0.96" CONTENT="ändamålsenligt"/><SP WIDTH="23" VPOS="1918" HPOS="816"/>
							<String ID="string_320" HPOS="839" VPOS="1917" WIDTH="196" HEIGHT="37" WC="0.96" CONTENT="brukande"/><SP WIDTH="25" VPOS="1917" HPOS="1035"/>
							<String ID="string_321" HPOS="1060" VPOS="1917" WIDTH="40" HEIGHT="36" WC="0.96" CONTENT="af"/><SP WIDTH="25" VPOS="1917" HPOS="1100"/>
							<String ID="string_322" HPOS="1125" VPOS="1915" WIDTH="307" HEIGHT="49" WC="0.95" CONTENT="samfälligheten"/><SP WIDTH="29" VPOS="1915" HPOS="1432"/>
							<String ID="string_323" HPOS="1461" VPOS="1915" WIDTH="171" HEIGHT="36" WC="0.96" CONTENT="kommer"/><SP WIDTH="27" VPOS="1915" HPOS="1632"/>
							<String ID="string_324" HPOS="1659" VPOS="1913" WIDTH="58" HEIGHT="36" WC="0.96" CONTENT="till"/><SP WIDTH="28" VPOS="1913" HPOS="1717"/>
							<String ID="string_325" HPOS="1745" VPOS="1912" WIDTH="123" HEIGHT="47" WC="0.96" CONTENT="stånd,"/>
						</TextLine>
						<TextLine ID="line_34" HPOS="266" VPOS="1963" WIDTH="1601" HEIGHT="55">
							<String ID="string_326" HPOS="266" VPOS="1973" WIDTH="20" HEIGHT="33" WC="0.93" CONTENT="å"/><SP WIDTH="29" VPOS="1973" HPOS="286"/>
							<String ID="string_327" HPOS="315" VPOS="1969" WIDTH="74" HEIGHT="37" WC="0.96" CONTENT="den"/><SP WIDTH="29" VPOS="1969" HPOS="389"/>
							<String ID="string_328" HPOS="418" VPOS="1969" WIDTH="130" HEIGHT="49" WC="0.96" CONTENT="andra,"/><SP WIDTH="29" VPOS="1969" HPOS="548"/>
							<String ID="string_329" HPOS="577" VPOS="1968" WIDTH="188" HEIGHT="37" WC="0.95" CONTENT="särskilda"/><SP WIDTH="27" VPOS="1968" HPOS="765"/>
							<String ID="string_330" HPOS="792" VPOS="1968" WIDTH="240" HEIGHT="37" WC="0.96" CONTENT="föreskrifter"/><SP WIDTH="23" VPOS="1968" HPOS="1032"/>
							<String ID="string_331" HPOS="1055" VPOS="1966" WIDTH="213" HEIGHT="38" WC="0.96" CONTENT="meddelats"/><SP WIDTH="26" VPOS="1966" HPOS="1268"/>
							<String ID="string_332" HPOS="1294" VPOS="1965" WIDTH="163" HEIGHT="38" WC="0.96" CONTENT="rörande"/><SP WIDTH="18" VPOS="1965" HPOS="1457"/>
							<String ID="string_333" HPOS="1475" VPOS="1965" WIDTH="244" HEIGHT="46" WC="0.96" CONTENT="förfarandet,"/><SP WIDTH="20" VPOS="1965" HPOS="1719"/>
							<String ID="string_334" HPOS="1739" VPOS="1963" WIDTH="47" HEIGHT="38" WC="0.93" CONTENT="då"/><SP WIDTH="24" VPOS="1963" HPOS="1786"/>
							<String ID="string_335" HPOS="1810" VPOS="1966" WIDTH="57" HEIGHT="34" WC="0.93" CONTENT="så-"/>
						</TextLine>
						<TextLine ID="line_35" HPOS="267" VPOS="2015" WIDTH="1601" HEIGHT="54">
							<String ID="string_336" HPOS="267" VPOS="2021" WIDTH="73" HEIGHT="37" WC="0.96" CONTENT="dan"/><SP WIDTH="41" VPOS="2021" HPOS="340"/>
							<String ID="string_337" HPOS="381" VPOS="2020" WIDTH="158" HEIGHT="49" WC="0.96" CONTENT="enighet"/><SP WIDTH="39" VPOS="2020" HPOS="539"/>
							<String ID="string_338" HPOS="578" VPOS="2020" WIDTH="86" HEIGHT="37" WC="0.96" CONTENT="icke"/><SP WIDTH="39" VPOS="2020" HPOS="664"/>
							<String ID="string_339" HPOS="703" VPOS="2020" WIDTH="74" HEIGHT="37" WC="0.96" CONTENT="kan"/><SP WIDTH="41" VPOS="2020" HPOS="777"/>
							<String ID="string_340" HPOS="818" VPOS="2022" WIDTH="158" HEIGHT="47" WC="0.96" CONTENT="uppnås."/><SP WIDTH="55" VPOS="2022" HPOS="976"/>
							<String ID="string_341" HPOS="1031" VPOS="2018" WIDTH="140" HEIGHT="50" WC="0.96" CONTENT="Dylika"/><SP WIDTH="32" VPOS="2018" HPOS="1171"/>
							<String ID="string_342" HPOS="1203" VPOS="2017" WIDTH="292" HEIGHT="38" WC="0.96" CONTENT="bestämmelser"/><SP WIDTH="25" VPOS="2017" HPOS="1495"/>
							<String ID="string_343" HPOS="1520" VPOS="2015" WIDTH="162" HEIGHT="38" WC="0.93" CONTENT="rörande"/><SP WIDTH="29" VPOS="2015" HPOS="1682"/>
							<String ID="string_344" HPOS="1711" VPOS="2015" WIDTH="157" HEIGHT="37" WC="0.91" CONTENT="förvalt-"/>
						</TextLine>
						<TextLine ID="line_36" HPOS="266" VPOS="2066" WIDTH="1602" HEIGHT="53">
							<String ID="string_345" HPOS="266" VPOS="2072" WIDTH="143" HEIGHT="47" WC="0.96" CONTENT="ningen"/><SP WIDTH="41" VPOS="2072" HPOS="409"/>
							<String ID="string_346" HPOS="450" VPOS="2071" WIDTH="41" HEIGHT="37" WC="0.96" CONTENT="af"/><SP WIDTH="36" VPOS="2071" HPOS="491"/>
							<String ID="string_347" HPOS="527" VPOS="2070" WIDTH="175" HEIGHT="38" WC="0.95" CONTENT="samfälld"/><SP WIDTH="41" VPOS="2070" HPOS="702"/>
							<String ID="string_348" HPOS="743" VPOS="2071" WIDTH="107" HEIGHT="36" WC="0.96" CONTENT="mark"/><SP WIDTH="42" VPOS="2071" HPOS="850"/>
							<String ID="string_349" HPOS="892" VPOS="2075" WIDTH="64" HEIGHT="32" WC="0.95" CONTENT="äro"/><SP WIDTH="34" VPOS="2075" HPOS="956"/>
							<String ID="string_350" HPOS="990" VPOS="2069" WIDTH="224" HEIGHT="38" WC="0.96" CONTENT="meddelade"/><SP WIDTH="27" VPOS="2069" HPOS="1214"/>
							<String ID="string_351" HPOS="1241" VPOS="2069" WIDTH="13" HEIGHT="36" WC="0.92" CONTENT="i"/><SP WIDTH="27" VPOS="2069" HPOS="1254"/>
							<String ID="string_352" HPOS="1281" VPOS="2068" WIDTH="132" HEIGHT="50" WC="0.87" CONTENT="kungi."/><SP WIDTH="29" VPOS="2068" HPOS="1413"/>
							<String ID="string_353" HPOS="1442" VPOS="2067" WIDTH="273" HEIGHT="48" WC="0.96" CONTENT="förordningen"/><SP WIDTH="29" VPOS="2067" HPOS="1715"/>
							<String ID="string_354" HPOS="1744" VPOS="2066" WIDTH="74" HEIGHT="37" WC="0.96" CONTENT="den"/><SP WIDTH="29" VPOS="2066" HPOS="1818"/>
							<String ID="string_355" HPOS="1847" VPOS="2067" WIDTH="21" HEIGHT="35" WC="0.96" CONTENT="8"/>
						</TextLine>
						<TextLine ID="line_37" HPOS="267" VPOS="2117" WIDTH="1600" HEIGHT="53">
							<String ID="string_356" HPOS="267" VPOS="2136" WIDTH="101" HEIGHT="23" WC="0.51" CONTENT="mars"/><SP WIDTH="42" VPOS="2136" HPOS="368"/>
							<String ID="string_357" HPOS="410" VPOS="2124" WIDTH="96" HEIGHT="35" WC="0.96" CONTENT="1770"/><SP WIDTH="40" VPOS="2124" HPOS="506"/>
							<String ID="string_358" HPOS="546" VPOS="2121" WIDTH="162" HEIGHT="38" WC="0.96" CONTENT="rörande"/><SP WIDTH="39" VPOS="2121" HPOS="708"/>
							<String ID="string_359" HPOS="747" VPOS="2121" WIDTH="243" HEIGHT="49" WC="0.95" CONTENT="anläggande"/><SP WIDTH="39" VPOS="2121" HPOS="990"/>
							<String ID="string_360" HPOS="1029" VPOS="2120" WIDTH="41" HEIGHT="37" WC="0.96" CONTENT="af"/><SP WIDTH="35" VPOS="2120" HPOS="1070"/>
							<String ID="string_361" HPOS="1105" VPOS="2125" WIDTH="86" HEIGHT="44" WC="0.96" CONTENT="torp"/><SP WIDTH="26" VPOS="2125" HPOS="1191"/>
							<String ID="string_362" HPOS="1217" VPOS="2120" WIDTH="70" HEIGHT="37" WC="0.96" CONTENT="och"/><SP WIDTH="29" VPOS="2120" HPOS="1287"/>
							<String ID="string_363" HPOS="1316" VPOS="2121" WIDTH="212" HEIGHT="47" WC="0.93" CONTENT="nybyggen"/><SP WIDTH="29" VPOS="2121" HPOS="1528"/>
							<String ID="string_364" HPOS="1557" VPOS="2121" WIDTH="21" HEIGHT="34" WC="0.89" CONTENT="å"/><SP WIDTH="27" VPOS="2121" HPOS="1578"/>
							<String ID="string_365" HPOS="1605" VPOS="2117" WIDTH="116" HEIGHT="37" WC="0.92" CONTENT="oskift"/><SP WIDTH="28" VPOS="2117" HPOS="1721"/>
							<String ID="string_366" HPOS="1749" VPOS="2117" WIDTH="118" HEIGHT="47" WC="0.95" CONTENT="mark,"/>
						</TextLine>
						<TextLine ID="line_38" HPOS="267" VPOS="2168" WIDTH="1602" HEIGHT="54">
							<String ID="string_367" HPOS="267" VPOS="2173" WIDTH="133" HEIGHT="49" WC="0.85" CONTENT="kungl."/><SP WIDTH="29" VPOS="2173" HPOS="400"/>
							<String ID="string_368" HPOS="429" VPOS="2173" WIDTH="279" HEIGHT="48" WC="0.96" CONTENT="förordningen"/><SP WIDTH="28" VPOS="2173" HPOS="708"/>
							<String ID="string_369" HPOS="736" VPOS="2186" WIDTH="60" HEIGHT="23" WC="0.96" CONTENT="om"/><SP WIDTH="30" VPOS="2186" HPOS="796"/>
							<String ID="string_370" HPOS="826" VPOS="2174" WIDTH="191" HEIGHT="48" WC="0.95" CONTENT="skogarna"/><SP WIDTH="28" VPOS="2174" HPOS="1017"/>
							<String ID="string_371" HPOS="1045" VPOS="2171" WIDTH="11" HEIGHT="36" WC="0.96" CONTENT="i"/><SP WIDTH="20" VPOS="2171" HPOS="1056"/>
							<String ID="string_372" HPOS="1076" VPOS="2171" WIDTH="100" HEIGHT="37" WC="0.96" CONTENT="riket"/><SP WIDTH="20" VPOS="2171" HPOS="1176"/>
							<String ID="string_373" HPOS="1196" VPOS="2171" WIDTH="75" HEIGHT="36" WC="0.96" CONTENT="den"/><SP WIDTH="21" VPOS="2171" HPOS="1271"/>
							<String ID="string_374" HPOS="1292" VPOS="2172" WIDTH="18" HEIGHT="35" WC="0.96" CONTENT="1"/><SP WIDTH="17" VPOS="2172" HPOS="1310"/>
							<String ID="string_375" HPOS="1327" VPOS="2170" WIDTH="152" HEIGHT="49" WC="0.95" CONTENT="augusti"/><SP WIDTH="18" VPOS="2170" HPOS="1479"/>
							<String ID="string_376" HPOS="1497" VPOS="2170" WIDTH="108" HEIGHT="46" WC="0.92" CONTENT="1805,"/><SP WIDTH="15" VPOS="2170" HPOS="1605"/>
							<String ID="string_377" HPOS="1620" VPOS="2168" WIDTH="249" HEIGHT="49" WC="0.88" CONTENT="jaktstadgan"/>
						</TextLine>
						<TextLine ID="line_39" HPOS="270" VPOS="2218" WIDTH="1600" HEIGHT="53">
							<String ID="string_378" HPOS="270" VPOS="2225" WIDTH="74" HEIGHT="36" WC="0.96" CONTENT="den"/><SP WIDTH="39" VPOS="2225" HPOS="344"/>
							<String ID="string_379" HPOS="383" VPOS="2226" WIDTH="45" HEIGHT="35" WC="0.96" CONTENT="21"/><SP WIDTH="29" VPOS="2226" HPOS="428"/>
							<String ID="string_380" HPOS="457" VPOS="2225" WIDTH="160" HEIGHT="36" WC="0.96" CONTENT="oktober"/><SP WIDTH="42" VPOS="2225" HPOS="617"/>
							<String ID="string_381" HPOS="659" VPOS="2226" WIDTH="107" HEIGHT="45" WC="0.96" CONTENT="1864,"/><SP WIDTH="39" VPOS="2226" HPOS="766"/>
							<String ID="string_382" HPOS="805" VPOS="2224" WIDTH="133" HEIGHT="47" WC="0.94" CONTENT="kungl."/><SP WIDTH="42" VPOS="2224" HPOS="938"/>
							<String ID="string_383" HPOS="980" VPOS="2222" WIDTH="277" HEIGHT="48" WC="0.96" CONTENT="förordningen"/><SP WIDTH="28" VPOS="2222" HPOS="1257"/>
							<String ID="string_384" HPOS="1285" VPOS="2222" WIDTH="72" HEIGHT="36" WC="0.96" CONTENT="den"/><SP WIDTH="30" VPOS="2222" HPOS="1357"/>
							<String ID="string_385" HPOS="1387" VPOS="2224" WIDTH="22" HEIGHT="34" WC="0.96" CONTENT="8"/><SP WIDTH="25" VPOS="2224" HPOS="1409"/>
							<String ID="string_386" HPOS="1434" VPOS="2221" WIDTH="84" HEIGHT="48" WC="0.96" CONTENT="juni"/><SP WIDTH="29" VPOS="2221" HPOS="1518"/>
							<String ID="string_387" HPOS="1547" VPOS="2222" WIDTH="95" HEIGHT="35" WC="0.96" CONTENT="1866"/><SP WIDTH="29" VPOS="2222" HPOS="1642"/>
							<String ID="string_388" HPOS="1671" VPOS="2218" WIDTH="199" HEIGHT="49" WC="0.96" CONTENT="angående"/>
						</TextLine>
						<TextLine ID="line_40" HPOS="268" VPOS="2270" WIDTH="1604" HEIGHT="51">
							<String ID="string_389" HPOS="268" VPOS="2275" WIDTH="188" HEIGHT="37" WC="0.96" CONTENT="särskilda"/><SP WIDTH="40" VPOS="2275" HPOS="456"/>
							<String ID="string_390" HPOS="496" VPOS="2274" WIDTH="239" HEIGHT="38" WC="0.96" CONTENT="föreskrifter"/><SP WIDTH="33" VPOS="2274" HPOS="735"/>
							<String ID="string_391" HPOS="768" VPOS="2274" WIDTH="12" HEIGHT="37" WC="0.96" CONTENT="i"/><SP WIDTH="28" VPOS="2274" HPOS="780"/>
							<String ID="string_392" HPOS="808" VPOS="2273" WIDTH="180" HEIGHT="38" WC="0.93" CONTENT="afseende"/><SP WIDTH="31" VPOS="2273" HPOS="988"/>
							<String ID="string_393" HPOS="1019" VPOS="2276" WIDTH="20" HEIGHT="34" WC="0.90" CONTENT="å"/><SP WIDTH="26" VPOS="2276" HPOS="1039"/>
							<String ID="string_394" HPOS="1065" VPOS="2272" WIDTH="236" HEIGHT="49" WC="0.96" CONTENT="rättigheten"/><SP WIDTH="23" VPOS="2272" HPOS="1301"/>
							<String ID="string_395" HPOS="1324" VPOS="2271" WIDTH="58" HEIGHT="38" WC="0.93" CONTENT="till"/><SP WIDTH="27" VPOS="2271" HPOS="1382"/>
							<String ID="string_396" HPOS="1409" VPOS="2271" WIDTH="178" HEIGHT="49" WC="0.92" CONTENT="tångtäkt"/><SP WIDTH="25" VPOS="2271" HPOS="1587"/>
							<String ID="string_397" HPOS="1612" VPOS="2273" WIDTH="19" HEIGHT="34" WC="0.92" CONTENT="å"/><SP WIDTH="27" VPOS="2273" HPOS="1631"/>
							<String ID="string_398" HPOS="1658" VPOS="2270" WIDTH="214" HEIGHT="37" WC="0.90" CONTENT="hafssträn-"/>
						</TextLine>
					</TextBlock>
					<TextBlock ID="block_4" HPOS="351" VPOS="2327" WIDTH="1478" HEIGHT="44">
						<TextLine ID="line_41" HPOS="351" VPOS="2327" WIDTH="1478" HEIGHT="44">
							<String ID="string_399" HPOS="351" VPOS="2333" WIDTH="117" HEIGHT="38" WC="0.90" CONTENT="Bihang"/><SP WIDTH="24" VPOS="2333" HPOS="468"/>
							<String ID="string_400" HPOS="492" VPOS="2333" WIDTH="45" HEIGHT="29" WC="0.96" CONTENT="till"/><SP WIDTH="23" VPOS="2333" HPOS="537"/>
							<String ID="string_401" HPOS="560" VPOS="2333" WIDTH="182" HEIGHT="37" WC="0.93" CONTENT="Riksdagens"/><SP WIDTH="18" VPOS="2333" HPOS="742"/>
							<String ID="string_402" HPOS="760" VPOS="2327" WIDTH="147" HEIGHT="43" WC="0.96" CONTENT="protokoll"/><SP WIDTH="23" VPOS="2327" HPOS="907"/>
							<String ID="string_403" HPOS="930" VPOS="2330" WIDTH="91" HEIGHT="32" WC="0.96" CONTENT="1912."/><SP WIDTH="48" VPOS="2330" HPOS="1021"/>
							<String ID="string_404" HPOS="1069" VPOS="2332" WIDTH="17" HEIGHT="29" WC="0.92" CONTENT="9"/><SP WIDTH="22" VPOS="2332" HPOS="1086"/>
							<String ID="string_405" HPOS="1108" VPOS="2330" WIDTH="82" HEIGHT="31" WC="0.94" CONTENT="saml."/><SP WIDTH="24" VPOS="2330" HPOS="1190"/>
							<String ID="string_406" HPOS="1214" VPOS="2332" WIDTH="42" HEIGHT="28" WC="0.92" CONTENT="28"/><SP WIDTH="23" VPOS="2332" HPOS="1256"/>
							<String ID="string_407" HPOS="1279" VPOS="2330" WIDTH="74" HEIGHT="37" WC="0.71" CONTENT="häft."/><SP WIDTH="24" VPOS="2330" HPOS="1353"/>
							<String ID="string_408" HPOS="1377" VPOS="2330" WIDTH="63" HEIGHT="35" WC="0.95" CONTENT="(Nr"/><SP WIDTH="24" VPOS="2330" HPOS="1440"/>
							<String ID="string_409" HPOS="1464" VPOS="2329" WIDTH="62" HEIGHT="38" WC="0.95" CONTENT="31.)"/><SP WIDTH="286" VPOS="2329" HPOS="1526"/>
							<String ID="string_410" HPOS="1812" VPOS="2327" WIDTH="17" HEIGHT="29" WC="0.96" CONTENT="2"/>
						</TextLine>
					</TextBlock>
				</ComposedBlock>
			</PrintSpace>
		</Page>
	</Layout>
</alto>
