1886 2830
323 158 231 28 Sammansatta
574 159 88 26 stats-
682 157 57 28 och
756 157 98 28 andra
875 156 222 34 lagutskottets
1115 155 163 29 utlåtande
1300 155 46 28 Nr
1370 159 27 25 3.
1601 154 14 29 1

800 518 60 40 Nr
886 518 36 39 3.

510 635 116 27 Ankom
651 634 45 27 till
721 634 171 33 riksdagens
916 633 95 27 kansli
1034 633 59 27 den
1118 635 36 25 27
1180 632 73 33 april
1278 633 79 26 1928
1383 631 37 28 kl.
1447 632 15 26 2
1487 640 24 18 e.
1537 640 38 17 m.

333 764 249 32 Sammansatta
605 766 98 29 stats-
729 763 60 32 och
814 763 104 32 andra
941 762 241 39 lagutskottets
1205 760 174 33 utlåtande
1401 763 11 29 i
1435 759 179 38 anledning

555 826 40 20 av
621 814 122 32 väckta
767 816 162 29 motioner
952 812 139 33 rörande
1116 812 183 38 ändringar
1322 813 11 30 i
1357 811 97 38 lagen
1478 822 51 20 om
1554 809 59 32 all-

553 867 76 29 män
652 864 363 38 pensionsförsäkring.

157 965 68 32 Till
243 965 203 39 behandling
466 965 87 32 inom
571 967 219 29 sammansatt
809 967 98 29 stats-
927 964 61 31 och
1006 963 106 32 andra
1129 962 190 39 lagutskott
1337 962 86 32 hava
1441 961 174 32 hänvisats

113 1016 149 38 följande
283 1016 171 39 motioner,
475 1015 121 33 väckta
616 1015 88 32 inom

202 1101 108 38 första
332 1100 205 32 kammaren:

157 1179 40 19 nr
242 1168 42 31 38
308 1179 43 20 av
369 1167 77 32 herr
463 1167 234 39 Kvarngelius,
717 1166 171 38 angående
905 1166 86 32 visst
1008 1165 124 38 tillägg
1152 1165 54 32 till
1236 1167 8 30 7
1266 1164 18 40 $
1305 1164 98 38 lagen
1420 1175 51 21 om
1491 1163 125 32 allmän

312 1217 363 40 pensionsförsäkring,

157 1280 39 20 nr
222 1269 61 32 167
308 1280 43 20 av
372 1269 77 31 herr
472 1268 168 39 Winberg,
661 1267 171 38 angående
853 1267 91 32 vissa
965 1267 183 37 ändringar
1168 1267 12 31 i
1201 1266 99 38 lagen
1322 1277 50 20 om
1393 1264 125 33 allmän
1540 1275 76 27 pen-

313 1318 286 39 sionsförsäkring
617 1330 43 21 m.
680 1330 53 27 m.,

158 1381 39 20 nr
223 1370 62 31 168
310 1381 42 20 av
371 1369 118 32 fröken
508 1369 213 39 Hesselgren,
741 1368 171 38 angående
932 1367 232 38 fördelningen
1182 1366 81 32 äkta
1281 1366 118 32 makar
1416 1365 140 33 emellan
1575 1377 43 20 av

313 1419 307 39 avgiftspensioner
636 1419 106 38 enligt
760 1419 98 38 lagen
877 1430 52 21 om
947 1418 126 32 allmän
1090 1416 362 40 pensionsförsäkring,

157 1481 40 21 nr
221 1471 62 31 169
309 1481 42 21 av
368 1470 76 32 herr
462 1470 119 32 Möller
598 1482 43 19 m.
660 1469 50 38 fl.,
729 1469 172 39 angående
917 1469 181 38 utredning
1115 1468 139 33 rörande
1273 1467 212 38 riktlinjerna
1505 1466 53 33 för
1578 1478 38 20 en

316 1521 144 32 revision
482 1532 42 20 av
545 1521 61 32 den
629 1520 170 33 allmänna
821 1520 364 38 folkpensioneringen;

203 1606 105 32 andra
329 1606 205 32 kammaren:

159 1685 39 19 nr
245 1674 40 31 70
310 1684 43 21 av
376 1673 116 32 herrar
512 1672 147 33 Jansson
682 1672 11 31 i
717 1670 111 33 Falun
853 1671 60 32 och
937 1671 181 32 Törnkvist
1143 1671 12 31 i
1179 1670 100 40 Bjuv,
1304 1669 217 39 likalydande
1545 1669 73 32 med

313 1723 167 32 motionen
502 1723 33 32 I:
549 1724 52 38 38,

162 1786 40 20 nr
227 1775 61 31 192
314 1786 42 20 av
379 1774 77 32 herr
481 1774 179 32 Törnkvist
689 1773 6 32 i
720 1773 90 38 Bjuv
832 1785 43 20 m.
900 1772 51 39 fl.,
974 1772 218 38 likalydande
1214 1771 74 33 med
1311 1771 163 32 motionen
1498 1771 32 32 I:
1547 1771 74 37 168,

159 1836 39 20 nr
222 1825 65 32 284
332 1836 43 20 av
399 1824 115 32 herrar
536 1824 190 32 Johansson
750 1824 12 31 i
786 1823 231 38 Hallagården
1040 1823 61 32 och
1124 1822 138 33 Gardell
1284 1822 13 31 i
1323 1821 102 40 Gans,
1447 1820 170 39 angående

314 1875 143 38 ändring
476 1875 12 31 i
508 1875 84 32 visst
613 1874 160 32 avseende
793 1886 43 20 av
858 1874 98 38 lagen
976 1885 51 20 om
1047 1873 125 32 allmän
1193 1871 362 40 pensionsförsäkring,

160 1937 39 20 nr
223 1926 64 32 294
311 1937 42 21 av
368 1926 77 32 herr
459 1926 156 32 Hansson
630 1925 12 32 i
658 1924 193 33 Stockholm
867 1936 43 21 m.
927 1924 50 41 fl.,
994 1923 218 39 likalydande
1227 1923 74 32 med
1314 1923 165 32 motionen
1496 1922 32 32 1:
1544 1922 74 38 169,

161 1989 40 20 nr
218 1978 63 32 363
299 1989 42 20 av
359 1977 117 32 herrar
492 1976 165 39 Fjellman
677 1976 60 32 och
755 1976 176 32 Petersson
948 1976 13 31 i
979 1975 250 38 Lerbäcksbyn,
1247 1986 52 21 om
1318 1973 210 33 förbättrade
1543 1985 77 26 pen-

316 2026 215 33 sionsvillkor
550 2026 106 38 enligt
674 2026 99 38 lagen
791 2037 52 20 om
863 2025 126 32 allmän
1009 2024 353 39 pensionsförsäkring
1383 2024 54 32 för
1454 2023 91 32 vissa
1564 2028 55 27 än-

315 2077 61 32 kor
396 2078 86 31 efter
499 2076 334 38 befattningshavare
850 2076 12 32 i
882 2079 127 29 statens
1028 2075 116 39 tjänst,

160 2140 39 19 nr
224 2129 61 31 371
311 2140 43 20 av
373 2128 76 32 herr
468 2127 175 33 Bäcklund
661 2139 42 20 m.
723 2127 51 39 fl.,
792 2138 51 21 om
861 2126 138 38 höjning
1016 2138 43 20 av
1076 2126 90 32 vissa
1184 2125 280 39 pensionstillägg
1483 2125 59 32 och
1560 2136 59 20 un-

317 2179 133 32 derstöd
473 2178 105 39 enligt
600 2178 98 39 lagen
722 2189 52 21 om
801 2177 126 33 allmän
950 2176 365 40 pensionsförsäkring.

161 2255 178 33 Dessutom
360 2255 62 32 har
442 2255 54 32 för
514 2253 203 39 behandling
735 2254 88 31 inom
845 2253 165 32 utskottet
1030 2253 173 32 hänvisats
1224 2252 165 33 motionen
1408 2252 87 32 inom
1515 2252 105 32 andra

117 2306 202 39 kammaren,

161 2377 38 19 nr
223 2365 63 32 229
312 2376 43 21 av
373 2364 77 32 herr
466 2365 98 32 Järte
582 2376 43 21 m.
647 2363 50 40 fl.,
716 2363 170 38 angående
905 2375 39 20 en
963 2363 125 32 allmän
1108 2362 143 33 revision
1271 2374 43 20 av
1333 2361 286 39 pensionsförsäk-

317 2415 116 38 ringen
452 2426 42 21 m.
514 2426 42 22 m,
577 2415 12 31 i
608 2414 65 33 vad
694 2414 191 32 densamma
905 2425 97 21 avser
1022 2417 48 29 ett
1091 2413 197 38 riksdagens
1308 2412 172 33 uttalande
1502 2424 42 20 av
1565 2417 55 28 ön-

317 2465 170 39 skemålet,
507 2469 51 29 att
577 2477 38 20 en
636 2465 105 32 sådan
760 2464 143 33 revision
922 2468 134 28 snarast
1074 2463 132 39 möjligt
1226 2463 148 33 kommer
1393 2463 54 32 till
1467 2463 108 32 stånd.

157 2538 117 34 Bihang
296 2538 47 28 till
366 2538 172 33 riksdagens
559 2537 141 34 protokoll
725 2538 90 27 1928.
852 2539 17 25 6
891 2536 84 28 saml.
1014 2534 18 26 2
1056 2536 64 28 avd.
1158 2538 18 26 3
1201 2535 76 34 häft.
1317 2534 55 30 (Nr
1389 2531 42 34 8.)
1565 2533 14 29 1
