1878 2840
250 143 37 30 18
635 148 381 31 Jordbruksutskottets
1042 149 176 31 utlåtande
1242 149 49 31 Nr
1321 151 48 30 51.

253 232 161 30 skolorna
437 232 114 30 finner
574 233 166 30 utskottet
763 233 178 30 desamma
965 232 44 38 på
1032 236 45 27 ett
1101 233 157 36 lämpligt
1282 235 66 28 sätt
1372 234 166 36 avvägda.
1573 234 65 30 Det
1661 234 98 30 torde

252 280 146 33 sålunda
419 291 83 22 vara
519 282 298 37 ändamålsenligt,
835 287 49 27 att
905 284 58 30 vid
984 284 162 30 skolorna
1165 285 120 30 kunna
1304 284 175 31 anordnas
1500 294 41 21 en
1559 284 196 31 vinterkurs

250 343 56 19 om
323 333 106 30 minst
450 334 60 29 125
528 334 232 35 arbetsdagar,
781 343 42 20 en
839 333 328 37 fortsättningskurs
1185 344 56 20 om
1263 335 60 29 110
1342 335 118 35 dagar,
1479 343 41 21 en
1539 334 119 36 längre
1675 335 83 29 kurs

249 393 56 20 om
328 384 63 29 230
416 384 107 36 dagar
546 387 87 27 samt
657 394 42 20 en
723 383 208 31 helårskurs.
957 384 220 30 Sistnämnda
1192 385 92 34 kurs,
1300 385 115 29 vilken
1430 385 74 29 icke
1517 384 93 31 förut
1624 384 135 31 funnits

251 432 21 31 å
293 434 389 30 lantmannaskolornas
707 443 170 28 program,
904 435 97 30 torde
1026 436 142 30 komma
1191 438 49 28 att
1267 435 85 37 fylla
1375 439 48 27 ett
1448 436 112 30 behov
1587 435 55 30 för
1665 436 90 35 dem,

251 493 74 21 som
345 484 97 30 inom
463 484 265 36 ifrågavarande
748 486 114 29 skolor
885 483 84 38 vilja
991 487 83 29 söka
1094 495 42 21 en
1160 495 96 20 mera
1279 486 136 36 allsidig
1436 486 65 30 och
1522 486 159 36 grundlig
1703 489 51 27 ut-

251 534 157 37 bildning
426 535 44 30 än
491 535 41 30 de
551 535 117 36 övriga
687 536 137 30 kortare
844 536 170 30 kurserna
1035 537 120 29 kunna
1174 537 143 29 skänka.
1349 536 80 30 Icke
1452 536 105 30 heller
1575 536 93 36 giver
1688 536 68 30 vad

253 586 120 36 Kungl.
400 585 103 37 Maj:t
528 586 177 36 föreslagit
728 586 110 36 ifråga
861 596 58 20 om
943 586 311 36 undervisningens
1278 585 153 31 innehåll
1458 586 57 30 vid
1538 587 220 29 lantmanna-

251 637 122 29 skolan
398 637 166 30 utskottet
587 637 188 36 anledning
798 637 50 29 till
872 636 115 37 någon
1011 637 148 30 erinran.
1208 636 172 31 Utskottet
1404 637 59 29 vill
1487 637 121 29 endast
1632 636 125 30 under-

252 688 117 35 stryka
392 688 119 29 vikten
532 697 41 21 av
593 691 50 27 att
663 687 292 36 undervisningen
977 687 137 31 särskilt
1137 687 146 31 inriktas
1304 687 46 36 på
1371 688 42 29 de
1435 688 136 35 ämnen,
1596 696 75 21 som
1693 687 64 30 ele-

253 747 102 21 verna
383 738 123 30 kunna
530 739 45 30 ha
602 738 113 30 direkt
741 738 224 36 användning
993 738 55 30 för
1074 738 57 30 vid
1160 738 53 30 sin
1239 738 161 30 fortsatta
1427 738 229 30 verksamhet.
1709 737 50 31 På

252 789 346 30 lantmannaskolans
627 790 141 29 schema
795 789 63 29 bör
885 789 122 30 därför
1032 790 136 29 lämnas
1198 790 123 29 största
1348 788 145 37 möjliga
1522 792 174 32 utrymme
1723 787 35 31 åt

251 840 149 30 ämnena
418 840 348 30 lantbruksekonomi
785 843 89 27 samt
892 839 202 36 jordbruks-
1115 840 66 30 och
1200 839 252 36 husdjurslära.
1497 839 13 29 I
1528 840 131 29 trakter
1678 839 79 29 med

251 899 94 21 mera
368 890 218 30 omfattande
610 891 194 35 skogsbruk
827 890 64 30 bör
914 891 87 29 även
1026 890 117 30 ämnet
1169 889 331 37 skogshushållning
1523 889 37 31 få
1582 898 42 21 en
1650 889 107 30 fram-

251 940 138 36 skjuten
413 941 90 36 plats
526 941 56 30 vid
602 941 302 35 undervisningen.
952 941 171 30 Utskottet
1143 940 60 30 vill
1224 940 190 31 emellertid
1435 940 11 30 i
1469 941 92 29 detta
1583 949 175 21 samman-

249 990 91 36 hang
368 991 10 29 i
407 991 199 36 anslutning
632 991 52 30 till
711 992 66 30 vad
805 991 380 37 departementschefen
1212 991 115 31 anfört
1354 991 131 37 jämväl
1511 991 242 36 understryka,

249 1044 48 27 att
318 1040 56 30 vid
399 1041 101 30 sidan
521 1051 41 21 av
583 1041 95 31 förut
699 1041 234 31 omförmälda
955 1042 121 30 kurser
1095 1043 95 34 böra,
1216 1041 63 30 där
1300 1041 37 31 så
1359 1041 114 30 finnes
1498 1041 165 30 önskvärt
1687 1041 66 30 och

250 1091 228 37 erforderligt,
499 1092 173 30 anordnas
693 1092 110 31 andra
822 1093 122 29 kurser
966 1092 54 30 för
1040 1092 267 36 tillgodoseende
1327 1101 43 21 av
1391 1091 113 31 skilda
1525 1091 229 36 utbildnings-

249 1142 120 35 behov,
396 1142 127 30 liksom
548 1144 64 29 ock
638 1146 50 27 att
715 1143 184 30 kursernas
925 1142 153 30 innehåll
1104 1143 64 29 bör
1195 1142 136 36 ändras,
1359 1143 63 29 där
1447 1141 38 31 så
1509 1141 79 31 med
1616 1142 137 36 hänsyn

248 1193 50 30 till
325 1193 95 31 olika
445 1192 179 31 önskemål
649 1194 67 30 och
745 1193 65 30 den
834 1193 258 30 fortskridande
1118 1193 241 36 utvecklingen
1387 1192 20 31 å
1433 1192 221 37 jordbrukets
1680 1201 73 20 om-

249 1242 81 31 råde
356 1242 116 31 finnes
496 1243 166 37 lämpligt.

294 1294 122 31 Såsom
437 1295 166 29 utskottet
624 1295 108 29 redan
754 1294 94 29 förut
867 1293 193 30 framhållit
1081 1293 40 30 är
1141 1293 58 30 det
1221 1302 41 21 av
1283 1296 70 27 stor
1373 1293 74 30 vikt
1467 1295 49 27 att
1536 1292 220 30 lantmanna-

248 1346 163 29 skolorna
436 1342 131 32 erhålla
590 1352 42 21 en
658 1343 133 36 fullgod
815 1343 206 35 utrustning.
1069 1342 74 31 Vad
1169 1342 213 30 härutinnan
1407 1343 63 29 bör
1496 1341 136 31 fordras
1658 1341 98 30 torde

250 1395 37 32 få
306 1397 146 35 avgöras
474 1395 79 31 från
572 1395 63 30 fall
656 1395 52 30 till
727 1395 71 30 fall.
842 1394 56 30 Att
920 1394 175 36 uppställa
1116 1393 108 36 några
1245 1393 170 36 generella
1435 1393 108 36 regler
1563 1393 97 30 torde
1681 1392 77 30 icke

250 1447 187 36 lämpligen
459 1447 119 29 kunna
600 1446 70 30 ske.
718 1445 63 30 Vid
806 1445 164 30 skolorna
993 1445 96 30 torde
1113 1444 190 30 emellertid
1325 1443 45 37 på
1395 1445 67 29 sätt
1487 1443 269 37 departements-

249 1497 122 31 chefen
394 1497 118 30 anfört
534 1496 114 31 såsom
669 1497 91 35 regel
779 1496 85 30 böra
883 1495 118 30 finnas
1022 1494 247 37 skoljordbruk
1291 1494 55 30 för
1366 1497 49 28 att
1436 1495 120 29 kunna
1576 1493 180 31 användas

250 1548 54 30 för
322 1548 310 36 undervisningens
654 1547 122 30 behov.
819 1546 122 30 Därest
962 1556 41 20 av
1024 1555 41 21 en
1087 1546 83 30 eller
1189 1554 116 22 annan
1325 1545 187 37 anledning
1532 1545 111 36 dylikt
1663 1543 93 37 jord-

248 1598 88 30 bruk
357 1598 77 30 icke
456 1598 109 30 skulle
585 1598 122 29 kunna
727 1596 181 31 anskaffas
932 1596 55 30 för
1008 1597 132 35 skolan,
1165 1596 63 30 bör
1252 1596 121 36 Kungl.
1398 1595 102 37 Maj:t
1521 1596 88 30 dock
1632 1596 121 30 kunna

248 1649 158 36 medgiva
423 1649 138 36 dispens
577 1647 79 31 från
671 1647 231 37 nyssberörda
921 1646 203 37 skyldighet.
1144 1647 13 29 I
1174 1646 123 31 sådant
1315 1646 63 30 fall
1393 1646 63 30 bör
1472 1645 188 31 emellertid
1675 1646 77 30 sko-

250 1700 55 30 lan
327 1700 206 30 annorledes
556 1699 138 35 förfoga
715 1700 80 28 över
817 1707 41 21 av
882 1697 352 36 lantbruksstyrelsen
1257 1697 153 35 godkänt
1432 1696 179 36 jordbruk.
1657 1696 14 29 I
1695 1696 61 29 all-

249 1751 141 30 mänhet
409 1751 64 30 bör
491 1750 283 36 skoljordbruket
794 1749 114 30 drivas
926 1748 12 30 i
956 1749 138 29 skolans
1114 1755 84 28 egen
1217 1747 68 36 regi
1303 1748 65 29 och
1389 1746 146 31 förestås
1553 1756 43 20 av
1615 1746 141 30 skolans

247 1800 239 31 föreståndare
503 1800 90 36 eller,
610 1800 64 29 där
691 1799 111 30 denne
819 1809 42 20 av
879 1798 114 37 någon
1010 1798 185 36 anledning
1216 1807 98 21 anses
1331 1798 86 30 böra
1433 1797 128 31 befrias
1582 1795 169 37 härifrån,

249 1861 42 21 av
310 1851 115 37 någon
445 1861 43 21 av
508 1852 139 30 skolans
666 1851 121 30 lärare.

293 1902 49 31 De
366 1912 44 21 av
438 1902 121 36 Kungl.
585 1901 102 36 Maj:t
711 1901 185 30 förordade
921 1900 245 36 fordringarna
1191 1899 55 30 för
1271 1899 175 30 vinnande
1472 1908 42 21 av
1538 1898 135 30 inträde
1697 1897 57 31 vid

248 1953 306 31 lantmannaskola
575 1962 102 20 anser
699 1952 165 30 utskottet
887 1951 174 36 lämpliga.

292 2004 74 30 Vad
389 2003 109 36 angår
520 2003 120 36 Kungl.
665 2002 120 36 Maj:ts
809 2001 130 36 förslag
963 2001 146 30 rörande
1131 1999 239 31 föreståndare
1391 2000 67 30 och
1481 2000 111 29 lärare
1614 1999 66 30 har
1702 2001 52 27 ut-

246 2055 125 29 skottet
392 2054 11 29 i
426 2053 184 30 huvudsak
630 2053 86 30 intet
737 2055 48 28 att
806 2052 114 30 erinra
941 2052 165 30 däremot.
1141 2051 14 30 I
1177 2051 176 30 motionen
1378 2050 44 30 II:
1447 2050 63 30 369
1532 2050 64 30 har
1619 2050 130 37 yrkats,

247 2109 49 27 att
320 2105 324 31 lantmannaskolas
670 2104 141 36 styrelse
836 2102 107 31 måtte
967 2103 63 35 äga
1055 2105 75 27 utse
1155 2100 238 31 föreståndare
1419 2101 66 30 och
1509 2100 111 30 lärare
1646 2099 108 30 bland

245 2155 43 31 de
307 2155 165 36 sökande,
494 2164 74 21 som
591 2164 42 21 av
652 2154 338 36 lanbruksstyrelsen
1012 2153 172 30 förklaras
1205 2153 233 35 kompetenta.
1473 2150 120 31 Såsom
1614 2149 135 31 huvud-

246 2207 124 35 sakligt
394 2207 77 29 skäl
495 2205 54 31 för
572 2206 114 29 denna
710 2204 171 31 avvikelse
907 2203 80 31 från
1011 2203 120 36 Kungl.
1158 2201 119 38 Maj:ts
1300 2202 130 36 förslag
1452 2220 44 4 —
1518 2202 104 35 enligt
1645 2201 105 30 vilket

245 2257 351 36 lantbruksstyrelsen
621 2256 90 30 skall
734 2256 161 35 uppsätta
920 2257 51 27 tre
995 2263 41 20 av
1062 2254 40 30 de
1126 2252 402 37 kompetentförklarade
1551 2250 45 38 på
1620 2251 132 35 förslag

246 2307 65 30 och
330 2308 245 34 skolstyrelsen
594 2306 152 30 därefter
762 2306 64 35 äga
841 2305 51 30 till
910 2305 67 29 den
995 2304 110 36 lediga
1123 2303 238 36 befattningen
1377 2306 75 27 utse
1472 2312 42 20 en
1532 2312 42 21 av
1591 2302 100 30 dessa
1707 2319 45 5 —

246 2358 64 30 har
330 2358 145 35 anförts,
499 2360 48 28 att
567 2356 79 31 med
669 2357 136 36 hänsyn
828 2355 50 30 till
903 2358 50 27 att
975 2354 237 31 föreståndare
1234 2354 81 30 eller
1338 2354 113 29 lärare
1474 2353 109 29 skulle
1605 2351 146 31 handha

247 2406 299 38 skoljordbrukets
566 2408 128 30 skötsel
715 2406 56 30 det
795 2405 94 31 torde
909 2405 85 31 böra
1017 2405 143 30 beredas
1182 2404 254 36 skolstyrelsen,
1460 2402 113 31 vilken
1594 2403 157 29 närmast

247 2469 119 22 svarar
385 2460 57 30 för
464 2459 138 31 skolans
623 2458 173 35 ekonomi,
818 2456 135 30 tillfälle
974 2459 48 27 att
1045 2455 91 36 välja
1157 2454 76 30 icke
1251 2454 86 30 blott
1358 2454 67 29 den
1447 2452 114 31 såsom
1583 2451 169 32 förestån-
