1878 2840
262 145 38 30 14
652 149 379 31 Jordbruksutskottets
1058 149 177 30 utlåtande
1259 150 48 29 Nr
1331 151 49 29 51.

262 235 62 30 bör
344 234 175 37 nämligen
539 233 52 32 stå
610 235 115 36 öppen
747 235 53 29 för
818 232 413 38 Jordbrukarungdomen
1253 236 48 28 att
1322 234 95 29 inom
1438 234 329 30 lantmannaskolan

263 284 128 31 erhålla
411 294 45 21 en
475 293 94 21 mera
587 284 138 37 allsidig
744 285 65 30 och
827 284 161 37 grundlig
1008 283 197 38 utbildning
1224 285 44 29 än
1286 285 43 29 de
1348 284 231 30 förenämnda
1598 284 169 30 kurserna

262 334 117 30 kunna
405 334 146 30 skänka.
599 333 67 30 Om
690 333 291 36 undervisningen
1005 335 96 35 göres
1126 333 198 36 tillräckligt
1348 333 194 37 mångsidig
1566 334 66 30 och
1656 334 114 35 lägges

262 384 85 30 efter
366 384 182 37 praktiska
567 384 112 36 linjer,
701 385 156 29 kommer
877 385 116 30 denna
1012 385 82 29 kurs
1115 385 81 29 med
1217 384 219 31 sannolikhet
1457 387 50 27 att
1526 384 100 30 locka
1648 384 120 30 elever.

264 434 93 31 Givet
379 436 40 29 är
441 435 188 29 emellertid
652 437 50 28 att
725 435 112 30 denna
859 434 178 31 kursform
1059 435 76 30 icke
1157 435 71 30 kan
1251 435 174 30 anordnas
1447 434 57 30 vid
1527 438 107 27 annat
1657 436 45 29 än
1724 437 46 28 ett

262 485 184 36 begränsat
469 486 94 29 antal
585 486 128 29 skolor.

305 536 74 31 Vad
404 535 109 38 angår
539 536 307 36 undervisningens
871 535 154 31 innehåll
1050 536 57 31 vid
1133 536 330 30 lantmannaskolan
1489 536 69 30 kan
1585 534 58 38 jag
1670 537 9 29 i
1705 536 61 29 hu-

262 587 132 30 vudsak
418 586 138 31 biträda
577 587 67 30 vad
668 586 204 31 kommittén
898 586 212 30 härutinnan
1134 586 185 36 föreslagit.
1366 586 14 30 I
1405 586 200 37 anslutning
1626 586 52 30 till
1702 585 65 30 vad

261 636 57 37 jag
338 636 147 37 tidigare
508 636 116 31 anfört
646 638 99 29 torde
766 636 190 31 emellertid
977 636 21 31 å
1020 637 155 30 schemat
1199 636 55 30 för
1275 636 240 30 vinterkursen
1536 637 86 30 böra
1643 638 123 35 uppta-

263 693 58 29 gas
339 688 118 29 ämnet
478 687 378 36 medborgarkunskap.
899 686 162 31 Yrkande
1079 687 125 29 härom
1222 688 65 29 har
1307 686 181 31 framförts
1507 688 10 29 i
1536 688 46 29 ett
1603 689 86 28 stort
1708 696 58 21 an-

262 737 46 30 tal
331 737 195 36 yttranden.
574 737 75 30 Den
673 747 43 20 av
742 737 204 30 kommittén
970 736 122 37 gjorda
1118 736 238 37 avvägningen
1381 736 222 31 beträffande
1627 736 139 31 omfatt-

262 787 124 36 ningen
416 796 43 21 av
490 787 290 36 undervisningen
811 787 10 30 i
849 788 148 30 svenska
1025 786 148 37 språket,
1205 787 147 37 räkning
1380 788 65 29 och
1474 787 163 36 geometri
1667 794 100 29 synes

262 837 69 37 mig
349 837 154 37 lämplig.
547 836 296 38 Undervisningen
862 838 11 29 i
897 838 99 31 dessa
1017 838 125 30 ämnen
1164 836 109 32 måste
1294 846 82 22 vara
1397 836 122 37 sådan,
1540 840 49 27 att
1610 837 158 39 eleverna

262 887 175 37 bibringas
457 889 42 29 de
518 888 200 36 kunskaper
736 887 85 37 häri,
842 897 75 21 som
936 889 60 29 äro
1015 887 225 36 erforderliga
1260 888 54 30 för
1332 890 49 27 att
1400 888 120 30 kunna
1540 887 228 37 tillgodogöra

263 937 48 37 sig
335 938 292 36 undervisningen
652 938 10 30 i
688 938 140 31 skolans
849 938 221 30 fackämnen.
1118 938 14 30 1
1158 937 100 37 fråga
1280 948 56 20 om
1358 938 293 36 undervisningen
1678 938 10 30 i
1711 939 56 29 öv-

261 987 72 37 riga
357 989 128 29 ämnen
509 988 64 30 har
598 988 58 37 jag
682 988 101 37 ingen
807 997 117 22 annan
950 988 138 30 erinran
1113 990 49 29 att
1187 990 83 34 göra
1295 989 44 30 än
1364 991 49 28 att
1438 989 203 29 naturläran
1667 997 101 28 synes

262 1038 84 30 böra
368 1038 146 31 beredas
536 1047 43 22 en
603 1037 105 38 något
734 1040 106 29 större
863 1039 91 36 plats
979 1038 44 38 på
1048 1038 146 30 kursens
1218 1037 139 32 schema
1380 1039 81 30 med
1484 1039 136 36 hänsyn
1644 1038 52 31 till
1719 1040 50 28 att

262 1088 91 30 detta
382 1089 104 30 ämne
515 1089 64 30 har
606 1098 43 21 en
683 1089 282 36 grundläggande
992 1089 174 36 betydelse
1179 1088 55 31 för
1248 1098 41 20 en
1303 1089 53 30 del
1370 1097 43 21 av
1427 1089 243 30 fackämnena.
1704 1088 65 30 Det

264 1138 94 30 torde
373 1138 66 30 ock
456 1137 113 31 såsom
586 1138 395 36 lantbrukshögskolans
997 1137 155 32 lärarråd
1168 1138 193 31 framhållit
1377 1148 83 21 vara
1477 1139 172 30 tveksamt
1665 1139 105 29 huru-

265 1188 77 30 vida
364 1190 46 28 ett
435 1188 310 31 sammanförande
768 1198 41 21 av
832 1189 91 30 vissa
947 1189 128 37 partier
1097 1199 43 20 av
1165 1190 94 29 detta
1282 1190 101 30 ämne
1407 1190 79 29 med
1510 1189 110 31 andra
1644 1190 126 29 ämnen

265 1238 69 30 kan
353 1247 102 21 anses
476 1238 165 36 lämpligt.
675 1238 51 30 De
747 1239 10 29 i
777 1238 89 30 vissa
888 1240 184 35 yttranden
1092 1239 198 31 framförda
1310 1240 203 37 yrkandena
1534 1248 56 21 om
1612 1248 42 21 en
1676 1248 95 21 mera

264 1287 218 30 omfattande
498 1288 248 36 undervisning
763 1288 10 30 i
792 1288 326 37 skogshushållning
1137 1290 44 29 än
1200 1290 67 30 den
1285 1289 206 31 kommittén
1509 1289 178 36 föreslagit
1705 1289 65 30 fin-

263 1346 60 21 ner
339 1337 58 36 jag
416 1337 199 37 visserligen
632 1338 289 30 beaktansvärda.
964 1338 79 30 Men
1062 1338 54 30 för
1135 1339 218 30 närvarande
1371 1348 102 21 anser
1491 1339 58 37 jag
1566 1339 77 30 icke
1660 1340 105 35 lämp-

262 1387 58 37 ligt
342 1391 49 27 att
415 1389 9 30 i
449 1388 190 30 allmänhet
662 1388 79 36 giva
763 1388 290 36 undervisningen
1077 1388 44 38 på
1144 1389 95 30 detta
1261 1388 143 31 område
1428 1390 109 30 större
1561 1389 210 36 omfattning

262 1439 43 29 än
325 1438 206 31 kommittén
551 1438 186 37 föreslagit.
780 1438 73 31 Den
872 1448 97 21 mera
988 1439 218 30 omfattande
1223 1439 240 37 utbildningen
1483 1440 10 30 i
1512 1438 258 38 skogshushåll-

265 1489 80 36 ning
371 1490 99 29 torde
496 1489 188 30 tillsvidare
711 1490 84 30 böra
822 1490 136 30 lämnas
986 1490 56 30 vid
1068 1490 262 36 specialkurser.
1369 1490 128 38 Dylika
1524 1491 175 30 anordnas
1727 1490 44 37 på

266 1539 72 30 sina
364 1538 72 32 håll
464 1539 57 30 för
546 1540 218 30 närvarande
791 1549 40 21 av
859 1539 427 38 skogsvårdsstyrelserna,
1314 1541 66 30 och
1408 1541 115 30 denna
1551 1541 220 30 verksamhet

264 1589 62 31 bör
347 1589 105 36 enligt
472 1589 73 30 min
565 1589 140 36 mening
726 1589 116 31 vidare
861 1590 178 30 utvecklas
1061 1591 64 29 och
1148 1589 133 37 stödjas
1302 1600 41 21 av
1365 1591 279 31 statsmakterna.
1680 1592 14 29 I
1715 1592 56 29 det

265 1637 155 38 följande
443 1638 232 32 återkommer
697 1639 58 37 jag
778 1640 195 36 ytterligare
995 1640 51 30 till
1069 1639 124 37 frågan
1216 1650 58 21 om
1298 1641 241 31 anordnandet
1562 1651 43 20 av
1629 1641 141 37 special-

265 1689 196 36 utbildning
484 1689 44 37 på
550 1688 390 37 skogshushållningens
964 1689 150 31 område.

307 1738 115 37 Enligt
460 1739 347 36 kommittéförslaget
842 1739 66 30 har
945 1748 42 21 en
1025 1740 169 30 avsevärd
1232 1740 230 37 begränsning
1500 1741 11 30 i
1550 1740 221 31 förhållande

262 1789 49 30 till
343 1790 67 29 vad
444 1799 49 20 nu
524 1790 105 36 gäller
661 1790 90 30 skett
782 1799 42 21 av
845 1790 41 30 de
908 1791 137 35 ämnen,
1067 1791 73 30 vari
1161 1791 103 36 betyg
1284 1791 98 30 skola
1403 1791 187 30 meddelas.
1635 1791 53 31 En
1710 1792 59 36 dy-

262 1839 47 30 lik
343 1839 255 37 inskränkning
630 1841 10 29 i
675 1839 317 39 betygssättningen
1027 1841 88 30 lärer
1138 1841 76 30 icke
1238 1841 120 31 enbart
1382 1851 84 21 vara
1489 1842 51 30 till
1564 1850 99 28 gagn.
1713 1840 57 32 Så-

261 1899 73 21 som
362 1890 11 29 i
403 1890 92 30 vissa
523 1891 185 36 yttranden
735 1889 209 32 framhållits
974 1892 96 29 torde
1099 1892 175 30 elevernas
1303 1892 145 30 intresse
1475 1892 55 31 för
1559 1893 43 30 de
1630 1894 138 34 ämnen,

260 1940 70 30 vari
357 1941 42 29 de
423 1940 78 31 icke
526 1940 131 31 erhålla
682 1940 105 37 något
811 1941 111 37 betyg,
950 1942 118 30 kunna
1093 1942 143 30 komma
1262 1945 48 28 att
1335 1943 167 30 minskas.
1552 1938 96 35 Även
1673 1944 98 30 torde

260 1991 117 30 kunna
398 1991 150 35 befaras,
572 1994 48 28 att
643 1991 66 30 full
732 1991 140 31 rättvisa
895 1992 78 30 icke
995 1992 70 30 kan
1085 1993 103 36 göras
1211 1993 128 30 mellan
1362 1993 168 35 eleverna,
1556 2003 57 21 om
1635 1994 134 36 betygs-

260 2041 195 36 sättningen
480 2041 117 31 alltför
621 2042 140 36 mycket
785 2042 196 36 begränsas.
1029 2037 26 35 Å
1081 2043 111 30 andra
1218 2043 99 30 sidan
1341 2043 64 31 bör
1431 2044 189 30 emellertid
1647 2044 121 30 undvi-

260 2092 70 35 kas,
352 2095 49 27 att
421 2101 43 21 en
483 2092 117 30 alltför
618 2095 72 28 stor
710 2092 171 37 splittring
900 2102 44 21 av
964 2093 338 36 arbetsuppgifterna
1320 2095 81 35 äger
1420 2104 89 20 rum.
1553 2094 53 30 En
1625 2095 144 36 lämplig

259 2143 194 36 avvägning
477 2143 127 30 mellan
627 2143 101 30 dessa
751 2143 92 30 olika
865 2144 217 35 synpunkter
1106 2153 102 27 synes
1232 2144 118 31 kunna
1374 2145 61 30 ske
1459 2144 156 36 sålunda,
1639 2148 49 28 att
1712 2145 56 30 be-

259 2193 228 37 tygssättning
510 2193 77 30 sker
610 2193 11 30 i
645 2193 157 36 följande
825 2194 137 35 ämnen,
986 2194 174 36 nämligen
1185 2195 147 31 svenska
1355 2194 150 37 språket,
1531 2195 148 38 räkning
1704 2196 65 30 och

263 2243 173 38 geometri,
470 2244 102 36 kemi,
604 2243 106 38 fysik,
744 2244 139 37 geologi,
917 2244 154 40 botanik,
1103 2244 263 38 jordbrukslära
1411 2246 172 30 inklusive
1616 2246 152 30 fältmät-

261 2292 81 37 ning
366 2295 66 29 och
458 2294 193 36 avvägning
676 2295 80 30 med
780 2294 136 37 ritning,
943 2294 242 37 husdjurslära
1210 2295 106 38 jämte
1340 2295 339 38 mjölkhushållning
1704 2297 65 30 och

263 2341 198 38 sjukvårds-
482 2345 65 30 och
564 2345 289 36 hovbeslagslära,
873 2345 339 37 skogshushållning,
1232 2347 345 30 lantbruksekonomi
1596 2347 66 30 och
1682 2347 86 31 lant-

261 2394 306 37 bruksbokföring.
612 2395 108 39 Betyg
742 2395 10 31 i
775 2395 326 38 skogshushållning
1123 2397 66 30 bör
1210 2398 89 29 dock
1321 2397 122 31 endast
1464 2397 221 32 förekomma
1707 2398 64 30 där

264 2445 90 30 detta
383 2445 104 30 ämne
515 2446 64 30 har
607 2447 109 30 större
745 2446 219 37 omfattning.
1015 2447 48 30 Av
1092 2448 231 30 förenämnda
1351 2449 127 29 ämnen
1506 2449 85 29 böra
1620 2449 148 30 svenska
