1880 2842
95 1391 127 26 Utskottet.

264 146 40 31 10
650 151 380 31 Jordbruksutskottets
1052 151 176 31 utlåtande
1252 152 48 30 Nr
1316 152 48 30 ö1.

266 234 135 37 ningen.
433 235 14 29 I
468 235 171 30 samband
658 236 146 30 härmed
825 236 95 30 torde
940 236 66 30 ock
1025 236 84 30 böra
1129 236 198 36 övervägas,
1348 239 49 27 att
1418 236 44 37 på
1482 238 47 28 ett
1548 245 94 21 mera
1662 236 106 30 ända-

266 284 193 37 målsenligt
483 286 68 29 sätt
573 286 43 29 än
639 286 67 29 vad
729 295 49 21 nu
800 287 38 29 är
862 285 234 31 förhållandet
1118 286 109 30 ordna
1252 286 246 36 äganderätten
1522 286 50 30 till
1596 287 172 29 skolorna.

311 333 119 32 Såsom
452 334 60 37 jag
532 335 92 30 förut
645 338 113 33 antytt
780 334 107 31 måste
909 345 42 21 en
975 335 294 37 omorganisation
1291 345 42 21 av
1355 335 265 37 ifrågavarande
1642 336 126 30 under-

265 385 329 36 visningsanstalter,
615 386 114 30 därest
750 386 66 30 den
837 386 88 30 skall
945 386 47 30 ha
1013 385 106 36 några
1138 386 147 31 utsikter
1306 389 48 27 att
1375 385 45 31 nå
1437 386 58 30 sitt
1516 386 98 37 syfte,
1636 386 131 30 förbin-

266 436 62 30 das
350 436 77 30 med
449 438 47 28 ett
517 436 110 30 bättre
648 436 220 30 ekonomiskt
889 437 77 30 stöd
989 435 35 32 åt
1046 437 172 29 skolorna.
1260 436 111 31 Bland
1393 439 108 27 annat
1523 437 97 30 torde
1641 439 127 28 utrust-

265 486 125 36 ningen
413 496 48 20 nu
486 485 46 37 på
555 486 123 36 många
702 486 72 31 håll
797 496 82 21 vara
901 487 187 36 bristfällig
1111 488 65 29 och
1200 488 10 29 i
1234 488 112 29 behov
1370 497 42 21 av
1436 488 217 36 förbättring.
1702 488 68 30 För

265 539 50 28 att
334 536 205 37 möjliggöra
558 546 42 21 en
619 537 65 37 god
704 537 248 37 undervisning
972 538 85 30 böra
1078 538 218 30 lantmanna-
1317 538 65 30 och
1403 537 365 31 lanthushållsskolor-

262 596 54 27 na,
339 588 113 30 därest
475 588 93 30 detta
587 588 88 36 syfte
696 588 77 30 icke
792 588 158 31 befinnes
972 589 120 30 kunna
1113 588 197 36 tillgodoses
1331 597 123 28 genom
1475 589 230 30 användande
1726 598 43 20 av

262 638 198 36 närbeläget
479 639 148 30 välskött
646 638 181 37 jordbruk,
847 649 83 21 vara
950 639 164 31 försedda
1133 640 79 29 med
1232 642 73 33 eget
1324 639 181 37 jordbruk,
1526 649 74 21 som
1619 640 70 29 kan
1710 649 59 20 an-

262 689 130 30 vändas
418 689 57 31 för
501 690 319 30 demonstrationer.
848 689 194 31 Flerstädes
1069 691 126 29 saknas
1222 690 189 30 emellertid
1437 689 126 32 sådant
1588 691 180 36 jordbruk.

262 738 79 31 Med
367 740 41 29 de
435 739 226 31 ekonomiska
686 749 162 27 resurser,
876 742 82 29 över
984 741 93 30 vilka
1104 741 164 31 skolorna
1294 740 53 31 för
1375 742 219 30 närvarande
1619 741 148 36 förfoga,

262 789 116 31 finnas
400 789 76 31 små
497 789 217 38 möjligheter
735 794 50 28 att
806 790 164 38 avhjälpa
993 793 99 29 dessa
1113 792 133 36 brister,
1269 793 66 30 och
1354 793 77 30 icke
1452 793 108 30 heller
1581 793 96 29 torde
1699 801 69 21 me-

262 841 54 30 del
337 840 115 31 finnas
474 841 57 31 för
550 851 41 21 en
612 842 117 30 vidare
750 842 195 37 utveckling
967 852 43 21 av
1031 843 291 36 undervisningen
1344 842 44 38 på
1406 844 67 29 sätt
1494 842 58 37 jag
1571 843 11 30 i
1603 844 55 30 det
1679 843 89 30 före-

262 890 130 37 gående
418 892 168 30 förordat.
637 893 55 30 Att
720 892 79 31 från
829 896 147 33 orterna,
1007 894 64 30 där
1098 894 164 30 skolorna
1291 895 59 29 äro
1378 894 157 36 belägna,
1563 893 130 31 erhålla
1722 897 47 27 ett

261 941 123 32 sådant
409 943 204 30 ekonomisk
639 944 77 29 stöd
742 946 49 28 att
816 953 41 21 en
882 944 229 36 reformering
1136 954 42 21 av
1204 944 164 31 skolorna
1393 945 145 30 därmed
1564 945 86 30 skall
1676 940 97 34 bliva

261 992 129 37 möjlig,
406 993 91 30 lärer
513 994 76 30 icke
604 1003 81 21 vara
702 997 51 28 att
770 993 165 38 påräkna,
953 995 120 30 varför
1087 995 55 30 det
1158 995 98 30 torde
1273 1004 82 21 vara
1370 994 217 37 erforderligt
1603 998 49 28 att
1668 998 99 27 stats-

261 1044 180 30 makterna
461 1044 100 30 träda
581 1045 146 30 emellan
747 1044 56 31 för
822 1047 48 28 att
889 1046 119 30 lämna
1027 1046 57 30 det
1102 1046 228 30 ekonomiska
1349 1045 149 37 bistånd,
1520 1055 74 21 som
1614 1045 154 36 skäligen

261 1094 135 30 fordras
421 1095 57 30 för
500 1095 357 36 omorganisationens
881 1096 283 36 genomförande.
1213 1096 57 30 Att
1296 1097 10 29 i
1331 1097 171 30 samband
1527 1097 79 29 med
1630 1097 67 29 den
1721 1106 48 21 nu

260 1144 201 37 ifrågasatta
486 1146 308 36 omgestaltningen
818 1156 42 21 av
883 1146 291 36 undervisningen
1199 1146 80 37 ingå
1304 1146 43 38 på
1371 1146 124 37 frågan
1519 1147 147 30 rörande
1690 1147 77 30 sko-

260 1196 115 30 lornas
394 1196 95 30 antal
510 1197 82 30 eller
611 1196 164 37 lämpliga
794 1197 204 36 belägenhet
1018 1206 99 29 synes
1136 1198 77 30 icke
1233 1207 84 21 vara
1336 1197 214 36 nödvändigt
1569 1200 84 28 utan
1675 1198 93 30 detta

260 1246 169 36 spörsmål
451 1247 99 30 torde
571 1246 36 31 få
628 1248 145 35 avgöras
797 1246 77 32 från
897 1248 63 30 fall
985 1248 51 30 till
1060 1248 60 30 fall
1149 1249 4 29 i
1177 1249 255 35 sammanhang
1455 1249 79 29 med
1558 1248 210 37 beviljandet

260 1306 42 20 av
321 1296 221 31 ekonomiskt
561 1298 74 30 stöd
654 1297 34 31 åt
707 1298 163 30 skolorna
888 1297 80 31 från
988 1301 128 27 statens
1136 1299 84 29 sida.

306 1389 115 30 Under
440 1399 43 20 en
504 1388 81 38 lång
607 1389 86 36 följd
714 1399 43 20 av
778 1389 39 31 år
837 1390 64 29 har
921 1389 124 37 frågan
1066 1399 57 21 om
1144 1400 43 20 en
1208 1391 294 36 omorganisation
1524 1400 44 21 av
1588 1392 64 29 den
1674 1392 95 36 lägre

260 1441 476 36 lantbruksundervisningen
767 1441 87 30 varit
880 1442 112 29 under
1021 1442 248 35 övervägande.
1324 1441 73 31 Två
1425 1442 217 30 omfattande
1669 1443 98 29 kom-

261 1491 322 37 mittéutredningar
610 1492 90 29 hava
727 1490 147 38 föregått
902 1491 125 36 Kungl.
1056 1490 117 37 Maj:ts
1198 1501 48 20 nu
1274 1491 235 37 föreliggande
1534 1492 137 37 förslag.
1711 1493 57 30 Att

261 1542 118 30 starka
402 1542 75 30 skäl
501 1542 71 30 tala
597 1542 54 30 för
672 1551 44 21 en
740 1542 131 30 reform
894 1541 45 37 på
961 1542 95 30 detta
1081 1541 141 32 område
1248 1552 100 27 synes
1370 1544 167 29 utskottet
1561 1544 205 36 uppenbart.

261 1592 74 30 Den
352 1592 271 31 förhållandevis
643 1592 98 37 ringa
761 1593 283 30 elevfrekvensen
1060 1592 57 31 vid
1138 1593 165 30 skolorna
1320 1594 97 36 tyder
1436 1592 46 38 på
1503 1597 49 27 att
1571 1594 99 30 dessa
1691 1594 76 30 icke

259 1644 65 35 äga
353 1642 114 38 någon
496 1644 108 30 större
631 1643 282 37 dragningskraft
942 1643 22 31 å
991 1643 222 36 jordbrukets
1240 1644 164 36 ungdom.
1451 1644 69 30 För
1550 1645 217 30 närvarande

258 1693 134 37 uppgår
414 1695 204 29 elevantalet
638 1694 57 30 vid
718 1694 267 37 ifrågavarande
1009 1695 116 29 skolor
1147 1694 52 30 till
1221 1695 229 36 sammanlagt
1475 1695 161 37 omkring
1657 1695 108 35 3,000.

259 1744 66 29 Till
344 1743 201 37 jämförelse
565 1745 143 30 härmed
729 1744 58 31 må
807 1746 146 29 nämnas
974 1748 51 27 att
1043 1745 204 30 elevantalet
1266 1745 57 30 vid
1342 1746 41 30 de
1401 1746 226 30 kommunala
1648 1746 117 36 yrkes-

258 1795 163 30 skolorna
438 1797 40 28 är
494 1796 160 37 omkring
670 1796 120 35 30,000
806 1796 65 30 och
888 1796 59 30 vid
962 1796 42 30 de
1023 1796 321 30 statsunderstödda
1358 1797 158 29 enskilda
1531 1796 233 38 yrkesskolor-

260 1855 46 21 na
326 1847 159 36 omkring
508 1847 106 35 6,000.
646 1847 65 30 Vid
733 1847 310 36 folkhögskolorna
1064 1847 132 37 uppgår
1217 1848 174 30 elevernas
1412 1848 96 30 antal
1529 1848 51 30 till
1602 1848 160 36 omkring

259 1896 97 35 4,400
371 1897 80 29 eller
472 1897 148 36 ungefär
638 1898 40 29 50
698 1900 142 34 procent
862 1897 64 30 fler
948 1898 45 29 än
1014 1897 57 30 vid
1091 1897 673 37 lantbruksundervisningsanstalterna.

259 1946 65 30 Det
340 1946 221 31 förhållande
577 1950 47 27 att
642 1948 123 29 endast
782 1957 41 21 en
839 1947 98 36 ringa
955 1948 55 30 del
1028 1957 42 21 av
1087 1947 73 31 vårt
1179 1948 100 30 lands
1297 1948 232 36 jordbrukare
1545 1947 146 32 erhåller
1710 1958 53 28 yr-

259 1997 259 37 kesutbildning
538 1997 114 31 finner
672 1998 167 31 utskottet
862 1998 10 29 i
895 1998 70 36 hög
989 1999 84 36 grad
1097 1998 349 31 otillfredsstälande.
1496 1999 52 30 En
1570 1999 195 36 betydande

258 2048 169 37 utökning
447 2057 43 21 av
512 2049 127 29 antalet
658 2047 240 37 jordbrukare,
919 2058 76 21 som
1013 2049 150 30 utbildas
1184 2049 57 30 vid
1258 2049 172 36 skolorna,
1453 2050 41 29 är
1511 2050 104 36 enligt
1633 2050 129 30 utskot-

257 2101 64 28 tets
345 2099 140 37 mening
506 2099 207 36 nödvändig.
738 2099 228 30 Jordbrukets
989 2100 118 30 starka
1128 2100 197 36 utveckling
1347 2101 111 29 under
1482 2109 119 21 senare
1622 2099 47 31 tid
1692 2101 70 29 sär-

258 2149 82 30 skilt
364 2149 43 37 på
433 2150 57 29 det
515 2150 158 30 tekniska
699 2149 158 31 området
882 2151 59 36 gör
967 2151 147 29 behovet
1138 2160 42 20 av
1204 2150 245 37 fackkunskap
1474 2151 61 30 allt
1558 2159 73 21 mer
1654 2150 108 31 erfor-

257 2200 117 37 derlig.
416 2195 123 36 Ökade
560 2201 199 35 kunskaper
777 2200 109 37 ifråga
906 2210 59 21 om
984 2201 228 30 ekonomiska
1231 2201 74 37 ting
1320 2202 125 30 krävas
1466 2211 144 20 numera
1631 2210 40 21 av
1690 2202 71 29 lan-

258 2250 73 31 dets
353 2250 231 37 jordbrukare
605 2251 43 37 på
669 2252 111 35 grund
803 2261 42 21 av
866 2252 41 29 de
929 2252 274 36 arbetsproblem
1227 2252 66 30 och
1315 2253 108 29 andra
1445 2251 118 37 frågor
1583 2261 41 20 av
1646 2252 114 30 drifts-

256 2301 204 30 ekonomisk
485 2305 112 32 natur,
621 2311 72 21 som
718 2302 122 36 tränga
861 2302 52 37 sig
935 2302 103 35 fram,
1061 2302 125 30 liksom
1209 2303 87 29 även
1317 2303 55 30 det
1393 2302 369 37 organisationsarbete

256 2351 107 30 bland
383 2352 231 35 jordbrukare
636 2352 55 30 för
712 2352 195 36 avsättning
926 2362 43 21 av
990 2353 214 30 lantbrukets
1228 2353 198 36 produkter,
1444 2363 75 20 som
1541 2354 219 35 genomförts,

258 2402 116 30 ställer
391 2404 108 29 större
518 2403 85 29 krav
622 2402 44 38 på
686 2402 273 37 jordbrukarens
979 2403 229 30 ekonomiska
1227 2404 160 35 skolning
1406 2405 65 29 och
1491 2403 150 30 insikter.
1682 2404 79 30 Med

256 2452 138 36 hänsyn
409 2453 50 30 till
476 2454 147 29 berörda
639 2452 243 31 förhållanden
900 2454 99 30 torde
1015 2463 42 21 en
1076 2454 293 35 omorganisation
1388 2464 42 20 av
1449 2453 311 38 vrkesutbildning-
