1894 2828
552 158 103 29 Andra
678 158 194 35 lagutskottets
894 157 148 29 utlåtande
1063 156 47 29 Nr
1132 156 49 28 45.
1606 151 14 30 1

803 459 61 41 Nr
894 458 67 42 45.

503 589 124 28 Ankom
657 588 50 28 till
730 588 188 36 riksdagens
942 587 105 27 kansli
1071 587 62 27 den
1158 586 38 27 22
1220 585 81 36 april
1327 585 78 27 1938
1429 584 41 27 kl.
1497 584 13 27 1
1536 592 25 19 e.
1586 592 41 18 m.

433 681 192 36 Utlåtande
651 680 15 36 i
693 679 194 48 anledning
916 692 45 22 av
988 678 101 36 väckt
1116 678 132 36 motion
1276 677 185 48 angående
1478 675 152 36 revision

526 755 45 22 av
600 741 274 49 lagstiftningen
903 753 56 23 om
987 739 145 48 delning
1161 752 45 22 av
1227 738 89 49 jord
1345 737 24 36 a
1396 737 129 36 landet.

176 846 20 31 I
230 857 41 20 en
306 845 94 31 inom
435 844 106 31 andra
573 843 198 31 kammaren
804 841 108 38 väckt,
947 840 54 32 till
1022 839 193 42 lagutskott
1236 838 167 32 hänvisad
1427 838 141 38 motion,
1591 848 42 21 nr

124 897 71 38 289,
219 896 114 31 vilken
355 894 206 33 behandlats
584 904 40 21 av
647 892 108 32 andra
769 891 236 42 lagutskottet,
1023 891 86 31 hava
1124 890 118 32 herrar
1258 890 176 31 Holmbäck
1446 888 63 32 och
1525 888 107 32 förste

125 948 74 31 vice
222 947 197 31 talmannen
446 945 159 41 Jeppsson
627 943 187 38 hemställt,
837 944 51 29 att
910 942 183 40 riksdagen
1117 940 80 32 ville
1219 940 65 31 hos
1307 939 127 42 Kungl.
1458 939 98 41 Maj:t
1578 938 55 32 be-

124 1000 80 40 gära
238 1008 41 21 en
314 996 126 31 allmän
473 994 151 32 revision
658 1005 40 20 av
731 991 502 43 jorddelningslagstiftningen
1266 991 12 30 i
1311 990 94 41 fråga
1437 1001 55 20 om
1522 989 111 32 lands-

125 1048 138 42 bygden
287 1047 64 31 och
374 1045 255 41 framläggande
652 1044 54 32 för
727 1043 184 41 riksdagen
935 1054 40 20 av
998 1042 43 31 de
1063 1042 138 41 förslag,
1225 1041 54 31 till
1301 1041 90 31 vilka
1414 1041 113 31 denna
1548 1039 86 32 revi-

127 1099 77 32 sion
227 1097 115 32 kunde
365 1097 76 41 giva
463 1095 195 41 anledning.

179 1147 219 33 Beträffande
422 1147 43 31 de
489 1146 84 38 skäl,
597 1156 74 21 som
696 1145 131 31 anförts
851 1144 53 31 till
928 1143 80 32 stöd
1029 1143 53 31 för
1104 1142 147 32 berörda
1274 1141 215 38 hemställan,
1511 1141 52 31 får
1584 1142 50 30 ut-

126 1200 131 32 skottet
279 1198 143 32 hänvisa
444 1197 54 31 till
521 1196 186 32 motionen.

181 1296 91 38 Över
294 1301 177 31 motionen
498 1299 63 32 har
582 1299 172 31 utskottet
776 1298 11 31 i
810 1298 68 31 den
901 1296 148 41 ordning
1070 1295 22 43 $
1112 1296 42 31 46
1177 1294 351 42 riksdagsordningen
1551 1294 84 31 före-

127 1353 132 32 skriver
292 1351 118 42 begärt
442 1350 161 42 yttrande
637 1361 40 19 av
704 1347 378 42 lantmäteristyrelsen.
1128 1346 70 32 Det
1219 1346 11 31 i
1254 1345 187 41 anledning
1462 1345 104 31 härav
1587 1344 48 32 in-

126 1404 127 31 komna
285 1401 176 43 yttrandet
494 1403 88 29 samt
615 1398 328 43 protokollsutdrag,
967 1396 244 32 innehållande
1234 1396 139 31 särskilt
1395 1395 176 32 uttalande
1595 1405 40 21 av

126 1466 44 20 en
194 1465 41 20 av
258 1452 188 42 styrelsens
469 1451 199 37 ledamöter,
692 1450 112 31 finnas
828 1451 115 29 såsom
967 1448 133 41 bilagor
1121 1447 124 41 fogade
1264 1446 58 32 vid
1338 1446 94 31 detta
1448 1445 186 32 utlåtande.

128 1504 181 42 Styrelsen
342 1503 62 31 har
436 1501 116 31 vidare
587 1500 152 32 tillställt
761 1499 171 32 utskottet
954 1500 57 29 två
1033 1498 11 30 i
1066 1497 177 42 yttrandet
1266 1496 206 32 omnämnda
1494 1495 140 31 tablåer.

128 1555 79 31 Den
230 1565 64 20 ena
320 1565 41 19 av
384 1553 102 31 dessa
508 1551 131 32 utvisar
661 1549 405 33 skiftesverksamhetens
1090 1547 207 41 omfattning
1320 1548 89 30 samt
1430 1545 206 32 lantmäteri-

130 1605 149 32 arvoden
314 1604 52 31 för
398 1603 76 41 laga
498 1602 125 32 skiften
648 1601 65 32 och
738 1611 112 21 annan
872 1598 417 33 lantmäteriverksamhet
1310 1598 12 30 i
1344 1597 78 31 hela
1443 1597 89 31 riket
1554 1598 81 29 åren

131 1656 81 32 1915
229 1655 109 30 —-1921
363 1656 89 29 samt
477 1652 216 32 1928—1936.
738 1651 51 32 Ur
812 1650 114 32 denna
948 1649 94 32 tablå
1057 1651 55 29 må
1128 1648 151 41 följande
1296 1647 174 42 uppgifter
1484 1647 150 31 anföras:

125 1690 122 39 —
456 1690 169 39 [000
675 1690 296 39 org
1034 1690 54 39 ng
1126 1690 26 39 ne
1173 1690 98 39 nn

1317 1713 15 60 |
1354 1713 77 60 Övrig
1448 1735 151 37 lantmäteri-

493 1728 2 88 |
664 1759 198 24 Avslutade
898 1760 80 28 laga
1015 1757 140 24 skiften
1402 1774 153 22 verksamhet

623 1830 3 58 |
668 1846 93 40 FSH
780 1846 65 23 SEC
1012 1827 3 61 |
1055 1859 229 25 lantmäteriarvode
1367 1854 227 39 lantmäteriarvode

298 1910 8 7 .
624 1896 3 24 |
700 1889 7 14 i
727 1881 87 22 hektar

293 1919 51 22 Es
529 1933 63 23 antal
755 1931 2 21 I
1203 1947 4 4 .
1518 1920 8 2 I

513 1967 93 23 förrätt
919 1948 65 22 antal
1201 1954 8 14 i
1231 1946 26 28 4
1280 1953 28 15 av
1510 1945 7 22 i
1541 1945 25 28 $
1589 1952 29 15 av

625 1984 3 32 |
658 1985 76 21 inrös.
749 1978 17 42 |
780 1984 82 21 avrös-
884 1982 132 30 |ägolotter|
1206 1987 92 15 summa
1519 1986 93 15 summa

496 2016 2 8 |
520 2009 87 22 ningar
671 2019 4 4 .
798 2018 4 4 .

652 2026 82 21 nings-
752 2014 14 37 |
780 2025 82 21 nings-
1055 2016 91 22 kronor
1225 2011 60 37 lant-
1366 2014 90 22 kronor
1533 2013 63 22 lant-

665 2052 55 30 jord
795 2052 57 30 jord
884 2052 3 32 |
1211 2045 91 39 mäteri-
1515 2048 97 22 mäteri-

1178 2080 3 44 |
1211 2083 87 23 arvode
1520 2082 88 23 arvode

626 2148 3 8 ]
756 2164 2 4 I
885 2145 3 20 I

160 2219 135 25 Medeltal
315 2216 184 27 1915—1919
497 2212 14 42 |
549 2216 80 32 —1,464/
703 2228 32 4 —
834 2228 29 3 —
885 2220 3 28 |
1064 2212 110 32 553,924
1246 2212 56 25 50.1
1323 2208 8 16 |
1375 2211 115 39 550,68
1555 2210 57 26 49.9

222 2279 10 11 »
316 2268 163 25 1928......
573 2267 56 25 610)
658 2252 10 51 —
676 2266 83 30 8,724|
789 2256 99 39 61,929|
935 2248 83 47 2,814|
1065 2263 117 31 450,596|
1210 2258 14 42 —
1246 2263 57 25 29.0
1323 2258 14 42 |
1351 2262 134 30 1,101,365
1556 2261 57 26 71.0

223 2331 10 10 ”
316 2319 163 25 1934......
573 2316 56 28 558)
677 2317 82 25 8.405)
789 2312 100 36 65,312)
936 2315 82 31 2,674]
1065 2315 118 29 514,487|
1247 2313 56 25 23.2
1325 2308 14 44 |
1351 2312 141 31 1.701,334]
1523 2308 14 44 —
1556 2312 57 26 76.8
1636 2320 2 12 I

223 2381 11 12 ”»
317 2370 162 25 1935......
573 2368 49 25 464|
655 2362 12 42 —
678 2368 73 29 6,631|
789 2367 100 28 H1,128)
936 2367 83 30 2,741!
1066 2366 117 30 427,964!
1249 2366 55 24 19.3
1323 2360 17 42 |
1352 2364 134 30 1,791,015
1556 2363 56 25 80.7

223 2433 10 11 »
317 2421 162 25 1936......
498 2448 2 2 |
573 2420 56 25 455)
676 2416 83 33 7,172|
789 2416 100 33 53,013]
937 2400 82 44 1.978]
1065 2412 118 36 397,149|
1249 2417 56 24 17.5
1325 2436 7 12 |
1353 2415 134 30 1,873,196
1557 2415 57 25 82.5
1638 2424 3 19 |

180 2475 113 36 Bihang
318 2474 44 27 till
384 2474 166 34 riksdagens
570 2472 144 36 protokoll
743 2473 84 27 1938.
863 2473 18 26 9
904 2470 80 27 saml.
1019 2472 20 26 2
1054 2470 64 28 avd.
1164 2470 49 26 Nr
1234 2466 50 31 45.
1459 2475 77 20 166388
1584 2470 13 25 1
