1860 2776
248 150 19 31 8
545 154 121 32 Andra
688 155 245 40 lagutskottets
956 158 181 33 utlåtande
1159 170 43 21 nr
1225 161 40 31 10
1287 162 41 30 år
1350 163 84 31 1956

895 397 191 43 Förslag

960 478 56 31 till

830 570 314 51 Förordning

292 667 58 22 om
364 658 125 33 ändrad
503 658 123 44 lydelse
640 671 43 22 av
697 662 22 31 7
735 661 22 42 8
772 662 238 44 förordningen
1025 665 65 32 den
1104 665 23 32 4
1139 667 76 41 juni
1231 667 89 32 1954
1338 669 60 43 (nr
1412 669 85 45 519)
1514 670 172 43 angående

615 713 222 35 kostnadsfria
852 716 78 32 eller
944 718 219 41 prisnedsatta
1177 720 185 33 läkemedel

285 807 213 41 Härigenom
523 810 197 39 förordnas,
747 815 52 29 att
825 814 17 31 7
871 815 16 37 8
915 814 253 43 förordningen
1193 818 69 31 den
1287 819 22 30 4
1333 819 81 40 juni
1442 822 85 30 1954
1552 823 180 40 angående

237 860 244 34 kostnadsfria
509 864 85 31 eller
620 865 237 41 prisnedsatta
885 868 195 32 läkemedel
1109 871 89 31 skall
1227 872 134 32 erhålla
1389 874 159 40 följande
1577 876 155 32 ändrade

239 913 142 41 lydelse.

427 1023 184 34 (Gällande
626 1025 147 40 lydelse)

1178 1031 228 41 (Föreslagen
1420 1034 148 39 lydelse)

949 1090 74 37 78.

283 1136 196 42 Konungen
521 1140 84 39 äger
645 1141 111 31 träffa
797 1143 160 30 överens-

236 1189 195 33 kommelse
447 1192 81 31 med
545 1193 221 32 främmande
782 1196 99 31 makt
898 1205 58 22 om

236 1242 225 43 tillämpning
488 1254 44 23 av
559 1246 116 32 denna
702 1248 206 41 förordning
934 1250 22 30 å

236 1296 112 32 andra
377 1297 80 31 dess
485 1299 228 41 medborgare
741 1311 77 21 som
848 1303 107 31 vistas

235 1349 68 31 här
328 1350 12 30 i
363 1350 92 31 riket
478 1353 46 30 än
551 1352 78 31 dem
655 1354 21 30 å
702 1354 93 32 vilka
819 1355 136 40 förord-

237 1402 130 40 ningen
393 1403 102 41 eljest
518 1405 41 30 är
584 1405 193 42 tillämplig.

1056 1144 196 42 Konungen
1295 1148 82 39 äger
1419 1149 111 31 träffa
1572 1151 160 31 överens-

1011 1197 193 33 kommelse
1221 1200 81 31 med
1319 1201 222 33 främmande
1557 1204 100 31 makt
1672 1214 59 22 om

1011 1250 224 43 tillämpning
1279 1263 43 22 av
1365 1254 116 33 denna
1525 1257 207 41 förordning

1011 1304 74 31 helt
1100 1305 83 31 eller
1197 1306 110 31 delvis
1334 1307 9 31 å
1357 1317 178 31 personer,
1550 1319 77 22 som
1645 1313 85 29 utan

1010 1359 53 29 att
1088 1367 82 22 vara
1193 1360 152 31 svenska
1370 1362 227 40 medborgare
1623 1364 108 31 vistas

1010 1410 67 31 här
1096 1411 12 30 i
1127 1412 91 30 riket
1237 1413 66 30 och
1323 1414 21 30 å
1364 1414 93 31 vilka
1476 1415 253 42 förordningen

1011 1463 36 40 ej
1068 1463 101 40 eljest
1190 1465 40 30 är
1252 1465 195 42 tillämplig.

1054 1593 122 31 Denna
1205 1594 210 42 förordning
1445 1598 118 31 träder
1592 1599 12 30 i
1632 1599 98 41 kraft

1010 1645 67 31 den
1103 1647 16 29 1
1143 1647 69 40 juli
1236 1648 95 32 1956.
