2236 2620
481 185 109 30 Andra
613 185 181 29 kammarens
812 179 145 41 fjälrde
980 181 148 38 tillfälliga
1151 180 122 29 utskotts
1294 178 152 30 utlåtande
1469 176 47 30 Nr
1539 179 27 27 6.
1818 173 18 30 1

960 525 83 49 Nr
1075 526 54 47 6.

893 634 108 26 Ankom
1020 633 41 26 till
1079 631 153 34 riksdagens
1250 631 86 26 kansli
1354 630 50 26 den
1423 630 32 26 27
1474 629 67 34 april
1560 629 65 27 1923
1643 629 36 27 kl.
1697 629 16 25 4
1731 636 21 19 e.
1771 636 33 18 m,

434 723 136 36 Andra
604 723 237 36 kammarens
862 723 155 48 fjärde
1044 721 199 48 tillfälliga
1269 720 154 37 utskotts
1450 719 205 43 utlåtande,
1683 717 49 36 nr
1765 717 32 44 6,
1825 717 16 36 i

636 790 204 48 anledning
881 803 46 24 av
966 790 107 36 väckt
1112 789 138 37 motion
1290 800 56 24 om
1386 787 174 37 skrivelse
1602 785 56 37 till
1697 783 142 49 Kungl.

636 858 117 49 Maj:t
780 859 193 47 angående
1008 858 219 48 lagstadgad
1263 855 214 37 minimilön
1498 853 70 48 för
1594 854 128 36 arbete.

336 975 14 35 I
391 988 46 23 en
476 977 101 35 inom
617 976 114 36 andra
757 977 213 36 kammaren
998 977 107 35 väckt
1132 975 68 36 och
1228 975 58 36 till
1315 974 82 36 dess
1425 972 120 49 fjärde
1573 971 188 48 tillfälliga
1788 977 54 30 ut-
1887 971 146 26 Motionen.

236 1026 98 36 skott
374 1026 177 37 hänvisad
594 1028 151 44 motion,
788 1040 45 23 nr
871 1029 81 43 181,
981 1027 67 36 har
1075 1027 86 36 herr
1186 1026 186 36 Karlsson
1398 1026 12 34 i
1438 1023 97 37 Vätö
1562 1023 199 44 hemställt,
1789 1028 54 31 att

235 1076 194 49 riksdagen
459 1079 13 34 i
500 1078 174 36 skrivelse
701 1079 57 34 till
786 1077 136 47 Kungl.
952 1078 103 47 Maj:t
1081 1078 86 36 ville
1194 1076 158 44 anhålla,
1373 1080 54 31 att
1446 1074 136 49 Kungl.
1603 1074 105 48 Maj:t
1726 1076 116 33 måtte

236 1129 74 34 låta
336 1128 198 51 verkställa
561 1128 200 49 utredning
788 1129 67 36 och
885 1128 56 37 för
972 1129 197 48 riksdagen
1189 1127 205 48 framlägga
1413 1125 138 49 förslag
1569 1138 59 24 om
1648 1122 194 38 införande

238 1191 42 23 av
306 1178 219 49 lagstadgad
553 1180 208 35 minimilön
790 1178 57 37 för
874 1180 138 35 arbete.

336 1228 235 37 Beträffande
599 1231 269 47 motiveringen
896 1229 57 36 får
980 1230 181 35 utskottet
1192 1228 151 36 hänvisa
1371 1227 58 36 till
1457 1227 200 35 motionen.

335 1329 72 36 Det
433 1329 115 45 första
575 1330 98 44 land,
703 1343 78 23 som
809 1331 12 35 i
849 1331 57 35 sin
933 1328 351 50 sociallagstiftning
1315 1327 147 37 införde
1488 1327 276 36 bestämmelser
1783 1339 59 23 om
1871 1321 158 68 gränder

238 1382 250 34 minimilöner
527 1394 64 22 var
633 1381 182 36 Viktoria.
867 1371 55 46 År
961 1381 95 36 1896
1088 1378 216 38 utfärdades
1332 1391 45 23 en
1405 1380 61 46 lag
1492 1383 78 31 mot
1602 1378 241 48 >sweating»-
1882 1360 167 33 agetiftning.

238 1436 185 44 systemet,
453 1432 122 35 vilken
603 1432 60 47 lag
690 1431 112 36 bland
829 1436 113 31 annat
969 1431 165 36 innehöll
1161 1429 278 37 bestämmelser
1466 1441 60 23 om
1553 1428 229 37 inrättandet
1801 1441 43 22 av

237 1482 265 36 lönenämnder
529 1481 58 37 för
614 1481 254 37 fastställande
896 1495 43 23 av
966 1481 260 37 minimilöner.
1254 1480 126 49 Lagen
1407 1480 67 36 har
1500 1479 207 37 sedermera
1727 1479 117 36 under

239 1536 86 32 åren
355 1534 246 35 1902—1905
630 1534 13 35 i
670 1533 90 36 flera
786 1532 206 37 avseenden
1019 1532 185 36 beskurits
1233 1544 84 23 men
1345 1529 96 38 efter
1468 1533 40 33 år
1538 1531 93 35 1907
1660 1533 96 46 ånyo
1785 1535 59 30 ut-

239 1583 156 48 vidgats.
438 1583 15 35 I
493 1585 57 34 sin
590 1582 114 37 första
739 1583 211 48 avfattning
977 1586 110 45 avsåg
1114 1583 72 36 den
1213 1582 130 36 endast
1369 1580 259 45 beklädnads-,
1656 1580 188 44 skodons-,

241 1634 131 35 möbel-
400 1634 68 35 och
496 1633 390 49 bageriindustrierna,
915 1647 84 22 men
1027 1634 116 47 gäller
1174 1645 153 24 numera
1355 1635 39 32 så
1420 1637 81 43 gott
1529 1645 78 23 som
1634 1631 48 36 all
1710 1632 136 35 ekono-

241 1685 92 35 misk
374 1684 237 48 produktion,
653 1684 68 36 och
762 1686 11 33 i
801 1684 195 36 huvudsak
1023 1690 41 29 är
1090 1684 63 35 det
1180 1683 130 36 endast
1333 1682 186 48 jordbruk
1546 1682 67 36 och
1641 1687 205 43 transport-

240 1734 243 44 verksamhet,
512 1747 78 23 som
618 1737 55 33 stå
701 1733 150 37 utanför
879 1734 81 36 dess
988 1735 248 47 tillämpning.

341 1784 187 36 Viktorias
564 1786 167 47 exempel
767 1784 134 48 följdes
939 1786 10 33 i
987 1784 159 36 flertalet
1172 1785 127 46 övriga
1327 1782 219 36 australiska
1572 1782 177 44 kolonier,
1778 1781 69 36 och

242 1835 56 36 för
336 1835 226 36 närvarande
597 1835 119 36 finnas
751 1835 103 48 lagar
881 1848 59 22 om
969 1835 251 35 minimilöner
1246 1835 12 33 i
1286 1833 324 48 Syd-Australien,
1639 1832 90 47 Nya
1756 1832 90 47 Syd-

248 1886 134 45 Wales,
415 1886 234 44 Queensland
676 1886 67 35 och
775 1885 242 37 Tasmanien.

343 1937 13 34 I
386 1950 45 22 en
460 1950 43 22 av
530 1937 363 36 nordamerikanska
920 1937 186 36 unionens
1125 1941 122 39 stater,
1268 1935 188 47 nämligen
1476 1934 297 43 Massachusetts,
1794 1934 54 34 in-

244 1986 121 36 fördes
394 1990 39 32 år
464 1989 93 34 1912
586 2000 45 23 en
658 1988 61 47 lag
746 1998 61 25 om
835 1987 187 48 reglering
1055 2000 43 22 av
1125 1988 103 34 löner
1255 1985 57 37 för
1336 1986 159 36 kvinnor
1513 1985 67 36 och
1603 1984 104 43 barn,
1726 1984 121 36 vilken

243 2039 60 45 lag
343 2044 86 40 äger
470 2038 239 46 tillämpning
748 2038 97 34 såväl
887 2040 45 44 på
973 2036 211 36 hemarbete
1216 2048 78 24 som
1323 2039 46 44 på
1397 2035 125 36 arbete
1549 2036 12 34 i
1589 2034 163 36 fabriker
1780 2034 67 35 och

243 2086 221 36 verkstäder.
494 2087 134 48 Dylika
655 2088 102 45 lagar
784 2087 46 35 ha
858 2085 209 37 sedermera
1094 2086 133 35 införts
1246 2087 12 34 i
1278 2090 54 31 ett
1352 2086 119 35 flertal
1491 2085 114 35 andra
1620 2084 229 36 nordameri-

244 2137 137 35 kanska
409 2141 125 31 stater.

346 2188 12 34 I
401 2186 146 49 Europa
588 2187 66 34 har
694 2187 180 46 England
910 2187 96 35 varit
1033 2185 325 49 föregångslandet
1387 2188 45 46 på
1459 2184 102 36 detta
1587 2184 159 37 område.
1776 2185 74 35 Där

246 2237 213 36 utfärdades
489 2240 39 32 år
558 2239 93 34 1909
673 2250 44 22 en
736 2237 61 47 lag
815 2250 61 23 om
895 2237 265 35 lönenämnder
1178 2236 68 36 och
1266 2237 265 42 minimilöner,
1551 2234 146 46 >'Trade
1711 2234 138 36 Boards

332 2294 114 39 Bihang
470 2295 43 28 till
535 2295 175 37 riksdagens
725 2293 150 39 protokoll
899 2295 91 28 1923.
1039 2294 36 29 13
1098 2294 83 29 saml.
1225 2294 17 28 4
1268 2293 63 30 avd.
1375 2295 19 26 5
1417 2293 72 37 häft.
1533 2292 62 38 (Nr
1618 2294 42 34 6)
1793 2291 13 29 1
