2214 2660
670 194 253 43 Lagutskottets
954 192 185 35 Utlåtande
1163 192 63 32 N:o
1249 192 54 31 28.
1765 187 21 31 5

303 289 83 37 »2:0
428 291 60 34 att
530 284 252 41 obehindrad
824 284 76 37 och
941 281 251 38 kostnadsfri
1235 279 203 38 trafikrätt
1480 277 234 48 medgåfves
1748 278 41 35 åt

190 342 212 38 samhället
443 341 62 38 till
547 341 78 37 alla
667 340 12 36 i
722 335 556 47 landtmäterihandlingarna
1319 346 57 24 nu
1405 333 64 36 för
1497 331 169 37 allmänt
1694 329 95 37 eller

190 399 249 46 gemensamt
467 395 124 37 behof
618 393 262 46 undantagna
900 393 123 44 vägar
1042 389 112 36 inom
1175 386 262 38 villastadens
1458 384 173 46 område,
1653 384 136 36 äfven-

191 462 88 25 som
321 452 80 34 rätt
443 451 58 34 att
535 447 87 37 däri
651 445 195 47 nedlägga
874 446 165 42 vatten-,
1070 442 183 47 aflopps-,
1283 440 124 36 kraft-
1437 439 76 36 och
1540 437 249 48 belysnings-

191 503 220 47 ledningar,
457 503 105 35 samt
591 502 58 35 att
679 498 178 47 Stockby
886 495 227 47 aktiebolag
1141 495 14 36 i
1184 495 123 46 öfrigt
1336 491 157 38 afstode
1521 492 92 35 från
1647 489 143 47 hvarje

192 569 136 25 annan
356 558 81 34 rätt
464 554 62 37 till
554 552 178 38 nimnda
760 554 124 44 vägar
912 552 53 33 än
995 548 89 45 den,
1115 559 86 25 som
1231 546 225 38 tillkomme
1480 543 158 48 bolaget
1658 545 133 34 såsom

192 614 117 44 ägare
337 608 63 37 till
429 607 110 37 delar
567 607 42 36 af
638 604 179 47 Stockby
846 600 338 51 (hemmansdelar
1213 600 96 37 eller
1337 592 332 56 afsöndringar).»

299 662 144 37 Denna
484 658 298 50 nyttjanderätt
824 660 44 33 är
909 655 87 37 icke
1034 653 230 46 intecknad,
1296 664 91 25 men
1416 650 213 38 samhället
1657 649 136 37 sköter

193 716 92 38 hela
326 713 363 50 gatuunderhållet,
734 711 77 37 och
852 712 180 45 vägarna
1072 708 95 47 ingå
1208 707 14 37 i
1260 718 49 25 en
1339 703 204 39 fastställd
1572 702 218 48 stadsplan.

193 768 289 40 Förhållandet
511 770 44 35 är
582 766 181 48 tydligen
791 762 193 39 likartadt
1013 761 92 37 med
1135 760 78 46 det,
1244 772 86 25 som
1360 758 116 38 råder
1504 758 13 36 i
1545 756 152 38 Boden.

301 823 96 37 Som
440 821 66 37 det
547 821 66 37 för
655 818 248 38 samhällena
945 819 45 33 är
1032 814 249 48 nödvändigt
1310 815 58 35 att
1395 813 44 36 få
1467 810 237 49 äganderätt
1732 809 62 38 till

194 876 276 50 gatumarken,
502 876 125 35 måste
657 872 48 37 de
733 871 130 37 under
892 870 116 37 dessa
1035 867 287 38 förhållanden
1351 865 188 38 använda
1566 863 228 48 expropria-

193 927 371 42 tionsförfarandet.
621 925 249 47 Visserligen
897 924 75 36 har
1000 924 57 35 ett
1086 921 194 37 samhälle
1308 922 81 34 rätt
1418 920 58 35 att
1504 917 99 37 söka
1622 915 174 38 anstånd

195 983 93 39 med
327 981 229 48 stadsplans
584 977 316 51 genomförande
929 977 66 36 för
1023 975 85 37 viss
1138 974 65 37 del
1231 975 43 36 af
1303 973 69 37 sitt
1401 971 175 45 område,
1607 982 94 25 men
1729 969 68 38 det

196 1039 82 37 kan
319 1038 221 42 förväntas,
585 1035 58 36 att
684 1028 437 52 expropriationslösen
1162 1028 79 37 blir
1283 1030 139 42 större,
1460 1025 46 48 ju
1535 1025 138 47 längre
1702 1035 95 25 man

197 1091 145 48 dröjer.
400 1089 63 37 Då
491 1086 302 50 expropriation
821 1084 197 47 tillgripes
1047 1083 14 36 i
1089 1084 57 35 ett
1173 1081 75 37 fall
1276 1080 144 38 sådant
1449 1091 88 26 som
1566 1077 66 38 det
1659 1077 138 37 ofvan-

196 1143 188 44 nämnda,
416 1146 44 33 är
488 1145 22 45 8
539 1142 50 37 20
618 1141 14 36 i
661 1137 349 50 stadsplanelagen
1039 1135 227 48 tillämplig.
1324 1134 144 37 Denna
1495 1131 130 49 lyder:
1690 1130 108 37 >»Har

197 1202 117 44 ägare
344 1197 41 36 af
414 1196 127 46 mark,
572 1206 86 26 som
688 1194 107 37 afses
824 1193 13 36 i
866 1194 46 46 $$
942 1193 23 35 8
994 1190 96 37 eller
1120 1190 48 36 11
1198 1188 125 47 enligt
1352 1186 191 39 särskildt
1571 1184 101 38 aftal
1698 1197 99 35 upp-

197 1252 91 38 låtit
329 1249 168 38 marken
537 1249 64 37 till
644 1246 160 39 enskild
844 1246 230 46 utfartsväg
1116 1243 95 37 eller
1239 1242 64 38 till
1331 1241 168 37 allmänt
1526 1238 271 49 begagnande,

199 1305 105 38 skall
345 1303 71 38 vid
452 1302 243 47 ersättnings
725 1297 301 41 bestämmande
1055 1298 162 47 hänsyn
1245 1299 112 44 tagas
1385 1295 63 36 till
1476 1293 144 38 sådant
1648 1292 151 37 förhål-

199 1358 154 39 lande.>
414 1356 95 38 Med
550 1355 167 47 ledning
759 1354 43 37 af
844 1353 109 37 detta
992 1350 224 38 sväfvande
1246 1350 75 37 och
1351 1346 256 40 svårtolkade
1635 1345 165 48 uttryck

201 1412 104 38 skall
346 1423 51 25 en
426 1408 220 40 eventuellt
673 1408 146 37 tillsatt
846 1405 164 46 nämnd,
1040 1405 124 36 hvars
1192 1403 134 38 beslut
1354 1402 36 49 ej
1421 1402 82 37 kan
1532 1399 267 48 öfverklagas,

200 1468 224 36 bestämma
462 1461 448 51 expropriationslösen.
969 1458 97 38 Som
1104 1457 132 38 denna
1264 1457 243 37 bestämmes
1536 1454 102 37 efter
1673 1452 130 38 »hvad

200 1519 94 51 jord
334 1519 96 37 eller
471 1517 187 49 lägenhet
700 1516 42 37 af
784 1515 83 37 lika
907 1512 279 39 beskaffenhet
1219 1511 76 37 och
1323 1509 148 49 godhet
1498 1509 14 37 i
1540 1509 116 36 orten
1684 1507 120 47 högst

201 1573 163 50 gäller»,
393 1572 82 38 kan
504 1584 95 24 man
626 1571 167 44 förutse,
824 1570 58 36 att
910 1567 114 38 lösen
1048 1567 13 36 i
1080 1564 276 49 föreliggande
1385 1563 73 38 fall
1478 1563 35 48 ej
1536 1564 123 35 sättes
1679 1561 124 48 högre

203 1632 53 33 än
283 1631 148 44 gängse
458 1625 190 48 tomtpris
678 1624 76 37 och
775 1622 128 48 aldrig
921 1620 130 38 under
1071 1620 285 47 markägarens
1375 1615 246 49 inköpspris.
1667 1614 138 38 Ofvan

204 1682 167 47 angifna
409 1678 321 49 sifferuppgifter
757 1677 84 37 tala
867 1675 151 38 härför.
1077 1673 251 48 Paragrafen
1359 1671 49 38 20
1437 1671 78 37 blir
1543 1668 173 39 sålunda
1743 1667 63 39 till

204 1735 158 38 mindre
390 1733 158 38 lättnad
576 1733 65 36 för
670 1730 224 45 samhället,
926 1731 53 34 än
1008 1741 95 24 man
1130 1727 94 37 från
1253 1726 146 48 början
1428 1725 132 37 afsett.

311 1788 79 37 Det
417 1787 82 37 kan
528 1784 223 40 emellertid
779 1784 269 47 ifrågasättas,
1079 1793 67 25 om
1175 1780 68 38 det
1271 1782 44 35 är
1338 1779 150 47 riktigt,
1511 1780 59 35 att
1589 1775 217 50 gatumark

206 1843 43 37 af
289 1842 75 37 här
405 1840 171 38 nämndt
618 1839 86 48 slag
747 1837 114 46 skall,
901 1836 124 38 sedan
1054 1834 211 48 stadsplan
1292 1835 65 35 för
1387 1831 181 39 området
1596 1830 140 39 blifvit
1765 1829 42 38 af

206 1896 151 48 Kungl.
389 1895 119 48 Maj:t
535 1892 215 46 fastställd,
780 1892 178 37 behöfva
985 1890 43 37 af
1056 1888 215 39 samhället
1299 1886 290 49 exproprieras,
1622 1884 51 38 då
1700 1883 106 48 jord-

207 1954 146 45 ägaren
380 1950 113 36 förut
521 1948 101 47 tagit
645 1947 112 37 vinst
778 1947 41 36 af
838 1943 414 48 tomtförsäljningen,
1274 1953 87 26 som
1381 1940 35 48 ej
1439 1940 158 37 kunnat
1616 1934 190 56 försiggå,

208 2016 67 26 om
302 2002 215 50 gatumark
546 2002 35 48 ej
612 2003 54 46 på
693 2002 123 46 något
844 2000 80 36 sätt
952 1998 217 48 planerats.
1227 1995 84 37 När
1339 1993 213 39 samhället
1580 1992 229 47 öfvertager

208 2056 365 50 gatuunderhållet,
604 2055 76 37 och
706 2053 243 49 jordägaren
979 2051 234 47 därigenom
1235 2049 150 48 slipper
1405 2060 49 25 en
1472 2046 181 48 betydlig
1672 2045 135 48 utgift,

209 2124 87 25 som
338 2111 115 48 eljest
495 2109 130 49 ålegat
666 2109 165 44 honom,
874 2105 124 39 borde
1041 2104 111 38 detta
1184 2104 43 37 få
1255 2115 118 25 anses
1401 2101 96 38 fullt
1525 2102 206 35 motsvara
1760 2110 50 26 en

209 2165 258 47 förräntning
509 2163 42 38 af
592 2160 271 40 markvärdet.
922 2159 138 48 Enligt
1093 2158 86 37 min
1208 2156 266 49 uppfattning
1501 2153 125 38 borde
1656 2152 154 38 således

211 2219 78 38 den
331 2218 127 46 mark,
503 2229 87 26 som
631 2219 22 45 8
683 2216 49 37 20
763 2215 166 48 åsyftar,
959 2215 101 35 utan
1087 2211 225 47 ersättning
1340 2210 126 37 afstås
1494 2207 62 38 till
1584 2206 224 38 samhället.

318 2272 143 37 Denna
498 2271 105 38 åsikt
631 2268 242 52 omfattades
902 2267 122 37 äfven
1053 2266 43 37 af
1125 2265 48 38 de
1203 2264 192 38 särskildt
1422 2261 247 39 förordnade
1699 2260 111 37 kom-

212 2325 210 40 mitterade
452 2349 48 4 —
531 2326 139 36 herrar
710 2323 94 38 Joh.
845 2321 184 49 Östberg,
1059 2320 50 37 A.
1141 2319 238 49 Borgström
1408 2317 76 39 och
1512 2315 52 39 H.
1595 2314 137 49 Yberg
1761 2338 50 3 —
