2185 2576
406 142 43 30 54
882 141 250 31 Statsutskottets
1164 141 170 32 Utlåtande
1357 142 64 31 N:o
1448 146 26 27 6.

365 227 66 36 det
475 225 153 50 belopp,
673 239 81 23 som
797 226 120 36 borde
953 226 41 36 af
1023 225 223 49 Riksdagen
1275 225 165 49 begäras
1470 230 125 33 såsom
1625 231 108 32 extra
1762 226 136 48 anslag
1926 226 56 36 till

365 278 253 36 anskaffande
661 278 42 36 af
741 278 252 48 krigsfartyg,
1023 281 117 33 måtte
1170 278 83 35 afse
1284 291 48 23 en
1362 291 146 24 summa
1537 279 42 36 af
1607 280 204 46 1,000,000
1840 279 144 35 kronor

364 329 58 37 till
464 330 236 49 påbörjande
742 332 42 35 af
823 344 46 22 en
912 329 107 49 dylik
1055 331 64 35 båt
1148 330 42 36 af
1216 343 145 23 samma
1391 330 84 47 slag
1504 344 81 23 som
1615 331 75 35 den
1718 344 94 35 nyss
1841 330 141 36 omför-

364 381 140 48 mälda,
534 382 155 37 hvartill
716 382 145 48 ritning
889 382 127 36 blifvit
1044 381 192 38 faststäld.

471 434 58 36 De
559 434 129 47 behof,
717 434 60 36 för
805 433 151 37 hvilkas
985 434 171 49 fyllande
1186 433 124 37 medel
1338 433 122 36 under
1487 433 111 36 titeln
1625 434 301 48 nyanskaffning
1946 433 41 36 af

365 485 441 50 krigsfartygsmateriel
842 485 148 37 således
1026 499 51 23 nu
1105 486 120 36 borde
1256 485 122 49 enligt
1406 485 446 49 departementschefens
1883 486 101 48 åsigt

364 538 180 48 begäras,
574 552 92 24 vore
697 537 186 49 följande:

471 653 46 23 en
551 643 58 34 Ila
638 639 50 37 kl:
718 639 206 49 PANSATDGG
942 670 519 7 oommemseoswsstssms
1190 635 75 57 bm
1346 635 119 57 ess
1492 640 56 36 kr.
1580 641 218 45 3,825,000:
1829 663 49 3 —

469 692 237 49 påbörjande
735 692 41 36 af
802 705 47 23 en
881 694 57 34 1:a
967 693 47 36 kl.
1046 692 414 48 pansarbåt............
1517 704 17 22 »
1584 693 214 45 1,000,000:
1828 713 50 4 —

471 743 84 48 fyra,
587 746 58 34 la
673 742 50 37 kl.
752 744 247 48 TfOrpeCbåtöt
1020 776 76 5 oss.
1104 774 354 6 oissmsvsmsssussoen
1392 738 67 59 sm
1516 756 16 22 »
1619 745 178 46 940,000:
1829 765 45 4 —

469 795 87 48 fyra
585 799 61 33 2:a
691 808 17 22 >»
870 810 15 18 Doo
1010 827 201 5 detssessstrrderen
1231 826 120 5 öserärresr
1364 826 46 4 ooser
1418 826 39 5 nn
1515 808 16 22 »
1620 796 178 47 564,000:
1829 817 48 4 —

471 850 229 46 ångpannor
727 847 12 35 i
768 861 132 23 reserv
928 848 57 36 till
1015 862 47 22 en
1094 850 57 33 1:a
1179 847 50 36 kl.
1257 847 205 48 pansarbåt
1517 860 16 21 »
1574 843 26 57 -
1621 849 176 45 130,000:
1829 869 47 4 —

470 899 167 48 ändring
667 899 41 36 af
731 904 58 31 tre
820 904 45 32 st.
898 902 59 34 3:e
987 900 49 36 kl.
1068 899 388 49 pansarbåtar......
1426 895 34 58 ...
1513 912 17 22 »
1620 900 178 45 125,000:
1829 921 50 4 —

1315 967 154 38 Summa
1496 968 53 36 kr.
1581 970 217 46 6,584,000:
1830 991 46 4 —

470 1054 18 35 I
516 1055 110 46 fråga
656 1066 59 23 om
746 1053 65 36 det
840 1054 141 36 äskade
1012 1058 107 31 extra
1148 1053 178 48 anslaget
1353 1054 61 36 för
1439 1053 169 49 fyllande
1628 1054 41 36 af
1685 1054 214 37 kostnaden
1923 1056 60 36 för

368 1109 58 33 1:a
454 1106 50 36 kl.
534 1105 257 50 pansarbåten
822 1105 131 37 Odens
982 1105 238 48 nybyggnad
1249 1106 69 35 har
1344 1106 428 48 departementschefen
1792 1107 57 36 till
1868 1113 114 31 stats-

366 1156 327 50 rådsprotokollet
722 1156 84 49 (sid.
840 1157 168 49 51—53)
1042 1157 205 47 meddelat,
1264 1162 54 31 att
1349 1157 407 49 marimförvaltningen
1784 1159 54 35 uti
1869 1160 113 36 skrif-

364 1209 107 37 velse
501 1210 76 35 den
610 1211 44 34 12
685 1209 209 37 november
925 1211 98 34 1897
1056 1209 127 36 anfört
1210 1209 181 49 följande.
2000 1241 4 4 .

472 1261 58 36 Då
559 1261 411 48 marinförvaltningen
998 1261 216 49 uppgjorde
1245 1261 75 36 den
1348 1261 214 48 beräkning
1586 1261 42 36 af
1643 1261 260 39 kostnaderna
1921 1264 61 36 för

368 1315 59 34 1:a
456 1313 50 36 kl.
538 1313 256 49 pansarbåten
825 1312 132 37 Odens
987 1313 262 47 anskaffande,
1280 1326 80 23 som
1388 1314 119 48 jemte
1537 1313 188 48 ritningar
1751 1314 57 36 till
1838 1329 144 22 samma

366 1365 131 48 fartyg
541 1364 85 36 med
658 1364 202 37 skrifvelse
892 1365 73 36 den
996 1367 48 33 24
1073 1378 101 23 mars
1206 1367 100 34 1894
1336 1364 304 37 öfverlemnades
1670 1365 57 37 till
1756 1366 138 37 chefen
1922 1367 60 36 för

367 1416 559 49 sjöförsvarsdepartementet,
956 1417 98 36 hade
1084 1430 87 22 man
1199 1417 64 36 vid
1291 1417 215 48 beräkning
1535 1417 41 36 af
1592 1417 216 37 kostnaden
1828 1419 59 36 för
1907 1419 73 36 den

365 1468 189 36 vertikala
596 1468 455 49 besparingsmaterielen
1089 1469 121 47 jemte
1253 1469 179 36 tillbehör
1474 1469 71 36 och
1587 1469 64 36 tak
1684 1469 57 36 till
1770 1475 211 44 styrtornet

366 1520 61 36 för
469 1520 65 36 det
578 1533 75 35 nya
688 1520 313 48 pansarfartyget
1033 1523 126 44 utgått
1186 1520 84 36 från
1301 1521 64 36 det
1394 1520 216 49 medelpris,
1640 1521 145 36 hvilket
1814 1528 166 31 motsva-

364 1572 119 35 rande
511 1571 189 36 "materiel
742 1572 59 36 för
843 1572 75 36 den
955 1576 88 32 näst
1077 1572 102 36 förut
1207 1572 221 36 anskaffade
1457 1572 267 49 pansarbåten,
1755 1574 134 48 Thule,
1917 1575 64 36 be-

368 1623 138 48 tingat,
551 1628 91 31 enär
684 1623 220 49 tillförlitlig
932 1623 237 50 prisuppgift
1195 1624 86 36 icke
1311 1624 127 36 kunde
1468 1624 42 36 af
1534 1624 360 48 pansartillverkare
1924 1640 57 22 er-

365 1675 120 36 hållas
515 1676 65 35 vid
609 1680 115 31 annat
754 1675 146 37 tillfälle
929 1681 48 30 än
1007 1675 46 36 då
1083 1675 218 37 omedelbar
1329 1676 232 47 beställning
1591 1676 181 49 förelåge.

471 1727 117 36 Detta
631 1727 205 48 medelpris
879 1727 197 49 grundade
1120 1727 60 47 sig
1221 1731 48 45 på
1309 1727 292 37 förhållandena
1629 1731 41 33 år
1701 1730 111 45 1891,
1842 1729 47 37 då
1917 1730 64 36 be-

366 1779 434 48 pansringsmaterielen
829 1780 58 35 till
917 1779 239 36 sistnämnda
1185 1779 131 49 fartyg
1344 1779 254 37 anskaffades.
1654 1780 17 35 I
1700 1780 172 49 enlighet
1895 1782 85 36 här-

366 1831 88 35 med
482 1831 240 36 beräknades
751 1831 217 36 kostnaden
996 1831 61 35 för
1086 1832 200 36 enahanda
1315 1831 171 37 materiel
1516 1831 59 36 för
1597 1832 255 48 pansarbåten
1869 1833 111 36 Oden

366 1881 58 36 till
468 1884 166 45 729,679
674 1883 154 36 kronor.
886 1882 243 37 Sistberörda
1167 1883 172 37 materiel
1367 1883 85 36 blef
1476 1883 212 37 emellertid
1717 1884 84 36 icke
1831 1885 149 36 bestäld

366 1934 60 36 för
456 1939 45 30 än
534 1937 40 34 år
608 1936 108 34 1895.
773 1934 72 36 Väl
874 1935 98 36 hade
1002 1934 225 49 Riksdagen
1255 1936 61 35 för
1345 1938 40 33 år
1416 1937 98 34 1894
1531 1935 155 49 beviljat
1701 1936 57 36 till
1773 1936 207 50 byggande

365 1985 41 37 af
445 1986 75 35 den
561 1999 75 36 nya
678 1986 254 49 pansarbåten
977 1991 55 31 ett
1073 1986 135 49 anslag
1249 1987 41 36 af
1332 1988 202 46 1,000,000
1569 1987 154 47 kronor,
1759 2002 87 22 men
1877 1988 103 36 detta

365 2044 89 41 togs
496 2037 82 36 helt
620 2038 70 36 och
731 2038 118 36 hållet
889 2038 12 36 i
943 2038 164 48 anspråk
1150 2039 61 35 för
1241 2039 138 48 sjelfva
1407 2039 337 48 fartygsskrofvet,
1775 2053 60 22 om
1865 2040 114 36 hvars

365 2088 251 37 levererande
646 2090 90 35 aftal
767 2090 74 36 den
872 2092 20 34 9
924 2089 152 49 augusti
1107 2092 99 34 1894
1235 2091 180 36 träffades
1445 2091 86 36 med
1560 2091 223 47 Bergsunds
1814 2092 166 35 mekani-

367 2141 69 36 ska
477 2142 204 35 verkstads
723 2142 221 48 aktiebolag
986 2142 71 36 och
1099 2142 157 36 hvarför
1297 2143 216 36 kostnaden
1554 2143 168 48 uppgick
1750 2143 59 35 till
1836 2143 145 36 inemot

369 2194 206 46 1,500,000
619 2193 151 37 kronor.
827 2185 55 45 År
928 2195 99 35 1894
1069 2193 189 49 beviljade
1300 2195 222 48 Riksdagen
1565 2196 59 35 för
1659 2195 254 36 fortsättande
1943 2196 42 36 af

366 2245 279 48 pansarbåtens
683 2245 239 49 nybyggnad
968 2247 203 47 1,500,000
1213 2246 154 48 kronor,
1410 2260 86 22 men
1539 2246 104 36 detta
1673 2247 135 47 anslag
1836 2246 82 37 blef
1944 2248 33 49 ej
