2323 2731
548 130 233 31 Sammansatta
806 132 97 31 Stats-
928 135 53 28 och
1004 135 258 38 Lag-Utskottets
1287 138 167 31 Memorial
1478 139 59 30 N:o
1561 142 29 27 2.
1802 144 16 29 D

274 212 117 40 ningen
416 211 34 32 af
472 213 49 30 sin
545 212 190 42 befattning,
759 215 129 32 straffes
913 217 107 33 derför
1043 220 45 35 så,
1113 229 68 22 som
1204 220 10 31 i
1238 219 120 34 allmän
1372 221 54 41 lag
1442 233 51 21 om
1509 223 88 32 brott
1613 225 34 31 af
1662 224 199 35 embetsmän

275 263 49 31 för
347 263 109 41 hvarje
479 263 59 32 fall
562 263 153 42 stadgadt
738 268 49 37 är;
812 276 91 23 svare
929 268 59 32 ock
1012 269 48 32 till
1084 269 207 35 skadestånd.

1033 365 15 38 8
1074 366 27 29 2

408 432 185 43 Riksdagen
628 436 77 31 eller
739 436 74 31 dess
845 438 170 32 Revisorer
1042 449 58 31 ege
1124 440 153 33 förordna
1300 452 51 21 om
1375 443 67 31 åtal
1465 444 49 32 för
1536 445 201 41 förbrytelse,
1760 456 67 22 som
1849 449 10 29 i

273 485 15 37 3
315 485 12 28 1
355 483 80 40 sagd
468 488 46 29 är.
558 486 63 32 Det
654 487 67 32 åtal
755 487 83 32 skall
871 489 34 31 af
924 489 202 41 Riksdagens
1156 491 358 35 Justitie-ombudsman
1540 496 166 32 anställas.
1751 497 109 41 Yppas

274 533 174 42 anledning
482 536 48 31 till
564 537 117 32 sådant
704 539 68 31 åtal
795 539 102 31 under
919 540 55 36 tid,
999 540 41 33 då
1063 541 144 42 Riksdag
1230 543 77 31 eller
1331 544 73 31 dess
1427 545 170 33 Revisorer
1618 546 71 32 icke
1713 551 57 29 äro
1794 549 64 31 för-

273 584 154 40 samlade,
452 596 57 31 ege
532 587 60 32 ock
615 588 41 32 då
678 588 425 35 Justitie-ombudsmannen
1127 595 48 29 att
1196 596 79 29 utan
1299 595 153 32 särskildt
1474 596 216 33 förordnande
1718 598 53 32 det
1792 600 66 31 åtal

273 635 111 33 väcka.
427 636 207 43 Fullmägtig,
657 649 68 22 som
749 640 115 32 varder
884 642 102 31 under
1010 643 66 32 åtal
1100 644 106 37 ställd,
1231 644 119 33 afhålle
1375 647 48 39 sig
1446 647 73 32 från
1541 649 189 40 utöfningen
1754 650 35 31 af
1809 651 48 31 sin

272 686 183 42 befattning
477 689 160 32 intilldess
661 691 100 32 målet
784 691 101 33 blifvit
908 703 113 30 genom
1044 694 76 41 laga
1142 694 87 33 kraft
1252 697 123 39 egande
1398 698 108 42 utslag
1530 700 148 41 afgjordt.

1030 788 15 42 8
1070 790 27 29 3.

404 848 116 40 Kongl.
555 849 109 41 Maj:ts
699 852 59 31 och
790 852 112 33 Rikets
939 854 82 33 Svea
1053 856 131 32 Hofrätt
1216 867 75 23 vare
1326 858 75 41 laga
1435 859 138 33 domstol
1597 864 47 29 att
1667 862 66 31 åtal
1757 862 99 41 enligt

272 898 106 32 denna
400 899 53 40 lag
477 901 147 38 upptaga
647 901 60 32 och
731 903 138 32 afdöma.

402 949 80 37 Den,
517 959 69 21 som
609 952 73 31 med
710 953 189 33 Hofrättens
927 956 108 40 utslag
1067 956 69 32 icke
1173 959 134 41 åtnöjes,
1331 970 57 30 ege
1413 962 47 29 att
1483 961 146 32 deröfver
1652 962 59 32 hos
1735 963 115 40 Kongl.

269 998 92 41 Maj:t
388 999 5 31 i
414 1000 83 32 Dess
530 1001 126 41 Högsta
688 1004 147 32 Domstol
863 1006 113 32 anföra
998 1007 115 32 besvär
1136 1009 19 30 å
1177 1009 45 31 tid
1246 1010 59 31 och
1327 1011 11 30 i
1361 1011 61 30 den
1447 1011 144 41 ordning,
1616 1023 67 21 som
1709 1014 49 32 för
1780 1014 72 31 full-

269 1049 79 42 följd
372 1051 34 31 af
427 1051 203 43 underdånig
653 1054 89 32 talan
764 1056 10 30 i
796 1055 155 33 brottmål
972 1057 10 30 i
1007 1058 175 32 allmänhet
1205 1060 139 40 stadgad
1367 1064 46 28 är.

405 1144 188 33 Stockholm
617 1146 61 32 den
702 1150 37 29 27
764 1149 89 41 April
880 1152 85 29 1868.

950 1245 103 29 Arvid
1077 1246 96 30 Faxe.

401 2199 74 29 Bih.
501 2200 47 28 till
571 2200 107 30 Riksd.
705 2200 83 30 Prot.
812 2203 86 28 1868.
942 2203 17 26 4
985 2202 92 29 Saml.
1099 2204 21 27 2
1142 2202 70 36 Afd.
1237 2206 16 26 1
1279 2204 87 35 Häft.
1768 2209 18 27 2
