2319 2773
517 191 234 31 Sammansatta
777 193 98 29 Stats-
900 195 53 28 och
977 195 256 38 Lag-Utskottets
1257 201 166 29 Memorial
1446 203 59 29 N:o
1528 205 30 28 2.
1766 208 16 29 3

241 282 115 31 garnes
386 274 214 37 verksamhet,
635 278 38 29 än
698 278 42 39 på
767 277 224 34 Riksbankens
1021 281 139 38 rörelse;
1184 284 60 30 och
1267 283 165 33 Utskottet
1454 297 96 21 anser
1574 288 57 41 sig,
1654 290 43 40 på
1720 291 103 39 grund

239 317 35 37 åf
295 324 83 32 hvad
402 325 139 32 sålunda
563 326 101 32 blifvit
687 329 137 38 anfördt,
848 329 80 33 böra
950 331 181 40 hemställa,

638 382 47 28 att
706 380 249 40 ifrågavarande
979 384 120 32 motion
1122 385 123 32 lemnas
1268 389 77 28 utan
1370 388 161 33 afseende.

374 469 186 32 Stockholm
584 470 60 31 den
670 473 37 29 27
730 473 91 40 April
847 477 86 29 1868.

791 577 132 29 Fredrik
946 577 178 30 Alexander
1149 580 116 29 Funck.

926 1083 101 40 N:o
1058 1086 58 39 >,

787 1235 75 31 Ånk.
887 1238 44 28 till
953 1238 102 30 Riksd.
1079 1239 103 30 Kansli
1205 1242 27 29 d.
1258 1243 36 27 27
1318 1242 85 39 April
1429 1244 86 37 1868,
1538 1244 40 29 kl.
1602 1246 16 27 7
1644 1256 24 18 e.
1693 1256 35 21 m,

425 1376 204 47 Memorial,
663 1382 81 35 med
768 1383 148 49 förslag
943 1384 54 36 till
1025 1387 310 51 ansvarighetslag
1354 1391 67 49 för
1455 1389 225 51 Riksdagens
1706 1394 102 36 Full-

553 1431 152 48 migtige
738 1433 13 35 i
778 1433 383 49 Riksgälds-kontoret.

356 1544 15 31 I
393 1544 79 41 följd
495 1546 34 31 af
550 1546 48 39 de,
623 1556 114 30 genom
762 1550 184 39 antagande
971 1552 34 31 af
1024 1564 41 29 ny
1087 1553 325 45 Riksdags-ordning,
1435 1558 153 34 inträdda
1610 1562 196 34 förändrade

223 1594 237 41 förhållanden,
483 1596 95 32 hafva
603 1597 163 42 åtskilliga
788 1600 228 42 förändringar
1038 1603 102 33 blifvit
1163 1606 120 41 nödiga
1305 1608 11 30 i
1338 1608 113 32 hittills
1474 1611 150 39 gällande
1641 1616 164 39 ansvarig-

222 1644 128 41 hetslag
382 1646 49 32 för
465 1646 214 43 Fullmägtige
701 1649 9 31 i
738 1649 340 41 Riksgälds-kontoret
1098 1658 30 29 at
1159 1656 61 31 den
1246 1659 35 30 10
1304 1658 76 31 Juni
1406 1661 86 36 1841,
1517 1661 60 32 och
1599 1663 125 33 sådana
1746 1667 56 38 på-

222 1693 104 33 kallas
361 1697 187 41 ytterligare
583 1699 98 37 deraf,
715 1703 47 29 att
797 1703 424 36 ansvarsbestämmelserna
1247 1709 10 29 i
1283 1710 143 31 nämnda
1447 1711 54 40 lag
1523 1712 11 30 i
1556 1712 249 44 hufvudsakliga

222 1744 90 32 delar
336 1746 105 33 afvika
468 1748 71 33 från
566 1749 84 32 hvad
670 1750 9 31 i
704 1751 60 31 den
791 1753 36 30 år
854 1755 78 29 1864
959 1758 143 37 antagna
1125 1768 63 30 nya
1212 1758 196 42 Strafflagen
1431 1764 37 29 är
1491 1763 152 41 stadgadt
1664 1766 140 32 rörande

222 1806 117 22 ansvar
370 1798 51 32 för
454 1799 212 33 embetsbrott
700 1801 34 32 af
760 1802 129 33 Statens
914 1805 135 33 embets-
1071 1808 60 31 och
1155 1809 195 40 tjenstemän
1371 1812 10 31 i
1407 1812 186 34 allmänhet.
1636 1815 43 32 Åf
1700 1817 103 32 sådan

221 1848 174 42 anledning
417 1849 59 32 har
500 1850 267 34 Stats-Utskottet
791 1857 107 29 ansett
920 1856 112 41 nödigt
1054 1862 48 28 att
1124 1870 41 31 ny
1188 1861 278 43 ansvarighetslag
1487 1865 49 31 för
1553 1865 145 33 bemälde
1714 1867 87 32 Full-

220 1900 140 40 mägtige
394 1902 178 38 utarbetas,
601 1904 49 30 för
674 1906 47 28 att
744 1904 47 31 till
813 1904 203 43 Riksdagens
1042 1910 183 39 antagande
1249 1912 207 42 framläggas,
1480 1916 59 31 och
1563 1917 49 31 för
1635 1917 89 32 detta
1747 1921 55 29 än-

220 1948 108 34 damål
351 1951 115 41 begärt
490 1953 240 33 sammanträde
754 1955 72 30 med
848 1956 259 42 Lag-Utskottet,
1128 1960 126 41 jemlikt
1277 1964 37 30 47
1338 1966 16 38 8
1376 1964 366 45 Riksdags-ordningen.

353 2001 242 35 Sammansatta
628 2004 175 40 Utskottet,
838 2017 68 21 som
930 2009 139 32 derefter
1090 2011 140 32 förehaft
1257 2013 247 41 ifrågavarande
1529 2019 119 31 ärende
1672 2020 48 31 till
1744 2020 55 32 be-

217 2048 164 44 handling,
415 2053 60 32 har
508 2054 109 32 dervid
648 2056 114 37 funnit,
787 2060 48 29 att
858 2058 37 31 de
919 2060 43 30 fel
986 2060 60 32 och
1069 2062 217 43 förbrytelser,
1311 2076 67 21 som
1402 2068 206 32 omförmälas
1631 2070 10 31 i
1669 2073 24 36 1,
1717 2073 28 36 2,
1770 2073 27 37 3,

216 2103 28 33 4,
269 2102 27 38 5,
330 2105 8 28 6
363 2104 60 31 och
451 2106 17 30 7
493 2107 34 37 88
557 2108 33 30 af
623 2107 136 32 berörda
792 2110 288 43 ansvarighetslag,
1116 2114 65 33 alla
1215 2119 56 30 äro
1306 2118 33 31 af
1370 2118 102 32 sådan
1496 2119 230 39 beskaffenhet,
1751 2125 47 29 att

216 2151 165 36 allmänna
403 2155 115 40 lagens
548 2157 380 35 ansvarsbestämmelser
950 2162 109 33 kunna
1078 2165 119 40 jemväl
1221 2168 78 32 derå
1322 2168 171 42 tillämpas.
1536 2170 262 35 Föreskrifterna

214 2202 9 30 i
248 2204 17 29 9
289 2204 16 41 $
329 2205 35 31 af
385 2207 318 43 ansvarighetslagen
728 2210 96 33 hafva
846 2211 185 42 lämpligast
1056 2216 47 31 sin
1127 2218 84 40 plats
1234 2219 10 31 i
1268 2219 53 31 det
1345 2220 160 32 särskilda
1520 2222 212 40 reglementet
1747 2225 50 31 för

215 2254 345 42 Riksgälds-kontoret,
586 2260 55 32 der
664 2262 37 31 de
726 2262 98 33 också
848 2265 98 31 redan
971 2267 190 41 återfinnas;
1186 2270 174 40 hvarjemte
1384 2272 247 34 öfverträdelser
1655 2276 34 30 af
1699 2276 96 33 dessa
