2177 2674
674 212 317 30 Jordbruksutskottets
1020 212 153 30 Utlåtande
1196 213 47 29 Nr
1265 213 74 32 117.
1789 212 40 31 21

914 592 84 50 Nr
1027 595 96 48 117.

829 727 108 26 Ankom
954 728 42 25 till
1013 728 161 34 Riksdagens
1192 728 84 26 kansli
1293 728 51 26 den
1362 729 32 26 27
1412 729 50 34 maj
1483 729 66 27 1910
1566 729 35 26 kl.
1620 730 14 26 1
1654 738 21 17 e.
1693 738 35 17 m.

429 832 191 37 Utlåtande
658 833 15 36 i
712 832 197 49 anledning
948 833 47 50 af
1021 834 135 49 Kungl.
1184 834 128 49 Maj:ts
1336 835 221 48 proposition
1585 836 80 36 med
1683 835 145 49 förslag

621 900 56 37 till
713 900 59 48 lag
799 901 185 48 angående
1011 903 147 36 ändrad
1185 903 129 47 lydelse
1340 903 47 48 af
1410 903 23 37 8&
1459 902 27 45 $
1512 903 14 36 i
1552 904 103 48 lagen
1684 917 57 22 om
1769 917 58 23 en-

622 968 119 37 skilda
769 973 115 44 vägar
908 969 54 49 på
986 970 121 37 landet
1136 972 66 35 den
1228 971 27 37 5
1273 971 76 48 juli
1374 971 109 37 1907.

1521 1036 74 50 (2:a
1621 1039 104 45 Afd.)

318 1188 17 36 I
363 1201 45 23 en
446 1188 71 36 den
547 1191 22 33 4
597 1190 94 47 april
722 1190 96 36 1910
845 1190 59 35 till
930 1189 210 50 Riksdagen
1167 1191 146 44 aflåten,
1342 1191 58 35 till
1424 1191 402 48 jordbruksutskottets

218 1238 268 37 förberedande
526 1239 227 50 behandling
793 1239 254 37 öfverlämnad
1085 1242 233 48 proposition
1357 1239 61 47 (nr
1460 1240 87 47 164)
1588 1243 65 36 har
1689 1243 136 49 Kungl.

217 1290 115 47 Maj:t,
360 1290 119 36 under
505 1290 233 49 åberopande
765 1290 40 36 af
828 1293 278 47 propositionen
1133 1292 142 48 bilagdt
1302 1292 134 49 utdrag
1463 1293 39 36 af
1526 1293 302 49 statsrådsproto-

218 1342 115 35 kollet
372 1340 102 37 öfver
510 1341 365 47 jordbruksärenden
913 1342 59 36 för
1011 1343 161 36 nämnda
1207 1343 83 49 dag,
1318 1343 192 50 föreslagit
1536 1344 210 49 Riksdagen
1773 1350 55 31 att

219 1397 135 43 antaga
380 1391 166 49 följande

899 1491 250 62 Förslag

991 1598 58 34 till

948 1685 164 52 LAG

216 1776 206 49 angående
450 1778 153 38 ändrad
629 1781 157 45 lydelse
813 1781 46 36 af
882 1781 23 35 8
933 1779 25 49 $
984 1782 17 35 i
1027 1782 122 45 lagen
1177 1792 63 26 om
1268 1781 184 39 enskilda
1471 1781 128 47 vägar
1616 1780 52 49 på
1686 1782 140 40 landet

850 1841 76 36 den
952 1840 24 36 5
1000 1840 86 46 juli
1112 1841 111 37 1907.

317 1992 228 48 Härigenom
586 1991 205 46 förordnas,
832 1998 53 31 att
922 1995 20 34 8
979 1990 19 49 $
1028 1995 13 34 i
1073 1995 108 47 lagen
1209 2007 59 23 om
1296 1995 167 36 enskilda
1488 2003 112 41 vägar
1627 1999 46 45 på
1699 1996 127 37 landet

218 2042 71 37 den
317 2045 20 33 5
362 2044 74 46 juli
465 2044 95 35 1907
590 2044 92 35 skall
709 2044 139 36 erhålla
875 2043 162 49 följande
1064 2045 162 36 ändrade
1252 2046 156 49 lydelse:

316 2127 16 36 I
361 2126 172 37 afseende
573 2131 8 32 å
632 2147 21 4 —
695 2147 37 5 —
769 2147 39 5 —
846 2147 37 4 —
916 2148 34 4 —
988 2148 42 4 —
1061 2130 89 35 eller
1177 2136 119 42 ägare.

317 2178 209 48 Fastighets
553 2179 270 48 vägunderhåll
871 2198 26 5 —
932 2198 34 6 —
1001 2198 41 7 —
1077 2199 45 5 —
1143 2199 49 5 —
1210 2182 120 47 åligge
1357 2181 308 49 vägunderhållet
1692 2182 132 37 denne.

319 2229 24 36 I
373 2229 119 48 fråga
537 2242 56 24 om
638 2230 228 48 ansvarighet
900 2230 66 49 för
1005 2231 221 48 prästgårds
1266 2232 163 37 enskilda
1470 2237 68 44 väg
1577 2238 43 32 är
1658 2234 172 36 särskildt

217 2280 181 48 stadgadt.
