1866 2778
267 144 42 30 34
658 146 254 30 Statsutskottets
936 150 160 28 utlåtande
1119 160 40 19 nr
1181 153 16 27 5
1220 153 36 27 år
1278 154 76 28 1955

323 222 13 29 I
370 222 230 33 förevarande
633 228 258 40 sammanhang
921 230 67 29 har
1019 231 172 30 utskottet
1224 233 51 30 till
1297 234 216 43 behandling
1535 237 154 31 förehaft
1712 247 43 21 en

269 274 96 31 inom
385 277 112 30 andra
517 277 207 32 kammaren
744 289 42 21 av
805 281 83 30 herr
908 282 202 32 Andersson
1131 286 11 29 i
1163 286 186 31 Brämhult
1369 297 47 21 m.
1436 289 40 40 fl.
1498 290 103 30 väckt
1621 292 135 30 motion

273 328 62 33 (II:
351 328 97 36 402),
472 330 12 30 i
509 331 117 30 vilken
651 333 67 29 har
741 334 209 36 hemställts,
976 339 52 28 att
1053 338 189 40 riksdagen
1267 341 111 30 måtte
1400 342 131 40 bevilja
1557 346 49 28 ett
1632 345 122 39 anslag

268 389 57 21 om
338 391 46 20 en
401 383 127 40 miljon
544 385 129 30 kronor
689 388 53 28 att
757 389 182 30 användas
957 390 11 29 i
985 391 152 39 enlighet
1154 394 80 29 med
1250 395 67 29 vad
1334 395 11 29 i
1362 395 182 31 motionen
1561 397 148 31 anförts.

321 435 230 32 Beträffande
567 439 252 40 motiveringen
839 442 55 29 för
913 444 154 30 nämnda
1085 445 159 38 yrkande
1262 447 166 31 hänvisas
1448 449 52 30 till
1519 450 190 30 motionen.

322 541 177 31 Utskottet
523 544 94 29 delar
642 546 405 39 departementschefens
1073 551 227 40 uppfattning
1325 554 51 29 att
1401 554 115 39 någon
1539 565 98 21 mera
1660 557 96 40 bety-

266 593 113 31 dande
403 595 241 42 förstärkning
667 608 43 20 av
732 600 190 39 styrelsens
943 604 162 37 personal
1129 604 56 30 för
1207 605 365 42 lokaliseringsfrågor
1594 609 77 30 icke
1691 610 63 30 bör

265 647 186 40 företagas,
471 650 108 29 innan
594 652 222 38 spörsmålen
833 663 58 20 om
906 655 437 42 lokaliseringspolitikens
1361 661 114 29 medel
1492 662 65 29 och
1575 662 178 31 formerna

266 699 55 30 för
354 701 82 30 dess
470 702 212 32 bedrivande
708 705 110 39 gjorts
844 707 53 30 till
923 707 147 32 föremål
1095 709 55 30 för
1175 712 201 39 ytterligare
1401 714 276 40 överväganden.
1702 716 52 30 Av

260 761 142 23 samma
438 755 75 30 skäl
548 757 39 29 är
618 758 174 31 utskottet
826 759 77 30 icke
937 761 111 30 berett
1070 764 54 28 att
1144 763 180 40 tillstyrka
1348 765 167 41 förslaget
1538 768 11 29 i
1573 768 180 31 motionen

265 805 45 31 II:
326 806 63 31 402
414 816 58 21 om
496 810 48 28 ett
568 810 142 30 särskilt
735 812 121 40 anslag
880 813 11 29 i
915 814 94 39 syfte
1029 816 53 29 att
1107 823 124 32 genom
1257 818 213 41 statsbidrag
1492 820 184 32 stimulera
1699 824 54 28 ut-

265 859 168 41 flyttning
459 871 42 20 av
526 863 289 41 industriföretag
839 866 56 30 till
919 863 251 49 landsbygden.

318 922 414 39 Departementschefens
753 927 132 40 förslag
906 937 57 21 om
982 931 205 39 avveckling
1205 941 45 20 av
1268 933 484 34 överrevisorsinstitutionen

264 974 55 29 för
341 975 433 34 arbetsmarknadsverket
796 980 66 30 har
884 982 90 29 mött
993 983 73 30 viss
1088 984 128 30 tvekan
1239 986 96 29 inom
1359 987 181 36 utskottet,
1562 998 78 20 som
1664 990 88 30 dock

264 1029 142 29 stannat
426 1029 55 30 för
499 1032 52 28 att
570 1031 76 30 icke
668 1034 165 29 motsätta
855 1034 51 40 sig
928 1035 175 40 förslaget.

318 1090 53 30 Då
398 1091 404 40 departementschefens
830 1096 133 40 förslag
990 1097 10 30 i
1028 1099 111 39 övrigt
1166 1100 76 29 icke
1271 1101 84 39 givit
1382 1103 191 40 anledning
1597 1104 55 30 till
1680 1106 72 29 sär-

263 1142 82 30 skilt
366 1145 192 35 uttalande,
581 1146 204 31 hemställer
804 1149 183 36 utskottet,

570 1209 23 28 I.
620 1210 51 28 att
691 1210 179 30 motionen
892 1211 46 30 II:
954 1211 62 31 402
1037 1213 76 30 icke
1133 1214 60 30 må
1213 1224 42 21 av
1275 1215 189 41 riksdagen
1483 1217 157 37 bifallas;

571 1270 40 30 II.
637 1272 51 28 att
712 1272 189 40 riksdagen
925 1274 59 30 må

570 1331 37 34 a)
635 1332 211 42 bemyndiga
867 1335 126 40 Kungl.
1015 1337 106 39 Maj:t
1142 1340 50 27 att
1210 1338 141 41 vidtaga
1372 1340 41 30 de
1434 1341 190 40 ändringar
1643 1342 12 30 i
1674 1351 77 32 per-

526 1386 369 41 sonalförteckningen
918 1389 55 31 för
993 1390 505 42 arbetsmarknadsstyrelsens
1520 1393 229 47 permanenta

527 1440 247 38 organisation,
798 1451 80 20 som
913 1443 197 31 föranledes
1145 1454 45 20 av
1224 1447 67 29 vad
1324 1447 426 40 departementschefen
1729 1436 25 55 i

527 1493 384 41 statsrådsprotokollet
928 1497 81 29 över
1028 1497 263 32 socialärenden
1308 1499 55 30 för
1378 1501 70 29 den
1466 1500 20 30 4
1503 1501 141 40 januari
1665 1503 84 31 1955

524 1544 173 37 förordat;

568 1607 38 34 b)
636 1608 187 39 godkänna
862 1610 158 40 följande
1058 1613 254 40 avlöningsstat
1338 1614 58 30 för
1423 1615 326 33 arbetsmarknads-

526 1662 188 37 styrelsens
737 1665 230 37 permanenta
989 1665 248 39 organisation,
1260 1669 52 28 att
1335 1668 179 41 tillämpas
1536 1670 71 30 tills
1629 1671 119 31 vidare

526 1714 41 30 fr.
588 1723 29 22 o.
638 1725 45 20 m.
701 1716 208 40 budgetåret
930 1718 155 31 1955/56:

1003 1808 265 40 Avlöningsstat

526 1866 28 29 1.
579 1866 213 40 Avlöningar
810 1868 53 30 till
882 1869 175 31 ordinarie
1075 1870 227 40 tjänstemän,
1319 1873 206 40 förslagsvis
1552 1874 94 30 1345
1661 1875 65 30 000

524 1919 30 30 2.
579 1919 162 31 Arvoden
753 1922 67 29 och
836 1923 175 30 särskilda
1026 1925 245 39 ersättningar,
1286 1925 183 32 bestämda
1482 1936 45 21 av

578 1973 126 40 Kungl.
725 1975 115 39 Maj:t,
860 1976 205 40 förslagsvis
1088 2001 435 8 sssmsmsssesrsrrrrrererrrrerr
1500 1969 27 52 ra
1607 1981 40 30 60
1661 1982 66 30 000

524 2026 28 30 3.
578 2027 214 40 Avlöningar
814 2029 53 30 till
889 2030 96 40 övrig
1007 2031 269 31 icke-ordinarie
1298 2034 163 38 personal
1487 2057 36 6 ...
1550 2034 19 30 2
1583 2034 64 31 250
1661 2035 65 31 500

523 2080 30 30 4.
577 2081 247 40 Ersättningar
848 2083 53 30 till
926 2085 156 38 experter
1107 2086 65 29 och
1195 2086 236 40 sakkunniga,
1455 2087 71 40 för-

576 2134 147 39 SÅAGSVÅS
743 2130 20 50 oo
778 2159 744 11 mererserrsererrererrrrrrrrrrrrrrrrr
1265 2130 29 50 rr
1309 2130 26 50 rr
1337 2130 26 50 rr
1368 2130 70 50 reser
1440 2130 48 50 rss
1500 2130 26 50 sa
1607 2142 39 30 17
1661 2142 64 30 000

524 2187 29 30 5.
579 2188 133 40 Rörligt
744 2189 129 40 tillägg,
905 2191 203 40 förslaägsvis
1133 2216 390 8 ssmsmsssssrsrsrerrsrerr
1472 2183 56 52 erna
1585 2196 63 30 554
1662 2196 64 30 500

1229 2256 144 30 Summa
1398 2257 131 29 kronor
1554 2257 19 30 4
1587 2258 62 30 227
1664 2258 79 35 000;

566 2348 34 34 c)
630 2349 53 30 till
702 2349 511 42 Arbetsmarknadsstyrelsen:
1233 2353 215 41 Avlöningar
1468 2354 54 30 för
1542 2355 205 40 budgetåret

525 2401 140 32 1955/56
688 2403 120 31 anvisa
830 2405 48 29 ett
897 2404 277 41 förslagsanslag
1195 2415 43 21 av
1256 2406 20 30 4
1290 2407 62 30 227
1368 2407 63 30 000
1453 2408 140 30 kronor.
