2224 2638
676 158 399 33 Konstitutionsutskottets
1099 156 162 33 utlåtande
1285 157 52 31 Nr
1360 159 29 29 9.
1775 157 11 29 1

971 558 59 39 Nr
1056 558 38 40 9.

795 714 112 27 Ankom
926 714 42 27 till
988 713 166 36 riksdagens
1174 713 93 27 kansli
1286 713 53 27 den
1360 713 32 27 19
1410 722 76 17 mars
1507 713 68 27 1915
1592 712 38 27 kl.
1649 713 16 26 4
1684 722 24 17 e.
1728 722 35 17 m.

429 856 455 35 Konstitutionsutskottets
925 855 187 35 utlåtande
1140 855 13 34 i
1182 854 196 44 anledning
1419 866 45 23 av
1502 854 126 35 väckta
1657 855 175 34 motioner

630 935 55 24 om
714 923 76 36 dels
817 924 168 35 skrivelse
1013 923 55 34 till
1096 923 135 44 Kungl.
1263 923 113 43 Maj:t
1398 923 182 44 angående
1598 922 235 45 medgivande

630 1005 44 22 av
701 995 75 32 rätt
798 992 67 43 för
892 993 165 34 kommun
1085 995 54 32 att
1168 991 219 36 tillerkänna
1414 991 221 35 innehavare
1663 1002 44 23 av
1732 991 97 34 kom-

631 1061 143 36 munalt
808 1060 380 46 förtroendeuppdrag
1222 1061 197 44 ersättning
1439 1059 67 44 för
1533 1060 134 35 mistad
1695 1059 136 36 arbets-

630 1131 178 44 förtjänst
836 1142 45 23 m.
910 1142 58 31 m.,
997 1130 74 36 dels
1093 1130 170 36 skrivelse
1283 1129 54 36 till
1355 1129 137 46 Kungl.
1514 1130 113 43 Maj:t
1647 1128 186 44 angående

629 1201 175 44 utvidgad
846 1199 209 45 befogenhet
1091 1200 67 43 för
1200 1199 275 36 landskommun
1517 1202 52 31 att
1610 1197 137 36 besluta
1776 1208 55 23 om

631 1270 199 43 ersättning
853 1268 68 43 för
948 1268 195 43 utförande
1172 1279 44 23 av
1245 1266 228 36 kommunala
1504 1266 179 45 uppdrag.

430 1423 220 27 Närvarande:
676 1421 96 27 herrar
799 1421 86 31 Edén,
910 1420 111 31 Clason,
1040 1419 143 35 Hellberg,
1203 1418 171 32 Bellinder”,
1396 1418 31 27 K.
1446 1419 26 26 J.
1491 1418 119 32 Ekman,
1629 1417 203 34 Mannheimer,

628 1465 119 36 Kjellén,
775 1474 55 17 von
857 1463 133 32 Mentzer,
1018 1472 54 17 von
1101 1462 84 32 Bahr,
1208 1472 56 17 von
1295 1462 192 36 Zweigbergk,
1512 1461 142 32 Klefbeck,
1682 1456 114 41 Larsson
1813 1462 19 26 i

628 1509 144 30 Västerås,
798 1508 61 31 Räf,
879 1506 204 32 Hildebrand”,
1102 1506 103 36 Kropp,
1229 1507 108 26 Janson
1355 1507 10 25 i
1383 1506 112 31 Bråten,
1520 1505 107 32 Sterne,
1648 1505 184 31 Hallendorff,

628 1553 136 26 Karlsson
784 1553 8 25 i
812 1551 47 27 Mo
878 1551 53 27 och
949 1550 155 36 Tengdahl.

361 1642 13 13 +
392 1642 31 30 Ej
443 1641 173 24 närvarande
635 1641 48 24 vid
702 1640 173 24 utlåtandets
893 1639 143 32 justering.

358 1780 73 37 Till
481 1779 458 38 konstitutionsutskottet
989 1778 98 35 hava
1134 1777 198 36 hänvisats
1378 1778 74 35 dels
1498 1776 45 37 de
1588 1775 243 49 likalydande

229 1833 238 37 motionerna
494 1846 45 22 nar
568 1833 47 35 53
643 1832 13 35 i
685 1830 119 37 första
831 1830 217 36 kammaren
1077 1843 47 22 av
1151 1829 129 36 herrar
1311 1830 165 36 Gerhard
1504 1830 228 43 Magnusson
1760 1828 70 35 och

228 1885 180 44 Klefbeck
449 1884 71 36 och
562 1897 45 23 nr
636 1884 46 35 65
712 1883 12 35 i
754 1882 116 36 andra
909 1882 219 36 kammaren
1165 1894 47 23 av
1240 1881 131 36 herrar
1400 1881 196 45 Tengdahl,
1629 1880 104 35 Strid
1760 1879 70 36 och

229 1938 192 35 Anderson
448 1936 12 36 i
488 1935 175 48 Råstock,
692 1936 75 35 dels
795 1936 61 35 ock
885 1933 194 37 motionen
1106 1933 13 36 i
1147 1933 117 36 andra
1292 1932 219 36 kammaren
1539 1945 46 23 nr
1609 1933 47 34 39
1678 1945 47 22 av
1744 1931 88 36 herr

233 1984 131 50 Öberg;
399 1988 71 37 och
498 1988 67 36 har
592 1987 186 36 utskottet
806 1986 166 36 förehaft
999 1984 236 37 motionerna
1263 1984 56 37 till
1346 1984 235 48 behandling
1607 1983 11 36 i
1648 1989 54 30 ett
1731 1996 98 23 sam-

229 2040 206 48 manhang.

358 2143 18 36 I
405 2143 262 36 förstnämnda
696 2142 187 36 motioner
911 2141 228 47 hemställes,
1169 2145 55 31 att
1252 2140 205 48 riksdagen
1482 2142 116 34 måtte
1617 2139 12 36 i
1649 2138 182 37 skrivelse
1848 2148 208 24 Motionerna
2026 2134 35 60 I:

230 2195 58 36 till
316 2195 143 49 Kungl.
486 2195 109 49 Maj:t
614 2194 150 36 anhålla
782 2205 82 24 »om
883 2192 247 37 utarbetande
1149 2192 71 37 och
1241 2191 289 49 framläggande
1549 2191 59 36 för
1626 2189 205 49 riksdagen

231 2260 46 23 av
303 2247 141 49 tillägg
484 2247 57 36 till
581 2244 542 49 kommunalförordningarna
1165 2258 46 22 av
1252 2243 195 47 innebörd,
1477 2248 55 31 att
1559 2243 272 36 kommunerna

318 2307 128 42 Bihang
469 2307 49 32 till
540 2307 187 42 riksdagens
744 2305 158 42 protokoll
926 2306 93 32 1915.
1066 2307 19 30 5
1110 2304 89 32 saml.
1245 2304 22 32 8
1289 2303 79 41 höft.
1413 2272 68 73 (Nr
1504 2304 43 37 9.)
1771 2302 14 30 1

1850 2183 33 23 53
1898 2184 46 23 och
1956 2183 44 23 II:
2014 2183 41 23 65.
