2225 2687
441 165 18 32 4
893 165 273 33 Bankoutskottets
1189 164 160 33 utlåtande
1372 164 49 31 Nr
1443 164 51 32 359.

397 246 95 37 dock
519 246 169 37 lämnadt
716 251 114 46 öppet
858 250 66 44 att,
954 246 46 36 då
1028 246 133 37 sådant
1188 245 153 51 pröfvas
1369 244 129 38 kunna
1525 245 65 37 ske
1618 249 92 33 utan
1738 245 214 50 olägenhet,
1978 247 11 37 i

396 298 185 39 särskilda
609 299 65 38 fall
702 299 192 50 medgifva
921 298 243 50 utbetalning
1192 303 91 32 utan
1312 298 179 37 afvaktan
1518 301 49 48 på
1598 298 391 51 uppsägningstidens

395 356 158 47 utgång.
609 353 220 50 Insättning
857 356 20 34 å
905 352 175 49 räkning,
1110 352 157 37 hvarom
1296 352 114 37 ofvan
1439 356 101 45 sägs,
1566 351 204 45 antecknas
1790 352 12 36 i
1822 353 166 49 motbok,

395 419 80 25 som
504 407 188 37 utlämnas
720 407 57 36 till
809 406 380 50 räkningshafvaren.
1244 405 57 37 Då
1328 404 121 38 medel
1478 407 20 35 å
1526 405 118 37 sådan
1671 404 164 52 räkning
1861 407 126 49 lyftas,

394 459 96 37 skall
520 460 232 49 anteckning
780 460 127 37 därom
937 464 113 44 göras
1078 460 12 35 i
1118 458 215 38 motboken.

523 513 83 36 Har
645 514 140 35 motbok
821 514 215 45 förkommit,
1066 513 61 35 bör
1154 513 78 42 den,
1263 524 73 24 som
1365 512 152 43 förlorat
1544 512 194 47 motboken,
1768 513 132 35 sådant
1929 513 60 36 hos

393 566 155 46 bolagets
575 566 149 47 styrelse
752 566 261 47 ofördröjligen
1042 564 145 37 anmäla
1216 565 63 36 och
1308 565 128 36 därvid
1465 565 177 46 uppgifva
1672 565 53 36 tid
1748 565 64 36 och
1836 569 152 34 omstän-

393 620 171 46 digheter,
594 621 116 34 under
738 620 122 35 hvilka
889 620 175 42 förlusten
1085 619 112 34 timat.
1240 618 185 45 Styrelsen
1443 618 93 35 skall
1556 618 46 34 då
1617 629 128 33 genom
1766 619 220 44 kungörelse,

392 671 145 38 hvilken
560 673 53 45 på
642 673 192 35 bekostnad
862 674 44 42 af
929 673 79 43 den,
1037 682 74 25 som
1139 671 153 43 förlorat
1320 671 192 46 motboken,
1541 671 135 42 införes
1705 681 43 25 en
1769 671 96 45 gång
1886 672 13 35 i
1919 672 67 35 all-

390 731 134 29 männa
554 726 237 44 tidningarna
821 726 62 35 och
912 729 50 32 tre
987 725 135 47 gånger
1149 725 12 33 i
1191 724 156 44 tidning,
1377 734 74 24 som
1480 724 13 33 i
1521 726 100 32 orten
1644 723 207 48 utkommer,
1877 724 109 43 efter-

392 777 76 46 lysa
496 777 193 36 motboken.
745 778 135 36 Därest
908 778 117 35 denna
1053 776 75 36 icke
1156 776 94 36 inom
1279 787 61 25 sex
1358 775 181 47 månader,
1560 776 89 42 efter
1667 776 58 36 det
1743 775 115 36 sådan
1877 778 107 41 efter-

390 830 146 46 lysning
575 831 87 35 sista
699 832 144 44 gången
876 834 60 42 ägt
964 841 91 32 rum,
1087 829 312 43 tillrättakommit,
1429 833 42 30 är
1498 829 78 43 den,
1605 830 58 41 för
1692 829 107 35 hvars
1827 830 157 44 räkning

391 884 236 44 efterlysning
669 884 101 40 skett,
815 884 201 44 berättigad
1050 884 52 32 att
1131 885 71 32 mot
1231 882 110 34 kvitto
1370 881 221 35 utbekomma
1620 881 78 36 hela
1727 882 63 34 sitt
1819 881 165 46 tillgodo-

390 936 201 43 hafvande;
623 936 63 43 och
714 942 83 40 äger
825 937 89 42 efter
941 936 158 36 medlens
1122 934 224 45 utbetalning
1375 934 183 35 motboken
1586 934 76 36 icke
1687 934 172 45 gällande
1887 935 97 43 kraft

387 992 71 32 mot
487 988 148 46 bolaget.

519 1146 129 38 Denna
677 1147 63 50 lag
768 1147 126 37 träder
921 1146 12 36 i
963 1147 100 37 kraft
1090 1145 232 39 omedelbart
1351 1145 94 37 efter
1472 1145 253 37 utfärdandet.

517 1252 239 38 Beträffande
800 1253 72 36 den
910 1253 12 36 i
950 1252 154 38 ärendet
1132 1252 217 48 förebragta
1377 1251 263 49 utredningen,
1671 1251 138 37 tillåter
1837 1252 61 48 sig
1925 1257 57 31 ut-

388 1304 143 38 skottet
558 1304 159 38 hänvisa
745 1305 57 37 till
829 1305 295 50 propositionen.

516 1358 52 37 Af
606 1358 156 37 berörda
802 1358 207 49 utredning
1050 1357 178 50 framgår,
1272 1363 54 31 att
1366 1357 292 49 ifrågavarande
1700 1357 281 50 framställning

388 1412 98 35 alser
528 1416 65 42 att,
623 1411 11 35 i
667 1410 391 38 öfverensstämmelse
1086 1411 85 36 med
1200 1409 285 38 föreskrifterna
1512 1409 12 36 1
1552 1409 174 49 gällande
1754 1410 226 50 sparbanks-

386 1464 75 49 lag,
502 1464 9 35 i
539 1464 136 48 lagen
720 1477 59 22 om
822 1463 243 37 bankrörelse
1110 1463 122 36 införa
1278 1462 266 37 motsvarande
1591 1461 282 39 bestämmelser
1919 1477 60 24 om

386 1516 173 36 dödande
588 1516 41 36 af
652 1516 166 48 motbok,
848 1516 174 36 utfärdad
1049 1515 63 37 vid
1141 1514 212 49 insättning
1382 1517 20 34 å
1430 1514 376 50 sparkasseräkning.

515 1568 195 37 Utskottet
751 1569 68 36 har
859 1568 81 37 icke
982 1568 127 37 funnit
1150 1571 118 45 något
1310 1573 55 31 att
1406 1567 122 36 erinra
1569 1572 80 31 mot
1685 1567 140 49 Kungl.
1856 1568 124 50 Maj:ts

384 1620 289 50 ifrågavarande
703 1621 143 50 förslag
874 1620 70 37 och
972 1620 216 38 hemställer
1215 1620 111 49 förty,

913 1733 52 31 att
993 1727 142 49 Kungl.
1164 1726 126 49 Maj:ts
1318 1725 245 37 förevarande
1582 1726 235 49 proposition
1838 1740 44 22 ur
1904 1728 71 35 169

783 1783 60 33 må
870 1780 114 37 vinna
1011 1779 238 49 Riksdagens
1278 1778 113 37 bifall.

513 1884 217 37 Stockholm
760 1885 71 37 den
863 1887 45 35 10
939 1885 71 49 maj
1044 1886 109 34 1912.

878 1990 52 37 På
958 1988 332 39 bankoutskottets
1319 1994 159 44 vägnar:

932 2098 27 35 I.
989 2104 73 29 VON
1091 2095 329 37 STAPELMOHR.

579 2375 239 33 STOCKHOLM,
837 2376 109 25 ISAAC
965 2360 159 43 MARCUS'
1144 2359 531 49 BOKTRYCKERI-AKTIEBOLAG,
1696 2360 76 43 1912,
