2231 2733
511 147 18 31 6
966 144 87 43 Lag-
1064 144 159 32 Utskottets
1258 143 161 31 Utlåtande
1448 141 61 33 N:o
1539 140 55 33 2S.

458 242 47 26 ter
545 235 97 32 likväl
671 240 44 26 ett
742 239 98 26 annat
868 232 124 39 hinder,
1021 243 67 21 som
1117 237 35 26 är
1179 233 127 30 svårare
1334 236 45 25 att
1407 229 214 42 undanrödja,
1650 229 159 43 nemligen
1838 228 60 33 den
1927 228 10 31 i
1965 228 73 32 lan-

459 289 54 32 det
541 287 142 33 rådande
711 286 218 44 prestbristen.

592 340 168 32 Utskottet
787 340 48 30 får
864 339 126 30 derföre
1018 338 163 31 vördsamt
1208 336 177 38 hemställa,

854 397 44 25 att
927 390 211 33 omförmälda
1167 389 120 33 motion
1316 388 71 33 icke
1416 390 51 29 må
1494 386 46 33 till
1569 389 105 40 någon
1709 385 115 44 åtgärd
1854 387 18 29 å
1899 384 140 32 Riksda-

852 455 79 31 gens
961 443 70 31 sida
1059 442 176 32 föranleda.

592 532 189 34 Stockholm
811 532 60 31 den
902 532 18 32 3
952 530 95 44 April
1079 530 105 32 1868.

1038 685 48 33 På
1116 683 179 34 Utskottets
1324 690 136 37 vägnar:

1133 767 76 38 Eric
1235 768 139 49 Sparre.

1155 1198 88 39 N:o
1272 1197 85 41 28.

1079 1387 76 29 Anuk.
1178 1386 46 29 till
1246 1386 102 29 Riksd.
1371 1384 103 30 Kansli
1498 1385 26 28 d.
1550 1387 15 25 3
1590 1383 85 38 April
1701 1384 91 33 1868,
1815 1382 38 28 kl.
1881 1384 16 25 6
1923 1391 22 18 e.
1970 1391 36 18 m.

663 1533 197 43 Utlåtande,
900 1533 17 35 i
954 1532 189 48 anledning
1183 1532 45 49 af
1264 1530 127 36 väckta
1430 1529 166 37 motioner
1637 1540 56 23 om
1733 1525 235 50 upphörande
2010 1526 46 49 af

854 1585 179 36 klockares
1061 1581 430 52 brefbäringsskyldighet.

587 1693 57 32 Uti
684 1693 167 38 särskilda,
880 1693 87 30 inom
1012 1691 114 32 Andra
1166 1691 198 31 Kammaren
1407 1690 113 32 väckta
1562 1689 157 32 motioner
1761 1686 86 44 (N:is
1893 1687 67 30 171
1993 1685 59 32 och

466 1742 95 44 190),
590 1744 109 32 hvilka
727 1744 107 32 blifvit
861 1744 45 31 till
936 1743 273 43 Lag-Utskottets
1239 1742 198 42 behandling
1466 1741 248 37 öfverlemnade,
1743 1739 95 31 hafva
1866 1738 123 31 Herrar
2012 1736 41 31 A.

471 1797 44 30 W.
567 1796 139 43 Wigardt
746 1797 59 31 och
844 1796 160 31 Johannes
1044 1795 181 31 Andersson
1265 1795 105 41 yrkat,
1413 1800 45 24 att
1499 1793 193 42 stadgandet
1733 1792 10 30 i
1773 1791 43 31 24
1847 1789 86 42 Kap.
1964 1789 88 40 32
2033 1785 22 58 $

461 1849 211 42 Kyrkolagen
702 1849 166 41 angående
897 1848 166 32 klockares
1092 1846 389 42 brefbäringsskyldighet
1509 1847 96 29 måtte
1634 1844 100 31 varda
1761 1842 170 43 upphäfdt.

589 1901 17 31 I
635 1901 148 30 afseende
812 1902 40 40 på
879 1900 168 31 klockares
1077 1898 221 43 skyldigheter
1324 1897 176 31 innehåller
1528 1896 181 42 åberopade
1730 1896 203 41 lagrummet,
1956 1892 98 32 bland

462 1958 113 26 annat:
605 1952 94 32 "Han
729 1952 80 31 skall
839 1952 60 31 ock
928 1951 75 31 bära
1032 1951 158 42 kapitlets,
1219 1957 145 35 prostens
1393 1950 58 30 och
1481 1948 242 42 kyrkoherdens
1753 1947 69 30 bref
1843 1946 45 30 till
1911 1950 141 38 prosten,

464 2010 57 26 när
550 2005 39 30 de
618 2004 116 31 honom
766 2004 298 36 tillhandakomma,
1095 2003 44 30 till
1170 2008 90 25 nästa
1288 2001 162 38 klockare,
1479 2001 59 31 och
1568 2000 55 31 der
1651 1999 114 31 sådant
1786 1999 202 37 försummas,
2008 1996 48 31 till

464 2056 134 37 skadan,
628 2068 66 19 som
725 2056 91 31 deraf
844 2056 102 37 timar,
976 2056 124 30 svara."

590 2108 77 31 Med
706 2108 125 31 erinran
862 2115 44 23 att
935 2106 273 42 framställningar
1236 2106 9 30 i
1274 2105 169 31 enahanda
1471 2104 82 42 syfte
1581 2103 107 32 blifvit
1715 2102 116 43 gjorda
1859 2101 54 31 vid
1942 2100 39 31 de
2010 2106 47 25 tre

462 2160 212 32 sistförflutna
701 2160 219 42 riksdagarne,
956 2159 55 30 har
1039 2158 85 31 Herr
1152 2157 153 42 Wigardt
1333 2169 43 19 nu
1405 2156 152 42 åberopat
1586 2156 38 30 de
1653 2155 79 38 skäl,
1761 2154 108 31 hvilka
1896 2153 160 31 tillförene

465 2212 107 31 blifvit
599 2212 138 30 anförda
764 2212 46 30 till
841 2212 70 30 stöd
940 2211 49 31 för
1017 2210 220 42 ifrågaställda
1266 2210 170 30 reformen.
1490 2209 51 30 En
1571 2207 204 42 redogörelse
1804 2207 48 30 för
1872 2205 94 31 dessa
1988 2204 68 31 skäl

463 2270 35 26 är
525 2264 122 31 således
670 2263 161 43 påkallad.
879 2262 44 33 Så
944 2263 54 30 har
1013 2262 106 31 blifvit
1139 2261 139 38 anfördt,
1308 2267 44 24 att
1370 2260 213 32 omförmälda
1600 2258 179 44 stadgande
1795 2257 163 31 sannolikt
1977 2256 81 30 varit

462 2317 50 31 för
541 2317 47 31 sin
620 2316 46 30 tid
697 2315 81 32 både
807 2315 280 41 ändamålsenligt,
1117 2314 31 30 af
1169 2313 149 32 behofvet
1335 2312 161 43 påkalladt
1515 2311 59 32 och
1594 2311 55 31 lätt
1667 2309 236 34 verkställbart.
1944 2308 112 31 Isam-
