1891 2835
253 147 41 31 34
590 145 313 29 Bankoutskottets
928 143 178 31 utlåtande
1128 153 43 20 nr
1192 144 42 30 33
1256 143 39 30 år
1319 143 83 31 1967

573 227 49 29 att
646 225 96 31 vidta
765 226 161 39 åtgärder
951 226 55 29 för
1030 224 199 31 inrättande
1254 234 42 21 av
1320 234 42 20 en
1388 224 146 30 stiftelse
1560 224 54 30 för
1638 223 101 31 indu-

573 280 108 31 striell
706 280 184 40 forskning
914 281 64 29 och
1003 279 213 30 industriellt
1241 279 334 39 utvecklingsarbete
1599 279 11 29 i
1634 278 105 40 enlig-

572 335 57 30 het
653 335 77 30 med
754 335 66 30 vad
843 334 169 30 utskottet
1034 343 89 21 ovan
1146 333 154 35 anfört;»

254 427 30 29 9.
311 426 56 30 vid
389 426 187 30 utskottets
599 425 209 31 hemställan
832 424 110 30 under
962 425 40 29 K.

299 499 36 33 a)
365 508 42 20 av
421 499 122 29 herrar
558 498 179 30 Åkerlund
759 498 70 35 (h),
847 498 178 29 Enarsson
1048 497 56 34 (h)
1125 497 65 29 och
1205 496 143 39 Regnéll
1370 496 70 34 (h),
1458 495 92 30 vilka
1568 496 113 29 ansett

299 553 73 30 dels
394 554 50 29 att
465 553 57 32 det
545 553 118 39 stycke
686 553 9 29 i
720 552 186 30 utskottets
928 551 163 40 yttrande
1114 560 74 20 som
1209 550 120 40 börjar
1351 549 45 40 på
1419 558 25 22 s.
1467 549 40 30 23
1531 548 80 31 med
1633 548 106 31 orden

258 607 195 30 »Utskottet
473 608 65 29 har
557 608 11 29 i
590 607 75 29 det>
688 607 65 29 och
775 606 109 30 slutar
905 606 44 40 på
971 615 25 21 s.
1018 605 39 30 25
1080 605 78 30 med
1180 604 107 30 orden
1311 603 100 31 »från
1432 603 188 30 utskottets
1643 603 94 30 sida»

255 661 77 33 bort
351 661 139 40 utbytas
509 664 73 27 mot
600 663 47 27 ett
667 660 128 31 avsnitt
814 670 41 20 av
874 660 156 40 följande
1049 659 145 40 lydelse:

301 714 453 40 »Författningsändringar
777 714 62 30 bör
864 714 105 39 enligt
995 714 186 29 utskottets
1206 713 227 40 uppfattning
1458 713 58 31 ske
1540 713 11 29 i
1576 712 89 40 syfte
1690 713 50 28 att

255 770 108 39 skapa
383 769 110 39 legala
513 769 293 39 förutsättningar
827 770 54 29 för
902 768 198 30 inrättande
1121 778 41 19 av
1183 770 47 27 ett
1251 767 127 30 enskilt
1400 766 340 40 refinansieringsin-

256 825 109 29 stitut.
382 825 12 29 I
409 825 263 40 propositionen
688 834 41 20 nr
747 824 39 30 56
803 824 63 29 har
883 823 156 30 däremot
1056 823 197 38 föreslagits
1270 821 198 30 inrättande
1486 831 41 19 av
1543 823 47 27 ett
1607 820 132 40 statligt

253 878 313 38 kreditaktiebolag
594 877 54 29 för
677 877 230 38 finansiering:
935 886 42 19 av
1003 876 253 37 investeringar
1284 876 95 27 inom
1408 875 235 37 näringslivet.
1672 874 67 28 Till

255 932 77 30 stöd
354 931 53 30 för
428 931 94 30 detta
543 930 131 41 förslag
695 930 139 30 anföres
856 931 10 29 i
886 929 261 40 propositionen
1169 930 49 28 att
1241 928 244 39 näringslivets
1508 927 232 30 strukturom-

253 987 166 38 vandling
437 987 111 29 skulle
566 986 181 29 föranleda
766 985 172 30 särskilda
955 983 418 39 finansieringsproblem,
1391 983 94 29 vilka
1502 982 30 39 ej
1554 983 85 28 utan
1658 982 82 29 stat-

255 1040 46 39 lig
320 1039 212 30 medverkan
553 1039 111 30 skulle
685 1039 120 29 kunna
825 1038 102 29 lösas.
948 1037 153 30 Sålunda
1122 1038 97 38 säges
1240 1038 49 28 att
1310 1036 56 29 det
1386 1036 11 29 i
1417 1035 191 30 framtiden
1629 1035 111 29 oftare

255 1095 46 29 än
317 1104 48 20 nu
381 1095 159 29 kommer
558 1096 50 28 att
626 1093 127 40 uppstå
769 1093 111 30 behov
897 1102 40 20 av
956 1091 410 39 finansieringsinsatser,
1386 1099 75 20 som
1479 1089 11 30 i
1507 1089 56 29 det
1582 1088 159 30 enskilda

255 1148 98 30 fallet
375 1149 69 29 kan
466 1147 48 30 bli
538 1149 94 28 stora
653 1147 65 29 och
740 1146 209 39 långsiktiga
972 1146 164 29 ävensom
1159 1143 394 30 innovationsbetonade
1577 1142 64 29 och
1665 1142 76 28 där-

255 1202 80 29 med
361 1201 196 40 riskfyllda.
585 1201 126 30 Vidare
740 1199 203 32 framhålles
972 1201 51 29 att
1051 1196 399 32 samhällsekonomiska
1479 1195 262 40 överväganden

255 1256 66 29 och
351 1265 41 20 en
423 1255 208 30 samverkan
661 1255 79 29 med
770 1254 41 30 de
841 1253 118 40 övriga
987 1251 422 34 verksamhetsområden,
1440 1251 64 29 där
1534 1252 113 27 staten
1677 1249 64 29 har

255 1309 165 40 styrande
445 1308 215 35 funktioner,
686 1308 112 30 skulle
821 1308 72 29 tala
917 1307 54 29 för
996 1305 198 32 inrättande
1220 1315 42 21 av
1286 1307 47 28 ett
1360 1304 132 40 statligt
1516 1303 226 31 kreditaktie-

255 1362 110 39 bolag.

301 1415 493 39 Strukturrationaliseringen
816 1416 38 29 är
875 1414 106 39 enligt
1003 1414 187 30 utskottets
1212 1413 198 29 erfarenhet
1432 1412 93 40 inget
1547 1413 77 39 nytt
1646 1412 96 29 feno-

254 1479 91 21 men.
367 1470 146 30 Svenskt
531 1469 193 39 näringsliv
742 1470 63 29 har
824 1468 162 30 befunnit
1006 1468 50 39 sig
1076 1468 110 29 under
1207 1477 42 20 en
1269 1467 138 39 ständig
1426 1466 234 39 omvandling,
1680 1465 61 30 vil-

255 1524 69 30 ken
341 1525 120 29 ibland
480 1525 122 29 rentav
620 1523 66 30 fått
704 1522 196 30 krisartade
920 1522 147 39 förlopp,
1088 1522 66 29 och
1174 1521 91 30 ändå
1284 1520 167 39 framgått
1472 1520 111 29 stärkt
1603 1528 41 20 ur
1663 1528 79 31 pro-

255 1587 130 22 cessen.
404 1579 109 30 Såvitt
531 1578 169 29 utskottet
719 1578 136 29 kunnat
874 1577 100 29 finna
990 1576 64 29 har
1072 1575 103 40 ingen
1195 1575 108 30 sådan
1322 1574 194 30 dramatisk
1535 1573 206 39 förändring

254 1632 124 30 inträtt
401 1633 11 29 i
435 1630 441 39 strukturomvandlingen,
903 1632 49 28 att
976 1629 228 39 långtgående
1229 1628 138 39 statliga
1390 1628 145 39 ingrepp
1558 1627 46 40 på
1627 1626 115 30 finan-

255 1685 307 41 sieringsområdet
586 1684 188 31 erfordras.
800 1687 49 28 De
874 1682 460 40 företagskoncentrationer
1359 1682 65 29 och
1449 1680 294 31 driftsinskränk-

255 1740 134 39 ningar,
411 1749 75 21 som
505 1739 192 30 redovisats
718 1738 110 30 under
849 1747 120 20 senare
988 1737 60 34 tid,
1069 1737 64 29 har
1152 1737 52 29 till
1225 1735 237 39 övervägande
1482 1734 55 30 del
1557 1734 185 29 föranletts

256 1804 42 20 av
324 1794 236 40 dämpningen
587 1794 11 29 i
624 1793 67 29 den
718 1791 282 31 internationella
1026 1791 267 38 konjunkturen
1320 1789 65 29 och
1412 1798 43 20 av
1481 1788 41 30 de
1550 1787 192 31 oberoende

255 1848 110 29 härav
393 1847 203 39 fortgående
625 1847 186 29 inhemska
840 1844 422 39 kostnadsstegringarna.
1294 1842 287 39 Finansieringen
1612 1850 42 20 av
1682 1841 60 29 nä-

255 1902 199 39 ringslivets
470 1902 164 29 fortsatta
650 1900 199 39 utveckling
864 1898 142 31 bereder
1023 1898 120 29 därför
1159 1897 85 34 icke,
1262 1896 106 39 enligt
1385 1896 189 29 utskottets
1591 1894 150 39 mening,

254 1956 158 39 problem
432 1965 43 21 av
492 1954 67 30 den
579 1956 54 28 art
653 1963 75 21 som
747 1954 12 29 i
777 1952 263 41 propositionen
1060 1952 98 38 göres
1179 1950 168 40 gällande.
1368 1950 53 29 En
1441 1949 55 35 fri,
1518 1949 138 29 flexibel
1677 1948 65 29 och

255 2009 197 40 mångsidig
470 2008 290 30 kreditmarknad
779 2008 11 29 i
808 2005 186 31 huvudsak
1013 2004 225 40 organiserad
1257 2004 88 29 efter
1364 2002 203 31 nuvarande
1587 2002 156 30 mönster

257 2064 39 30 är
316 2064 11 30 i
347 2064 66 30 och
434 2063 56 31 för
511 2063 52 39 sig
583 2062 71 30 helt
675 2063 11 29 i
709 2061 102 30 stånd
833 2062 50 28 att
905 2060 74 30 lösa
1000 2059 40 30 de
1063 2057 409 40 finansieringsproblem
1495 2065 74 21 som
1591 2056 89 30 även
1700 2064 43 21 en

256 2118 110 30 snabb
396 2115 387 40 strukturomvandling
810 2115 71 29 kan
908 2112 192 31 föranleda.
1129 2113 49 29 De
1206 2110 310 41 kompletteringar
1545 2119 42 21 av
1613 2109 131 30 kredit-

255 2171 239 31 marknadens
514 2169 238 40 organisation
774 2169 80 29 med
874 2169 48 29 ett
944 2167 128 30 enskilt
1093 2164 467 40 återfinansieringsinstitut
1582 2163 66 30 och
1670 2172 74 31 spe-

256 2226 100 30 ciella
373 2225 162 40 åtgärder
552 2225 12 29 i
582 2224 100 39 fråga
699 2232 57 21 om
775 2220 340 33 emissionskontroll
1134 2218 65 31 och
1217 2217 262 32 moderniserad
1497 2216 246 40 banklagstift-

256 2279 84 40 ning
359 2288 45 20 m.
418 2287 45 22 m.
483 2279 11 30 i
513 2278 90 39 syfte
622 2279 51 29 att
691 2276 172 30 förbättra
881 2274 129 30 kredit-
1028 2274 66 30 och
1111 2271 414 42 kapitalmarknadernas
1544 2270 200 31 funktions-

257 2335 69 29 sätt
343 2342 76 21 som
435 2333 171 29 utskottet
623 2331 119 32 funnit
758 2328 227 40 erforderliga
1001 2328 70 30 kan
1088 2328 143 29 komma
1246 2326 54 30 till
1317 2325 103 30 stånd
1436 2325 96 30 inom
1549 2333 122 21 ramen
1689 2323 55 30 för

256 2386 203 31 nuvarande
481 2384 216 39 väsentligen
719 2382 160 31 enskilda
900 2381 232 30 kreditväsen.

301 2441 175 30 Utskottet
495 2448 103 21 anser
615 2438 118 30 vidare
752 2439 50 28 att
821 2439 48 27 ett
888 2436 76 30 fritt
983 2436 44 40 på
1046 2434 137 31 enskild
1203 2433 113 40 grund
1335 2433 178 40 uppbyggt
1532 2433 66 29 och
1617 2432 127 30 förval-
