2244 2685
418 202 45 36 14
920 202 240 34 Statsutskottets
1183 201 167 34 Memorial
1373 202 63 32 N:o
1458 204 49 30 64.

415 287 83 33 eller
543 287 238 33 förutvarande
826 288 162 34 ledamöter
1026 285 40 44 af
1106 288 187 43 Riksdagen,
1336 286 113 33 hvilka
1488 286 107 33 blifvit
1632 287 34 32 af
1705 286 192 42 skulptören
1939 286 86 32 Sven

414 339 190 33 Andersson
631 341 108 31 såsom
763 339 97 41 gåfva
883 339 51 32 till
956 338 191 42 Riksdagen
1174 338 171 43 erbjudna.

1170 530 19 39 8
1213 530 48 30 73.

547 633 51 32 Då
624 632 214 33 Revisorerne
862 631 90 33 öfver
976 634 107 37 stats-,
1107 631 126 33 banko-
1260 631 61 32 och
1345 629 290 43 riksgäldsverken
1650 629 258 39 sammanträda,
1924 628 94 33 skola

415 684 216 41 Fullmäktige
653 684 50 31 till
728 684 74 32 dem
827 683 122 41 afgifva
974 683 167 32 berättelse
1169 694 50 21 om
1248 682 346 41 Riksgäldskontorets
1617 681 158 41 ställning
1800 681 63 32 och
1881 680 138 44 förvalt-

414 736 77 39 ning
515 735 105 31 under
645 735 64 31 den
732 735 60 38 tid,
816 745 71 21 som
911 734 239 31 Revisorernes
1175 733 204 41 granskning
1406 733 149 31 kommer
1578 735 49 28 att
1650 732 149 31 omfatta.

548 786 175 32 Dessutom
745 785 94 33 skola
862 784 219 42 Fullmäktige
1107 784 49 33 vid
1183 786 99 31 nästa
1305 784 154 41 riksdags
1483 782 119 43 början
1625 783 51 31 till
1688 782 193 42 Riksdagen
1897 781 123 42 afgifva

414 838 63 32 och
511 837 50 32 till
596 837 250 33 statsutskottet
883 837 142 33 aflemna
1058 836 166 33 berättelse
1257 836 51 32 för
1331 836 77 32 hela
1437 835 65 32 den
1541 834 59 40 tid,
1642 845 70 21 som
1748 834 141 32 förflutit
1914 834 104 32 sedan

414 888 240 42 Fullmäktiges
679 889 186 32 berättelse
889 888 50 32 till
964 888 191 32 nuvarande
1180 887 149 42 Riksdag
1353 886 118 42 afgafs.

1171 1062 19 39 8
1215 1061 49 31 74.

548 1145 95 33 Efter
678 1145 113 42 hvarje
826 1145 161 33 revisions
1023 1146 65 32 slut
1123 1144 94 34 skola
1240 1144 231 42 Fullmäktige,
1502 1146 43 41 på
1569 1148 67 30 sätt
1660 1145 39 32 de
1723 1144 52 33 för
1798 1145 224 33 Revisorerne

415 1197 178 32 utfärdade
617 1196 237 33 instruktioner
876 1197 180 39 innehålla,
1091 1196 201 33 föranstalta
1315 1207 52 21 om
1392 1197 167 41 tryckning
1582 1196 63 32 och
1668 1196 168 41 utdelning
1864 1196 75 32 med
1964 1196 59 32 all-

416 1251 121 29 männa
570 1247 212 41 tidningarne
818 1247 36 33 af
885 1247 236 34 Revisorernes
1155 1247 172 41 angående
1366 1250 99 30 stats-
1501 1247 61 33 och
1586 1247 288 41 riksgäldsverken
1898 1247 125 41 afgifna

416 1299 62 32 och
512 1298 217 41 Fullmäktige
765 1298 162 33 tillstälda
960 1299 198 33 berättelser
1190 1299 102 42 jemte
1329 1298 110 33 dertill
1473 1298 150 33 hörande
1658 1298 231 42 förklaringar,
1913 1298 111 32 hvilka

417 1351 200 40 handlingar
654 1350 95 32 äfven
787 1361 119 30 genom
942 1351 234 40 Fullmäktiges
1200 1350 131 41 försorg
1355 1350 83 33 böra
1461 1350 49 32 till
1535 1353 75 29 näst
1634 1350 146 32 derefter
1810 1352 212 30 sammanträ-

417 1401 109 33 dande
551 1402 177 32 Revisorer
753 1401 61 32 och
839 1401 146 41 Riksdag
1010 1402 230 32 öfverlemnas.

1172 1591 19 39 8
1215 1590 49 31 75.

549 1673 83 32 Före
660 1672 277 33 nästkommande
961 1673 154 41 riksdags
1139 1673 118 42 början
1282 1673 83 32 böra
1386 1673 238 41 Fullmäktige:

517 1724 33 43 a)
575 1724 201 32 föranstalta
801 1735 51 21 om
876 1724 224 43 upphandling
1124 1725 36 31 af
1180 1725 56 31 det
1258 1725 52 32 för
1333 1724 217 42 tryckningen
1569 1726 34 30 af
1623 1723 210 42 Riksdagens
1856 1724 171 41 protokoll

416 1775 74 31 med
515 1775 109 32 dertill
659 1775 149 32 hörande
847 1775 125 42 bihang
1000 1776 106 32 under
1140 1787 124 21 samma
1299 1775 134 41 riksdag
1457 1775 219 41 erforderliga
1697 1785 127 32 papper
1848 1775 74 40 och,
1949 1775 75 33 med

416 1826 157 41 behörigt
595 1826 218 41 iakttagande
839 1827 35 31 af
896 1827 39 32 de
960 1828 9 30 i
995 1827 117 32 sådant
1135 1827 158 32 afseende
1318 1827 197 32 meddelade
1533 1826 220 41 föreskrifter,
1778 1827 68 32 låta
1869 1830 157 38 upprätta

416 1877 159 32 kontrakt
602 1879 170 39 angående
797 1878 252 41 verkställighet
1077 1879 35 32 af
1140 1880 36 30 så
1204 1879 52 31 väl
1280 1878 212 41 protokollets
1522 1890 70 20 som
1618 1878 164 41 bihangets
1808 1879 182 41 tryckning;

519 1928 35 44 b)
578 1932 158 38 upprätta
758 1929 149 32 kontrakt
931 1941 52 21 om
1007 1930 330 38 tillhandahållande,
1361 1928 104 34 under
1480 1929 199 42 riksdagens
1702 1930 90 41 lopp,
1806 1930 35 32 af
1863 1930 39 31 de
1927 1929 96 42 skrif-

416 1980 196 32 materialier
641 1980 63 32 och
734 1978 111 45 öfriga
869 1981 138 41 effekter,
1032 1992 69 21 som
1125 1981 52 32 för
1199 1981 210 41 Riksdagens
1433 1981 107 32 behof
1558 1981 111 32 kunde
1695 1981 186 40 erfordras;

494 2032 54 43 cc)
571 2031 70 33 låta
675 2031 221 42 komplettera
936 2032 62 32 och
1038 2032 203 33 iståndsätta
1272 2032 393 41 inventariepersedlarne
1687 2032 10 32 i
1720 2032 207 40 Riksdagens
1951 2032 73 32 hus.

549 2083 63 32 Vid
649 2083 280 42 verkställigheten
961 2083 99 33 häraf
1093 2083 178 40 iakttages,
1307 2086 48 30 att
1392 2083 120 40 anbud,
1547 2094 119 31 genom
1690 2083 218 41 kungörelser
1930 2084 9 31 i
1965 2083 57 32 all-

416 2136 122 30 männa
571 2134 225 41 tidningarne,
829 2134 164 33 infordras
1029 2134 35 33 af
1097 2134 84 40 dem,
1206 2145 70 22 som
1304 2135 112 32 kunna
1439 2145 79 22 vara
1542 2134 131 42 hugade
1698 2137 49 30 att
1769 2134 255 33 tillhandahålla

417 2184 63 32 och
514 2184 150 33 leverera
698 2185 147 33 berörda
879 2185 139 33 effekter
1053 2186 82 32 eller
1173 2186 134 43 besörja
1342 2185 221 36 omförmälda
1596 2185 207 44 trycknings-
1838 2186 76 34 med
1942 2185 80 35 flere

416 2236 148 33 arbeten.
