2242 2657
742 175 239 35 Statsutskottets
1008 178 168 33 Memorial
1199 178 62 33 N:o
1282 181 51 30 47.
1816 183 19 33 7

236 261 84 32 efter
355 260 167 33 tillträder
556 260 94 33 detta
686 260 130 33 embete
847 261 63 32 och
940 261 231 33 dessförinnan
1195 262 72 32 icke
1292 265 37 30 är
1352 263 9 31 i
1384 262 243 34 hufvudstaden
1649 264 122 41 bosatt,
1794 268 50 30 att

236 314 107 31 såsom
380 312 257 41 flyttningshjelp
667 312 152 42 uppbära
842 312 71 33 från
938 312 337 41 Riksgäldskontoret
1297 317 47 29 ett
1365 317 97 30 tusen
1489 315 196 33 femhundra
1707 316 134 33 kronor.

366 364 66 31 För
468 363 98 33 ofvan
597 363 156 33 bemälda
775 364 122 32 kansli-
926 364 61 32 och
1010 365 233 41 vaktbetjening
1265 367 98 39 utgår
1391 367 181 40 aflöningen
1594 367 76 33 med
1693 367 147 42 följande

233 413 106 42 årliga
360 414 137 41 belopp,
519 415 182 40 nemligen:

234 465 51 31 för
307 465 213 33 sekreteraren
542 465 76 32 med
641 465 173 42 fyratusen
836 465 197 33 femhundra
1059 466 140 40 kronor;

256 541 15 14 »
310 527 38 21 en
370 516 150 40 kanslist,
556 528 71 21 som
662 516 106 33 tillika
801 516 62 33 har
899 517 188 42 skyldighet
1122 520 49 30 att
1207 517 189 42 ombesörja
1424 519 419 42 registratorsgöromålen,

311 568 76 32 med
422 570 149 30 tretusen
605 568 139 40 kronor;
778 568 111 32 hvilka
924 570 55 30 två
1008 569 95 32 löner
1138 568 85 32 dock
1256 568 112 34 kunna
1390 569 95 42 höjas
1510 570 85 33 efter
1617 571 66 33 fem
1707 573 37 31 år
1767 573 76 32 med

310 621 62 30 500
395 618 124 33 kronor
541 619 63 32 och
628 619 85 32 efter
736 619 46 32 tio
808 620 36 31 år
867 619 75 32 med
968 619 194 42 ytterligare
1188 622 61 30 500
1271 620 135 41 kronor;

257 695 15 14 »
310 681 37 21 en
374 670 135 32 kanslist
531 670 75 32 med
631 672 153 30 tvåtusen
807 670 197 32 femhundra
1027 670 135 40 kronor,
1187 670 84 33 dock
1294 671 75 33 med
1393 674 66 30 rätt
1483 671 49 33 för
1552 672 291 42 justitieombuds-

312 732 144 21 mannen
484 724 59 37 att,
565 725 79 28 utan
668 721 199 41 tillsättning
891 721 34 33 af
948 721 217 33 omförmälde
1189 722 152 40 kanslist,
1367 723 49 32 till
1439 723 225 34 befordrande
1690 724 36 33 af
1746 729 95 37 göro-

308 773 127 31 målens
459 774 87 39 gång
567 773 88 31 inom
681 773 244 41 expeditionen,
952 773 356 42 vikariatsersättning,
1332 774 223 42 renskrifning
1571 787 41 20 m.
1630 787 39 21 m.
1688 777 155 32 använda

312 823 145 33 nämnda
478 823 133 42 belopp,
635 823 86 33 dock
744 824 76 32 med
844 823 190 43 skyldighet
1058 825 19 32 å
1100 824 84 33 hans
1209 825 73 32 sida
1305 828 50 29 att
1377 825 51 32 för
1450 825 150 34 medlens
1630 827 213 42 användning

316 874 170 40 redovisa;
512 878 86 29 samt

257 950 14 14 »
315 936 38 21 en
375 926 209 32 vaktmästare
607 926 75 32 med
707 928 70 30 åtta
800 926 131 32 hundra
954 926 134 40 kronor,
1112 926 126 33 hvilket
1259 926 123 43 belopp
1407 928 87 32 dock
1519 928 85 33 efter
1626 929 65 33 fem
1714 931 36 31 år
1773 930 65 33 kan

318 976 96 42 höjas
438 977 75 32 med
539 980 58 29 100
621 977 133 39 kronor,
779 988 76 21 men
878 979 35 30 så
935 977 98 41 länge
1061 978 216 32 boställsrum
1300 979 10 31 i
1335 979 207 41 Riksdagens
1565 980 62 32 hus
1648 981 35 31 af
1695 982 143 32 nämnde

319 1027 221 34 vaktmästare
564 1028 207 40 innehafvas,
794 1028 148 32 kommer
965 1031 49 30 att
1036 1029 147 33 minskas
1208 1029 72 33 med
1308 1032 57 31 150
1388 1030 125 33 kronor
1537 1042 53 21 om
1615 1033 82 31 året.

368 1079 14 31 I
408 1079 100 40 öfrigt
532 1079 95 32 skola
651 1079 40 32 de
716 1079 49 31 för
784 1079 523 42 justitiekanslersexpeditionen
1331 1081 156 41 gällande
1506 1082 253 33 bestämmelser
1775 1084 62 31 och

236 1129 104 32 vilkor
363 1130 10 31 i
396 1130 196 41 tillämpliga
617 1130 104 39 delar,
745 1130 83 32 efter
846 1130 438 41 justitieombudsmannens
1312 1131 238 43 bepröfvande,
1575 1134 88 40 gälla
1677 1134 96 32 äfven
1789 1134 49 32 för

231 1180 625 43 justitieombudsmansexpeditionen
853 1176 17 53 ;
891 1181 181 42 hvarjemte
1112 1182 158 32 särskildt
1299 1186 38 28 är
1361 1184 168 41 stadgadt,
1558 1184 70 33 dels
1653 1188 50 29 att
1727 1185 111 33 sekre-

235 1235 130 29 teraren
390 1232 60 32 hos
470 1232 420 41 justitieombudsmannen
918 1232 63 32 bör
1003 1236 79 29 utan
1107 1233 144 32 särskild
1276 1235 183 41 ersättning
1478 1235 123 41 jemväl
1624 1236 151 32 bestrida
1800 1237 39 31 de

234 1283 159 40 göromål,
431 1294 71 21 som
540 1283 135 32 tillhöra
714 1283 446 42 sekreterarebefattningen
1191 1284 62 32 hos
1282 1285 377 42 tryckfrihetskomitén,
1684 1287 72 32 dels
1779 1290 59 36 att,

234 1333 113 33 derest
381 1334 66 32 han
483 1334 90 32 förut
604 1334 142 32 innehar
773 1335 103 41 tjenst
898 1336 44 39 på
964 1335 103 31 rikets
1092 1338 74 36 stat,
1191 1347 123 21 samma
1337 1336 106 32 vilkor
1466 1337 63 32 och
1553 1337 167 33 förbehåll
1744 1338 95 32 skola

234 1385 49 31 vid
308 1385 233 41 uppbärandet
564 1385 35 32 af
620 1386 94 31 ofvan
739 1385 143 33 berörda
905 1385 145 41 aflöning
1073 1386 177 41 iakttagas,
1276 1398 70 21 som
1373 1391 56 28 äro
1454 1388 163 41 stadgade
1642 1390 10 30 i
1677 1389 159 32 afseende

233 1437 42 40 på
302 1436 253 41 utbetalningen
585 1437 34 31 af
636 1436 474 42 justitieombudsmanslönen
1134 1437 52 32 vid
1212 1438 177 33 enahanda
1412 1438 66 32 fall.

980 1559 31 42 $
1034 1559 49 30 28.

370 1639 64 32 Till
467 1640 167 32 kostnader
667 1640 51 32 för
748 1640 408 42 Jjustitlieombudsmannens
1188 1640 198 34 embetsresor
1413 1641 63 33 bör
1503 1642 337 41 Riksgäldskontoret

235 1693 88 39 uppå
357 1691 85 32 hans
476 1692 196 40 reqvisition
710 1692 60 31 och
806 1695 88 28 emot
924 1692 111 32 derför
1057 1693 90 31 inom
1170 1692 113 41 hvarje
1308 1694 51 30 års
1383 1695 121 38 utgång
1528 1693 188 41 afgifvande
1741 1695 98 33 redo-

236 1742 134 40 görelse
394 1741 211 33 förskottsvis
629 1743 152 31 utbetala
805 1754 39 20 en
875 1754 124 21 summa
1023 1743 35 32 af
1078 1745 54 30 två
1155 1746 95 29 tusen
1274 1743 134 33 kronor.

369 1793 66 31 För
470 1793 270 41 upphandlingen
780 1793 34 32 af
844 1791 277 44 skrifmaterialier
1144 1794 63 32 och
1241 1794 52 32 för
1329 1796 104 31 andra
1460 1805 149 31 expenser
1632 1795 51 33 vid
1704 1797 135 40 justitie-

234 1843 284 33 ombudsmannens
553 1844 63 31 och
652 1843 353 42 tryckfrihetskomiténs
1037 1846 176 40 expedition
1246 1845 63 32 bör
1348 1849 48 28 ett
1432 1846 98 40 årligt
1562 1846 123 42 belopp
1714 1848 36 31 af
1774 1847 65 32 fem

235 1895 130 32 hundra
392 1894 131 42 kronor,
548 1898 89 29 emot
659 1895 142 41 behörig
823 1896 226 40 redogörelse,
1076 1896 208 32 förskottsvis
1308 1895 38 33 af
1357 1896 355 41 Riksgäldskontorets
1731 1898 109 33 medel

235 1945 217 33 utanordnas.

371 1996 233 42 Tryckningen
639 1996 63 32 och
731 1996 197 41 häftningen
951 1996 33 32 af
997 1997 408 41 justitieombudsmannens
1427 1999 290 33 embetsberättelser
1734 2000 102 41 jemte

238 2047 110 32 dertill
371 2047 151 32 hörande
546 2047 132 40 bilagor
701 2047 80 32 böra
804 2048 200 32 verkställas
1029 2048 63 32 och
1116 2053 160 36 papperet
1298 2050 52 30 för
1374 2050 100 31 dessa
1497 2050 215 41 handlingars
1728 2051 107 41 tryck-

237 2098 79 40 ning
352 2097 168 33 anskaffas
559 2109 120 30 genom
716 2098 238 40 Fullmäktiges
993 2099 143 40 försorg,
1171 2099 86 32 dock
1286 2100 84 32 skall
1393 2100 60 32 den
1479 2101 115 32 dervid
1619 2101 220 42 erforderliga

237 2149 347 41 korrekturläsningen
621 2150 149 41 besörjas
805 2151 42 40 på
871 2153 65 29 sätt
958 2150 88 31 förut
1070 2150 102 40 skett;
1196 2151 150 32 börande
1372 2152 153 40 samtliga
1547 2153 206 41 trycknings-
1777 2154 63 32 och

237 2200 402 41 häftningskostnaderna
677 2201 50 31 för
761 2201 250 41 ifrågavarande
1047 2201 201 33 berättelser
1283 2202 62 32 och
1380 2202 131 42 bilagor
1540 2204 206 32 omedelbart
1770 2205 73 32 utaf

237 2251 338 41 Riksgäldskontoret
609 2252 194 41 godtgöras,
833 2255 80 29 utan
938 2252 117 41 afdrag
1079 2254 19 31 å
1122 2252 40 33 de
1186 2253 50 31 till
1260 2264 164 31 expenser
1447 2254 52 32 för
1521 2255 106 41 sagda
1650 2255 190 42 expedition
