2235 2664
733 174 238 35 Statsutskottets
992 173 166 37 Memorial
1181 178 63 32 N:o
1266 176 51 34 47.
1798 176 20 38 g

215 258 183 38 utnämnes,
444 268 75 22 vare
566 257 131 44 skyldig
737 263 49 30 att
825 262 223 32 annorstädes
1082 262 240 33 innehafvande
1357 261 314 43 tjenstebefattning
1705 269 119 35 genast

214 307 183 34 frånträda.

348 360 226 42 Tjensteman,
598 372 72 22 som
692 362 49 32 till
765 362 83 43 följd
872 363 35 33 af
927 363 89 33 förut
1039 365 155 41 gällande
1219 365 210 42 stadganden
1453 365 141 34 innehar
1615 366 103 42 tjenst
1734 370 89 29 utom

214 410 345 41 Riksgäldskontoret,
584 415 53 30 må
662 413 85 33 dock
771 415 192 32 densamma
991 416 181 40 bibehålla,
1199 419 38 30 så
1260 417 99 41 länge
1385 417 64 32 den
1474 417 75 32 icke
1575 421 37 29 är
1635 418 52 32 för
1708 418 116 42 tjenst-

216 462 160 40 göringen
400 463 10 30 i
433 462 337 42 Riksgäldskontoret
792 465 174 42 hinderlig.

977 604 19 40 8
1018 603 50 33 31.

347 685 63 32 Till
448 685 151 41 belöning
620 685 61 41 för
713 688 90 30 extra
832 688 125 31 arbeten
988 688 63 32 och
1080 688 49 32 till
1159 691 221 39 uppmuntran
1412 689 63 40 för
1505 691 90 30 extra
1625 689 195 40 ordinarier,

214 747 70 21 som
308 736 180 42 ådagalagt
511 738 167 41 synnerlig
701 737 49 32 flit
774 738 63 32 och
862 738 208 42 skicklighet,
1096 751 62 30 ega
1180 740 219 41 Fullmäktige
1425 744 49 29 att
1497 741 154 33 använda
1681 752 59 22 sex
1769 746 52 27 tu-

214 799 59 21 sen
307 788 124 32 kronor
465 789 141 40 årligen;
644 788 86 33 dock
763 789 50 32 får
847 790 85 32 hvad
967 791 100 32 häraf
1095 792 106 31 under
1225 794 88 30 årets
1337 792 78 41 lopp
1438 791 73 33 icke
1537 791 116 33 behöft
1675 793 143 40 utgifvas

215 839 107 31 under
346 842 47 29 ett
416 839 191 42 påföljande
633 841 36 30 år
693 840 28 41 ej
747 840 51 32 för
822 851 122 22 samma
969 842 155 32 ändamål
1148 843 179 32 användas.
1373 843 66 31 För
1464 843 99 40 öfrigt
1579 854 62 30 ega
1653 843 167 44 Fullmäk-

214 890 68 40 tige
306 890 74 32 icke
409 893 49 30 att
481 891 129 32 tilldela
633 891 216 42 betjeningen
872 893 51 31 vid
949 893 340 41 Riksgäldskontoret
1311 894 148 32 hvarken
1477 894 249 42 ljuspenningar
1740 895 81 32 eller

214 941 106 33 andra
344 941 170 40 arfvoden,
539 946 40 27 än
605 942 40 32 de
671 943 8 30 i
703 942 317 42 aflöningsstaterna
1045 945 61 32 och
1133 945 92 33 detta
1248 946 198 39 reglemente
1472 945 158 32 särskildt
1646 946 173 33 bestämda

213 993 83 31 eller
319 992 178 41 medgifna.
1816 1015 2 2 ;

969 1132 19 40 8
1011 1132 50 31 32.

346 1212 117 33 Såsom
487 1213 300 44 begrafningshjelp
813 1215 79 31 eller
914 1216 176 31 understöd
1108 1216 62 40 för
1192 1216 189 33 sterblhusen
1405 1217 85 32 efter
1514 1217 121 33 aflidne
1661 1218 157 33 obemed-

211 1263 75 32 lade
312 1264 199 41 tjenstemän
539 1265 63 32 och
627 1265 224 42 vaktbetjente
877 1266 50 32 vid
952 1266 332 41 Riksgäldskontoret
1308 1268 61 32 och
1394 1268 20 31 f.
1439 1268 29 32 d.
1494 1269 324 33 Generalassistans-

211 1315 158 33 kontoret
404 1327 61 30 ega
499 1316 219 40 Fullmäktige
754 1320 59 38 att,
838 1317 105 32 under
965 1318 115 41 loppet
1103 1318 34 32 af
1158 1319 113 41 hvarje
1297 1321 44 38 år,
1367 1319 181 42 disponera
1572 1332 39 20 en
1636 1332 126 22 summa
1786 1324 34 30 af

212 1366 96 41 högst
331 1369 55 31 två
408 1367 132 33 hundra
567 1367 159 42 tjugufem
750 1367 132 33 kronor.

966 1506 19 40 8
1012 1507 49 30 33.

345 1588 120 32 Derest
498 1587 105 33 Enke-
629 1588 63 32 och
721 1589 250 40 Pupillkassans
998 1591 55 30 vid
1074 1589 325 42 Riksgäldskontoret
1423 1591 164 33 afslutade
1612 1592 63 33 och
1699 1592 116 34 veder-

211 1638 148 39 hörligen
396 1639 186 40 granskade
619 1640 224 41 räkenskaper
878 1641 49 31 för
960 1640 92 32 tiden
1081 1642 50 31 till
1156 1642 60 31 och
1242 1642 74 31 med
1341 1642 57 32 det
1422 1644 44 37 år,
1492 1643 42 32 då
1557 1646 97 30 nästa
1678 1644 135 41 riksdag

209 1689 114 39 slutar,
359 1690 102 32 skulle
497 1691 77 38 visa,
611 1694 48 28 att
692 1691 139 32 kassans
867 1692 168 31 inkomster
1058 1692 106 32 under
1188 1694 72 30 året
1281 1693 195 41 understigit
1500 1694 39 31 de
1564 1694 249 41 utbetalningar,

209 1751 71 21 som
314 1741 166 32 derunder
513 1742 122 32 kassan
664 1742 119 41 ålegat,
809 1744 52 31 må
884 1743 62 32 den
972 1743 139 32 sålunda
1134 1743 188 42 uppkomna
1347 1744 132 39 bristen,
1502 1745 90 32 inom
1616 1749 48 28 ett
1686 1745 125 42 belopp

211 1792 35 31 af
266 1791 101 41 högst
389 1793 54 31 två
467 1796 91 28 tusen
584 1794 54 31 två
662 1793 130 32 hundra
814 1793 114 33 femtio
952 1794 124 32 kronor
1099 1794 51 32 för
1174 1796 78 37 året,
1277 1795 35 32 af
1332 1795 350 41 Riksgäldskontorets
1706 1797 106 32 medel

211 1842 192 41 godtgöras,
429 1843 106 32 under
561 1843 167 33 förbehåll
751 1844 112 40 likväl,
888 1848 49 29 att
963 1845 87 32 hvad
1073 1845 74 32 utaf
1168 1845 109 34 denna
1301 1847 261 40 anslagssumma
1586 1847 49 32 för
1659 1851 47 28 ett
1730 1850 36 30 år
1783 1848 28 42 ej

210 1893 118 32 behöft
351 1894 167 32 användas
542 1894 73 32 icke
640 1895 50 32 får
712 1895 52 32 för
787 1899 47 28 ett
857 1899 100 29 annat
981 1896 35 33 af
1035 1896 121 32 kassan
1188 1897 261 42 tillgodonjutas,
1480 1898 62 32 och
1569 1898 106 32 under
1697 1899 115 38 vilkor,

210 1948 49 28 att
294 1945 197 40 delegarnes
526 1945 119 42 bidrag
679 1946 105 32 under
817 1946 92 33 tiden
944 1948 79 40 utgå
1056 1951 80 28 utan
1171 1948 236 41 förminskning
1432 1949 34 31 af
1489 1949 97 32 deras
1611 1950 46 31 uti
1682 1950 57 32 det
1762 1950 52 31 för

209 1995 122 33 kassan
359 2007 44 21 nu
434 1996 154 41 gällande
617 1998 201 40 reglemente
842 1998 175 33 bestämda
1039 1998 133 42 belopp,
1197 2002 85 29 samt
1305 2003 47 29 att
1378 2000 222 41 pensionerna
1628 2000 50 32 för
1707 2001 104 32 enkor

210 2047 62 32 och
310 2047 83 32 barn
429 2048 83 32 efter
546 2048 143 33 embets-
720 2049 62 32 och
810 2049 199 41 tjenstemän
1040 2053 85 29 samt
1148 2050 225 42 vaktbetjente
1398 2051 53 33 vid
1474 2051 338 42 Riksgäldskontoret

209 2098 74 32 icke
318 2098 33 33 få
383 2098 95 42 höjas
503 2099 130 33 utöfver
658 2111 38 21 en
728 2100 162 42 fjerdedel
914 2101 36 32 af
970 2101 63 32 den
1060 2101 165 33 ordinarie
1250 2102 66 39 lön,
1344 2102 129 32 hvilken
1502 2103 63 32 den
1592 2103 121 32 aflidne
1738 2104 70 31 del-

210 2160 121 28 egaren
368 2153 111 29 senast
508 2151 52 32 vid
586 2151 92 32 detta
702 2152 74 31 verk
799 2152 159 39 innehaft,
983 2152 63 32 och
1069 2153 50 31 för
1141 2153 216 41 tjenstemäns
1382 2157 85 29 samt
1489 2154 244 42 vaktbetjentes
1757 2155 53 32 vid

210 2200 18 31 f.
266 2201 30 31 d.
334 2201 463 34 Generalassistanskontoret
821 2203 236 33 efterlemnade
1083 2204 103 32 enkor
1214 2204 63 32 och
1300 2204 85 33 barn
1407 2205 74 32 icke
1507 2205 126 38 utöfver
1652 2206 64 32 fem
1740 2217 72 21 sex-

210 2252 199 32 tondedelar
450 2252 35 32 af
517 2253 56 31 det
611 2253 212 42 lönebelopp,
860 2254 82 32 efter
969 2254 123 46 hvilket
1118 2255 62 32 den
1205 2255 50 32 för
1278 2256 205 33 sistnämnda
1506 2258 143 31 Kontors
1673 2257 139 41 tjenste-

348 2320 71 32 DBih.
444 2321 48 31 till
516 2322 106 31 Riksd.
648 2323 82 31 Prot.
755 2325 89 29 1890.
898 2327 19 28 4
942 2322 97 33 Saml.
1088 2327 17 28 1
1128 2325 75 39 Afd.
1257 2328 41 28 33
1319 2326 85 39 Häft.
1733 2328 21 32 2
