2241 2667
408 175 21 36 8
915 172 237 34 Statsutskottets
1175 171 167 34 Memorial
1370 172 63 33 N:o
1454 174 49 31 47.

405 258 164 43 beviljade
594 258 127 41 anslag,
744 257 173 33 hvaremot
940 257 40 33 de
1009 256 117 41 medel,
1150 256 111 33 hvilka
1283 255 115 43 inflyta
1421 266 119 31 genom
1565 266 125 23 samma
1712 255 220 34 berättelsers
1951 257 66 33 för-

407 310 143 43 säljning
584 310 10 32 i
627 309 227 40 bokhandeln,
891 308 90 34 skola
1011 308 35 33 af
1062 308 430 43 justitieombudsmannen,
1517 318 69 22 som
1611 307 117 34 härom
1752 318 80 31 eger
1854 308 79 41 foga
1957 320 56 21 an-

407 363 89 40 stalt,
519 361 89 33 inför
631 361 221 42 Fullmäktige
877 360 158 33 särskildt
1060 360 185 34 redovisas.

1169 465 20 40 8
1212 464 52 32 29.

544 549 118 34 Såsom
686 549 137 42 arfvode
844 549 145 42 åtnjuter
1011 548 237 41 Fullmäktiges
1273 547 199 33 ordförande
1489 551 50 29 tre
1556 551 97 29 tusen
1669 550 56 31 två
1739 548 129 33 hundra
1884 548 136 41 kronor,

409 605 85 30 samt
529 602 81 33 hvar
646 601 63 33 och
738 612 39 21 en
802 600 35 33 af
859 600 39 34 de
925 601 104 41 öfrige
1054 599 220 42 Fullmäktige
1299 603 48 29 ett
1369 603 98 29 tusen
1492 611 57 21 sex
1572 599 132 34 hundra
1728 599 124 33 kronor
1875 600 146 41 årligen;

409 654 226 33 hvarförutom
667 653 211 41 Fullmäktig,
915 664 71 21 som
1022 653 28 41 ej
1091 655 37 30 är
1156 652 10 32 i
1191 651 194 33 Stockholm
1408 651 123 40 bosatt,
1556 663 79 30 eger
1659 655 49 29 att
1731 652 51 31 för
1807 663 37 21 en
1865 662 75 22 resa
1964 654 51 30 år-

408 706 90 39 ligen
532 705 50 31 till
615 705 63 31 och
715 704 72 31 från
824 704 162 31 hemorten
1021 704 153 40 uppbära
1207 703 361 40 kostnadsersättning,
1592 703 173 32 beräknad
1790 703 84 31 efter
1898 714 123 21 samma

409 755 154 43 grunder,
599 765 71 23 som
706 754 87 42 gälla
826 754 52 33 för
907 753 234 35 beräknandet
1169 752 35 34 af
1232 752 473 43 resekostnadsersättningen
1730 754 35 32 åt
1786 753 115 33 Andra
1923 753 93 32 Kam-

411 818 131 22 marens
564 807 199 33 ledamöter.

1167 875 19 40 8
1210 876 50 30 30.

544 960 193 41 Aflöningen
760 960 51 31 för
833 958 328 42 Riksgäldskontorets
1183 957 379 43 tjenstemannapersonal
1585 957 62 33 och
1669 957 229 42 vaktbetjening
1927 959 98 39 utgår

412 1012 103 40 enligt
544 1011 63 33 den
637 1011 34 33 af
691 1010 194 42 Riksdagen
908 1010 51 32 för
983 1009 145 34 nämnda
1152 1009 80 32 verk
1254 1009 181 33 faststälda
1459 1008 245 42 aflöningsstat,
1716 1009 135 32 hvilken
1873 1009 75 33 icke
1972 1009 50 33 får

413 1063 240 40 öfverskridas;
694 1062 145 33 varande
874 1061 251 33 nedanstående
1153 1060 100 33 vilkor
1277 1061 62 33 och
1358 1059 163 44 förbehåll
1544 1060 162 41 stadgade
1730 1060 53 33 för
1809 1060 215 42 tillgodonju-

410 1115 102 32 tande
550 1114 36 33 af
611 1114 65 33 den
704 1113 52 33 för
778 1113 156 33 bemälda
960 1112 405 43 tjenstemannapersonal
1389 1112 63 32 och
1476 1111 253 43 vaktbetjening
1751 1111 167 43 beviljade
1941 1112 84 33 löne-

406 1164 211 43 förhöjning
603 1160 17 52 :

550 1219 61 30 1:o.
656 1214 220 34 Innehafvare
912 1213 35 34 af
982 1213 41 34 de
1054 1212 108 34 ökade
1186 1213 140 33 lönerna
1351 1213 84 32 inom
1439 1212 360 48 Riksgäldskontoret
1822 1215 57 30 äro
1904 1212 122 33 under-

413 1267 141 33 kastade
577 1267 65 32 den
672 1266 240 34 vidsträcktare
936 1264 433 43 tjenstgöringsskyldighet
1393 1264 82 33 eller
1499 1264 65 33 den
1582 1264 174 42 jemkning
1778 1264 11 32 i
1812 1264 212 42 åligganden,

414 1330 70 21 som
520 1319 159 40 antingen
713 1318 54 32 vid
803 1329 40 21 en
877 1317 169 32 blifvande
1081 1316 180 32 förändrad
1297 1316 228 41 organisation
1555 1315 36 33 af
1611 1317 91 31 detta
1725 1315 78 33 verk
1827 1315 82 33 eller
1932 1316 94 41 eljest

413 1370 63 31 kan
511 1370 105 32 varda
647 1370 10 31 i
681 1369 182 32 allmänhet
887 1367 159 42 stadgad;
1072 1367 62 32 och
1157 1367 85 32 böra
1266 1367 41 33 de
1331 1367 198 39 fullmakter,
1555 1377 70 22 som
1654 1366 51 32 för
1727 1366 300 41 Riksgäldskonto-

414 1424 67 29 rets
506 1421 199 41 tjenstemän
729 1420 162 39 utfärdas,
914 1418 165 33 innefatta
1102 1418 164 33 förbehåll
1291 1429 52 21 om
1367 1417 271 33 vederbörandes
1662 1417 188 43 skyldighet
1865 1421 49 29 att
1929 1420 99 39 åtaga

415 1472 51 41 sig
495 1472 40 32 de
559 1482 66 32 nya
649 1472 82 32 eller
755 1470 200 33 förändrade
980 1470 161 42 göromål,
1165 1469 112 33 hvilka
1303 1470 112 32 kunna
1438 1469 75 32 dem
1537 1469 149 41 åläggas.

548 1534 64 30 2:0.
657 1531 135 33 Sådana
826 1531 153 41 uppdrag
1011 1530 64 32 och
1108 1529 124 42 bestyr,
1268 1540 71 21 som
1373 1528 51 33 till
1455 1529 83 41 följd
1566 1529 36 32 af
1621 1528 114 33 Rikets
1760 1527 160 34 Ständers
1946 1529 82 32 eller

414 1582 209 41 Riksdagens
656 1582 221 41 förfoganden
911 1581 85 33 böra
1030 1581 36 32 af
1096 1580 270 42 tjenstemännen
1400 1580 54 32 vid
1488 1579 340 42 Riksgäldskontoret
1855 1579 172 40 förrättas,

416 1634 104 39 skola,
554 1633 139 33 oaktadt
728 1633 163 33 särskilda
928 1632 159 33 arfvoden
1121 1632 53 32 för
1208 1631 178 33 enahanda
1420 1631 151 42 uppdrag
1596 1631 63 32 och
1683 1631 151 41 göromål
1857 1631 170 32 tillförene

415 1687 118 39 utgått,
567 1684 200 33 hädanefter
800 1684 193 41 inbegripas
1027 1683 120 32 under:
1171 1682 268 33 vederbörandes
1474 1682 175 33 bestämda
1687 1682 341 42 tjensteåligganden,

415 1736 132 32 hvadan
571 1736 99 32 alltså
694 1736 65 32 den
782 1735 156 33 framtida
972 1734 291 41 vedergällningen
1286 1734 52 31 för
1362 1733 103 42 sagda
1487 1733 152 42 uppdrag
1663 1733 61 33 och
1747 1732 114 43 bestyr
1883 1733 147 33 kommer

416 1790 49 30 att
487 1786 181 33 innefattas
691 1787 11 32 i
727 1787 63 32 den
815 1787 157 40 aflöning,
996 1785 155 41 gällande
1177 1788 66 30 stat
1265 1787 172 39 upptager.

551 1849 60 29 3:o.
659 1846 49 32 De
744 1846 77 32 med
855 1845 112 42 hvarje
1002 1844 189 41 befattning
1228 1844 160 33 förenade
1427 1843 431 42 tjenstgöringspenningar
1886 1843 33 32 få
1947 1854 81 31 upp-

416 1897 99 32 bäras
551 1897 118 32 endast
703 1896 52 32 för
779 1897 63 31 den
866 1896 60 39 tid,
951 1896 164 42 tjenstens
1139 1895 213 33 innehafvare
1377 1895 170 40 verkligen
1572 1894 194 42 tjenstgjort
1790 1895 83 32 eller
1896 1894 135 42 åtnjutit

418 1951 172 36 semester,
613 1959 75 21 men
712 1948 97 32 skola
831 1948 51 32 för
907 1947 63 32 den
993 1947 59 38 tid,
1082 1947 65 32 han
1173 1947 97 41 eljest
1292 1947 85 31 varit
1399 1946 72 32 från
1494 1946 269 41 tjenstgöringen
1786 1945 141 40 befriad,
1950 1947 80 39 utgå

418 1999 50 32 till
493 1999 72 40 den,
589 2010 68 21 som
682 1999 145 41 tjensten
851 1999 171 39 förrättat;
1048 1998 86 32 dock
1157 1999 53 31 må
1233 1997 221 41 Fullmäktige
1479 1996 113 33 kunna
1614 1997 167 41 medgifva
1806 1997 61 32 den
1892 1997 137 41 tjenste-

417 2061 76 21 man
529 2050 83 32 eller
646 2049 215 42 vaktbetjent,
886 2060 70 22 som
980 2049 36 32 af
1037 2049 151 42 sjukdom
1212 2048 135 33 hindras
1372 2048 72 32 från
1468 2048 219 33 bestridande
1712 2047 35 33 af
1767 2048 50 31 sin
1841 2048 113 41 tjenst,
1980 2050 50 30 att

417 2102 152 41 uppbära
604 2101 40 32 de
680 2101 52 31 för
765 2112 126 21 samma
924 2101 103 41 tjenst
1061 2100 157 32 anvisade
1252 2100 430 41 tjenstgöringspenningar
1716 2099 83 33 eller
1831 2100 112 40 någon
1977 2098 55 33 del

418 2152 103 33 deraf.

551 2206 62 30 4:0o.
659 2203 215 42 Tjensteman
916 2203 53 32 vid
1004 2201 336 43 Riksgäldskontoret
1373 2202 50 32 får
1456 2201 75 34 icke
1571 2212 110 23 annan
1715 2200 316 43 tjenstebefattning

419 2258 89 29 utom
546 2254 339 42 Riksgäldskontoret
911 2257 158 38 mottaga.
1115 2254 83 39 Den,
1222 2264 72 22 som
1316 2253 50 32 till
1389 2253 202 42 tjensteman
1615 2253 53 33 vid
1690 2252 342 42 Riksgäldskontoret
