1836 2782
253 149 42 30 54
641 148 254 30 Statsutskottets
919 152 161 28 utlåtande
1103 161 39 19 nr
1164 154 36 27 99
1223 154 36 27 år
1282 155 75 28 1957

314 227 66 30 Vid
404 228 220 39 förestående
652 230 146 31 ärendes
824 232 287 41 slutbehandling
1138 234 93 31 inom
1261 235 170 31 utskottet
1457 237 45 30 ha
1528 238 158 30 närvarit

312 289 80 30 från
418 290 138 31 första
583 293 220 30 kammaren:
832 295 122 30 herrar
979 296 125 30 Gustaf
1129 298 178 35 Karlsson,
1333 298 188 36 Gillström,
1547 301 192 35 Näsström,

256 333 145 35 Boman,
436 334 123 31 Gustaf
593 338 210 35 Andersson,
840 340 76 29 Ivar
949 341 210 36 Johansson,
1196 343 178 35 Sundelin,
1409 345 113 35 Thun,
1557 342 182 47 Bergman,

257 378 157 35 Pålsson,
441 380 130 31 Rikard
598 382 182 36 Svensson,
807 380 226 48 Mossberger,
1061 386 200 41 Söderberg,
1289 388 135 31 Anders
1450 390 198 31 Johansson
1675 392 65 30 och

258 423 123 35 Svärd;
410 428 90 27 samt

311 486 82 30 från
427 490 132 29 andra
594 490 221 31 kammaren:
852 492 122 30 herrar
1009 493 178 40 Skoglund
1223 495 11 29 i
1268 496 222 41 Doverstorp,
1526 497 212 37 Åkerström,

256 530 203 41 Malmborg,
482 533 172 40 Thapper,
678 535 106 35 Ståhl,
808 537 149 30 Persson
979 538 10 29 i
1011 538 122 40 Växjö,
1158 540 173 30 Svensson
1353 541 11 29 i
1386 542 172 39 Alingsås,
1582 543 157 31 Gustafs-

257 584 63 20 son
347 576 11 29 i
387 577 211 36 Stockholm,
627 579 136 36 Widén,
792 581 140 30 Nilsson
960 582 10 29 i
998 582 272 41 Göingegården,
1299 586 169 30 Karlsson
1496 587 10 29 i
1534 588 203 36 Olofström,

256 620 127 35 Cassel,
409 621 206 32 Gustafsson
641 624 10 29 i
678 625 196 36 Skellefteå,
901 627 162 30 Hansson
1089 629 64 29 och
1178 630 227 31 Lassinantti.

862 851 270 33 Reservationer

312 915 34 34 1)
376 916 58 30 vid
460 917 158 39 punkten
647 919 15 29 1
697 919 118 34 (Vissa
842 921 55 30 för
925 922 87 30 flera
1039 922 414 44 försvarsförvaltningar
1479 936 260 31 gemensamma

254 967 135 41 frågor)
420 979 41 20 av
486 971 80 29 herr
590 972 108 30 Ståhl.

310 1075 36 34 2)
376 1076 58 30 vid
465 1078 159 38 punkten
659 1079 40 30 14
736 1080 556 42 (Rationaliseringsverksamhet
1325 1087 64 29 och
1422 1088 110 29 andra
1563 1085 177 48 organisa-

255 1128 342 42 tionsförändringar
635 1132 96 30 inom
768 1133 189 36 försvaret)
998 1145 44 20 av
1079 1137 122 30 herrar
1237 1138 159 38 Pålsson,
1433 1139 203 33 Åkerström
1674 1143 64 30 och

256 1180 209 41 Gustafsson
494 1184 10 29 i
533 1185 196 35 Skellefteå,
758 1187 97 30 vilka
883 1190 114 28 ansett
1025 1192 50 27 att
1104 1191 171 30 utskottet
1304 1192 78 30 bort
1411 1193 177 40 tillstyrka
1616 1196 122 30 motio-

254 1244 110 21 nerna
388 1236 28 29 I:
433 1236 62 30 477
520 1238 64 29 och
608 1238 44 29 II:
669 1238 62 31 595
755 1240 65 29 och
844 1242 51 28 att
918 1241 119 30 därför

309 1288 74 30 dels
407 1290 57 30 det
486 1291 119 39 stycke
628 1291 11 29 i
661 1292 190 31 utskottets
874 1296 161 37 yttrande
1059 1296 44 39 på
1127 1306 25 20 s.
1176 1297 51 35 31,
1252 1307 74 21 som
1349 1299 120 40 börjar
1492 1302 78 29 med
1595 1302 142 30 »Såsom

253 1342 405 40 departementschefen»>
683 1346 64 29 och
768 1347 112 29 slutar
901 1349 78 29 med
1001 1349 144 39 »gjorda
1164 1351 206 38 yrkandet»,
1392 1353 77 30 bort
1489 1356 148 29 ersättas
1658 1356 78 30 med

253 1397 72 28 text
349 1405 43 20 av
415 1396 156 40 följande
597 1398 144 39 lydelse:

310 1450 139 40 >Enligt
477 1452 188 30 utskottets
694 1453 228 41 uppfattning
949 1455 84 30 böra
1061 1456 41 29 de
1131 1456 102 31 civila
1260 1459 192 35 önskemål,
1482 1469 74 21 som
1584 1462 69 30 tala
1682 1462 55 30 för

253 1502 200 31 ridskolans
475 1504 243 32 bibehållande
739 1507 59 30 vid
821 1507 241 36 Strömsholm,
1085 1510 106 39 vägas
1213 1513 73 27 mot
1309 1512 41 30 de
1372 1513 182 30 önskemål
1575 1532 44 3 —
1642 1515 94 30 såväl

252 1556 156 31 militära
432 1567 74 21 som
530 1559 101 30 civila
653 1577 44 3 —
721 1569 75 20 som
819 1560 72 31 tala
914 1561 55 30 för
992 1564 49 28 att
1065 1562 266 42 körutbildning
1354 1566 63 29 bör
1440 1566 214 40 igångsättas
1678 1568 58 31 vid

251 1610 193 30 Norrlands
467 1612 330 39 dragonregemente
819 1614 10 29 i
852 1614 151 39 enlighet
1025 1617 79 29 med
1129 1616 83 31 1956
1235 1617 56 31 års
1312 1618 287 41 riksdagsbeslut.
1623 1621 113 40 Några

252 1673 43 20 av
316 1664 103 30 dessa
441 1666 181 29 önskemål
645 1667 97 29 torde
765 1667 65 30 här
852 1668 86 29 böra
960 1669 187 31 redovisas.

307 1718 76 29 Den
405 1718 153 30 militära
582 1719 300 41 ridutbildningen
905 1721 88 31 hade
1016 1732 43 20 en
1083 1724 222 40 synnerligen
1330 1726 153 40 naturlig
1505 1727 64 29 och
1593 1728 143 40 lämplig

252 1770 296 41 förläggningsort
571 1773 58 30 vid
653 1773 242 36 Strömsholm,
919 1775 38 30 så
980 1776 99 39 länge
1102 1776 62 30 vår
1186 1777 396 41 försvarsorganisation
1604 1783 131 38 upptog

251 1824 76 30 icke
348 1824 138 31 mindre
508 1826 44 29 än
574 1826 56 39 sju
652 1826 393 41 kavalleriregementen
1067 1830 102 30 söder
1189 1840 57 20 om
1268 1832 168 30 Dalälven
1458 1834 64 29 och
1543 1835 123 29 endast
1687 1836 49 29 ett

252 1886 82 21 norr
354 1878 133 30 därom.
520 1879 218 30 Situationen
757 1881 68 29 blir
845 1890 43 20 en
908 1891 117 20 annan
1045 1882 11 29 i
1076 1883 65 29 och
1161 1885 77 29 med
1260 1886 51 28 att
1331 1885 33 29 vi
1386 1885 186 32 framdeles
1593 1887 142 30 komma

253 1932 49 28 att
328 1931 46 30 ha
401 1932 123 29 endast
549 1934 48 28 ett
622 1933 132 30 beridet
781 1937 196 36 regemente
1003 1936 64 29 och
1093 1936 95 30 detta
1214 1937 134 40 beläget
1374 1939 11 29 i
1411 1939 117 30 Umeå.
1566 1940 51 30 Av
1642 1941 93 30 häst-

251 1984 184 30 beståndet
459 1985 98 30 skola
581 1986 63 29 360
668 1986 118 31 finnas
810 1987 11 29 i
846 1987 62 30 K4
931 1988 11 29 i
966 1989 108 30 Umeå
1098 1992 73 27 mot
1194 1991 124 30 endast
1342 1992 40 29 60
1408 1992 194 40 respektive
1628 1994 38 29 15
1691 1994 44 40 på

252 2037 59 29 K1
342 2038 196 40 respektive
565 2039 73 30 K3.
677 2039 51 30 Av
755 2040 416 41 infanteriregementena
1200 2044 97 30 skola
1326 2045 123 30 endast
1478 2046 40 29 de
1547 2046 56 40 sju
1633 2047 102 30 nord-

252 2090 122 40 ligaste
401 2091 174 30 bibehålla
602 2092 119 30 hästar
748 2093 10 29 i
786 2094 55 29 sin
869 2094 248 39 organisation.
1156 2096 71 30 Mot
1253 2097 231 40 bakgrunden
1510 2099 109 30 härav
1646 2100 89 30 före-

252 2143 101 31 faller
374 2145 58 29 det
452 2147 88 28 mest
562 2146 168 39 naturligt
752 2147 64 30 och
838 2147 169 40 lämpligt,
1030 2150 50 28 att
1102 2149 67 30 den
1191 2150 153 30 militära
1366 2151 69 30 rid-
1454 2152 66 30 och
1542 2152 193 31 körutbild-

252 2198 130 39 ningen
406 2198 157 31 bedrives
588 2200 53 29 till
665 2201 239 39 övervägande
929 2202 53 29 del
1008 2202 10 29 i
1043 2202 183 36 Norrland,
1253 2204 62 29 där
1340 2204 279 40 tjänstgöringen
1646 2206 88 29 skall

251 2251 63 39 äga
333 2260 91 21 rum.
456 2252 133 30 Endast
610 2252 203 40 härigenom
835 2254 72 29 kan
926 2255 173 40 manskap
1120 2256 64 29 och
1205 2256 120 30 hästar
1345 2257 178 40 bibringas
1545 2259 66 29 den
1631 2259 104 30 önsk-

250 2304 107 30 värda
384 2304 55 30 för
465 2307 50 27 att
539 2306 73 29 inte
638 2307 82 38 säga
745 2307 222 39 nödvändiga
993 2308 261 40 anpassningen
1280 2310 52 29 till
1357 2311 66 29 och
1450 2311 283 40 förtrogenheten

250 2358 79 29 med
351 2358 69 29 den
441 2359 139 39 terräng
602 2359 64 30 och
688 2360 40 29 de
751 2360 375 31 klimatförhållanden
1147 2363 62 29 där
1231 2364 41 29 de
1295 2364 98 29 skola
1415 2364 46 30 ha
1483 2365 53 29 sin
1557 2366 177 29 verksam-

250 2410 68 35 het,
343 2412 210 39 exempelvis
577 2414 87 28 stort
688 2413 153 41 snödjup
865 2415 64 29 och
954 2415 96 29 stark
1074 2415 92 40 kyla.
1201 2416 249 40 Utbildningen
1475 2418 9 29 i
1508 2418 226 40 vintertjänst

249 2463 57 31 vid
326 2464 232 31 Strömsholm
577 2466 65 29 har
661 2476 42 20 av
721 2467 177 40 naturliga
918 2469 74 29 skäl
1011 2469 89 30 visat
1122 2470 50 39 sig
1190 2479 83 21 vara
1293 2470 357 32 otillfredsställande.
1681 2473 52 29 En
