1886 2786
405 153 455 30 Konstitutionsutskottets
882 153 179 31 utlåtande
1081 163 44 20 nr
1146 153 17 30 7
1184 153 40 30 år
1246 153 82 29 1957
1600 152 19 30 5

151 236 184 31 Utskottet.
357 238 50 30 De
429 246 89 21 ovan
538 237 180 39 återgivna
738 246 43 21 av
801 237 125 30 chefen
948 237 55 30 för
1024 238 416 39 justitiedepartementet
1461 229 149 38 anförda

106 286 122 30 skälen
250 287 55 30 för
327 289 51 29 att
401 288 182 39 uppdraga
606 288 35 29 åt
665 287 466 40 författningsutredningen
1153 289 51 28 att
1227 288 111 29 under
1362 288 61 29 sitt
1447 288 163 29 fortsatta

106 336 116 32 arbete
240 337 132 40 jämväl
392 339 170 38 överväga
580 338 126 39 frågan
724 347 60 21 om
801 338 270 39 användningen
1092 347 43 21 av
1154 338 458 40 folkomröstningsinstitu-

106 389 48 28 tet
173 388 64 29 och
256 389 107 39 pröva
382 388 45 40 på
445 389 67 29 vad
533 390 69 29 sätt
621 389 196 29 detsamma
836 388 63 30 bör
917 389 82 39 ingå
1018 389 116 30 såsom
1153 390 48 29 ett
1221 389 240 39 komplement
1480 389 52 29 till
1553 389 57 30 det

104 439 318 39 parlamentariska
447 439 226 30 statsskicket
697 439 116 30 finner
838 439 171 30 utskottet
1033 440 243 39 övertygande,
1300 439 52 30 Då
1376 439 103 30 alltså
1503 439 107 40 enligt

105 489 188 30 utskottets
314 490 143 39 mening
477 490 67 29 den
565 490 141 39 slutliga
726 490 217 40 prövningen
964 499 42 22 av
1028 490 57 30 det
1105 490 138 31 vilande
1265 490 167 40 förslaget
1452 490 52 30 till
1526 491 84 29 änd-

104 539 83 31 rade
206 540 456 39 grundlagsbestämmelser
681 550 56 20 om
758 541 296 39 folkomröstning
1074 541 61 30 bör
1155 541 214 39 uppskjutas
1390 541 65 30 och
1475 541 135 30 utskot-

104 591 49 28 tet
176 590 31 40 ej
233 590 119 31 funnit
376 591 190 39 anledning
588 593 51 28 att
661 591 12 29 i
697 591 99 39 fråga
820 600 56 21 om
901 591 214 41 uppskovets
1138 591 105 40 längd
1267 591 143 31 förorda
1434 591 175 31 avvikelse

104 640 80 30 från
210 641 58 30 det
294 650 42 21 av
362 641 127 40 Kungl.
517 641 106 40 Maj:t
650 641 197 40 framlagda
874 641 178 40 förslaget,
1079 651 103 21 anser
1208 642 172 30 utskottet
1407 642 52 39 sig
1485 641 85 31 böra
1596 641 12 30 i

103 691 115 30 denna
234 691 54 30 del
304 691 179 40 tillstyrka
498 692 264 40 propositionen
778 692 65 29 och
860 693 166 39 avstyrka
1043 693 68 30 den
1126 693 11 29 i
1153 693 188 39 anledning
1358 693 109 30 därav
1482 693 126 29 väckta

106 742 189 29 motionen.

150 792 178 39 Förslaget
347 802 58 20 om
425 793 161 39 uppskov
604 794 80 29 med
704 794 66 29 den
793 793 141 39 slutliga
953 794 217 39 prövningen
1190 803 43 20 av
1251 794 58 30 det
1328 794 139 30 vilande
1487 793 125 31 försla-

101 844 55 38 get
171 843 52 29 till
240 843 149 39 ändring
406 852 43 20 av
464 843 336 40 regeringsformens
817 844 192 39 stadgande
1026 853 57 20 om
1100 844 313 40 regeringsrättens
1431 853 176 21 samman-

104 893 155 39 sättning
277 893 65 29 har
358 893 77 31 icke
456 894 83 39 givit
557 894 172 30 utskottet
747 894 190 40 anledning
955 894 53 30 till
1026 895 152 30 erinran.

147 993 176 31 Utskottet
344 994 203 30 hemställer
571 994 113 35 alltså,

454 1046 50 29 att
523 1045 187 39 riksdagen
729 1045 80 31 ville
831 1044 136 31 besluta
987 1047 60 33 att,

459 1095 34 33 1)
523 1096 79 29 med
626 1095 100 30 bifall
750 1096 51 29 till
825 1096 263 40 propositionen
1112 1106 41 20 nr
1179 1096 61 30 168
1263 1097 11 29 i
1298 1097 231 31 förevarande
1552 1097 55 31 del

412 1145 66 30 och
505 1147 79 29 med
611 1146 119 40 avslag
757 1146 19 30 å
805 1146 180 31 motionen
1012 1147 46 30 11:
1074 1147 62 30 667
1166 1147 194 40 uppskjuta
1389 1148 215 40 prövningen

410 1205 43 20 av
477 1196 57 31 det
557 1196 57 30 vid
642 1196 83 32 1954
749 1196 57 30 års
831 1196 161 41 riksdags
1017 1197 197 31 vårsession
1239 1197 117 31 såsom
1379 1198 141 31 vilande
1545 1208 58 20 an.

411 1248 105 38 tagna
534 1247 167 39 förslaget
719 1247 51 30 till
790 1248 135 30 ändrad
943 1248 131 39 lydelse
1092 1257 43 22 av
1152 1247 41 31 49
1215 1248 16 37 8
1252 1249 18 30 2
1290 1258 105 23 mom.
1415 1250 192 39 regerings-

411 1297 138 30 formen
574 1300 92 27 samt
690 1299 14 29 1
730 1298 16 36 85
770 1298 18 30 2
811 1307 116 28 mom.,
950 1298 42 30 38
1017 1298 15 37 8
1056 1299 19 30 2
1097 1308 115 25 mom.,
1235 1299 41 30 45
1301 1299 28 37 8,
1352 1300 41 30 55
1418 1300 16 37 $
1460 1301 15 30 I
1500 1309 105 21 mom.

408 1350 92 27 samt
521 1348 41 30 58
584 1348 65 30 och
671 1349 41 30 63
737 1348 37 37 $$
798 1349 359 40 riksdagsordningen
1180 1349 52 30 till
1257 1350 82 30 1960
1362 1350 57 30 års
1442 1351 158 39 riksdag;

410 1400 92 28 samt

453 1448 37 33 2)
520 1449 78 29 med
626 1448 100 30 bifall
753 1449 53 29 till
834 1450 263 39 propositionen
1124 1452 11 29 i
1163 1450 229 30 förevarande
1421 1451 66 34 del,
1518 1460 86 31 upp-

409 1499 121 39 skjuta
551 1499 217 39 prövningen
789 1509 42 20 av
850 1500 58 29 det
930 1500 58 29 vid
1012 1500 82 30 1956
1115 1500 57 30 års
1193 1501 143 39 riksdag
1358 1501 116 30 såsom
1494 1502 110 30 vilan-

406 1549 44 31 de
468 1551 151 38 antagna
636 1549 168 40 förslaget
821 1550 52 29 till
891 1550 135 30 ändrad
1044 1550 130 40 lydelse
1192 1560 42 20 av
1252 1552 40 29 22
1313 1551 15 37 8
1348 1552 19 30 2
1385 1561 106 21 mom.
1509 1560 94 31 rege-

407 1599 236 40 ringsformen
667 1600 51 30 till
743 1600 82 30 1958
846 1600 57 30 års
924 1601 152 39 riksdag.

142 1682 201 31 Stockholm
364 1684 67 29 den
453 1683 19 30 3
493 1684 69 39 maj
589 1684 81 30 1957

507 1784 47 30 På
574 1784 446 31 konstitutionsutskottets
1040 1787 146 38 vägnar:

656 1885 183 30 HARALD
862 1885 177 30 HALLÉN

725 2128 243 29 Närvarande:

141 2184 79 30 från
250 2185 166 29 första
444 2185 221 31 kammaren:
687 2186 121 30 herrar
827 2187 110 39 Georg
956 2188 211 33 Pettersson,
1188 2188 116 33 Olsén,
1323 2188 174 34 Weiland,
1518 2189 84 28 Erik

97 2226 137 34 Olsson,
256 2227 125 29 Fritiof
403 2227 178 35 Karlsson,
604 2228 111 34 Ollén,
739 2229 123 37 Sörlin,
886 2229 155 39 Aspling,
1064 2230 234 38 Sveningsson
1319 2230 65 29 och
1407 2230 105 29 Alvar
1534 2231 69 28 An-

97 2269 160 34 dersson;
281 2271 92 27 samt

142 2327 79 29 från
262 2328 147 29 andra
450 2327 221 32 kammaren:
705 2329 121 29 herrar
858 2329 136 34 Hallén,
1025 2330 199 29 Pettersson
1256 2330 9 29 i
1296 2330 208 38 Norregård,
1533 2340 68 20 von

97 2369 152 34 Friesen,
273 2370 126 32 Norén,
423 2369 143 35 Håstad,
594 2370 210 39 Spångberg,
827 2372 154 28 Jonsson
1004 2372 10 28 i
1039 2372 145 35 Haverö,
1209 2372 185 34 Sehlstedt,
1419 2372 147 30 Hamrin
1592 2372 9 30 i

96 2411 199 40 Jönköping
316 2411 65 30 och
403 2412 146 30 Dahlén.
