1892 2838
355 150 41 32 34
717 153 318 33 Bankoutskottets
1058 155 186 32 utlåtande
1269 157 54 31 Nr
1352 155 51 31 42.

312 228 265 32 vederbörande
610 229 319 32 vaktbefälhavare
960 231 198 31 underlåtit
1185 233 54 30 att
1271 232 156 32 förvissa
1458 234 55 36 sig
1543 244 58 21 om
1629 235 54 30 att
1714 244 99 22 man-

310 280 146 36 skapets
478 282 111 34 gevär
613 281 95 32 varit
729 281 185 37 oladdade,
935 284 50 29 ett
1015 283 5 31 i
1044 283 383 37 kompanikorridoren
1451 285 77 36 lagt
1550 288 112 34 gevär
1685 296 46 21 av
1756 297 57 21 vo-

311 331 165 31 lontären
494 332 97 31 Emil
610 332 174 32 Thorsten
803 333 127 32 Wizell
949 335 164 36 upplyfts
1133 336 13 30 i
1166 335 309 38 färdigställning,
1495 337 132 32 därvid
1646 339 51 30 ett
1716 338 97 31 skott

311 382 149 33 brunnit
484 394 44 20 av
553 384 66 31 och
642 384 130 31 träffat
797 384 177 33 Vestlund
996 386 13 31 i
1033 386 171 37 ansiktet;
1229 389 55 30 att
1306 387 196 33 Vestlunds
1526 389 115 36 högra
1665 392 68 34 öga
1756 390 57 31 till

311 434 94 37 följd
423 445 44 21 av
487 435 139 32 skadan
645 437 93 30 måst
760 438 146 35 uttagas
927 439 92 30 samt
1041 439 55 30 att
1117 438 113 37 enligt
1251 438 211 39 läkarintyg
1483 450 115 27 synen
1620 442 22 29 å
1661 442 152 30 vänstra

310 488 86 34 ögat
423 489 168 29 avsevärt
619 487 174 37 nedsatts;
822 490 55 29 att
907 489 262 32 vederbörande
1197 491 380 37 regementskrigsrätt
1603 501 126 28 genom
1757 496 53 29 ut-

309 537 80 37 slag
413 538 66 32 den
500 539 18 29 2
541 548 99 21 mars
661 539 78 31 1926
760 539 111 32 bland
894 541 110 30 annat
1026 541 127 31 utlåtit
1176 541 64 37 sig,
1264 544 55 29 att
1343 542 223 37 krigsrätten
1590 545 142 36 ansåge,
1756 546 55 30 att

310 590 73 31 vad
405 590 73 30 mot
501 590 127 31 Wizell
649 590 228 32 förekommit
898 592 76 31 icke
995 592 118 32 kunde
1137 602 102 22 anses
1260 595 158 35 svårare,
1442 597 47 29 än
1512 597 56 30 att
1589 596 73 31 han
1685 604 125 28 genom

310 641 223 32 vårdslöshet
557 642 253 37 ouppsåtligen
835 643 96 31 varit
955 644 166 32 vållande
1145 645 58 31 till
1226 645 69 31 den
1319 646 177 32 Vestlund
1519 647 190 37 tillfogade
1733 648 78 32 ska-

310 693 82 36 dan,
417 695 167 30 ävensom
608 695 54 30 att
687 694 264 32 vederbörande
975 695 341 33 vaktbefälhavares
1342 697 247 33 försummelse
1615 699 13 31 i
1651 699 160 37 tjänsten

309 744 80 32 icke
409 754 83 21 vore
514 755 45 20 av
579 745 262 37 beskaffenhet,
862 747 54 30 att
935 747 71 31 han
1025 747 164 37 skäligen
1208 748 119 32 kunde
1349 759 102 22 anses
1473 750 160 37 delaktig
1655 752 13 30 i
1688 754 122 28 nämmn-

310 796 47 31 da
382 796 179 36 vållande;
589 800 55 28 att
668 797 222 37 krigsrätten
915 798 218 37 förpliktade
1159 799 125 32 Wizell
1309 802 54 30 att
1385 819 40 4 —
1450 802 159 31 förutom
1634 802 178 37 gäldande

309 858 47 20 av
382 848 200 37 ersättning
609 848 57 32 till
689 849 178 33 Vestlund
892 850 55 31 för
972 851 110 31 sveda
1107 852 65 30 och
1198 852 91 31 värk
1313 855 93 29 samt
1430 853 282 36 stadigvarande
1735 855 77 36 lyte

308 900 83 31 med
412 900 94 31 vissa
529 900 161 36 angivna
710 900 126 37 belopp
860 920 40 4 —
922 902 223 37 månatligen
1167 902 57 32 till
1247 903 179 33 Vestlund
1447 905 128 36 utgiva
1598 906 58 31 150
1680 906 132 31 kronor

309 951 87 30 från
423 952 57 30 det
507 951 179 33 Vestlund
712 952 112 32 slutat
852 952 58 32 sin
934 953 222 38 anställning
1182 955 62 31 vid
1270 955 248 37 krigsmakten
1545 957 59 32 till
1632 958 78 31 dess
1738 958 70 31 han

309 1002 87 37 fyllt
420 1002 178 37 tjugofem
620 1005 41 30 år
685 1006 93 30 samt
803 1005 159 31 därefter
987 1006 58 31 200
1070 1006 131 32 kronor
1224 1007 114 31 under
1364 1008 196 32 Vestlunds
1584 1010 227 31 återstående

308 1054 145 37 levnad;
480 1056 53 30 att
557 1055 129 31 besvär
708 1058 83 29 över
815 1056 283 37 ifrågavarande
1120 1058 120 36 utslag
1264 1058 142 32 anförts
1429 1060 63 30 hos
1516 1060 294 37 krigshovrätten

309 1116 46 20 av
379 1105 109 33 bland
509 1107 116 31 andra
648 1107 137 37 Wizell;
813 1109 55 29 att
890 1108 302 37 krigshovrätten,
1215 1120 76 21 som
1316 1111 68 31 den
1406 1111 18 30 5
1448 1111 147 32 oktober
1617 1112 77 31 1926
1716 1113 96 32 med-

309 1157 126 32 delade
463 1158 120 36 utslag
612 1159 12 30 i
653 1158 118 37 målet,
797 1159 34 36 ej
861 1160 90 30 fann
978 1160 78 31 skäl
1085 1163 86 34 göra
1198 1162 157 36 ändring
1381 1162 13 31 i
1422 1163 241 36 krigsrättens
1690 1165 120 36 utslag

309 1210 101 30 utom
437 1209 12 31 i
478 1210 70 31 vad
575 1211 132 35 avsåge
734 1211 127 31 Wizell
889 1212 127 31 ådömd
1044 1222 163 21 ansvars-
1235 1213 66 31 och
1330 1214 438 38 ersättningsskyldighet,
1798 1215 12 33 i

309 1260 113 31 vilket
445 1261 201 32 hänseende
667 1262 294 37 krigshovrätten
981 1264 157 36 prövade
1160 1264 131 37 lagligt
1313 1266 64 37 att,
1400 1266 80 32 med
1501 1267 240 36 upphävande
1765 1278 46 20 av

307 1312 241 37 krigsrättens
575 1313 131 37 utslag,
732 1314 113 32 såvitt
872 1315 102 31 rörde
999 1315 136 37 Wizell,
1163 1316 163 31 förklara
1353 1318 68 30 den
1447 1320 73 29 mot
1547 1319 131 31 honom
1705 1320 106 31 förda

308 1373 164 22 ansvars-
497 1365 65 30 och
587 1365 324 36 ersättningstalan
934 1366 76 31 icke
1033 1367 124 31 kunna
1180 1367 162 37 bifallas;
1370 1371 54 30 att
1448 1371 115 35 några
1588 1371 127 31 besvär
1736 1373 76 30 mot

307 1415 285 37 ifrågavarande
625 1416 118 37 utslag
773 1417 79 31 icke
884 1417 105 32 blivit
1020 1418 163 37 anförda,
1215 1420 124 31 varför
1373 1421 156 36 utslaget
1563 1422 130 31 vunnit
1725 1423 85 37 laga

307 1467 116 36 kraft;
452 1469 53 29 att
531 1468 179 32 Vestlund
737 1469 68 31 den
830 1469 39 31 31
894 1469 144 31 oktober
1067 1470 78 31 1926
1170 1471 198 32 meddelats
1393 1473 133 32 avsked
1554 1474 85 31 från
1665 1474 56 31 sin
1749 1485 59 20 an-

306 1519 175 37 ställning
510 1519 62 32 vid
599 1519 283 33 Västmanlands
910 1522 215 36 regemente;
1155 1524 53 29 att
1236 1523 489 38 riksförsäkringsanstalten
1753 1535 56 28 ge-

306 1580 85 21 nom
412 1570 142 38 slutligt
576 1571 118 31 beslut
714 1572 68 32 den
800 1573 41 30 27
862 1572 80 36 juni
962 1573 77 31 1930
1061 1574 186 32 tillerkänt
1270 1574 178 33 Vestlund
1470 1576 162 32 livränta
1652 1578 80 31 med
1751 1579 60 30 960

306 1622 133 31 kronor
464 1623 56 30 för
546 1624 52 35 år,
625 1623 112 32 därav
761 1624 59 31 720
846 1624 130 32 kronor
1001 1625 114 37 enligt
1142 1626 76 31 1909
1245 1627 60 31 års
1331 1626 478 40 militärtjänstgöringsför-

306 1674 156 37 ordning
487 1675 64 31 och
578 1675 60 31 240
662 1675 131 31 kronor
819 1676 114 36 enligt
956 1677 77 30 1916
1059 1678 60 30 års
1146 1677 505 40 olycksfallsersättningslag,
1679 1682 129 31 varvid

306 1725 284 37 ifrågavarande
620 1727 204 36 ögonskada
852 1729 134 30 ansetts
1014 1729 163 31 medföra
1203 1739 44 21 en
1274 1730 231 38 nedsättning
1537 1742 45 21 av
1612 1732 198 33 Vestlunds

306 1777 289 37 arbetsförmåga
623 1779 81 31 med
731 1779 38 30 80
798 1782 147 33 procent
974 1780 64 31 och
1067 1780 195 33 Vestlunds
1290 1782 296 37 arbetsförtjänst
1615 1785 194 32 beräknats

306 1829 59 30 till
392 1829 87 36 1,800
505 1829 147 37 kronor;
682 1832 53 29 att
764 1830 330 38 försäkringsrådet
1120 1833 81 31 med
1224 1834 81 31 stöd
1333 1844 45 20 av
1404 1835 199 36 stadgande
1631 1837 13 29 i
1672 1837 134 36 olycks-

305 1880 421 38 iallsförsäkringslagen
751 1891 128 27 genom
902 1883 115 32 beslut
1039 1884 69 31 den
1130 1885 39 30 26
1192 1885 149 36 augusti
1364 1886 78 31 1930
1464 1887 186 37 medgivit,
1673 1890 53 30 att
1751 1888 58 32 för

305 1932 200 32 beredande
528 1943 46 21 av
597 1933 206 37 utbildning
828 1934 38 32 åt
890 1934 176 33 Vestlund
1089 1936 62 31 vid
1173 1937 243 35 gymnastiskt
1438 1938 148 32 institut
1606 1941 51 30 ett
1680 1940 129 37 belopp

305 1994 48 20 av
374 1984 59 31 100
454 1984 131 32 kronor
610 1994 47 21 av
681 1986 67 30 den
770 1985 115 37 enligt
909 1987 111 35 sagda
1041 1987 61 36 lag
1126 1988 177 36 utgående
1327 1989 186 32 livräntan
1535 1990 101 38 finge
1660 1992 148 36 utbytas

304 2037 95 30 emot
417 2037 50 30 ett
484 2036 141 36 kapital
646 2037 56 31 för
721 2047 43 21 en
784 2038 96 36 gång
900 2047 44 22 av
964 2038 87 36 1,790
1070 2039 141 37 kronor,
1230 2039 58 32 till
1308 2040 93 37 följd
1420 2051 114 22 varav
1554 2042 252 37 ifrågavaran-

305 2087 43 31 de
375 2087 285 38 livräntebelopp
686 2088 114 31 skulle
826 2089 85 31 från
936 2090 64 31 och
1026 2091 81 31 med
1131 2091 112 36 sagda
1270 2092 70 36 dag
1367 2093 88 36 utgå
1481 2094 81 31 med
1589 2096 51 31 ett
1667 2095 57 32 till
1747 2096 59 30 140

302 2138 134 31 kronor
458 2139 56 31 för
537 2140 41 30 år
603 2139 141 32 nedsatt
765 2140 129 37 belopp
917 2141 64 31 och
1002 2141 70 31 den
1094 2143 272 37 sammanlagda
1390 2144 185 32 livräntan
1596 2147 131 36 utgöra
1749 2148 60 30 820

304 2190 133 32 kronor
482 2191 55 31 för
584 2192 56 35 år;
677 2194 91 29 samt
795 2194 56 29 att
878 2192 177 33 Vestlund
1083 2193 74 32 dels
1183 2194 64 32 hos
1274 2195 340 39 försäkringsrådet,
1641 2198 73 32 dels
1742 2199 64 32 hos

304 2242 135 37 Kungl.
462 2242 111 37 Maj:t
595 2243 155 31 anhållit
772 2254 58 21 om
853 2244 150 37 höjning
1026 2255 47 21 av
1097 2245 67 31 den
1186 2246 58 31 till
1265 2246 131 32 honom
1419 2249 178 35 utgående
1619 2249 187 33 livräntan

304 2301 128 28 genom
460 2295 53 31 att
542 2295 70 31 den
641 2295 55 31 för
725 2295 129 32 honom
883 2296 207 32 fastställda
1116 2297 341 37 arbetsförtjänsten
1484 2300 116 32 skulle
1629 2301 176 33 beräknas

303 2344 59 31 till
391 2345 109 37 högre
527 2346 128 37 belopp
683 2349 46 28 än
754 2356 75 22 som
856 2348 63 35 ägt
944 2358 90 27 rum,
1063 2348 99 31 vilka
1191 2347 315 41 framställningar
1533 2361 127 28 genom
1688 2353 116 33 beslut

304 2407 46 20 av
376 2397 329 37 försäkringsrådet
730 2399 67 31 den
820 2399 39 30 22
883 2399 80 36 juni
985 2400 78 31 1933
1086 2401 65 31 och
1175 2410 44 22 av
1244 2401 135 37 Kungl.
1403 2403 110 37 Maj:t
1537 2404 68 32 den
1629 2405 19 30 1
1672 2405 132 32 decem-

303 2448 64 31 ber
387 2458 137 21 samma
547 2451 41 29 år
611 2450 77 31 icke
710 2450 173 31 föranlett
905 2452 117 35 någon
1044 2452 349 36 försäkringsrådets
1413 2455 86 31 eller
1519 2456 136 37 Kungl.
1676 2456 130 38 Maj:ts

302 2500 141 36 åtgärd.
