2144 2622
664 156 248 34 Statsutskotters
942 158 166 32 Utlåtande
1131 159 62 32 N:o
1219 161 53 31 20.
1702 163 17 43 1

863 650 86 47 N:o
981 649 79 49 20.

648 815 80 29 Ank.
754 816 49 28 till
827 815 109 30 Riksd.
961 816 102 28 kansli
1086 817 59 29 den
1173 820 37 26 12
1234 817 135 30 februari
1396 820 93 32 1909,
1513 819 43 29 kl.
1583 822 16 26 5
1625 829 25 19 e.
1675 830 39 20 m.

365 962 196 36 Utlåtande
590 964 186 44 angående
804 964 365 44 riksgäldskontorets
1191 965 233 45 förvaltning
1454 967 118 35 under
1599 967 67 36 den
1693 967 64 43 tid,

556 1043 76 24 som
653 1032 168 44 förflutit
848 1033 110 35 sedan
985 1033 265 44 ansvarsfrihet
1268 1039 122 32 senast
1410 1036 236 36 tillerkändes
1660 1036 98 44 full-

557 1102 154 45 mäktige
739 1103 13 32 i
781 1103 161 35 nämnda
972 1103 137 35 kontor.

1483 1157 56 48 (R.
1569 1157 59 49 A.)

287 1306 122 37 Sedan
438 1308 282 36 statsutskottet
748 1309 96 48 tagit
872 1309 213 36 kännedom
1106 1322 60 24 om
1187 1311 71 35 den
1279 1311 41 36 af
1336 1311 239 50 Riksdagens
1596 1315 40 33 år
1659 1314 96 35 1908

157 1359 224 37 församlade
421 1360 182 35 revisorer
645 1359 145 49 afgifna
830 1360 226 38 berättelsen
1098 1374 60 23 om
1202 1363 238 49 granskning
1482 1364 41 35 af
1546 1364 209 49 riksgälds-

155 1412 194 35 kontorets
391 1411 167 36 tillstånd
600 1411 70 36 och
713 1411 232 50 förvaltning
987 1419 97 30 samt
1125 1414 214 48 genomläst
1368 1415 45 36 de
1440 1415 203 49 protokoll,
1674 1428 81 24 som

154 1463 126 36 blifvit
312 1462 106 37 förda
447 1463 68 36 hos
544 1463 237 49 fullmäktige
809 1464 12 36 1
848 1464 366 49 riksgäldskontoret
1243 1466 93 36 efter
1365 1467 71 36 den
1465 1469 49 34 24
1544 1467 212 49 september

158 1516 109 47 1908,
297 1514 83 37 med
410 1515 153 36 hvilken
592 1515 75 48 dag
689 1516 251 36 revisorernas
959 1517 450 50 protokollsgranskning
1428 1519 157 46 slutade,
1608 1520 55 36 till
1686 1520 69 36 och

155 1566 85 36 med
269 1567 71 36 den
372 1568 44 34 19
442 1566 150 49 januari
623 1568 110 46 1909,
762 1567 152 37 hvilken
943 1569 75 47 dag
1046 1569 257 49 fullmäktiges
1331 1570 200 37 berättelse
1559 1571 56 36 till
1644 1572 110 36 Riks-

155 1618 123 49 dagen
306 1618 124 36 blifvit
459 1618 180 48 afgifven,
669 1619 56 35 får
752 1620 183 36 utskottet
965 1633 50 22 nu
1044 1620 169 37 meddela
1241 1622 175 47 yttrande
1445 1623 11 35 i
1485 1623 205 49 anledning
1718 1624 41 35 af

154 1669 168 47 berörda,
353 1670 155 35 sålunda
536 1670 227 36 verkställda
792 1671 248 48 granskning.

913 1793 83 46 1:0).

283 1877 198 45 Angående
509 1877 249 37 skillnaderna
786 1878 143 44 mellan,
958 1880 21 34 å
1008 1890 66 25 ena
1102 1880 119 43 sidan,
1250 1883 136 33 statens
1414 1881 259 45 ränteutgifter
1687 1881 67 44 för

155 1928 61 35 lån
256 1932 190 42 upptagna
481 1929 69 44 för
585 1932 136 33 statens
742 1932 210 43 järnvägar
979 1934 93 32 samt
1094 1931 66 43 för
1190 1932 282 37 låneunderstöd
1500 1933 58 35 till
1587 1934 165 35 enskilda

151 1982 205 43 järnvägar
383 1981 76 46 och,
489 1982 21 33 å
539 1982 118 34 andra
685 1982 117 43 sidan,
831 1986 136 32 statens
996 1984 195 35 inkomster
1219 1985 13 34 i
1262 1984 165 35 behållna
1441 1985 310 44 järnvägstrafik-

152 2032 114 35 medel
293 2035 93 32 samt
414 2032 48 43 af
484 2032 165 36 enskilda
671 2033 305 45 järnvägsbelags
1003 2034 267 36 räntelikvider.

283 2082 71 35 Till
383 2082 236 47 fullföljande
648 2084 40 35 af
712 2083 45 36 de
785 2084 205 47 uppgifter,
1021 2085 278 36 statsutskottet
1328 2086 62 35 vid
1411 2086 226 48 föregående
1657 2087 95 36 riks-

153 2132 117 48 dagar
310 2133 142 36 lämnat
494 2134 10 35 i
546 2135 113 35 ofvan
702 2135 153 48 angifna
888 2134 224 47 hänseende,
1143 2135 56 36 får
1227 2136 183 37 utskottet
1440 2150 50 23 nu
1520 2137 232 37 beträffande

152 2183 62 36 det
242 2190 127 30 senast
398 2185 309 49 tilländagångna
736 2187 76 35 året
845 2187 95 35 1908
971 2186 169 36 meddela
1170 2187 177 49 följande.

241 2244 73 32 Bih.
339 2245 49 31 till
414 2244 109 32 Riksd.
549 2245 88 31 Prot.
665 2247 91 31 1909.
805 2246 19 30 4
848 2245 96 31 Saml.
995 2248 15 27 1
1037 2245 78 41 Afd.
1165 2247 40 31 14
1230 2247 92 40 Häöft.
1368 2247 77 41 (N:o
1469 2250 67 37 20)
1692 2250 14 30 1
