2162 2618
440 179 40 31 10
894 176 251 32 Statsutskottets
1175 174 168 33 Utlåtande
1368 173 61 32 N:o
1455 172 53 31 20.

391 256 165 37 varande
598 255 281 46 betänkanden,
910 253 131 37 hvilka
1068 252 186 49 gifvetvis
1283 251 122 37 skulle
1435 251 13 36 i
1475 249 155 37 bundna
1660 246 196 49 exemplar
1883 248 125 33 tinnas

395 313 55 31 att
492 300 108 55 tillgå
639 307 70 36 hos
738 306 244 48 Riksdagens
1011 305 152 36 kamrar
1191 304 70 36 och
1289 303 161 47 utskott,
1479 301 85 36 från
1593 299 169 37 förrådet
1789 298 12 36 i
1830 297 180 36 obundna

392 359 198 49 exemplar
631 360 49 47 på
722 358 228 36 rekvisition
992 355 308 38 tillhandahållas
1343 355 96 47 dem,
1483 366 80 23 som
1593 356 64 31 äro
1686 349 240 48 berättigade
1956 354 54 30 att

392 411 145 36 erhålla
563 410 302 48 riksdagstryck.

525 461 150 37 Genom
704 461 233 49 vidtagande
966 462 41 34 af
1032 460 140 36 sådana
1207 459 167 36 ändrade
1404 456 261 48 anordningar
1692 453 122 37 skulle
1834 451 175 37 otvifvel-

394 514 124 49 aktigt
566 513 197 49 upplagan
805 513 41 36 af
883 512 132 48 hvarje
1057 510 443 37 kommittébetänkande
1544 508 130 35 kunna
1715 505 33 49 ej
1794 503 216 49 obetydligt

394 566 170 36 minskas
606 571 99 30 samt
749 565 184 47 därjämte
977 577 48 23 en
1054 563 177 36 afsevärd
1261 562 209 50 besparing
1498 561 12 35 i
1537 556 471 49 bindningskostnaderna

394 620 121 34 ernås.
554 617 150 36 Endast
722 615 427 49 bindningskostnaden
1169 614 60 36 för
1250 615 46 35 de
1316 614 76 36 fem
1407 613 101 36 band
1525 607 485 46 kommittébetänkanden,

395 682 82 24 som
519 669 92 48 ingå
639 668 12 36 i
684 669 97 36 1907
826 670 60 34 års
927 667 306 48 riksdagstryck,
1275 665 189 37 beräknas
1505 663 117 36 hafva
1654 661 149 49 utgjort
1831 658 180 48 omkring

395 722 114 46 2.800
551 720 153 47 kronor,
735 720 72 36 och
835 719 107 36 torde
972 718 269 37 motsvarande
1271 717 205 37 kostnader
1506 715 58 36 för
1592 711 259 38 innevarande
1880 713 52 44 år,
1963 710 47 35 då

394 771 501 38 kommittébetänkandena
937 776 173 44 upptaga
1143 770 85 36 icke
1259 769 146 36 mindre
1435 773 47 30 än
1512 766 101 38 elfva
1640 765 115 45 band,
1784 763 137 49 belöpa
1949 761 63 49 sig

393 824 59 36 till
481 823 179 49 omkring
690 824 113 46 6,000
832 823 150 36 kronor.
1146 854 3 3 .

527 875 102 37 Utan
663 875 138 36 tvifvel
829 875 108 35 torde
967 873 226 49 minskning
1221 873 12 36 i
1263 874 45 35 de
1336 879 49 42 på
1413 884 133 24 senare
1575 872 41 33 år
1644 870 12 35 i
1684 866 201 48 betänklig
1913 866 98 47 grad

396 927 179 49 stegrade
622 927 260 36 kostnaderna
928 927 58 35 för
1027 925 333 49 riksdagstrycket
1400 923 130 36 kunna
1572 920 283 38 åstadkommas
1897 918 115 35 äfven

395 993 142 35 genom
580 979 119 36 andra
742 978 178 48 åtgärder
962 983 49 30 än
1053 977 45 37 de
1137 977 42 36 af
1211 977 240 36 revisorerna
1486 988 51 22 nu
1565 972 178 44 berörda;
1774 969 239 49 exempelvis

399 1044 114 36 synes
555 1030 63 36 det
659 1030 94 36 böra
794 1035 111 42 tagas
933 1029 13 36 i
974 1028 300 49 öfvervägande,
1312 1027 188 36 huruvida
1527 1025 84 36 icke
1639 1036 138 36 genom
1810 1035 46 23 en
1885 1021 127 36 bättre

399 1082 220 49 fördelning
648 1081 42 36 af
715 1081 147 36 arbetet
888 1080 141 37 mellan
1059 1081 45 35 de
1133 1080 103 36 olika
1263 1078 273 49 tryckerierna,
1562 1074 181 38 särskildt
1762 1073 101 37 hvad
1882 1072 130 49 tryck-

398 1135 146 48 ningen
587 1134 41 36 af
668 1131 503 50 statsverkspropositionen
1213 1130 193 47 beträffar,
1435 1143 46 23 en
1511 1128 60 36 del
1600 1127 41 37 af
1666 1125 256 37 kostnaderna
1954 1123 59 36 för

396 1185 211 50 tryckning
637 1188 20 33 å
686 1199 29 22 s.
746 1185 36 35 k.
813 1184 166 36 öfvertid
1009 1183 122 37 skulle
1159 1183 130 36 kunna
1316 1182 191 49 besparas.

528 1237 60 36 En
630 1242 175 31 närmare
845 1235 209 49 utredning
1095 1240 41 31 är
1177 1233 209 38 emellertid
1416 1231 285 47 otvifvelaktigt
1730 1229 43 36 af
1797 1229 128 35 nöden
1953 1227 60 36 för

396 1289 215 37 utrönande
640 1289 12 35 i
681 1288 102 37 hvad
819 1292 86 32 mån
935 1287 72 37 och
1034 1290 49 46 på
1111 1287 148 36 hvilket
1288 1290 76 32 sätt
1391 1284 223 49 lämpligast
1640 1281 253 49 besparingar
1921 1279 12 36 i
1962 1292 51 22 nu

396 1341 296 48 ifrågavarande
722 1340 179 37 afseende
930 1342 61 33 må
1019 1339 131 36 kunna
1178 1338 151 45 vinnas;
1359 1337 71 36 och
1455 1335 194 37 föreställa
1676 1333 62 49 sig
1762 1332 250 45 revisorerna,

397 1398 57 31 att
483 1406 47 23 en
559 1392 117 37 sådan
705 1391 217 48 utredning,
951 1391 159 36 hvilken
1138 1390 157 36 kräfver
1324 1388 162 37 särskild
1514 1386 258 48 sakkunskap,
1801 1383 212 49 lämpligen

398 1444 121 37 skulle
549 1445 130 41 kunna
708 1444 121 36 under
856 1442 290 38 öfverinseende
1175 1442 43 36 af
1242 1441 241 48 Riksdagens
1504 1436 359 50 kanslideputerade
1884 1434 129 37 anför-

397 1502 81 31 tros
506 1499 38 33 åt
572 1496 244 48 Riksdagens
844 1494 422 50 tryckeriexpedition.»

530 1548 73 36 Vid
644 1548 187 50 remissen
859 1547 12 36 i
899 1547 135 36 Första
1072 1546 233 36 Kammaren
1345 1544 42 37 af
1426 1546 99 34 årets
1560 1537 452 52 statsverksproposition

398 1600 98 35 hade
523 1599 89 37 herr
641 1599 47 37 G.
719 1599 42 37 F.
792 1598 167 49 Östberg
986 1603 57 31 ett
1070 1597 179 49 yttrande
1270 1597 12 35 i
1302 1596 124 37 denna
1446 1596 120 47 fråga,
1587 1592 151 37 hvaruti
1757 1591 77 36 han
1854 1590 158 36 anförde

397 1651 118 37 bland
544 1657 118 30 annat
691 1650 183 49 följande:

529 1703 74 36 För
645 1703 53 36 tio
741 1706 42 33 år
824 1703 116 36 sedan
981 1702 92 37 eller
1105 1704 41 33 år
1178 1702 97 35 1899
1305 1700 201 49 uppgingo
1535 1695 437 49 riksdagskostnaderna
2001 1693 11 35 i

398 1755 59 36 sin
486 1755 130 36 helhet
643 1754 59 36 till
733 1756 164 45 604,899
926 1754 143 36 kronor
1100 1755 46 35 70
1175 1758 77 41 öre,
1273 1755 43 33 år
1338 1753 98 35 1908
1457 1751 95 36 hade
1573 1750 45 36 de
1638 1748 110 49 stigit
1767 1746 58 37 till
1846 1746 165 47 984,503

398 1807 141 36 kronor
582 1809 47 34 14
672 1811 78 42 öre,
793 1806 146 36 således
981 1819 47 23 en
1065 1805 176 49 stegring
1273 1807 48 46 på
1350 1804 112 36 dessa
1489 1803 54 35 tio
1573 1804 41 34 år
1642 1800 41 36 af
1710 1798 101 41 62'/+
1841 1802 171 45 procent.

399 1857 57 37 De
485 1858 13 36 i
527 1859 108 36 dessa
676 1858 207 36 kostnader
915 1857 192 48 ingående
1147 1855 213 49 utgifterna
1392 1855 61 36 för
1485 1853 213 49 tryckning
1726 1851 72 37 och
1826 1849 189 47 bindning

398 1909 133 38 visade
574 1909 214 38 emellertid
829 1922 48 24 en
920 1909 191 49 betydligt
1153 1913 121 31 större
1317 1906 189 49 stegring.
1565 1903 247 38 Sistnämnda
1840 1902 173 47 utgifter,

400 1975 84 22 som
526 1965 41 34 år
602 1963 99 35 1899
731 1961 180 48 utgjorde
942 1963 164 45 141,443
1136 1960 143 35 kronor
1310 1961 46 34 73
1386 1963 77 41 öre,
1493 1956 96 37 hade
1617 1955 197 49 nämligen
1843 1957 41 33 år
1915 1955 99 36 1908

400 2013 111 49 stigit
552 2014 57 36 till
652 2015 165 45 418,067
861 2013 141 36 kronor
1046 2014 46 34 10
1135 2017 65 31 öre
1242 2011 93 36 eller
1372 2009 57 37 till
1463 2014 92 31 nära
1582 2014 59 30 tre
1669 2010 151 46 gånger
1848 2009 41 33 så
1918 2006 98 48 högt

398 2064 152 51 belopp.

532 2119 68 35 Att
643 2116 459 50 tryckningskostnaden,
1145 2115 65 36 vid
1244 2114 157 37 hvilken
1429 2113 65 37 det
1523 2116 139 33 största
1690 2111 180 36 intresset
1899 2109 117 37 knöte

401 2168 72 49 sig,
503 2168 195 51 betydligt
726 2169 123 46 ökats,
878 2181 91 23 vore
998 2167 200 49 naturligt,
1229 2166 48 36 då
1304 2166 224 48 volymerna
1556 2163 108 36 vuxit
1693 2166 41 33 så
1763 2162 152 49 mycket
1944 2162 71 36 och

399 2220 123 49 priset
549 2224 50 46 på
627 2221 67 37 allt
722 2220 112 49 tryck
863 2224 177 45 stegrats.
1089 2218 49 37 Så
1167 2217 210 38 omfattade
1405 2214 420 50 riksdagsprotokollen
1854 2216 40 34 år
1917 2214 97 36 1899

406 2273 70 36 191
522 2274 80 47 ark,
645 2286 88 24 men
776 2275 40 34 år
857 2272 97 36 1908
986 2273 71 34 351
1090 2270 80 47 ark,
1200 2269 145 49 Kungl.
1376 2269 130 48 Maj:ts
1536 2266 282 50 propositioner
1846 2268 41 34 år
1918 2266 98 35 1899
