1904 2850
99 2450 168 30 Oktrojtiden.

336 188 40 30 22
641 181 418 38 Bevillningsutskottets
1082 178 223 32 betänkande
1326 176 53 32 Nr
1402 176 52 29 20.

295 264 215 36 behandling
533 263 12 30 i
568 261 258 35 sammanhang
849 259 81 32 med
953 256 210 39 spörsmålet
1186 266 57 21 om
1264 265 43 21 en
1330 253 193 35 omdaning
1547 262 46 21 av
1617 251 68 31 den
1707 251 84 30 stat-

294 317 74 36 liga
392 313 406 34 affärsverksamhetens
824 311 157 37 grunder
1005 310 64 31 och
1094 309 142 34 former,
1260 306 57 32 till
1340 305 124 32 vilken
1486 304 127 35 bidrag
1637 302 156 31 lämnats

295 369 64 30 och
378 367 212 37 ytterligare
610 367 129 30 väntas
760 363 166 32 lämnade
949 371 124 27 genom
1095 357 454 37 socialiseringsnämnden.
1592 355 126 31 Ehuru
1739 354 53 30 ut-

296 421 132 31 skottet
447 419 75 31 icke
542 419 116 30 ansett
677 417 57 31 det
753 416 122 31 kunna
895 414 265 37 ifrågakomma
1180 413 53 30 att
1251 411 62 31 vid
1332 411 67 30 den
1418 419 48 20 nu
1486 408 204 35 föreslagna
1709 415 85 26 upp-

294 470 150 33 låtelsen
488 481 45 20 av
568 466 385 39 monopolrättigheten
979 465 130 36 frångå
1134 462 371 36 aktiebolagsformen,
1530 459 65 31 har
1620 457 173 32 utskottet

294 523 115 31 likväl
428 522 120 32 funnit
567 522 67 31 den
652 531 46 21 av
716 520 82 31 herr
817 519 219 35 Magnusson
1054 517 13 30 i
1086 515 152 32 Kalmar
1257 513 201 32 framförda
1477 510 227 38 synpunkten
1724 509 68 30 för-

297 575 103 37 tjäna
418 576 54 29 att
491 573 343 37 uppmärksammas,
853 570 34 36 ej
908 570 109 30 minst
1036 568 80 31 med
1135 568 141 35 hänsyn
1294 565 126 32 därtill
1436 565 64 34 att,
1520 563 109 31 sedan
1649 562 58 31 det
1725 560 71 37 pri-

297 625 290 33 vatekonomiska
607 624 166 31 intresset
794 623 98 30 inom
914 622 139 35 bolaget
1074 619 180 37 praktiskt
1275 619 98 34 taget
1394 615 149 32 kommit
1564 616 54 29 att
1640 613 154 35 avkopp-

298 678 60 37 las,
382 679 42 31 de
448 677 152 36 tidigare
623 675 198 36 åberopade
844 673 125 32 skälen
992 673 54 30 för
1068 670 218 37 monopolets
1308 667 263 33 handhavande
1594 676 45 21 av
1663 667 50 30 ett
1736 664 58 31 ak-

299 730 152 36 tiebolag
472 729 76 31 icke
570 728 124 36 längre
716 726 114 33 skulle
852 726 141 31 komma
1015 726 54 30 att
1091 726 70 33 äga
1182 731 134 23 samma
1339 720 168 37 giltighet
1530 728 74 22 som
1624 717 171 32 tillförne.

297 782 124 31 Såsom
442 791 42 21 en
506 779 259 36 förutsättning
786 780 54 29 att
861 776 159 37 uppgiva
1040 774 363 36 aktiebolagsformen
1422 773 63 30 bör
1506 770 89 32 dock
1615 769 106 37 gälla,
1742 769 53 31 att

296 844 43 21 en
360 843 121 21 annan
501 831 359 37 organisationsform
881 830 76 30 står
978 830 53 30 att
1050 827 123 35 vinna,
1194 835 83 27 som,
1298 827 89 29 utan
1409 826 54 29 att
1484 823 113 36 knyta
1617 821 178 31 verksam-

296 886 106 31 heten
424 885 12 30 i
460 885 41 31 de
522 885 46 35 på
590 884 97 31 vissa
710 882 154 37 punkter
887 881 139 31 mindre
1047 879 62 31 väl
1131 877 197 37 avpassade
1351 876 95 32 band
1469 873 327 36 aktiebolagslagen

297 937 183 36 pålägger,
501 937 37 30 åt
561 936 176 35 företaget
759 934 131 36 skapar
912 932 187 36 möjlighet
1121 932 54 30 att
1197 928 162 37 utnyttja
1381 927 155 36 smidiga
1558 926 65 31 och
1646 926 55 30 för
1725 925 72 31 det-

298 991 54 29 tas
380 990 147 35 egenart
552 987 164 36 lämpade
744 986 132 31 former
903 983 187 36 samtidigt
1116 992 75 22 som
1218 982 58 31 det
1302 978 276 36 affärsmässiga
1604 977 154 36 inslaget
1786 976 11 30 i

298 1041 195 35 företagets
517 1039 130 32 skötsel
672 1037 194 33 bibehålles
891 1035 246 33 oförminskat.

338 1093 18 30 I
376 1093 104 35 fråga
498 1102 55 20 om
570 1088 460 39 preferensaktiekapitalet
1048 1086 165 32 förordar
1231 1085 183 35 utskottet,
1431 1085 54 30 att
1503 1083 195 31 detsamma
1717 1080 80 31 ned-

299 1146 110 30 sättes
431 1144 80 31 från
532 1144 37 30 17
589 1142 166 36 miljoner
775 1142 131 30 kronor
928 1139 56 32 till
1004 1140 17 30 1
1042 1138 127 36 miljon
1189 1138 130 31 kronor
1340 1139 168 28 ävensom
1529 1136 54 30 att
1603 1133 195 37 preferens-

299 1196 166 31 aktierna
485 1194 218 32 förbehållas
724 1192 179 33 särskilda
924 1202 45 21 av
990 1190 135 37 Kungl.
1147 1189 110 36 Maj:t
1279 1190 115 30 såsom
1416 1187 206 35 aktieägare
1645 1185 153 36 godkän-

300 1248 44 31 da
367 1256 175 27 personer.
583 1246 183 32 Utskottet
787 1245 66 30 har
876 1243 152 31 sålunda
1049 1242 77 31 icke
1148 1242 117 30 ansett
1286 1239 177 37 lämpligt,
1485 1240 53 29 att
1561 1237 151 31 svenska
1735 1236 64 31 liv-

300 1297 331 37 försäkringsbolag
655 1296 145 31 inträda
825 1296 116 31 såsom
965 1294 217 36 aktieägare.
1227 1292 80 32 Vad
1331 1292 114 35 angår
1470 1291 118 30 rätten
1613 1291 54 29 att
1692 1289 107 31 fram-

303 1349 107 33 ställa
433 1350 133 35 förslag
589 1351 21 29 å
632 1357 166 27 personer
818 1346 167 36 lämpade
1005 1345 57 32 till
1083 1344 206 36 aktieägare
1309 1344 67 30 har
1398 1344 12 30 i
1431 1342 221 31 motionerna
1675 1340 52 31 IT:
1743 1340 58 31 505

303 1403 65 30 och
415 1401 123 31 11:507
581 1399 206 35 erinringar
831 1398 115 37 gjorts
982 1399 72 29 mot
1091 1398 55 30 att
1183 1396 115 31 denna
1336 1395 229 34 förslagsrätt
1589 1392 115 32 skulle
1732 1392 68 31 för-

300 1453 160 31 behållas
479 1451 344 32 handelskamrarna
843 1450 13 30 i
876 1450 112 31 rikets
1008 1451 54 30 tre
1082 1450 132 30 största
1234 1447 129 32 städer.
1406 1446 47 32 Så
1473 1444 203 32 hemställes
1697 1444 13 30 i
1730 1453 70 21 mo-

300 1506 124 30 tionen
448 1504 123 31 IT:505
597 1505 63 34 att,
687 1503 157 31 förutom
870 1501 156 31 nämnda
1052 1499 344 35 handelskammare,
1422 1495 381 36 kommerskollegium,

302 1557 167 36 Sveriges
498 1554 322 36 industriförbund,
850 1553 232 36 kooperativa
1113 1551 190 32 förbundet
1332 1550 66 31 och
1429 1549 164 36 Sveriges
1622 1547 179 32 tobaksin-

302 1607 439 33 dustriarbetareförbund
763 1605 101 32 skola
886 1607 69 34 äga
977 1606 73 30 rätt
1074 1606 54 29 att
1153 1602 130 32 föreslå
1307 1611 166 28 personer
1498 1600 55 32 till
1576 1600 156 31 innehav
1756 1609 45 21 av

301 1659 311 38 preferensaktier.

342 1712 71 31 För
431 1711 180 31 vinnande
630 1721 45 21 av
695 1711 57 31 det
770 1710 79 31 med
868 1708 247 37 anordningen
1134 1707 156 32 avsedda
1308 1707 112 36 syftet
1439 1705 85 32 eller
1543 1707 53 30 att
1615 1704 58 32 till
1692 1703 110 32 aktie-

304 1768 110 33 ägare
444 1764 137 32 erhålla
611 1763 61 31 väl
702 1761 260 32 kvalificerade
993 1770 178 27 personer,
1203 1769 73 22 som
1306 1759 124 31 kunna
1462 1757 105 32 ställa
1598 1756 205 32 erfarenhet

302 1817 65 30 och
395 1816 111 31 insikt
532 1816 45 35 på
603 1814 225 31 affärslivets
855 1813 143 31 område
1026 1812 56 31 till
1110 1811 212 36 förfogande
1348 1810 13 30 i
1388 1810 65 31 och
1481 1809 55 31 för
1563 1808 167 31 utseende
1757 1817 45 21 av

302 1869 287 35 representanter
617 1867 12 30 i
657 1864 344 37 tobaksmonopolets
1029 1864 160 36 styrelse,
1216 1863 99 31 torde
1344 1862 59 31 det
1430 1862 178 35 knappast
1634 1870 89 21 vara
1752 1869 50 22 er-

304 1920 190 35 forderligt
517 1921 53 29 att
592 1919 275 35 förslagsrätten
888 1917 46 36 på
957 1916 153 31 förhand
1133 1914 225 32 uteslutande
1380 1913 233 32 tillerkännes
1634 1912 97 32 vissa
1753 1912 51 30 in-

305 1972 206 31 stitutioner
532 1971 85 31 eller
641 1969 377 35 sammanslutningar.
1059 1967 126 36 Enligt
1207 1966 191 31 utskottets
1420 1965 143 36 mening
1586 1964 62 31 bör
1670 1963 134 37 Kungl.

305 2022 110 36 Maj:t
433 2033 88 21 vara
539 2021 233 32 oförhindrad
791 2023 54 29 att
863 2022 89 29 utan
971 2018 177 33 särskilda
1164 2018 158 32 direktiv
1340 2017 153 31 rörande
1511 2015 230 32 inhämtande
1761 2025 45 21 av

307 2075 137 36 förslag
462 2076 76 30 utse
557 2074 217 35 aktieägare.

344 2126 126 36 Enligt
489 2125 264 37 propositionen
772 2124 65 31 har
857 2123 234 36 utdelningen
1111 2124 21 29 å
1152 2121 350 37 preferensaktierna
1524 2120 203 36 föreslagits
1748 2119 56 32 till

307 2179 18 30 6
360 2179 153 36 procent,
551 2177 121 30 vilken
707 2176 114 31 skulle
858 2177 209 35 garanteras
1102 2185 46 20 av
1187 2176 124 29 staten.
1359 2173 54 31 Då
1452 2172 125 32 hinder
1601 2171 200 36 säkerligen

304 2230 78 31 icke
405 2230 99 31 torde
526 2231 96 29 möta
646 2229 56 30 för
725 2227 184 32 aktiernas
932 2226 183 37 placering
1138 2226 64 31 hos
1224 2224 173 37 lämpliga
1422 2234 165 27 personer
1611 2226 90 28 även
1725 2223 79 31 med

307 2290 44 22 en
372 2282 109 35 något
500 2281 100 35 lägre
618 2279 198 37 utdelning,
837 2280 66 30 har
922 2279 173 31 utskottet
1116 2277 194 36 föreslagit,
1330 2279 54 29 att
1405 2276 114 31 denna
1538 2276 192 35 begränsas
1748 2274 57 32 till

305 2334 17 29 5
344 2335 156 34 procent.

345 2437 18 30 I
386 2436 179 32 motionen
588 2436 52 30 II:
655 2435 58 31 498
735 2435 65 31 har
823 2435 83 30 herr
930 2433 196 31 Lithander
1150 2431 181 33 hemställt
1355 2442 57 21 om
1436 2430 192 36 utredning
1653 2430 152 31 rörande

306 2488 132 35 frågan
462 2498 54 20 om
540 2488 73 30 rätt
637 2490 90 28 även
752 2487 55 30 för
831 2496 121 21 annan
976 2488 45 28 än
1044 2484 252 36 Aktiebolaget
1320 2483 160 32 Svenska
1504 2482 301 36 Tobaksmonopo-
