1910 2854
471 163 418 38 Bevillningsutskottets
913 163 223 32 betänkande
1157 162 53 33 Nr
1233 162 51 31 20.
1565 161 18 32 3

126 242 92 32 skall
243 244 56 30 för
320 243 69 31 den
414 242 54 32 tid
493 242 200 31 revisionen
717 242 113 36 pågår
855 242 89 35 utgå
969 242 12 30 i
1004 241 113 32 likhet
1142 241 79 31 med
1245 241 70 31 vad
1339 251 75 21 som
1437 242 109 34 utgår
1568 241 57 32 till

125 293 262 38 statsrevisor»;

165 395 69 37 6:0)
263 395 181 33 motionen
472 404 43 22 nr
542 396 58 30 501
625 396 15 30 i
668 395 114 31 andra
809 395 210 31 kammaren
1046 405 46 20 av
1119 395 84 30 herr
1232 395 203 36 Lithander,
1464 395 12 30 i
1503 394 121 31 vilken

125 446 209 38 Hemställts,
358 450 72 29 »att
450 446 193 36 riksdagen
664 446 86 32 ville
770 447 62 31 vid
852 446 196 32 eventuellt
1070 446 115 32 beslut
1206 455 57 22 om
1284 446 105 31 bifall
1411 446 58 32 till
1490 446 135 36 Kungl.

124 498 128 37 Maj:ts
275 499 222 37 proposition
521 508 43 23 nr
588 500 58 30 195
670 498 127 37 uttala,
822 501 54 29 att
901 498 224 32 konkurrens
1148 498 79 32 med
1249 498 318 36 detaljhandlarna
1590 497 34 38 ej

123 550 65 33 bör
213 552 220 31 förekomma
459 551 83 32 från
567 550 358 36 Tobaksmonopolets
951 550 112 37 sida»;

164 644 69 37 7:0)
263 645 180 32 motionen
470 654 43 21 nr
540 645 58 30 502
627 645 12 30 i
667 644 114 32 andra
807 645 210 30 kammaren
1045 654 46 21 av
1119 644 83 31 herr
1229 644 207 37 Lithander,
1464 644 12 30 i
1503 644 121 31 vilken

123 697 210 36 hemställts,
362 699 71 29 »att
459 696 193 37 riksdagen
678 697 46 36 på
751 696 116 36 grund
893 706 47 22 av
966 696 227 36 principiella
1220 696 78 31 skäl
1324 695 86 32 ville
1435 695 64 31 vid
1523 705 100 22 even-

120 749 106 31 tuellt
251 748 105 31 bifall
380 748 58 31 till
462 748 134 36 Kungl.
623 747 128 37 Maj:ts
774 747 224 36 proposition
1021 757 42 20 nr
1089 747 57 30 195
1170 747 150 36 besluta,
1345 749 54 29 att
1424 748 121 30 rätten
1570 746 56 32 för

124 799 346 37 styrelseledamöter
517 799 64 32 och
628 798 227 37 suppleanter
883 799 97 31 inom
1009 798 249 36 Aktiebolaget
1284 798 161 32 Svenska
1472 798 152 32 Tobaks-

123 851 198 37 monopolet
348 853 54 30 att
431 852 82 31 fritt
540 852 85 30 eller
651 851 58 32 till
735 851 142 32 nedsatt
905 850 76 37 pris
1005 851 128 35 uttaga
1158 850 235 32 tobaksvaror
1419 850 93 31 skall
1536 860 87 27 upp-

122 903 123 37 höra»;

163 996 69 36 8:0)
254 997 181 31 motionen
454 1007 43 21 nr
518 997 57 30 505
595 996 12 31 i
628 996 114 31 andra
760 996 210 31 kammaren
990 1006 46 20 av
1056 996 82 31 herr
1157 996 219 37 Magnusson
1398 996 12 30 i
1428 995 163 37 Kalmar,
1611 995 13 31 i

122 1049 122 31 vilken
270 1049 209 36 hemställts,
508 1050 70 30 »att
603 1048 193 36 riksdagen
821 1049 12 30 i
860 1047 193 37 anledning
1079 1058 47 21 av
1150 1047 136 36 Kungl.
1312 1047 130 37 Maj:ts
1467 1048 156 36 proposi-

122 1100 76 32 tion
222 1111 44 20 nr
290 1100 58 32 195
370 1100 115 32 måtte
507 1100 154 31 besluta:

163 1154 54 30 att
244 1154 99 30 utom
371 1152 345 31 handelskamrarna
744 1152 13 31 i
784 1151 215 36 Stockholm,
1027 1151 178 36 Göteborg
1231 1151 65 31 och
1323 1150 135 32 Malmö
1486 1150 137 37 jämväl

122 1200 394 39 Komrnerskollegium,
558 1202 168 37 Sveriges
768 1203 331 36 Industriförbund,
1144 1201 244 38 Kooperativa
1431 1202 190 32 förbundet

121 1256 65 30 och
209 1255 165 37 Sveriges
397 1254 619 32 Tobaksindustriarbetareförbund
1038 1254 99 32 skola
1161 1257 69 33 äga
1253 1256 74 30 rätt
1352 1254 131 32 föreslå
1507 1264 115 26 perso-

121 1315 64 22 ner
210 1307 58 32 till
293 1306 157 31 innehav
475 1317 45 21 av
544 1306 315 36 preferensaktier;

161 1360 55 30 att
235 1358 246 33 bestämmelse
502 1358 188 37 meddelas,
712 1358 100 32 vilka
832 1360 168 29 närmare
1021 1358 134 36 angiva
1175 1358 70 31 den
1263 1357 191 36 utdelning
1474 1358 21 30 å
1517 1359 104 30 stam-

121 1409 283 37 aktiekapitalet,
426 1419 75 22 som
520 1411 59 30 må
599 1412 104 30 änses
723 1409 126 37 skälig,
871 1411 65 30 och
955 1412 56 29 att
1036 1410 6 31 i
1061 1409 59 32 det
1140 1410 215 31 hänseendet
1375 1411 92 29 nära
1486 1409 136 31 anslut-

122 1463 88 35 ning
235 1462 80 31 sker
339 1462 59 31 till
422 1462 72 31 vad
519 1472 76 21 som
622 1461 151 32 rörande
799 1460 457 38 preferensaktiekapitalet
1285 1460 206 37 fastställts;

159 1515 54 29 att
235 1518 43 26 eh
303 1512 390 37 vinstregleringsfond
719 1513 165 35 inrättas,
910 1522 76 21 som
1011 1511 193 37 möjliggör
1231 1511 252 37 tillämpandet
1509 1521 45 21 av
1580 1521 45 21 en

120 1563 88 37 lugn
232 1564 206 37 prispolitik
461 1565 65 31 och
548 1564 169 32 konstant
740 1563 191 37 utdelning
955 1566 20 29 å
1000 1563 251 37 aktiekapital;

161 1617 54 30 att
238 1615 315 32 bestämmelserna
577 1618 40 30 så
642 1616 186 36 utformas,
855 1617 64 34 att,
945 1625 56 22 om
1025 1616 39 31 så
1087 1614 163 33 befinnes
1274 1614 178 37 lämpligt,
1478 1614 143 37 jourha-

120 1666 116 33 vande
260 1668 162 32 revisorn
444 1669 59 30 må
526 1667 123 31 kunna
674 1667 189 32 förordnas
886 1664 58 35 till
968 1666 221 32 revisionens
1212 1666 228 37 ordförande;
1467 1668 91 30 samt

159 1721 54 29 att
236 1719 66 32 den
322 1720 12 30 i
351 1719 219 37 monopolets
588 1718 114 37 tjänst
721 1719 181 31 anställda
920 1718 211 37 personalen
1149 1719 59 43 må
1225 1719 47 35 på
1288 1718 167 36 lämpligt
1476 1719 72 30 sätt
1567 1717 56 32 be-

119 1770 104 32 redas
270 1770 146 32 tillfälle
467 1771 176 31 framföra
671 1771 81 31 sina
782 1770 224 37 synpunkter
1035 1768 153 34 rörande
1216 1764 156 37 driftens
1401 1769 216 37 ordnande»;

120 1825 93 29 samt

160 1914 70 38 9:0)
258 1916 180 31 motionen
463 1926 44 21 nr
533 1916 58 31 507
616 1916 12 30 i
656 1915 114 31 andra
796 1914 209 32 kammaren
1031 1925 46 20 av
1104 1915 83 31 herr
1214 1916 218 36 Ljunggren,
1460 1916 11 30 i
1497 1914 122 31 vilken

119 1961 210 43 hemstiällts,
356 1968 72 31 »att
452 1966 192 36 riksdagen
668 1967 111 31 måtte

162 2017 27 33 I.
223 2019 139 45 besluta
394 2018 160 37 följande
586 2018 158 32 ändrade
776 2018 135 37 lydelse
942 2028 48 21 av
1021 2018 117 31 nedan
1170 2017 160 36 angivna
1361 2017 213 36 paragrafer
1606 2017 12 31 i

119 2065 135 41 Kungl.
276 2068 129 38 Maj:ts
428 2070 12 31 i
463 2069 221 37 proposition
704 2080 44 21 nr
771 2066 58 35 195
853 2068 204 37 framlagda

199 2163 148 51 Förslag
370 2171 62 34 till
457 2173 95 32 avtal
577 2162 187 51 angäeide
789 2167 197 38 utövandet
1008 2176 41 29 av
1073 2164 140 40 statens
1237 2166 305 47 tobaksmonopol.

823 2248 18 38 $
868 2251 48 30 10.

159 2303 72 32 För
251 2302 317 37 åvägabringande
588 2313 46 20 av
655 2321 40 5 —
713 2320 40 5 —
772 2320 40 4 —
830 2298 293 35 diréktörsrådet.

160 2355 113 32 Rådet
319 2354 118 32 består
479 2364 46 22 av
550 2354 238 36 ordföranden
814 2355 13 30 i
853 2352 161 37 bolagets
1038 2351 160 37 styrelse,
1224 2351 118 33 tillika
1366 2352 217 36 ordförande
1606 2353 14 30 i

119 2405 111 37 rådet,
251 2409 43 28 en
315 2405 167 37 ledamot,
504 2407 75 30 som
601 2405 175 36 styrelsen
798 2403 96 32 inom
918 2404 56 36 sig
997 2405 106 34 utser,
1127 2402 120 33 tillika
1269 2402 79 33 vice
1369 2402 216 37 ordförtunde
1606 2402 13 31 i

119 2456 112 37 rådet,
252 2460 92 29 samt
365 2450 267 39 verkställande
653 2449 204 39 direktören
879 2456 14 31 i
915 2451 149 41 bolavet.
