1902 2852
459 157 418 38 Bevillningsutskottets
900 154 224 32 betänkande
1145 153 53 32 Nr
1221 152 51 31 20.
1530 148 41 32 19

155 240 18 31 I
195 241 104 35 fråga
321 248 57 22 om
397 238 43 32 de
462 236 169 36 arvoden,
652 245 75 21 som
749 234 107 32 borde
878 232 200 32 tillkomma
1099 230 152 38 styrelse
1272 230 64 31 och
1358 228 166 36 revision,
1547 227 65 31 har

115 289 388 40 departementschefen
535 288 120 32 funnit
686 289 50 30 ett
766 289 167 29 närmare
962 284 188 33 uttalande
1179 283 126 31 härom
1334 281 13 32 i
1376 275 237 47 förevarande

116 343 153 37 ordning
295 343 32 36 ej
354 341 172 38 påkallas.
575 339 210 32 Avsevärda
811 338 198 35 ändringar
1035 337 12 30 i
1073 334 210 33 nuvarande
1309 332 156 37 grunder
1493 334 120 35 syntes

113 396 33 37 ej
167 395 183 32 erfordras
371 394 12 31 i
403 394 124 31 vidare
548 393 84 30 mån
654 394 46 29 än
721 400 75 22 som
817 389 209 37 betingades
1049 398 45 21 av
1117 386 299 33 direktörsrådets
1439 384 175 31 inrättan-

117 448 41 32 de
186 450 92 29 samt
306 446 247 36 anordningen
581 445 95 30 inom
703 443 202 31 revisionen
931 452 46 21 av
1005 439 155 33 särskild
1185 437 214 33 ordförande
1427 436 65 32 och
1519 436 94 36 jour-

116 498 162 33 havande
301 499 145 31 revisor.

156 593 146 37 Frågan
326 603 56 22 om
404 594 74 30 rätt
502 593 56 30 för
582 591 96 32 vissa
701 599 167 28 personer
892 589 97 31 inom
1012 588 141 35 bolaget
1178 586 56 31 till
1259 585 71 32 fria
1353 585 85 31 eller
1465 579 149 44 förbilli-

117 647 88 35 gade
227 646 234 32 tobaksvaror
483 645 67 30 har
570 644 137 31 berörts
730 643 12 31 i
764 641 181 32 motionen
967 640 53 31 II:
1035 640 58 31 502
1117 650 46 21 av
1185 639 83 30 herr
1289 637 198 32 Lithander
1511 638 103 29 även-

117 709 73 21 som
213 700 12 30 i
248 698 262 36 motiveringen
534 697 57 31 till
614 695 180 32 motionen
818 693 125 32 II:507
967 703 47 21 av
1037 693 82 30 herr
1142 691 222 37 Ljunggren;
1388 689 66 31 och
1479 689 58 31 får
1561 690 54 29 ut-

117 751 130 32 skottet
271 750 222 32 härutinnan
517 747 153 32 hänvisa
693 747 57 32 till
774 746 233 31 motionerna.

155 801 193 37 Härjämte
376 803 58 30 må
461 800 142 33 erinras
629 809 57 21 om
713 799 43 32 de
783 808 48 22 av
859 799 83 30 herr
972 795 197 33 Lithander
1197 796 12 31 i
1238 794 222 32 motionerna
1488 788 53 54 TT:
1556 792 58 31 499

117 857 65 30 och
202 855 58 31 500
281 852 227 34 framställda
528 851 217 38 yrkandena.

161 958 373 36 Utredningsmännen
567 955 94 31 hava
693 956 117 29 ansett
843 952 221 38 principiellt
1096 951 140 36 riktigt,
1268 952 54 30 att
1355 950 258 31 Tobaksmono-

117 1009 111 36 polets
250 1009 132 32 rörelse
405 1008 114 32 skulle
540 1010 129 29 utövas
691 1008 12 30 i
727 1015 87 27 egen
837 1005 100 32 drift.
980 1004 18 31 I
1020 1004 69 31 den
1111 1004 85 31 mån
1215 1002 226 35 dotterbolag
1461 1000 154 32 bibehöl-

117 1062 59 37 les,
214 1062 114 32 skulle
365 1062 57 31 det
448 1060 203 31 allmännas
678 1058 205 37 inflytande
908 1058 12 30 i
944 1058 106 31 deras
1076 1056 150 37 styrelse
1254 1054 198 32 förstärkas
1477 1053 138 36 därige-

118 1124 91 27 nom,
235 1116 54 30 att
316 1114 108 31 minst
452 1114 62 31 två
543 1122 46 21 av
616 1112 243 31 ledamöterna
887 1111 12 30 i
927 1109 102 36 varje
1054 1108 243 36 dotterbolags
1322 1106 151 37 styrelse
1503 1105 113 32 skulle

118 1168 95 30 utses
242 1165 109 32 bland
379 1166 44 31 de
453 1174 46 22 av
529 1164 134 35 Kungl.
692 1163 111 36 Maj:t
834 1163 155 31 tillsatta
1020 1161 243 31 ledamöterna
1294 1160 13 30 i
1336 1158 280 36 moderbolagets

119 1218 159 36 styrelse.

159 1319 101 33 Även
285 1321 209 36 Borgström
520 1320 67 30 har
614 1319 177 31 förklarat
817 1318 56 36 sig
899 1327 90 21 vara
1015 1327 45 21 av
1088 1316 67 32 den
1182 1316 199 35 meningen,
1406 1316 55 30 att
1487 1314 129 31 dotter-

118 1373 140 36 bolaget
284 1372 251 36 Aktiebolaget
561 1370 382 36 Havannamagasinet
970 1369 77 32 icke
1073 1368 107 32 borde
1208 1369 169 31 fortsätta
1402 1367 59 32 sin
1486 1366 131 32 rörelse

119 1426 45 35 på
201 1434 137 23 samma
376 1425 72 30 sätt
487 1434 75 21 som
587 1422 140 33 hittills.
774 1422 103 31 Inom
904 1421 307 36 monopolbolaget
1239 1420 91 32 hade
1356 1420 64 30 ock
1448 1418 169 37 åtgärder

118 1476 176 36 vidtagits
321 1477 55 30 för
403 1475 215 36 avveckling
642 1486 47 20 av
714 1473 401 36 Havannamagasinets
1139 1471 344 37 detaljförsäljning.
1529 1470 87 31 Där-

119 1531 91 29 emot
241 1530 121 34 syntes
390 1527 188 37 praktiska
606 1527 79 31 skäl
714 1527 75 31 tala
819 1527 56 30 för
904 1527 54 30 att
987 1524 382 35 Havannamagasinet
1401 1523 98 36 finge
1531 1523 86 31 fort-

120 1580 150 32 farande
295 1580 154 31 existera
475 1589 74 22 som
576 1580 49 30 ett
654 1578 157 32 formellt
839 1577 196 32 fristående
1060 1586 115 26 organ
1201 1576 55 31 för
1282 1575 263 32 handhavande
1572 1585 45 21 av

118 1631 67 32 den
206 1642 46 21 av
274 1631 97 32 detta
392 1630 106 37 bolag
518 1630 173 32 bedrivna
711 1629 412 37 engrosverksamheten.

158 1735 90 31 Lika
272 1735 80 31 med
378 1734 368 35 utredningsmännen
771 1733 67 31 har
864 1732 388 37 departementschefen
1281 1731 131 37 funnit,
1438 1733 54 30 att
1518 1731 99 37 plan-

119 1787 194 35 mässighet
341 1786 64 32 och
432 1786 85 31 reda
545 1786 113 31 skulle
685 1785 196 36 befrämjas
908 1795 127 26 genom
1060 1785 175 31 rörelsens
1262 1783 216 33 bedrivande
1505 1784 73 31 helt
1605 1784 11 30 i

118 1847 87 28 egen
234 1839 99 31 drift.
381 1838 305 35 Dotterföretaget
715 1837 251 35 Aktiebolaget
994 1836 381 37 Havannamagasinet
1403 1836 107 31 borde
1539 1836 77 31 där-

120 1890 56 31 för
203 1892 38 30 så
269 1892 99 30 snart
394 1890 60 31 ske
480 1890 73 30 kan
575 1888 202 33 avvecklas.
819 1889 55 31 Då
898 1889 160 31 därefter
1083 1889 110 35 något
1217 1888 263 36 dotterföretag
1503 1888 34 36 ej
1565 1888 51 30 vi-

119 1941 84 32 dare
233 1942 216 35 förefunnes,
477 1941 119 31 kunde
625 1941 41 31 de
694 1951 46 21 av
768 1941 368 35 utredningsmännen
1165 1939 203 35 föreslagna
1395 1939 222 32 bestämmel-

120 2003 101 21 serna
248 1993 57 32 till
330 1993 181 35 reglering
536 2003 47 21 av
609 1993 276 35 dotterföretags
911 1991 226 37 förvaltning
1162 1991 176 32 uteslutas
1362 2002 44 20 ur
1430 1992 147 32 avtalet.

160 2095 17 31 I
197 2096 99 31 detta
320 2096 261 35 sammanhang
601 2098 58 29 må
682 2095 147 36 erinras,
851 2097 55 30 att
930 2095 11 31 i
963 2094 179 32 motionen
1164 2094 124 32 IT:507
1311 2105 45 21 av
1378 2095 82 31 herr
1484 2095 131 36 Ljung-

120 2156 87 26 gren
235 2148 125 31 väckts
387 2147 136 36 förslag
550 2157 56 21 om
634 2147 194 36 intagande
854 2157 46 21 av
927 2157 44 22 en
998 2147 113 31 sådan
1137 2147 244 31 bestämmelse
1409 2147 11 30 i
1449 2147 167 32 kontrak-

120 2200 49 30 tet
198 2199 79 31 med
305 2198 315 36 monopolbolaget,
647 2201 54 29 att
728 2199 141 35 bolaget
896 2199 34 36 ej
962 2199 114 31 skulle
1106 2208 125 27 genom
1260 2199 258 36 dotterföretag
1548 2202 67 33 äga

121 2252 72 30 rätt
217 2253 53 29 att
295 2253 89 29 utan
409 2250 134 36 Kungl.
568 2250 126 36 Maj:ts
719 2250 235 37 medgivande
980 2251 172 31 förvärva
1176 2251 95 31 aktie
1296 2250 84 33 eller
1404 2260 119 22 annan
1545 2251 70 32 del-

120 2301 161 36 aktighet
310 2303 10 30 i
347 2304 111 29 annat
485 2302 149 35 företag.

160 2403 81 31 Med
264 2403 172 32 avseende
469 2405 22 29 å
521 2402 232 37 riktlinjerna
787 2404 55 30 för
875 2403 269 35 förvaltningen
1177 2404 93 31 hava
1301 2405 311 37 utredningsmän-

120 2465 68 22 nen
213 2455 146 36 erinrat,
385 2457 53 30 att
465 2455 113 35 enligt
604 2465 46 21 av
673 2455 193 35 riksdagen
891 2455 166 32 lämnade
1083 2455 155 31 direktiv
1263 2456 106 32 borde
1394 2457 222 35 monopolbo-

1639 951 195 29 Dotterföretag.

1639 2412 140 30 Riktlinjer
1799 2414 39 22 för

1651 2448 193 29 förvaltningen.
