<?xml version="1.0" encoding="UTF-8"?>
<alto xmlns="http://www.loc.gov/standards/alto/ns-v3#" xmlns:xlink="http://www.w3.org/1999/xlink" xmlns:xsi="http://www.w3.org/2001/XMLSchema-instance" xsi:schemaLocation="http://www.loc.gov/standards/alto/ns-v3# http://www.loc.gov/alto/v3/alto-3-0.xsd">
	<Description>
		<MeasurementUnit>pixel</MeasurementUnit>
		<sourceImageInformation>
			<fileName>/tmp/tess_45w2mxs8_input.PNG</fileName>
		</sourceImageInformation>
		<OCRProcessing ID="OCR_0">
			<ocrProcessingStep>
				<processingSoftware>
					<softwareName>tesseract 5.3.0</softwareName>
				</processingSoftware>
			</ocrProcessingStep>
		</OCRProcessing>
	</Description>
	<Layout>
		<Page WIDTH="1892" HEIGHT="2846" PHYSICAL_IMG_NR="0" ID="page_0">
			<PrintSpace HPOS="0" VPOS="0" WIDTH="1892" HEIGHT="2846">
				<ComposedBlock ID="cblock_0" HPOS="517" VPOS="155" WIDTH="1086" HEIGHT="48">
					<TextBlock ID="block_0" HPOS="517" VPOS="155" WIDTH="1086" HEIGHT="48">
						<TextLine ID="line_0" HPOS="517" VPOS="155" WIDTH="1086" HEIGHT="48">
							<String ID="string_0" HPOS="517" VPOS="171" WIDTH="274" HEIGHT="32" WC="0.92" CONTENT="Statsutskottets"/><SP WIDTH="26" VPOS="171" HPOS="791"/>
							<String ID="string_1" HPOS="817" VPOS="168" WIDTH="176" HEIGHT="32" WC="0.96" CONTENT="utlåtande"/><SP WIDTH="25" VPOS="168" HPOS="993"/>
							<String ID="string_2" HPOS="1018" VPOS="168" WIDTH="47" HEIGHT="29" WC="0.95" CONTENT="Nr"/><SP WIDTH="22" VPOS="168" HPOS="1065"/>
							<String ID="string_3" HPOS="1087" VPOS="167" WIDTH="70" HEIGHT="31" WC="0.96" CONTENT="192."/><SP WIDTH="428" VPOS="167" HPOS="1157"/>
							<String ID="string_4" HPOS="1585" VPOS="155" WIDTH="18" HEIGHT="30" WC="0.96" CONTENT="5"/>
						</TextLine>
					</TextBlock>
				</ComposedBlock>
				<ComposedBlock ID="cblock_1" HPOS="101" VPOS="246" WIDTH="1507" HEIGHT="555">
					<TextBlock ID="block_1" HPOS="101" VPOS="246" WIDTH="1505" HEIGHT="300">
						<TextLine ID="line_1" HPOS="102" VPOS="246" WIDTH="1501" HEIGHT="51">
							<String ID="string_5" HPOS="102" VPOS="262" WIDTH="195" HEIGHT="35" WC="0.96" CONTENT="lägenheter"/><SP WIDTH="25" VPOS="262" HPOS="297"/>
							<String ID="string_6" HPOS="322" VPOS="260" WIDTH="64" HEIGHT="28" WC="0.95" CONTENT="och"/><SP WIDTH="27" VPOS="260" HPOS="386"/>
							<String ID="string_7" HPOS="413" VPOS="262" WIDTH="46" HEIGHT="26" WC="0.95" CONTENT="ett"/><SP WIDTH="25" VPOS="262" HPOS="459"/>
							<String ID="string_8" HPOS="484" VPOS="257" WIDTH="99" HEIGHT="36" WC="0.95" CONTENT="årligt"/><SP WIDTH="24" VPOS="257" HPOS="583"/>
							<String ID="string_9" HPOS="607" VPOS="257" WIDTH="112" HEIGHT="28" WC="0.96" CONTENT="behov"/><SP WIDTH="27" VPOS="257" HPOS="719"/>
							<String ID="string_10" HPOS="746" VPOS="265" WIDTH="42" HEIGHT="19" WC="0.93" CONTENT="av"/><SP WIDTH="26" VPOS="265" HPOS="788"/>
							<String ID="string_11" HPOS="814" VPOS="253" WIDTH="189" HEIGHT="30" WC="0.92" CONTENT="lånemedel"/><SP WIDTH="27" VPOS="253" HPOS="1003"/>
							<String ID="string_12" HPOS="1030" VPOS="252" WIDTH="54" HEIGHT="29" WC="0.96" CONTENT="för"/><SP WIDTH="25" VPOS="252" HPOS="1084"/>
							<String ID="string_13" HPOS="1109" VPOS="250" WIDTH="263" HEIGHT="30" WC="0.96" CONTENT="verksamheten"/><SP WIDTH="27" VPOS="250" HPOS="1372"/>
							<String ID="string_14" HPOS="1399" VPOS="257" WIDTH="56" HEIGHT="21" WC="0.95" CONTENT="om"/><SP WIDTH="26" VPOS="257" HPOS="1455"/>
							<String ID="string_15" HPOS="1481" VPOS="257" WIDTH="54" HEIGHT="20" WC="0.95" CONTENT="c:a"/><SP WIDTH="31" VPOS="257" HPOS="1535"/>
							<String ID="string_16" HPOS="1566" VPOS="246" WIDTH="37" HEIGHT="29" WC="0.96" CONTENT="10"/>
						</TextLine>
						<TextLine ID="line_2" HPOS="104" VPOS="290" WIDTH="1502" HEIGHT="49">
							<String ID="string_17" HPOS="104" VPOS="303" WIDTH="162" HEIGHT="36" WC="0.95" CONTENT="miljoner"/><SP WIDTH="26" VPOS="303" HPOS="266"/>
							<String ID="string_18" HPOS="292" VPOS="303" WIDTH="137" HEIGHT="29" WC="0.93" CONTENT="kronor."/><SP WIDTH="42" VPOS="303" HPOS="429"/>
							<String ID="string_19" HPOS="471" VPOS="299" WIDTH="278" HEIGHT="30" WC="0.92" CONTENT="Ränteförlusten"/><SP WIDTH="28" VPOS="299" HPOS="749"/>
							<String ID="string_20" HPOS="777" VPOS="297" WIDTH="50" HEIGHT="30" WC="0.96" CONTENT="till"/><SP WIDTH="29" VPOS="297" HPOS="827"/>
							<String ID="string_21" HPOS="856" VPOS="295" WIDTH="89" HEIGHT="36" WC="0.96" CONTENT="följd"/><SP WIDTH="30" VPOS="295" HPOS="945"/>
							<String ID="string_22" HPOS="975" VPOS="304" WIDTH="41" HEIGHT="21" WC="0.96" CONTENT="av"/><SP WIDTH="27" VPOS="304" HPOS="1016"/>
							<String ID="string_23" HPOS="1043" VPOS="295" WIDTH="64" HEIGHT="28" WC="0.96" CONTENT="den"/><SP WIDTH="27" VPOS="295" HPOS="1107"/>
							<String ID="string_24" HPOS="1134" VPOS="293" WIDTH="197" HEIGHT="34" WC="0.91" CONTENT="föreslagna"/><SP WIDTH="28" VPOS="293" HPOS="1331"/>
							<String ID="string_25" HPOS="1359" VPOS="290" WIDTH="247" HEIGHT="30" WC="0.91" CONTENT="räntefriheten"/>
						</TextLine>
						<TextLine ID="line_3" HPOS="101" VPOS="331" WIDTH="1502" HEIGHT="44">
							<String ID="string_26" HPOS="101" VPOS="346" WIDTH="54" HEIGHT="29" WC="0.96" CONTENT="för"/><SP WIDTH="21" VPOS="346" HPOS="155"/>
							<String ID="string_27" HPOS="176" VPOS="354" WIDTH="41" HEIGHT="21" WC="0.96" CONTENT="en"/><SP WIDTH="23" VPOS="354" HPOS="217"/>
							<String ID="string_28" HPOS="240" VPOS="344" WIDTH="108" HEIGHT="30" WC="0.93" CONTENT="sådan"/><SP WIDTH="20" VPOS="344" HPOS="348"/>
							<String ID="string_29" HPOS="368" VPOS="342" WIDTH="127" HEIGHT="31" WC="0.90" CONTENT="årssats"/><SP WIDTH="23" VPOS="342" HPOS="495"/>
							<String ID="string_30" HPOS="518" VPOS="341" WIDTH="109" HEIGHT="29" WC="0.96" CONTENT="skulle"/><SP WIDTH="21" VPOS="341" HPOS="627"/>
							<String ID="string_31" HPOS="648" VPOS="340" WIDTH="57" HEIGHT="29" WC="0.96" CONTENT="vid"/><SP WIDTH="22" VPOS="340" HPOS="705"/>
							<String ID="string_32" HPOS="727" VPOS="338" WIDTH="201" HEIGHT="30" WC="0.93" CONTENT="nuvarande"/><SP WIDTH="22" VPOS="338" HPOS="928"/>
							<String ID="string_33" HPOS="950" VPOS="337" WIDTH="172" HEIGHT="34" WC="0.92" CONTENT="ränteläge"/><SP WIDTH="21" VPOS="337" HPOS="1122"/>
							<String ID="string_34" HPOS="1143" VPOS="335" WIDTH="122" HEIGHT="34" WC="0.96" CONTENT="utgöra"/><SP WIDTH="23" VPOS="335" HPOS="1265"/>
							<String ID="string_35" HPOS="1288" VPOS="343" WIDTH="53" HEIGHT="19" WC="0.93" CONTENT="c:a"/><SP WIDTH="23" VPOS="343" HPOS="1341"/>
							<String ID="string_36" HPOS="1364" VPOS="332" WIDTH="140" HEIGHT="35" WC="0.91" CONTENT="325,000"/><SP WIDTH="24" VPOS="332" HPOS="1504"/>
							<String ID="string_37" HPOS="1528" VPOS="331" WIDTH="75" HEIGHT="29" WC="0.93" CONTENT="kro-"/>
						</TextLine>
						<TextLine ID="line_4" HPOS="103" VPOS="372" WIDTH="1502" HEIGHT="45">
							<String ID="string_38" HPOS="103" VPOS="397" WIDTH="61" HEIGHT="20" WC="0.95" CONTENT="nor"/><SP WIDTH="27" VPOS="397" HPOS="164"/>
							<String ID="string_39" HPOS="191" VPOS="387" WIDTH="110" HEIGHT="30" WC="0.96" CONTENT="under"/><SP WIDTH="32" VPOS="387" HPOS="301"/>
							<String ID="string_40" HPOS="333" VPOS="386" WIDTH="37" HEIGHT="29" WC="0.95" CONTENT="10"/><SP WIDTH="28" VPOS="386" HPOS="370"/>
							<String ID="string_41" HPOS="398" VPOS="384" WIDTH="47" HEIGHT="30" WC="0.95" CONTENT="år."/><SP WIDTH="42" VPOS="384" HPOS="445"/>
							<String ID="string_42" HPOS="487" VPOS="383" WIDTH="123" HEIGHT="30" WC="0.96" CONTENT="Härtill"/><SP WIDTH="28" VPOS="383" HPOS="610"/>
							<String ID="string_43" HPOS="638" VPOS="383" WIDTH="143" HEIGHT="28" WC="0.96" CONTENT="komma"/><SP WIDTH="27" VPOS="383" HPOS="781"/>
							<String ID="string_44" HPOS="808" VPOS="381" WIDTH="41" HEIGHT="29" WC="0.96" CONTENT="de"/><SP WIDTH="28" VPOS="381" HPOS="849"/>
							<String ID="string_45" HPOS="877" VPOS="379" WIDTH="195" HEIGHT="35" WC="0.96" CONTENT="föreslagna"/><SP WIDTH="29" VPOS="379" HPOS="1072"/>
							<String ID="string_46" HPOS="1101" VPOS="376" WIDTH="204" HEIGHT="37" WC="0.96" CONTENT="premierna,"/><SP WIDTH="30" VPOS="376" HPOS="1305"/>
							<String ID="string_47" HPOS="1335" VPOS="375" WIDTH="109" HEIGHT="29" WC="0.96" CONTENT="vilkas"/><SP WIDTH="30" VPOS="375" HPOS="1444"/>
							<String ID="string_48" HPOS="1474" VPOS="374" WIDTH="93" HEIGHT="29" WC="0.96" CONTENT="antal"/><SP WIDTH="27" VPOS="374" HPOS="1567"/>
							<String ID="string_49" HPOS="1594" VPOS="372" WIDTH="11" HEIGHT="29" WC="0.96" CONTENT="i"/>
						</TextLine>
						<TextLine ID="line_5" HPOS="102" VPOS="416" WIDTH="1503" HEIGHT="49">
							<String ID="string_50" HPOS="102" VPOS="431" WIDTH="66" HEIGHT="34" WC="0.96" CONTENT="hög"/><SP WIDTH="18" VPOS="431" HPOS="168"/>
							<String ID="string_51" HPOS="186" VPOS="429" WIDTH="85" HEIGHT="35" WC="0.96" CONTENT="grad"/><SP WIDTH="20" VPOS="429" HPOS="271"/>
							<String ID="string_52" HPOS="291" VPOS="429" WIDTH="99" HEIGHT="28" WC="0.96" CONTENT="beror"/><SP WIDTH="19" VPOS="429" HPOS="390"/>
							<String ID="string_53" HPOS="409" VPOS="437" WIDTH="42" HEIGHT="19" WC="0.96" CONTENT="av"/><SP WIDTH="20" VPOS="437" HPOS="451"/>
							<String ID="string_54" HPOS="471" VPOS="425" WIDTH="281" HEIGHT="30" WC="0.95" CONTENT="verksamhetens"/><SP WIDTH="19" VPOS="425" HPOS="752"/>
							<String ID="string_55" HPOS="771" VPOS="421" WIDTH="214" HEIGHT="36" WC="0.96" CONTENT="utformning"/><SP WIDTH="21" VPOS="421" HPOS="985"/>
							<String ID="string_56" HPOS="1006" VPOS="421" WIDTH="9" HEIGHT="29" WC="0.96" CONTENT="i"/><SP WIDTH="21" VPOS="421" HPOS="1015"/>
							<String ID="string_57" HPOS="1036" VPOS="419" WIDTH="127" HEIGHT="37" WC="0.95" CONTENT="praxis;"/><SP WIDTH="21" VPOS="419" HPOS="1163"/>
							<String ID="string_58" HPOS="1184" VPOS="419" WIDTH="56" HEIGHT="29" WC="0.96" CONTENT="det"/><SP WIDTH="20" VPOS="419" HPOS="1240"/>
							<String ID="string_59" HPOS="1260" VPOS="427" WIDTH="99" HEIGHT="27" WC="0.96" CONTENT="synes"/><SP WIDTH="20" VPOS="427" HPOS="1359"/>
							<String ID="string_60" HPOS="1379" VPOS="416" WIDTH="226" HEIGHT="35" WC="0.96" CONTENT="utredningen"/>
						</TextLine>
						<TextLine ID="line_6" HPOS="102" VPOS="458" WIDTH="1504" HEIGHT="49">
							<String ID="string_61" HPOS="102" VPOS="471" WIDTH="157" HEIGHT="36" WC="0.95" CONTENT="lämpligt"/><SP WIDTH="20" VPOS="471" HPOS="259"/>
							<String ID="string_62" HPOS="279" VPOS="473" WIDTH="48" HEIGHT="27" WC="0.95" CONTENT="att"/><SP WIDTH="19" VPOS="473" HPOS="327"/>
							<String ID="string_63" HPOS="346" VPOS="470" WIDTH="109" HEIGHT="29" WC="0.95" CONTENT="räkna"/><SP WIDTH="20" VPOS="470" HPOS="455"/>
							<String ID="string_64" HPOS="475" VPOS="468" WIDTH="79" HEIGHT="29" WC="0.96" CONTENT="med"/><SP WIDTH="20" VPOS="468" HPOS="554"/>
							<String ID="string_65" HPOS="574" VPOS="470" WIDTH="48" HEIGHT="27" WC="0.94" CONTENT="att"/><SP WIDTH="18" VPOS="470" HPOS="622"/>
							<String ID="string_66" HPOS="640" VPOS="468" WIDTH="8" HEIGHT="29" WC="0.94" CONTENT="i"/><SP WIDTH="21" VPOS="468" HPOS="648"/>
							<String ID="string_67" HPOS="669" VPOS="465" WIDTH="159" HEIGHT="35" WC="0.96" CONTENT="omkring"/><SP WIDTH="20" VPOS="465" HPOS="828"/>
							<String ID="string_68" HPOS="848" VPOS="464" WIDTH="56" HEIGHT="30" WC="0.95" CONTENT="två"/><SP WIDTH="19" VPOS="464" HPOS="904"/>
							<String ID="string_69" HPOS="923" VPOS="462" WIDTH="205" HEIGHT="36" WC="0.96" CONTENT="tredjedelar"/><SP WIDTH="20" VPOS="462" HPOS="1128"/>
							<String ID="string_70" HPOS="1148" VPOS="472" WIDTH="42" HEIGHT="19" WC="0.96" CONTENT="av"/><SP WIDTH="20" VPOS="472" HPOS="1190"/>
							<String ID="string_71" HPOS="1210" VPOS="461" WIDTH="106" HEIGHT="29" WC="0.96" CONTENT="fallen"/><SP WIDTH="20" VPOS="461" HPOS="1316"/>
							<String ID="string_72" HPOS="1336" VPOS="458" WIDTH="131" HEIGHT="31" WC="0.96" CONTENT="sådana"/><SP WIDTH="19" VPOS="458" HPOS="1467"/>
							<String ID="string_73" HPOS="1486" VPOS="458" WIDTH="120" HEIGHT="35" WC="0.96" CONTENT="bidrag"/>
						</TextLine>
						<TextLine ID="line_7" HPOS="104" VPOS="510" WIDTH="333" HEIGHT="36">
							<String ID="string_74" HPOS="104" VPOS="515" WIDTH="142" HEIGHT="28" WC="0.95" CONTENT="komma"/><SP WIDTH="26" VPOS="515" HPOS="246"/>
							<String ID="string_75" HPOS="272" VPOS="515" WIDTH="48" HEIGHT="27" WC="0.96" CONTENT="att"/><SP WIDTH="27" VPOS="515" HPOS="320"/>
							<String ID="string_76" HPOS="347" VPOS="510" WIDTH="90" HEIGHT="36" WC="0.96" CONTENT="utgå."/>
						</TextLine>
					</TextBlock>
					<TextBlock ID="block_2" HPOS="104" VPOS="543" WIDTH="1504" HEIGHT="258">
						<TextLine ID="line_8" HPOS="148" VPOS="543" WIDTH="1458" HEIGHT="46">
							<String ID="string_77" HPOS="148" VPOS="556" WIDTH="67" HEIGHT="29" WC="0.96" CONTENT="För"/><SP WIDTH="25" VPOS="556" HPOS="215"/>
							<String ID="string_78" HPOS="240" VPOS="556" WIDTH="155" HEIGHT="29" WC="0.96" CONTENT="närmast"/><SP WIDTH="27" VPOS="556" HPOS="395"/>
							<String ID="string_79" HPOS="422" VPOS="552" WIDTH="155" HEIGHT="37" WC="0.96" CONTENT="följande"/><SP WIDTH="24" VPOS="552" HPOS="577"/>
							<String ID="string_80" HPOS="601" VPOS="549" WIDTH="168" HEIGHT="37" WC="0.96" CONTENT="budgetår"/><SP WIDTH="26" VPOS="549" HPOS="769"/>
							<String ID="string_81" HPOS="795" VPOS="550" WIDTH="95" HEIGHT="30" WC="0.96" CONTENT="torde"/><SP WIDTH="26" VPOS="550" HPOS="890"/>
							<String ID="string_82" HPOS="916" VPOS="549" WIDTH="88" HEIGHT="29" WC="0.96" CONTENT="dock"/><SP WIDTH="27" VPOS="549" HPOS="1004"/>
							<String ID="string_83" HPOS="1031" VPOS="547" WIDTH="133" HEIGHT="30" WC="0.96" CONTENT="mindre"/><SP WIDTH="25" VPOS="547" HPOS="1164"/>
							<String ID="string_84" HPOS="1189" VPOS="546" WIDTH="126" HEIGHT="36" WC="0.96" CONTENT="belopp"/><SP WIDTH="26" VPOS="546" HPOS="1315"/>
							<String ID="string_85" HPOS="1341" VPOS="545" WIDTH="120" HEIGHT="29" WC="0.95" CONTENT="kunna"/><SP WIDTH="26" VPOS="545" HPOS="1461"/>
							<String ID="string_86" HPOS="1487" VPOS="543" WIDTH="119" HEIGHT="29" WC="0.92" CONTENT="beräk-"/>
						</TextLine>
						<TextLine ID="line_9" HPOS="104" VPOS="585" WIDTH="1503" HEIGHT="48">
							<String ID="string_87" HPOS="104" VPOS="608" WIDTH="72" HEIGHT="25" WC="0.96" CONTENT="nas,"/><SP WIDTH="28" VPOS="608" HPOS="176"/>
							<String ID="string_88" HPOS="204" VPOS="597" WIDTH="163" HEIGHT="30" WC="0.96" CONTENT="eftersom"/><SP WIDTH="25" VPOS="597" HPOS="367"/>
							<String ID="string_89" HPOS="392" VPOS="595" WIDTH="264" HEIGHT="30" WC="0.96" CONTENT="verksamheten"/><SP WIDTH="26" VPOS="595" HPOS="656"/>
							<String ID="string_90" HPOS="682" VPOS="594" WIDTH="124" HEIGHT="28" WC="0.96" CONTENT="kräver"/><SP WIDTH="23" VPOS="594" HPOS="806"/>
							<String ID="string_91" HPOS="829" VPOS="592" WIDTH="49" HEIGHT="29" WC="0.96" CONTENT="tid"/><SP WIDTH="26" VPOS="592" HPOS="878"/>
							<String ID="string_92" HPOS="904" VPOS="594" WIDTH="49" HEIGHT="27" WC="0.96" CONTENT="att"/><SP WIDTH="26" VPOS="594" HPOS="953"/>
							<String ID="string_93" HPOS="979" VPOS="591" WIDTH="140" HEIGHT="29" WC="0.96" CONTENT="komma"/><SP WIDTH="27" VPOS="591" HPOS="1119"/>
							<String ID="string_94" HPOS="1146" VPOS="589" WIDTH="10" HEIGHT="29" WC="0.95" CONTENT="i"/><SP WIDTH="27" VPOS="589" HPOS="1156"/>
							<String ID="string_95" HPOS="1183" VPOS="588" WIDTH="98" HEIGHT="36" WC="0.96" CONTENT="gång."/><SP WIDTH="39" VPOS="588" HPOS="1281"/>
							<String ID="string_96" HPOS="1320" VPOS="586" WIDTH="51" HEIGHT="30" WC="0.96" CONTENT="Då"/><SP WIDTH="29" VPOS="586" HPOS="1371"/>
							<String ID="string_97" HPOS="1400" VPOS="586" WIDTH="128" HEIGHT="30" WC="0.96" CONTENT="fonden"/><SP WIDTH="26" VPOS="586" HPOS="1528"/>
							<String ID="string_98" HPOS="1554" VPOS="585" WIDTH="53" HEIGHT="29" WC="0.96" CONTENT="för"/>
						</TextLine>
						<TextLine ID="line_10" HPOS="105" VPOS="629" WIDTH="1502" HEIGHT="40">
							<String ID="string_99" HPOS="105" VPOS="636" WIDTH="415" HEIGHT="33" WC="0.91" CONTENT="lantarbetarbostadslån"/><SP WIDTH="26" VPOS="636" HPOS="520"/>
							<String ID="string_100" HPOS="546" VPOS="637" WIDTH="23" HEIGHT="29" WC="0.91" CONTENT="f."/><SP WIDTH="26" VPOS="637" HPOS="569"/>
							<String ID="string_101" HPOS="595" VPOS="646" WIDTH="31" HEIGHT="20" WC="0.92" CONTENT="n."/><SP WIDTH="26" VPOS="646" HPOS="626"/>
							<String ID="string_102" HPOS="652" VPOS="634" WIDTH="190" HEIGHT="31" WC="0.96" CONTENT="innehåller"/><SP WIDTH="26" VPOS="634" HPOS="842"/>
							<String ID="string_103" HPOS="868" VPOS="635" WIDTH="85" HEIGHT="28" WC="0.93" CONTENT="nära"/><SP WIDTH="28" VPOS="635" HPOS="953"/>
							<String ID="string_104" HPOS="981" VPOS="629" WIDTH="70" HEIGHT="33" WC="0.23" CONTENT="1&#39;/2"/><SP WIDTH="25" VPOS="629" HPOS="1051"/>
							<String ID="string_105" HPOS="1076" VPOS="631" WIDTH="84" HEIGHT="36" WC="0.96" CONTENT="milj."/><SP WIDTH="28" VPOS="631" HPOS="1160"/>
							<String ID="string_106" HPOS="1188" VPOS="632" WIDTH="138" HEIGHT="32" WC="0.95" CONTENT="kronor,"/><SP WIDTH="27" VPOS="632" HPOS="1326"/>
							<String ID="string_107" HPOS="1353" VPOS="638" WIDTH="99" HEIGHT="28" WC="0.96" CONTENT="synes"/><SP WIDTH="26" VPOS="638" HPOS="1452"/>
							<String ID="string_108" HPOS="1478" VPOS="629" WIDTH="55" HEIGHT="28" WC="0.91" CONTENT="det"/><SP WIDTH="25" VPOS="629" HPOS="1533"/>
							<String ID="string_109" HPOS="1558" VPOS="630" WIDTH="49" HEIGHT="27" WC="0.90" CONTENT="ut-"/>
						</TextLine>
						<TextLine ID="line_11" HPOS="105" VPOS="670" WIDTH="1503" HEIGHT="46">
							<String ID="string_110" HPOS="105" VPOS="682" WIDTH="189" HEIGHT="34" WC="0.91" CONTENT="redningen"/><SP WIDTH="20" VPOS="682" HPOS="294"/>
							<String ID="string_111" HPOS="314" VPOS="679" WIDTH="207" HEIGHT="35" WC="0.96" CONTENT="tillräckligt,"/><SP WIDTH="23" VPOS="679" HPOS="521"/>
							<String ID="string_112" HPOS="544" VPOS="688" WIDTH="56" HEIGHT="20" WC="0.96" CONTENT="om"/><SP WIDTH="21" VPOS="688" HPOS="600"/>
							<String ID="string_113" HPOS="621" VPOS="678" WIDTH="129" HEIGHT="30" WC="0.96" CONTENT="fonden"/><SP WIDTH="23" VPOS="678" HPOS="750"/>
							<String ID="string_114" HPOS="773" VPOS="677" WIDTH="53" HEIGHT="29" WC="0.96" CONTENT="för"/><SP WIDTH="21" VPOS="677" HPOS="826"/>
							<String ID="string_115" HPOS="847" VPOS="677" WIDTH="175" HEIGHT="28" WC="0.96" CONTENT="närmaste"/><SP WIDTH="20" VPOS="677" HPOS="1022"/>
							<String ID="string_116" HPOS="1042" VPOS="673" WIDTH="168" HEIGHT="36" WC="0.96" CONTENT="budgetår"/><SP WIDTH="20" VPOS="673" HPOS="1210"/>
							<String ID="string_117" HPOS="1230" VPOS="672" WIDTH="144" HEIGHT="30" WC="0.90" CONTENT="tillföres"/><SP WIDTH="21" VPOS="672" HPOS="1374"/>
							<String ID="string_118" HPOS="1395" VPOS="674" WIDTH="46" HEIGHT="27" WC="0.93" CONTENT="ett"/><SP WIDTH="23" VPOS="674" HPOS="1441"/>
							<String ID="string_119" HPOS="1464" VPOS="670" WIDTH="144" HEIGHT="36" WC="0.90" CONTENT="kapital-"/>
						</TextLine>
						<TextLine ID="line_12" HPOS="105" VPOS="712" WIDTH="1503" HEIGHT="47">
							<String ID="string_120" HPOS="105" VPOS="724" WIDTH="126" HEIGHT="35" WC="0.96" CONTENT="belopp"/><SP WIDTH="24" VPOS="724" HPOS="231"/>
							<String ID="string_121" HPOS="255" VPOS="733" WIDTH="41" HEIGHT="19" WC="0.96" CONTENT="av"/><SP WIDTH="25" VPOS="733" HPOS="296"/>
							<String ID="string_122" HPOS="321" VPOS="723" WIDTH="17" HEIGHT="28" WC="0.96" CONTENT="5"/><SP WIDTH="23" VPOS="723" HPOS="338"/>
							<String ID="string_123" HPOS="361" VPOS="720" WIDTH="86" HEIGHT="37" WC="0.96" CONTENT="milj."/><SP WIDTH="24" VPOS="720" HPOS="447"/>
							<String ID="string_124" HPOS="471" VPOS="722" WIDTH="138" HEIGHT="34" WC="0.96" CONTENT="kronor,"/><SP WIDTH="24" VPOS="722" HPOS="609"/>
							<String ID="string_125" HPOS="633" VPOS="719" WIDTH="169" HEIGHT="36" WC="0.96" CONTENT="varjämte"/><SP WIDTH="22" VPOS="719" HPOS="802"/>
							<String ID="string_126" HPOS="824" VPOS="719" WIDTH="119" HEIGHT="34" WC="0.96" CONTENT="anslag"/><SP WIDTH="22" VPOS="719" HPOS="943"/>
							<String ID="string_127" HPOS="965" VPOS="718" WIDTH="63" HEIGHT="29" WC="0.96" CONTENT="bör"/><SP WIDTH="22" VPOS="718" HPOS="1028"/>
							<String ID="string_128" HPOS="1050" VPOS="717" WIDTH="171" HEIGHT="29" WC="0.96" CONTENT="beräknas"/><SP WIDTH="24" VPOS="717" HPOS="1221"/>
							<String ID="string_129" HPOS="1245" VPOS="715" WIDTH="55" HEIGHT="29" WC="0.96" CONTENT="för"/><SP WIDTH="22" VPOS="715" HPOS="1300"/>
							<String ID="string_130" HPOS="1322" VPOS="717" WIDTH="45" HEIGHT="27" WC="0.96" CONTENT="ett"/><SP WIDTH="24" VPOS="717" HPOS="1367"/>
							<String ID="string_131" HPOS="1391" VPOS="713" WIDTH="148" HEIGHT="30" WC="0.92" CONTENT="tusental"/><SP WIDTH="22" VPOS="713" HPOS="1539"/>
							<String ID="string_132" HPOS="1561" VPOS="712" WIDTH="47" HEIGHT="30" WC="0.91" CONTENT="bi-"/>
						</TextLine>
						<TextLine ID="line_13" HPOS="107" VPOS="764" WIDTH="515" HEIGHT="37">
							<String ID="string_133" HPOS="107" VPOS="767" WIDTH="83" HEIGHT="34" WC="0.89" CONTENT="drag"/><SP WIDTH="25" VPOS="767" HPOS="190"/>
							<String ID="string_134" HPOS="215" VPOS="766" WIDTH="80" HEIGHT="28" WC="0.92" CONTENT="eller"/><SP WIDTH="25" VPOS="766" HPOS="295"/>
							<String ID="string_135" HPOS="320" VPOS="764" WIDTH="139" HEIGHT="35" WC="0.91" CONTENT="300,000"/><SP WIDTH="25" VPOS="764" HPOS="459"/>
							<String ID="string_136" HPOS="484" VPOS="764" WIDTH="138" HEIGHT="28" WC="0.96" CONTENT="kronor."/>
						</TextLine>
					</TextBlock>
				</ComposedBlock>
				<ComposedBlock ID="cblock_2" HPOS="151" VPOS="820" WIDTH="1079" HEIGHT="49">
					<TextBlock ID="block_3" HPOS="151" VPOS="820" WIDTH="1079" HEIGHT="49">
						<TextLine ID="line_14" HPOS="151" VPOS="820" WIDTH="1079" HEIGHT="49">
							<String ID="string_137" HPOS="151" VPOS="830" WIDTH="390" HEIGHT="39" WC="0.92" CONTENT="Departementschefen"/><SP WIDTH="18" VPOS="830" HPOS="541"/>
							<String ID="string_138" HPOS="559" VPOS="830" WIDTH="64" HEIGHT="30" WC="0.96" CONTENT="har"/><SP WIDTH="21" VPOS="830" HPOS="623"/>
							<String ID="string_139" HPOS="644" VPOS="828" WIDTH="117" HEIGHT="32" WC="0.96" CONTENT="anfört"/><SP WIDTH="21" VPOS="828" HPOS="761"/>
							<String ID="string_140" HPOS="782" VPOS="829" WIDTH="106" HEIGHT="29" WC="0.96" CONTENT="bland"/><SP WIDTH="22" VPOS="829" HPOS="888"/>
							<String ID="string_141" HPOS="910" VPOS="830" WIDTH="106" HEIGHT="28" WC="0.96" CONTENT="annat"/><SP WIDTH="21" VPOS="830" HPOS="1016"/>
							<String ID="string_142" HPOS="1037" VPOS="826" WIDTH="165" HEIGHT="36" WC="0.96" CONTENT="följande."/><SP WIDTH="26" VPOS="826" HPOS="1202"/>
							<String ID="string_143" HPOS="1228" VPOS="820" WIDTH="2" HEIGHT="2" WC="0.79" CONTENT="|"/>
						</TextLine>
					</TextBlock>
				</ComposedBlock>
				<ComposedBlock ID="cblock_3" HPOS="108" VPOS="874" WIDTH="1522" HEIGHT="1642">
					<TextBlock ID="block_4" HPOS="108" VPOS="874" WIDTH="1504" HEIGHT="170">
						<TextLine ID="line_15" HPOS="155" VPOS="874" WIDTH="1457" HEIGHT="45">
							<String ID="string_144" HPOS="155" VPOS="884" WIDTH="64" HEIGHT="30" WC="0.95" CONTENT="Det"/><SP WIDTH="17" VPOS="884" HPOS="219"/>
							<String ID="string_145" HPOS="236" VPOS="893" WIDTH="100" HEIGHT="26" WC="0.96" CONTENT="synes"/><SP WIDTH="15" VPOS="893" HPOS="336"/>
							<String ID="string_146" HPOS="351" VPOS="883" WIDTH="69" HEIGHT="35" WC="0.96" CONTENT="mig"/><SP WIDTH="15" VPOS="883" HPOS="420"/>
							<String ID="string_147" HPOS="435" VPOS="883" WIDTH="91" HEIGHT="29" WC="0.96" CONTENT="klart"/><SP WIDTH="17" VPOS="883" HPOS="526"/>
							<String ID="string_148" HPOS="543" VPOS="881" WIDTH="181" HEIGHT="36" WC="0.96" CONTENT="ådagalagt"/><SP WIDTH="18" VPOS="881" HPOS="724"/>
							<String ID="string_149" HPOS="742" VPOS="890" WIDTH="41" HEIGHT="20" WC="0.96" CONTENT="av"/><SP WIDTH="15" VPOS="890" HPOS="783"/>
							<String ID="string_150" HPOS="798" VPOS="881" WIDTH="65" HEIGHT="29" WC="0.93" CONTENT="den"/><SP WIDTH="16" VPOS="881" HPOS="863"/>
							<String ID="string_151" HPOS="879" VPOS="879" WIDTH="198" HEIGHT="35" WC="0.90" CONTENT="förebragta"/><SP WIDTH="15" VPOS="879" HPOS="1077"/>
							<String ID="string_152" HPOS="1092" VPOS="877" WIDTH="229" HEIGHT="35" WC="0.96" CONTENT="utredningen"/><SP WIDTH="17" VPOS="877" HPOS="1321"/>
							<String ID="string_153" HPOS="1338" VPOS="877" WIDTH="65" HEIGHT="28" WC="0.96" CONTENT="och"/><SP WIDTH="19" VPOS="877" HPOS="1403"/>
							<String ID="string_154" HPOS="1422" VPOS="885" WIDTH="41" HEIGHT="20" WC="0.92" CONTENT="av"/><SP WIDTH="17" VPOS="885" HPOS="1463"/>
							<String ID="string_155" HPOS="1480" VPOS="874" WIDTH="132" HEIGHT="30" WC="0.91" CONTENT="remiss-"/>
						</TextLine>
						<TextLine ID="line_16" HPOS="108" VPOS="916" WIDTH="1502" HEIGHT="44">
							<String ID="string_156" HPOS="108" VPOS="934" WIDTH="132" HEIGHT="26" WC="0.95" CONTENT="svaren,"/><SP WIDTH="18" VPOS="934" HPOS="240"/>
							<String ID="string_157" HPOS="258" VPOS="927" WIDTH="49" HEIGHT="27" WC="0.96" CONTENT="att"/><SP WIDTH="17" VPOS="927" HPOS="307"/>
							<String ID="string_158" HPOS="324" VPOS="924" WIDTH="274" HEIGHT="30" WC="0.96" CONTENT="hittillsvarande"/><SP WIDTH="18" VPOS="924" HPOS="598"/>
							<String ID="string_159" HPOS="616" VPOS="922" WIDTH="219" HEIGHT="30" WC="0.96" CONTENT="verksamhet"/><SP WIDTH="17" VPOS="922" HPOS="835"/>
							<String ID="string_160" HPOS="852" VPOS="924" WIDTH="48" HEIGHT="27" WC="0.96" CONTENT="att"/><SP WIDTH="19" VPOS="924" HPOS="900"/>
							<String ID="string_161" HPOS="919" VPOS="921" WIDTH="168" HEIGHT="29" WC="0.93" CONTENT="förbättra"/><SP WIDTH="19" VPOS="921" HPOS="1087"/>
							<String ID="string_162" HPOS="1106" VPOS="919" WIDTH="276" HEIGHT="29" WC="0.91" CONTENT="lantarbetarnas"/><SP WIDTH="18" VPOS="919" HPOS="1382"/>
							<String ID="string_163" HPOS="1400" VPOS="916" WIDTH="210" HEIGHT="31" WC="0.91" CONTENT="bostadsför-"/>
						</TextLine>
						<TextLine ID="line_17" HPOS="110" VPOS="958" WIDTH="1502" HEIGHT="42">
							<String ID="string_164" HPOS="110" VPOS="967" WIDTH="188" HEIGHT="31" WC="0.91" CONTENT="hållanden"/><SP WIDTH="16" VPOS="967" HPOS="298"/>
							<String ID="string_165" HPOS="314" VPOS="967" WIDTH="131" HEIGHT="29" WC="0.95" CONTENT="lämnat"/><SP WIDTH="16" VPOS="967" HPOS="445"/>
							<String ID="string_166" HPOS="461" VPOS="964" WIDTH="227" HEIGHT="36" WC="0.95" CONTENT="otillräckliga"/><SP WIDTH="16" VPOS="964" HPOS="688"/>
							<String ID="string_167" HPOS="704" VPOS="964" WIDTH="141" HEIGHT="29" WC="0.96" CONTENT="resultat"/><SP WIDTH="17" VPOS="964" HPOS="845"/>
							<String ID="string_168" HPOS="862" VPOS="964" WIDTH="65" HEIGHT="29" WC="0.96" CONTENT="och"/><SP WIDTH="17" VPOS="964" HPOS="927"/>
							<String ID="string_169" HPOS="944" VPOS="966" WIDTH="48" HEIGHT="26" WC="0.96" CONTENT="att"/><SP WIDTH="18" VPOS="966" HPOS="992"/>
							<String ID="string_170" HPOS="1010" VPOS="962" WIDTH="117" HEIGHT="30" WC="0.96" CONTENT="därför"/><SP WIDTH="15" VPOS="962" HPOS="1127"/>
							<String ID="string_171" HPOS="1142" VPOS="964" WIDTH="47" HEIGHT="27" WC="0.96" CONTENT="ett"/><SP WIDTH="14" VPOS="964" HPOS="1189"/>
							<String ID="string_172" HPOS="1203" VPOS="964" WIDTH="84" HEIGHT="26" WC="0.96" CONTENT="stort"/><SP WIDTH="17" VPOS="964" HPOS="1287"/>
							<String ID="string_173" HPOS="1304" VPOS="960" WIDTH="112" HEIGHT="30" WC="0.96" CONTENT="behov"/><SP WIDTH="17" VPOS="960" HPOS="1416"/>
							<String ID="string_174" HPOS="1433" VPOS="958" WIDTH="179" HEIGHT="36" WC="0.96" CONTENT="föreligger"/>
						</TextLine>
						<TextLine ID="line_18" HPOS="110" VPOS="1002" WIDTH="1129" HEIGHT="42">
							<String ID="string_175" HPOS="110" VPOS="1020" WIDTH="42" HEIGHT="20" WC="0.96" CONTENT="av"/><SP WIDTH="17" VPOS="1020" HPOS="152"/>
							<String ID="string_176" HPOS="169" VPOS="1019" WIDTH="95" HEIGHT="21" WC="0.96" CONTENT="mera"/><SP WIDTH="17" VPOS="1019" HPOS="264"/>
							<String ID="string_177" HPOS="281" VPOS="1008" WIDTH="179" HEIGHT="36" WC="0.96" CONTENT="energiska"/><SP WIDTH="17" VPOS="1008" HPOS="460"/>
							<String ID="string_178" HPOS="477" VPOS="1008" WIDTH="65" HEIGHT="29" WC="0.96" CONTENT="och"/><SP WIDTH="18" VPOS="1008" HPOS="542"/>
							<String ID="string_179" HPOS="560" VPOS="1006" WIDTH="165" HEIGHT="31" WC="0.96" CONTENT="effektiva"/><SP WIDTH="17" VPOS="1006" HPOS="725"/>
							<String ID="string_180" HPOS="742" VPOS="1006" WIDTH="157" HEIGHT="36" WC="0.96" CONTENT="åtgärder"/><SP WIDTH="18" VPOS="1006" HPOS="899"/>
							<String ID="string_181" HPOS="917" VPOS="1005" WIDTH="45" HEIGHT="37" WC="0.96" CONTENT="på"/><SP WIDTH="18" VPOS="1005" HPOS="962"/>
							<String ID="string_182" HPOS="980" VPOS="1005" WIDTH="90" HEIGHT="30" WC="0.96" CONTENT="detta"/><SP WIDTH="18" VPOS="1005" HPOS="1070"/>
							<String ID="string_183" HPOS="1088" VPOS="1002" WIDTH="151" HEIGHT="31" WC="0.96" CONTENT="område."/>
						</TextLine>
					</TextBlock>
					<TextBlock ID="block_5" HPOS="111" VPOS="1042" WIDTH="1510" HEIGHT="803">
						<TextLine ID="line_19" HPOS="153" VPOS="1042" WIDTH="1461" HEIGHT="42">
							<String ID="string_184" HPOS="153" VPOS="1050" WIDTH="276" HEIGHT="32" WC="0.96" CONTENT="Bostadssociala"/><SP WIDTH="21" VPOS="1050" HPOS="429"/>
							<String ID="string_185" HPOS="450" VPOS="1048" WIDTH="227" HEIGHT="36" WC="0.96" CONTENT="utredningen"/><SP WIDTH="21" VPOS="1048" HPOS="677"/>
							<String ID="string_186" HPOS="698" VPOS="1048" WIDTH="126" HEIGHT="36" WC="0.96" CONTENT="utgår"/><SP WIDTH="-16" VPOS="1048" HPOS="824"/>
							<String ID="string_187" HPOS="808" VPOS="1038" WIDTH="17" HEIGHT="51" WC="0.96" CONTENT="i"/><SP WIDTH="22" VPOS="1038" HPOS="825"/>
							<String ID="string_188" HPOS="847" VPOS="1048" WIDTH="55" HEIGHT="29" WC="0.96" CONTENT="sitt"/><SP WIDTH="23" VPOS="1048" HPOS="902"/>
							<String ID="string_189" HPOS="925" VPOS="1047" WIDTH="129" HEIGHT="36" WC="0.96" CONTENT="förslag"/><SP WIDTH="21" VPOS="1047" HPOS="1054"/>
							<String ID="string_190" HPOS="1075" VPOS="1045" WIDTH="78" HEIGHT="30" WC="0.96" CONTENT="från"/><SP WIDTH="22" VPOS="1045" HPOS="1153"/>
							<String ID="string_191" HPOS="1175" VPOS="1045" WIDTH="56" HEIGHT="30" WC="0.96" CONTENT="det"/><SP WIDTH="22" VPOS="1045" HPOS="1231"/>
							<String ID="string_192" HPOS="1253" VPOS="1044" WIDTH="143" HEIGHT="30" WC="0.93" CONTENT="allmänt"/><SP WIDTH="22" VPOS="1044" HPOS="1396"/>
							<String ID="string_193" HPOS="1418" VPOS="1042" WIDTH="196" HEIGHT="31" WC="0.92" CONTENT="vitsordade"/>
						</TextLine>
						<TextLine ID="line_20" HPOS="111" VPOS="1084" WIDTH="1501" HEIGHT="45">
							<String ID="string_194" HPOS="111" VPOS="1093" WIDTH="243" HEIGHT="36" WC="0.96" CONTENT="förhållandet,"/><SP WIDTH="17" VPOS="1093" HPOS="354"/>
							<String ID="string_195" HPOS="371" VPOS="1096" WIDTH="48" HEIGHT="27" WC="0.95" CONTENT="att"/><SP WIDTH="15" VPOS="1096" HPOS="419"/>
							<String ID="string_196" HPOS="434" VPOS="1092" WIDTH="221" HEIGHT="36" WC="0.95" CONTENT="jordbrukets"/><SP WIDTH="16" VPOS="1092" HPOS="655"/>
							<String ID="string_197" HPOS="671" VPOS="1090" WIDTH="226" HEIGHT="31" WC="0.96" CONTENT="ekonomiska"/><SP WIDTH="15" VPOS="1090" HPOS="897"/>
							<String ID="string_198" HPOS="912" VPOS="1090" WIDTH="75" HEIGHT="35" WC="0.96" CONTENT="läge"/><SP WIDTH="16" VPOS="1090" HPOS="987"/>
							<String ID="string_199" HPOS="1003" VPOS="1089" WIDTH="53" HEIGHT="29" WC="0.96" CONTENT="för"/><SP WIDTH="16" VPOS="1089" HPOS="1056"/>
							<String ID="string_200" HPOS="1072" VPOS="1087" WIDTH="218" HEIGHT="31" WC="0.96" CONTENT="närvarande"/><SP WIDTH="17" VPOS="1087" HPOS="1290"/>
							<String ID="string_201" HPOS="1307" VPOS="1087" WIDTH="74" HEIGHT="29" WC="0.96" CONTENT="icke"/><SP WIDTH="16" VPOS="1087" HPOS="1381"/>
							<String ID="string_202" HPOS="1397" VPOS="1086" WIDTH="137" HEIGHT="35" WC="0.92" CONTENT="överlag"/><SP WIDTH="15" VPOS="1086" HPOS="1534"/>
							<String ID="string_203" HPOS="1549" VPOS="1084" WIDTH="63" HEIGHT="30" WC="0.92" CONTENT="till-"/>
						</TextLine>
						<TextLine ID="line_21" HPOS="112" VPOS="1127" WIDTH="1500" HEIGHT="43">
							<String ID="string_204" HPOS="112" VPOS="1137" WIDTH="84" HEIGHT="30" WC="0.96" CONTENT="låter"/><SP WIDTH="20" VPOS="1137" HPOS="196"/>
							<String ID="string_205" HPOS="216" VPOS="1146" WIDTH="43" HEIGHT="20" WC="0.96" CONTENT="en"/><SP WIDTH="20" VPOS="1146" HPOS="259"/>
							<String ID="string_206" HPOS="279" VPOS="1134" WIDTH="198" HEIGHT="36" WC="0.96" CONTENT="tillräckligt"/><SP WIDTH="21" VPOS="1134" HPOS="477"/>
							<String ID="string_207" HPOS="498" VPOS="1135" WIDTH="108" HEIGHT="29" WC="0.96" CONTENT="snabb"/><SP WIDTH="21" VPOS="1135" HPOS="606"/>
							<String ID="string_208" HPOS="627" VPOS="1134" WIDTH="65" HEIGHT="29" WC="0.96" CONTENT="och"/><SP WIDTH="22" VPOS="1134" HPOS="692"/>
							<String ID="string_209" HPOS="714" VPOS="1132" WIDTH="157" HEIGHT="37" WC="0.96" CONTENT="grundlig"/><SP WIDTH="21" VPOS="1132" HPOS="871"/>
							<String ID="string_210" HPOS="892" VPOS="1130" WIDTH="188" HEIGHT="37" WC="0.96" CONTENT="omdaning"/><SP WIDTH="21" VPOS="1130" HPOS="1080"/>
							<String ID="string_211" HPOS="1101" VPOS="1139" WIDTH="41" HEIGHT="20" WC="0.93" CONTENT="av"/><SP WIDTH="21" VPOS="1139" HPOS="1142"/>
							<String ID="string_212" HPOS="1163" VPOS="1128" WIDTH="288" HEIGHT="30" WC="0.90" CONTENT="lönebostäderna"/><SP WIDTH="22" VPOS="1128" HPOS="1451"/>
							<String ID="string_213" HPOS="1473" VPOS="1128" WIDTH="64" HEIGHT="29" WC="0.93" CONTENT="och"/><SP WIDTH="21" VPOS="1128" HPOS="1537"/>
							<String ID="string_214" HPOS="1558" VPOS="1127" WIDTH="54" HEIGHT="29" WC="0.91" CONTENT="be-"/>
						</TextLine>
						<TextLine ID="line_22" HPOS="112" VPOS="1169" WIDTH="1502" HEIGHT="44">
							<String ID="string_215" HPOS="112" VPOS="1180" WIDTH="134" HEIGHT="29" WC="0.91" CONTENT="traktar"/><SP WIDTH="15" VPOS="1180" HPOS="246"/>
							<String ID="string_216" HPOS="261" VPOS="1181" WIDTH="45" HEIGHT="27" WC="0.96" CONTENT="ett"/><SP WIDTH="20" VPOS="1181" HPOS="306"/>
							<String ID="string_217" HPOS="326" VPOS="1177" WIDTH="127" HEIGHT="36" WC="0.96" CONTENT="statligt"/><SP WIDTH="19" VPOS="1177" HPOS="453"/>
							<String ID="string_218" HPOS="472" VPOS="1177" WIDTH="76" HEIGHT="29" WC="0.96" CONTENT="stöd"/><SP WIDTH="19" VPOS="1177" HPOS="548"/>
							<String ID="string_219" HPOS="567" VPOS="1176" WIDTH="34" HEIGHT="30" WC="0.96" CONTENT="åt"/><SP WIDTH="19" VPOS="1176" HPOS="601"/>
							<String ID="string_220" HPOS="620" VPOS="1176" WIDTH="116" HEIGHT="29" WC="0.96" CONTENT="dessas"/><SP WIDTH="20" VPOS="1176" HPOS="736"/>
							<String ID="string_221" HPOS="756" VPOS="1174" WIDTH="206" HEIGHT="36" WC="0.96" CONTENT="förbättring"/><SP WIDTH="19" VPOS="1174" HPOS="962"/>
							<String ID="string_222" HPOS="981" VPOS="1174" WIDTH="11" HEIGHT="29" WC="0.96" CONTENT="i"/><SP WIDTH="18" VPOS="1174" HPOS="992"/>
							<String ID="string_223" HPOS="1010" VPOS="1172" WIDTH="68" HEIGHT="30" WC="0.96" CONTENT="viss"/><SP WIDTH="20" VPOS="1172" HPOS="1078"/>
							<String ID="string_224" HPOS="1098" VPOS="1171" WIDTH="139" HEIGHT="36" WC="0.96" CONTENT="mening"/><SP WIDTH="20" VPOS="1171" HPOS="1237"/>
							<String ID="string_225" HPOS="1257" VPOS="1170" WIDTH="114" HEIGHT="31" WC="0.96" CONTENT="såsom"/><SP WIDTH="19" VPOS="1170" HPOS="1371"/>
							<String ID="string_226" HPOS="1390" VPOS="1173" WIDTH="46" HEIGHT="27" WC="0.96" CONTENT="ett"/><SP WIDTH="20" VPOS="1173" HPOS="1436"/>
							<String ID="string_227" HPOS="1456" VPOS="1169" WIDTH="54" HEIGHT="30" WC="0.96" CONTENT="led"/><SP WIDTH="21" VPOS="1169" HPOS="1510"/>
							<String ID="string_228" HPOS="1531" VPOS="1169" WIDTH="8" HEIGHT="29" WC="0.96" CONTENT="i"/><SP WIDTH="21" VPOS="1169" HPOS="1539"/>
							<String ID="string_229" HPOS="1560" VPOS="1169" WIDTH="54" HEIGHT="29" WC="0.96" CONTENT="det"/>
						</TextLine>
						<TextLine ID="line_23" HPOS="112" VPOS="1210" WIDTH="1502" HEIGHT="46">
							<String ID="string_230" HPOS="112" VPOS="1222" WIDTH="177" HEIGHT="30" WC="0.92" CONTENT="allmänna"/><SP WIDTH="18" VPOS="1222" HPOS="289"/>
							<String ID="string_231" HPOS="307" VPOS="1219" WIDTH="300" HEIGHT="37" WC="0.92" CONTENT="jordbruksstödet"/><SP WIDTH="17" VPOS="1219" HPOS="607"/>
							<String ID="string_232" HPOS="624" VPOS="1227" WIDTH="79" HEIGHT="21" WC="0.96" CONTENT="men"/><SP WIDTH="18" VPOS="1227" HPOS="703"/>
							<String ID="string_233" HPOS="721" VPOS="1216" WIDTH="174" HEIGHT="35" WC="0.96" CONTENT="samtidigt"/><SP WIDTH="18" VPOS="1216" HPOS="895"/>
							<String ID="string_234" HPOS="913" VPOS="1215" WIDTH="113" HEIGHT="31" WC="0.96" CONTENT="såsom"/><SP WIDTH="20" VPOS="1215" HPOS="1026"/>
							<String ID="string_235" HPOS="1046" VPOS="1218" WIDTH="45" HEIGHT="27" WC="0.96" CONTENT="ett"/><SP WIDTH="18" VPOS="1218" HPOS="1091"/>
							<String ID="string_236" HPOS="1109" VPOS="1215" WIDTH="54" HEIGHT="29" WC="0.96" CONTENT="led"/><SP WIDTH="19" VPOS="1215" HPOS="1163"/>
							<String ID="string_237" HPOS="1182" VPOS="1214" WIDTH="9" HEIGHT="29" WC="0.93" CONTENT="i"/><SP WIDTH="20" VPOS="1214" HPOS="1191"/>
							<String ID="string_238" HPOS="1211" VPOS="1212" WIDTH="197" HEIGHT="31" WC="0.90" CONTENT="strävandet"/><SP WIDTH="18" VPOS="1212" HPOS="1408"/>
							<String ID="string_239" HPOS="1426" VPOS="1213" WIDTH="49" HEIGHT="28" WC="0.96" CONTENT="att"/><SP WIDTH="19" VPOS="1213" HPOS="1475"/>
							<String ID="string_240" HPOS="1494" VPOS="1210" WIDTH="120" HEIGHT="30" WC="0.92" CONTENT="tillför-"/>
						</TextLine>
						<TextLine ID="line_24" HPOS="112" VPOS="1254" WIDTH="1502" HEIGHT="42">
							<String ID="string_241" HPOS="112" VPOS="1265" WIDTH="102" HEIGHT="29" WC="0.93" CONTENT="säkra"/><SP WIDTH="21" VPOS="1265" HPOS="214"/>
							<String ID="string_242" HPOS="235" VPOS="1263" WIDTH="176" HEIGHT="29" WC="0.91" CONTENT="eftersatta"/><SP WIDTH="21" VPOS="1263" HPOS="411"/>
							<String ID="string_243" HPOS="432" VPOS="1260" WIDTH="372" HEIGHT="36" WC="0.91" CONTENT="befolkningsgrupper"/><SP WIDTH="21" VPOS="1260" HPOS="804"/>
							<String ID="string_244" HPOS="825" VPOS="1269" WIDTH="41" HEIGHT="20" WC="0.90" CONTENT="en"/><SP WIDTH="22" VPOS="1269" HPOS="866"/>
							<String ID="string_245" HPOS="888" VPOS="1256" WIDTH="319" HEIGHT="35" WC="0.90" CONTENT="bostadsstandard,"/><SP WIDTH="24" VPOS="1256" HPOS="1207"/>
							<String ID="string_246" HPOS="1231" VPOS="1264" WIDTH="74" HEIGHT="21" WC="0.96" CONTENT="som"/><SP WIDTH="22" VPOS="1264" HPOS="1305"/>
							<String ID="string_247" HPOS="1327" VPOS="1254" WIDTH="74" HEIGHT="30" WC="0.96" CONTENT="icke"/><SP WIDTH="22" VPOS="1254" HPOS="1401"/>
							<String ID="string_248" HPOS="1423" VPOS="1254" WIDTH="110" HEIGHT="29" WC="0.90" CONTENT="under"/><SP WIDTH="22" VPOS="1254" HPOS="1533"/>
							<String ID="string_249" HPOS="1555" VPOS="1261" WIDTH="59" HEIGHT="20" WC="0.90" CONTENT="nu-"/>
						</TextLine>
						<TextLine ID="line_25" HPOS="112" VPOS="1299" WIDTH="1504" HEIGHT="40">
							<String ID="string_250" HPOS="112" VPOS="1306" WIDTH="152" HEIGHT="31" WC="0.95" CONTENT="varande"/><SP WIDTH="20" VPOS="1306" HPOS="264"/>
							<String ID="string_251" HPOS="284" VPOS="1304" WIDTH="287" HEIGHT="35" WC="0.96" CONTENT="förutsättningar"/><SP WIDTH="20" VPOS="1304" HPOS="571"/>
							<String ID="string_252" HPOS="591" VPOS="1304" WIDTH="36" HEIGHT="28" WC="0.96" CONTENT="är"/><SP WIDTH="20" VPOS="1304" HPOS="627"/>
							<String ID="string_253" HPOS="647" VPOS="1301" WIDTH="119" HEIGHT="38" WC="0.96" CONTENT="möjlig"/><SP WIDTH="19" VPOS="1301" HPOS="766"/>
							<String ID="string_254" HPOS="785" VPOS="1304" WIDTH="48" HEIGHT="27" WC="0.96" CONTENT="att"/><SP WIDTH="19" VPOS="1304" HPOS="833"/>
							<String ID="string_255" HPOS="852" VPOS="1300" WIDTH="45" HEIGHT="31" WC="0.96" CONTENT="nå"/><SP WIDTH="15" VPOS="1300" HPOS="897"/>
							<String ID="string_256" HPOS="912" VPOS="1300" WIDTH="95" HEIGHT="30" WC="0.96" CONTENT="inom"/><SP WIDTH="19" VPOS="1300" HPOS="1007"/>
							<String ID="string_257" HPOS="1026" VPOS="1308" WIDTH="119" HEIGHT="21" WC="0.96" CONTENT="ramen"/><SP WIDTH="19" VPOS="1308" HPOS="1145"/>
							<String ID="string_258" HPOS="1164" VPOS="1308" WIDTH="43" HEIGHT="20" WC="0.96" CONTENT="av"/><SP WIDTH="20" VPOS="1308" HPOS="1207"/>
							<String ID="string_259" HPOS="1227" VPOS="1299" WIDTH="98" HEIGHT="29" WC="0.95" CONTENT="dessa"/><SP WIDTH="20" VPOS="1299" HPOS="1325"/>
							<String ID="string_260" HPOS="1345" VPOS="1304" WIDTH="166" HEIGHT="29" WC="0.96" CONTENT="gruppers"/><SP WIDTH="20" VPOS="1304" HPOS="1511"/>
							<String ID="string_261" HPOS="1531" VPOS="1302" WIDTH="85" HEIGHT="30" WC="0.96" CONTENT="egna"/>
						</TextLine>
						<TextLine ID="line_26" HPOS="113" VPOS="1337" WIDTH="1504" HEIGHT="42">
							<String ID="string_262" HPOS="113" VPOS="1347" WIDTH="227" HEIGHT="32" WC="0.96" CONTENT="ekonomiska"/><SP WIDTH="23" VPOS="1347" HPOS="340"/>
							<String ID="string_263" HPOS="363" VPOS="1354" WIDTH="162" HEIGHT="21" WC="0.96" CONTENT="resurser."/><SP WIDTH="47" VPOS="1354" HPOS="525"/>
							<String ID="string_264" HPOS="572" VPOS="1344" WIDTH="122" HEIGHT="30" WC="0.96" CONTENT="Därtill"/><SP WIDTH="23" VPOS="1344" HPOS="694"/>
							<String ID="string_265" HPOS="717" VPOS="1344" WIDTH="157" HEIGHT="29" WC="0.96" CONTENT="kommer"/><SP WIDTH="24" VPOS="1344" HPOS="874"/>
							<String ID="string_266" HPOS="898" VPOS="1345" WIDTH="48" HEIGHT="27" WC="0.96" CONTENT="att"/><SP WIDTH="25" VPOS="1345" HPOS="946"/>
							<String ID="string_267" HPOS="971" VPOS="1343" WIDTH="94" HEIGHT="29" WC="0.96" CONTENT="inom"/><SP WIDTH="23" VPOS="1343" HPOS="1065"/>
							<String ID="string_268" HPOS="1088" VPOS="1341" WIDTH="91" HEIGHT="30" WC="0.96" CONTENT="vissa"/><SP WIDTH="25" VPOS="1341" HPOS="1179"/>
							<String ID="string_269" HPOS="1204" VPOS="1342" WIDTH="90" HEIGHT="27" WC="0.96" CONTENT="orter"/><SP WIDTH="23" VPOS="1342" HPOS="1294"/>
							<String ID="string_270" HPOS="1317" VPOS="1339" WIDTH="146" HEIGHT="30" WC="0.96" CONTENT="behovet"/><SP WIDTH="25" VPOS="1339" HPOS="1463"/>
							<String ID="string_271" HPOS="1488" VPOS="1347" WIDTH="42" HEIGHT="20" WC="0.95" CONTENT="av"/><SP WIDTH="26" VPOS="1347" HPOS="1530"/>
							<String ID="string_272" HPOS="1556" VPOS="1337" WIDTH="61" HEIGHT="36" WC="0.96" CONTENT="gift"/>
						</TextLine>
						<TextLine ID="line_27" HPOS="113" VPOS="1381" WIDTH="1503" HEIGHT="40">
							<String ID="string_273" HPOS="113" VPOS="1390" WIDTH="210" HEIGHT="31" WC="0.96" CONTENT="arbetskraft"/><SP WIDTH="18" VPOS="1390" HPOS="323"/>
							<String ID="string_274" HPOS="341" VPOS="1390" WIDTH="81" HEIGHT="29" WC="0.96" CONTENT="ökat"/><SP WIDTH="18" VPOS="1390" HPOS="422"/>
							<String ID="string_275" HPOS="440" VPOS="1390" WIDTH="87" HEIGHT="29" WC="0.96" CONTENT="även"/><SP WIDTH="18" VPOS="1390" HPOS="527"/>
							<String ID="string_276" HPOS="545" VPOS="1388" WIDTH="54" HEIGHT="29" WC="0.93" CONTENT="för"/><SP WIDTH="17" VPOS="1388" HPOS="599"/>
							<String ID="string_277" HPOS="616" VPOS="1385" WIDTH="285" HEIGHT="36" WC="0.92" CONTENT="bondejordbruk"/><SP WIDTH="19" VPOS="1385" HPOS="901"/>
							<String ID="string_278" HPOS="920" VPOS="1395" WIDTH="42" HEIGHT="20" WC="0.96" CONTENT="av"/><SP WIDTH="20" VPOS="1395" HPOS="962"/>
							<String ID="string_279" HPOS="982" VPOS="1383" WIDTH="107" HEIGHT="31" WC="0.96" CONTENT="sådan"/><SP WIDTH="20" VPOS="1383" HPOS="1089"/>
							<String ID="string_280" HPOS="1109" VPOS="1383" WIDTH="127" HEIGHT="30" WC="0.96" CONTENT="storlek"/><SP WIDTH="19" VPOS="1383" HPOS="1236"/>
							<String ID="string_281" HPOS="1255" VPOS="1384" WIDTH="48" HEIGHT="28" WC="0.95" CONTENT="att"/><SP WIDTH="19" VPOS="1384" HPOS="1303"/>
							<String ID="string_282" HPOS="1322" VPOS="1381" WIDTH="234" HEIGHT="36" WC="0.95" CONTENT="uppförandet"/><SP WIDTH="19" VPOS="1381" HPOS="1556"/>
							<String ID="string_283" HPOS="1575" VPOS="1388" WIDTH="41" HEIGHT="20" WC="0.96" CONTENT="av"/>
						</TextLine>
						<TextLine ID="line_28" HPOS="113" VPOS="1422" WIDTH="1504" HEIGHT="43">
							<String ID="string_284" HPOS="113" VPOS="1432" WIDTH="262" HEIGHT="31" WC="0.92" CONTENT="arbetarbostad"/><SP WIDTH="16" VPOS="1432" HPOS="375"/>
							<String ID="string_285" HPOS="391" VPOS="1431" WIDTH="136" HEIGHT="30" WC="0.96" CONTENT="medför"/><SP WIDTH="16" VPOS="1431" HPOS="527"/>
							<String ID="string_286" HPOS="543" VPOS="1433" WIDTH="45" HEIGHT="27" WC="0.92" CONTENT="ett"/><SP WIDTH="15" VPOS="1433" HPOS="588"/>
							<String ID="string_287" HPOS="603" VPOS="1428" WIDTH="259" HEIGHT="37" WC="0.90" CONTENT="kapitalutlägg,"/><SP WIDTH="18" VPOS="1428" HPOS="862"/>
							<String ID="string_288" HPOS="880" VPOS="1437" WIDTH="75" HEIGHT="20" WC="0.95" CONTENT="som"/><SP WIDTH="29" VPOS="1437" HPOS="955"/>
							<String ID="string_289" HPOS="984" VPOS="1426" WIDTH="167" HEIGHT="35" WC="0.96" CONTENT="väsentligt"/><SP WIDTH="17" VPOS="1426" HPOS="1151"/>
							<String ID="string_290" HPOS="1168" VPOS="1425" WIDTH="86" HEIGHT="30" WC="0.93" CONTENT="ökar"/><SP WIDTH="17" VPOS="1425" HPOS="1254"/>
							<String ID="string_291" HPOS="1271" VPOS="1422" WIDTH="346" HEIGHT="32" WC="0.91" CONTENT="driftskostnaderna."/>
						</TextLine>
						<TextLine ID="line_29" HPOS="114" VPOS="1463" WIDTH="1504" HEIGHT="43">
							<String ID="string_292" HPOS="114" VPOS="1474" WIDTH="225" HEIGHT="32" WC="0.93" CONTENT="Beträffande"/><SP WIDTH="28" VPOS="1474" HPOS="339"/>
							<String ID="string_293" HPOS="367" VPOS="1470" WIDTH="384" HEIGHT="36" WC="0.91" CONTENT="lantarbetarbostäder,"/><SP WIDTH="29" VPOS="1470" HPOS="751"/>
							<String ID="string_294" HPOS="780" VPOS="1479" WIDTH="73" HEIGHT="20" WC="0.96" CONTENT="som"/><SP WIDTH="27" VPOS="1479" HPOS="853"/>
							<String ID="string_295" HPOS="880" VPOS="1469" WIDTH="98" HEIGHT="29" WC="0.96" CONTENT="skola"/><SP WIDTH="27" VPOS="1469" HPOS="978"/>
							<String ID="string_296" HPOS="1005" VPOS="1469" WIDTH="85" HEIGHT="35" WC="0.96" CONTENT="hysa"/><SP WIDTH="28" VPOS="1469" HPOS="1090"/>
							<String ID="string_297" HPOS="1118" VPOS="1467" WIDTH="170" HEIGHT="30" WC="0.96" CONTENT="växlande"/><SP WIDTH="28" VPOS="1467" HPOS="1288"/>
							<String ID="string_298" HPOS="1316" VPOS="1465" WIDTH="210" HEIGHT="29" WC="0.96" CONTENT="innehavare"/><SP WIDTH="28" VPOS="1465" HPOS="1526"/>
							<String ID="string_299" HPOS="1554" VPOS="1463" WIDTH="64" HEIGHT="30" WC="0.96" CONTENT="och"/>
						</TextLine>
						<TextLine ID="line_30" HPOS="115" VPOS="1506" WIDTH="1503" HEIGHT="42">
							<String ID="string_300" HPOS="115" VPOS="1517" WIDTH="106" HEIGHT="31" WC="0.96" CONTENT="bland"/><SP WIDTH="22" VPOS="1517" HPOS="221"/>
							<String ID="string_301" HPOS="243" VPOS="1517" WIDTH="99" HEIGHT="29" WC="0.96" CONTENT="dessa"/><SP WIDTH="18" VPOS="1517" HPOS="342"/>
							<String ID="string_302" HPOS="360" VPOS="1515" WIDTH="73" HEIGHT="30" WC="0.96" CONTENT="ofta"/><SP WIDTH="23" VPOS="1515" HPOS="433"/>
							<String ID="string_303" HPOS="456" VPOS="1516" WIDTH="92" HEIGHT="28" WC="0.96" CONTENT="stora"/><SP WIDTH="22" VPOS="1516" HPOS="548"/>
							<String ID="string_304" HPOS="570" VPOS="1513" WIDTH="161" HEIGHT="35" WC="0.95" CONTENT="familjer,"/><SP WIDTH="23" VPOS="1513" HPOS="731"/>
							<String ID="string_305" HPOS="754" VPOS="1513" WIDTH="64" HEIGHT="29" WC="0.96" CONTENT="har"/><SP WIDTH="22" VPOS="1513" HPOS="818"/>
							<String ID="string_306" HPOS="840" VPOS="1511" WIDTH="228" HEIGHT="35" WC="0.96" CONTENT="utredningen"/><SP WIDTH="23" VPOS="1511" HPOS="1068"/>
							<String ID="string_307" HPOS="1091" VPOS="1511" WIDTH="120" HEIGHT="32" WC="0.96" CONTENT="ansett,"/><SP WIDTH="24" VPOS="1511" HPOS="1211"/>
							<String ID="string_308" HPOS="1235" VPOS="1510" WIDTH="49" HEIGHT="28" WC="0.96" CONTENT="att"/><SP WIDTH="23" VPOS="1510" HPOS="1284"/>
							<String ID="string_309" HPOS="1307" VPOS="1510" WIDTH="127" HEIGHT="27" WC="0.95" CONTENT="statens"/><SP WIDTH="25" VPOS="1510" HPOS="1434"/>
							<String ID="string_310" HPOS="1459" VPOS="1506" WIDTH="75" HEIGHT="30" WC="0.96" CONTENT="stöd"/><SP WIDTH="22" VPOS="1506" HPOS="1534"/>
							<String ID="string_311" HPOS="1556" VPOS="1506" WIDTH="62" HEIGHT="29" WC="0.96" CONTENT="bör"/>
						</TextLine>
						<TextLine ID="line_31" HPOS="116" VPOS="1549" WIDTH="1502" HEIGHT="48">
							<String ID="string_312" HPOS="116" VPOS="1560" WIDTH="93" HEIGHT="37" WC="0.92" CONTENT="givas"/><SP WIDTH="25" VPOS="1560" HPOS="209"/>
							<String ID="string_313" HPOS="234" VPOS="1559" WIDTH="54" HEIGHT="29" WC="0.96" CONTENT="för"/><SP WIDTH="24" VPOS="1559" HPOS="288"/>
							<String ID="string_314" HPOS="312" VPOS="1561" WIDTH="48" HEIGHT="27" WC="0.96" CONTENT="att"/><SP WIDTH="23" VPOS="1561" HPOS="360"/>
							<String ID="string_315" HPOS="383" VPOS="1556" WIDTH="164" HEIGHT="31" WC="0.96" CONTENT="befordra"/><SP WIDTH="24" VPOS="1556" HPOS="547"/>
							<String ID="string_316" HPOS="571" VPOS="1555" WIDTH="212" HEIGHT="30" WC="0.96" CONTENT="tillkomsten"/><SP WIDTH="24" VPOS="1555" HPOS="783"/>
							<String ID="string_317" HPOS="807" VPOS="1564" WIDTH="42" HEIGHT="20" WC="0.96" CONTENT="av"/><SP WIDTH="24" VPOS="1564" HPOS="849"/>
							<String ID="string_318" HPOS="873" VPOS="1553" WIDTH="88" HEIGHT="37" WC="0.92" CONTENT="goda"/><SP WIDTH="25" VPOS="1553" HPOS="961"/>
							<String ID="string_319" HPOS="986" VPOS="1550" WIDTH="296" HEIGHT="37" WC="0.90" CONTENT="familjebostäder"/><SP WIDTH="24" VPOS="1550" HPOS="1282"/>
							<String ID="string_320" HPOS="1306" VPOS="1549" WIDTH="85" HEIGHT="30" WC="0.96" CONTENT="efter"/><SP WIDTH="25" VPOS="1549" HPOS="1391"/>
							<String ID="string_321" HPOS="1416" VPOS="1549" WIDTH="41" HEIGHT="29" WC="0.96" CONTENT="de"/><SP WIDTH="25" VPOS="1549" HPOS="1457"/>
							<String ID="string_322" HPOS="1482" VPOS="1556" WIDTH="136" HEIGHT="21" WC="0.96" CONTENT="normer"/>
						</TextLine>
						<TextLine ID="line_32" HPOS="116" VPOS="1591" WIDTH="1503" HEIGHT="46">
							<String ID="string_323" HPOS="116" VPOS="1603" WIDTH="9" HEIGHT="29" WC="0.96" CONTENT="i"/><SP WIDTH="21" VPOS="1603" HPOS="125"/>
							<String ID="string_324" HPOS="146" VPOS="1601" WIDTH="98" HEIGHT="36" WC="0.96" CONTENT="fråga"/><SP WIDTH="21" VPOS="1601" HPOS="244"/>
							<String ID="string_325" HPOS="265" VPOS="1610" WIDTH="57" HEIGHT="20" WC="0.96" CONTENT="om"/><SP WIDTH="20" VPOS="1610" HPOS="322"/>
							<String ID="string_326" HPOS="342" VPOS="1602" WIDTH="173" HEIGHT="34" WC="0.96" CONTENT="utrymme"/><SP WIDTH="21" VPOS="1602" HPOS="515"/>
							<String ID="string_327" HPOS="536" VPOS="1599" WIDTH="64" HEIGHT="29" WC="0.93" CONTENT="och"/><SP WIDTH="20" VPOS="1599" HPOS="600"/>
							<String ID="string_328" HPOS="620" VPOS="1595" WIDTH="386" HEIGHT="38" WC="0.91" CONTENT="lägenhetsutrustning,"/><SP WIDTH="22" VPOS="1595" HPOS="1006"/>
							<String ID="string_329" HPOS="1028" VPOS="1603" WIDTH="74" HEIGHT="21" WC="0.96" CONTENT="som"/><SP WIDTH="20" VPOS="1603" HPOS="1102"/>
							<String ID="string_330" HPOS="1122" VPOS="1593" WIDTH="175" HEIGHT="36" WC="0.96" CONTENT="tillämpas"/><SP WIDTH="22" VPOS="1593" HPOS="1297"/>
							<String ID="string_331" HPOS="1319" VPOS="1592" WIDTH="94" HEIGHT="29" WC="0.96" CONTENT="inom"/><SP WIDTH="23" VPOS="1592" HPOS="1413"/>
							<String ID="string_332" HPOS="1436" VPOS="1591" WIDTH="41" HEIGHT="29" WC="0.96" CONTENT="de"/><SP WIDTH="22" VPOS="1591" HPOS="1477"/>
							<String ID="string_333" HPOS="1499" VPOS="1598" WIDTH="120" HEIGHT="28" WC="0.96" CONTENT="grenar"/>
						</TextLine>
						<TextLine ID="line_33" HPOS="115" VPOS="1631" WIDTH="1503" HEIGHT="46">
							<String ID="string_334" HPOS="115" VPOS="1654" WIDTH="42" HEIGHT="20" WC="0.96" CONTENT="av"/><SP WIDTH="16" VPOS="1654" HPOS="157"/>
							<String ID="string_335" HPOS="173" VPOS="1645" WIDTH="67" HEIGHT="29" WC="0.93" CONTENT="den"/><SP WIDTH="16" VPOS="1645" HPOS="240"/>
							<String ID="string_336" HPOS="256" VPOS="1641" WIDTH="305" HEIGHT="36" WC="0.91" CONTENT="bostadspolitiska"/><SP WIDTH="16" VPOS="1641" HPOS="561"/>
							<String ID="string_337" HPOS="577" VPOS="1639" WIDTH="274" HEIGHT="34" WC="0.96" CONTENT="verksamheten,"/><SP WIDTH="15" VPOS="1639" HPOS="851"/>
							<String ID="string_338" HPOS="866" VPOS="1639" WIDTH="62" HEIGHT="29" WC="0.96" CONTENT="där"/><SP WIDTH="18" VPOS="1639" HPOS="928"/>
							<String ID="string_339" HPOS="946" VPOS="1636" WIDTH="103" HEIGHT="37" WC="0.96" CONTENT="syftet"/><SP WIDTH="17" VPOS="1636" HPOS="1049"/>
							<String ID="string_340" HPOS="1066" VPOS="1637" WIDTH="37" HEIGHT="29" WC="0.96" CONTENT="är"/><SP WIDTH="17" VPOS="1637" HPOS="1103"/>
							<String ID="string_341" HPOS="1120" VPOS="1638" WIDTH="49" HEIGHT="27" WC="0.96" CONTENT="att"/><SP WIDTH="17" VPOS="1638" HPOS="1169"/>
							<String ID="string_342" HPOS="1186" VPOS="1635" WIDTH="109" HEIGHT="35" WC="0.96" CONTENT="skapa"/><SP WIDTH="19" VPOS="1635" HPOS="1295"/>
							<String ID="string_343" HPOS="1314" VPOS="1631" WIDTH="304" HEIGHT="37" WC="0.89" CONTENT="familjebostäder."/>
						</TextLine>
						<TextLine ID="line_34" HPOS="117" VPOS="1677" WIDTH="1503" HEIGHT="40">
							<String ID="string_344" HPOS="117" VPOS="1687" WIDTH="100" HEIGHT="30" WC="0.96" CONTENT="Detta"/><SP WIDTH="25" VPOS="1687" HPOS="217"/>
							<String ID="string_345" HPOS="242" VPOS="1685" WIDTH="144" HEIGHT="29" WC="0.96" CONTENT="innebär"/><SP WIDTH="25" VPOS="1685" HPOS="386"/>
							<String ID="string_346" HPOS="411" VPOS="1694" WIDTH="42" HEIGHT="20" WC="0.96" CONTENT="en"/><SP WIDTH="26" VPOS="1694" HPOS="453"/>
							<String ID="string_347" HPOS="479" VPOS="1682" WIDTH="174" HEIGHT="35" WC="0.96" CONTENT="standard,"/><SP WIDTH="27" VPOS="1682" HPOS="653"/>
							<String ID="string_348" HPOS="680" VPOS="1682" WIDTH="156" HEIGHT="29" WC="0.96" CONTENT="avsevärt"/><SP WIDTH="25" VPOS="1682" HPOS="836"/>
							<String ID="string_349" HPOS="861" VPOS="1681" WIDTH="106" HEIGHT="35" WC="0.96" CONTENT="högre"/><SP WIDTH="26" VPOS="1681" HPOS="967"/>
							<String ID="string_350" HPOS="993" VPOS="1680" WIDTH="44" HEIGHT="29" WC="0.96" CONTENT="än"/><SP WIDTH="25" VPOS="1680" HPOS="1037"/>
							<String ID="string_351" HPOS="1062" VPOS="1679" WIDTH="75" HEIGHT="34" WC="0.95" CONTENT="den,"/><SP WIDTH="28" VPOS="1679" HPOS="1137"/>
							<String ID="string_352" HPOS="1165" VPOS="1687" WIDTH="75" HEIGHT="20" WC="0.96" CONTENT="som"/><SP WIDTH="24" VPOS="1687" HPOS="1240"/>
							<String ID="string_353" HPOS="1264" VPOS="1677" WIDTH="208" HEIGHT="29" WC="0.96" CONTENT="bestämmes"/><SP WIDTH="27" VPOS="1677" HPOS="1472"/>
							<String ID="string_354" HPOS="1499" VPOS="1681" WIDTH="121" HEIGHT="29" WC="0.96" CONTENT="genom"/>
						</TextLine>
						<TextLine ID="line_35" HPOS="118" VPOS="1716" WIDTH="1502" HEIGHT="45">
							<String ID="string_355" HPOS="118" VPOS="1727" WIDTH="262" HEIGHT="32" WC="0.96" CONTENT="föreskrifterna"/><SP WIDTH="22" VPOS="1727" HPOS="380"/>
							<String ID="string_356" HPOS="402" VPOS="1724" WIDTH="177" HEIGHT="37" WC="0.96" CONTENT="angående"/><SP WIDTH="20" VPOS="1724" HPOS="579"/>
							<String ID="string_357" HPOS="599" VPOS="1724" WIDTH="123" HEIGHT="30" WC="0.96" CONTENT="bostad"/><SP WIDTH="21" VPOS="1724" HPOS="722"/>
							<String ID="string_358" HPOS="743" VPOS="1724" WIDTH="10" HEIGHT="29" WC="0.93" CONTENT="i"/><SP WIDTH="21" VPOS="1724" HPOS="753"/>
							<String ID="string_359" HPOS="774" VPOS="1720" WIDTH="360" HEIGHT="36" WC="0.91" CONTENT="hälsovårdsstadgan,"/><SP WIDTH="23" VPOS="1720" HPOS="1134"/>
							<String ID="string_360" HPOS="1157" VPOS="1720" WIDTH="65" HEIGHT="29" WC="0.96" CONTENT="och"/><SP WIDTH="23" VPOS="1720" HPOS="1222"/>
							<String ID="string_361" HPOS="1245" VPOS="1719" WIDTH="86" HEIGHT="29" WC="0.96" CONTENT="även"/><SP WIDTH="21" VPOS="1719" HPOS="1331"/>
							<String ID="string_362" HPOS="1352" VPOS="1718" WIDTH="105" HEIGHT="35" WC="0.96" CONTENT="högre"/><SP WIDTH="22" VPOS="1718" HPOS="1457"/>
							<String ID="string_363" HPOS="1479" VPOS="1717" WIDTH="44" HEIGHT="29" WC="0.95" CONTENT="än"/><SP WIDTH="22" VPOS="1717" HPOS="1523"/>
							<String ID="string_364" HPOS="1545" VPOS="1716" WIDTH="75" HEIGHT="34" WC="0.95" CONTENT="den,"/>
						</TextLine>
						<TextLine ID="line_36" HPOS="118" VPOS="1757" WIDTH="1503" HEIGHT="47">
							<String ID="string_365" HPOS="118" VPOS="1781" WIDTH="74" HEIGHT="20" WC="0.93" CONTENT="som"/><SP WIDTH="21" VPOS="1781" HPOS="192"/>
							<String ID="string_366" HPOS="213" VPOS="1769" WIDTH="254" HEIGHT="35" WC="0.92" CONTENT="avtalsmässigt"/><SP WIDTH="21" VPOS="1769" HPOS="467"/>
							<String ID="string_367" HPOS="488" VPOS="1767" WIDTH="80" HEIGHT="30" WC="0.93" CONTENT="eller"/><SP WIDTH="18" VPOS="1767" HPOS="568"/>
							<String ID="string_368" HPOS="586" VPOS="1764" WIDTH="332" HEIGHT="36" WC="0.90" CONTENT="marknadsmässigt"/><SP WIDTH="23" VPOS="1764" HPOS="918"/>
							<String ID="string_369" HPOS="941" VPOS="1763" WIDTH="54" HEIGHT="30" WC="0.96" CONTENT="för"/><SP WIDTH="22" VPOS="1763" HPOS="995"/>
							<String ID="string_370" HPOS="1017" VPOS="1762" WIDTH="216" HEIGHT="30" WC="0.96" CONTENT="närvarande"/><SP WIDTH="24" VPOS="1762" HPOS="1233"/>
							<String ID="string_371" HPOS="1257" VPOS="1762" WIDTH="37" HEIGHT="28" WC="0.96" CONTENT="är"/><SP WIDTH="22" VPOS="1762" HPOS="1294"/>
							<String ID="string_372" HPOS="1316" VPOS="1759" WIDTH="229" HEIGHT="30" WC="0.95" CONTENT="normerande"/><SP WIDTH="23" VPOS="1759" HPOS="1545"/>
							<String ID="string_373" HPOS="1568" VPOS="1757" WIDTH="53" HEIGHT="30" WC="0.96" CONTENT="för"/>
						</TextLine>
						<TextLine ID="line_37" HPOS="119" VPOS="1808" WIDTH="749" HEIGHT="37">
							<String ID="string_374" HPOS="119" VPOS="1811" WIDTH="239" HEIGHT="32" WC="0.92" CONTENT="lönebostäder"/><SP WIDTH="20" VPOS="1811" HPOS="358"/>
							<String ID="string_375" HPOS="378" VPOS="1820" WIDTH="42" HEIGHT="20" WC="0.96" CONTENT="av"/><SP WIDTH="19" VPOS="1820" HPOS="420"/>
							<String ID="string_376" HPOS="439" VPOS="1810" WIDTH="64" HEIGHT="30" WC="0.96" CONTENT="här"/><SP WIDTH="20" VPOS="1810" HPOS="503"/>
							<String ID="string_377" HPOS="523" VPOS="1808" WIDTH="265" HEIGHT="37" WC="0.96" CONTENT="ifrågavarande"/><SP WIDTH="19" VPOS="1808" HPOS="788"/>
							<String ID="string_378" HPOS="807" VPOS="1809" WIDTH="61" HEIGHT="28" WC="0.96" CONTENT="art."/>
						</TextLine>
					</TextBlock>
					<TextBlock ID="block_6" HPOS="119" VPOS="1842" WIDTH="1506" HEIGHT="381">
						<TextLine ID="line_38" HPOS="164" VPOS="1842" WIDTH="1457" HEIGHT="47">
							<String ID="string_379" HPOS="164" VPOS="1853" WIDTH="251" HEIGHT="36" WC="0.96" CONTENT="Utredningens"/><SP WIDTH="23" VPOS="1853" HPOS="415"/>
							<String ID="string_380" HPOS="438" VPOS="1852" WIDTH="74" HEIGHT="29" WC="0.96" CONTENT="skäl"/><SP WIDTH="22" VPOS="1852" HPOS="512"/>
							<String ID="string_381" HPOS="534" VPOS="1851" WIDTH="53" HEIGHT="29" WC="0.96" CONTENT="för"/><SP WIDTH="21" VPOS="1851" HPOS="587"/>
							<String ID="string_382" HPOS="608" VPOS="1850" WIDTH="163" HEIGHT="35" WC="0.96" CONTENT="förslaget"/><SP WIDTH="20" VPOS="1850" HPOS="771"/>
							<String ID="string_383" HPOS="791" VPOS="1848" WIDTH="50" HEIGHT="30" WC="0.96" CONTENT="till"/><SP WIDTH="21" VPOS="1848" HPOS="841"/>
							<String ID="string_384" HPOS="862" VPOS="1847" WIDTH="220" HEIGHT="36" WC="0.96" CONTENT="omläggning"/><SP WIDTH="20" VPOS="1847" HPOS="1082"/>
							<String ID="string_385" HPOS="1102" VPOS="1856" WIDTH="42" HEIGHT="20" WC="0.96" CONTENT="av"/><SP WIDTH="23" VPOS="1856" HPOS="1144"/>
							<String ID="string_386" HPOS="1167" VPOS="1846" WIDTH="66" HEIGHT="29" WC="0.95" CONTENT="den"/><SP WIDTH="22" VPOS="1846" HPOS="1233"/>
							<String ID="string_387" HPOS="1255" VPOS="1844" WIDTH="135" HEIGHT="35" WC="0.95" CONTENT="statliga"/><SP WIDTH="21" VPOS="1844" HPOS="1390"/>
							<String ID="string_388" HPOS="1411" VPOS="1842" WIDTH="210" HEIGHT="30" WC="0.90" CONTENT="bostadsför-"/>
						</TextLine>
						<TextLine ID="line_39" HPOS="119" VPOS="1883" WIDTH="1503" HEIGHT="49">
							<String ID="string_389" HPOS="119" VPOS="1895" WIDTH="434" HEIGHT="37" WC="0.91" CONTENT="bättringsverksamheten"/><SP WIDTH="14" VPOS="1895" HPOS="553"/>
							<String ID="string_390" HPOS="567" VPOS="1894" WIDTH="9" HEIGHT="29" WC="0.96" CONTENT="i"/><SP WIDTH="16" VPOS="1894" HPOS="576"/>
							<String ID="string_391" HPOS="592" VPOS="1894" WIDTH="66" HEIGHT="29" WC="0.96" CONTENT="vad"/><SP WIDTH="16" VPOS="1894" HPOS="658"/>
							<String ID="string_392" HPOS="674" VPOS="1892" WIDTH="106" HEIGHT="36" WC="0.92" CONTENT="angår"/><SP WIDTH="17" VPOS="1892" HPOS="780"/>
							<String ID="string_393" HPOS="797" VPOS="1888" WIDTH="372" HEIGHT="33" WC="0.91" CONTENT="lantarbetarbostäder"/><SP WIDTH="18" VPOS="1888" HPOS="1169"/>
							<String ID="string_394" HPOS="1187" VPOS="1886" WIDTH="79" HEIGHT="31" WC="0.93" CONTENT="från"/><SP WIDTH="18" VPOS="1886" HPOS="1266"/>
							<String ID="string_395" HPOS="1284" VPOS="1884" WIDTH="273" HEIGHT="37" WC="0.90" CONTENT="engångsbidrag"/><SP WIDTH="15" VPOS="1884" HPOS="1557"/>
							<String ID="string_396" HPOS="1572" VPOS="1883" WIDTH="50" HEIGHT="30" WC="0.94" CONTENT="till"/>
						</TextLine>
						<TextLine ID="line_40" HPOS="120" VPOS="1925" WIDTH="1503" HEIGHT="49">
							<String ID="string_397" HPOS="120" VPOS="1939" WIDTH="66" HEIGHT="35" WC="0.96" CONTENT="lån,"/><SP WIDTH="24" VPOS="1939" HPOS="186"/>
							<String ID="string_398" HPOS="210" VPOS="1938" WIDTH="148" HEIGHT="36" WC="0.96" CONTENT="löpande"/><SP WIDTH="22" VPOS="1938" HPOS="358"/>
							<String ID="string_399" HPOS="380" VPOS="1938" WIDTH="78" HEIGHT="29" WC="0.95" CONTENT="med"/><SP WIDTH="23" VPOS="1938" HPOS="458"/>
							<String ID="string_400" HPOS="481" VPOS="1938" WIDTH="127" HEIGHT="27" WC="0.93" CONTENT="statens"/><SP WIDTH="23" VPOS="1938" HPOS="608"/>
							<String ID="string_401" HPOS="631" VPOS="1933" WIDTH="357" HEIGHT="36" WC="0.90" CONTENT="självkostnadsränta"/><SP WIDTH="23" VPOS="1933" HPOS="988"/>
							<String ID="string_402" HPOS="1011" VPOS="1932" WIDTH="64" HEIGHT="28" WC="0.96" CONTENT="och"/><SP WIDTH="23" VPOS="1932" HPOS="1075"/>
							<String ID="string_403" HPOS="1098" VPOS="1928" WIDTH="166" HEIGHT="31" WC="0.96" CONTENT="räntefria"/><SP WIDTH="23" VPOS="1928" HPOS="1264"/>
							<String ID="string_404" HPOS="1287" VPOS="1928" WIDTH="109" HEIGHT="29" WC="0.96" CONTENT="under"/><SP WIDTH="26" VPOS="1928" HPOS="1396"/>
							<String ID="string_405" HPOS="1422" VPOS="1927" WIDTH="38" HEIGHT="29" WC="0.95" CONTENT="10"/><SP WIDTH="23" VPOS="1927" HPOS="1460"/>
							<String ID="string_406" HPOS="1483" VPOS="1926" WIDTH="47" HEIGHT="34" WC="0.95" CONTENT="år,"/><SP WIDTH="25" VPOS="1926" HPOS="1530"/>
							<String ID="string_407" HPOS="1555" VPOS="1927" WIDTH="36" HEIGHT="28" WC="0.96" CONTENT="är"/><SP WIDTH="21" VPOS="1927" HPOS="1591"/>
							<String ID="string_408" HPOS="1612" VPOS="1925" WIDTH="11" HEIGHT="28" WC="0.84" CONTENT="i"/>
						</TextLine>
						<TextLine ID="line_41" HPOS="121" VPOS="1969" WIDTH="1501" HEIGHT="44">
							<String ID="string_409" HPOS="121" VPOS="1982" WIDTH="109" HEIGHT="29" WC="0.96" CONTENT="första"/><SP WIDTH="20" VPOS="1982" HPOS="230"/>
							<String ID="string_410" HPOS="250" VPOS="1980" WIDTH="95" HEIGHT="29" WC="0.96" CONTENT="hand"/><SP WIDTH="21" VPOS="1980" HPOS="345"/>
							<String ID="string_411" HPOS="366" VPOS="1979" WIDTH="65" HEIGHT="34" WC="0.96" CONTENT="det,"/><SP WIDTH="23" VPOS="1979" HPOS="431"/>
							<String ID="string_412" HPOS="454" VPOS="1981" WIDTH="48" HEIGHT="26" WC="0.96" CONTENT="att"/><SP WIDTH="21" VPOS="1981" HPOS="502"/>
							<String ID="string_413" HPOS="523" VPOS="1980" WIDTH="45" HEIGHT="27" WC="0.93" CONTENT="ett"/><SP WIDTH="21" VPOS="1980" HPOS="568"/>
							<String ID="string_414" HPOS="589" VPOS="1975" WIDTH="273" HEIGHT="36" WC="0.91" CONTENT="engångsbidrag"/><SP WIDTH="20" VPOS="1975" HPOS="862"/>
							<String ID="string_415" HPOS="882" VPOS="1974" WIDTH="51" HEIGHT="29" WC="0.93" CONTENT="till"/><SP WIDTH="22" VPOS="1974" HPOS="933"/>
							<String ID="string_416" HPOS="955" VPOS="1972" WIDTH="204" HEIGHT="30" WC="0.89" CONTENT="maximerat"/><SP WIDTH="20" VPOS="1972" HPOS="1159"/>
							<String ID="string_417" HPOS="1179" VPOS="1971" WIDTH="127" HEIGHT="35" WC="0.96" CONTENT="belopp"/><SP WIDTH="23" VPOS="1971" HPOS="1306"/>
							<String ID="string_418" HPOS="1329" VPOS="1977" WIDTH="132" HEIGHT="29" WC="0.96" CONTENT="gynnar"/><SP WIDTH="23" VPOS="1977" HPOS="1461"/>
							<String ID="string_419" HPOS="1484" VPOS="1969" WIDTH="138" HEIGHT="32" WC="0.96" CONTENT="smärre,"/>
						</TextLine>
						<TextLine ID="line_42" HPOS="121" VPOS="2009" WIDTH="1503" HEIGHT="51">
							<String ID="string_420" HPOS="121" VPOS="2024" WIDTH="104" HEIGHT="36" WC="0.93" CONTENT="ytliga"/><SP WIDTH="20" VPOS="2024" HPOS="225"/>
							<String ID="string_421" HPOS="245" VPOS="2019" WIDTH="384" HEIGHT="38" WC="0.91" CONTENT="upprustningsföretag"/><SP WIDTH="20" VPOS="2019" HPOS="629"/>
							<String ID="string_422" HPOS="649" VPOS="2018" WIDTH="148" HEIGHT="29" WC="0.96" CONTENT="framför"/><SP WIDTH="21" VPOS="2018" HPOS="797"/>
							<String ID="string_423" HPOS="818" VPOS="2025" WIDTH="93" HEIGHT="20" WC="0.96" CONTENT="mera"/><SP WIDTH="18" VPOS="2025" HPOS="911"/>
							<String ID="string_424" HPOS="929" VPOS="2015" WIDTH="178" HEIGHT="36" WC="0.96" CONTENT="grundliga"/><SP WIDTH="22" VPOS="2015" HPOS="1107"/>
							<String ID="string_425" HPOS="1129" VPOS="2010" WIDTH="395" HEIGHT="36" WC="0.90" CONTENT="förbättringsåtgärder."/><SP WIDTH="45" VPOS="2010" HPOS="1524"/>
							<String ID="string_426" HPOS="1569" VPOS="2009" WIDTH="55" HEIGHT="29" WC="0.92" CONTENT="Ett"/>
						</TextLine>
						<TextLine ID="line_43" HPOS="122" VPOS="2050" WIDTH="1502" HEIGHT="46">
							<String ID="string_427" HPOS="122" VPOS="2067" WIDTH="73" HEIGHT="29" WC="0.92" CONTENT="icke"/><SP WIDTH="24" VPOS="2067" HPOS="195"/>
							<String ID="string_428" HPOS="219" VPOS="2063" WIDTH="204" HEIGHT="31" WC="0.91" CONTENT="maximerat"/><SP WIDTH="23" VPOS="2063" HPOS="423"/>
							<String ID="string_429" HPOS="446" VPOS="2061" WIDTH="57" HEIGHT="30" WC="0.96" CONTENT="lån"/><SP WIDTH="23" VPOS="2061" HPOS="503"/>
							<String ID="string_430" HPOS="526" VPOS="2061" WIDTH="77" HEIGHT="29" WC="0.96" CONTENT="med"/><SP WIDTH="24" VPOS="2061" HPOS="603"/>
							<String ID="string_431" HPOS="627" VPOS="2059" WIDTH="204" HEIGHT="31" WC="0.96" CONTENT="subvention"/><SP WIDTH="23" VPOS="2059" HPOS="831"/>
							<String ID="string_432" HPOS="854" VPOS="2059" WIDTH="10" HEIGHT="29" WC="0.96" CONTENT="i"/><SP WIDTH="24" VPOS="2059" HPOS="864"/>
							<String ID="string_433" HPOS="888" VPOS="2059" WIDTH="91" HEIGHT="29" WC="0.96" CONTENT="form"/><SP WIDTH="23" VPOS="2059" HPOS="979"/>
							<String ID="string_434" HPOS="1002" VPOS="2067" WIDTH="41" HEIGHT="19" WC="0.96" CONTENT="av"/><SP WIDTH="23" VPOS="2067" HPOS="1043"/>
							<String ID="string_435" HPOS="1066" VPOS="2056" WIDTH="67" HEIGHT="29" WC="0.93" CONTENT="viss"/><SP WIDTH="24" VPOS="2056" HPOS="1133"/>
							<String ID="string_436" HPOS="1157" VPOS="2054" WIDTH="232" HEIGHT="30" WC="0.65" CONTENT="räntelätltnad"/><SP WIDTH="24" VPOS="2054" HPOS="1389"/>
							<String ID="string_437" HPOS="1413" VPOS="2050" WIDTH="211" HEIGHT="36" WC="0.90" CONTENT="undanröjer"/>
						</TextLine>
						<TextLine ID="line_44" HPOS="122" VPOS="2095" WIDTH="1503" HEIGHT="49">
							<String ID="string_438" HPOS="122" VPOS="2109" WIDTH="92" HEIGHT="29" WC="0.93" CONTENT="detta"/><SP WIDTH="21" VPOS="2109" HPOS="214"/>
							<String ID="string_439" HPOS="235" VPOS="2107" WIDTH="183" HEIGHT="37" WC="0.91" CONTENT="gynnande"/><SP WIDTH="22" VPOS="2107" HPOS="418"/>
							<String ID="string_440" HPOS="440" VPOS="2106" WIDTH="64" HEIGHT="29" WC="0.96" CONTENT="och"/><SP WIDTH="22" VPOS="2106" HPOS="504"/>
							<String ID="string_441" HPOS="526" VPOS="2104" WIDTH="175" HEIGHT="30" WC="0.95" CONTENT="förefaller"/><SP WIDTH="20" VPOS="2104" HPOS="701"/>
							<String ID="string_442" HPOS="721" VPOS="2102" WIDTH="119" HEIGHT="30" WC="0.96" CONTENT="därför"/><SP WIDTH="20" VPOS="2102" HPOS="840"/>
							<String ID="string_443" HPOS="860" VPOS="2100" WIDTH="172" HEIGHT="31" WC="0.95" CONTENT="såtillvida"/><SP WIDTH="23" VPOS="2100" HPOS="1032"/>
							<String ID="string_444" HPOS="1055" VPOS="2109" WIDTH="81" HEIGHT="19" WC="0.96" CONTENT="vara"/><SP WIDTH="22" VPOS="2109" HPOS="1136"/>
							<String ID="string_445" HPOS="1158" VPOS="2101" WIDTH="45" HEIGHT="26" WC="0.96" CONTENT="ett"/><SP WIDTH="21" VPOS="2101" HPOS="1203"/>
							<String ID="string_446" HPOS="1224" VPOS="2096" WIDTH="202" HEIGHT="36" WC="0.96" CONTENT="lämpligare"/><SP WIDTH="20" VPOS="2096" HPOS="1426"/>
							<String ID="string_447" HPOS="1446" VPOS="2095" WIDTH="111" HEIGHT="29" WC="0.96" CONTENT="medel"/><SP WIDTH="21" VPOS="2095" HPOS="1557"/>
							<String ID="string_448" HPOS="1578" VPOS="2095" WIDTH="47" HEIGHT="29" WC="0.95" CONTENT="att"/>
						</TextLine>
						<TextLine ID="line_45" HPOS="123" VPOS="2136" WIDTH="1502" HEIGHT="46">
							<String ID="string_449" HPOS="123" VPOS="2150" WIDTH="44" HEIGHT="30" WC="0.96" CONTENT="nå"/><SP WIDTH="25" VPOS="2150" HPOS="167"/>
							<String ID="string_450" HPOS="192" VPOS="2150" WIDTH="66" HEIGHT="29" WC="0.96" CONTENT="den"/><SP WIDTH="22" VPOS="2150" HPOS="258"/>
							<String ID="string_451" HPOS="280" VPOS="2158" WIDTH="93" HEIGHT="20" WC="0.96" CONTENT="mera"/><SP WIDTH="27" VPOS="2158" HPOS="373"/>
							<String ID="string_452" HPOS="400" VPOS="2146" WIDTH="290" HEIGHT="36" WC="0.96" CONTENT="genomgripande"/><SP WIDTH="27" VPOS="2146" HPOS="690"/>
							<String ID="string_453" HPOS="717" VPOS="2143" WIDTH="219" HEIGHT="35" WC="0.96" CONTENT="förvandling"/><SP WIDTH="27" VPOS="2143" HPOS="936"/>
							<String ID="string_454" HPOS="963" VPOS="2152" WIDTH="41" HEIGHT="20" WC="0.96" CONTENT="av"/><SP WIDTH="28" VPOS="2152" HPOS="1004"/>
							<String ID="string_455" HPOS="1032" VPOS="2141" WIDTH="64" HEIGHT="29" WC="0.95" CONTENT="den"/><SP WIDTH="27" VPOS="2141" HPOS="1096"/>
							<String ID="string_456" HPOS="1123" VPOS="2140" WIDTH="177" HEIGHT="29" WC="0.95" CONTENT="allmänna"/><SP WIDTH="28" VPOS="2140" HPOS="1300"/>
							<String ID="string_457" HPOS="1328" VPOS="2137" WIDTH="208" HEIGHT="30" WC="0.95" CONTENT="standarden"/><SP WIDTH="28" VPOS="2137" HPOS="1536"/>
							<String ID="string_458" HPOS="1564" VPOS="2136" WIDTH="61" HEIGHT="28" WC="0.96" CONTENT="hos"/>
						</TextLine>
						<TextLine ID="line_46" HPOS="123" VPOS="2185" WIDTH="788" HEIGHT="38">
							<String ID="string_459" HPOS="123" VPOS="2189" WIDTH="432" HEIGHT="34" WC="0.90" CONTENT="lantarbetarbostäderna,"/><SP WIDTH="22" VPOS="2189" HPOS="555"/>
							<String ID="string_460" HPOS="577" VPOS="2197" WIDTH="72" HEIGHT="20" WC="0.96" CONTENT="som"/><SP WIDTH="21" VPOS="2197" HPOS="649"/>
							<String ID="string_461" HPOS="670" VPOS="2189" WIDTH="37" HEIGHT="27" WC="0.96" CONTENT="är"/><SP WIDTH="21" VPOS="2189" HPOS="707"/>
							<String ID="string_462" HPOS="728" VPOS="2185" WIDTH="183" HEIGHT="30" WC="0.96" CONTENT="önskvärd."/>
						</TextLine>
					</TextBlock>
					<TextBlock ID="block_7" HPOS="125" VPOS="2218" WIDTH="1505" HEIGHT="298">
						<TextLine ID="line_47" HPOS="168" VPOS="2218" WIDTH="1458" HEIGHT="48">
							<String ID="string_463" HPOS="168" VPOS="2231" WIDTH="251" HEIGHT="35" WC="0.96" CONTENT="Utredningens"/><SP WIDTH="20" VPOS="2231" HPOS="419"/>
							<String ID="string_464" HPOS="439" VPOS="2231" WIDTH="109" HEIGHT="28" WC="0.93" CONTENT="andra"/><SP WIDTH="20" VPOS="2231" HPOS="548"/>
							<String ID="string_465" HPOS="568" VPOS="2229" WIDTH="196" HEIGHT="29" WC="0.91" CONTENT="huvudskäl"/><SP WIDTH="24" VPOS="2229" HPOS="764"/>
							<String ID="string_466" HPOS="788" VPOS="2228" WIDTH="51" HEIGHT="28" WC="0.96" CONTENT="för"/><SP WIDTH="19" VPOS="2228" HPOS="839"/>
							<String ID="string_467" HPOS="858" VPOS="2228" WIDTH="65" HEIGHT="28" WC="0.95" CONTENT="den"/><SP WIDTH="21" VPOS="2228" HPOS="923"/>
							<String ID="string_468" HPOS="944" VPOS="2224" WIDTH="194" HEIGHT="35" WC="0.95" CONTENT="föreslagna"/><SP WIDTH="21" VPOS="2224" HPOS="1138"/>
							<String ID="string_469" HPOS="1159" VPOS="2221" WIDTH="264" HEIGHT="35" WC="0.96" CONTENT="omläggningen"/><SP WIDTH="21" VPOS="2221" HPOS="1423"/>
							<String ID="string_470" HPOS="1444" VPOS="2220" WIDTH="113" HEIGHT="29" WC="0.96" CONTENT="stöder"/><SP WIDTH="22" VPOS="2220" HPOS="1557"/>
							<String ID="string_471" HPOS="1579" VPOS="2218" WIDTH="47" HEIGHT="35" WC="0.95" CONTENT="sig"/>
						</TextLine>
						<TextLine ID="line_48" HPOS="125" VPOS="2260" WIDTH="1502" HEIGHT="51">
							<String ID="string_472" HPOS="125" VPOS="2276" WIDTH="42" HEIGHT="35" WC="0.96" CONTENT="på"/><SP WIDTH="20" VPOS="2276" HPOS="167"/>
							<String ID="string_473" HPOS="187" VPOS="2277" WIDTH="41" HEIGHT="27" WC="0.95" CONTENT="de"/><SP WIDTH="20" VPOS="2277" HPOS="228"/>
							<String ID="string_474" HPOS="248" VPOS="2274" WIDTH="242" HEIGHT="30" WC="0.95" CONTENT="konstaterade"/><SP WIDTH="18" VPOS="2274" HPOS="490"/>
							<String ID="string_475" HPOS="508" VPOS="2272" WIDTH="228" HEIGHT="33" WC="0.95" CONTENT="olägenheter,"/><SP WIDTH="21" VPOS="2272" HPOS="736"/>
							<String ID="string_476" HPOS="757" VPOS="2269" WIDTH="90" HEIGHT="30" WC="0.95" CONTENT="vilka"/><SP WIDTH="18" VPOS="2269" HPOS="847"/>
							<String ID="string_477" HPOS="865" VPOS="2271" WIDTH="7" HEIGHT="28" WC="0.95" CONTENT="i"/><SP WIDTH="20" VPOS="2271" HPOS="872"/>
							<String ID="string_478" HPOS="892" VPOS="2268" WIDTH="85" HEIGHT="30" WC="0.96" CONTENT="brist"/><SP WIDTH="20" VPOS="2268" HPOS="977"/>
							<String ID="string_479" HPOS="997" VPOS="2267" WIDTH="43" HEIGHT="36" WC="0.96" CONTENT="på"/><SP WIDTH="20" VPOS="2267" HPOS="1040"/>
							<String ID="string_480" HPOS="1060" VPOS="2266" WIDTH="170" HEIGHT="34" WC="0.93" CONTENT="enhetliga"/><SP WIDTH="20" VPOS="2266" HPOS="1230"/>
							<String ID="string_481" HPOS="1250" VPOS="2260" WIDTH="377" HEIGHT="36" WC="0.91" CONTENT="bedömningsgrunder"/>
						</TextLine>
						<TextLine ID="line_49" HPOS="125" VPOS="2302" WIDTH="1503" HEIGHT="51">
							<String ID="string_482" HPOS="125" VPOS="2317" WIDTH="85" HEIGHT="36" WC="0.96" CONTENT="följa"/><SP WIDTH="22" VPOS="2317" HPOS="210"/>
							<String ID="string_483" HPOS="232" VPOS="2316" WIDTH="79" HEIGHT="29" WC="0.92" CONTENT="med"/><SP WIDTH="21" VPOS="2316" HPOS="311"/>
							<String ID="string_484" HPOS="332" VPOS="2313" WIDTH="343" HEIGHT="35" WC="0.91" CONTENT="behovsprövningen"/><SP WIDTH="24" VPOS="2313" HPOS="675"/>
							<String ID="string_485" HPOS="699" VPOS="2312" WIDTH="56" HEIGHT="29" WC="0.96" CONTENT="vid"/><SP WIDTH="22" VPOS="2312" HPOS="755"/>
							<String ID="string_486" HPOS="777" VPOS="2310" WIDTH="198" HEIGHT="29" WC="0.91" CONTENT="tilldelande"/><SP WIDTH="23" VPOS="2310" HPOS="975"/>
							<String ID="string_487" HPOS="998" VPOS="2319" WIDTH="40" HEIGHT="18" WC="0.93" CONTENT="av"/><SP WIDTH="25" VPOS="2319" HPOS="1038"/>
							<String ID="string_488" HPOS="1063" VPOS="2303" WIDTH="488" HEIGHT="35" WC="0.90" CONTENT="bostadsförbättringsbidrag"/><SP WIDTH="26" VPOS="2303" HPOS="1551"/>
							<String ID="string_489" HPOS="1577" VPOS="2302" WIDTH="51" HEIGHT="28" WC="0.96" CONTENT="för"/>
						</TextLine>
						<TextLine ID="line_50" HPOS="126" VPOS="2344" WIDTH="1501" HEIGHT="51">
							<String ID="string_490" HPOS="126" VPOS="2358" WIDTH="229" HEIGHT="37" WC="0.95" CONTENT="upprustning"/><SP WIDTH="16" VPOS="2358" HPOS="355"/>
							<String ID="string_491" HPOS="371" VPOS="2366" WIDTH="42" HEIGHT="20" WC="0.93" CONTENT="av"/><SP WIDTH="16" VPOS="2366" HPOS="413"/>
							<String ID="string_492" HPOS="429" VPOS="2355" WIDTH="249" HEIGHT="29" WC="0.86" CONTENT="lönebostäder."/><SP WIDTH="40" VPOS="2355" HPOS="678"/>
							<String ID="string_493" HPOS="718" VPOS="2353" WIDTH="158" HEIGHT="29" WC="0.95" CONTENT="Flertalet"/><SP WIDTH="17" VPOS="2353" HPOS="876"/>
							<String ID="string_494" HPOS="893" VPOS="2361" WIDTH="42" HEIGHT="20" WC="0.95" CONTENT="av"/><SP WIDTH="17" VPOS="2361" HPOS="935"/>
							<String ID="string_495" HPOS="952" VPOS="2352" WIDTH="41" HEIGHT="28" WC="0.96" CONTENT="de"/><SP WIDTH="17" VPOS="2352" HPOS="993"/>
							<String ID="string_496" HPOS="1010" VPOS="2349" WIDTH="238" HEIGHT="35" WC="0.95" CONTENT="myndigheter"/><SP WIDTH="17" VPOS="2349" HPOS="1248"/>
							<String ID="string_497" HPOS="1265" VPOS="2347" WIDTH="63" HEIGHT="29" WC="0.96" CONTENT="och"/><SP WIDTH="19" VPOS="2347" HPOS="1328"/>
							<String ID="string_498" HPOS="1347" VPOS="2344" WIDTH="280" HEIGHT="35" WC="0.95" CONTENT="organisationer,"/>
						</TextLine>
						<TextLine ID="line_51" HPOS="126" VPOS="2387" WIDTH="1495" HEIGHT="48">
							<String ID="string_499" HPOS="126" VPOS="2411" WIDTH="73" HEIGHT="24" WC="0.96" CONTENT="som"/><SP WIDTH="4" VPOS="2411" HPOS="199"/>
							<String ID="string_500" HPOS="203" VPOS="2389" WIDTH="19" HEIGHT="50" WC="0.96" CONTENT="i"/><SP WIDTH="24" VPOS="2389" HPOS="222"/>
							<String ID="string_501" HPOS="246" VPOS="2400" WIDTH="73" HEIGHT="28" WC="0.96" CONTENT="sina"/><SP WIDTH="18" VPOS="2400" HPOS="319"/>
							<String ID="string_502" HPOS="337" VPOS="2398" WIDTH="183" HEIGHT="36" WC="0.68" CONTENT="yttranden"/><SP WIDTH="19" VPOS="2398" HPOS="520"/>
							<String ID="string_503" HPOS="539" VPOS="2397" WIDTH="112" HEIGHT="29" WC="0.96" CONTENT="berört"/><SP WIDTH="18" VPOS="2397" HPOS="651"/>
							<String ID="string_504" HPOS="669" VPOS="2396" WIDTH="113" HEIGHT="28" WC="0.96" CONTENT="denna"/><SP WIDTH="18" VPOS="2396" HPOS="782"/>
							<String ID="string_505" HPOS="800" VPOS="2393" WIDTH="104" HEIGHT="35" WC="0.96" CONTENT="fråga,"/><SP WIDTH="20" VPOS="2393" HPOS="904"/>
							<String ID="string_506" HPOS="924" VPOS="2393" WIDTH="63" HEIGHT="28" WC="0.85" CONTENT="har"/><SP WIDTH="19" VPOS="2393" HPOS="987"/>
							<String ID="string_507" HPOS="1006" VPOS="2391" WIDTH="149" HEIGHT="35" WC="0.91" CONTENT="godtagit"/><SP WIDTH="19" VPOS="2391" HPOS="1155"/>
							<String ID="string_508" HPOS="1174" VPOS="2390" WIDTH="80" HEIGHT="29" WC="0.52" CONTENT="eller"/><SP WIDTH="20" VPOS="2390" HPOS="1254"/>
							<String ID="string_509" HPOS="1274" VPOS="2388" WIDTH="152" HEIGHT="35" WC="0.91" CONTENT="bestyrkt"/><SP WIDTH="21" VPOS="2388" HPOS="1426"/>
							<String ID="string_510" HPOS="1447" VPOS="2387" WIDTH="63" HEIGHT="28" WC="0.92" CONTENT="den"/><SP WIDTH="22" VPOS="2387" HPOS="1510"/>
							<String ID="string_511" HPOS="1532" VPOS="2392" WIDTH="89" HEIGHT="27" WC="0.86" CONTENT="argu:"/>
						</TextLine>
						<TextLine ID="line_52" HPOS="127" VPOS="2428" WIDTH="1501" HEIGHT="46">
							<String ID="string_512" HPOS="127" VPOS="2441" WIDTH="199" HEIGHT="33" WC="0.92" CONTENT="mentation,"/><SP WIDTH="21" VPOS="2441" HPOS="326"/>
							<String ID="string_513" HPOS="347" VPOS="2439" WIDTH="226" HEIGHT="34" WC="0.96" CONTENT="utredningen"/><SP WIDTH="21" VPOS="2439" HPOS="573"/>
							<String ID="string_514" HPOS="594" VPOS="2437" WIDTH="178" HEIGHT="35" WC="0.93" CONTENT="härvidlag"/><SP WIDTH="22" VPOS="2437" HPOS="772"/>
							<String ID="string_515" HPOS="794" VPOS="2436" WIDTH="172" HEIGHT="33" WC="0.92" CONTENT="förebragt"/><SP WIDTH="22" VPOS="2436" HPOS="966"/>
							<String ID="string_516" HPOS="988" VPOS="2435" WIDTH="51" HEIGHT="28" WC="0.96" CONTENT="för"/><SP WIDTH="19" VPOS="2435" HPOS="1039"/>
							<String ID="string_517" HPOS="1058" VPOS="2436" WIDTH="45" HEIGHT="26" WC="0.96" CONTENT="att"/><SP WIDTH="24" VPOS="2436" HPOS="1103"/>
							<String ID="string_518" HPOS="1127" VPOS="2432" WIDTH="73" HEIGHT="28" WC="0.96" CONTENT="icke"/><SP WIDTH="21" VPOS="2432" HPOS="1200"/>
							<String ID="string_519" HPOS="1221" VPOS="2430" WIDTH="67" HEIGHT="30" WC="0.93" CONTENT="låta"/><SP WIDTH="19" VPOS="2430" HPOS="1288"/>
							<String ID="string_520" HPOS="1307" VPOS="2429" WIDTH="224" HEIGHT="35" WC="0.90" CONTENT="jordägarens"/><SP WIDTH="20" VPOS="2429" HPOS="1531"/>
							<String ID="string_521" HPOS="1551" VPOS="2428" WIDTH="77" HEIGHT="27" WC="0.91" CONTENT="eko-"/>
						</TextLine>
						<TextLine ID="line_53" HPOS="128" VPOS="2469" WIDTH="1502" HEIGHT="47">
							<String ID="string_522" HPOS="128" VPOS="2484" WIDTH="158" HEIGHT="30" WC="0.91" CONTENT="nomiska"/><SP WIDTH="26" VPOS="2484" HPOS="286"/>
							<String ID="string_523" HPOS="312" VPOS="2481" WIDTH="161" HEIGHT="35" WC="0.96" CONTENT="ställning"/><SP WIDTH="23" VPOS="2481" HPOS="473"/>
							<String ID="string_524" HPOS="496" VPOS="2490" WIDTH="81" HEIGHT="19" WC="0.95" CONTENT="vara"/><SP WIDTH="25" VPOS="2490" HPOS="577"/>
							<String ID="string_525" HPOS="602" VPOS="2478" WIDTH="195" HEIGHT="35" WC="0.95" CONTENT="avgörande"/><SP WIDTH="26" VPOS="2478" HPOS="797"/>
							<String ID="string_526" HPOS="823" VPOS="2478" WIDTH="50" HEIGHT="28" WC="0.96" CONTENT="för"/><SP WIDTH="25" VPOS="2478" HPOS="873"/>
							<String ID="string_527" HPOS="898" VPOS="2475" WIDTH="169" HEIGHT="31" WC="0.93" CONTENT="huruvida"/><SP WIDTH="27" VPOS="2475" HPOS="1067"/>
							<String ID="string_528" HPOS="1094" VPOS="2474" WIDTH="54" HEIGHT="29" WC="0.84" CONTENT="Jån"/><SP WIDTH="26" VPOS="2474" HPOS="1148"/>
							<String ID="string_529" HPOS="1174" VPOS="2483" WIDTH="42" HEIGHT="19" WC="0.93" CONTENT="av"/><SP WIDTH="25" VPOS="2483" HPOS="1216"/>
							<String ID="string_530" HPOS="1241" VPOS="2469" WIDTH="389" HEIGHT="32" WC="0.81" CONTENT="subventionskaraktär"/>
						</TextLine>
					</TextBlock>
				</ComposedBlock>
			</PrintSpace>
		</Page>
	</Layout>
</alto>
