1916 2782
484 137 285 32 Statsutskottets
791 135 178 31 utlåtande
991 144 42 20 nr
1056 135 62 29 123
1139 134 39 30 år
1200 134 84 29 1960
1587 131 40 29 23

139 222 67 30 nad
227 232 41 19 av
287 221 165 30 bårhuset
472 220 57 29 vid
549 219 91 29 Vasa
661 217 151 40 sjukhus
831 216 150 30 inrättar
1000 214 132 30 lokaler
1153 214 54 29 för
1226 223 43 20 en
1290 222 47 30 ny
1355 211 195 41 patologisk
1571 220 56 20 av-

139 276 140 38 delning
300 274 56 31 vid
376 274 197 39 sjukhuset.
594 272 71 29 Mot
685 271 66 30 den
771 269 178 30 tilltänkta
968 267 266 40 förläggningen
1255 276 42 20 av
1316 265 175 30 stationen
1511 264 116 30 finnes

139 329 80 29 från
239 325 405 42 departementschefens
665 324 75 30 sida
759 323 86 30 intet
864 324 51 28 att
933 321 128 31 erinra.
1081 321 111 39 Något
1212 321 108 29 annat
1340 318 130 40 förslag
1490 317 52 30 till
1562 317 66 30 lös-

140 382 82 39 ning
239 391 42 20 av
297 380 220 39 lokalfrågan
534 388 103 31 synes
653 378 31 39 ej
703 377 108 30 heller
827 377 120 29 kunna
964 375 177 40 påräknas
1158 374 111 29 under
1285 371 219 41 överskådlig
1521 371 107 29 fram-

140 435 60 30 tid.
223 434 178 39 Förslaget
422 432 136 31 medför
580 441 42 20 ur
642 429 352 40 kostnadssynpunkt
1015 427 175 41 påtagliga
1211 426 164 34 fördelar,
1397 425 11 30 i
1429 425 57 30 det
1508 426 51 28 att
1580 423 49 30 åt-

142 488 138 39 skilliga
299 489 198 37 utrymmen
515 486 71 30 kan
604 485 174 39 utnyttjas
798 484 216 39 gemensamt
1033 491 41 21 av
1092 479 368 32 rättsläkarstationen
1478 478 64 30 och
1562 477 66 30 den

140 541 218 40 patologiska
384 539 230 39 avdelningen
638 538 58 31 vid
721 537 197 40 sjukhuset.
943 535 279 39 Markutrymme
1247 533 97 30 finns
1369 532 105 31 också
1500 531 55 30 för
1580 532 49 29 att

139 595 57 30 vid
221 594 187 30 eventuellt
433 592 167 30 framtida
623 592 112 29 behov
758 591 120 29 kunna
902 590 11 29 i
937 587 204 40 anslutning
1166 588 52 29 till
1243 585 386 32 rättsläkarstationens

141 648 132 30 lokaler
296 647 156 39 förlägga
476 655 43 21 en
542 645 215 40 tillbyggnad
781 654 41 20 av
846 643 132 29 lokaler
1002 642 55 30 för
1081 640 252 40 undervisning
1356 640 64 29 och
1445 637 185 39 forskning

140 702 12 28 i
173 703 116 28 ämnet
312 699 250 31 rättsmedicin.
584 699 75 29 Den
680 695 303 41 omständigheten
1005 697 50 28 att
1077 695 57 30 det
1154 693 153 35 område,
1330 702 74 20 som
1425 692 205 39 disponeras

143 764 41 20 av
207 756 91 28 Vasa
321 753 162 40 sjukhus,
507 752 108 39 enligt
637 751 133 30 träffad
793 748 338 32 överenskommelse
1154 748 11 29 i
1188 757 44 20 en
1255 746 145 31 framtid
1424 745 88 30 skall
1536 745 96 30 över-

142 808 89 30 låtas
255 808 51 30 till
333 806 178 31 Chalmers
536 805 164 31 tekniska
723 803 168 40 högskola
914 803 64 30 bör
1002 801 107 40 enligt
1133 798 405 43 departementschefens
1562 807 70 20 me-

143 862 83 39 ning
250 862 76 29 icke
351 861 121 38 utgöra
495 859 126 30 hinder
644 858 56 30 för
723 860 50 27 att
797 855 367 31 rättsläkarstationen
1189 854 173 39 förlägges
1385 852 53 30 till
1463 851 168 33 området,

143 915 166 29 eftersom
333 914 210 39 tidpunkten
566 913 56 29 för
645 910 331 31 marköverlåtelsen
999 908 98 30 torde
1119 917 83 22 vara
1225 907 139 40 mycket
1387 906 173 39 avlägsen.
1583 904 49 29 De

142 967 205 30 tillämnade
375 966 179 30 lokalerna
581 967 65 28 har
674 965 178 30 dessutom
879 962 108 40 enligt
1013 962 67 30 vad
1109 958 523 42 förhandlingskommissionen

145 1021 141 40 upplyst
306 1020 145 39 förlagts
471 1020 64 29 och
555 1019 243 29 konstruerats
819 1018 37 29 så
876 1018 49 29 att
945 1017 42 30 de
1006 1015 76 30 icke
1103 1015 88 30 skall
1211 1013 129 30 hindra
1359 1013 67 30 den
1445 1011 188 41 planerade

144 1074 245 40 utbyggnaden
414 1083 42 21 av
478 1072 205 40 högskolan.

189 1128 116 38 Enligt
333 1126 165 39 förslaget
524 1126 89 29 skall
641 1126 10 28 i
677 1134 42 20 en
747 1123 211 40 tillbyggnad
985 1123 53 29 till
1064 1122 167 29 bårhuset
1256 1121 194 38 inrymmas
1477 1119 73 30 dels
1577 1118 57 29 ob-

144 1181 183 30 duktions-
350 1181 64 30 och
438 1178 343 31 laboratorielokaler
804 1187 46 21 m.
874 1186 45 20 m.
944 1178 91 28 samt
1058 1175 214 39 tjänsterum
1296 1173 55 30 för
1373 1172 262 31 rättsläkarsta-

145 1235 129 33 tionen,
296 1234 74 30 dels
391 1233 166 30 liknande
578 1234 200 37 utrymmen
800 1231 54 30 för
876 1230 206 39 sjukhusets
1103 1227 220 41 patologiska
1344 1225 194 39 avdelning,
1561 1224 73 31 dels

146 1289 64 29 ock
239 1288 131 30 lokaler
397 1288 55 29 för
478 1285 241 39 likförvaring,
748 1282 326 32 fotolaboratorium
1103 1291 44 20 m.
1175 1290 45 20 m.
1249 1282 91 28 samt
1366 1279 178 40 personal-
1571 1278 63 30 och

147 1341 360 30 sammanträdesrum
526 1340 55 30 för
599 1340 41 29 de
659 1338 89 30 båda
765 1337 306 30 institutionernas
1090 1343 261 31 gemensamma
1369 1333 120 30 behov.
1508 1331 127 30 Vidare

148 1396 88 29 skall
253 1395 57 29 det
325 1394 182 39 befintliga
522 1393 168 30 bårhuset
706 1391 78 30 med
800 1390 210 31 tillhörande
1026 1388 115 40 kapell
1159 1388 53 30 stå
1227 1387 53 30 till
1296 1387 216 39 gemensamt
1528 1384 108 30 förfo-

148 1448 121 39 gande.
290 1448 49 29 Av
357 1449 221 37 utrymmena
581 1435 22 56 i
626 1444 259 40 tillbyggnaden
905 1443 112 29 skulle
1035 1442 98 29 cirka
1150 1441 41 29 32
1210 1442 143 38 procent
1372 1439 205 39 disponeras
1596 1447 40 20 av

149 1500 376 34 rättsläkarstationen,
546 1500 135 38 knappt
700 1498 40 30 25
760 1499 143 37 procent
923 1496 205 39 disponeras
1148 1504 42 20 av
1210 1494 123 29 staden
1353 1493 63 29 och
1437 1491 199 31 återstoden

148 1556 123 38 utgöra
299 1562 260 31 gemensamma
587 1554 210 37 utrymmen.
825 1550 98 29 Efter
950 1549 68 30 den
1045 1546 207 32 förutsedda
1279 1543 357 42 utnyttjandegraden

148 1608 173 30 beräknas
343 1607 101 40 drygt
465 1607 39 29 51
528 1607 144 38 procent
694 1615 41 20 av
755 1602 260 40 tillbyggnaden
1037 1602 64 29 och
1123 1600 96 30 cirka
1241 1600 42 29 46
1304 1600 143 39 procent
1469 1607 41 20 av
1533 1598 105 29 samt-

149 1662 67 39 liga
237 1661 133 30 lokaler
392 1660 83 30 falla
496 1660 44 39 på
562 1661 124 28 staten.

194 1716 65 30 Det
277 1714 235 39 föreliggande
529 1711 319 40 ritningsförslaget
864 1710 64 29 har
947 1710 198 39 upprättats
1169 1708 4 28 i
1191 1706 140 31 samråd
1349 1706 79 30 med
1445 1704 194 40 byggnads-

150 1769 170 39 styrelsen
341 1769 64 28 och
425 1768 64 29 har
508 1766 132 39 jämväl
662 1765 171 38 godkänts
854 1773 41 20 av
915 1760 360 40 medicinalstyrelsen
1296 1768 41 21 ur
1358 1759 41 29 de
1421 1753 218 48 synpunkter

150 1822 115 30 denna
281 1823 64 28 har
362 1823 50 28 att
428 1821 136 29 beakta.
583 1819 92 29 även
693 1818 53 30 för
763 1825 84 31 egen
864 1816 54 30 del
936 1815 117 30 finner
1069 1811 386 42 departementschefen
1473 1810 165 38 förslaget

151 1884 38 31 ge
212 1885 42 20 en
279 1873 324 31 tillfredsställande
627 1871 137 38 lösning
787 1880 41 19 av
851 1867 386 31 rättsläkarstationens
1260 1860 205 49 lokalfråga.

196 1927 116 39 Enligt
333 1926 127 31 avtalet
479 1926 65 29 har
565 1925 123 29 staden
709 1923 170 30 förklarat
900 1922 51 39 sig
971 1921 88 29 intet
1079 1921 45 28 ha
1146 1921 49 28 att
1215 1918 116 30 erinra
1351 1919 73 28 mot
1445 1919 49 28 att
1515 1916 125 29 under-

152 1982 138 38 visning
317 1981 65 29 och
411 1978 184 40 forskning
623 1979 10 29 i
662 1979 117 28 ämnet
807 1973 241 32 rättsmedicin
1075 1973 57 29 vid
1161 1971 217 30 medicinska
1407 1970 194 30 fakulteten
1631 1969 9 28 i

153 2035 169 39 Göteborg
340 2033 171 39 förlägges
528 2032 53 30 till
598 2029 376 32 rättsläkarstationen.
993 2027 59 29 Att
1070 2026 37 30 så
1124 2026 70 29 kan
1212 2025 60 30 ske
1289 2023 179 31 betraktar
1485 2023 157 38 departe-

153 2087 241 30 mentschefen
414 2086 55 30 för
490 2085 54 30 sin
564 2085 55 29 del
641 2084 115 29 såsom
777 2092 42 20 en
840 2081 105 39 riktig
966 2081 64 29 och
1052 2079 152 39 naturlig
1225 2077 209 38 utveckling.
1457 2075 183 39 Samtidigt

154 2141 144 29 betonas
317 2139 203 34 emellertid,
540 2140 50 28 att
608 2135 385 32 rättsläkarstationens
1012 2132 133 30 lokaler
1164 2132 9 29 i
1193 2131 110 30 första
1322 2130 94 30 hand
1436 2130 37 28 är
1493 2128 148 30 avsedda

153 2193 55 29 för
232 2194 67 29 den
324 2190 308 31 rättsmedicinska
659 2185 560 40 undersökningsverksamheten.

199 2245 243 30 Kostnaderna
461 2244 54 29 för
533 2253 72 20 om-
623 2243 63 29 och
707 2239 398 41 tillbyggnadsarbetena
1123 2238 64 28 har
1204 2236 189 29 beräknats
1411 2235 50 29 till
1481 2233 162 37 omkring

158 2298 93 30 1400
266 2297 63 30 000
357 2297 140 33 kronor,
525 2305 105 20 varav
659 2296 111 27 staten
798 2293 106 37 enligt
932 2291 128 29 avtalet
1088 2290 111 29 skulle
1227 2289 138 38 erlägga
1392 2287 145 29 hälften.
1566 2285 77 29 Med

156 2352 136 38 hänsyn
323 2351 50 29 till
404 2348 385 31 rättsläkarstationens
819 2345 99 30 andel
950 2344 9 29 i
990 2343 318 38 lokalutrymmena
1338 2341 163 38 godtages
1530 2338 114 30 denna

156 2402 380 38 kostnadsfördelning.

203 2457 72 30 Vad
310 2457 153 29 härefter
496 2455 108 38 angår
637 2452 324 30 driftkostnaderna
995 2451 63 28 har
1091 2448 106 38 enligt
1233 2444 411 40 förhandlingskommis-
