2215 2662
700 163 256 33 Statsutskottets
988 165 175 32 Utlåtande
1186 164 62 33 N:o
1274 168 50 30 83,
1771 166 39 35 13

909 699 91 43 N:o
1031 700 86 42 83.

846 799 72 25 Ank.
938 799 43 25 till
1001 799 97 26 Riksd.
1119 799 93 26 kansli
1232 800 55 25 den
1307 800 15 26 9
1343 800 56 32 maj
1422 800 76 31 1902,
1519 800 36 26 kl.
1576 801 15 25 1
1612 809 22 18 e.
1655 810 36 16 m.

541 889 197 45 Utlåtande,
768 889 17 38 i
812 891 185 45 anledning
1027 892 49 43 af
1098 892 125 44 Kongl.
1255 892 126 43 Maj:ts
1399 894 215 44 proposition
1635 895 177 44 angående

639 954 289 43 efterskänkande
957 954 48 43 af
1027 956 152 34 kronans
1207 959 72 32 rätt
1305 956 53 35 till
1384 955 165 43 danaarf
1570 956 87 43 efter
1676 957 136 35 smeden

642 1017 139 44 Gustaf
803 1017 199 37 Pettersson
1023 1017 94 45 från
1144 1018 198 45 Byjörktorp.

1571 1073 40 47 (I.
1643 1072 60 48 A.)

321 1180 118 35 Sedan
467 1179 13 35 1
509 1192 44 23 en
581 1179 57 36 till
665 1179 132 48 Kongl.
828 1178 107 50 Maj:t
962 1179 164 48 ingifven
1155 1180 204 47 ansökning
1388 1180 94 36 Sven
1505 1181 119 35 Johan
1644 1180 167 37 Carlsson

213 1235 67 35 och
322 1234 90 35 hans
454 1234 129 36 hustru
622 1234 117 36 Maria
780 1234 130 36 Lovisa
952 1234 177 45 Carlsson,
1174 1234 87 36 född
1302 1235 203 47 Blomberg,
1550 1235 112 47 ogifta
1699 1236 113 35 Beata

214 1289 94 35 Sofia
344 1288 194 47 Blomberg
575 1291 92 33 samt
704 1288 83 36 Carl
824 1288 145 47 August
1005 1289 200 46 Holmgren
1243 1289 66 35 och
1346 1289 90 35 hans
1469 1290 128 34 hustru
1627 1289 185 36 Charlotta

213 1342 212 47 Holmgren,
457 1342 85 36 född
570 1343 203 46 Blomberg,
805 1343 161 44 anhållit,
985 1346 52 32 att
1056 1343 157 35 kronans
1233 1346 72 32 rätt
1324 1342 56 36 till
1400 1343 153 35 danaarf
1569 1344 91 35 efter
1679 1343 132 37 aflidne

214 1397 147 35 smeden
390 1397 134 35 Gustaf
549 1397 206 35 Pettersson
783 1396 81 36 från
891 1397 194 48 Björktorp
1115 1396 13 36 i
1156 1389 103 43 Ärila
1288 1397 132 35 socken
1449 1398 39 35 af
1512 1398 299 35 Södermanlands

213 1451 62 36 län
309 1453 110 34 måtte
453 1450 57 36 till
545 1451 224 35 sökandenas
798 1451 139 36 förmån
965 1451 251 36 efterskänkas
1245 1452 66 35 och
1339 1451 56 35 till
1424 1453 79 34 stöd
1532 1452 119 36 derför
1680 1452 128 45 anfört,

214 1505 111 35 bland
360 1507 120 42 annat,
520 1507 54 33 att
610 1505 207 35 sökandena
844 1505 118 35 Maria
989 1505 131 36 Lovisa
1149 1505 177 45 Carlsson,
1357 1506 112 35 Beata
1498 1506 93 35 Sofia
1618 1506 194 47 Blomberg

215 1559 67 35 och
311 1558 185 37 Charlotta
523 1559 201 47 Holmgren
752 1572 83 22 vore
864 1559 90 36 barn
981 1559 57 35 till
1067 1559 135 36 Gustaf
1226 1560 224 35 Petterssons
1471 1560 226 47 syskonbarn
1717 1560 95 36 Sven

214 1613 119 35 Johan
361 1613 203 46 Blomberg,
595 1613 103 44 hade,
729 1615 114 33 såsom
872 1612 13 35 i
913 1626 45 22 en
977 1613 57 35 till
1053 1613 210 47 Riksdagen
1283 1614 70 34 den
1376 1616 47 32 25
1445 1613 92 47 april
1560 1616 98 33 1902
1681 1614 131 35 aflåten

215 1665 223 48 proposition
450 1666 71 47 (n:o
539 1666 61 47 88)
612 1667 207 44 meddelats,
833 1667 131 47 Kongl.
978 1666 129 49 Maj:ti
1122 1667 222 47 proposition
1359 1668 70 34 den
1447 1670 44 32 31
1511 1668 186 35 december
1711 1670 99 33 1900

215 1720 185 47 föreslagit
427 1720 211 47 Riksdagen
666 1723 53 33 att
747 1720 191 47 medgifva,
971 1724 52 32 att
1050 1721 158 35 kronans
1237 1724 72 32 rätt
1336 1721 56 36 till
1411 1720 275 48 ifrågavarande
1706 1722 105 35 dana-

216 1775 201 44 arfsmedel,
458 1787 74 23 som
561 1775 82 34 med
671 1777 52 33 ett
750 1775 130 46 belopp
910 1775 39 35 af
977 1777 114 42 7,100
1120 1775 134 35 kronor
1283 1777 47 33 41
1362 1780 59 30 öre
1449 1775 189 36 innestode
1666 1775 13 36 i
1708 1778 103 33 stats-

215 1828 178 46 kontoret,
423 1829 97 46 finge
547 1828 58 36 till
632 1828 162 36 bemälde
823 1829 177 35 sökandes
1029 1829 140 35 förmån
1197 1829 262 35 efterskänkas.

321 1882 19 36 I
368 1882 191 36 skrifvelse
596 1883 70 34 den
705 1885 46 33 29
792 1882 67 48 maj
905 1885 97 33 1901
1039 1884 92 34 hade
1159 1882 211 48 Riksdagen
1399 1883 145 44 anmält,
1576 1886 52 33 att
1655 1884 157 38 nämnda

215 1936 266 48 framställning
509 1937 40 35 af
573 1936 210 47 Riksdagen
811 1936 161 36 bifallits.

320 1991 119 35 Innan
476 1990 229 48 Riksdagens
743 1990 190 36 skrifvelse
969 1990 57 36 till
1062 1991 132 47 Kongl.
1233 1990 107 49 Maj:t
1372 1990 202 46 inkommit,
1606 1992 91 35 hade
1725 1991 14 36 i
1768 2004 44 22 en

214 2044 57 36 till.
307 2045 133 47 Kongl.
480 2044 106 48 Maj:t
623 2045 70 34 den
732 2046 47 33 28
818 2045 151 35 berörda
1006 2044 68 49 maj
1114 2045 166 47 ingifven
1308 2045 109 35 skrift
1445 2045 221 36 skolläraren
1694 2046 119 35 Johan

214 2099 163 35 Dahléns
405 2098 13 35 i
446 2099 133 35 Wåmb
622 2099 128 35 hustru
792 2097 109 37 Anna
938 2099 166 36 Kristina
1141 2100 154 43 Dahlén,
1326 2099 86 36 född
1440 2098 221 46 Andersson,
1693 2100 120 35 enkan

213 2152 119 36 Maria
373 2152 84 36 Lisa
498 2152 210 36 Andersson
741 2153 66 35 och
843 2152 45 36 A.
925 2153 226 47 Sväningson
1186 2153 161 45 anhållit,
1392 2156 62 41 att,
1499 2159 86 29 enär
1614 2155 54 43 de,
1700 2153 114 48 enligt

214 2207 96 35 hvad
338 2206 13 35 i
380 2207 149 35 ärendet
567 2206 194 44 företedda,
803 2206 39 35 af
867 2207 267 35 vederbörande
1163 2207 306 47 pastorsembeten
1497 2207 13 35 i
1538 2207 68 49 maj
1638 2208 67 35 och
1729 2207 83 49 juni

214 2261 171 34 månader
426 2262 97 33 1901
563 2260 189 36 utfärdade
785 2261 210 47 prestbetyg
1019 2261 134 48 jemväl
1181 2261 176 45 utvisade,
1388 2274 84 23 vore
1501 2261 228 48 syskonbarn
1757 2262 56 35 till

214 2314 220 36 förbemälde
472 2314 136 36 Gustaf
641 2315 206 35 Pettersson
884 2316 66 34 och
988 2318 46 44 på
1072 2316 111 35 sådan
1220 2316 118 46 grund
1376 2315 149 36 framför
1563 2316 94 36 Sven
1694 2316 118 36 Johan
