1876 2814
471 156 392 37 Bevillningsutskottets
886 154 217 31 betänkande
1122 163 42 20 nr
1192 154 48 29 42.
1569 146 38 29 15

101 255 58 20 om
179 243 312 36 investeringsfond
514 242 53 30 för
588 239 207 32 inventarier
819 240 65 29 och
907 239 179 34 varulager
1108 240 90 27 samt
1218 234 312 37 investeringsfond
1551 233 54 31 för

102 294 142 31 arbeten
269 294 11 30 i
303 302 117 28 gruva,
446 292 232 35 sammanlagt
702 291 40 29 20
766 293 142 33 procent
932 298 43 21 av
999 287 191 31 årsvinsten
1215 287 65 29 och
1305 286 31 36 ej
1361 286 118 34 heller,
1505 284 101 31 såvitt

101 344 108 38 angår
228 344 205 36 aktiebolag,
454 345 20 29 6
494 345 142 34 procent
655 351 44 20 av
719 339 272 36 aktiekapitalet;
1013 336 29 39 c)
1066 338 10 30 i
1097 337 100 36 fråga
1215 346 58 21 om
1292 335 314 37 investeringsfond

101 395 56 31 för
179 395 195 31 ersättande
398 404 43 21 av
465 393 254 36 förkrigslager,
745 395 46 26 ett
815 390 127 36 belopp
965 388 245 31 motsvarande
1234 387 202 36 minskning
1458 396 43 21 av
1524 386 82 31 dold

101 455 115 22 reserv
236 446 11 30 i
269 446 180 36 varulager
471 445 10 30 i
502 444 171 31 samband
693 442 80 30 med
793 440 295 37 lagerminskning
1109 438 81 32 från
1210 438 173 37 utgången
1404 447 44 21 av
1472 438 56 30 det
1548 437 56 30 be-

102 496 243 38 skattningsår,
367 505 76 21 som
464 495 76 37 gick
561 494 50 30 till
633 494 92 30 ända
746 494 156 29 närmast
923 491 75 31 före
1019 491 67 30 den
1110 491 14 29 1
1148 489 192 37 september
1364 489 95 38 1939,
1481 488 51 30 till
1554 491 50 27 ut-

103 547 133 37 gången
255 557 42 20 av
320 547 55 30 det
395 544 279 37 beskattningsår
694 543 199 37 taxeringen
913 551 107 27 avser,
1040 542 81 29 med
1140 541 117 36 tillägg
1279 549 43 21 av
1342 540 41 30 20
1403 543 142 33 procent
1564 548 43 21 av

103 599 67 29 den
186 598 199 30 beräknade
403 594 441 38 anskaffningskostnaden
859 593 61 31 vid
938 592 243 31 förstnämnda
1201 591 161 36 tidpunkt
1381 590 55 31 för
1456 590 56 31 det
1530 590 75 30 där-

102 648 87 31 efter
213 648 180 36 avgångna
416 648 118 36 lagret,
560 646 91 38 eller,
676 655 57 21 om
757 648 84 27 trots
865 642 341 38 lagerminskningen
1230 643 67 29 den
1320 642 105 30 dolda
1449 650 157 21 reserven

103 699 129 30 mellan
252 699 42 30 de
315 698 149 37 angivna
487 697 247 36 tidpunkterna
756 695 30 36 ej
813 695 141 30 ändrats
978 695 80 29 eller
1080 694 65 30 ock
1168 694 109 34 ökats,
1301 696 46 27 ett
1369 692 127 36 belopp
1521 695 85 27 mot-

104 749 171 31 svarande
302 750 41 29 20
369 751 143 34 procent
540 757 42 21 av
609 747 155 30 nämnda
792 744 397 37 anskaffningskostnad
1215 744 79 29 med
1322 743 131 36 avdrag
1478 742 13 31 1
1518 742 88 30 före-

103 800 211 31 kommande
336 799 63 31 fall
421 808 43 21 av
485 797 303 36 reservökningen;
812 796 11 30 i
845 795 96 31 förra
964 794 96 31 fallet
1082 794 59 31 må
1163 794 89 30 dock
1274 794 130 36 avdrag
1428 793 55 30 för
1507 792 99 32 fond-

103 850 196 37 avsättning
316 850 30 36 ej
366 851 61 29 ske
444 850 79 30 med
541 850 108 29 större
669 848 125 35 belopp
813 848 45 29 än
876 847 42 30 80
936 849 141 33 procent
1095 855 43 21 av
1155 844 451 37 anskaffningskostnaden,

104 901 170 36 varjämte
299 901 11 30 i
334 900 93 31 båda
454 899 107 31 fallen
588 899 58 30 vid
671 898 241 35 avsättningen
939 897 89 30 skall
1054 896 173 31 avräknas
1253 895 136 36 belopp,
1419 895 55 30 för
1503 895 105 30 vilket

103 952 166 30 liknande
289 952 129 35 avdrag
438 950 55 30 för
514 948 283 37 fondavsättning
817 947 158 37 åtnjutits
997 947 108 30 under
1128 945 207 38 föregående
1354 945 252 36 beskattnings-

103 1001 48 33 år.
177 1002 73 30 Har
273 1001 340 37 lagerminskningen
636 999 214 31 förorsakats
873 1007 44 21 av
941 998 128 36 statligt
1093 997 216 36 förfogande,
1335 996 165 31 eldsvåda
1527 997 81 29 eller

104 1053 146 30 därmed
275 1051 187 37 jämförlig,
490 1060 43 21 av
559 1051 67 30 den
652 1048 266 37 skattskyldiges
949 1047 213 37 åtgöranden
1191 1047 192 31 oberoende
1411 1047 195 36 anledning,

104 1102 67 39 må,
193 1102 102 32 såvitt
315 1101 107 38 angår
444 1102 56 30 det
521 1100 146 32 sålunda
688 1099 180 37 avgångna
888 1100 118 36 lagret,
1028 1099 55 30 det
1103 1099 126 35 belopp
1252 1107 74 21 som
1346 1098 11 30 i
1379 1098 42 30 de
1441 1098 111 30 under
1572 1096 30 40 c)

104 1153 150 37 angivna
279 1153 108 30 fallen
413 1152 188 31 beräknats
627 1151 51 30 till
705 1151 40 30 20
771 1154 143 32 procent
938 1159 42 21 av
1006 1149 443 36 anskaffningskostnaden
1475 1148 57 30 vid
1557 1152 49 26 ut-

103 1203 136 37 gången
262 1213 43 21 av
328 1204 56 30 det
407 1200 289 38 beskattningsår,
722 1210 74 21 som
821 1200 77 37 gick
924 1200 51 30 till
1000 1200 92 30 ända
1116 1201 156 29 närmast
1296 1199 75 31 före
1397 1200 68 30 den
1493 1201 14 28 1
1535 1208 72 27 sep-

103 1255 133 30 tember
260 1255 92 36 1939,
376 1254 10 30 i
410 1254 113 30 stället
544 1253 172 30 beräknas
740 1252 50 30 till
813 1251 197 31 skillnaden
1033 1251 129 30 mellan
1184 1251 193 30 kostnaden
1400 1250 55 30 för
1478 1253 49 27 att
1548 1259 60 21 an-

104 1305 119 31 skaffa
251 1308 46 28 ett
323 1309 73 26 mot
426 1303 341 38 lagerminskningen
794 1303 169 30 svarande
990 1302 94 36 lager
1112 1302 58 30 vid
1198 1300 170 38 utgången
1397 1311 44 20 av
1469 1301 56 30 det
1551 1301 56 30 be-

104 1355 233 37 skattningsår
360 1355 200 37 taxeringen
582 1364 99 21 avser
703 1355 65 29 och
791 1353 106 37 sagda
920 1352 408 37 anskaffningskostnad;
1353 1353 67 30 och
1442 1352 88 31 skall
1552 1352 56 30 be-

105 1407 176 30 träffande
306 1405 295 37 lagerminskning
629 1414 75 21 som
729 1414 48 20 nu
803 1407 91 33 sagts
924 1404 67 30 den
1018 1403 97 36 eljest
1143 1404 164 35 stadgade
1333 1403 277 36 begränsningen

105 1467 43 21 av
178 1458 162 35 avdraget
368 1457 51 30 till
447 1457 41 30 80
517 1459 142 33 procent
687 1465 42 20 av
758 1454 216 30 sistnämnda
1002 1454 150 30 kostnad
1180 1453 30 37 ej
1241 1455 63 34 äga
1332 1453 229 37 tillämpning.
1595 1453 13 30 I

105 1509 19 29 3
157 1508 18 37 8
208 1517 43 21 av
281 1507 249 36 förordningen
560 1506 138 36 stadgas
730 1505 126 36 vidare,
889 1508 49 27 att
969 1504 313 36 investeringsfond
1313 1504 55 30 för
1398 1504 210 37 byggnader,

105 1558 55 30 för
181 1557 207 31 inventarier
412 1558 66 30 och
502 1557 179 36 varulager
705 1559 89 27 samt
819 1556 54 29 för
896 1555 141 30 arbeten
1058 1555 11 30 i
1093 1563 107 28 gruva
1223 1554 57 31 må
1305 1558 96 33 tagas
1424 1555 11 30 i
1458 1554 150 37 anspråk

105 1609 122 30 endast
262 1608 109 30 under
406 1607 106 37 något
548 1617 42 20 av
627 1607 42 30 de
703 1605 288 39 beskattningsår,
1029 1605 56 30 för
1110 1605 93 31 vilka
1230 1605 154 37 taxering
1410 1606 199 30 verkställes

105 1659 84 30 åren
213 1660 82 30 1943
315 1660 64 29 och
403 1659 93 35 1944,
516 1658 80 30 eller
615 1658 112 30 under
746 1657 123 31 sådant
887 1666 121 21 senare
1027 1656 278 36 beskattningsår
1324 1665 76 21 som
1420 1666 43 21 av
1486 1657 121 36 Kungl.

106 1710 103 36 Maj:t
233 1718 123 28 genom
381 1709 140 30 särskilt
545 1709 113 30 beslut
681 1708 217 30 bestämmes.
928 1707 130 31 Sådant
1081 1707 114 30 beslut
1220 1707 57 31 må
1301 1717 80 20 avse
1409 1707 132 37 företag
1567 1717 42 21 av

106 1761 69 30 alla
197 1761 72 35 slag
292 1761 80 29 eller
394 1760 133 35 företag
550 1759 81 30 eller
654 1759 219 29 verksamhet
894 1767 43 21 av
960 1758 66 30 viss
1047 1757 245 31 beskaffenhet
1317 1758 66 30 och
1406 1759 87 29 skall
1516 1759 92 29 med-

107 1811 93 30 delas
217 1810 85 31 efter
317 1810 156 30 hörande
489 1819 41 21 av
547 1809 365 35 kommerskollegium
927 1809 66 29 och
1010 1808 217 36 fullmäktige
1243 1808 10 30 i
1271 1808 227 36 riksbanken;
1516 1809 92 30 med-

106 1861 146 36 givande
271 1864 48 27 att
335 1865 79 31 taga
432 1859 312 36 investeringsfond
760 1859 10 29 i
789 1858 152 36 anspråk
960 1859 87 29 skall
1065 1868 80 20 avse
1163 1859 104 30 minst
1284 1859 57 30 två
1357 1859 252 37 beskattnings-

106 1910 38 31 år
164 1912 11 29 i
199 1911 97 35 följd.
319 1911 13 29 I
353 1911 18 29 4
394 1911 17 36 8
434 1911 136 34 stadgas
593 1913 49 26 att
662 1909 314 35 investeringsfond
997 1908 56 31 må
1074 1912 96 33 tagas
1191 1909 10 29 i
1226 1909 150 35 anspråk
1397 1910 111 29 under
1529 1910 81 30 visst

105 1960 278 37 beskattningsår
403 1960 55 30 för
478 1960 155 36 följande
654 1958 173 36 ändamål,
847 1959 175 35 nämligen
1042 1958 31 40 a)
1099 1959 313 36 investeringsfond
1433 1960 55 30 för
1506 1960 103 36 bygg-

106 2012 121 30 nader:
245 2011 55 30 för
319 2010 222 36 avskrivning
557 2009 21 31 å
593 2010 199 36 byggnader
810 2019 73 20 som
901 2009 160 36 uppförts
1081 2009 109 30 under
1208 2019 133 21 samma
1357 2010 252 36 beskattnings-

107 2062 50 36 år;
174 2061 33 40 b)
228 2061 313 36 investeringsfond
558 2060 54 30 för
627 2060 207 30 inventarier
849 2061 66 29 och
931 2060 192 35 varulager:
1141 2060 55 30 för
1211 2061 223 36 avskrivning
1449 2061 20 31 å
1483 2061 126 30 maski-

107 2122 60 21 ner
193 2113 66 29 och
283 2112 109 31 andra
418 2111 57 30 för
501 2111 265 36 stadigvarande
790 2110 89 30 bruk
907 2111 151 30 avsedda
1084 2111 207 30 inventarier
1319 2115 89 26 samt
1434 2112 175 30 nedskriv-

107 2163 83 36 ning
218 2163 19 30 å
264 2162 151 35 råvaror,
445 2162 69 29 hel-
544 2162 65 29 och
637 2161 237 29 halvfabrikat
903 2161 79 29 med
1010 2162 100 34 högst
1138 2165 46 26 ett
1213 2161 125 37 belopp
1367 2163 243 30 motsvarande

108 2213 192 30 kostnaden
320 2212 54 30 för
396 2211 218 36 tillverkning
634 2211 82 30 eller
735 2210 228 37 anskaffning
984 2220 42 21 av
1047 2211 118 36 dylika
1186 2211 181 37 tillgångar
1390 2213 111 30 under
1522 2223 87 20 sam-

107 2272 58 21 ma
190 2261 291 36 beskattningsår;
509 2260 28 37 c)
571 2261 310 35 investeringsfond
908 2261 55 29 för
989 2261 141 30 arbeten
1155 2262 10 29 i
1194 2270 119 27 gruva:
1341 2263 55 29 för
1421 2264 188 29 undersök-

107 2312 218 36 ningsarbete
355 2322 44 19 m.
432 2321 44 20 m.
510 2311 110 29 under
650 2310 313 36 beskattningsåret
993 2311 9 29 i
1034 2319 117 28 gruva,
1184 2312 167 30 stenbrott
1382 2313 82 30 eller
1495 2323 116 20 annan

107 2363 165 30 liknande
291 2362 193 36 fyndighet;
505 2365 89 26 samt
611 2360 34 40 d)
672 2360 312 36 investeringsfond
1003 2361 54 30 för
1076 2363 196 29 ersättande
1290 2372 43 20 av
1351 2363 258 36 förkrigslager:

108 2414 54 30 för
185 2413 247 35 nedskrivning
453 2411 20 31 å
496 2411 150 36 råvaror,
670 2411 69 30 hel-
763 2412 65 29 och
853 2411 237 30 halvfabrikat
1113 2412 44 35 på
1181 2413 55 30 det
1259 2414 65 29 sätt
1349 2414 65 29 och
1437 2414 11 30 i
1473 2415 65 29 den
1561 2419 49 25 ut-

109 2464 198 35 sträckning
328 2472 74 21 som
424 2462 145 35 angivits
589 2461 221 30 beträffande
830 2461 312 37 investeringsfond
1164 2462 54 31 för
1241 2463 207 31 inventarier
1469 2466 64 29 och
1555 2475 56 21 va-
