1878 2816
482 156 393 37 Bevillningsutskottets
898 154 216 32 betänkande
1133 163 42 21 nr
1197 155 48 29 42.
1572 147 39 30 21

107 244 88 30 dock
224 243 121 30 endast
376 252 57 20 om
462 243 64 29 den
558 240 248 37 skattskyldige
837 239 137 39 jämlikt
1003 238 113 36 punkt
1144 238 20 29 4
1191 247 43 21 av
1262 236 269 36 anvisningarna
1560 235 51 30 till

107 296 41 29 29
180 295 17 37 8
227 293 419 35 kommunalskattelagen
678 292 79 36 äger
785 290 136 36 åtnjuta
949 290 44 30 fri
1023 289 222 35 avskrivning
1274 287 21 31 å
1324 287 176 31 maskiner
1528 286 84 31 eller

105 347 109 31 andra
240 347 54 30 för
322 345 263 36 stadigvarande
611 344 89 30 bruk
727 343 149 31 avsedda
903 341 216 30 inventarier.
1148 337 463 39 Konjunkturinvesterings-

106 397 169 31 fonderna
292 396 104 36 enligt
412 396 113 30 denna
540 394 204 36 förordning
760 395 60 28 äro
837 403 41 20 av
895 392 56 31 två
967 392 80 37 slag,
1065 391 173 36 nämligen
1255 391 71 30 dels
1344 391 54 29 för
1415 389 198 37 byggnader

106 449 66 29 och
197 448 70 30 dels
292 446 55 31 för
372 446 206 30 inventarier
604 446 65 29 och
694 444 188 36 varulager.
908 442 211 36 Avsättning,
1146 443 54 29 för
1224 442 115 30 vilken
1366 441 127 36 avdrag
1517 439 94 30 med-

107 499 101 37 gives,
229 497 56 31 må
305 498 54 30 för
380 496 95 37 varje
495 495 276 37 beskattningsår
791 494 30 37 ej
844 493 166 37 överstiga
1032 493 66 30 viss
1120 495 141 34 procent
1282 501 42 21 av
1344 490 191 31 årsvinsten
1554 499 57 20 en-

106 550 59 35 ligt
192 548 258 36 vederbörligen
478 547 172 30 fastställd
677 544 271 37 balansräkning
975 544 53 30 för
1055 542 311 37 beskattningsåret
1394 541 90 36 eller,
1512 540 102 31 såvitt

106 599 107 37 angår
234 598 204 37 aktiebolag,
461 598 67 30 viss
549 600 142 34 procent
711 606 41 21 av
773 594 257 37 aktiekapitalet
1050 594 57 30 vid
1128 591 327 37 beskattningsårets
1474 590 138 37 utgång.

108 648 537 38 Konjunkturinvesteringsfond
664 647 57 30 må
739 649 95 34 tagas
854 646 10 29 i
883 645 150 37 anspråk
1052 645 122 30 endast
1192 644 110 30 under
1322 643 123 31 sådant
1464 642 148 30 beskatt-

107 700 149 37 ningsår,
282 710 75 20 som
382 709 42 20 av
450 698 121 36 Kungl.
597 696 102 37 Maj:t
723 705 121 29 genom
868 695 138 31 särskilt
1028 695 112 30 beslut
1163 695 207 29 bestämmes
1394 693 109 30 under
1527 693 85 30 hän-

110 751 212 36 syntagande
344 750 51 30 till
418 752 49 28 att
490 749 118 35 dylika
631 748 140 29 fonders
793 746 222 35 användning
1037 744 58 31 må
1118 745 119 29 kunna
1258 743 145 36 bidraga
1426 743 50 29 till
1495 752 43 21 en
1561 745 52 27 ut-

107 801 157 39 jämning
289 811 41 20 av
356 798 485 38 konjunkturförhållandena
866 798 11 29 i
901 797 96 30 riket.
1024 796 129 31 Sådant
1177 795 121 36 beslut,
1324 805 75 20 som
1424 794 86 31 skall
1534 802 81 22 avse

108 853 105 30 minst
235 851 57 31 två
315 849 277 37 beskattningsår
616 850 10 30 i
650 848 98 37 följd,
773 848 57 31 må
855 849 88 35 gälla
967 847 132 36 företag
1123 856 42 21 av
1190 846 66 30 alla
1281 846 72 36 slag
1378 844 81 30 eller
1483 845 133 35 företag

107 903 82 30 eller
206 902 220 31 verksamhet
442 911 41 20 av
499 901 68 30 viss
583 899 253 32 beskaffenhet.
856 897 175 32 Särskilda
1047 897 108 36 regler
1172 898 46 29 ha
1233 896 189 30 meddelats
1439 894 176 37 angående

107 952 250 37 dispositionen
386 961 42 21 av
457 948 559 38 konjunkturinvesteringfonder.
1048 947 66 31 Om
1144 947 208 35 fondmedel,
1384 956 74 20 som
1487 947 128 29 avsatts

110 1003 48 31 till
185 1000 541 38 konjunkturinvesteringsfond,
753 1000 30 36 ej
812 999 100 36 tagits
938 999 11 29 i
975 998 151 37 anspråk
1152 999 9 29 i
1189 997 149 37 enlighet
1364 998 78 29 med
1468 996 147 30 fondens

108 1054 164 31 ändamål
289 1056 114 27 senast
420 1052 109 30 under
547 1053 56 29 det
620 1049 287 37 beskattningsår,
926 1049 53 30 för
998 1049 104 30 vilket
1120 1048 155 37 taxering
1292 1049 77 29 sker
1387 1047 109 30 under
1514 1046 101 37 sjätte

110 1103 247 37 taxeringsåret
378 1103 86 30 efter
484 1104 55 29 det
561 1101 45 31 då
625 1101 128 36 avdrag
774 1100 56 30 för
849 1100 237 35 avsättningen
1107 1098 190 36 medgivits,
1317 1097 90 30 skall
1427 1097 64 29 den
1510 1096 105 30 skatt-

109 1156 154 37 skyldige
286 1155 261 30 efterbeskattas
571 1153 55 30 för
648 1156 69 29 vad
737 1161 74 21 som
834 1154 127 27 avsatts
984 1154 84 27 utan
1091 1153 49 27 att
1162 1149 150 31 därefter
1334 1148 10 30 i
1365 1148 150 36 enlighet
1535 1148 81 29 med

109 1207 155 30 nämnda
292 1205 204 35 förordning
523 1205 45 30 ha
595 1203 101 37 tagits
726 1203 10 30 i
767 1201 152 37 anspråk
946 1202 55 29 för
1027 1201 56 30 det
1109 1200 150 30 avsedda
1287 1197 206 32 ändamålet.
1551 1197 65 30 Vid

109 1257 352 36 efterbeskattningen
486 1256 88 30 skall
601 1256 66 30 den
695 1254 246 37 skattskyldige
967 1252 130 37 jämväl
1123 1252 140 37 påföras
1288 1252 101 29 ränta
1415 1250 54 30 för
1494 1259 58 21 sex
1577 1249 40 31 år

109 1310 86 30 efter
216 1312 49 27 tre
287 1311 142 34 procent
449 1307 91 36 eller,
564 1307 63 30 där
649 1306 41 30 de
711 1307 132 28 avsatta
864 1304 134 30 medlen
1020 1303 31 37 ej
1075 1302 65 31 fått
1161 1312 41 20 av
1224 1302 166 36 företaget
1411 1304 93 34 tagas
1525 1300 10 29 i
1556 1309 59 21 an-

110 1359 104 38 språk
236 1360 110 29 under
367 1357 104 38 något
493 1357 37 31 år
553 1357 86 30 efter
662 1355 248 36 avsättningen,
933 1354 57 31 två
1011 1356 151 34 procent.

155 1410 130 30 Genom
308 1408 204 37 kungörelse
534 1408 66 29 den
626 1408 38 28 18
687 1407 142 29 oktober
854 1406 82 29 1940
966 1404 52 39 (nr
1039 1403 76 39 894)
1144 1405 63 28 har
1230 1403 208 34 förordnats,
1461 1405 47 26 att
1531 1402 85 29 kon-

109 1458 458 40 junkturinvesteringsfond
587 1458 55 29 för
662 1456 197 38 byggnader
879 1455 57 30 må
954 1455 109 30 under
1083 1455 41 29 de
1144 1452 286 37 beskattningsår,
1451 1452 53 29 för
1523 1451 94 30 vilka

112 1510 155 36 taxering
290 1509 200 31 verkställes
515 1507 83 31 åren
627 1506 226 36 1941—1943,
878 1509 95 32 tagas
996 1504 10 30 i
1032 1503 152 36 anspråk
1206 1502 138 39 jämlikt
1367 1501 153 31 nämnda
1546 1501 70 29 för-

112 1562 156 35 ordning.
295 1560 125 33 Vidare
448 1560 64 29 har
535 1567 126 28 genom
687 1557 205 36 kungörelse
918 1556 66 30 den
1010 1556 18 29 2
1055 1555 144 30 oktober
1226 1554 82 29 1942
1341 1552 52 40 (nr
1419 1551 73 39 814)
1527 1552 89 29 före-

111 1613 147 35 skrivits,
292 1616 48 27 att
372 1609 529 38 konjunkturinvesteringsfond
932 1608 55 30 för
1016 1606 199 38 byggnader
1247 1605 57 31 må
1335 1605 109 30 under
1475 1605 55 29 det
1560 1604 56 29 be-

111 1662 242 37 skattningsår,
378 1663 54 30 för
453 1661 104 30 vilket
580 1659 155 38 taxering
756 1658 199 31 verkställes
978 1657 38 31 år
1040 1658 94 35 1944,
1158 1660 94 34 tagas
1274 1656 10 30 i
1306 1654 152 38 anspråk
1480 1654 139 37 jämlikt

111 1724 134 22 samma
275 1713 214 35 förordning,
519 1712 89 30 dock
638 1711 121 30 endast
786 1711 11 29 i
826 1710 66 30 den
921 1708 81 31 mån
1032 1709 66 30 den
1127 1717 42 21 av
1199 1706 256 31 vederbörande
1485 1705 133 35 företag

111 1765 166 31 bedrivna
308 1764 264 30 verksamheten
603 1761 105 36 enligt
738 1760 112 30 beslut
882 1770 42 20 av
956 1758 121 37 Kungl.
1111 1757 101 37 Maj:t
1244 1757 186 30 förklarats
1462 1765 81 21 vara
1575 1765 42 21 av

111 1816 198 30 omedelbar
333 1813 173 39 betydelse
530 1813 55 30 för
609 1810 332 37 folkförsörjningen
966 1809 79 30 eller
1069 1809 105 30 rikets
1198 1808 144 30 försvar.
1368 1807 163 30 Däremot
1554 1806 64 30 har

112 1866 123 36 Kungl.
256 1864 101 37 Maj:t
375 1864 119 30 hittills
513 1864 76 30 icke
606 1862 172 30 meddelat
798 1860 103 37 något
919 1860 110 30 beslut
1048 1858 177 37 angående
1244 1856 312 38 ianspråktagande
1576 1865 42 21 av

112 1913 511 39 konjunkturinvesteringfond
647 1913 54 29 för
722 1910 206 31 inventarier
949 1911 64 29 och
1036 1909 180 35 varulager
1239 1907 103 37 enligt
1368 1907 82 29 1938
1473 1906 54 30 års
1549 1905 68 30 för-

112 1966 155 35 ordning.

158 2015 143 31 Jämlikt
324 2014 247 36 förordningen
595 2014 66 29 den
688 2014 37 28 12
749 2011 75 36 juni
852 2012 81 29 1942
963 2010 51 38 (nr
1037 2009 76 39 371)
1143 2019 57 21 om
1222 2010 67 29 rätt
1313 2012 48 27 att
1385 2008 56 30 vid
1465 2007 155 35 taxering

112 2067 48 29 till
185 2066 203 30 kommunal
411 2065 245 30 inkomstskatt
679 2066 86 27 samt
790 2061 113 38 statlig
924 2061 164 30 inkomst-
1112 2061 64 29 och
1200 2059 349 37 förmögenhetsskatt
1570 2057 48 31 åt-

115 2117 99 36 njuta
234 2117 128 34 avdrag
383 2116 55 29 för
457 2114 194 36 avsättning
672 2113 49 30 till
742 2111 311 37 investeringsfond
1073 2111 80 35 äger
1172 2109 228 36 skattskyldig
1420 2108 57 30 vid
1497 2108 121 29 beräk-

113 2168 126 35 ningen
262 2176 42 20 av
327 2166 206 29 nettointäkt
556 2174 42 20 av
621 2164 125 29 rörelse
768 2163 111 30 under
902 2162 40 30 de
965 2160 285 37 beskattningsår,
1275 2160 54 30 för
1352 2159 92 30 vilka
1468 2158 153 36 taxering

115 2216 198 30 verkställes
331 2215 83 30 åren
436 2214 225 34 1942—1944,
681 2213 134 36 åtnjuta
833 2213 127 35 avdrag
978 2212 53 30 för
1049 2211 136 36 belopp,
1206 2221 74 20 som
1297 2220 41 20 av
1356 2209 192 31 årsvinsten
1564 2218 56 20 av-

117 2266 103 29 sättes
237 2266 49 29 till
303 2264 322 35 investeringsfond.
648 2262 353 35 Investeringsfonder
1017 2271 75 19 som
1110 2270 97 20 avses
1225 2260 9 29 i
1252 2260 216 29 sistnämnda
1486 2258 134 30 förord-

114 2317 83 35 ning
212 2318 59 28 äro
287 2314 31 39 a)
341 2314 311 35 investeringsfond
670 2314 52 29 för
737 2313 207 36 byggnader,
962 2311 32 38 b)
1016 2310 312 36 investeringsfond
1345 2311 54 28 för
1415 2308 207 31 inventarier

114 2367 64 30 och
202 2366 189 35 varulager,
417 2364 28 39 c)
475 2363 309 36 investeringsfond
808 2364 54 29 för
885 2363 138 28 arbeten
1047 2361 10 29 i
1081 2369 105 28 gruva
1211 2363 86 27 samt
1321 2359 33 39 d)
1383 2358 236 36 investerings-

115 2418 84 29 fond
220 2416 54 29 för
295 2415 195 30 ersättande
511 2424 41 20 av
574 2413 252 35 förkrigslager.
850 2412 76 30 Rätt
950 2411 46 30 till
1017 2412 129 35 avdrag
1168 2410 42 37 på
1232 2411 111 36 grund
1365 2419 40 20 av
1427 2408 195 35 avsättning

115 2467 50 30 till
186 2467 83 29 fond
291 2475 73 21 som
385 2465 108 30 under
513 2464 31 38 a)
571 2465 65 28 och
657 2463 32 38 b)
716 2464 75 35 sägs
811 2462 209 30 tillkommer
1040 2462 121 29 endast
1182 2461 138 30 svenskt
1341 2460 193 35 aktiebolag
1556 2459 65 30 och
