1864 2790
269 187 17 7 2
659 168 115 29 Andra
798 169 245 39 lagutskottets
1067 172 178 29 utlåtande
1269 182 41 19 nr
1335 175 27 27 1.

931 306 36 48 2)
996 309 98 47 Lag

325 380 170 40 angående
518 381 126 31 ändrad
668 381 119 42 lydelse
812 394 42 19 av
878 384 40 29 14
942 384 21 40 $
987 384 98 41 lagen
1109 385 62 30 den
1195 386 42 30 26
1257 386 65 40 juli
1347 387 84 30 1947
1456 390 56 40 (nr
1536 389 82 42 530)
1644 400 54 19 om

447 434 161 31 särskilda
632 435 196 42 barnbidrag
851 436 48 30 till
923 437 121 31 änkors
1068 438 63 30 och
1155 439 173 31 invaliders
1352 452 46 18 m.
1423 440 33 31 fl.
1481 441 92 31 barn.

311 531 210 39 Härigenom
541 533 195 34 förordnas,
754 536 51 28 att
827 535 39 29 14
889 535 15 36 $
923 536 101 38 lagen
1042 537 67 29 den
1131 538 40 28 26
1190 538 68 38 juli
1279 538 82 31 1947
1382 549 60 20 om
1459 541 173 29 särskilda
1651 542 101 29 barn-

267 584 121 39 bidrag
413 585 51 29 till
488 586 130 30 änkors
643 587 64 29 och
733 587 188 31 invaliders
946 599 44 19 m.

267 637 41 39 på
334 639 68 28 sätt
428 639 110 29 nedan
563 640 149 38 angives.

436 727 183 30 (Gällande
646 729 162 39 lydelse:)

1018 589 36 29 fl.
1080 590 85 29 barn
1192 591 87 29 skall
1305 592 132 30 erhålla
1463 593 133 29 ändrad
1625 594 127 39 lydelse

1186 733 224 38 (Föreslagen
1438 735 164 38 lydelse:)

963 793 38 29 14
1028 794 28 35 '8.

309 852 147 29 Särskilt
474 853 213 42 barnbidrag
709 854 98 39 utgår
831 855 74 29 icke
927 855 52 29 för

266 903 58 35 tid,
360 905 110 29 under
500 895 120 41 vilken
656 907 245 44 kostnaderna
926 908 53 29 för

264 957 141 30 barnets
428 958 82 30 vård
531 959 19 30 å
572 960 129 29 anstalt
722 960 82 30 eller
826 960 55 30 för
902 961 78 29 kost

263 1011 65 29 och
354 1011 123 30 bostad
503 1012 34 30 åt
564 1013 122 29 barnet
713 1013 68 30 helt
808 1014 171 29 bestridas

264 1073 41 19 av
325 1065 211 30 statsmedel.

309 1224 191 39 Där
404 1219 45 48 på
473 1219 27 48 —
519 1243 33 2 —
581 1244 41 2 —
762 1245 71 1 ol

1082 857 146 29 Särskilt
1249 858 211 41 barnbidrag
1481 852 101 46 utgår
1604 861 74 28 icke
1700 861 53 32 för

1038 909 59 34 tid,
1134 910 107 29 under
1276 910 116 31 vilken
1428 912 237 31 kostnaderna
1699 914 55 29 för

1037 963 140 29 barnets
1199 964 82 29 vård
1303 964 20 30 å
1345 965 129 30 anstalt
1495 966 82 29 eller
1601 966 54 30 för
1675 967 77 29 kost

1036 1016 65 29 och
1128 1016 121 30 bostad
1274 1017 36 30 åt
1336 1018 124 30 barnet
1486 1019 71 29 helt
1584 1019 170 30 bestridas

1036 1078 42 20 av
1108 1070 214 34 statsmedel;
1354 1070 90 31 dock
1473 1073 50 28 att
1552 1071 126 31 sådant
1707 1071 47 30 bi-

1037 1121 86 40 drag
1145 1122 170 31 utbetalas
1337 1124 59 38 för
1419 1124 59 37 tid,
1501 1125 44 30 då
1572 1125 119 30 barnet
1715 1127 39 28 är

1037 1175 242 31 inackorderat
1303 1176 58 30 vid
1384 1178 240 30 nomadskola.

981 1246 8 2 -
1009 1228 66 29 den
1097 1228 181 31 månaden.

1080 1344 121 29 Denna
1219 1345 55 39 lag
1292 1345 117 30 träder
1427 1347 10 28 i
1455 1347 93 37 kraft
1569 1347 66 29 den
1655 1348 14 28 1
1687 1347 67 38 juli

925 1613 36 52 3)
990 1615 99 48 Lag

261 1686 176 41 angående.
461 1687 125 32 ändrad
616 1688 119 41 lydelse
764 1700 42 21 av
830 1690 40 30 11
901 1689 21 42 8
945 1691 21 30 2
988 1701 104 21 mom.
1117 1691 388 41 bidragsförskottslagen
1528 1693 64 30 den
1617 1694 39 29 11
1678 1693 74 40 juni

517 1748 23 6 få
865 1743 84 31 1943
973 1745 58 42 (nr
1052 1744 96 43 382).

307 1829 209 40 Härigenom
537 1831 195 35 förordnas,
752 1834 51 28 att
825 1833 37 29 11
888 1833 15 36 $
923 1833 18 29 2
961 1842 105 21 mom.
1088 1834 414 39 bidragsförskottslagen
1522 1836 66 28 den
1615 1837 31 27 11
1671 1836 77 38 juni

266 1883 93 29 1943!
385 1884 88 33 skall
497 1885 133 30 erhålla
653 1885 156 39 följande
835 1886 151 29 ändrade
1012 1886 140 39 lydelse.

433 1973 183 29 (Gällande
643 1973 162 40 lydelse:)

959 2038 34 27 11

304 2096 18 29 2
356 2106 127 20 mom.
514 2098 150 39 Beviljat
683 2099 293 38 bidragsförskott

261 2150 171 29 utbetalas
458 2151 74 29 icke
559 2151 55 30 för
639 2152 59 33 tid,
725 2152 110 29 under
860 2152 116 30 vilken

262 2203 233 30 kostnaderna
521 2204 54 29 för
598 2205 140 29 barnets
762 2205 86 30 vård
873 2206 20 29 å
918 2215 58 19 an-

261 2256 80 29 stalt
359 2256 82 30 eller
458 2257 54 30 för
529 2258 79 29 kost
626 2259 63 29 och
707 2259 122 29 bostad
848 2259 35 29 åt
900 2259 75 29 bar-

261 2311 56 27 net
335 2309 72 30 helt
426 2310 170 30 bestridas
616 2321 41 20 av
676 2312 212 29 statsmedel.
907 2312 68 29 Där

260 2362 42 39 på
331 2363 113 38 grund
475 2373 40 20 av
544 2364 67 29 vad
644 2365 145 29 sålunda
821 2364 154 39 stadgats

259 2415 293 38 bidragsförskott
573 2417 113 30 skulle
707 2418 194 30 innehållas
922 2418 53 28 för

306 2498 4 13 1
333 2498 115 24 Senaste
470 2499 99 28 lydelse
591 2506 28 16 se
641 2500 58 23 SFS
721 2501 75 22 1947:
810 2501 60 22 532.

1184 1976 225 39 (Föreslagen
1435 1977 165 39 lydelse:)

1027 2040 12 15 £

1025 2053 26 20 I:

1078 2100 17 28 2
1130 2110 125 19 mom.
1286 2100 151 40 Beviljat
1457 2101 292 38 bidragsförskott

1034 2153 170 30 utbetalas
1230 2153 75 30 icke
1332 2154 54 29 för
1411 2155 60 33 tid,
1499 2154 111 29 under
1635 2155 114 29 vilken

1033 2206 234 30 kostnaderna
1293 2207 55 29 för
1371 2208 142 29 barnets
1538 2207 83 29 vård
1648 2208 18 29 å
1692 2218 58 19 an-

1034 2260 82 28 stalt
1133 2260 80 29 eller
1230 2260 54 29 för
1302 2260 79 30 kost
1399 2261 63 29 och
1480 2260 122 30 bostad
1622 2261 35 29 åt
1674 2261 76 29 bar-

1032 2314 58 27 net
1130 2313 69 29 helt
1237 2313 173 30 bestridas
1449 2324 40 19 av
1531 2314 216 31 statsmedel;

1031 2365 89 29 dock
1158 2367 48 28 att
1245 2366 293 39 bidragsförskott
1579 2367 170 29 utbetalas

1031 2418 56 39 för
1120 2418 57 30 tid,
1209 2419 42 29 då
1283 2419 121 29 barnet
1436 2420 39 28 är
1506 2419 242 30 inackorderat
