2220 2644
471 214 17 26 2
922 209 262 32 Statsutskottets
1210 210 170 32 Memorial
1403 211 62 32 N:o
1489 213 48 29 75.

427 297 123 43 längre
592 295 49 34 tid
682 299 45 30 än
769 298 51 31 ett
859 294 104 44 läsår,
1004 296 104 34 äfven
1150 307 51 24 om
1231 297 251 34 förordnandet
1509 297 54 34 för
1590 298 122 43 längre
1741 298 50 34 tid
1818 299 211 45 meddelats;

427 346 181 35 äfvensom
648 349 54 31 att
743 346 54 34 för
836 346 222 34 bestridande
1099 347 38 33 af
1174 348 202 43 härigenom
1418 348 205 34 föranledda
1663 348 149 44 utgifter
1837 348 110 36 måtte
1974 351 56 34 till

428 396 131 45 Kongl.
601 396 127 45 Maj:ts
761 396 204 44 förfogande
993 398 121 34 ställas
1142 400 51 32 ett
1220 398 276 44 förslagsanslag
1524 399 39 33 af
1589 400 108 41 5,000
1725 400 129 34 kronor
1881 398 150 46 årligen,

564 447 88 34 hade
693 448 264 33 statsutskottet
996 449 12 32 i
1048 449 60 32 sitt
1139 445 182 38 utlåtande
1361 460 56 23 n:o
1460 451 45 32 66
1540 449 174 43 hemstält,
1744 453 54 31 att
1824 450 205 45 Riksdagen

427 496 121 43 måtte,
577 498 75 33 med
681 497 99 34 bifall
807 498 53 33 till
886 498 93 34 hvad
1007 497 128 45 Kongl.
1165 498 108 45 Maj:t
1300 499 193 44 föreslagit,
1522 500 191 43 medgifva:

563 547 33 47 a)
632 552 53 29 att
719 549 42 33 de
794 549 214 43 lönebelopp,
1037 559 70 23 som
1135 550 97 33 skola
1261 547 85 46 utgå
1372 550 53 34 till
1454 550 41 33 de
1523 550 11 34 i
1562 548 385 46 statsrådsprotokollet
1975 552 55 35 för

428 600 66 33 den
536 600 19 32 9
597 609 92 23 mars
734 600 94 33 1894
868 599 223 34 omförmälde
1123 601 127 42 lärare,
1284 600 120 35 hvilka
1432 599 146 45 qvarstå
1607 599 42 45 på
1676 602 41 34 de
1742 602 140 43 jemlikt
1908 604 119 43 kongl.

426 649 140 34 brefvet
597 650 64 33 den
699 651 43 32 16
776 649 180 34 december
992 652 93 32 1892
1115 651 170 43 indragna
1313 652 227 33 läroverkens
1568 655 82 40 stat,
1678 650 109 36 måtte
1814 653 167 44 uppföras
2008 652 21 36 å

427 701 175 33 allmänna
629 700 345 43 indragningsstaten
1002 701 110 34 under
1139 701 209 35 riksstatens
1376 702 125 33 nionde
1530 702 232 45 hufvudtitel;

562 749 32 47 b)
624 753 54 31 att
705 751 60 33 vid
792 751 144 34 allmänt
963 752 164 33 läroverk
1147 752 84 34 eller
1250 752 170 44 pedagogi
1435 753 140 33 anstäld
1591 756 100 31 extra
1708 754 174 34 ordinarie
1897 755 129 43 lärare,

427 811 72 24 som
540 801 38 33 af
614 801 261 34 vederbörande
907 801 260 44 eforalstyrelse
1199 800 141 37 erhållit
1366 803 233 34 förordnande
1627 804 110 34 under
1764 805 55 33 hel
1846 806 180 33 lästermin

427 852 86 33 eller
540 851 202 34 derutöfver
770 852 74 33 med
873 852 63 33 full
956 851 245 45 tjenstgöring,
1222 863 76 24 men
1318 864 69 23 som
1402 853 38 34 af
1452 854 265 44 vederbörligen
1733 856 118 42 styrkt
1865 855 161 45 sjukdom

426 902 215 34 förhindrats
668 905 54 30 att
750 902 206 44 tjenstgöra,
986 900 120 46 måtte,
1134 904 116 33 derest
1273 904 68 33 han
1361 904 74 34 före
1454 904 98 34 detta
1572 904 231 36 förordnande
1823 906 206 45 tjenstgjort

427 953 59 33 vid
513 952 127 43 dylikt
678 953 166 34 läroverk
883 953 103 34 minst
1020 957 52 30 ett
1099 951 50 45 år,
1182 952 134 36 erhålla
1344 955 189 34 understöd
1560 955 54 34 för
1641 956 66 33 den
1734 956 62 42 tid,
1825 957 203 34 hvarunder

427 1003 70 34 han
536 1003 93 34 varit
669 1012 42 25 ur
751 1000 100 37 stånd
892 1007 54 30 att
987 1004 208 44 tjenstgöra,
1229 1005 54 33 till
1314 1006 122 43 belopp
1470 1007 245 34 motsvarande
1743 1007 134 34 hälften
1906 1008 40 33 af
1970 1008 59 34 det

427 1054 157 42 arfvode,
617 1063 70 24 som
725 1051 44 46 på
795 1054 113 43 grund
936 1054 40 34 af
999 1052 273 46 ifrågavarande
1300 1055 233 35 förordnande
1561 1056 101 44 eljest
1689 1058 111 34 skulle
1829 1058 200 34 tillkommit

426 1104 125 34 honom
577 1104 53 33 för
662 1114 131 24 samma
821 1104 61 42 tid,
911 1105 89 34 dock
1028 1109 54 30 att
1109 1106 114 43 dylikt
1250 1106 187 34 understöd
1466 1106 78 35 icke
1572 1107 110 34 skulle
1710 1106 86 45 utgå
1823 1108 54 34 för
1904 1109 123 43 längre

427 1155 51 33 tid
518 1158 45 31 än
596 1158 49 30 ett
679 1152 106 44 läsår,
813 1154 103 35 äfven
946 1166 51 23 om
1027 1156 250 34 förordnandet
1304 1157 53 34 för
1383 1157 124 43 längre
1535 1158 49 33 tid
1612 1158 207 44 meddelats;
1848 1159 180 34 äfvensom

426 1209 54 30 att
508 1205 53 34 för
588 1205 222 34 bestridande
838 1206 37 33 af
900 1206 204 43 härigenom
1128 1206 202 35 föranledda
1358 1207 149 44 ntgifter
1534 1205 108 37 måtte
1670 1209 53 33 till
1749 1208 129 45 Kongl.
1901 1209 127 45 Maj:ts

426 1256 206 43 förfogande
659 1256 123 34 ställas
809 1259 51 31 ett
887 1256 276 44 förslagsanslag
1190 1258 39 33 af
1255 1260 108 39 5,000
1390 1258 131 34 kronor
1548 1256 144 46 årligen.

560 1355 122 44 Enligt
708 1356 174 34 utskottet
909 1356 303 36 tillhandakomna
1239 1358 322 45 protokollsutdrag
1579 1360 65 33 har
1662 1358 127 36 Första
1809 1360 218 36 Kammaren

425 1406 144 44 bifallit,
609 1406 92 35 hvad
741 1407 174 34 utskottet
947 1406 146 36 sålunda
1121 1409 174 43 hemstält,
1329 1409 181 35 hvaremot
1538 1409 126 35 Andra
1691 1410 228 44 Kammaren,
1949 1413 77 34 med

425 1457 117 44 afslag
568 1454 21 37 å
615 1457 192 34 utskottets
833 1458 219 44 hemställan,
1083 1459 124 34 bifallit
1236 1460 93 34 hvad
1356 1460 82 34 herr
1464 1459 46 36 A.
1541 1459 147 36 Persson
1717 1472 42 23 m.
1789 1461 33 35 fl.
1852 1463 12 33 i
1891 1463 52 33 sin
1968 1463 59 34 vid

425 1508 148 35 berörda
600 1505 183 37 utlåtande
811 1508 124 44 fogade
962 1510 218 34 reservation
1208 1510 175 44 hemstält,
1412 1511 188 43 nemligen:

560 1557 33 47 a)
622 1561 53 31 att
702 1558 131 44 Kongl.
862 1559 126 44 Maj:ts
1016 1560 269 44 framställning,
1322 1564 53 31 att
1403 1562 41 33 de
1472 1562 214 43 lönebelopp,
1715 1573 71 24 som
1814 1564 98 34 skola
1941 1562 87 45 utgå

424 1609 55 33 till
507 1609 41 34 de
576 1609 11 34 i
613 1606 383 46 statsrådsprotokollet
1025 1611 54 34 för
1107 1611 63 34 den
1201 1613 20 32 9
1251 1622 91 23 mars
1374 1614 95 32 1894
1497 1612 223 35 omförmälde
1748 1614 127 42 lärare,
1904 1614 122 35 hvilka

426 1657 146 45 qvarstå
612 1657 44 46 på
688 1660 41 34 de
755 1659 139 44 jemlikt
920 1661 119 43 kongl.
1068 1662 138 33 brefvet
1234 1662 66 33 den
1332 1663 42 33 16
1403 1663 182 34 december
1616 1665 93 33 1892
1737 1664 174 44 indragna
1939 1665 87 34 läro-

424 1710 152 34 verkens
603 1713 82 40 stat,
719 1708 109 36 måtte
862 1711 165 43 uppföras
1055 1711 21 34 å
1103 1712 177 34 allmänna
1307 1712 347 44 indragningsstaten
1681 1714 111 33 under
1818 1714 210 35 riksstatens

423 1760 126 34 nionde
576 1760 226 43 hufvudtitel,
831 1761 76 34 icke
935 1759 56 36 må
1019 1762 39 34 af
1082 1762 203 44 Riksdagen
1313 1762 155 45 bifallas;
1497 1767 91 30 samt

559 1810 33 47 hb)
634 1814 54 31 att
727 1810 203 45 Riksdagen
972 1812 31 44 ej
1046 1813 108 34 heller
1194 1811 56 36 må
1288 1813 121 34 bifalla
1437 1813 130 45 Kongl.
1597 1813 125 45 Maj:ts
1749 1812 277 47 ifrågavarande

423 1860 134 45 förslag
584 1861 181 44 angående
793 1863 187 33 understöd
1009 1861 38 36 at
1074 1867 100 30 extra
1203 1864 174 34 ordinarie
1404 1865 116 34 lärare
1541 1865 57 34 vid
1618 1865 177 34 allmänna
1815 1866 211 35 läroverken

422 1912 112 33 under
561 1912 119 34 förfall
707 1910 45 45 på
779 1913 112 43 grund
919 1913 39 34 af
983 1914 159 44 sjukdom
1170 1915 64 34 och
1253 1918 55 30 att
1326 1914 222 45 följaktligen
1570 1916 57 33 det
1646 1915 54 35 för
1719 1913 124 38 sådant
1863 1915 163 36 ändamål

423 1962 40 34 af
487 1961 129 44 Kongl.
645 1961 109 46 Maj:t
781 1964 130 33 äskade
939 1965 124 43 anslag
1090 1964 76 35 icke
1194 1962 56 37 må
1277 1965 39 34 af
1339 1964 204 45 Riksdagen
1571 1966 158 44 beviljas.

559 2012 121 36 Under
721 2013 141 35 erinran
902 2018 65 39 att,
1001 2012 45 46 på
1078 2019 70 30 sätt
1172 2015 132 44 jemväl
1331 2017 11 32 i
1370 2017 191 33 utskottets
1588 2018 226 33 förenämnda
1842 2017 184 35 utlåtande

423 2063 229 43 omförmäles,
681 2063 130 45 Kongl.
840 2064 126 44 Maj:ts
993 2066 110 33 under
1130 2066 109 34 första
1267 2067 155 42 punkten
1443 2066 125 44 gjorda
1584 2067 132 44 förslag
1730 2068 156 43 innebär,
1904 2072 55 30 att
1975 2072 52 31 ett

421 2114 205 44 lönebelopp
654 2115 39 33 af
718 2116 255 42 sammanlagdt
1003 2118 133 40 27,173
1165 2118 140 41 kronor,
1334 2127 69 23 som
1433 2118 158 33 anvisats
1618 2121 54 30 att
1699 2117 87 45 utgå
1805 2119 39 34 af
1856 2119 170 43 anslagen

421 2164 55 34 till
509 2165 41 33 de
584 2166 176 33 allmänna
793 2166 220 42 läroverken,
1043 2167 110 34 skulle
1181 2168 111 34 varda
1319 2170 21 30 å
1367 2167 176 35 allmänna
1571 2169 343 43 indragningsstaten
1945 2180 82 33 upp-

421 2214 107 43 fördt,
570 2213 54 37 får
665 2216 178 35 utskottet
882 2217 55 33 för
977 2217 192 43 afgörande
1210 2218 39 34 af
1287 2217 231 36 förevarande
1558 2223 128 30 tvenne
1727 2217 119 46 frågor
1883 2220 146 34 medelst

420 2275 257 34 gemensamma
706 2268 257 43 omröstningar
991 2265 127 37 föresla
1145 2269 155 44 följande
1326 2269 450 44 voteringspropositioner:
