2192 2614
743 200 257 33 Statsutskottets
1022 202 166 32 memorial
1211 204 51 30 Nr
1284 206 49 29 49.
1786 208 38 29 13

225 274 269 50 tjänstgöring,
528 290 80 23 som
650 279 46 46 på
730 278 123 47 grund
885 292 48 23 av
961 279 521 50 riksförsäkringsanstaltens
1510 282 118 37 under
1657 285 39 34 år
1728 285 95 35 1919

226 326 90 36 eller
342 327 158 48 tidigare
528 329 217 36 meddelade
773 330 121 36 beslut
921 334 127 46 utgått
1076 333 88 35 eller
1191 336 109 45 utgår
1328 336 124 33 såsom
1477 334 348 49 sjukhjälpsersätt-

225 378 93 49 ning
354 379 88 37 eller
478 380 161 36 livränta
668 381 57 35 för
752 382 54 35 tid
834 382 118 36 under
979 385 40 34 år
1050 385 96 35 1919
1176 385 89 36 eller
1292 385 119 36 under
1439 386 163 36 nämnda
1630 389 39 33 år
1697 390 124 33 såsom

224 429 374 51 begravningshjälp,
628 435 40 33 så
696 433 68 36 ock
793 433 71 37 den
893 435 211 49 ersättning
1131 436 10 35 i
1170 436 206 48 anledning
1404 450 45 23 av
1470 437 102 49 dylik
1592 438 127 47 skada,
1741 452 81 23 som

224 484 47 46 på
310 482 123 48 grund
476 496 47 22 av
563 483 521 50 riksförsäkringsanstaltens
1113 487 118 36 under
1259 491 40 32 år
1330 490 95 34 1919
1456 489 217 37 meddelade
1701 490 123 36 beslut

223 533 161 36 därefter
420 534 169 36 kommer
618 541 52 30 att
698 538 91 46 utgå
817 540 125 33 såsom
970 537 365 51 begravningshjälp
1365 540 11 34 i
1404 540 205 49 anledning
1638 554 45 22 av
1712 542 110 35 döds-

224 584 75 46 fall,
341 585 164 36 inträffat
545 586 119 36 under
704 587 164 36 nämnda
904 591 50 44 år,
988 592 60 33 må
1085 589 105 49 höjas
1228 590 84 36 med
1342 592 47 35 50
1417 598 156 41 procent
1600 597 133 32 utöver
1761 593 61 36 det

223 635 149 51 belopp,
392 638 124 35 vartill
544 638 258 50 ersättningen
822 642 60 34 må
901 640 229 37 bestämmas
1149 642 119 48 enligt
1287 642 215 48 grunderna
1521 644 12 35 i
1554 644 268 49 förordningen

222 688 72 36 den
338 691 45 34 18
421 689 84 49 juni
542 692 95 35 1909
675 704 60 23 om
773 693 211 48 ersättning
1011 693 11 36 i
1051 693 204 50 anledning
1283 708 46 23 av
1357 695 270 49 kroppsskada,
1657 696 164 49 ådragen

223 740 116 37 under
378 742 410 50 militärtjänstgöring,
822 744 78 37 dels
934 745 70 36 ock
1037 746 58 36 för
1121 746 238 37 bestridande
1387 761 46 22 av
1461 747 114 37 härav
1603 748 219 37 föranledda

220 792 203 37 kostnader
450 796 21 33 å
500 794 232 50 tilläggsstat
760 796 57 36 för
844 799 39 33 år
913 798 98 35 1919
1040 798 119 37 under
1187 798 126 37 tionde
1341 799 238 37 huvudtiteln
1609 801 130 36 anvisa
1766 806 54 32 ett

220 844 299 50 förslagsanslag
547 860 46 22 av
625 848 162 47 175,000
816 848 150 37 kronor.

324 896 243 37 Sistnämnda
608 898 288 50 framställning,
925 900 128 37 vilken
1087 901 58 37 för
1171 901 272 38 förberedande
1470 902 233 50 behandling
1730 905 91 36 hän-

219 948 117 37 visats
364 949 57 36 till
449 949 321 49 bankoutskottet,
799 950 68 37 har
894 952 211 37 sedermera
1133 967 47 23 av
1207 954 203 49 riksdagen
1439 954 165 38 bifallits.

322 1000 57 37 Då
408 1001 107 37 alltså
541 1002 204 49 riksdagen
773 1003 115 37 redan
911 1004 113 36 fattat
1042 1005 122 36 beslut
1184 1005 11 36 i
1216 1006 60 36 det
1295 1019 47 23 av
1360 1007 459 38 militieombudsmannen

219 1050 157 39 berörda
417 1053 164 48 ärendet,
615 1055 95 36 lärer
749 1058 118 47 något
908 1057 297 37 statsutskottets
1245 1059 175 48 yttrande
1452 1059 12 37 i
1493 1060 132 49 frågan
1653 1060 84 37 icke
1765 1074 55 24 er-

219 1104 160 47 fordras;
409 1106 118 37 vilket
554 1107 185 37 utskottet
767 1108 123 37 skolat
919 1109 155 37 härmed
1102 1109 57 48 för
1187 1110 204 50 riksdagen

732 1212 158 38 anmäla.

321 1312 219 38 Stockholm
569 1314 73 37 den
669 1316 24 35 4
721 1316 96 49 april
847 1318 110 35 1919.

733 1418 54 37 På
814 1420 298 37 statsutskottets
1139 1427 159 43 vägnar:

761 1521 37 38 S.
828 1523 47 37 H.
904 1524 367 39 KVARNZELIUS.

314 1832 261 38 Närvarande:
607 1832 48 39 Se
682 1834 118 38 under
826 1836 65 36 utl.
921 1850 45 23 nr
993 1839 61 34 46.

251 2368 115 38 Bihang
390 2369 44 29 till
456 2369 168 38 riksdagens
640 2371 147 36 protokoll
810 2372 90 29 1919.
947 2373 19 27 6
988 2373 83 28 saml.
1116 2373 40 29 29
1179 2374 74 36 häft.
1300 2371 63 41 (Nr
1385 2374 152 37 46—50.)
1583 2384 95 20 126419
1744 2378 17 29 3
