1922 2798
756 183 231 30 Statsutskottets
1008 184 147 29 utlåtande
1177 184 51 28 Nr
1249 182 51 30 28.

1586 310 70 33 Bal.
1679 309 42 35 B.

930 407 182 42 Förslag

999 470 55 26 till

271 529 217 40 kungörelse
521 528 178 42 angående
732 529 181 33 utsträckt
945 530 232 42 tillämpning
1199 540 42 23 av
1264 531 423 41 avlöningsreglementet
1709 532 67 34 den

272 580 47 31 29
339 578 92 42 juni
452 580 85 32 1921
566 579 57 42 (nr
646 580 78 42 389)
753 580 59 33 för
837 580 72 33 fast
932 581 149 33 anställt
1104 581 171 42 manskap
1299 582 58 32 vid
1381 583 122 31 armén
1526 582 65 33 och
1614 583 161 33 marinen

519 632 93 31 samt
634 630 135 32 ändrad
792 631 137 39 lydelse
951 641 42 23 av
1018 632 19 31 2
1061 631 22 41 $
1105 632 12 31 i
1142 641 133 23 samma
1298 632 231 40 reglemente.

326 715 210 41 Härigenom
571 714 190 38 förordnas,
797 715 66 31 dels
895 716 50 29 att
978 715 65 31 vad
1076 715 11 31 i
1121 716 405 41 avlöningsreglementet
1549 716 66 31 den
1639 717 40 31 29
1700 716 76 42 juni

274 765 78 31 1921
381 765 53 40 för
460 765 68 31 fast
549 764 141 33 anställt
713 764 165 42 manskap
901 765 57 30 vid
981 767 116 30 armén
1120 765 64 32 och
1208 766 153 31 marinen
1385 766 78 31 med
1487 766 73 31 däri
1584 766 192 32 sedermera

272 815 119 41 gjorda
417 815 183 41 ändringar
627 814 138 42 stadgas
788 814 212 32 beträffande
1024 816 166 41 manskap
1212 816 57 31 vid
1292 818 116 29 armén
1432 816 86 31 skall
1541 816 11 31 i
1575 816 201 42 tillämpliga

273 865 94 31 delar
400 865 88 43 gälla.
521 865 53 32 för
607 864 165 42 manskap
806 865 58 31 vid
896 865 206 41 flygvapnet,
1135 865 78 32 med
1235 865 219 43 iakttagande
1478 877 40 20 av
1542 866 42 31 de
1608 867 168 31 särskilda

272 915 224 38 föreskrifter,
518 914 125 42 Kungl.
668 915 98 40 Maj:t
789 915 110 30 finner
921 915 73 31 skäl
1017 915 135 31 utfärda
1175 915 211 31 beträffande
1403 916 175 41 manskap,
1597 927 73 20 som
1687 918 90 30 över-

271 967 72 39 gått
366 965 74 31 från
463 964 154 32 marinen
641 964 53 32 till
717 964 203 42 flygvapnet,
945 965 66 31 dels
1034 965 54 31 ock
1110 967 50 29 att
1183 966 19 30 2
1224 965 22 42 8
1268 965 11 31 i
1303 965 148 31 nämnda
1466 966 207 43 reglemente
1691 966 86 32 skall

273 1015 11 32 i
307 1015 112 32 nedan
442 1015 146 42 angivna
610 1014 95 33 delar
726 1015 87 32 hava
835 1015 150 42 följande
1009 1016 153 31 ändrade
1182 1016 143 41 lydelse:

314 1067 76 31 Lön
413 1068 100 40 utgår
535 1085 40 3 —
598 1085 40 4 —
662 1085 38 3 —
724 1066 173 32 beräknad
920 1066 189 42 tjänstetid.

639 1157 181 33 Löneplan
839 1157 54 27 för
910 1158 175 33 manskap
1104 1159 57 25 vid
1181 1157 123 28 armén
1323 1159 99 35 (Ma).

610 1301 180 34 Löneplan
809 1301 55 27 för
882 1302 174 33 manskap
1075 1302 58 26 vid
1152 1303 162 26 marinen
1333 1303 112 35 (Mm).

800 1399 48 40 Be-
1008 1405 78 23 Lön
1125 1404 108 25 efter
1270 1412 44 17 en
1350 1404 229 32 tjänstetid
1617 1414 43 16 av

290 1439 77 24 Löne
502 1456 99 18 sllning
669 1464 6 4 -
791 1447 66 22 gyn-
1133 1465 10 1 -
1291 1465 205 2 a
1575 1466 129 2 a
1774 1453 2 11 I

296 1473 69 31 grad,
422 1455 311 32 Beställningshavare.
779 1457 103 47 |,ölse-|
920 1471 31 25 12
985 1448 20 62 |
1031 1471 32 25 24
1102 1477 1 7 |
1142 1472 32 25 86
1213 1472 2 28 |
1254 1472 34 25 48
1326 1472 1 18 |
1366 1473 33 24 60
1431 1448 24 62 |
1479 1473 32 25 172
1543 1448 20 62 |
1590 1473 34 25 8
1662 1476 2 53 |
1703 1473 32 25 36

800 1507 55 23 lön.
870 1502 14 37 |
896 1506 80 23 måna-
987 1502 15 37 |
1008 1506 80 23 måna-
1101 1502 12 37 |
1119 1507 82 22 måna-
1214 1502 13 37 |
1232 1507 81 22 måna-
1325 1502 13 37 |
1344 1507 95 27 måna-
1438 1502 13 37 |
1456 1508 81 22 måna-
1549 1502 15 37 |
1568 1507 81 23 måna-
1663 1502 12 37 |
1680 1508 81 23 måna-

914 1540 50 23 der.
990 1551 1 20 |
1025 1541 51 22 der.
1097 1536 13 39 |
1138 1541 49 23 der.
1250 1541 49 23 der.
1325 1541 2 32 |
1362 1542 50 23 der.
1438 1536 1 37 |
1473 1542 48 23 der.
1586 1538 49 39 der.
1662 1530 2 43 |
1698 1542 50 24 der.

990 1583 2 17 I
1774 1581 2 20 I

333 1617 16 26 3
376 1613 19 42 |
411 1619 339 32 Flaggkorpral............
808 1632 31 3 —
1102 1584 2 76 |
1127 1584 89 63 1.512]
1215 1632 1 6 '
1240 1618 73 31 1,608
1326 1584 2 69 |
1351 1619 74 29 1,704
1437 1584 2 68 |
1464 1619 73 30 1,800
1550 1584 2 83 |
1573 1618 76 31 1,896
1657 1614 12 43 |
1686 1620 23 29 1,
1711 1619 44 26 992
1774 1607 2 46 |

332 1652 16 25 2
376 1648 19 41 |
409 1654 123 30 Korpral
542 1653 213 32 (högbåtsman)|
792 1652 74 30 1,1401
903 1653 22 25 1,
921 1621 71 63 140
1015 1653 21 30 1,
1032 1632 58 45 140
1102 1662 2 41 |
1129 1653 87 25 1.320
1215 1649 12 44 |
1239 1653 55 31 1,41
1298 1653 12 41 6
1326 1660 1 29 |
1351 1653 74 30 1,512
1437 1658 2 32 |
1464 1654 87 36 1,608
1546 1649 12 45 |
1575 1653 74 31 1,704
1656 1649 15 45 1
1687 1654 88 30 1,800
1763 1649 15 45 |
1774 1644 2 26 |

334 1688 13 24 1
378 1683 19 41 |
409 1688 99 31 MÖöDIg
532 1683 93 41 momsen
658 1708 92 4 urea
816 1686 50 26 600
873 1675 16 49 |
928 1679 64 39 720
980 1675 16 49 |
1032 1673 51 39 "840
1102 1704 2 15 |
1127 1687 89 31 1,020
1212 1683 14 42 |
1239 1688 74 29 1,116
1326 1675 46 44 1,
1375 1687 44 26 212
1437 1678 2 42 |
1462 1689 22 29 1,
1487 1687 43 27 308
1550 1677 1 43 |
1575 1688 75 30 1,404
1657 1684 12 42 |
1686 1689 22 24 1,
1703 1669 50 57 500
1763 1688 12 25 |

273 1749 74 22 Anm.
384 1747 201 32 Högbåtsman
605 1750 68 28 äger
693 1749 42 22 att
754 1748 32 22 36
805 1747 137 24 månader
961 1746 74 25 efter
1054 1747 48 24 det
1122 1747 71 25 sista
1212 1705 272 75 frstörinieen
1504 1748 8 24 i
1531 1748 176 32 lönegraden
1724 1748 54 25 till-

384 1784 86 22 trätts
489 1782 114 24 komma
622 1782 9 23 i
651 1781 170 31 åtnjutande
842 1790 34 15 av
896 1789 35 16 en
949 1781 48 24 lön
1017 1782 42 23 till
1079 1782 103 31 belopp
1204 1790 35 16 av
1260 1783 72 29 1,896
1352 1783 112 23 kronor.

325 1906 123 32 Denna
470 1907 204 41 kungörelse
698 1906 113 32 träder
833 1907 11 30 1
867 1907 89 30 kraft
979 1906 66 32 den
1071 1908 14 29 1
1108 1907 65 40 juli
1198 1908 89 37 1926,
1313 1907 86 31 dock
1416 1910 48 28 att
1480 1908 12 30 i
1508 1908 92 41 fråga
1617 1919 54 20 om
1689 1920 88 19 man-

273 1957 94 41 skap,
402 1968 74 21 som
510 1957 73 31 icke
618 1957 84 41 tagit
736 1957 208 41 anställning
967 1957 82 31 eller
1071 1957 244 41 rekapitulerat
1338 1957 86 32 efter
1447 1959 170 41 utgången
1641 1970 40 20 av
1702 1959 74 41 juni

275 2008 123 31 månad
423 2008 80 31 1923
526 2008 65 31 och
615 2019 74 20 som
713 2008 30 41 ej
768 2008 107 31 heller
891 2008 85 31 efter
992 2019 129 20 samma
1137 2008 163 41 tidpunkt
1316 2008 214 33 karlskrivits
1546 2009 75 31 från
1638 2009 138 42 skepps-

273 2058 216 41 gossekåren,
514 2058 124 31 dittills
662 2058 157 42 gällande
841 2058 261 32 bestämmelser
1125 2059 96 31 skola
1243 2059 102 31 lända
1368 2059 52 31 till
1444 2059 236 32 efterrättelse.

325 2109 254 41 Flaggkorpral,
615 2120 73 20 som
722 2109 58 31 vid
807 2109 183 31 befordran
1014 2109 52 31 till
1090 2109 112 31 denna
1224 2110 210 41 beställning
1456 2110 111 42 åtnjöt
1589 2111 57 30 lön
1670 2110 107 41 enligt

273 2158 66 32 den
373 2159 71 31 före
479 2159 66 31 den
581 2160 14 30 1
623 2159 63 41 juli
712 2160 81 30 1922
815 2159 156 41 gällande
994 2159 171 41 löneplan,
1190 2162 54 28 må
1266 2159 83 39 icke,
1374 2159 116 33 därest
1512 2160 57 31 vid
1592 2160 183 32 befordran

273 2209 52 30 till
358 2208 227 42 faggkorpral
618 2209 103 31 lönen
755 2209 106 41 enligt
894 2209 66 31 den
994 2209 11 31 i
1032 2210 112 30 denna
1171 2209 204 41 kungörelse
1399 2210 193 31 fastställda
1614 2211 161 40 löneplan

274 2259 110 31 skulle
417 2259 136 31 komma
586 2260 50 30 att
669 2261 81 39 utgå
777 2259 77 31 med
877 2259 92 41 lägre
992 2259 128 42 belopp
1144 2261 41 30 än
1209 2260 65 31 vad
1296 2260 127 31 honom
1448 2260 241 32 dessförinnan
1712 2260 64 32 till-

273 2309 152 38 kommit,
459 2309 70 32 lida
552 2309 199 42 minskning
773 2310 11 31 i
807 2309 66 32 den
897 2310 169 41 avlöning,
1091 2310 67 31 han
1183 2310 212 32 omedelbart
1419 2311 70 31 före
1513 2311 182 32 befordran
1720 2313 56 40 ägt

274 2359 162 42 uppbära.
