2228 2670
705 196 251 33 Statsutskottets
985 195 168 34 Utlåtande
1175 196 62 33 N:o
1260 198 74 32 114.
1752 198 38 32 31

372 279 55 32 att
453 274 281 38 Mörtnekärret
761 289 62 24 n:o
855 278 18 35 1
902 277 243 49 uppskattats
1165 276 59 36 till
1243 281 55 32 ett
1317 276 196 37 saluvärde
1533 276 41 37 af
1592 277 71 36 700
1678 276 155 46 kronor;

372 332 55 32 att
467 327 217 38 hemmanet
723 328 133 47 Husby
897 329 199 46 ostyckadt
1133 329 279 37 saluvärderats
1440 328 60 37 till
1530 331 137 46 16,760
1696 329 141 37 kronor

243 378 71 38 och
344 384 155 43 ansetts,
536 380 6 35 i
569 380 181 37 händelse
779 381 207 37 detsamma
1013 382 173 49 upplätes
1213 381 120 37 under
1360 381 293 50 nyttjanderätt,
1678 381 159 50 betinga

243 431 159 37 arrende
429 432 60 36 till
517 436 55 32 ett
599 432 135 50 belopp
765 434 40 36 af
831 435 71 35 750
931 434 160 44 kronor;
1120 433 70 37 och

372 488 57 32 att
468 483 236 39 beträffande
745 485 256 49 egendomens
1041 485 178 37 framtida
1259 485 222 50 disposition
1520 485 142 49 Kungl.
1709 484 130 50 Maj:ts

243 535 437 50 befallningshafvande,
724 537 46 37 då
811 538 293 48 utarrendering
1146 537 41 37 af
1224 538 238 49 egendomen
1499 538 85 36 med
1613 537 177 37 afseende
1818 540 21 33 å

242 588 297 49 byggnadernas
571 589 262 38 beskaffenhet
867 590 82 37 icke
977 595 128 43 syntes
1134 603 91 23 vara
1254 594 55 32 att
1337 590 152 37 förorda
1516 590 70 37 och
1614 592 128 46 någon
1770 602 66 23 an-

243 640 158 49 ledning
428 641 59 35 till
515 641 259 48 egendomens
802 642 266 37 bibehållande
1087 642 13 36 i
1120 642 250 37 statsverkets
1390 647 73 44 ägo
1483 642 82 37 icke
1585 654 90 24 vore
1693 640 142 50 Kungl.

242 693 127 49 Maj:ts
410 693 424 49 befallningshafvande
874 694 154 48 bekant,
1057 694 199 49 föreslagit
1284 694 229 50 försäljning
1542 694 40 37 af
1605 694 231 47 densamma,

243 745 172 48 hvarvid,
458 745 87 37 med
585 746 151 49 hänsyn
775 746 58 36 till
876 747 257 48 egendomens
1176 746 241 49 belägenhet,
1459 746 220 37 densamma
1707 750 131 45 syntes

243 797 143 48 Kungl.
429 797 126 49 Maj:ts
596 798 425 49 befallningshafvande
1064 799 90 37 böra
1189 798 179 49 utbjudas
1402 801 48 47 på
1484 799 63 36 det
1575 803 87 42 sätt,
1692 811 81 23 som
1802 798 41 36 af

243 849 467 49 uppskattningsmännen
738 851 230 49 föreslagits.

373 901 74 37 För
488 914 97 36 egen
626 902 60 37 del
726 903 68 36 har
827 903 329 49 domänstyrelsen
1184 902 195 50 tillstyrkt,
1409 908 55 31 att
1492 902 104 37 såväl
1624 902 216 36 hemmanet

244 953 137 49 Husby
422 953 97 37 efter
560 954 89 36 därå
690 954 118 37 skedd
851 955 284 49 ägostyckning
1175 967 82 24 som
1297 954 232 49 lägenheten
1560 953 280 37 Mörtnekärret

245 1007 117 35 måtte
390 1005 186 50 försäljas.

376 1058 124 36 Sedan
548 1058 210 37 emellertid
798 1058 248 50 Norrköping
1068 1054 628 58 —Söderköping——Vikbolandets
1733 1059 106 49 järn-

245 1110 330 49 vägsaktiebolag,
605 1113 124 34 såsom
763 1110 249 37 innehafvare
1040 1110 41 37 af
1104 1110 226 37 koncession
1359 1113 20 34 å
1408 1110 240 50 anläggning
1676 1111 40 36 af
1735 1111 104 48 järn-

245 1166 78 45 väg
350 1162 141 37 mellan
520 1161 266 50 Söderköping
810 1163 70 36 och
904 1162 295 48 Valdemarsvik,
1221 1163 105 49 gjort
1346 1162 282 51 framställning
1647 1177 61 23 om
1723 1163 117 48 nådig

245 1214 243 37 fastställelse
516 1217 20 34 å
556 1214 72 37 den
649 1214 106 37 öfver
775 1214 292 50 ifrågavarande
1087 1214 312 49 kronoegendom
1419 1215 199 37 utstakade
1634 1216 204 49 järnvägs-

245 1266 120 49 linjen
393 1266 121 49 enligt
540 1267 187 48 företedd,
758 1267 40 36 af
814 1267 549 36 kommissionslandtmätaren
1381 1267 33 36 J.
1437 1266 222 51 Stånggren
1680 1270 41 34 år
1742 1268 98 35 1904

246 1318 204 50 upprättad
491 1319 119 48 karta,
652 1319 70 36 har
751 1319 329 49 domänstyrelsen
1108 1319 56 36 uti
1191 1319 239 48 underdånig
1458 1319 201 37 skrifvelse
1689 1320 74 36 den
1793 1321 46 34 28

242 1371 74 48 juli
360 1372 110 47 1905,
511 1371 122 37 under
672 1371 278 49 förutsättning
979 1376 55 31 att
1062 1372 232 49 järnvägens
1322 1371 223 49 sträckning
1572 1372 106 36 öfver
1706 1372 135 36 krono-

247 1423 238 48 egendomen
513 1423 126 37 blefve
667 1423 190 37 fastställd
884 1426 49 47 på
962 1428 75 32 sätt
1063 1423 222 49 ifrågasatts
1314 1423 92 37 eller
1435 1424 222 37 annorledes
1686 1424 72 37 och
1787 1428 56 32 att

246 1474 421 50 besittningstagandet
709 1476 41 35 af
779 1476 62 36 det
876 1476 59 36 för
958 1476 218 49 järnvägen
1204 1475 249 49 erforderliga
1481 1476 152 37 område
1662 1476 40 36 af
1727 1488 117 36 egen-

247 1526 139 38 domen
427 1527 142 37 skedde
609 1527 165 49 tidigare
816 1533 47 30 än
891 1528 207 36 eventuellt
1125 1528 124 36 beslut
1277 1541 58 23 om
1366 1528 86 36 dess
1479 1528 234 49 utbjudande
1740 1527 103 47 fölle,

249 1583 125 32 såsom
414 1579 140 48 tillägg
594 1579 59 36 till
686 1579 102 36 hvad
815 1579 188 48 styrelsen
1030 1580 13 35 i
1071 1580 59 36 sin
1159 1579 278 37 ofvanberörda
1464 1580 200 37 skrifvelse
1693 1580 73 36 den
1798 1581 44 34 16

244 1631 87 48 juni
375 1632 96 35 1905
514 1631 213 48 föreslagit,
769 1631 204 48 hemställt,
1017 1636 54 32 att
1109 1631 85 36 från
1231 1631 277 49 försäljningen
1537 1632 40 36 af
1602 1632 45 36 de
1675 1631 105 37 delar
1809 1631 40 37 af

249 1683 251 49 egendomen,
525 1683 217 49 järnvägen
770 1683 151 37 komme
950 1689 55 31 att
1033 1684 169 48 öfvergå,
1232 1686 117 34 måtte
1375 1684 240 49 undantagas
1643 1684 101 36 hvad
1765 1696 79 24 som

250 1735 111 37 däraf
385 1735 58 37 för
467 1735 480 49 järnvägsanläggningen
974 1740 109 44 toges
1111 1735 13 36 1
1153 1734 175 50 anspråk.

378 1787 55 36 Af
457 1787 237 36 sistnämnda
721 1787 108 36 karta
856 1787 203 48 inhämtas,
1089 1792 56 32 att
1172 1787 291 49 ifrågavarande
1488 1788 281 49 järnvägslinje
1787 1793 58 31 ut-

251 1839 146 37 stakats
426 1839 107 37 öfver
560 1839 102 37 delar
692 1839 40 37 af
756 1839 163 37 lotterna
947 1840 72 37 n:is
1048 1842 21 34 2
1099 1839 70 37 och
1198 1841 21 35 3
1250 1839 40 37 af
1314 1840 216 37 hemmanet
1557 1840 168 49 Husby.»

379 1891 87 37 Med
494 1891 150 37 erinran
672 1897 54 31 att
752 1892 141 49 Kungl.
923 1893 108 48 Maj:t
1059 1905 139 35 genom
1226 1892 124 36 beslut
1378 1893 73 36 den
1471 1895 20 34 6
1513 1892 213 50 september
1747 1893 98 36 1905

249 1943 174 49 godkänt
464 1943 161 37 berörda
653 1944 187 49 järnvägs
873 1944 224 49 sträckning
1130 1944 106 37 öfver
1265 1944 72 37 den
1364 1945 217 36 hemmanet
1609 1944 135 49 Husby
1772 1944 74 36 till-

249 1995 136 50 höriga
427 1995 120 48 mark,
577 1995 119 37 sådan
724 2009 142 24 samma
898 1996 223 49 sträckning
1149 1997 137 36 funnes
1315 1999 20 34 å
1363 1997 259 49 nyssnämnda
1649 1997 110 36 karta
1787 2001 58 31 ut-

249 2048 137 47 märkt,
430 2053 97 31 samt
566 2048 123 36 under
730 2048 240 50 åberopande
1011 2049 42 36 af
1088 2048 101 37 hvad
1221 2049 13 35 i
1261 2049 103 36 detta
1393 2049 137 37 ärende
1558 2049 13 36 i
1599 2049 120 48 öfrigt
1747 2049 99 36 före-

250 2100 171 47 kommit,
451 2100 228 37 hemställde
708 2100 417 50 departementschefen
1154 2113 61 24 om
1245 2100 186 38 aflåtande
1460 2101 39 36 af
1523 2115 51 23 nu
1595 2100 250 38 förevarande

250 2151 248 50 proposition.
