2234 2620
753 208 251 31 Statsutskottets
1028 208 164 31 ullåtande
1215 208 51 31 Ny
1290 210 19 28 4
1324 208 38 31 ÅA.
1818 207 30 29 11

530 497 39 46 C.
635 497 293 57 Undervisning,
963 497 222 54 understöd,
1219 509 192 44 expenser
1444 509 48 31 m.
1529 509 47 31 m.

360 644 96 46 18:0)
486 642 140 48 Kungl.
656 642 106 47 Maj:t
789 641 68 36 har
885 640 197 48 föreslagit
1109 639 205 49 riksdagen
1342 640 135 48 (punkt
1506 640 61 47 21)
1588 644 55 32 att
1662 640 74 35 öka
1755 639 98 36 ordi-

255 695 102 36 narie
385 694 431 47 reservationsanslaget
843 691 57 37 till
928 691 314 49 undervisnings-
1258 691 70 36 och
1344 690 391 50 gymnastikmateriel
1756 695 97 32 samt

254 745 481 49 undervisningsanstalter
764 744 71 37 och
864 743 386 49 utbildningskurser,
1276 757 50 22 nu
1356 744 163 46 579,668
1549 743 152 45 kronor,
1723 742 129 46 med,
1832 738 23 60 i

249 798 125 49 jämnt
402 797 161 47 krontal,
594 799 109 40 2,887
735 796 141 36 kronor
904 796 57 36 till
990 797 163 45 582,555
1183 795 152 36 kronor.

357 848 237 37 Beträffande
636 848 253 48 utredningen
930 847 12 35 i
983 847 154 36 ärendet
1178 847 56 35 får
1275 846 185 36 utskottet
1501 846 159 35 hänvisa
1698 845 56 36 till
1783 844 68 37 sid.

255 902 149 35 38—61
435 913 46 23 av
510 899 214 49 åberopade
753 898 429 49 statsrådsprotokollet.

359 1002 186 49 Anslaget
572 1007 42 31 är
642 1001 163 37 fördelat
832 1003 49 47 på
909 1000 167 48 följande
1106 999 116 37 titlar:

359 1080 98 37 Titel
510 1080 29 35 I.
594 1078 491 48 Undervisningsmateriel.

398 1144 17 23 »
492 1132 47 35 II.
594 1131 58 36 De
680 1131 97 36 fasta
804 1129 443 49 undervisningsverken
1275 1142 47 22 m.
1353 1142 48 22 m.

398 1196 17 23 »
474 1183 66 37 II.
594 1182 260 49 Tillfälligtvis
883 1181 216 38 anordnade
1129 1181 129 36 skolor
1282 1180 72 36 och
1368 1179 373 48 utbildningskurser
1760 1182 96 33 samt

649 1234 245 37 oförutsedda
921 1233 136 37 behov.

360 1312 98 37 Titel
499 1313 16 35 I
557 1312 67 36 har
650 1311 199 49 upptagits
878 1310 99 37 efter
1004 1323 47 23 en
1081 1308 360 49 beräkningsgrund
1470 1321 47 24 av
1545 1309 72 45 0,54
1644 1312 64 32 öre
1736 1306 121 37 under

260 1365 225 46 12,383,588
515 1363 400 49 tjänstgöringsdagar
943 1361 85 37 med
1058 1363 136 44 66,871
1225 1361 141 35 kronor
1395 1361 46 35 38
1471 1365 74 31 öre.

359 1416 16 35 I
404 1415 108 49 fråga
553 1428 60 23 om
654 1414 83 41 titel
778 1414 31 36 [I
836 1414 68 35 har
932 1412 141 50 Kungl.
1104 1411 107 48 Maj:t
1238 1411 198 49 föreslagit
1464 1417 55 30 att
1547 1410 231 47 densamma,
1807 1423 50 23 nu

257 1473 193 44 upptagen
479 1466 57 37 till
567 1468 162 46 192,433
759 1466 140 36 kronor
930 1467 46 34 10
1005 1470 77 42 öre,
1098 1464 121 37 skulle
1239 1463 93 37 ökas
1353 1462 81 37 dels
1455 1462 82 38 med
1557 1463 136 46 10,000
1714 1461 144 37 kronor

257 1520 60 36 för
357 1520 99 35 vissa
496 1517 295 38 resekostnader
836 1517 62 36 vid
941 1515 267 50 krigsskolans
1237 1515 197 50 praktiska
1462 1514 190 48 övningar
1679 1513 81 37 dels
1788 1513 69 37 ock

258 1571 84 37 med
374 1572 135 46 19,470
538 1571 142 36 kronor
708 1570 58 36 för
802 1568 444 49 utbildningskostnader
1274 1568 58 36 för
1359 1567 139 47 läkare,
1527 1566 231 37 veterinärer
1787 1566 70 36 och

259 1623 215 50 apotekare.

360 1665 35 45 Å
435 1674 83 36 titel
558 1673 54 36 III
653 1673 68 36 har
749 1686 47 23 en
824 1671 225 49 minskning
1077 1684 47 23 av
1153 1672 137 47 22,850
1318 1670 140 36 kronor
1486 1683 47 22 av
1561 1669 143 48 Kungl.
1738 1668 119 49 Maj:t,

259 1726 231 49 föreslagits,
526 1725 5 36 i
558 1724 199 38 huvudsak
799 1723 198 38 föranledd
1039 1737 45 22 av
1126 1728 54 31 att
1219 1723 102 36 vissa
1349 1721 372 49 övningskostnader
1750 1725 108 31 över-

259 1778 147 49 flyttats
434 1778 57 36 till
519 1777 117 36 andra
664 1777 145 47 anslag.

362 1830 184 48 Anslaget
574 1830 11 35 i
615 1828 87 37 dess
730 1828 129 36 helhet
886 1827 68 37 har
981 1840 47 23 av
1058 1826 139 48 Kungl.
1227 1825 105 48 Maj:t
1360 1825 197 48 upptagits
1586 1823 86 37 med
1692 1824 164 47 582,555

259 1882 148 36 kronor.

366 1985 70 36 Det
464 1997 47 23 av
538 1984 184 36 utskottet
758 1983 60 37 för
846 1985 40 33 år
917 1984 96 35 1922
1043 1981 215 37 beräknade
1287 1980 141 36 antalet
1456 1978 403 50 tjänstgöringsdagar

260 2037 57 36 för
358 2036 258 49 värnpliktiga
657 2040 114 44 utgör
815 2036 213 46 7,863,148.
1084 2033 137 36 Härtill
1267 2032 152 36 komma
1469 2032 204 47 2,814,500
1720 2031 138 48 tjänst-

260 2088 283 49 göringsdagar
584 2088 59 36 för
684 2087 77 36 fast
801 2087 154 35 anställt
996 2085 195 48 manskap.
1247 2083 96 37 Hela
1383 2083 145 37 antalet
1559 2082 299 49 tjänstgörings-

260 2141 129 48 dagar,
432 2153 81 23 som
554 2139 69 36 bör
650 2138 137 49 läggas
816 2137 56 37 till
909 2137 125 50 grund
1063 2137 59 36 för
1150 2136 103 37 detta
1281 2136 70 36 och
1380 2141 53 31 ett
1461 2135 123 36 flertal
1613 2134 116 36 andra
1757 2138 102 32 öres-

261 2192 143 48 anslag,
449 2191 70 37 bör
559 2191 111 37 alltså
711 2195 190 44 upptagas
943 2189 86 36 med
1074 2189 238 47 10,677,648.
1368 2186 86 37 Med
1496 2199 47 24 en
1571 2185 214 48 beräkning
1812 2197 47 23 av

261 2246 71 45 0,54
360 2249 63 31 öre
464 2244 58 36 för
549 2241 358 51 tjänstgöringsdag
943 2241 68 37 bör
1039 2240 120 37 under
1186 2240 82 36 titel
1305 2239 7 36 I
1340 2243 191 45 upptagas
1560 2243 54 31 ett
1641 2236 141 50 belopp
1812 2250 47 24 av

262 2298 136 45 57,659
428 2295 139 37 kronor
596 2296 48 35 30
673 2300 75 31 öre.

1904 650 140 22 Undervis-

1897 685 86 27 nings-
2002 685 49 21 och

1897 719 157 29 gymnastik-

1872 753 114 22 materiel
2012 755 69 20 samt

1871 787 207 29 undervisnings-

1884 821 123 23 anstalter
2020 821 48 22 och

1890 855 171 29 utbildninge-

1929 890 95 22 kurser.

1933 931 92 46 [21.]

1905 1989 149 23 Utskottets

1916 2024 129 29 yttrande.
