2171 2639
730 181 103 32 Stats-
849 177 171 47 Utskottets
1035 183 168 32 Utlåtande
1225 184 63 32 N:o
1312 186 49 31 18.
1763 191 37 28 23

641 276 54 30 att
722 271 69 36 den
820 271 39 37 af
883 271 130 51 Kongl.
1042 273 103 48 Maj:t
1172 274 56 36 till
1257 274 209 37 beredande
1494 274 40 37 af
1556 275 117 38 likhet
1693 277 11 36 i
1726 277 116 37 medi-

641 323 442 49 kamentspenningarnes
1130 325 138 50 belopp
1315 326 63 36 vid
1425 327 419 48 artilleriregementena

644 374 135 37 äskade
808 375 370 50 anslagsförhöjning,
1208 379 69 35 121
1307 378 150 45 kronor,
1485 379 78 36 icke
1591 383 59 33 må
1677 379 38 37 af
1740 380 103 37 Riks-

643 425 119 47 dagen
793 426 164 48 beviljas.

329 574 307 50 Mathållning
662 576 69 37 för
758 578 279 49 manskapet
1063 579 81 38 vid
1171 580 586 50 garnisonsregementena.

381 663 96 35 33:o.
530 662 16 35 I
586 663 179 36 händelse
807 664 39 35 af
870 664 101 36 bifall
1000 666 56 34 till
1090 665 207 37 Utskottets
1326 668 9 34 i
1365 668 162 47 punkten
1558 673 44 32 21
1633 669 67 36 här
1730 670 109 36 ofvan

239 712 130 47 gjorda
398 713 218 36 hemställan
644 715 164 35 kommer
835 715 238 37 förevarande
1102 718 125 47 anslag
1255 724 53 29 att
1336 719 159 36 minskas
1522 720 83 35 med
1635 722 108 43 3,000
1760 722 83 35 kro-

241 776 78 31 nor,
350 764 91 36 eller
468 765 79 35 från
579 767 196 43 1,087,000
804 767 138 35 kronor
969 768 57 36 till
1058 771 193 42 1,084,000
1280 770 149 44 kronor,
1459 771 140 36 hvilket
1626 772 67 35 här
1709 773 133 36 endast

240 815 121 35 skolat
388 816 210 36 antecknas.

885 917 320 70 Bevåringen.

690 1054 226 40 Gotlands
943 1058 443 49 nationalbeväring.

379 1142 96 33 34:0.
530 1140 71 36 För
630 1142 210 36 beredande
870 1143 39 36 af
934 1144 239 47 dagaflöning
1194 1144 57 36 för
1271 1146 341 47 regementsläkaren
1629 1147 65 36 har
1710 1147 128 50 Kongl.

237 1191 104 46 Maj:t
369 1192 105 34 äskat
501 1192 199 50 tillökning
727 1194 11 34 i
766 1193 246 38 förevarande
1041 1196 126 45 anslag
1184 1196 81 35 med
1284 1199 106 40 1,460
1406 1197 150 45 kronor,
1575 1200 262 36 motsvarande

238 1255 43 22 en
313 1242 370 47 Regementsläkares
713 1244 238 49 dagaflöning
980 1247 85 35 med
1095 1250 20 32 4
1145 1248 136 34 kronor
1312 1261 57 21 om
1400 1248 131 48 dagen.

376 1293 55 35 Då
485 1295 206 35 emellertid
734 1297 56 34 uti
831 1296 72 36 den
944 1298 177 35 nästlidet
1161 1297 39 36 år
1241 1297 194 37 faststälda
1470 1305 73 31 stat
1570 1300 56 36 för
1654 1299 183 39 Gotlands

236 1344 339 49 nationalbeväring
602 1345 396 50 Regementsläkarens
1027 1350 60 34 lön
1118 1350 189 47 upptagits
1334 1351 57 34 till
1409 1351 130 36 endast
1562 1354 106 41 1,800
1684 1353 152 45 kronor,

236 1395 92 35 eller
359 1409 140 21 samma
527 1396 133 49 belopp
689 1411 77 22 som
799 1397 57 37 för
883 1398 113 37 förste
1025 1400 308 47 bataljonsläkare
1362 1402 60 34 vid
1451 1409 262 40 regementena
1741 1418 95 34 upp-

236 1444 105 45 förts,
385 1447 67 35 och
495 1446 46 36 då
575 1447 70 36 den
674 1448 150 48 dagliga
853 1449 246 49 tjenstgöring
1127 1451 61 35 vid
1217 1452 409 49 nationalbeväringens
1655 1454 180 38 värfvade

235 1497 383 50 artilleristamtrupp,
660 1513 79 22 som
780 1501 144 47 åligger
965 1501 285 49 ifrågavarande
1293 1504 365 46 Regementsläkare,
1701 1506 134 36 endast

235 1555 208 29 motsvarar
472 1550 97 34 hvad
598 1564 42 22 en
663 1551 112 35 förste
792 1552 308 47 bataljonsläkare
1115 1554 116 35 skulle
1248 1556 159 46 pålivga,
1424 1569 109 35 synes
1550 1556 284 49 dagaflöningen

236 1599 32 46 ej
310 1599 114 35 heller
465 1600 88 35 böra
587 1607 116 30 sättas
733 1602 112 47 högre
875 1610 47 28 än
949 1603 57 36 för
1034 1603 114 36 förste
1178 1605 322 48 bataljonsläkare,
1529 1607 91 36 eller
1649 1610 19 34 3
1698 1608 139 36 kronor

236 1663 59 22 om
325 1650 131 48 dagen.
510 1651 192 38 Utskottet
728 1654 213 36 hemställer
969 1654 159 46 derföre,

638 1710 55 30 att
732 1704 213 49 Riksdagen
986 1710 59 32 må
1086 1705 133 50 Kongl.
1260 1707 120 48 Maj:ts
1421 1708 246 38 förevarande
1700 1712 136 49 nådiga

637 1755 274 50 framställning
952 1760 45 45 på
1031 1757 64 36 det
1122 1764 75 30 sätt
1226 1759 135 44 bifalla,
1391 1766 55 29 att
1473 1760 55 35 för
1557 1761 213 38 beredande
1799 1764 40 35 af

636 1807 236 48 dagaflöning
901 1811 37 32 åt
965 1810 365 46 regementsläkaren
1358 1811 60 35 vid
1449 1810 178 38 Gotlands
1652 1814 183 36 national-

635 1858 179 47 beväring
843 1860 166 47 anslaget
1036 1860 56 35 till
1120 1862 392 48 nationalbeväringen
1539 1867 59 32 må
1626 1865 84 36 med
1730 1868 103 42 1,095

632 1909 135 35 kronor
794 1909 173 48 förhöjas.

374 2010 93 34 35:0.
522 2009 140 36 Vidare
703 2010 66 35 har
810 2010 133 47 Kongl.
978 2011 102 47 Maj:t
1108 2012 130 47 begärt
1266 2018 54 30 att
1348 2014 54 35 till
1431 2014 102 36 detta
1563 2015 127 49 anslag
1718 2020 114 34 måtte

232 2060 127 47 läggas
400 2066 53 29 ett
493 2068 96 27 emot
629 2062 247 35 innevarande
918 2066 57 32 års
1004 2069 100 29 extra
1136 2063 309 50 ajlöningsanslag
1472 2067 181 35 svarande
1682 2068 150 48 belopp,

234 2112 130 42 56,301
398 2111 136 35 kronor
563 2113 45 34 50
638 2119 80 37 öre;
748 2113 267 35 hemställande
1036 2112 200 45 Utskottet,

631 2168 67 39 att,
728 2162 82 36 med
839 2163 102 36 bifall
970 2164 57 35 till
1056 2164 122 36 denna
1205 2165 134 50 nådiga
1355 2165 280 51 framställning,
1664 2170 169 48 anslaget

630 2215 56 34 till
727 2213 182 38 Gotlands
949 2216 345 50 nationalbeväring
1328 2221 59 32 må
1415 2219 84 36 med
1528 2221 132 43 56,301
1692 2221 141 36 kronor

632 2267 46 35 50
707 2273 63 28 öre
799 2265 171 48 förhöjas.

1894 679 134 30 Angående

1859 713 171 31 nedsättning
2052 714 10 23 i

1884 748 149 30 garnisons-

1864 784 198 28 regementenas

1860 815 199 31 mathållnings-

1906 850 101 31 anslag.

1887 1165 135 31 Angående

1883 1203 150 26 regements-

1895 1234 121 24 läkarens

1898 1269 123 30 aflöning.

1885 2026 143 32 Angående

1873 2061 161 31 anslagsför-

1868 2095 109 32 höjning
1988 2097 50 29 för

1868 2136 50 24 nya
1938 2131 100 22 statens

1867 2162 170 32 tillämpning

1851 2197 46 23 vid
1920 2197 130 25 Gotlands

1884 2232 131 23 national-

1884 2265 129 32 beväring.
