1938 2862
487 157 421 38 Bevillningsutskottets
934 155 225 33 betänkande
1185 155 53 33 Nr
1265 156 29 30 2.
1570 155 18 30 5

129 247 107 32 bland
271 247 40 31 de
346 245 202 38 produkter,
577 246 86 31 varå
691 244 136 37 Kungl.
851 244 103 37 Maj:t
978 243 114 32 skulle
1116 246 66 34 äga
1205 241 164 33 förordna
1394 252 56 22 om
1475 242 159 31 införsel-

130 299 173 37 monopol,
326 299 64 31 har
414 299 172 30 utskottet
610 298 69 31 fäst
703 297 145 31 särskilt
874 296 173 31 avseende
1070 295 72 36 vid,
1159 296 20 30 å
1195 305 66 21 ena
1277 294 102 32 sidan
1395 296 53 29 att
1465 294 170 31 motionä-

130 362 102 21 rerna
266 351 134 37 åsyftat
432 352 53 29 att
509 349 123 33 bereda
656 349 67 32 den
747 349 186 31 inhemska
955 347 281 36 tillverkningen
1259 356 45 21 av
1328 346 121 32 kasein
1473 356 43 21 en
1541 355 95 22 mera

130 403 142 38 gynnad
300 402 174 37 ställning
498 404 45 29 än
567 402 143 35 hittills,
747 402 9 30 å
779 400 111 32 andra
912 400 103 31 sidan
1038 401 52 30 att
1114 399 57 31 det
1194 409 44 20 av
1263 398 122 31 kasein
1410 398 148 32 beredda
1574 398 63 31 och

131 457 96 31 inom
261 455 120 31 landet
404 454 212 32 tillverkade
641 453 262 32 kaseinlimmet
927 452 150 32 kommit
1099 452 57 30 till
1185 450 194 37 betydande
1403 451 234 35 användning

130 509 96 31 inom
249 508 96 31 olika
369 506 297 37 industrigrenar,
689 505 145 32 särskilt
856 504 372 37 plywoodindustrien,
1246 503 122 31 vilken
1384 503 58 31 till
1459 502 177 36 väsentlig

131 560 86 37 grad
250 562 38 29 är
311 569 43 21 en
377 559 112 31 under
512 560 106 30 svåra
640 556 471 33 konkurrensförhållanden
1133 555 190 32 arbetande
1345 554 292 37 exportindustri.

132 612 56 32 Av
220 612 138 36 hänsyn
381 611 59 31 till
463 610 223 32 sistnämnda
708 609 262 36 omständighet
994 608 62 32 och
1080 608 43 31 då
1146 609 126 35 frågan
1295 607 75 31 icke
1394 607 98 31 torde
1517 607 121 31 kunna

133 664 73 32 helt
239 663 221 32 överblickas
495 664 87 30 utan
613 672 44 22 en
685 664 162 29 närmare
871 660 202 37 utredning,
1097 660 32 36 ej
1154 660 110 31 minst
1286 658 218 33 beträffande
1527 661 111 34 spörs-

132 716 119 36 målet,
284 715 180 32 huruvida
487 715 60 31 vid
571 713 472 36 kaseinlimtillverkningen
1066 712 161 31 inhemsk
1251 721 85 21 vara
1361 711 70 31 kan
1454 712 45 35 på
1523 710 116 37 grund

133 778 44 22 av
204 768 78 31 sina
306 767 216 32 kvalitativa
545 767 216 36 egenskaper
783 767 131 30 ersätta
938 764 180 36 utländsk,
1142 764 64 31 har
1230 764 171 30 utskottet
1425 763 76 31 icke
1524 764 116 30 ansett

134 822 54 36 sig
211 820 123 31 kunna
356 819 140 32 biträda
520 819 277 31 motionärernas
822 818 147 35 förslag.

176 872 180 32 Utskottet
380 872 56 30 får
459 871 197 36 hemställa,

578 958 53 30 att
664 956 190 37 riksdagen
888 956 121 35 måtte,
1038 954 77 32 med
1144 953 104 32 bifall
1277 953 57 32 till
1358 953 138 37 Kungl.
1519 953 121 37 Maj:ts

535 1008 230 32 förevarande
799 1008 218 37 proposition
1051 1017 43 21 nr
1127 1007 40 31 40
1191 1007 91 30 samt
1306 1005 77 32 med
1407 1006 125 36 avslag
1555 1007 21 30 å
1599 1005 41 32 de

536 1060 228 38 likalydande
795 1060 221 31 motionerna
1031 1059 27 31 I:
1073 1059 61 31 219
1149 1069 44 20 av
1211 1058 80 31 herr
1310 1058 116 31 David
1440 1058 201 31 Pettersson

535 1123 44 21 m.
616 1113 34 31 fl.
686 1112 64 31 och
781 1112 122 31 II:384
931 1122 45 20 av
1001 1112 81 30 herr
1104 1110 176 32 Svensson
1304 1110 12 31 i
1336 1109 163 43 Grönvik
1523 1120 46 21 m.
1594 1110 47 36 fl.,

535 1167 132 34 antaga
701 1164 57 32 det
792 1164 61 31 vid
888 1161 261 39 propositionen
1181 1162 125 37 fogade
1333 1162 134 37 förslag
1492 1162 58 31 till
1574 1162 68 32 för-

537 1217 152 36 ordning
714 1216 76 32 med
814 1216 263 31 bestämmelser
1093 1225 55 21 om
1164 1215 312 35 införselmonopol
1493 1215 22 30 å
1531 1214 110 37 mjölk

537 1269 63 31 och
624 1268 327 37 mejeriprodukter.

180 1375 203 32 Stockholm
407 1374 66 32 den
498 1375 40 30 27
563 1374 144 36 januari
732 1373 93 31 19383.

560 1477 50 31 På
634 1477 411 36 bevillningsutskottets
1070 1479 150 34 vägnar:

730 1580 98 32 JOH.
853 1579 203 33 NILSSON.

143 1775 196 26 Närvarande:
364 1775 98 25 herrar
485 1775 110 24 Nilsson
614 1776 9 23 i
648 1774 196 29 Kristianstad,
864 1774 78 31 Bärg,
962 1769 82 32 Örne,
1065 1774 115 28 Boman,
1201 1774 144 31 Bergman,
1365 1774 116 24 Ericson
1501 1775 8 23 i
1530 1774 115 32 Oberga,

367 1820 163 30 Björnsson,
554 1819 120 28 Wohlin,
696 1810 120 35 Åström,
837 1814 134 27 Månsson
990 1817 9 24 i
1019 1815 152 31 Furuvik”,
1191 1818 124 31 Lövgren
1336 1818 8 23 i
1365 1818 119 31 Nyborg,
1506 1818 141 31 Nylander

374 1864 8 22 i
399 1862 173 29 Stockholm,
592 1862 101 24 Olsson
707 1863 8 22 i
731 1862 120 27 Ramsta,
868 1861 119 24 Olsson
980 1857 17 38 i
1002 1861 155 28 Golvvasta,
1176 1861 100 25 Olsson
1290 1862 8 23 i
1312 1862 92 28 Gävle,
1420 1863 114 23 Ericson
1550 1863 8 23 i
1573 1863 73 23 Box-

368 1907 86 28 holm,
474 1907 174 30 Wijkström,
668 1906 163 23 Johansson
851 1905 7 23 i
881 1905 162 32 Krogstorp,
1064 1905 158 31 Blomquist
1240 1906 50 23 och
1312 1906 195 23 Brännström.

403 1965 10 11 "
442 1966 62 24 Icke
523 1967 125 23 närvarit
667 1966 48 23 vid
734 1967 171 30 justeringen
926 1973 33 16 av
977 1965 200 25 betänkandet.

667 2196 451 39 Reservationer:

186 2312 45 20 av
255 2301 79 31 herr
356 2298 90 34 Örne
469 2301 91 30 samt

187 2363 44 20 av
256 2352 80 30 herr
359 2352 167 31 Månsson
550 2352 12 28 1
586 2351 172 30 Furuvik.

146 2517 110 31 Bihang
277 2517 40 24 till
339 2516 165 31 riksdagens
527 2517 144 30 protokoll
695 2518 74 23 1933.
808 2518 14 23 7
842 2518 80 23 saml.
964 2518 38 22 Nr
1022 2517 22 24 2.
1600 2517 16 23 2
