2170 2692
421 154 36 28 12
635 156 207 31 Sammansatta
864 159 90 29 Stats-
978 161 48 29 och
1049 162 185 39 Bevillnings-
1244 166 149 29 Utskottets
1416 168 186 28 Betänkande
1623 170 58 29 N:o
1704 168 29 30 5.

376 242 79 30 hvad
477 242 340 42 Departementschefen
841 248 67 30 med
930 252 83 28 rätta
1041 251 151 38 anmärkt,
1218 253 143 31 tillväxer
1395 264 103 30 genom
1534 256 55 30 den
1624 257 65 30 med
1724 258 139 33 kulturen
1899 262 75 30 fort-

374 291 113 43 gående
523 296 202 40 uppkomsten
760 299 53 30 och
848 300 208 42 utvecklingen
1091 304 33 29 af
1155 305 95 30 andra
1282 305 150 41 näringar.
1476 308 14 29 I
1524 307 84 32 detta
1646 309 142 32 afseende
1823 313 152 32 meddelar

373 347 185 40 Konungens
591 349 344 42 Befallningshafvande
958 353 9 30 i
991 354 249 33 Westerbottens
1274 358 48 30 län
1346 368 34 20 en
1406 359 166 40 beräkning
1602 361 45 31 för
1669 361 148 40 Lycksele
1852 367 121 36 socken,

372 397 91 41 enligt
494 399 122 31 hvilken
640 401 35 30 de
700 403 44 29 för
767 400 33 32 år
824 402 76 31 1871
926 406 33 29 af
980 407 174 31 hemmanen
1193 406 147 42 utgående
1376 410 332 43 kommunalutskylder
1740 415 97 31 skulle
1870 417 103 38 hafva,

373 451 64 29 med
472 450 199 42 inberäkning
694 454 34 29 af
749 455 200 40 bevillningen
983 457 46 30 till
1054 462 111 33 staten,
1203 458 130 42 uppgått
1369 462 44 30 till
1445 466 45 26 ett
1512 463 40 30 30
1579 469 124 34 procent
1736 466 80 40 lägre
1854 469 116 40 belopp.

373 502 101 30 derest
496 502 300 43 inkomstbevillning
828 507 98 30 skulle
960 508 93 31 hafva
1086 508 118 41 påförts
1241 513 95 30 andra
1359 517 36 27 än
1420 514 211 39 jordbrukare,
1660 516 55 32 och
1742 518 229 34 kommunalbe-

371 553 195 41 skattningen
589 555 9 30 i
621 556 74 39 följd
719 557 88 31 deraf
837 559 99 30 blifvit
971 561 136 30 fördelad
1130 560 39 42 på
1191 563 69 30 hela
1284 565 50 30 det
1357 566 77 30 efter
1456 566 322 43 bevillningsbeloppet
1810 571 160 32 bestämda

371 605 115 40 fyrktal
519 606 46 31 för
601 608 140 31 socknen.
785 610 163 31 Införande
972 613 33 29 af
1026 613 319 43 bevillningstaxering
1381 617 53 30 har
1467 616 93 32 också
1592 617 99 33 såsom
1731 625 44 27 ett
1805 623 95 31 vilkor
1923 625 46 30 för

372 656 443 44 kommunalförfattningarnes
850 662 191 41 tillämpning
1064 665 97 30 blifvit
1185 667 156 31 förordadt
1364 669 33 29 af
1418 669 183 41 Konungens
1627 672 340 42 Befallningshafvande

370 705 84 33 såväl
484 709 2 28 i
510 709 247 33 Westerbottens
796 723 63 19 som
883 714 9 29 i
915 715 204 31 Norrbottens
1153 718 58 36 län,
1236 719 93 30 ehuru
1362 721 98 29 denna
1494 722 127 30 sednare
1655 725 177 39 myndighet
1866 732 101 26 ansett

369 758 193 41 nybyggarne
585 761 9 30 i
618 761 72 40 följd
714 763 34 30 af
768 763 212 40 privilegierna
1002 766 66 31 icke
1105 768 101 31 kunna
1239 767 134 43 åläggas,
1397 781 70 21 vare
1491 773 45 39 sig
1559 775 159 38 personela
1751 777 123 39 afgifter
1897 778 69 31 eller

368 811 164 41 bevillning
555 814 44 29 för
622 814 137 31 inkomst
781 816 33 29 af
831 816 156 38 jordbruk,
1025 824 73 25 utan
1132 821 107 30 endast
1263 822 45 30 för
1330 823 134 30 inkomst
1486 825 34 29 af
1540 826 96 30 andra
1668 828 151 39 näringar,
1849 830 118 31 hvilket

367 862 166 31 emellertid
557 864 26 39 ej
608 865 130 38 hindrat,
763 871 46 26 att
837 868 98 31 denna
972 871 173 39 myndighet
1168 872 8 30 i
1199 873 54 29 sitt
1275 874 126 31 sednvast
1426 875 115 40 afgifna
1564 875 156 33 utlåtande
1756 880 100 31 funnit
1877 886 89 26 taxe-

366 913 302 43 ringsförrättningar
702 919 47 29 för
781 918 228 34 bestämmande
1033 923 33 29 af
1090 922 196 33 hemmanens
1322 926 92 30 värde
1449 927 196 41 erforderliga
1678 928 99 33 såsom
1801 933 94 39 grund
1919 934 47 31 för

366 965 54 30 den
445 966 195 32 kommunala
673 969 314 42 fyrktalssättvingen.
1031 973 46 30 En
1100 972 34 32 så
1158 975 156 31 beskaffad
1338 978 329 42 bevillningstaxering,
1691 992 63 21 som
1777 983 67 31 icke
1867 985 98 30 skulle

365 1025 74 22 vara
462 1015 109 42 åtföljd
594 1021 33 28 af
649 1020 177 41 bevillnings
863 1025 165 37 utgörande
1052 1026 45 29 för
1121 1027 35 29 de
1184 1029 145 29 taxerade
1366 1030 228 39 fastigheterna,
1634 1043 91 29 synes
1760 1035 75 31 dock
1861 1037 103 31 alltför

364 1069 121 40 mycket
507 1071 98 30 strida
629 1076 61 26 mot
712 1074 168 38 grunderna
904 1076 8 28 i
936 1074 54 32 vår
1014 1077 288 42 bevillningsstadga
1324 1081 127 31 likasom
1475 1083 9 29 i
1508 1081 75 32 våra
1605 1084 269 43 kommunallagar.

497 1121 161 32 Utskottet
689 1122 138 42 öfvergår
851 1136 38 19 nu
912 1127 44 29 till
980 1125 101 42 frågan
1107 1139 46 20 om
1178 1130 172 40 billigheten
1375 1134 33 29 af
1427 1133 51 30 det
1500 1135 113 30 väckta
1635 1137 155 40 förslaget,
1814 1139 9 29 i
1846 1140 118 30 hvilket

362 1172 142 29 afseende
542 1174 51 29 det
615 1174 45 30 till
685 1185 34 20 en
744 1176 104 39 början
883 1179 85 29 torde
1005 1189 74 20 vara
1114 1181 103 39 nödigt
1250 1183 99 30 erinra
1383 1185 111 38 derom,
1533 1190 56 33 att,
1622 1185 100 33 såsom
1748 1191 89 29 ofvan
1861 1191 102 30 blifvit

361 1223 136 35 nämndt,
532 1223 104 31 hinder
669 1226 66 30 icke
769 1227 8 29 i
816 1228 343 39 lappmarksfriheterna
1192 1233 158 30 förefinnes
1386 1239 46 26 att
1467 1237 170 31 bestämma
1683 1239 279 40 hemmansräntan,

360 1282 64 21 som
449 1284 40 19 nu
513 1278 87 36 utgör
625 1276 37 30 10
685 1277 74 31 R:dr
782 1278 46 30 för
850 1279 64 30 helt
936 1280 150 38 hemman,
1122 1292 72 21 vare
1217 1284 45 39 sig
1289 1282 39 42 på
1350 1289 65 27 sätt
1439 1287 60 31 alla
1528 1288 35 30 de
1585 1289 11 29 i
1619 1292 102 28 ämnet
1754 1291 96 31 hörda
1872 1303 89 30 myn-

360 1323 176 40 digheterna
558 1326 8 30 i
591 1330 83 27 orten
702 1328 10 30 i
735 1329 66 30 sina
834 1331 94 30 under
961 1329 70 34 åren
1067 1332 201 33 1862—1866
1303 1337 115 39 afgifna
1453 1340 162 39 yttranden
1638 1341 166 41 föreslagit,
1827 1344 46 30 till
1901 1345 57 30 lik-

358 1375 53 29 het
433 1377 66 29 med
534 1378 266 32 hemmansräntan
824 1381 10 29 i
856 1381 186 38 kustlandet,
1080 1384 121 31 hvilken
1237 1391 87 35 utgör
1353 1388 7 29 i
1389 1389 203 32 Norrbottens
1616 1392 47 29 län
1688 1393 39 30 58
1749 1394 75 30 R:dr
1847 1393 39 32 76
1910 1400 49 27 öre

358 1426 53 30 och
436 1426 9 30 i
467 1428 248 33 Westerbotteus
744 1431 48 30 län
816 1431 39 31 59
878 1433 73 30 R:dr
985 1435 39 29 34
1048 1439 49 26 öre
1133 1437 47 29 för
1215 1438 62 30 helt
1306 1441 125 35 mantal,
1465 1442 73 30 eller
1570 1443 53 30 ock
1660 1441 100 34 såsom
1794 1446 164 31 Kammar-

356 1477 161 40 kollegium
541 1477 33 32 år
599 1478 88 39 1871,
721 1482 55 30 och
810 1484 170 31 sedermera
1014 1488 88 29 äfven
1137 1488 184 41 Konungens
1357 1491 344 42 Befallningshafvande
1723 1496 10 30 i
1756 1497 35 30 de
1826 1499 132 30 nämmda

356 1528 87 32 länen
466 1535 103 26 ansett
605 1532 106 40 billigt,
733 1534 46 30 till
802 1536 39 29 32
865 1536 72 30 eller
959 1538 39 29 30
1020 1538 74 31 R:dr
1116 1540 47 29 för
1186 1541 156 31 mantalet.
1386 1544 103 39 Enligt
1523 1545 78 30 hvad
1626 1547 107 40 Kongl.
1757 1549 88 39 Maj:t
1867 1554 89 27 anta-

355 1580 53 38 git,
432 1581 96 30 skulle
562 1583 128 38 derföre,
714 1595 45 20 om
796 1587 277 39 hemmansräntan,
1096 1591 92 39 enligt
1212 1593 55 29 den
1292 1594 107 38 Kongl.
1422 1596 241 39 Propositionen,
1697 1599 190 32 fastställdes
1910 1603 46 29 till

356 1631 37 29 10
415 1632 75 31 R:dr
514 1633 44 30 för
581 1634 64 31 helt
667 1637 115 30 mantal
817 1638 72 30 eller
922 1639 51 30 det
1006 1640 107 41 belopp
1138 1642 122 31 hvartill
1285 1644 55 30 den
1365 1656 38 19 nu
1427 1644 39 41 på
1487 1648 95 39 grund
1606 1649 34 30 af
1660 1650 55 29 den
1752 1652 202 38 provisionela

352 1682 263 42 skattläggningen
641 1685 124 42 uppgår,
800 1689 203 40 nybyggarne,
1037 1702 103 29 genom
1178 1698 47 26 att
1248 1692 122 43 åläggas
1405 1698 172 40 bevillning,
1612 1702 166 39 egentligen
1802 1703 65 31 icke
1890 1704 61 30 till-

351 1733 134 39 skyndas
523 1734 93 41 några
649 1742 97 26 större
782 1740 123 38 utgifter
927 1742 46 29 till
997 1746 101 26 staten
1123 1747 36 27 än
1185 1746 87 29 deras
1294 1748 171 39 privilegier
1493 1748 159 41 medgåfvo
1676 1757 45 24 att
1745 1751 107 42 ålägga
1874 1756 77 35 dem,

352 1787 70 27 utan
453 1789 133 28 tvärtom
611 1792 45 26 ett
679 1799 62 20 mer
764 1794 37 26 än
824 1791 179 41 tillräckligt
1037 1794 141 40 vederlag
1202 1796 46 29 för
1275 1797 199 41 bevillvingen
1512 1801 127 31 beredas
1673 1803 66 30 dem
1763 1804 9 29 i
1795 1805 154 31 förmånen

350 1839 48 26 att
421 1836 26 38 ej
471 1837 49 29 vid
545 1838 159 32 framdeles
728 1841 131 31 skeende
883 1843 228 42 skattläggning
1133 1847 102 30 kunna
1259 1845 122 43 åläggas
1405 1850 91 40 högre
1520 1852 250 33 hemmansränta
1784 1859 36 26 än
1834 1857 56 29 den
1910 1868 38 20 nu

349 1887 197 37 provisionelt
582 1888 158 41 utgående,
774 1892 81 31 helst
883 1897 55 27 när
960 1895 99 30 dertill
1094 1896 111 40 lägges,
1230 1903 46 25 att
1299 1899 177 32 hemmanen
1511 1903 161 40 framgent,
1705 1903 99 33 såsom
1829 1907 120 38 hittills,

347 1937 97 30 skulle
468 1949 75 20 vara
565 1939 76 31 ifrån
666 1945 166 37 utgörande
856 1946 33 29 af
908 1946 199 31 kronotionde
1131 1949 141 30 befriade.
1316 1949 49 32 Då
1387 1953 166 30 emellertid
1576 1955 170 38 Utskottet,
1770 1958 88 30 äfven
1882 1961 67 28 med

346 1989 218 38 godkännande
588 1993 34 29 af
642 1993 98 30 denna
769 1992 87 42 åsigt,
893 1996 66 31 icke
989 1998 59 30 kan
1079 1999 144 38 bestrida,
1248 2005 47 26 att
1319 2003 92 30 under
1434 2004 81 31 tiden
1540 2005 149 32 intilldess
1713 2008 55 30 den
1792 2010 155 32 definitiva

345 2039 263 42 skattläggningen
645 2044 134 31 kommer
800 2046 10 30 i
834 2045 93 42 fråga,
961 2049 193 41 nybyggarne
1178 2052 98 30 skulle
1300 2063 105 29 genom
1429 2055 179 41 bevillnings
1631 2056 166 42 åläggande
1826 2059 31 32 få
1879 2062 67 29 vid-

345 2090 116 32 kännas
485 2097 97 26 större
618 2095 104 41 bidrag
744 2097 47 30 till
814 2102 100 27 staten
938 2103 36 27 än
1000 2101 56 29 den
1080 2103 173 30 nuvarande
1278 2104 98 31 blotta
1399 2106 268 33 hemmansräntan
1692 2111 55 29 och
1771 2109 48 39 då,
1844 2110 100 34 såsom

343 2142 91 30 redan
459 2146 34 27 är
515 2146 117 39 antydt,
656 2147 162 32 Utskottet
840 2160 89 21 anser
952 2152 98 30 denna
1075 2150 99 43 frågas
1198 2154 235 42 hufvudsakliga
1458 2159 154 41 betydelse
1637 2171 73 20 vara
1733 2164 143 30 omtanke
1897 2174 46 20 om

342 2192 268 41 Lappmarkernas
647 2198 104 38 fördel,
775 2200 55 30 har
853 2201 160 32 Utskottet
1036 2204 46 30 för
1105 2205 198 32 befordrande
1328 2209 33 29 af
1380 2209 159 40 förslagets
1573 2210 156 42 framgång
1752 2215 54 29 och
1830 2216 45 29 för
1897 2220 46 26 att

342 2245 103 37 redan,
477 2246 91 31 innan
599 2249 55 30 den
692 2250 155 32 definitiva
881 2254 264 41 skattläggningen
1169 2264 47 32 egt
1241 2268 76 28 rum,
1345 2260 103 30 kunna
1471 2261 110 31 bereda
1604 2264 194 39 nybyggarne
1821 2270 45 27 ett
1891 2277 50 19 ve-
