1888 2762
523 163 251 27 Statsutskottets
798 162 163 27 utlåtande
983 170 40 19 nr
1044 162 17 27 4
1083 161 37 28 år
1142 162 76 27 1962
1575 162 42 30 33

455 246 51 28 att
529 244 188 39 riksdagen
740 243 57 30 må
821 243 52 30 till
897 242 148 30 Armén:
1070 241 341 40 Drivmedelsförråd
1436 250 44 20 m.
1495 249 45 22 m.
1566 240 54 30 för

399 297 205 40 budgetåret
629 297 139 31 1962/63
792 296 122 30 anvisa
938 298 49 27 ett
1010 296 273 39 förslagsanslag
1305 304 41 20 av
1371 295 18 29 2
1404 294 63 30 000
1481 293 62 29 000
1568 293 51 30 kr.

192 405 98 34 44:0)
319 406 150 31 Armén:
491 405 243 39 Anskaffning
754 416 41 20 av
817 404 430 38 drivmedelsutrustning.
1283 401 126 40 Kungl.
1433 400 105 40 Maj:t
1559 401 64 29 har

136 460 178 39 föreslagit
335 459 188 39 riksdagen
550 458 130 40 (punkt
702 458 51 34 50,
776 467 26 22 s.
826 457 189 34 142—144)
1042 458 51 29 att
1114 457 73 29 dels
1210 456 52 30 till
1285 456 145 29 Armén:
1456 454 168 31 Anskaff-

135 514 83 39 ning
234 522 42 21 av
290 511 416 40 drivmedelsutrustning
721 511 55 30 för
790 511 207 39 budgetåret
1015 510 140 31 1962/63
1173 510 121 29 anvisa
1310 511 48 28 ett
1375 509 248 30 reservations-

138 567 120 39 anslag
281 576 43 20 av
346 566 19 30 3
380 566 62 30 300
457 566 62 29 000
541 566 64 34 kr.,
628 565 74 30 dels
724 565 64 29 ock
810 564 211 39 bemyndiga
1042 564 126 38 Kungl.
1191 563 105 39 Maj:t
1320 564 50 28 att
1392 562 159 39 medgiva
1574 563 50 28 att

135 620 186 30 därutöver
345 619 252 39 beställningar
622 628 41 20 av
690 618 156 30 materiel
872 618 56 30 för
953 617 368 39 drivmedelstjänsten
1346 616 12 29 i
1384 616 77 39 krig
1487 615 58 30 må
1570 617 54 28 ut-

137 674 115 39 läggas
276 674 97 29 inom
399 682 43 20 en
466 673 248 29 kostnadsram
739 681 43 20 av
805 672 19 29 2
839 671 63 30 000
917 671 63 30 000
1005 671 52 31 kr.

191 781 165 39 Anslaget
374 781 39 29 är
431 780 55 30 för
503 779 237 30 innevarande
758 779 170 39 budgetår
948 778 144 40 uppfört
1112 778 78 29 med
1211 777 18 30 3
1243 777 62 30 250
1320 776 64 30 000
1403 777 53 29 kr.

191 834 118 40 Enligt
322 834 207 39 riksdagens
544 833 254 39 medgivanden
811 832 65 30 har
890 832 56 30 för
958 831 205 40 budgetåret
1178 830 151 35 1961/62,
1344 831 122 29 utöver
1478 829 143 40 beviljat

135 889 131 38 anslag,
285 887 252 39 beställningar
555 896 42 21 av
616 887 156 29 materiel
790 886 56 30 för
864 885 368 39 drivmedelstjänsten
1251 885 11 29 i
1281 885 78 39 krig
1379 884 67 30 fått
1465 884 158 39 utläggas

136 943 96 29 inom
251 951 42 20 en
313 941 250 30 kostnadsram
583 949 42 20 av
645 939 19 30 4
679 939 62 30 000
756 939 62 30 000
839 940 53 29 kr.
913 938 300 40 Bemyndigandet
1233 938 64 29 har
1317 938 186 29 förutsatts
1525 937 99 30 skola

137 995 186 30 likvideras
357 994 80 30 med
470 994 97 29 cirka
599 994 19 29 2
633 993 139 30 000000
806 993 52 29 kr.
881 992 163 30 vartdera
1078 1001 42 20 av
1153 991 215 39 budgetåren
1393 990 141 32 1962/63
1559 990 64 30 och

138 1048 151 32 1963/64.

191 1102 45 30 År
261 1101 84 30 1958
369 1101 65 30 har
458 1101 151 39 antagits
634 1100 176 39 riktlinjer
835 1100 55 29 för
915 1099 275 39 anskaffningen
1215 1108 41 20 av
1281 1097 343 31 drivmedelsutrust-

141 1156 82 39 ning
251 1155 54 30 för
332 1154 383 40 krigsorganisationen
742 1154 112 29 under
881 1152 215 39 budgetåren
1126 1151 151 32 1958/66.
1317 1151 239 39 Anskaffning
1584 1160 41 20 av

138 1208 368 31 drivmedelsmateriel
542 1208 89 30 skall
654 1208 107 39 enligt
785 1208 102 29 dessa
912 1207 61 30 ske
996 1207 53 30 till
1073 1216 43 20 en
1141 1206 241 38 sammanlagd
1407 1205 151 30 kostnad
1583 1213 40 21 av

137 1263 67 34 22,3
227 1263 164 39 miljoner
414 1263 130 28 kronor
572 1262 114 39 (prop.
712 1260 99 31 1958:
829 1261 73 34 110,
927 1270 26 20 s.
978 1260 96 34 345).

192 1316 130 30 Chefen
341 1316 55 30 för
414 1316 120 29 armén
553 1316 65 29 och
638 1313 586 39 arméintendenturförvaltningen
1243 1312 158 35 föreslår,
1423 1321 75 21 som
1518 1312 107 29 fram-

137 1370 72 39 gått
231 1370 110 30 under
362 1370 159 39 punkten
535 1368 135 30 38
581 1361 17 52 i
617 1368 53 30 det
692 1368 218 39 föregående,
926 1369 50 28 att
995 1367 106 29 bland
1123 1368 108 28 annat
1253 1366 55 30 för
1331 1365 230 39 anskaffning
1583 1374 41 20 av

137 1423 414 38 drivmedelsutrustning
575 1422 55 29 för
654 1421 188 40 krigsbruk
866 1421 132 29 införes
1022 1430 43 20 en
1089 1420 74 30 s.k.
1187 1419 160 30 rullande
1372 1419 252 39 materielplan.

139 1477 175 39 Framlagt
338 1476 132 39 förslag
493 1475 119 30 härtill
637 1476 127 38 upptar
789 1474 55 30 för
866 1474 215 38 budgetåren
1109 1472 140 32 1962/69
1275 1472 272 39 anskaffningar
1572 1471 51 30 till

137 1532 48 28 ett
205 1530 234 38 sammanlagt
458 1529 104 30 värde
582 1538 42 20 av
643 1528 68 34 24,6
729 1528 165 39 miljoner
913 1528 141 28 kronor.

192 1582 395 41 Departementschefen
621 1582 71 29 kan
725 1582 76 29 icke
825 1581 177 39 tillstyrka
1026 1580 105 40 något
1155 1579 249 30 utsträckande
1428 1579 12 29 i
1465 1579 94 29 tiden
1584 1587 40 21 av

138 1637 487 39 anskaffningsprogrammet
648 1635 54 30 för
724 1635 65 30 här
812 1634 267 40 ifrågavarande
1104 1633 167 30 materiel.
1295 1633 41 39 Ej
1363 1633 108 29 heller
1495 1633 38 29 är
1555 1632 68 29 han

137 1691 127 29 beredd
282 1692 50 28 att
349 1689 130 31 föreslå
496 1689 114 39 någon
628 1689 131 39 ökning
776 1697 42 21 av
835 1688 229 30 årskvoterna
1082 1687 55 30 för
1154 1687 215 39 budgetåren
1390 1686 140 31 1963/66
1547 1686 11 29 i
1577 1695 47 20 nu

138 1744 158 40 gällande
322 1743 345 39 anskaffningsplan.

192 1795 594 39 Arméintendenturförvaltningen
820 1795 65 29 har
918 1794 190 39 föreslagit,
1142 1796 50 27 att
1226 1794 157 38 anslaget
1414 1792 100 39 höjes
1548 1792 76 30 med

137 1851 41 29 40
193 1851 62 29 000
273 1851 52 31 kr.
343 1850 53 29 till
414 1850 89 38 följd
521 1859 41 19 av
578 1849 192 29 inträffade
787 1847 281 41 prisstegringar.
1087 1847 77 29 Med
1182 1847 196 29 beaktande
1397 1855 42 20 av
1457 1848 50 27 att
1526 1846 99 29 dessa

138 1904 269 40 prisstegringar
430 1904 157 28 närmast
610 1902 151 29 medfört
786 1903 110 28 större
921 1899 355 40 kostnadsfördyring
1301 1901 45 29 än
1371 1899 255 30 ämbetsverket

137 1958 131 39 angivit
301 1956 149 31 föreslår
484 1955 386 40 departementschefen
893 1964 43 19 en
960 1953 366 40 anslagsuppräkning
1351 1953 78 29 med
1454 1952 173 30 avrundat

137 2011 42 30 50
193 2011 62 29 000
285 2011 52 29 kr.
357 2010 166 39 Anslaget
551 2009 63 30 bör
644 2009 133 29 således
808 2008 170 39 uppföras
1008 2007 78 30 med
1116 2007 15 29 3
1149 2006 63 30 300
1227 2006 62 30 000
1320 2006 53 31 kr.
1393 2006 116 30 Härav
1528 2005 98 40 åtgår

137 2065 19 29 2
171 2064 62 30 000
248 2064 62 29 000
343 2064 52 28 kr.
429 2063 55 30 för
516 2062 302 39 betalningsutfall
852 2061 20 30 å
906 2061 146 39 tidigare
1086 2061 134 29 lämnat
1253 2059 373 39 beställningsbemyn-

138 2118 158 39 digande.

193 2169 393 40 Departementschefen
620 2168 116 29 finner
769 2168 57 29 det
849 2167 180 39 angeläget
1052 2168 50 28 att
1124 2166 162 39 åtgärder
1310 2175 75 20 som
1408 2166 70 28 kan
1501 2165 125 29 under-

139 2224 84 30 lätta
240 2223 173 30 täckande
431 2231 41 21 av
491 2222 152 38 alltjämt
662 2221 236 39 föreliggande
916 2220 127 30 brister
1060 2220 11 28 i
1090 2219 98 38 fråga
1207 2228 56 20 om
1283 2218 344 30 drivmedelsutrust-

139 2277 82 38 ning
253 2277 54 29 för
339 2275 190 39 krigsbruk
560 2275 155 38 vidtages
746 2273 97 29 inom
876 2282 122 20 ramen
1020 2273 54 29 för
1097 2272 159 38 gällande
1278 2271 178 39 riktlinjer
1478 2270 149 30 rörande

138 2327 530 41 anskaffningsverksamheten.
693 2326 120 30 Såsom
837 2324 587 39 arméintendenturförvaltningen
1448 2323 178 39 föreslagit

139 2383 61 30 bör
221 2383 119 29 därför
361 2380 279 40 bemyndigande
662 2380 136 29 lämnas
820 2381 50 27 att
893 2379 121 29 utöver
1036 2378 156 39 anslaget
1215 2378 139 38 utlägga
1377 2376 251 39 beställningar

139 2436 94 29 inom
252 2445 42 20 en
315 2435 248 29 kostnadsram
583 2443 41 20 av
643 2433 18 29 2
677 2433 62 29 000
754 2432 62 30 000
836 2432 52 29 kr.
909 2433 65 28 Det
993 2431 215 34 förutsättes,
1229 2432 50 28 att
1297 2430 330 39 beställningsverk-

139 2490 181 29 samheten
351 2488 176 29 anordnas
559 2487 44 39 på
633 2486 124 30 sådant
778 2487 69 28 sätt
868 2487 50 28 att
938 2484 302 39 betalningsutfall
1263 2484 233 39 uppkommer
1517 2483 110 30 under
