1894 2754
281 155 42 30 40
673 158 253 29 Statsutskottets
949 161 161 28 utlåtande
1132 171 40 19 nr
1193 163 18 28 4
1232 164 37 27 år
1291 165 77 28 1962

337 234 242 31 Kostnaderna
601 237 54 30 för
675 238 71 30 viss
768 239 223 32 verksamhet
1014 241 56 30 vid
1095 242 279 32 försvarsstaben
1397 245 63 30 har
1483 246 55 31 för
1560 243 204 49 budgetåret

285 286 138 32 1961/62
449 288 188 32 beräknats
663 291 53 30 till
744 291 64 30 818
822 292 62 30 000
911 294 51 31 kr.
991 295 103 30 såvitt
1122 305 97 21 avser
1247 298 112 29 under
1386 299 228 31 förevarande
1643 302 121 39 anslag

282 340 199 31 redovisade
500 342 199 32 kostnader.
721 345 48 30 På
790 347 68 29 sätt
878 347 154 40 framgår
1053 358 41 20 av
1114 350 66 29 den
1201 351 112 29 under
1333 352 207 40 föregående
1562 355 120 39 anslag
1703 365 60 20 an-

279 393 102 39 givna
395 397 258 36 promemorian
669 398 174 31 beräknas
861 402 243 30 motsvarande
1121 403 190 31 kostnader
1327 404 54 30 för
1397 406 204 39 budgetåret
1620 408 140 31 1962/63

281 446 49 30 till
352 447 62 30 897
429 448 62 29 000
513 449 62 34 kr.,
598 450 238 32 innebärande
859 462 41 20 en
921 454 131 40 ökning
1075 456 77 29 med
1177 456 39 30 79
1231 456 63 30 000
1318 458 51 29 kr.

335 554 184 31 Utskottet.
550 556 77 30 Med
645 557 142 31 erinran
806 568 56 20 om
881 562 49 27 att
948 561 187 40 riksdagen
1154 572 147 21 numera
1320 565 136 30 anvisat
1476 568 47 29 ett
1543 568 142 30 särskilt
1703 578 60 20 an-

279 607 73 39 slag
372 607 55 30 för
446 610 101 29 nästa
567 610 169 40 budgetår
756 612 52 29 till
830 613 298 32 Militärhistorisk
1149 617 225 30 verksamhet
1395 628 101 21 anser
1518 620 170 32 utskottet
1711 623 51 38 sig

279 660 83 30 böra
394 661 176 40 tillstyrka
601 663 283 42 beräkningarna
917 676 40 20 av
991 668 363 42 medelsanvisningen
1389 673 110 30 under
1533 674 228 31 förevarande

278 714 131 40 anslag.

331 768 175 31 Utskottet
530 769 211 37 hemställer,

595 825 49 28 att
677 824 189 41 riksdagen
898 827 57 30 må
986 828 52 29 till
1070 829 310 32 Försvarsstaben:
1414 832 258 33 Omkostnader
1704 836 55 29 för

538 876 204 40 budgetåret
768 879 140 31 1962/63
932 881 121 30 anvisa
1076 884 48 28 ett
1147 883 274 42 förslagsanslag
1444 895 41 21 av
1511 888 14 28 1
1543 887 62 31 870
1620 888 62 30 000
1706 890 52 29 kr.

334 991 97 33 25:0)
459 992 308 34 Försvarsstaben:
792 995 190 41 Övningar.
1021 997 12 29 I
1056 998 152 39 enlighet
1230 1000 81 30 med
1334 1000 125 40 Kungl.
1482 1002 124 40 Maj:ts
1630 1003 131 40 förslag

280 1044 130 38 (punkt
429 1044 51 35 29,
501 1054 26 21 s.
550 1046 93 35 112),
662 1047 239 32 innebärande
921 1059 42 20 en
984 1051 290 42 anslagshöjning
1295 1055 78 29 med
1395 1055 18 29 2
1428 1055 62 30 000
1511 1056 41 29 kr
1573 1058 79 29 med
1673 1058 85 30 hän-

274 1105 64 30 syn
360 1097 50 29 till
429 1098 108 39 höjda
557 1100 435 38 traktamentskostnader,
1013 1104 201 31 hemställer
1235 1107 181 36 utskottet,

593 1155 50 28 att
660 1154 189 41 riksdagen
869 1156 56 30 må
944 1157 52 29 till
1014 1158 310 32 Försvarsstaben:
1346 1160 175 41 Övningar
1540 1163 55 30 för
1614 1164 143 41 budget-

537 1206 73 30 året
630 1206 140 32 1962/63
789 1209 120 30 anvisa
928 1212 47 28 ett
994 1212 356 42 reservationsanslag
1368 1224 42 20 av
1427 1215 42 29 44
1482 1215 62 31 000
1563 1217 52 30 kr.

330 1319 97 35 26:0)
456 1321 307 34 Försvarsstaben:
786 1325 101 32 Vissa
907 1327 561 44 bostadskostnadsersättningar.
1504 1332 125 40 Kungl.
1652 1334 104 39 Maj:t

274 1371 62 30 har
357 1372 179 41 föreslagit
558 1375 186 40 riksdagen
772 1378 130 39 (punkt
924 1379 51 34 30,
999 1390 25 20 s.
1049 1381 78 34 113)
1155 1384 51 28 att
1227 1383 53 29 till
1302 1383 266 40 ifrågavarande
1592 1387 162 30 ändamål

272 1425 54 30 för
343 1426 205 40 budgetåret
570 1428 139 32 1962/63
729 1431 122 29 anvisa
869 1434 48 27 ett
936 1433 272 42 förslagsanslag
1228 1445 43 20 av
1291 1436 63 30 290
1369 1437 62 30 000
1451 1438 51 30 kr.

326 1533 241 32 Förevarande
586 1545 67 30 nya
672 1537 122 40 anslag
813 1539 38 29 är
870 1539 165 31 föranlett
1054 1550 41 20 av
1114 1542 66 29 den
1200 1543 111 30 under
1330 1545 158 38 punkten
1508 1546 40 30 23
1568 1546 186 32 förordade

272 1586 213 40 regleringen
506 1597 42 20 av
567 1589 381 33 bostadskostnaderna
969 1593 55 30 för
1045 1594 343 33 försvarsattachéer.

327 1693 183 31 Utskottet.
543 1695 115 30 Under
678 1696 212 42 hänvisning
910 1700 52 28 till
982 1701 65 29 vad
1069 1702 169 30 utskottet
1260 1703 118 31 anfört
1400 1705 110 30 under
1531 1707 159 38 punkten
1712 1708 41 29 23

271 1745 52 30 får
349 1747 169 30 utskottet
543 1748 194 37 hemställa,

589 1804 50 28 att
666 1803 188 41 riksdagen
883 1806 56 30 må
967 1806 51 30 till
1046 1807 310 32 Försvarsstaben:
1388 1811 98 30 Vissa
1516 1813 237 31 bostadskost-

532 1856 326 41 nadsersättningar
884 1859 55 30 för
964 1860 205 40 budgetåret
1197 1862 141 32 1962/63
1367 1866 120 29 anvisa
1514 1869 48 27 ett
1588 1867 164 41 förslags-

532 1909 121 39 anslag
671 1919 41 20 av
731 1910 64 30 290
810 1911 62 30 000
891 1912 51 30 kr.

925 2076 169 39 ARMÉN

459 2170 267 33 AVLÖNINGAR
749 2178 39 26 M.
806 2179 39 26 M.
864 2180 90 25 TILL
977 2180 100 27 FAST
1099 2177 209 31 ANSTÄLLD
1331 2184 213 27 PERSONAL

322 2261 98 36 27:0)
448 2264 149 32 Armén:
630 2266 218 40 Avlöningar
878 2269 53 30 till
961 2271 167 38 personal
1158 2273 21 29 å
1209 2279 197 25 reservstat.
1441 2273 13 29 I
1487 2274 151 39 enlighet
1670 2276 79 29 med

266 2314 123 40 Kungl.
411 2316 123 40 Maj:ts
555 2318 131 40 förslag
713 2319 131 40 (punkt
866 2321 50 34 32,
940 2331 25 20 s.
990 2322 94 35 114),
1106 2324 238 31 innebärande
1367 2326 212 32 oförändrad
1603 2330 145 29 medels-

263 2368 194 41 anvisning,
477 2370 202 31 hemställer
696 2373 181 36 utskottet,

583 2426 49 29 att
665 2426 188 41 riksdagen
887 2428 57 30 må
975 2429 52 29 till
1061 2429 146 31 Armén:
1230 2432 215 40 Avlöningar
1469 2433 52 30 till
1541 2437 164 37 personal
1727 2436 19 30 å

530 2480 187 28 reservstat
736 2480 56 30 för
812 2481 204 39 budgetåret
1039 2482 140 33 1962/63
1201 2485 123 30 anvisa
1344 2487 49 29 ett
1414 2486 273 43 förslagsanslag
1707 2499 41 20 av

531 2531 94 30 1500
638 2531 63 31 000
725 2533 53 29 kr.
