1900 2808
513 162 123 30 Första
658 160 239 38 lagutskottets
919 162 176 32 utlåtande
1115 172 42 21 nr
1184 164 50 31 49.
1588 160 37 30 31

115 244 139 31 rättelse
278 247 84 28 utan
388 245 125 31 hinder
537 255 43 22 av
606 246 149 31 anförda
781 247 132 30 besvär.
941 247 78 30 Med
1045 249 137 35 hänsyn
1210 248 51 30 till
1286 249 66 29 den
1377 248 249 31 kvalificerade

117 296 315 36 sammansättning
463 305 74 21 som
569 296 357 37 fångvårdsstyrelsen
959 298 87 30 skall
1078 299 91 30 hava
1201 298 58 31 vid
1292 299 259 36 handläggning
1583 309 43 21 av

115 344 267 38 ifrågavarande
402 347 151 30 ärenden
573 348 65 29 har
660 348 166 30 utskottet
847 352 110 27 ansett
980 351 49 27 att
1047 349 277 36 betänkligheter
1342 350 76 30 icke
1439 351 94 30 möta
1553 353 74 27 mot

116 405 43 21 en
174 395 112 32 sådan
303 397 156 37 ordning.
480 397 63 32 Det
560 398 40 30 är
616 397 57 32 för
690 398 110 36 övrigt
818 402 46 27 ett
881 398 143 31 intresse
1042 399 56 30 för
1115 400 66 29 den
1201 409 74 21 som
1293 400 101 36 tagits
1412 400 11 30 i
1440 400 120 31 förvar
1577 404 50 27 att

115 446 66 31 den
206 446 215 32 återstående
446 448 200 30 strafftiden
669 449 214 31 omedelbart
906 449 120 37 börjar
1048 450 91 36 löpa.
1166 450 369 37 Fångvårdsstyrelsen
1561 452 65 29 bör

116 497 90 31 dock
228 498 12 30 i
266 498 216 31 tveksamma
505 499 61 30 fall
590 499 121 31 kunna
735 499 176 37 förordna,
935 503 50 28 att
1007 501 112 30 beslut
1144 510 56 21 om
1223 501 235 31 förverkande
1480 502 32 36 ej
1535 502 91 31 skall

113 548 107 31 lända
248 549 50 30 till
325 549 225 31 efterrättelse
577 549 121 31 förrän
726 551 57 29 det
809 551 122 30 vunnit
958 551 78 36 laga
1062 551 105 31 kraft.
1198 552 178 37 Föreligga
1406 553 122 30 delade
1554 563 68 20 me-

113 598 125 37 ningar
260 599 10 30 i
291 598 357 38 förverkandefrågan
672 600 221 31 beträffande
914 601 147 36 frigiven
1083 611 76 21 som
1180 602 104 30 vistas
1308 601 45 38 på
1376 602 46 31 fri
1443 603 61 36 fot,
1526 603 98 31 torde

114 648 125 32 sådant
257 650 236 30 förordnande
511 650 98 31 alltid
629 651 87 30 böra
731 652 186 30 meddelas.
940 652 50 30 De
1011 661 42 21 av
1071 652 167 31 utskottet
1257 652 198 38 föreslagna
1474 654 148 30 bestäm-

114 701 170 30 melserna
302 701 46 30 ha
368 701 150 36 infogats
538 701 11 30 i
572 702 37 29 17
631 701 29 38 8.

163 751 15 30 I
199 751 200 37 anslutning
417 752 52 31 till
486 753 42 30 de
546 762 43 21 av
606 753 168 31 utskottet
789 753 196 37 föreslagna
1003 754 157 36 reglerna
1177 754 12 30 i
1210 755 40 29 16
1269 755 66 30 och
1358 755 37 30 17
1417 755 41 37 88
1478 755 146 32 föreslår

118 802 167 30 utskottet
307 802 109 31 sådan
435 803 147 36 ändring
602 812 42 22 av
666 803 40 30 19
726 803 19 37 8
764 803 11 30 i
794 803 172 37 förslaget,
986 807 50 28 att
1054 805 67 30 den
1140 805 76 30 däri
1234 808 179 34 upptagna
1432 807 114 36 regeln
1566 816 57 21 om

117 853 70 30 rätt
210 852 57 31 för
290 853 133 30 häktad
446 856 51 28 att
520 852 108 32 anlita
651 854 136 30 biträde
810 854 56 31 för
884 854 253 32 förberedande
1159 856 69 30 och
1250 856 188 31 utförande
1461 866 44 21 av
1528 857 94 31 talan

118 905 73 28 mot
214 903 112 30 beslut
347 912 58 21 om
426 903 232 31 förverkande
678 904 11 30 i
710 905 113 30 stället
843 905 89 30 skall
952 906 90 36 gälla
1064 906 65 30 den
1151 915 76 21 som
1248 907 101 36 tagits
1370 906 11 31 i
1403 907 120 31 förvar
1541 908 83 30 eller

116 952 141 37 intagits
282 953 12 30 i
317 952 318 38 fångvårdsanstalt
657 954 57 31 för
737 957 50 28 att
809 955 141 36 avtjäna
969 955 196 32 återstoden
1188 966 43 21 av
1254 957 146 31 straffet.

162 1002 227 32 Beträffande
415 1004 42 30 de
482 1013 44 21 av
551 1004 123 37 Kungl.
703 1004 102 37 Maj:t
830 1005 196 37 framlagda
1052 1006 231 37 lagförslagen
1308 1008 11 30 i
1345 1008 110 37 övrigt
1479 1009 66 30 har
1568 1011 53 28 ut-

118 1053 127 31 skottet
267 1054 76 30 icke
365 1054 118 30 funnit
506 1055 185 36 anledning
713 1055 52 31 till
791 1055 113 37 någon
928 1057 148 30 erinran.

157 1103 110 30 Tiden
286 1103 58 31 för
364 1104 117 36 lagens
503 1103 288 38 ikraftträdande,
816 1115 74 21 som
910 1107 167 30 utskottet
1099 1107 12 30 i
1132 1107 109 30 likhet
1262 1108 79 30 med
1362 1108 260 31 motionärerna

117 1163 101 21 anser
238 1154 85 31 böra
344 1154 190 31 fastställas
554 1165 42 21 av
618 1155 123 37 Kungl.
764 1156 102 36 Maj:t
886 1158 66 29 och
967 1157 185 37 riksdagen
1174 1162 222 32 gemensamt,
1418 1160 97 30 torde
1536 1160 86 30 böra

114 1203 213 32 bestämmas
348 1206 80 30 med
450 1205 305 37 hänsynstagande
774 1207 52 29 till
848 1207 42 30 de
912 1217 69 27 nya
1003 1208 178 37 uppgifter
1203 1219 75 20 som
1295 1210 143 30 komma
1458 1213 51 28 att
1531 1210 90 31 åvila

115 1255 414 36 skyddskonsulenterna.
553 1255 81 31 Som
659 1257 11 30 i
693 1257 260 36 propositionen
974 1258 211 31 framhållits
1207 1260 98 30 torde
1327 1261 57 30 det
1406 1260 79 37 åtgå
1506 1261 115 36 någon

112 1304 50 30 tid
186 1304 56 31 för
265 1305 99 30 dessa
386 1315 70 27 nya
478 1306 343 37 befattningshavare
844 1311 49 27 att
915 1308 127 31 inrätta
1064 1309 52 37 sig
1138 1309 55 30 för
1217 1309 53 31 sin
1294 1311 229 32 verksamhet.
1549 1311 72 30 När

116 1355 42 30 de
176 1356 67 30 den
264 1356 15 29 1
300 1355 140 37 januari
462 1357 82 29 1944
565 1357 100 31 träda
684 1358 11 30 i
714 1358 163 30 funktion
895 1358 38 31 få
952 1360 42 29 de
1012 1360 275 37 omhändertaga
1305 1361 160 37 samtliga
1484 1362 42 30 de
1547 1362 72 30 vill-

114 1404 128 38 korligt
259 1406 128 31 dömda
402 1416 78 21 som
497 1406 44 32 då
557 1406 53 32 stå
626 1408 112 30 under
754 1409 244 36 övervakning,
1013 1409 172 37 varjämte
1201 1420 69 27 nya
1290 1411 185 37 villkorligt
1493 1413 128 30 dömda

113 1455 89 30 efter
223 1456 96 30 hand
337 1456 205 31 tillkomma.
569 1457 123 31 Ehuru
715 1458 402 36 skyddskonsulenterna
1139 1461 108 30 redan
1269 1461 80 31 från
1372 1461 126 36 början
1521 1463 99 30 skola

113 1508 81 34 taga
216 1505 194 38 befattning
431 1507 81 30 med
534 1507 221 31 eftervården
777 1508 35 31 åt
835 1509 68 30 alla
923 1519 77 20 som
1023 1509 142 37 frigivas
1188 1511 80 31 från
1292 1511 326 38 fångvårdsanstalt,

114 1556 99 30 torde
239 1556 57 31 det
320 1565 43 22 ur
388 1557 295 36 arbetssynpunkt
707 1558 34 36 ej
767 1568 83 21 vara
876 1559 157 37 lämpligt
1059 1564 50 27 att
1134 1561 42 30 de
1201 1561 163 37 påläggas
1391 1563 43 29 de
1459 1563 159 36 speciella

112 1606 342 36 arbetsuppgifterna
474 1607 105 37 enligt
600 1608 66 30 den
690 1618 70 26 nya
777 1608 98 37 lagen
895 1619 58 21 om
975 1610 173 37 villkorlig
1169 1611 187 37 frigivning
1377 1612 121 31 förrän
1519 1614 99 30 deras

115 1656 222 31 verksamhet
361 1657 221 31 beträffande
607 1658 42 30 de
674 1659 188 37 villkorligt
886 1660 128 31 dömda
1039 1661 229 36 organiserats
1292 1664 68 29 och
1385 1663 233 32 stabiliserats.

115 1701 95 35 Även
230 1707 106 29 sedan
358 1707 92 30 detta
471 1708 89 31 skett
579 1709 70 29 kan
670 1709 58 30 det
747 1709 46 36 på
813 1711 67 29 sätt
901 1710 153 37 lagrådet
1075 1711 177 38 föreslagit
1272 1714 187 36 övervägas
1480 1717 49 28 att
1550 1714 69 32 låta

112 1755 100 37 lagen
234 1765 57 21 om
311 1756 174 38 villkorlig
500 1757 188 38 frigivning
710 1759 89 32 först
820 1761 99 30 träda
939 1762 11 29 i
971 1761 221 38 tillämpning
1212 1763 221 31 beträffande
1454 1767 47 28 ett
1521 1774 96 22 mera

112 1805 186 37 begränsat
320 1807 139 30 klientel
478 1824 44 4 —
542 1809 42 30 de
603 1808 51 30 till
674 1810 230 31 frihetsstraff
922 1811 11 30 i
953 1812 105 30 minst
1078 1815 48 28 ett
1147 1812 39 31 år
1205 1814 128 30 dömda
1351 1832 45 3 —
1415 1815 55 30 för
1491 1818 49 28 att
1560 1816 57 30 vid

110 1864 42 20 en
175 1854 105 37 något
304 1865 122 21 senare
449 1857 164 36 tidpunkt
639 1858 106 31 vinna
769 1859 220 37 tillämpning
1013 1861 132 36 jämväl
1172 1861 21 31 å
1220 1863 78 29 dem
1323 1872 75 21 som
1426 1865 112 30 dömts
1565 1865 52 30 till

114 1905 125 31 sådant
259 1907 105 30 straff
382 1907 47 36 på
449 1908 137 30 kortare
606 1909 59 30 tid.
688 1909 75 30 Den
783 1910 213 36 begränsade
1017 1911 265 38 tillämpningen
1303 1915 110 30 skulle
1434 1915 45 31 då
1498 1917 120 29 kunna

112 1956 65 36 äga
200 1965 81 21 rum
305 1956 79 31 från
409 1958 68 29 den
502 1959 14 28 1
542 1958 64 36 juli
634 1959 84 30 1944
741 1960 52 29 till
817 1961 66 29 den
913 1962 14 28 1
949 1961 64 36 juli
1040 1963 94 29 1945.
1160 1963 211 36 Härigenom
1397 1965 112 31 skulle
1534 1976 82 27 man

111 2006 106 31 vinna
239 2015 44 21 en
306 2006 79 37 lång
408 2007 240 38 övergångstid
671 2009 56 30 för
750 2011 342 36 omhändertagande
1116 2022 42 20 av
1182 2014 42 30 de
1247 2014 186 37 villkorligt
1456 2011 159 45 frigivna,

110 2056 113 30 under
244 2056 115 31 vilken
380 2058 56 30 det
457 2057 131 36 jämväl
612 2059 118 31 kunde
751 2061 196 36 övervägas,
971 2063 173 31 huruvida
1162 2060 452 47 skyddskonsulentorgani-

112 2106 157 30 sationen
307 2109 85 28 utan
435 2108 237 38 förstärkning
710 2111 70 29 kan
823 2110 100 37 åtaga
959 2112 50 37 sig
1049 2114 42 29 de
1131 2123 68 27 nya
1238 2115 223 36 uppgifterna
1501 2117 10 29 i
1551 2117 65 30 full

110 2156 251 37 utsträckning.
403 2157 199 32 Emellertid
642 2159 37 31 få
720 2161 42 29 de
801 2162 75 29 skäl
917 2171 74 21 som
1031 2164 70 30 tala
1142 2164 55 30 för
1233 2174 43 21 en
1319 2165 108 31 sådan
1468 2168 149 35 ordning

110 2206 77 30 icke
230 2207 208 31 överdrivas.
481 2207 63 31 Det
584 2210 39 29 är
665 2212 50 28 att
751 2211 122 30 märka
915 2215 50 27 att
1005 2213 280 37 konsulenterna,
1327 2215 10 29 i
1379 2219 144 28 motsats
1564 2218 52 30 till

111 2257 67 29 vad
196 2265 75 20 som
289 2257 39 29 är
344 2257 97 30 fallet
457 2257 221 32 beträffande
696 2260 99 30 deras
813 2261 194 37 befattning
1025 2264 79 29 med
1119 2264 41 29 de
1178 2264 185 37 villkorligt
1381 2267 137 36 dömda,
1539 2268 76 29 icke

111 2306 46 35 på
175 2315 42 21 en
234 2305 91 37 gång
343 2306 37 30 få
399 2310 152 33 mottaga
569 2311 47 27 ett
635 2311 86 28 stort
740 2311 94 29 antal
854 2310 185 37 villkorligt
1058 2312 147 37 frigivna
1224 2317 84 27 utan
1329 2318 48 27 att
1396 2316 93 31 detta
1507 2317 107 30 klien-

110 2356 46 28 tel
181 2356 87 30 efter
292 2356 95 30 hand
410 2366 75 20 som
508 2356 274 38 frigivningarna
801 2361 62 35 äga
887 2370 77 20 rum
989 2363 112 35 växer,
1127 2363 50 30 till
1200 2364 76 30 dess
1300 2366 128 30 antalet
1452 2376 163 26 personer

111 2404 56 30 för
195 2406 92 30 vilka
314 2406 203 36 prövotiden
544 2407 110 36 utgår,
683 2409 159 30 kommer
868 2413 47 27 att
943 2414 174 29 motsvara
1147 2415 127 29 antalet
1302 2411 312 46 nytillkommande
