1896 2804
523 160 122 30 Första
667 157 240 38 lagutskottets
928 156 176 31 utlåtande
1124 165 42 20 nr
1193 156 51 30 49.
1600 148 38 30 23

133 245 182 37 givningen
343 245 80 30 med
449 243 192 37 åtföljande
670 242 166 31 straffhot
863 244 47 27 ett
936 240 156 37 lämpligt
1120 240 121 35 medel,
1270 238 139 30 särskilt
1437 237 201 36 därigenom

133 299 48 27 att
202 296 65 30 den
291 296 143 29 dömdes
457 294 162 36 frivilliga
641 293 211 30 medverkan
874 291 74 31 ofta
971 291 119 30 vinnes
1112 299 125 28 genom
1261 292 49 28 att
1332 298 42 21 en
1398 288 54 31 del
1473 297 44 22 av
1539 287 100 31 straf-

134 346 48 30 fet
207 346 248 30 efterskänkes.
483 345 49 30 Ur
558 344 216 30 sistnämnda
802 342 180 37 synpunkt
1008 342 39 29 är
1075 340 236 36 otvivelaktigt
1338 340 66 29 den
1430 337 209 32 fakultativa

134 396 193 37 villkorliga
354 396 231 37 frigivningen
610 395 65 30 den
702 393 225 36 naturligaste
952 392 66 30 och
1045 394 87 27 mest
1160 390 203 31 utsiktsrika
1390 389 145 31 formen.
1565 389 75 30 Den

134 457 98 21 avser
254 451 49 26 att
324 447 87 30 efter
431 446 169 37 prövning
619 445 11 30 i
652 444 96 36 varje
768 443 140 31 särskilt
927 443 62 31 fall
1009 443 122 35 utbyta
1152 451 43 21 en
1215 440 135 31 relativt
1369 439 196 37 betydande
1585 439 55 30 del

135 507 42 21 av
196 497 138 31 straffet
353 500 72 27 mot
445 506 44 21 en
509 496 104 36 något
634 496 117 35 längre
771 494 67 30 tids
859 492 182 37 eftervård,
1063 502 75 20 som
1158 493 40 29 är
1216 492 112 29 bättre
1348 491 114 36 ägnad
1481 493 50 28 att
1550 490 88 30 före-

134 549 111 36 bygga
271 548 137 31 återfall
432 548 11 29 i
468 548 101 29 brott.
596 546 67 30 För
688 546 67 30 den
779 545 126 30 dömde
931 547 49 27 ter
1007 543 50 37 sig
1082 543 92 31 detta
1199 543 129 35 utbyte,
1356 551 74 20 som
1456 541 80 36 äger
1560 549 80 21 rum

133 599 45 36 på
201 600 88 29 hans
312 607 85 28 egen
421 598 166 36 ansökan,
613 606 74 21 som
713 605 42 21 en
777 595 153 36 lindring
953 594 11 30 i
986 593 148 31 straffet.
1160 592 200 31 Fakultativ
1384 591 171 36 villkorlig
1582 590 58 31 fri-

134 650 139 37 givning
294 649 72 30 kan
386 648 188 31 emellertid
594 647 30 36 ej
645 646 188 37 lämpligen
853 645 179 31 användas
1051 644 56 30 för
1125 643 225 36 brottslingar
1369 642 80 30 med
1466 641 175 37 utpräglat

135 699 90 38 dålig
248 708 162 28 prognos,
434 697 44 32 då
499 698 41 31 de
563 697 30 39 ej
619 697 119 30 kunna
760 699 143 33 antagas
927 694 11 30 i
961 695 106 36 högre
1089 694 84 36 grad
1194 693 86 30 söka
1301 693 188 29 medverka
1511 691 52 30 till
1587 691 55 30 sin

134 751 214 36 anpassning
369 750 11 30 i
406 749 181 31 samhället
611 749 66 30 och
699 747 155 36 skäligen
879 746 31 36 ej
936 745 107 31 heller
1065 745 86 30 böra
1174 744 136 36 åtnjuta
1334 743 71 31 lika
1428 745 72 28 stor
1523 741 117 31 straff-

136 801 208 37 avkortning
370 810 75 21 som
473 800 41 30 de
541 808 96 21 mera
667 798 176 30 välartade
871 797 116 30 fallen.
1017 795 54 32 Då
1096 795 11 30 i
1135 794 333 36 samhällsskyddets
1498 792 144 31 intresse

136 851 183 37 stödjande
350 852 67 29 och
445 849 280 31 kontrollerande
757 847 159 37 åtgärder
945 847 61 30 äro
1037 846 139 30 särskilt
1203 845 186 37 påkallade
1420 843 221 31 beträffande

137 903 77 30 dem
242 911 76 21 som
344 901 117 37 ingiva
486 900 113 36 dåliga
627 898 279 37 förhoppningar
933 897 55 30 för
1014 896 197 35 framtiden,
1243 895 58 30 vill
1330 895 166 30 utskottet
1522 893 120 31 därför

136 953 10 30 i
168 952 134 37 princip
326 952 78 38 giva
424 951 53 30 sin
499 950 199 37 anslutning
719 949 51 30 till
791 951 49 28 att
861 947 224 37 obligatorisk
1108 946 173 36 villkorlig
1304 945 187 37 frigivning
1511 944 130 30 införes

136 1013 76 21 som
234 1006 48 27 ett
304 1002 152 31 normalt
479 1001 54 31 led
556 1001 10 29 i
590 999 416 36 straffverkställigheten.
1033 996 115 32 Sådan
1173 996 173 36 villkorlig
1368 995 187 37 frigivning
1578 995 65 30 bör

136 1054 31 36 ej
191 1063 82 21 vara
297 1053 172 30 beroende
492 1051 47 37 på
560 1052 67 29 den
651 1050 142 31 dömdes
817 1049 188 36 samtycke.

179 1103 227 31 Beträffande
425 1101 133 37 frågan,
582 1111 58 20 om
662 1099 224 37 obligatorisk
909 1097 171 37 villkorlig
1103 1096 187 37 frigivning
1314 1096 73 36 bör,
1409 1094 46 39 på
1476 1097 67 29 sätt
1567 1104 76 22 som

136 1154 203 36 föreslagits,
365 1154 142 30 komma
529 1152 51 30 till
604 1151 224 36 användning
850 1149 59 31 vid
931 1148 229 31 frihetsstraff
1182 1147 46 38 på
1253 1147 37 31 så
1314 1148 77 30 kort
1416 1148 48 29 tid
1488 1156 75 21 som
1587 1156 58 21 sex

136 1204 175 37 månader,
332 1205 66 30 har
417 1204 95 30 inom
532 1203 166 30 utskottet
716 1203 125 35 yppats
862 1201 127 30 tvekan
1008 1199 173 31 huruvida
1200 1199 78 30 icke
1297 1199 57 30 det
1373 1197 151 32 ådömda
1545 1196 99 32 straf-

136 1256 49 31 fet
209 1256 66 30 och
299 1255 143 30 därmed
468 1256 88 29 även
581 1255 66 29 den
672 1253 57 30 vid
753 1251 233 37 frigivningen
1011 1249 216 32 återstående
1252 1248 200 32 strafftiden
1475 1248 65 31 bör
1563 1257 83 21 vara

136 1315 43 21 av
197 1307 119 36 längre
334 1305 225 36 varaktighet.
581 1303 132 31 Härvid
732 1304 65 30 har
816 1302 138 31 särskilt
974 1300 220 38 framhållits,
1215 1303 50 28 att
1284 1301 56 30 det
1359 1300 56 30 för
1434 1300 68 30 den
1521 1299 126 31 dömde

137 1356 110 32 måste
272 1360 34 27 te
331 1357 51 36 sig
407 1365 74 21 som
508 1365 42 21 en
576 1355 195 36 betydande
798 1352 297 37 straffskärpning
1121 1354 49 28 att
1196 1351 72 31 han
1295 1351 134 36 tvingas
1455 1350 123 37 utbyta
1604 1358 43 22 en

138 1407 256 31 straffåterstod
419 1416 74 21 som
515 1405 217 36 understiger
755 1403 57 31 två
836 1402 168 32 månader
1027 1406 72 27 mot
1122 1412 43 20 en
1188 1401 122 37 ettårig
1333 1401 117 36 tillsyn
1475 1409 74 21 som
1574 1398 71 32 må-

136 1458 117 31 hända
277 1458 176 30 dessutom
477 1458 40 29 är
539 1456 146 30 förenad
709 1455 81 30 med
815 1454 171 30 särskilda
1010 1452 386 31 frihetsinskränkande
1419 1450 226 36 föreskrifter,

138 1512 89 27 samt
247 1511 50 28 att
318 1509 57 30 det
395 1507 165 31 straffhot
581 1516 74 21 som
676 1506 68 30 den
765 1506 101 29 korta
888 1503 300 31 straffåterstoden
1208 1504 101 35 utgör
1329 1503 11 29 i
1361 1501 127 37 många
1509 1501 62 31 fall
1592 1499 56 32 får

138 1561 141 34 antagas
299 1559 95 30 bliva
413 1558 79 36 föga
512 1557 159 30 effektivt
690 1558 64 28 när
772 1556 56 30 det
847 1555 107 36 gäller
973 1558 49 28 att
1041 1553 115 32 förmå
1175 1554 68 30 den
1262 1553 148 36 frigivne
1429 1555 49 28 att
1498 1552 150 36 fullgöra

138 1610 74 31 sina
239 1609 216 36 åligganden.
484 1608 81 30 Som
590 1607 11 30 i
628 1606 261 37 propositionen
916 1605 133 31 anförts
1076 1604 110 30 skulle
1211 1612 124 28 genom
1360 1612 43 21 en
1431 1602 145 37 höjning
1602 1611 44 21 av

139 1660 198 31 strafftiden
363 1660 51 29 till
440 1662 47 27 ett
510 1657 38 31 år
574 1658 186 30 institutets
786 1653 404 39 tillämplighetsområde
1215 1653 182 37 väsentligt
1423 1653 221 35 inskränkas;

139 1711 78 30 med
240 1710 261 37 utgångspunkt
522 1708 81 32 från
627 1709 80 30 1941
734 1707 56 31 års
813 1706 121 32 siffror
957 1707 110 30 skulle
1089 1705 108 37 årliga
1221 1706 129 30 antalet
1371 1704 194 36 villkorliga
1588 1703 59 30 fri-

138 1761 181 36 givningar
338 1761 126 36 sjunka
484 1759 80 31 från
581 1759 160 37 omkring
758 1759 64 30 900
842 1758 50 30 till
911 1758 160 36 omkring
1089 1757 73 30 350.
1183 1756 115 37 Enligt
1319 1756 81 30 1942
1420 1754 56 32 års
1493 1764 47 21 nu
1559 1754 88 31 före-

139 1811 158 37 liggande
321 1810 121 31 siffror
463 1811 110 30 skulle
595 1810 127 31 antalet
745 1809 156 30 minskas
923 1807 80 31 från
1025 1807 160 37 omkring
1210 1807 95 35 1,200
1329 1806 50 30 till
1401 1805 159 37 omkring
1585 1805 63 30 500

140 1862 70 31 fall.
235 1862 173 30 Utskottet
429 1862 65 29 har
516 1860 120 31 därför
658 1863 112 27 ansett
792 1861 57 29 det
871 1859 85 30 böra
979 1859 195 35 övervägas,
1199 1857 174 30 huruvida
1395 1857 252 35 brottspreven-

140 1912 117 31 tionen
278 1913 125 29 kräver
424 1914 49 28 att
493 1921 42 21 en
557 1911 145 30 effektiv
724 1909 174 31 eftervård
920 1909 173 30 anordnas
1117 1908 56 30 för
1192 1909 57 29 det
1271 1907 140 31 klientel
1434 1916 74 21 som
1530 1906 119 30 dömes

141 1963 51 29 till
217 1962 104 31 straff
347 1962 266 36 understigande
640 1964 46 28 ett
712 1960 49 31 år.
791 1960 67 30 Om
885 1960 57 30 det
967 1959 277 35 huvudsakligen
1270 1959 58 29 rör
1354 1958 51 37 sig
1430 1967 57 21 om
1514 1957 135 30 relativt

139 2013 188 36 godartade
348 2011 441 37 förstagångsbrottslingar
808 2011 80 29 med
907 2011 67 36 god
993 2018 150 28 prognos
1164 2009 118 30 kunde
1303 2009 56 30 det
1378 2007 272 37 uppenbarligen

140 2064 175 30 försvaras
338 2066 49 28 att
408 2063 148 30 utesluta
578 2063 79 29 dem
679 2061 80 31 från
780 2071 43 21 en
844 2060 174 37 tvångsvis
1041 2060 181 31 anordnad
1244 2058 183 37 eftervård,
1450 2059 126 30 medan
1598 2067 51 21 sa-

142 2114 66 30 ken
226 2114 117 30 ställer
361 2114 51 36 sig
430 2113 227 36 annorlunda,
678 2122 58 20 om
754 2113 57 30 det
830 2112 106 36 gäller
954 2114 47 28 ett
1018 2111 139 30 klientel
1176 2120 43 20 av
1238 2110 220 30 recidivister.
1479 2109 65 30 Till
1563 2118 86 27 upp-

142 2164 134 37 lysning
297 2164 11 29 i
331 2164 93 30 detta
445 2164 197 30 hänseende
663 2163 65 30 har
749 2161 394 37 strafflagberedningen
1166 2161 51 30 till
1239 2161 183 30 utskottets
1444 2160 207 36 förfogande

143 2215 92 30 ställt
259 2224 43 20 en
327 2224 43 20 av
396 2214 233 35 beredningen
653 2213 187 30 verkställd
868 2212 184 36 utredning
1077 2210 178 37 angående
1281 2211 110 30 under
1417 2210 39 31 år
1482 2211 82 29 1942
1590 2218 60 28 ny-

143 2266 127 29 komna
292 2263 213 36 straffångar
531 2263 54 38 (de
605 2264 178 35 nykomna
805 2262 326 37 fängelsefångarna
1152 2262 79 29 med
1253 2271 42 21 en
1317 2261 153 30 strafftid
1492 2262 81 28 över
1594 2269 57 21 sex

144 2314 166 32 månader
334 2314 157 36 utgjorde
515 2314 230 35 sammanlagt
768 2313 121 30 endast
915 2312 40 30 35
980 2313 65 29 och
1068 2312 119 30 kunna
1212 2310 131 31 således
1366 2312 135 29 lämnas
1525 2309 125 39 åsido).

144 2366 233 34 Utredningen
405 2363 179 36 föreligger
613 2363 9 29 i
648 2364 90 28 form
762 2372 42 20 av
833 2372 43 20 en
902 2362 113 35 tabell,
1043 2361 114 29 vilken
1183 2361 135 35 bifogas
1346 2361 91 29 detta
1461 2359 187 31 utlåtande.

146 2416 48 29 Av
220 2416 97 35 2,185
345 2414 213 36 straffångar
585 2423 74 20 som
687 2413 153 30 nämnda
869 2411 40 31 år
935 2412 133 36 intogos
1097 2412 9 29 i
1134 2411 400 36 fångvårdsanstalterna
1563 2411 89 30 hade

146 2466 61 30 714
227 2475 42 21 en
290 2465 154 30 strafftid
464 2474 73 20 som
558 2463 159 36 utgjorde
736 2463 105 30 minst
862 2473 57 20 sex
940 2462 167 31 månader
1127 2472 79 21 men
1225 2463 183 36 understeg
1428 2464 46 28 ett
1493 2461 47 31 år.
1563 2456 90 36 Över
