1888 2836
246 162 115 29 Första
385 163 205 29 kammarens
612 164 159 36 första
795 164 171 38 tillfälliga
988 167 141 29 utskotts
1156 167 166 30 utlåtande
1349 178 38 19 nr
1412 172 27 26 4.
1569 171 15 27 9

103 251 84 29 varit
213 251 135 30 föremål
372 251 53 30 för
449 251 190 38 riksdagens
662 253 163 38 prövning
848 255 39 36 på
913 254 108 37 grund
1045 264 38 20 av
1108 255 160 30 motioner
1290 266 37 20 av
1351 266 124 20 samma
1498 257 86 29 inne-

101 303 80 30 börd
218 314 65 20 som
321 304 225 37 förevarande,
581 306 167 37 nämligen
781 307 76 29 åren
897 307 89 37 1938,
1024 308 77 29 1939
1137 308 60 30 och
1233 309 87 30 1941.
1368 309 215 39 Meningarna

101 357 40 30 ha
164 357 85 31 varit
273 357 114 31 delade
409 368 49 20 om
483 357 234 40 lämpligheten
741 369 39 21 av
802 353 49 38 att
873 360 176 39 riksdagen
1071 361 101 31 borde
1193 361 171 32 hemställa
1386 362 65 31 till
1475 358 108 48 Kungl.

102 411 103 37 Maj:t
228 421 52 20 om
302 411 180 39 utredning
504 412 9 29 i
537 412 145 38 ärendet,
706 413 58 30 och
787 413 120 38 frågan
930 413 61 31 har
1013 415 92 37 varje
1127 413 84 40 gång
1238 415 87 31 fallit
1347 417 44 37 på
1413 417 110 37 grund
1545 427 38 20 av

100 464 87 30 olika
207 463 105 32 beslut
334 464 8 30 i
364 465 185 31 kamrarna.
571 466 177 36 Utskottet,
770 477 66 20 som
858 468 80 29 1941
961 467 179 39 tillstyrkte
1161 469 64 30 den
1246 468 41 32 då
1307 469 10 30 i
1338 470 111 31 ämnet
1471 470 111 31 väckta

101 518 175 37 motionen,
299 518 239 38 understryker
561 519 111 31 vikten
696 531 41 20 av
760 523 48 28 att
831 520 84 31 ökad
939 521 191 39 utbildning
1154 522 10 30 i
1187 522 156 32 hemvård
1366 523 145 31 kommer
1533 524 51 31 till

98 571 107 31 stånd.
231 571 194 31 Emellertid
447 573 104 37 pågår
572 573 53 31 för
647 574 206 31 närvarande
876 575 90 30 inom
989 576 77 29 1941
1090 576 54 30 års
1167 575 417 40 befolkningsutrednings-

101 624 185 38 delegation
315 625 52 31 för
394 625 87 31 hem-
509 626 57 30 och
594 626 245 40 familjefrågor
867 633 47 26 ett
942 628 318 40 utredningsarbete,
1288 640 68 21 som
1384 630 89 31 inom
1500 631 82 37 kort,

100 677 103 39 enligt
227 678 62 31 vad
312 678 227 39 delegationen
562 680 173 37 meddelat,
759 681 142 31 kommer
925 685 49 28 att
998 682 160 31 resultera
1181 683 10 30 i
1214 687 47 27 ett
1282 683 207 32 betänkande
1512 685 68 30 med

104 731 122 38 förslag
251 731 52 31 till
328 732 158 38 åtgärder
511 734 42 37 på
579 734 39 30 de
645 734 164 37 områden,
836 744 68 21 som
931 735 132 31 beröras
1087 736 11 30 i
1124 736 174 31 motionen.
1347 737 173 31 Dessutom
1546 739 37 30 är

99 784 108 31 denna
231 785 93 39 fråga
348 785 138 32 föremål
510 786 52 30 för
583 787 291 38 uppmärksamhet
897 788 86 31 inom
1010 789 79 30 1940
1110 790 55 30 års
1187 789 260 40 skolutredning.
1471 791 111 31 Under

100 837 124 32 sådana
250 838 229 31 förhållanden
507 839 110 31 finner
640 841 51 36 sig
714 842 158 30 utskottet
897 842 77 31 böra
1001 842 181 37 hemställa,

433 951 49 26 att
509 947 216 31 förevarande
751 949 129 37 motion,
908 950 114 31 1:161,
1049 950 67 29 icke
1144 951 99 30 måtte
1268 951 50 30 till
1345 952 107 37 någon
1480 952 99 30 första

391 1000 205 31 kammarens
620 1001 119 37 åtgärd
765 1001 181 32 föranleda.

142 1105 183 30 Stockholm
351 1106 60 30 den
439 1107 17 28 9
482 1116 84 21 mars
592 1108 88 29 1944.

634 1214 43 29 På
704 1214 173 31 utskottets
902 1217 140 36 vägnar:

616 1303 191 30 HERMAN
833 1303 226 32 ERICSSON.

137 1547 192 24 Närvarande:
361 1548 95 24 herrar
484 1548 136 30 Ericsson,
649 1549 157 29 Carlström,
834 1550 133 28 Leander,
996 1551 85 23 Einar
1109 1552 142 28 Perssont,
1280 1552 114 30 Arrhén,
1424 1553 151 26 Lindblom,

96 1591 155 24 Fahlander
269 1591 48 25 och
336 1591 147 25 Lodenius.

137 1691 12 14 +
171 1689 36 30 Ej
228 1689 170 25 närvarande
418 1689 46 25 vid
484 1690 171 25 utlåtandets
674 1691 144 32 justering.

138 2554 105 27 Bihang
268 2553 40 22 till
329 2554 161 27 riksdagens
513 2555 132 27 protokoll
672 2556 70 21 1944.
779 2557 27 21 12
826 2556 75 24 saml.
938 2558 7 20 1
970 2556 58 25 avd,
1063 2556 37 22 Nr
1120 2557 76 23 8-4.
1555 2558 13 22 2
