1886 2760
276 153 17 26 6
639 150 276 33 Statsutskottets
934 153 172 32 utlåtande
1126 166 39 20 nr
1182 158 58 28 111
1261 156 37 30 år
1315 159 82 34 1964

274 225 245 41 utbildningens
546 229 204 41 utformning
776 231 61 31 och
865 231 150 39 innehåll,
1042 233 88 32 vilka
1156 235 136 31 framför
1318 236 59 32 allt
1404 237 84 40 tagit
1513 238 48 40 sig
1588 240 134 38 uttryck
1750 240 9 31 i

273 279 205 32 önskemålet
495 285 52 27 att
564 281 189 41 tillräckligt
771 288 167 34 utrymme
955 286 79 31 skall
1053 297 53 29 ges
1123 287 36 32 åt
1177 288 39 30 de
1234 288 181 41 biologiska
1432 296 191 27 momenten
1640 292 9 31 i
1667 293 91 31 kurs-

271 331 131 38 planen,
426 332 114 32 vinner
564 334 170 41 tillbörligt
755 336 189 32 beaktande
966 338 55 31 vid
1044 339 245 42 utbildningens
1312 342 200 32 kommande
1533 341 225 48 uppbyggnad

272 384 56 31 vid
348 385 132 32 teknisk
500 386 167 40 högskola.
688 388 81 32 Med
790 389 130 40 hänsyn
941 391 48 31 till
1009 392 144 32 behovet
1172 405 42 19 av
1234 397 81 29 nära
1334 395 143 32 kontakt
1497 398 120 31 mellan
1637 399 120 31 utbild-

270 436 80 41 ning
371 438 61 31 och
453 438 170 42 forskning
643 441 42 38 på
706 441 250 40 ifrågavarande
976 445 134 32 område
1130 451 87 27 samt
1238 447 49 31 till
1308 448 368 34 livsmedelsindustrins
1696 453 60 30 och

271 490 65 31 den
365 491 338 34 livsmedelstekniska
735 494 226 41 forskningens
989 498 114 31 starka
1133 499 252 33 koncentration
1416 502 47 32 till
1494 502 195 42 Sydsverige
1716 524 43 5 —

270 543 118 31 varvid
407 546 83 29 även
508 545 213 40 möjligheten
740 547 47 32 till
808 548 144 33 kontakt
968 551 75 31 med
1061 551 172 32 Danmark
1251 552 9 32 i
1278 554 94 32 dessa
1391 555 208 32 hänseenden
1617 557 138 32 beaktas

268 614 43 5 —
330 596 148 32 förordar
495 597 64 41 jag,
579 603 53 27 att
651 610 39 21 en
708 600 317 34 livsmedelsteknisk
1043 604 187 41 utbildning
1248 607 164 32 anordnas
1432 608 55 32 vid
1507 610 152 32 tekniska
1679 611 76 40 hög-

268 648 117 32 skolan
404 650 10 30 i
430 650 94 32 Lund
543 662 70 20 som
631 663 40 20 en
688 653 317 34 livsmedelsteknisk
1022 656 77 39 linje
1117 657 88 32 inom
1222 659 218 41 avdelningen
1458 661 50 32 för
1524 662 97 32 kemi.
1637 664 17 31 I
1670 675 85 20 sam-

269 701 89 32 band
381 702 135 33 härmed
540 704 56 31 vill
617 704 56 41 jag
693 705 121 33 betona
836 708 279 40 angelägenheten
1136 722 42 20 av
1200 716 52 27 att
1274 712 172 42 befintliga
1466 725 142 22 resurser
1627 717 43 39 på
1691 717 64 32 hit-

267 754 148 33 hörande
436 756 133 32 område
590 758 168 39 utnyttjas
778 762 84 29 även
886 760 9 31 i
916 761 266 42 fortsättningen.
1203 764 114 41 Enligt
1338 767 66 31 vad
1426 767 56 40 jag
1503 768 166 33 inhämtat
1689 770 64 32 kan

268 807 124 32 lokaler
417 809 60 31 och
503 810 180 32 materiella
709 823 142 20 resurser
876 813 10 31 i
911 814 108 40 övrigt
1044 816 51 31 för
1119 816 211 42 forskningen
1355 820 62 31 och
1444 820 228 42 utbildningen
1698 823 54 32 vid

267 860 64 31 den
351 860 338 35 livsmedelstekniska
709 864 98 39 linjen
829 866 9 30 i
858 866 189 40 betydande
1067 869 201 42 omfattning
1287 872 112 31 ställas
1419 873 48 31 till
1487 874 192 41 förfogande
1697 876 56 32 vid

267 912 170 33 institutet
455 914 10 31 i
480 915 135 40 Alnarp.

306 965 64 41 Jag
392 967 146 32 kommer
559 969 168 32 dessutom
749 970 9 31 i
779 971 69 32 min
870 972 155 33 fortsatta
1046 974 240 43 framställning
1306 982 54 28 att
1380 979 141 38 förorda,
1543 985 52 28 att
1617 982 63 31 den
1701 987 52 27 ut-

266 1018 149 42 bildning
436 1021 60 31 och
519 1021 170 42 forskning
711 1023 10 31 i
742 1024 272 34 livsmedelskemi
1037 1038 69 21 som
1129 1029 51 31 för
1201 1032 207 32 närvarande
1431 1032 149 33 bedrives
1603 1034 56 33 vid
1682 1036 70 31 tek-

265 1072 95 32 niska
374 1073 179 40 högskolan
569 1074 10 32 i
594 1075 189 33 Stockholm
798 1088 54 29 ges
866 1089 40 20 en
921 1080 147 32 starkare
1084 1081 179 42 inriktning
1276 1088 72 28 mot
1362 1085 40 31 de
1416 1085 159 42 jäsnings-
1590 1088 60 31 och
1665 1089 87 31 läke-

266 1126 278 32 medelstekniska
562 1129 205 32 områdena.»

307 1231 375 40 Departementschefen
697 1236 130 40 återgår
843 1238 144 32 härefter
1004 1240 48 31 till
1069 1240 48 32 sin
1135 1242 210 41 redovisning
1360 1256 42 19 av
1421 1246 330 41 ställningstagandet

265 1284 48 32 till
331 1286 456 39 organisationskommitténs
805 1290 120 41 förslag
942 1292 59 32 och
1020 1293 188 33 framhåller
1224 1291 156 49 följande.

308 1342 94 31 »Den
417 1342 102 33 första
533 1344 212 41 intagningen
761 1357 42 20 av
819 1347 199 32 studerande
1032 1348 54 32 vid
1103 1349 305 42 kemiavdelningen
1424 1352 9 31 i
1448 1353 95 31 Lund
1559 1353 68 38 bör,
1643 1355 106 31 såsom

261 1394 441 40 organisationskommittén
723 1399 169 38 förutsatt,
913 1400 113 33 kunna
1046 1402 59 31 ske
1124 1402 116 32 hösten
1264 1407 89 29 1965.
1374 1405 82 32 Med
1477 1407 129 39 hänsyn
1629 1407 48 32 till
1698 1413 51 27 att

261 1448 102 31 redan
383 1449 63 31 den
464 1449 103 32 första
586 1450 387 43 intagningsomgångens
989 1455 173 31 studenter
1179 1456 59 31 bör
1257 1457 32 31 få
1308 1458 172 40 möjlighet
1496 1464 53 27 att
1567 1460 90 40 välja
1674 1461 75 32 livs-

261 1501 256 32 medelsteknisk
534 1502 79 40 linje
629 1503 60 32 bör
704 1505 101 40 enligt
821 1506 69 31 min
906 1507 132 41 mening
1053 1508 236 40 principbeslut
1306 1521 45 21 nu
1368 1511 103 32 fattas
1488 1524 54 20 om
1559 1513 190 33 inrättande

260 1564 44 20 av
320 1564 40 20 en
376 1554 165 39 professur
556 1555 10 31 i
584 1556 352 43 livsmedelsteknologi
953 1560 55 32 vid
1025 1561 152 33 tekniska
1193 1562 181 41 högskolan
1392 1564 10 32 i
1417 1565 96 32 Lund
1530 1566 39 32 fr.
1581 1578 29 20 o.
1623 1578 43 21 m.
1684 1568 64 31 den

261 1608 14 28 1
292 1605 61 39 juli
370 1610 89 29 1967.
474 1608 177 41 Samtidigt
666 1610 59 31 bör
740 1611 64 31 den
818 1614 192 30 nuvarande
1026 1615 204 38 professuren
1246 1616 10 30 i
1271 1617 346 40 mjölkprodukternas
1632 1621 115 31 tekno-

259 1658 63 40 logi
338 1659 56 32 vid
410 1661 301 39 alnarpsinstitutet
727 1663 161 41 indragas.
904 1665 127 40 Frågan
1047 1678 53 20 om
1118 1672 51 27 ett
1183 1668 47 31 till
1244 1669 126 40 Alnarp
1381 1671 120 40 förlagt
1510 1683 26 20 s.
1549 1673 31 31 k.
1592 1673 154 33 bransch-

259 1711 322 42 forskningsinstitut
596 1715 44 39 på
657 1715 336 35 livsmedelsområdet
1009 1719 75 31 eller
1099 1721 90 31 delar
1204 1722 103 31 därav
1324 1723 95 32 torde
1435 1724 33 32 få
1484 1725 45 31 bli
1546 1726 135 32 föremål
1698 1728 51 31 för

258 1764 247 42 förhandlingar
523 1768 76 31 med
619 1768 138 32 berörda
777 1769 202 33 företrädare
998 1771 50 32 för
1067 1773 221 40 näringslivet.
1308 1775 63 41 Jag
1390 1778 121 31 räknar
1530 1780 75 31 med
1624 1785 53 27 att
1696 1786 49 26 ett

256 1817 123 33 sådant
399 1818 132 33 institut
550 1821 83 31 skall
653 1821 112 32 kunna
784 1822 151 39 inrättas,
954 1825 111 32 därest
1083 1831 51 27 ett
1153 1827 50 31 för
1221 1832 111 28 staten
1351 1831 199 40 godtagbart
1569 1834 91 31 avtal
1680 1834 63 32 kan

257 1871 118 31 träffas
389 1872 75 32 med
477 1873 112 40 övriga
605 1874 211 33 intressenter
829 1876 10 31 i
854 1876 177 34 institutet.
1046 1879 75 32 Den
1136 1882 193 31 nuvarande
1342 1879 402 51 mejeriingenjörsutbild-

256 1923 121 40 ningen
397 1924 9 31 i
422 1925 124 40 Alnarp
564 1937 98 28 synes
679 1927 78 33 böra
775 1930 186 38 avvecklas,
979 1932 101 31 sedan
1098 1934 275 41 undervisningen
1392 1937 50 31 för
1459 1948 45 21 nu
1522 1938 135 41 intagna
1675 1945 69 27 stu-

256 1976 145 32 derande
417 1979 173 38 avslutats,
608 1980 102 32 vilket
727 1981 161 33 beräknas
906 1983 112 33 kunna
1033 1985 57 32 ske
1107 1987 103 30 under
1226 1988 121 32 läsåret
1366 1987 149 46 1966/67.

296 2095 82 32 Med
404 2098 163 30 avseende
590 2098 43 39 på
656 2098 143 32 behovet
822 2110 42 20 av
890 2099 98 41 högre
1013 2100 140 39 tjänster
1179 2102 53 32 vid
1257 2104 64 30 den
1347 2115 65 28 nya
1437 2102 305 51 kemiavdelningen

254 2148 123 32 räknar
392 2149 436 40 organisationskommittén
846 2153 75 31 med
938 2157 50 28 ett
1002 2154 179 32 successivt
1198 2155 189 34 inrättande
1404 2170 42 20 av
1463 2170 54 21 sex
1532 2157 209 50 professurer,

252 2199 74 40 fyra
346 2202 204 32 laboraturer
569 2204 60 31 och
651 2208 50 27 ett
721 2204 95 32 tiotal
837 2205 364 35 universitetslektorat.
1223 2209 145 33 Sålunda
1389 2211 133 33 föreslås
1543 2209 198 50 inrättande,

253 2253 73 32 från
352 2254 121 33 läsåret
500 2257 140 36 1965/66
666 2268 39 20 en
732 2258 165 39 professur
921 2258 10 32 i
957 2260 155 32 vartdera
1135 2272 43 20 av
1202 2264 142 31 ämnena
1368 2266 173 39 oorganisk
1567 2267 88 31 kemi
1679 2269 58 31 och

254 2307 131 31 teknisk
401 2309 165 38 analytisk
584 2310 87 30 kemi
687 2315 87 26 samt
789 2315 50 27 ett
855 2311 354 35 universitetslektorat
1232 2315 2 31 i
1250 2316 273 34 maskinelement
1537 2321 76 31 med
1629 2321 110 32 meka-

252 2359 67 38 nik,
338 2360 73 31 från
429 2361 120 32 läsåret
569 2363 140 35 1966/67
727 2374 39 20 en
786 2364 165 38 professur
969 2365 10 31 i
996 2366 155 32 vartdera
1168 2379 42 19 av
1228 2371 141 30 ämnena
1386 2370 171 39 fysikalisk
1572 2373 87 32 kemi
1678 2375 60 32 och

251 2413 154 39 organisk
427 2414 85 31 kemi
534 2420 90 26 samt
645 2420 50 27 ett
716 2416 356 34 universitetslektorat
1093 2419 8 31 i
1124 2420 152 38 biokemi,
1299 2422 72 32 från
1394 2424 119 32 läsåret
1536 2427 141 36 1967/68
1698 2439 40 21 en

250 2466 167 38 professur
436 2467 59 31 och
518 2478 40 20 en
579 2468 168 32 laboratur
769 2469 9 31 i
799 2470 154 32 vartdera
973 2482 42 20 av
1035 2474 141 31 ämnena
1196 2474 126 32 kemisk
1344 2476 165 41 teknologi
1529 2479 61 32 och
1612 2480 125 33 kemisk

250 2519 268 39 apparatteknik,
544 2520 74 32 från
641 2521 119 32 läsåret
786 2524 141 35 1968/69
951 2525 189 40 ytterligare
1164 2537 39 20 en
1228 2527 169 33 laboratur
1420 2529 9 31 i
1453 2532 153 32 vartdera
1630 2545 43 20 av
1697 2536 40 30 de
