2245 2667
733 191 253 34 IStatsutskottets
1010 194 171 33 Memorial
1202 195 64 32 N:o
1296 198 46 31 74.
1777 199 15 30 1

958 710 71 37 N:o
1060 714 58 34 74.

824 857 123 31 Ankom
971 858 48 31 till
1042 858 106 32 Riksd.
1173 859 99 31 kansli
1297 860 56 31 den
1380 862 36 29 17
1442 861 57 39 maj
1528 863 89 36 1890,
1642 860 42 33 kl.
1710 864 14 28 1
1750 874 24 21 e.
1797 874 38 20 m.

446 1002 205 49 Memorial,
681 1005 188 48 angående
892 1006 308 50 statsregleringen
1219 1009 66 48 för
1314 1008 43 36 år
1387 1009 101 37 1891.

1587 1113 54 49 (R.
1672 1115 58 49 A.)

374 1209 124 38 Sedan
532 1211 85 37 icke
646 1212 162 37 allenast
837 1214 187 50 beloppen
1055 1215 41 36 af
1119 1215 46 37 de
1193 1216 85 36 utaf
1301 1216 220 50 Riksdagen
1550 1218 190 49 beviljade
1769 1233 64 23 an-

245 1261 86 49 slag
371 1262 127 37 blifvit
540 1264 41 36 af
603 1264 221 50 Riksdagen
854 1266 209 47 bestämda,
1092 1273 92 31 utan
1214 1268 69 36 ock
1315 1269 45 36 de
1390 1283 169 23 summor
1586 1270 127 37 blifvit
1741 1272 92 36 fast-

245 1313 136 47 stälda,
424 1315 153 37 hvartill
620 1320 40 33 så
694 1318 60 35 väl
788 1319 253 37 statsverkets
1080 1320 188 36 ordinarie
1296 1320 213 38 inkomster
1537 1335 80 23 som
1646 1323 87 36 tull-
1763 1324 70 36 och

244 1367 250 48 postmedlen,
524 1368 440 50 bevillningsafgifterna
992 1372 58 36 för
1079 1372 186 37 särskilda
1288 1373 189 37 förmåner
1502 1375 69 36 och
1590 1375 242 49 rättigheter,

243 1418 327 50 stämpelmedlen,
606 1421 611 52 bränvinstillverkningsskatten
1253 1425 70 37 och
1351 1425 482 40 hvitbetssockertillverk-

241 1471 282 49 ningsafgiften
552 1473 58 36 för
639 1476 40 34 år
710 1476 95 34 1891
837 1475 107 36 skola
968 1476 200 48 beräknas,
1198 1476 195 38 äfvensom
1425 1478 126 37 beslut
1579 1479 131 37 fattats
1736 1480 96 38 huru

242 1528 79 31 stor
365 1523 60 36 del
462 1525 41 35 af
532 1525 253 38 riksbankens
816 1527 102 37 vinst
946 1528 67 36 bör
1042 1528 56 36 till
1128 1530 235 36 statsverket
1392 1530 266 49 öfverlemnas,
1690 1532 56 37 får
1775 1539 57 30 ut-

242 1575 155 46 skottet,
436 1576 152 47 jemlikt
623 1580 46 34 39
700 1578 20 49 $
750 1579 409 49 riksdagsordningen,
1195 1581 58 36 för
1281 1582 221 49 Riksdagen
1533 1583 213 50 framlägga
1774 1599 58 22 re-

242 1626 157 37 sultatet
427 1628 41 35 af
492 1630 344 49 statsregleringen
860 1631 118 49 jemte
1003 1632 73 36 den
1106 1633 190 37 utskottet
1325 1633 207 49 åliggande
1560 1636 208 50 utredning
1797 1637 40 37 af

241 1677 395 51 riksgäldskontorets
666 1682 126 36 behof.

370 1731 146 38 Härvid
558 1733 68 36 har
660 1735 189 36 utskottet
877 1735 97 37 dock
1003 1736 95 36 först
1127 1741 56 31 att
1211 1737 145 49 afgifva
1385 1739 179 48 yttrande
1594 1740 107 37 öfver
1731 1741 101 37 vissa

242 1781 147 50 väckta,
433 1789 101 31 ännu
570 1785 196 49 oafgjorda
799 1787 146 49 förslag
978 1794 100 30 samt
1105 1790 199 46 angående
1330 1795 115 32 sättet
1473 1791 58 37 för
1559 1793 208 38 anvisande
1796 1794 41 36 af

241 1834 103 37 vissa
373 1836 299 51 anslagsbelopp
701 1839 85 36 med
815 1853 114 34 mera,
959 1843 47 47 på
1035 1845 76 32 sätt
1139 1840 69 37 här
1236 1842 123 37 nedan
1388 1857 128 35 synes.

369 1888 17 36 I
427 1889 288 49 propositionen
759 1892 200 48 angående
1001 1893 256 37 statsverkets
1299 1895 172 37 tillstånd
1514 1897 70 36 och
1619 1897 120 37 behof
1763 1899 69 36 har

240 1939 143 49 Kongl.
427 1941 106 49 Maj:t
565 1941 211 51 föreslagit,
807 1950 54 30 att
891 1947 124 34 såsom
1045 1945 166 49 tillgång
1239 1946 64 37 vid
1332 1947 249 38 förevarande
1611 1950 221 49 statsregle-

239 1991 87 49 ring
368 1995 117 34 måtte
528 1993 189 38 beräknas
751 1996 71 36 och
851 1997 195 50 användas
1076 1999 255 47 odisponeradt
1359 2001 193 48 öfverskott
1580 2001 24 36 å
1629 2002 202 49 statsregle-

239 2044 181 48 ringarna
447 2046 60 48 för
536 2045 43 36 år
604 2047 95 36 1888
724 2049 60 35 och
808 2049 221 48 föregående
1057 2050 43 36 år
1130 2050 85 37 med
1245 2053 203 47 5,750,000
1477 2053 152 38 kronor.

369 2097 243 37 Beträffande
655 2098 104 38 detta
800 2100 139 50 belopp
983 2101 68 37 har
1085 2103 208 37 statsrådet
1326 2104 70 36 och
1430 2105 133 36 chefen
1598 2105 58 37 för
1692 2107 139 36 finans-

239 2148 306 48 departementet
588 2150 55 36 till
685 2151 62 36 det
790 2153 63 36 vid
895 2154 505 50 statsverkspropositionen
1445 2157 139 48 fogade
1623 2158 139 50 utdrag
1795 2159 41 36 af

239 2200 232 48 protokollet
512 2201 107 37 öfver
659 2203 308 50 finansärenden,
1011 2205 118 37 hållet
1164 2207 99 36 inför
1299 2208 107 36 Hans
1441 2209 106 49 Maj:t
1575 2210 218 50 Konungen
1821 2213 10 34 i

239 2252 208 37 statsrådet
476 2253 72 37 den
580 2256 43 34 11
649 2255 153 49 januari
830 2257 261 37 innevarande
1117 2261 50 45 år,
1198 2259 125 37 anfört
1351 2260 183 49 följande:

368 2304 307 39 »Statskontoret
719 2308 68 37 har
823 2309 114 37 redan
969 2310 12 36 i
1011 2310 202 37 skrifvelse
1242 2312 73 36 den
1346 2315 19 33 5
1396 2313 154 48 augusti
1579 2314 184 38 nästlidet
1792 2318 40 34 år

325 2364 73 32 Bih.
424 2364 49 32 till
498 2365 108 32 Riksd.
633 2366 87 32 Prot.
745 2369 90 31 1890.
881 2371 18 28 4
925 2369 99 33 Saml.
1050 2373 17 28 1
1091 2370 78 40 Afd.
1196 2372 39 30 55
1261 2371 93 40 Häft.
1772 2375 14 29 1
