<?xml version="1.0" encoding="UTF-8"?>
<alto xmlns="http://www.loc.gov/standards/alto/ns-v3#" xmlns:xlink="http://www.w3.org/1999/xlink" xmlns:xsi="http://www.w3.org/2001/XMLSchema-instance" xsi:schemaLocation="http://www.loc.gov/standards/alto/ns-v3# http://www.loc.gov/alto/v3/alto-3-0.xsd">
	<Description>
		<MeasurementUnit>pixel</MeasurementUnit>
		<sourceImageInformation>
			<fileName>/tmp/tess__fd1d27n_input.PNG</fileName>
		</sourceImageInformation>
		<OCRProcessing ID="OCR_0">
			<ocrProcessingStep>
				<processingSoftware>
					<softwareName>tesseract 5.3.0</softwareName>
				</processingSoftware>
			</ocrProcessingStep>
		</OCRProcessing>
	</Description>
	<Layout>
		<Page WIDTH="1878" HEIGHT="2778" PHYSICAL_IMG_NR="0" ID="page_0">
			<PrintSpace HPOS="0" VPOS="0" WIDTH="1878" HEIGHT="2778">
				<ComposedBlock ID="cblock_0" HPOS="272" VPOS="160" WIDTH="1375" HEIGHT="46">
					<TextBlock ID="block_0" HPOS="272" VPOS="160" WIDTH="1375" HEIGHT="46">
						<TextLine ID="line_0" HPOS="272" VPOS="160" WIDTH="1375" HEIGHT="46">
							<String ID="string_0" HPOS="272" VPOS="160" WIDTH="36" HEIGHT="29" WC="0.88" CONTENT="10"/><SP WIDTH="64" VPOS="160" HPOS="308"/>
							<String ID="string_1" HPOS="372" VPOS="161" WIDTH="238" HEIGHT="31" WC="0.27" CONTENT="Sammansatt"/><SP WIDTH="20" VPOS="161" HPOS="610"/>
							<String ID="string_2" HPOS="630" VPOS="165" WIDTH="103" HEIGHT="27" WC="0.89" CONTENT="stats-"/><SP WIDTH="21" VPOS="165" HPOS="733"/>
							<String ID="string_3" HPOS="754" VPOS="165" WIDTH="62" HEIGHT="29" WC="0.96" CONTENT="och"/><SP WIDTH="21" VPOS="165" HPOS="816"/>
							<String ID="string_4" HPOS="837" VPOS="165" WIDTH="109" HEIGHT="32" WC="0.92" CONTENT="andra"/><SP WIDTH="21" VPOS="165" HPOS="946"/>
							<String ID="string_5" HPOS="967" VPOS="166" WIDTH="210" HEIGHT="40" WC="0.91" CONTENT="lagutskotts"/><SP WIDTH="22" VPOS="166" HPOS="1177"/>
							<String ID="string_6" HPOS="1199" VPOS="168" WIDTH="179" HEIGHT="32" WC="0.96" CONTENT="utlåtande"/><SP WIDTH="22" VPOS="168" HPOS="1378"/>
							<String ID="string_7" HPOS="1400" VPOS="180" WIDTH="42" HEIGHT="20" WC="0.96" CONTENT="nr"/><SP WIDTH="20" VPOS="180" HPOS="1442"/>
							<String ID="string_8" HPOS="1462" VPOS="173" WIDTH="20" HEIGHT="28" WC="0.96" CONTENT="2"/><SP WIDTH="20" VPOS="173" HPOS="1482"/>
							<String ID="string_9" HPOS="1502" VPOS="172" WIDTH="39" HEIGHT="29" WC="0.96" CONTENT="år"/><SP WIDTH="23" VPOS="172" HPOS="1541"/>
							<String ID="string_10" HPOS="1564" VPOS="173" WIDTH="83" HEIGHT="29" WC="0.96" CONTENT="1956"/>
						</TextLine>
					</TextBlock>
				</ComposedBlock>
				<ComposedBlock ID="cblock_1" HPOS="245" VPOS="239" WIDTH="1534" HEIGHT="2288">
					<TextBlock ID="block_1" HPOS="263" VPOS="239" WIDTH="1491" HEIGHT="583">
						<TextLine ID="line_1" HPOS="268" VPOS="239" WIDTH="1485" HEIGHT="52">
							<String ID="string_11" HPOS="268" VPOS="239" WIDTH="151" HEIGHT="31" WC="0.93" CONTENT="flertalet"/><SP WIDTH="17" VPOS="239" HPOS="419"/>
							<String ID="string_12" HPOS="436" VPOS="240" WIDTH="303" HEIGHT="40" WC="0.92" CONTENT="folkpensionärer"/><SP WIDTH="17" VPOS="240" HPOS="739"/>
							<String ID="string_13" HPOS="756" VPOS="244" WIDTH="113" HEIGHT="39" WC="0.96" CONTENT="någon"/><SP WIDTH="17" VPOS="244" HPOS="869"/>
							<String ID="string_14" HPOS="886" VPOS="246" WIDTH="203" HEIGHT="40" WC="0.96" CONTENT="minskning"/><SP WIDTH="18" VPOS="246" HPOS="1089"/>
							<String ID="string_15" HPOS="1107" VPOS="257" WIDTH="42" HEIGHT="21" WC="0.96" CONTENT="av"/><SP WIDTH="17" VPOS="257" HPOS="1149"/>
							<String ID="string_16" HPOS="1166" VPOS="249" WIDTH="334" HEIGHT="41" WC="0.91" CONTENT="inkomstökningen"/><SP WIDTH="18" VPOS="249" HPOS="1500"/>
							<String ID="string_17" HPOS="1518" VPOS="260" WIDTH="123" HEIGHT="31" WC="0.95" CONTENT="genom"/><SP WIDTH="19" VPOS="260" HPOS="1641"/>
							<String ID="string_18" HPOS="1660" VPOS="253" WIDTH="93" HEIGHT="30" WC="0.96" CONTENT="skatt"/>
						</TextLine>
						<TextLine ID="line_2" HPOS="267" VPOS="292" WIDTH="1486" HEIGHT="57">
							<String ID="string_19" HPOS="267" VPOS="292" WIDTH="70" HEIGHT="30" WC="0.96" CONTENT="inte"/><SP WIDTH="23" VPOS="292" HPOS="337"/>
							<String ID="string_20" HPOS="360" VPOS="293" WIDTH="143" HEIGHT="40" WC="0.96" CONTENT="förelåg,"/><SP WIDTH="24" VPOS="293" HPOS="503"/>
							<String ID="string_21" HPOS="527" VPOS="296" WIDTH="81" HEIGHT="38" WC="0.96" CONTENT="göra"/><SP WIDTH="24" VPOS="296" HPOS="608"/>
							<String ID="string_22" HPOS="632" VPOS="297" WIDTH="269" HEIGHT="40" WC="0.96" CONTENT="uppräkningen"/><SP WIDTH="23" VPOS="297" HPOS="901"/>
							<String ID="string_23" HPOS="924" VPOS="299" WIDTH="135" HEIGHT="31" WC="0.96" CONTENT="mindre"/><SP WIDTH="24" VPOS="299" HPOS="1059"/>
							<String ID="string_24" HPOS="1083" VPOS="302" WIDTH="45" HEIGHT="28" WC="0.96" CONTENT="än"/><SP WIDTH="24" VPOS="302" HPOS="1128"/>
							<String ID="string_25" HPOS="1152" VPOS="302" WIDTH="79" HEIGHT="29" WC="0.96" CONTENT="med"/><SP WIDTH="24" VPOS="302" HPOS="1231"/>
							<String ID="string_26" HPOS="1255" VPOS="302" WIDTH="57" HEIGHT="30" WC="0.96" CONTENT="det"/><SP WIDTH="23" VPOS="302" HPOS="1312"/>
							<String ID="string_27" HPOS="1335" VPOS="304" WIDTH="154" HEIGHT="30" WC="0.96" CONTENT="nämnda"/><SP WIDTH="24" VPOS="304" HPOS="1489"/>
							<String ID="string_28" HPOS="1513" VPOS="302" WIDTH="240" HEIGHT="47" WC="0.91" CONTENT="procenttalet."/>
						</TextLine>
						<TextLine ID="line_3" HPOS="268" VPOS="345" WIDTH="1486" HEIGHT="53">
							<String ID="string_29" HPOS="268" VPOS="345" WIDTH="447" HEIGHT="43" WC="0.91" CONTENT="Standardförbättringens"/><SP WIDTH="27" VPOS="345" HPOS="715"/>
							<String ID="string_30" HPOS="742" VPOS="351" WIDTH="129" HEIGHT="29" WC="0.96" CONTENT="storlek"/><SP WIDTH="24" VPOS="351" HPOS="871"/>
							<String ID="string_31" HPOS="895" VPOS="352" WIDTH="106" HEIGHT="30" WC="0.96" CONTENT="borde"/><SP WIDTH="24" VPOS="352" HPOS="1001"/>
							<String ID="string_32" HPOS="1025" VPOS="354" WIDTH="106" HEIGHT="29" WC="0.96" CONTENT="också"/><SP WIDTH="25" VPOS="354" HPOS="1131"/>
							<String ID="string_33" HPOS="1156" VPOS="364" WIDTH="168" HEIGHT="30" WC="0.96" CONTENT="anpassas"/><SP WIDTH="27" VPOS="364" HPOS="1324"/>
							<String ID="string_34" HPOS="1351" VPOS="357" WIDTH="88" HEIGHT="29" WC="0.96" CONTENT="efter"/><SP WIDTH="26" VPOS="357" HPOS="1439"/>
							<String ID="string_35" HPOS="1465" VPOS="358" WIDTH="41" HEIGHT="29" WC="0.96" CONTENT="de"/><SP WIDTH="26" VPOS="358" HPOS="1506"/>
							<String ID="string_36" HPOS="1532" VPOS="359" WIDTH="222" HEIGHT="39" WC="0.96" CONTENT="möjligheter"/>
						</TextLine>
						<TextLine ID="line_4" HPOS="267" VPOS="402" WIDTH="1487" HEIGHT="47">
							<String ID="string_37" HPOS="267" VPOS="407" WIDTH="74" HEIGHT="21" WC="0.93" CONTENT="som"/><SP WIDTH="21" VPOS="407" HPOS="341"/>
							<String ID="string_38" HPOS="362" VPOS="417" WIDTH="44" HEIGHT="3" WC="0.91" CONTENT="—"/><SP WIDTH="22" VPOS="417" HPOS="406"/>
							<String ID="string_39" HPOS="428" VPOS="402" WIDTH="86" HEIGHT="28" WC="0.96" CONTENT="utan"/><SP WIDTH="22" VPOS="402" HPOS="514"/>
							<String ID="string_40" HPOS="536" VPOS="403" WIDTH="50" HEIGHT="27" WC="0.96" CONTENT="att"/><SP WIDTH="22" VPOS="403" HPOS="586"/>
							<String ID="string_41" HPOS="608" VPOS="403" WIDTH="110" HEIGHT="30" WC="0.96" CONTENT="andra"/><SP WIDTH="23" VPOS="403" HPOS="718"/>
							<String ID="string_42" HPOS="741" VPOS="404" WIDTH="191" HEIGHT="40" WC="0.96" CONTENT="angelägna"/><SP WIDTH="22" VPOS="404" HPOS="932"/>
							<String ID="string_43" HPOS="954" VPOS="406" WIDTH="169" HEIGHT="30" WC="0.96" CONTENT="reformer"/><SP WIDTH="22" VPOS="406" HPOS="1123"/>
							<String ID="string_44" HPOS="1145" VPOS="407" WIDTH="155" HEIGHT="31" WC="0.93" CONTENT="behövde"/><SP WIDTH="23" VPOS="407" HPOS="1300"/>
							<String ID="string_45" HPOS="1323" VPOS="410" WIDTH="262" HEIGHT="39" WC="0.92" CONTENT="undanskjutas"/><SP WIDTH="22" VPOS="410" HPOS="1585"/>
							<String ID="string_46" HPOS="1607" VPOS="430" WIDTH="44" HEIGHT="2" WC="0.91" CONTENT="—"/><SP WIDTH="23" VPOS="430" HPOS="1651"/>
							<String ID="string_47" HPOS="1674" VPOS="412" WIDTH="80" HEIGHT="29" WC="0.91" CONTENT="fun-"/>
						</TextLine>
						<TextLine ID="line_5" HPOS="267" VPOS="452" WIDTH="1486" HEIGHT="51">
							<String ID="string_48" HPOS="267" VPOS="461" WIDTH="59" HEIGHT="20" WC="0.96" CONTENT="nes"/><SP WIDTH="25" VPOS="461" HPOS="326"/>
							<String ID="string_49" HPOS="351" VPOS="452" WIDTH="55" HEIGHT="30" WC="0.96" CONTENT="för"/><SP WIDTH="24" VPOS="452" HPOS="406"/>
							<String ID="string_50" HPOS="430" VPOS="462" WIDTH="44" HEIGHT="21" WC="0.93" CONTENT="en"/><SP WIDTH="25" VPOS="462" HPOS="474"/>
							<String ID="string_51" HPOS="499" VPOS="455" WIDTH="278" HEIGHT="41" WC="0.92" CONTENT="utgiftsstegring"/><SP WIDTH="26" VPOS="455" HPOS="777"/>
							<String ID="string_52" HPOS="803" VPOS="466" WIDTH="41" HEIGHT="21" WC="0.96" CONTENT="av"/><SP WIDTH="24" VPOS="466" HPOS="844"/>
							<String ID="string_53" HPOS="868" VPOS="458" WIDTH="67" HEIGHT="30" WC="0.96" CONTENT="den"/><SP WIDTH="25" VPOS="458" HPOS="935"/>
							<String ID="string_54" HPOS="960" VPOS="459" WIDTH="212" HEIGHT="41" WC="0.96" CONTENT="omfattning"/><SP WIDTH="25" VPOS="459" HPOS="1172"/>
							<String ID="string_55" HPOS="1197" VPOS="470" WIDTH="120" HEIGHT="21" WC="0.96" CONTENT="varom"/><SP WIDTH="25" VPOS="470" HPOS="1317"/>
							<String ID="string_56" HPOS="1342" VPOS="472" WIDTH="81" HEIGHT="20" WC="0.93" CONTENT="vore"/><SP WIDTH="27" VPOS="472" HPOS="1423"/>
							<String ID="string_57" HPOS="1450" VPOS="464" WIDTH="108" HEIGHT="39" WC="0.96" CONTENT="fråga."/><SP WIDTH="27" VPOS="464" HPOS="1558"/>
							<String ID="string_58" HPOS="1585" VPOS="465" WIDTH="52" HEIGHT="29" WC="0.92" CONTENT="En"/><SP WIDTH="26" VPOS="465" HPOS="1637"/>
							<String ID="string_59" HPOS="1663" VPOS="475" WIDTH="90" HEIGHT="20" WC="0.91" CONTENT="sam-"/>
						</TextLine>
						<TextLine ID="line_6" HPOS="266" VPOS="505" WIDTH="1486" HEIGHT="49">
							<String ID="string_60" HPOS="266" VPOS="505" WIDTH="162" HEIGHT="39" WC="0.91" CONTENT="manlagd"/><SP WIDTH="25" VPOS="505" HPOS="428"/>
							<String ID="string_61" HPOS="453" VPOS="508" WIDTH="223" HEIGHT="39" WC="0.96" CONTENT="uppräkning"/><SP WIDTH="26" VPOS="508" HPOS="676"/>
							<String ID="string_62" HPOS="702" VPOS="518" WIDTH="42" HEIGHT="21" WC="0.96" CONTENT="av"/><SP WIDTH="25" VPOS="518" HPOS="744"/>
							<String ID="string_63" HPOS="769" VPOS="510" WIDTH="40" HEIGHT="29" WC="0.96" CONTENT="de"/><SP WIDTH="25" VPOS="510" HPOS="809"/>
							<String ID="string_64" HPOS="834" VPOS="510" WIDTH="39" HEIGHT="30" WC="0.96" CONTENT="år"/><SP WIDTH="28" VPOS="510" HPOS="873"/>
							<String ID="string_65" HPOS="901" VPOS="511" WIDTH="82" HEIGHT="30" WC="0.96" CONTENT="1946"/><SP WIDTH="26" VPOS="511" HPOS="983"/>
							<String ID="string_66" HPOS="1009" VPOS="513" WIDTH="179" HEIGHT="31" WC="0.93" CONTENT="beslutade"/><SP WIDTH="26" VPOS="513" HPOS="1188"/>
							<String ID="string_67" HPOS="1214" VPOS="514" WIDTH="310" HEIGHT="40" WC="0.90" CONTENT="folkpensionerna"/><SP WIDTH="26" VPOS="514" HPOS="1524"/>
							<String ID="string_68" HPOS="1550" VPOS="519" WIDTH="79" HEIGHT="29" WC="0.96" CONTENT="med"/><SP WIDTH="26" VPOS="519" HPOS="1629"/>
							<String ID="string_69" HPOS="1655" VPOS="519" WIDTH="97" HEIGHT="29" WC="0.96" CONTENT="cirka"/>
						</TextLine>
						<TextLine ID="line_7" HPOS="267" VPOS="558" WIDTH="1485" HEIGHT="53">
							<String ID="string_70" HPOS="267" VPOS="558" WIDTH="38" HEIGHT="29" WC="0.94" CONTENT="75"/><SP WIDTH="21" VPOS="558" HPOS="305"/>
							<String ID="string_71" HPOS="326" VPOS="562" WIDTH="144" HEIGHT="35" WC="0.96" CONTENT="procent"/><SP WIDTH="21" VPOS="562" HPOS="470"/>
							<String ID="string_72" HPOS="491" VPOS="569" WIDTH="79" HEIGHT="21" WC="0.95" CONTENT="vore"/><SP WIDTH="21" VPOS="569" HPOS="570"/>
							<String ID="string_73" HPOS="591" VPOS="562" WIDTH="116" HEIGHT="39" WC="0.96" CONTENT="rimlig"/><SP WIDTH="20" VPOS="562" HPOS="707"/>
							<String ID="string_74" HPOS="727" VPOS="563" WIDTH="65" HEIGHT="29" WC="0.96" CONTENT="och"/><SP WIDTH="20" VPOS="563" HPOS="792"/>
							<String ID="string_75" HPOS="812" VPOS="564" WIDTH="132" HEIGHT="39" WC="0.96" CONTENT="möjlig."/><SP WIDTH="24" VPOS="564" HPOS="944"/>
							<String ID="string_76" HPOS="968" VPOS="565" WIDTH="65" HEIGHT="30" WC="0.95" CONTENT="Om"/><SP WIDTH="22" VPOS="565" HPOS="1033"/>
							<String ID="string_77" HPOS="1055" VPOS="576" WIDTH="83" HEIGHT="20" WC="0.92" CONTENT="man"/><SP WIDTH="20" VPOS="576" HPOS="1138"/>
							<String ID="string_78" HPOS="1158" VPOS="568" WIDTH="198" HEIGHT="30" WC="0.92" CONTENT="avräknade"/><SP WIDTH="23" VPOS="568" HPOS="1356"/>
							<String ID="string_79" HPOS="1379" VPOS="569" WIDTH="67" HEIGHT="30" WC="0.96" CONTENT="den"/><SP WIDTH="22" VPOS="569" HPOS="1446"/>
							<String ID="string_80" HPOS="1468" VPOS="570" WIDTH="204" HEIGHT="41" WC="0.96" CONTENT="förhöjning"/><SP WIDTH="22" VPOS="570" HPOS="1672"/>
							<String ID="string_81" HPOS="1694" VPOS="581" WIDTH="58" HEIGHT="20" WC="0.96" CONTENT="om"/>
						</TextLine>
						<TextLine ID="line_8" HPOS="264" VPOS="611" WIDTH="1488" HEIGHT="45">
							<String ID="string_82" HPOS="264" VPOS="611" WIDTH="145" HEIGHT="40" WC="0.91" CONTENT="tillhopa"/><SP WIDTH="22" VPOS="611" HPOS="409"/>
							<String ID="string_83" HPOS="431" VPOS="612" WIDTH="41" HEIGHT="30" WC="0.95" CONTENT="35"/><SP WIDTH="23" VPOS="612" HPOS="472"/>
							<String ID="string_84" HPOS="495" VPOS="617" WIDTH="142" HEIGHT="35" WC="0.96" CONTENT="procent"/><SP WIDTH="23" VPOS="617" HPOS="637"/>
							<String ID="string_85" HPOS="660" VPOS="625" WIDTH="75" HEIGHT="20" WC="0.92" CONTENT="som"/><SP WIDTH="24" VPOS="625" HPOS="735"/>
							<String ID="string_86" HPOS="759" VPOS="616" WIDTH="348" HEIGHT="40" WC="0.91" CONTENT="folkpensionärerna"/><SP WIDTH="22" VPOS="616" HPOS="1107"/>
							<String ID="string_87" HPOS="1129" VPOS="620" WIDTH="108" HEIGHT="30" WC="0.95" CONTENT="redan"/><SP WIDTH="22" VPOS="620" HPOS="1237"/>
							<String ID="string_88" HPOS="1259" VPOS="622" WIDTH="139" HEIGHT="30" WC="0.95" CONTENT="erhållit"/><SP WIDTH="22" VPOS="622" HPOS="1398"/>
							<String ID="string_89" HPOS="1420" VPOS="623" WIDTH="11" HEIGHT="29" WC="0.96" CONTENT="i"/><SP WIDTH="23" VPOS="623" HPOS="1431"/>
							<String ID="string_90" HPOS="1454" VPOS="623" WIDTH="93" HEIGHT="29" WC="0.96" CONTENT="form"/><SP WIDTH="22" VPOS="623" HPOS="1547"/>
							<String ID="string_91" HPOS="1569" VPOS="633" WIDTH="42" HEIGHT="21" WC="0.93" CONTENT="av"/><SP WIDTH="21" VPOS="633" HPOS="1611"/>
							<String ID="string_92" HPOS="1632" VPOS="625" WIDTH="120" HEIGHT="29" WC="0.92" CONTENT="index-"/>
						</TextLine>
						<TextLine ID="line_9" HPOS="265" VPOS="664" WIDTH="1487" HEIGHT="52">
							<String ID="string_93" HPOS="265" VPOS="664" WIDTH="213" HEIGHT="41" WC="0.96" CONTENT="förhöjning,"/><SP WIDTH="22" VPOS="664" HPOS="478"/>
							<String ID="string_94" HPOS="500" VPOS="667" WIDTH="111" HEIGHT="30" WC="0.95" CONTENT="skulle"/><SP WIDTH="20" VPOS="667" HPOS="611"/>
							<String ID="string_95" HPOS="631" VPOS="668" WIDTH="95" HEIGHT="30" WC="0.96" CONTENT="detta"/><SP WIDTH="20" VPOS="668" HPOS="726"/>
							<String ID="string_96" HPOS="746" VPOS="669" WIDTH="167" HEIGHT="32" WC="0.96" CONTENT="innebära"/><SP WIDTH="20" VPOS="669" HPOS="913"/>
							<String ID="string_97" HPOS="933" VPOS="681" WIDTH="43" HEIGHT="20" WC="0.96" CONTENT="en"/><SP WIDTH="19" VPOS="681" HPOS="976"/>
							<String ID="string_98" HPOS="995" VPOS="673" WIDTH="199" HEIGHT="39" WC="0.96" CONTENT="ytterligare"/><SP WIDTH="21" VPOS="673" HPOS="1194"/>
							<String ID="string_99" HPOS="1215" VPOS="674" WIDTH="147" HEIGHT="40" WC="0.96" CONTENT="höjning"/><SP WIDTH="21" VPOS="674" HPOS="1362"/>
							<String ID="string_100" HPOS="1383" VPOS="676" WIDTH="79" HEIGHT="30" WC="0.96" CONTENT="med"/><SP WIDTH="22" VPOS="676" HPOS="1462"/>
							<String ID="string_101" HPOS="1484" VPOS="676" WIDTH="41" HEIGHT="30" WC="0.96" CONTENT="40"/><SP WIDTH="20" VPOS="676" HPOS="1525"/>
							<String ID="string_102" HPOS="1545" VPOS="680" WIDTH="144" HEIGHT="36" WC="0.96" CONTENT="procent"/><SP WIDTH="21" VPOS="680" HPOS="1689"/>
							<String ID="string_103" HPOS="1710" VPOS="687" WIDTH="42" HEIGHT="21" WC="0.95" CONTENT="av"/>
						</TextLine>
						<TextLine ID="line_10" HPOS="263" VPOS="718" WIDTH="1487" HEIGHT="51">
							<String ID="string_104" HPOS="263" VPOS="718" WIDTH="250" HEIGHT="37" WC="0.91" CONTENT="pensionernas"/><SP WIDTH="24" VPOS="718" HPOS="513"/>
							<String ID="string_105" HPOS="537" VPOS="721" WIDTH="294" HEIGHT="38" WC="0.92" CONTENT="grundförmåner"/><SP WIDTH="31" VPOS="721" HPOS="831"/>
							<String ID="string_106" HPOS="862" VPOS="723" WIDTH="125" HEIGHT="33" WC="0.96" CONTENT="(härav"/><SP WIDTH="23" VPOS="723" HPOS="987"/>
							<String ID="string_107" HPOS="1010" VPOS="725" WIDTH="88" HEIGHT="31" WC="0.96" CONTENT="hade"/><SP WIDTH="25" VPOS="725" HPOS="1098"/>
							<String ID="string_108" HPOS="1123" VPOS="727" WIDTH="90" HEIGHT="29" WC="0.96" CONTENT="dock"/><SP WIDTH="25" VPOS="727" HPOS="1213"/>
							<String ID="string_109" HPOS="1238" VPOS="727" WIDTH="18" HEIGHT="29" WC="0.96" CONTENT="5"/><SP WIDTH="26" VPOS="727" HPOS="1256"/>
							<String ID="string_110" HPOS="1282" VPOS="731" WIDTH="162" HEIGHT="36" WC="0.96" CONTENT="procents"/><SP WIDTH="26" VPOS="731" HPOS="1444"/>
							<String ID="string_111" HPOS="1470" VPOS="729" WIDTH="147" HEIGHT="40" WC="0.96" CONTENT="höjning"/><SP WIDTH="25" VPOS="729" HPOS="1617"/>
							<String ID="string_112" HPOS="1642" VPOS="731" WIDTH="108" HEIGHT="29" WC="0.95" CONTENT="redan"/>
						</TextLine>
						<TextLine ID="line_11" HPOS="264" VPOS="771" WIDTH="1329" HEIGHT="56">
							<String ID="string_113" HPOS="264" VPOS="771" WIDTH="109" HEIGHT="29" WC="0.96" CONTENT="under"/><SP WIDTH="25" VPOS="771" HPOS="373"/>
							<String ID="string_114" HPOS="398" VPOS="772" WIDTH="39" HEIGHT="29" WC="0.96" CONTENT="år"/><SP WIDTH="28" VPOS="772" HPOS="437"/>
							<String ID="string_115" HPOS="465" VPOS="773" WIDTH="82" HEIGHT="29" WC="0.95" CONTENT="1952"/><SP WIDTH="25" VPOS="773" HPOS="547"/>
							<String ID="string_116" HPOS="572" VPOS="773" WIDTH="205" HEIGHT="32" WC="0.96" CONTENT="tillkommit"/><SP WIDTH="24" VPOS="773" HPOS="777"/>
							<String ID="string_117" HPOS="801" VPOS="777" WIDTH="272" HEIGHT="39" WC="0.96" CONTENT="pensionärerna"/><SP WIDTH="25" VPOS="777" HPOS="1073"/>
							<String ID="string_118" HPOS="1098" VPOS="780" WIDTH="11" HEIGHT="29" WC="0.96" CONTENT="i"/><SP WIDTH="25" VPOS="780" HPOS="1109"/>
							<String ID="string_119" HPOS="1134" VPOS="779" WIDTH="93" HEIGHT="30" WC="0.96" CONTENT="form"/><SP WIDTH="25" VPOS="779" HPOS="1227"/>
							<String ID="string_120" HPOS="1252" VPOS="790" WIDTH="42" HEIGHT="21" WC="0.95" CONTENT="av"/><SP WIDTH="25" VPOS="790" HPOS="1294"/>
							<String ID="string_121" HPOS="1319" VPOS="783" WIDTH="97" HEIGHT="28" WC="0.95" CONTENT="extra"/><SP WIDTH="26" VPOS="783" HPOS="1416"/>
							<String ID="string_122" HPOS="1442" VPOS="778" WIDTH="151" HEIGHT="49" WC="0.96" CONTENT="tillägg)."/>
						</TextLine>
					</TextBlock>
					<TextBlock ID="block_2" HPOS="308" VPOS="825" WIDTH="1312" HEIGHT="50">
						<TextLine ID="line_12" HPOS="308" VPOS="825" WIDTH="1312" HEIGHT="50">
							<String ID="string_123" HPOS="308" VPOS="825" WIDTH="72" HEIGHT="30" WC="0.95" CONTENT="Vad"/><SP WIDTH="19" VPOS="825" HPOS="380"/>
							<String ID="string_124" HPOS="399" VPOS="825" WIDTH="148" HEIGHT="31" WC="0.95" CONTENT="sålunda"/><SP WIDTH="17" VPOS="825" HPOS="547"/>
							<String ID="string_125" HPOS="564" VPOS="828" WIDTH="135" HEIGHT="30" WC="0.96" CONTENT="anförts"/><SP WIDTH="20" VPOS="828" HPOS="699"/>
							<String ID="string_126" HPOS="719" VPOS="839" WIDTH="41" HEIGHT="19" WC="0.93" CONTENT="av"/><SP WIDTH="18" VPOS="839" HPOS="760"/>
							<String ID="string_127" HPOS="778" VPOS="830" WIDTH="384" HEIGHT="39" WC="0.91" CONTENT="departementschefen"/><SP WIDTH="18" VPOS="830" HPOS="1162"/>
							<String ID="string_128" HPOS="1180" VPOS="835" WIDTH="144" HEIGHT="39" WC="0.91" CONTENT="godtogs"/><SP WIDTH="19" VPOS="835" HPOS="1324"/>
							<String ID="string_129" HPOS="1343" VPOS="845" WIDTH="41" HEIGHT="20" WC="0.96" CONTENT="av"/><SP WIDTH="18" VPOS="845" HPOS="1384"/>
							<String ID="string_130" HPOS="1402" VPOS="836" WIDTH="218" HEIGHT="39" WC="0.20" CONTENT="riksdagen.»"/>
						</TextLine>
					</TextBlock>
					<TextBlock ID="block_3" HPOS="262" VPOS="878" WIDTH="1488" HEIGHT="366">
						<TextLine ID="line_13" HPOS="308" VPOS="878" WIDTH="1442" HEIGHT="49">
							<String ID="string_131" HPOS="308" VPOS="878" WIDTH="131" HEIGHT="30" WC="0.96" CONTENT="Genom"/><SP WIDTH="17" VPOS="878" HPOS="439"/>
							<String ID="string_132" HPOS="456" VPOS="880" WIDTH="42" HEIGHT="29" WC="0.95" CONTENT="de"/><SP WIDTH="17" VPOS="880" HPOS="498"/>
							<String ID="string_133" HPOS="515" VPOS="880" WIDTH="38" HEIGHT="29" WC="0.96" CONTENT="år"/><SP WIDTH="21" VPOS="880" HPOS="553"/>
							<String ID="string_134" HPOS="574" VPOS="881" WIDTH="81" HEIGHT="30" WC="0.90" CONTENT="1953"/><SP WIDTH="17" VPOS="881" HPOS="655"/>
							<String ID="string_135" HPOS="672" VPOS="882" WIDTH="180" HEIGHT="31" WC="0.93" CONTENT="beslutade"/><SP WIDTH="19" VPOS="882" HPOS="852"/>
							<String ID="string_136" HPOS="871" VPOS="886" WIDTH="334" HEIGHT="40" WC="0.89" CONTENT="standardtilläggen"/><SP WIDTH="18" VPOS="886" HPOS="1205"/>
							<String ID="string_137" HPOS="1223" VPOS="888" WIDTH="123" HEIGHT="39" WC="0.96" CONTENT="avsågs"/><SP WIDTH="19" VPOS="888" HPOS="1346"/>
							<String ID="string_138" HPOS="1365" VPOS="889" WIDTH="159" HEIGHT="34" WC="0.96" CONTENT="sålunda,"/><SP WIDTH="20" VPOS="889" HPOS="1524"/>
							<String ID="string_139" HPOS="1544" VPOS="890" WIDTH="206" HEIGHT="31" WC="0.96" CONTENT="framhåller"/>
						</TextLine>
						<TextLine ID="line_14" HPOS="265" VPOS="931" WIDTH="1484" HEIGHT="52">
							<String ID="string_140" HPOS="265" VPOS="931" WIDTH="394" HEIGHT="39" WC="0.92" CONTENT="departementschefen,"/><SP WIDTH="21" VPOS="931" HPOS="659"/>
							<String ID="string_141" HPOS="680" VPOS="937" WIDTH="51" HEIGHT="28" WC="0.96" CONTENT="att"/><SP WIDTH="20" VPOS="937" HPOS="731"/>
							<String ID="string_142" HPOS="751" VPOS="936" WIDTH="76" HEIGHT="39" WC="0.96" CONTENT="giva"/><SP WIDTH="20" VPOS="936" HPOS="827"/>
							<String ID="string_143" HPOS="847" VPOS="938" WIDTH="273" HEIGHT="38" WC="0.95" CONTENT="pensionärerna"/><SP WIDTH="21" VPOS="938" HPOS="1120"/>
							<String ID="string_144" HPOS="1141" VPOS="941" WIDTH="54" HEIGHT="29" WC="0.96" CONTENT="del"/><SP WIDTH="22" VPOS="941" HPOS="1195"/>
							<String ID="string_145" HPOS="1217" VPOS="941" WIDTH="10" HEIGHT="28" WC="0.96" CONTENT="i"/><SP WIDTH="20" VPOS="941" HPOS="1227"/>
							<String ID="string_146" HPOS="1247" VPOS="941" WIDTH="429" HEIGHT="42" WC="0.91" CONTENT="välståndsutvecklingen"/><SP WIDTH="21" VPOS="941" HPOS="1676"/>
							<String ID="string_147" HPOS="1697" VPOS="943" WIDTH="52" HEIGHT="31" WC="0.89" CONTENT="til"/>
						</TextLine>
						<TextLine ID="line_15" HPOS="262" VPOS="985" WIDTH="1485" HEIGHT="47">
							<String ID="string_148" HPOS="262" VPOS="985" WIDTH="63" HEIGHT="28" WC="0.96" CONTENT="och"/><SP WIDTH="17" VPOS="985" HPOS="325"/>
							<String ID="string_149" HPOS="342" VPOS="986" WIDTH="77" HEIGHT="29" WC="0.95" CONTENT="med"/><SP WIDTH="17" VPOS="986" HPOS="419"/>
							<String ID="string_150" HPOS="436" VPOS="986" WIDTH="38" HEIGHT="29" WC="0.96" CONTENT="år"/><SP WIDTH="19" VPOS="986" HPOS="474"/>
							<String ID="string_151" HPOS="493" VPOS="986" WIDTH="92" HEIGHT="31" WC="0.96" CONTENT="1952."/><SP WIDTH="18" VPOS="986" HPOS="585"/>
							<String ID="string_152" HPOS="603" VPOS="988" WIDTH="112" HEIGHT="30" WC="0.96" CONTENT="Sedan"/><SP WIDTH="17" VPOS="988" HPOS="715"/>
							<String ID="string_153" HPOS="732" VPOS="990" WIDTH="78" HEIGHT="28" WC="0.96" CONTENT="dess"/><SP WIDTH="16" VPOS="990" HPOS="810"/>
							<String ID="string_154" HPOS="826" VPOS="990" WIDTH="88" HEIGHT="30" WC="0.96" CONTENT="hade"/><SP WIDTH="16" VPOS="990" HPOS="914"/>
							<String ID="string_155" HPOS="930" VPOS="991" WIDTH="326" HEIGHT="41" WC="0.96" CONTENT="löneutvecklingen"/><SP WIDTH="19" VPOS="991" HPOS="1256"/>
							<String ID="string_156" HPOS="1275" VPOS="995" WIDTH="9" HEIGHT="28" WC="0.96" CONTENT="i"/><SP WIDTH="17" VPOS="995" HPOS="1284"/>
							<String ID="string_157" HPOS="1301" VPOS="995" WIDTH="118" HEIGHT="30" WC="0.96" CONTENT="landet"/><SP WIDTH="18" VPOS="995" HPOS="1419"/>
							<String ID="string_158" HPOS="1437" VPOS="996" WIDTH="141" HEIGHT="29" WC="0.96" CONTENT="fortsatt"/><SP WIDTH="19" VPOS="996" HPOS="1578"/>
							<String ID="string_159" HPOS="1597" VPOS="999" WIDTH="50" HEIGHT="27" WC="0.96" CONTENT="att"/><SP WIDTH="16" VPOS="999" HPOS="1647"/>
							<String ID="string_160" HPOS="1663" VPOS="1006" WIDTH="84" HEIGHT="21" WC="0.96" CONTENT="vara"/>
						</TextLine>
						<TextLine ID="line_16" HPOS="262" VPOS="1037" WIDTH="1485" HEIGHT="45">
							<String ID="string_161" HPOS="262" VPOS="1037" WIDTH="166" HEIGHT="39" WC="0.96" CONTENT="stigande."/><SP WIDTH="17" VPOS="1037" HPOS="428"/>
							<String ID="string_162" HPOS="445" VPOS="1039" WIDTH="78" HEIGHT="30" WC="0.96" CONTENT="Med"/><SP WIDTH="16" VPOS="1039" HPOS="523"/>
							<String ID="string_163" HPOS="539" VPOS="1049" WIDTH="134" HEIGHT="22" WC="0.93" CONTENT="samma"/><SP WIDTH="15" VPOS="1049" HPOS="673"/>
							<String ID="string_164" HPOS="688" VPOS="1042" WIDTH="369" HEIGHT="40" WC="0.92" CONTENT="beräkningsmetoder"/><SP WIDTH="17" VPOS="1042" HPOS="1057"/>
							<String ID="string_165" HPOS="1074" VPOS="1055" WIDTH="75" HEIGHT="20" WC="0.96" CONTENT="som"/><SP WIDTH="16" VPOS="1055" HPOS="1149"/>
							<String ID="string_166" HPOS="1165" VPOS="1048" WIDTH="177" HEIGHT="29" WC="0.95" CONTENT="användes"/><SP WIDTH="15" VPOS="1048" HPOS="1342"/>
							<String ID="string_167" HPOS="1357" VPOS="1048" WIDTH="39" HEIGHT="29" WC="0.96" CONTENT="år"/><SP WIDTH="19" VPOS="1048" HPOS="1396"/>
							<String ID="string_168" HPOS="1415" VPOS="1048" WIDTH="83" HEIGHT="31" WC="0.96" CONTENT="1953"/><SP WIDTH="17" VPOS="1048" HPOS="1498"/>
							<String ID="string_169" HPOS="1515" VPOS="1050" WIDTH="64" HEIGHT="29" WC="0.96" CONTENT="och"/><SP WIDTH="17" VPOS="1050" HPOS="1579"/>
							<String ID="string_170" HPOS="1596" VPOS="1051" WIDTH="79" HEIGHT="29" WC="0.93" CONTENT="med"/><SP WIDTH="16" VPOS="1051" HPOS="1675"/>
							<String ID="string_171" HPOS="1691" VPOS="1050" WIDTH="56" HEIGHT="30" WC="0.92" CONTENT="be-"/>
						</TextLine>
						<TextLine ID="line_17" HPOS="263" VPOS="1091" WIDTH="1485" HEIGHT="50">
							<String ID="string_172" HPOS="263" VPOS="1091" WIDTH="150" HEIGHT="30" WC="0.90" CONTENT="aktande"/><SP WIDTH="27" VPOS="1091" HPOS="413"/>
							<String ID="string_173" HPOS="440" VPOS="1092" WIDTH="132" HEIGHT="38" WC="0.96" CONTENT="jämväl"/><SP WIDTH="28" VPOS="1092" HPOS="572"/>
							<String ID="string_174" HPOS="600" VPOS="1104" WIDTH="41" HEIGHT="19" WC="0.96" CONTENT="av"/><SP WIDTH="29" VPOS="1104" HPOS="641"/>
							<String ID="string_175" HPOS="670" VPOS="1096" WIDTH="41" HEIGHT="29" WC="0.96" CONTENT="de"/><SP WIDTH="28" VPOS="1096" HPOS="711"/>
							<String ID="string_176" HPOS="739" VPOS="1096" WIDTH="189" HEIGHT="40" WC="0.96" CONTENT="ändringar"/><SP WIDTH="27" VPOS="1096" HPOS="928"/>
							<String ID="string_177" HPOS="955" VPOS="1098" WIDTH="11" HEIGHT="29" WC="0.92" CONTENT="i"/><SP WIDTH="27" VPOS="1098" HPOS="966"/>
							<String ID="string_178" HPOS="993" VPOS="1098" WIDTH="404" HEIGHT="41" WC="0.92" CONTENT="beskattningsreglerna"/><SP WIDTH="30" VPOS="1098" HPOS="1397"/>
							<String ID="string_179" HPOS="1427" VPOS="1111" WIDTH="74" HEIGHT="20" WC="0.96" CONTENT="som"/><SP WIDTH="30" VPOS="1111" HPOS="1501"/>
							<String ID="string_180" HPOS="1531" VPOS="1103" WIDTH="217" HEIGHT="38" WC="0.96" CONTENT="genomförts"/>
						</TextLine>
						<TextLine ID="line_18" HPOS="263" VPOS="1144" WIDTH="1485" HEIGHT="52">
							<String ID="string_181" HPOS="263" VPOS="1144" WIDTH="105" HEIGHT="29" WC="0.96" CONTENT="sedan"/><SP WIDTH="19" VPOS="1144" HPOS="368"/>
							<String ID="string_182" HPOS="387" VPOS="1146" WIDTH="79" HEIGHT="29" WC="0.96" CONTENT="dess"/><SP WIDTH="19" VPOS="1146" HPOS="466"/>
							<String ID="string_183" HPOS="485" VPOS="1148" WIDTH="116" HEIGHT="37" WC="0.95" CONTENT="syntes"/><SP WIDTH="19" VPOS="1148" HPOS="601"/>
							<String ID="string_184" HPOS="620" VPOS="1156" WIDTH="82" HEIGHT="21" WC="0.95" CONTENT="man"/><SP WIDTH="18" VPOS="1156" HPOS="702"/>
							<String ID="string_185" HPOS="720" VPOS="1149" WIDTH="142" HEIGHT="30" WC="0.96" CONTENT="komma"/><SP WIDTH="18" VPOS="1149" HPOS="862"/>
							<String ID="string_186" HPOS="880" VPOS="1150" WIDTH="91" HEIGHT="30" WC="0.95" CONTENT="fram"/><SP WIDTH="20" VPOS="1150" HPOS="971"/>
							<String ID="string_187" HPOS="991" VPOS="1152" WIDTH="50" HEIGHT="29" WC="0.95" CONTENT="till"/><SP WIDTH="19" VPOS="1152" HPOS="1041"/>
							<String ID="string_188" HPOS="1060" VPOS="1154" WIDTH="50" HEIGHT="27" WC="0.96" CONTENT="att"/><SP WIDTH="19" VPOS="1154" HPOS="1110"/>
							<String ID="string_189" HPOS="1129" VPOS="1162" WIDTH="42" HEIGHT="20" WC="0.96" CONTENT="en"/><SP WIDTH="20" VPOS="1162" HPOS="1171"/>
							<String ID="string_190" HPOS="1191" VPOS="1154" WIDTH="319" HEIGHT="40" WC="0.91" CONTENT="standardhöjning"/><SP WIDTH="18" VPOS="1154" HPOS="1510"/>
							<String ID="string_191" HPOS="1528" VPOS="1165" WIDTH="41" HEIGHT="20" WC="0.92" CONTENT="av"/><SP WIDTH="19" VPOS="1165" HPOS="1569"/>
							<String ID="string_192" HPOS="1588" VPOS="1155" WIDTH="160" HEIGHT="41" WC="0.91" CONTENT="folkpen-"/>
						</TextLine>
						<TextLine ID="line_19" HPOS="262" VPOS="1197" WIDTH="1316" HEIGHT="47">
							<String ID="string_193" HPOS="262" VPOS="1197" WIDTH="171" HEIGHT="35" WC="0.91" CONTENT="sionerna,"/><SP WIDTH="21" VPOS="1197" HPOS="433"/>
							<String ID="string_194" HPOS="454" VPOS="1201" WIDTH="245" HEIGHT="30" WC="0.96" CONTENT="motsvarande"/><SP WIDTH="21" VPOS="1201" HPOS="699"/>
							<String ID="string_195" HPOS="720" VPOS="1202" WIDTH="77" HEIGHT="39" WC="0.93" CONTENT="fyra"/><SP WIDTH="21" VPOS="1202" HPOS="797"/>
							<String ID="string_196" HPOS="818" VPOS="1203" WIDTH="233" HEIGHT="41" WC="0.92" CONTENT="indextillägg,"/><SP WIDTH="20" VPOS="1203" HPOS="1051"/>
							<String ID="string_197" HPOS="1071" VPOS="1215" WIDTH="46" HEIGHT="19" WC="0.96" CONTENT="nu"/><SP WIDTH="23" VPOS="1215" HPOS="1117"/>
							<String ID="string_198" HPOS="1140" VPOS="1206" WIDTH="113" HEIGHT="30" WC="0.96" CONTENT="skulle"/><SP WIDTH="19" VPOS="1206" HPOS="1253"/>
							<String ID="string_199" HPOS="1272" VPOS="1216" WIDTH="83" HEIGHT="21" WC="0.96" CONTENT="vara"/><SP WIDTH="20" VPOS="1216" HPOS="1355"/>
							<String ID="string_200" HPOS="1375" VPOS="1208" WIDTH="203" HEIGHT="30" WC="0.96" CONTENT="motiverad."/>
						</TextLine>
					</TextBlock>
					<TextBlock ID="block_4" HPOS="261" VPOS="1250" WIDTH="1483" HEIGHT="98">
						<TextLine ID="line_20" HPOS="304" VPOS="1250" WIDTH="1440" HEIGHT="49">
							<String ID="string_201" HPOS="304" VPOS="1250" WIDTH="12" HEIGHT="29" WC="0.95" CONTENT="I"/><SP WIDTH="25" VPOS="1250" HPOS="316"/>
							<String ID="string_202" HPOS="341" VPOS="1251" WIDTH="98" HEIGHT="39" WC="0.95" CONTENT="fråga"/><SP WIDTH="22" VPOS="1251" HPOS="439"/>
							<String ID="string_203" HPOS="461" VPOS="1261" WIDTH="57" HEIGHT="21" WC="0.96" CONTENT="om"/><SP WIDTH="24" VPOS="1261" HPOS="518"/>
							<String ID="string_204" HPOS="542" VPOS="1254" WIDTH="174" HEIGHT="29" WC="0.96" CONTENT="storleken"/><SP WIDTH="24" VPOS="1254" HPOS="716"/>
							<String ID="string_205" HPOS="740" VPOS="1265" WIDTH="41" HEIGHT="20" WC="0.95" CONTENT="av"/><SP WIDTH="23" VPOS="1265" HPOS="781"/>
							<String ID="string_206" HPOS="804" VPOS="1257" WIDTH="66" HEIGHT="28" WC="0.96" CONTENT="den"/><SP WIDTH="24" VPOS="1257" HPOS="870"/>
							<String ID="string_207" HPOS="894" VPOS="1258" WIDTH="381" HEIGHT="41" WC="0.91" CONTENT="standardförbättring"/><SP WIDTH="24" VPOS="1258" HPOS="1275"/>
							<String ID="string_208" HPOS="1299" VPOS="1269" WIDTH="75" HEIGHT="21" WC="0.96" CONTENT="som"/><SP WIDTH="24" VPOS="1269" HPOS="1374"/>
							<String ID="string_209" HPOS="1398" VPOS="1270" WIDTH="47" HEIGHT="20" WC="0.95" CONTENT="nu"/><SP WIDTH="24" VPOS="1270" HPOS="1445"/>
							<String ID="string_210" HPOS="1469" VPOS="1262" WIDTH="106" HEIGHT="30" WC="0.96" CONTENT="borde"/><SP WIDTH="24" VPOS="1262" HPOS="1575"/>
							<String ID="string_211" HPOS="1599" VPOS="1263" WIDTH="145" HEIGHT="30" WC="0.96" CONTENT="beredas"/>
						</TextLine>
						<TextLine ID="line_21" HPOS="261" VPOS="1304" WIDTH="1028" HEIGHT="44">
							<String ID="string_212" HPOS="261" VPOS="1304" WIDTH="349" HEIGHT="39" WC="0.91" CONTENT="folkpensionärerna"/><SP WIDTH="19" VPOS="1304" HPOS="610"/>
							<String ID="string_213" HPOS="629" VPOS="1308" WIDTH="103" HEIGHT="30" WC="0.93" CONTENT="anför"/><SP WIDTH="20" VPOS="1308" HPOS="732"/>
							<String ID="string_214" HPOS="752" VPOS="1309" WIDTH="384" HEIGHT="39" WC="0.92" CONTENT="departementschefen"/><SP WIDTH="19" VPOS="1309" HPOS="1136"/>
							<String ID="string_215" HPOS="1155" VPOS="1313" WIDTH="134" HEIGHT="30" WC="0.96" CONTENT="vidare:"/>
						</TextLine>
					</TextBlock>
					<TextBlock ID="block_5" HPOS="254" VPOS="1362" WIDTH="1525" HEIGHT="312">
						<TextLine ID="line_22" HPOS="304" VPOS="1362" WIDTH="1440" HEIGHT="46">
							<String ID="string_216" HPOS="304" VPOS="1358" WIDTH="18" HEIGHT="49" WC="0.0" CONTENT="&gt;»"/><SP WIDTH="2" VPOS="1358" HPOS="322"/>
							<String ID="string_217" HPOS="324" VPOS="1362" WIDTH="65" HEIGHT="29" WC="0.0" CONTENT="Vid"/><SP WIDTH="20" VPOS="1362" HPOS="389"/>
							<String ID="string_218" HPOS="409" VPOS="1363" WIDTH="256" HEIGHT="40" WC="0.96" CONTENT="bedömningen"/><SP WIDTH="22" VPOS="1363" HPOS="665"/>
							<String ID="string_219" HPOS="687" VPOS="1375" WIDTH="42" HEIGHT="20" WC="0.96" CONTENT="av"/><SP WIDTH="20" VPOS="1375" HPOS="729"/>
							<String ID="string_220" HPOS="749" VPOS="1366" WIDTH="210" HEIGHT="31" WC="0.96" CONTENT="hithörande"/><SP WIDTH="22" VPOS="1366" HPOS="959"/>
							<String ID="string_221" HPOS="981" VPOS="1369" WIDTH="171" HEIGHT="39" WC="0.96" CONTENT="spörsmål"/><SP WIDTH="20" VPOS="1369" HPOS="1152"/>
							<String ID="string_222" HPOS="1172" VPOS="1370" WIDTH="63" HEIGHT="30" WC="0.96" CONTENT="bör"/><SP WIDTH="21" VPOS="1370" HPOS="1235"/>
							<String ID="string_223" HPOS="1256" VPOS="1370" WIDTH="154" HEIGHT="36" WC="0.96" CONTENT="beaktas,"/><SP WIDTH="23" VPOS="1370" HPOS="1410"/>
							<String ID="string_224" HPOS="1433" VPOS="1374" WIDTH="50" HEIGHT="27" WC="0.95" CONTENT="att"/><SP WIDTH="23" VPOS="1374" HPOS="1483"/>
							<String ID="string_225" HPOS="1506" VPOS="1374" WIDTH="47" HEIGHT="28" WC="0.95" CONTENT="ett"/><SP WIDTH="22" VPOS="1374" HPOS="1553"/>
							<String ID="string_226" HPOS="1575" VPOS="1375" WIDTH="87" HEIGHT="27" WC="0.93" CONTENT="stort"/><SP WIDTH="22" VPOS="1375" HPOS="1662"/>
							<String ID="string_227" HPOS="1684" VPOS="1383" WIDTH="60" HEIGHT="20" WC="0.90" CONTENT="an-"/>
						</TextLine>
						<TextLine ID="line_23" HPOS="257" VPOS="1413" WIDTH="1522" HEIGHT="43">
							<String ID="string_228" HPOS="257" VPOS="1413" WIDTH="47" HEIGHT="30" WC="0.93" CONTENT="tal"/><SP WIDTH="25" VPOS="1413" HPOS="304"/>
							<String ID="string_229" HPOS="329" VPOS="1414" WIDTH="302" HEIGHT="40" WC="0.92" CONTENT="folkpensionärer"/><SP WIDTH="26" VPOS="1414" HPOS="631"/>
							<String ID="string_230" HPOS="657" VPOS="1425" WIDTH="125" HEIGHT="31" WC="0.96" CONTENT="genom"/><SP WIDTH="25" VPOS="1425" HPOS="782"/>
							<String ID="string_231" HPOS="807" VPOS="1419" WIDTH="41" HEIGHT="30" WC="0.95" CONTENT="de"/><SP WIDTH="25" VPOS="1419" HPOS="848"/>
							<String ID="string_232" HPOS="873" VPOS="1419" WIDTH="81" HEIGHT="30" WC="0.95" CONTENT="från"/><SP WIDTH="25" VPOS="1419" HPOS="954"/>
							<String ID="string_233" HPOS="979" VPOS="1421" WIDTH="64" HEIGHT="29" WC="0.96" CONTENT="och"/><SP WIDTH="25" VPOS="1421" HPOS="1043"/>
							<String ID="string_234" HPOS="1068" VPOS="1422" WIDTH="79" HEIGHT="29" WC="0.96" CONTENT="med"/><SP WIDTH="26" VPOS="1422" HPOS="1147"/>
							<String ID="string_235" HPOS="1173" VPOS="1422" WIDTH="40" HEIGHT="30" WC="0.94" CONTENT="år"/><SP WIDTH="28" VPOS="1422" HPOS="1213"/>
							<String ID="string_236" HPOS="1241" VPOS="1423" WIDTH="82" HEIGHT="30" WC="0.96" CONTENT="1954"/><SP WIDTH="26" VPOS="1423" HPOS="1323"/>
							<String ID="string_237" HPOS="1349" VPOS="1424" WIDTH="140" HEIGHT="30" WC="0.96" CONTENT="införda"/><SP WIDTH="26" VPOS="1424" HPOS="1489"/>
							<String ID="string_238" HPOS="1515" VPOS="1425" WIDTH="230" HEIGHT="30" WC="0.93" CONTENT="kommunala"/><SP WIDTH="31" VPOS="1425" HPOS="1745"/>
							<String ID="string_239" HPOS="1776" VPOS="1441" WIDTH="3" HEIGHT="3" WC="0.93" CONTENT="-"/>
						</TextLine>
						<TextLine ID="line_24" HPOS="255" VPOS="1467" WIDTH="1489" HEIGHT="49">
							<String ID="string_240" HPOS="255" VPOS="1467" WIDTH="309" HEIGHT="41" WC="0.92" CONTENT="bostadstilläggen"/><SP WIDTH="26" VPOS="1467" HPOS="564"/>
							<String ID="string_241" HPOS="590" VPOS="1469" WIDTH="67" HEIGHT="31" WC="0.96" CONTENT="fått"/><SP WIDTH="27" VPOS="1469" HPOS="657"/>
							<String ID="string_242" HPOS="684" VPOS="1480" WIDTH="43" HEIGHT="20" WC="0.96" CONTENT="en"/><SP WIDTH="26" VPOS="1480" HPOS="727"/>
							<String ID="string_243" HPOS="753" VPOS="1471" WIDTH="71" HEIGHT="30" WC="0.96" CONTENT="inte"/><SP WIDTH="26" VPOS="1471" HPOS="824"/>
							<String ID="string_244" HPOS="850" VPOS="1473" WIDTH="174" HEIGHT="40" WC="0.93" CONTENT="obetydlig"/><SP WIDTH="27" VPOS="1473" HPOS="1024"/>
							<String ID="string_245" HPOS="1051" VPOS="1475" WIDTH="386" HEIGHT="41" WC="0.89" CONTENT="standardförhöjning."/><SP WIDTH="29" VPOS="1475" HPOS="1437"/>
							<String ID="string_246" HPOS="1466" VPOS="1477" WIDTH="65" HEIGHT="31" WC="0.96" CONTENT="Det"/><SP WIDTH="26" VPOS="1477" HPOS="1531"/>
							<String ID="string_247" HPOS="1557" VPOS="1480" WIDTH="39" HEIGHT="28" WC="0.96" CONTENT="är"/><SP WIDTH="27" VPOS="1480" HPOS="1596"/>
							<String ID="string_248" HPOS="1623" VPOS="1479" WIDTH="121" HEIGHT="30" WC="0.96" CONTENT="därför"/>
						</TextLine>
						<TextLine ID="line_25" HPOS="256" VPOS="1519" WIDTH="1488" HEIGHT="50">
							<String ID="string_249" HPOS="256" VPOS="1519" WIDTH="69" HEIGHT="32" WC="0.96" CONTENT="inte"/><SP WIDTH="25" VPOS="1519" HPOS="325"/>
							<String ID="string_250" HPOS="350" VPOS="1522" WIDTH="201" HEIGHT="30" WC="0.96" CONTENT="osannolikt"/><SP WIDTH="24" VPOS="1522" HPOS="551"/>
							<String ID="string_251" HPOS="575" VPOS="1525" WIDTH="49" HEIGHT="27" WC="0.96" CONTENT="att"/><SP WIDTH="24" VPOS="1525" HPOS="624"/>
							<String ID="string_252" HPOS="648" VPOS="1524" WIDTH="68" HEIGHT="29" WC="0.96" CONTENT="den"/><SP WIDTH="24" VPOS="1524" HPOS="716"/>
							<String ID="string_253" HPOS="740" VPOS="1525" WIDTH="143" HEIGHT="31" WC="0.96" CONTENT="relativa"/><SP WIDTH="26" VPOS="1525" HPOS="883"/>
							<String ID="string_254" HPOS="909" VPOS="1527" WIDTH="176" HEIGHT="35" WC="0.96" CONTENT="standard,"/><SP WIDTH="28" VPOS="1527" HPOS="1085"/>
							<String ID="string_255" HPOS="1113" VPOS="1538" WIDTH="75" HEIGHT="20" WC="0.96" CONTENT="som"/><SP WIDTH="26" VPOS="1538" HPOS="1188"/>
							<String ID="string_256" HPOS="1214" VPOS="1529" WIDTH="54" HEIGHT="30" WC="0.96" CONTENT="för"/><SP WIDTH="25" VPOS="1529" HPOS="1268"/>
							<String ID="string_257" HPOS="1293" VPOS="1529" WIDTH="369" HEIGHT="40" WC="0.91" CONTENT="folkpensionärernas"/><SP WIDTH="26" VPOS="1529" HPOS="1662"/>
							<String ID="string_258" HPOS="1688" VPOS="1532" WIDTH="56" HEIGHT="30" WC="0.96" CONTENT="del"/>
						</TextLine>
						<TextLine ID="line_26" HPOS="255" VPOS="1573" WIDTH="1489" HEIGHT="51">
							<String ID="string_259" HPOS="255" VPOS="1573" WIDTH="121" HEIGHT="39" WC="0.96" CONTENT="avsågs"/><SP WIDTH="24" VPOS="1573" HPOS="376"/>
							<String ID="string_260" HPOS="400" VPOS="1575" WIDTH="80" HEIGHT="29" WC="0.96" CONTENT="med"/><SP WIDTH="27" VPOS="1575" HPOS="480"/>
							<String ID="string_261" HPOS="507" VPOS="1575" WIDTH="81" HEIGHT="30" WC="0.95" CONTENT="1953"/><SP WIDTH="25" VPOS="1575" HPOS="588"/>
							<String ID="string_262" HPOS="613" VPOS="1576" WIDTH="57" HEIGHT="31" WC="0.96" CONTENT="års"/><SP WIDTH="24" VPOS="1576" HPOS="670"/>
							<String ID="string_263" HPOS="694" VPOS="1577" WIDTH="124" HEIGHT="35" WC="0.96" CONTENT="beslut,"/><SP WIDTH="25" VPOS="1577" HPOS="818"/>
							<String ID="string_264" HPOS="843" VPOS="1579" WIDTH="136" HEIGHT="30" WC="0.93" CONTENT="kunnat"/><SP WIDTH="23" VPOS="1579" HPOS="979"/>
							<String ID="string_265" HPOS="1002" VPOS="1581" WIDTH="272" HEIGHT="31" WC="0.90" CONTENT="vidmakthållas"/><SP WIDTH="25" VPOS="1581" HPOS="1274"/>
							<String ID="string_266" HPOS="1299" VPOS="1583" WIDTH="55" HEIGHT="30" WC="0.96" CONTENT="för"/><SP WIDTH="24" VPOS="1583" HPOS="1354"/>
							<String ID="string_267" HPOS="1378" VPOS="1584" WIDTH="127" HEIGHT="39" WC="0.93" CONTENT="många"/><SP WIDTH="25" VPOS="1584" HPOS="1505"/>
							<String ID="string_268" HPOS="1530" VPOS="1584" WIDTH="214" HEIGHT="40" WC="0.92" CONTENT="folkpensio-"/>
						</TextLine>
						<TextLine ID="line_27" HPOS="254" VPOS="1627" WIDTH="1399" HEIGHT="47">
							<String ID="string_269" HPOS="254" VPOS="1627" WIDTH="100" HEIGHT="29" WC="0.92" CONTENT="närer"/><SP WIDTH="25" VPOS="1627" HPOS="354"/>
							<String ID="string_270" HPOS="379" VPOS="1629" WIDTH="88" HEIGHT="29" WC="0.95" CONTENT="trots"/><SP WIDTH="25" VPOS="1629" HPOS="467"/>
							<String ID="string_271" HPOS="492" VPOS="1631" WIDTH="50" HEIGHT="28" WC="0.96" CONTENT="att"/><SP WIDTH="24" VPOS="1631" HPOS="542"/>
							<String ID="string_272" HPOS="566" VPOS="1631" WIDTH="200" HEIGHT="39" WC="0.93" CONTENT="ytterligare"/><SP WIDTH="27" VPOS="1631" HPOS="766"/>
							<String ID="string_273" HPOS="793" VPOS="1633" WIDTH="287" HEIGHT="41" WC="0.91" CONTENT="standardtillägg"/><SP WIDTH="25" VPOS="1633" HPOS="1080"/>
							<String ID="string_274" HPOS="1105" VPOS="1636" WIDTH="71" HEIGHT="29" WC="0.96" CONTENT="inte"/><SP WIDTH="26" VPOS="1636" HPOS="1176"/>
							<String ID="string_275" HPOS="1202" VPOS="1636" WIDTH="204" HEIGHT="31" WC="0.96" CONTENT="tillkommit"/><SP WIDTH="26" VPOS="1636" HPOS="1406"/>
							<String ID="string_276" HPOS="1432" VPOS="1638" WIDTH="107" HEIGHT="30" WC="0.96" CONTENT="sedan"/><SP WIDTH="24" VPOS="1638" HPOS="1539"/>
							<String ID="string_277" HPOS="1563" VPOS="1638" WIDTH="90" HEIGHT="30" WC="0.96" CONTENT="dess."/>
						</TextLine>
					</TextBlock>
					<TextBlock ID="block_6" HPOS="247" VPOS="1679" WIDTH="1494" HEIGHT="684">
						<TextLine ID="line_28" HPOS="299" VPOS="1679" WIDTH="1442" HEIGHT="49">
							<String ID="string_278" HPOS="299" VPOS="1679" WIDTH="73" HEIGHT="30" WC="0.96" CONTENT="Vad"/><SP WIDTH="29" VPOS="1679" HPOS="372"/>
							<String ID="string_279" HPOS="401" VPOS="1689" WIDTH="48" HEIGHT="21" WC="0.96" CONTENT="nu"/><SP WIDTH="30" VPOS="1689" HPOS="449"/>
							<String ID="string_280" HPOS="479" VPOS="1683" WIDTH="92" HEIGHT="37" WC="0.96" CONTENT="sagts"/><SP WIDTH="28" VPOS="1683" HPOS="571"/>
							<String ID="string_281" HPOS="599" VPOS="1683" WIDTH="62" HEIGHT="29" WC="0.96" CONTENT="bör"/><SP WIDTH="29" VPOS="1683" HPOS="661"/>
							<String ID="string_282" HPOS="690" VPOS="1684" WIDTH="89" HEIGHT="29" WC="0.96" CONTENT="dock"/><SP WIDTH="29" VPOS="1684" HPOS="779"/>
							<String ID="string_283" HPOS="808" VPOS="1684" WIDTH="70" HEIGHT="31" WC="0.96" CONTENT="inte"/><SP WIDTH="29" VPOS="1684" HPOS="878"/>
							<String ID="string_284" HPOS="907" VPOS="1686" WIDTH="126" HEIGHT="30" WC="0.96" CONTENT="hindra"/><SP WIDTH="29" VPOS="1686" HPOS="1033"/>
							<String ID="string_285" HPOS="1062" VPOS="1689" WIDTH="50" HEIGHT="27" WC="0.92" CONTENT="att"/><SP WIDTH="28" VPOS="1689" HPOS="1112"/>
							<String ID="string_286" HPOS="1140" VPOS="1688" WIDTH="351" HEIGHT="40" WC="0.91" CONTENT="folkpensionärerna"/><SP WIDTH="29" VPOS="1688" HPOS="1491"/>
							<String ID="string_287" HPOS="1520" VPOS="1692" WIDTH="149" HEIGHT="30" WC="0.96" CONTENT="erhåller"/><SP WIDTH="30" VPOS="1692" HPOS="1669"/>
							<String ID="string_288" HPOS="1699" VPOS="1702" WIDTH="42" HEIGHT="20" WC="0.96" CONTENT="en"/>
						</TextLine>
						<TextLine ID="line_29" HPOS="255" VPOS="1733" WIDTH="1486" HEIGHT="51">
							<String ID="string_289" HPOS="255" VPOS="1733" WIDTH="378" HEIGHT="42" WC="0.91" CONTENT="standardförbättring"/><SP WIDTH="24" VPOS="1733" HPOS="633"/>
							<String ID="string_290" HPOS="657" VPOS="1738" WIDTH="245" HEIGHT="30" WC="0.96" CONTENT="motsvarande"/><SP WIDTH="23" VPOS="1738" HPOS="902"/>
							<String ID="string_291" HPOS="925" VPOS="1739" WIDTH="78" HEIGHT="39" WC="0.93" CONTENT="fyra"/><SP WIDTH="23" VPOS="1739" HPOS="1003"/>
							<String ID="string_292" HPOS="1026" VPOS="1740" WIDTH="235" HEIGHT="41" WC="0.90" CONTENT="indextillägg."/><SP WIDTH="25" VPOS="1740" HPOS="1261"/>
							<String ID="string_293" HPOS="1286" VPOS="1743" WIDTH="65" HEIGHT="30" WC="0.96" CONTENT="Det"/><SP WIDTH="23" VPOS="1743" HPOS="1351"/>
							<String ID="string_294" HPOS="1374" VPOS="1744" WIDTH="71" HEIGHT="30" WC="0.96" CONTENT="kan"/><SP WIDTH="25" VPOS="1744" HPOS="1445"/>
							<String ID="string_295" HPOS="1470" VPOS="1745" WIDTH="176" HEIGHT="39" WC="0.96" CONTENT="nämligen"/><SP WIDTH="23" VPOS="1745" HPOS="1646"/>
							<String ID="string_296" HPOS="1669" VPOS="1746" WIDTH="72" HEIGHT="29" WC="0.96" CONTENT="inte"/>
						</TextLine>
						<TextLine ID="line_30" HPOS="254" VPOS="1785" WIDTH="1487" HEIGHT="46">
							<String ID="string_297" HPOS="254" VPOS="1785" WIDTH="164" HEIGHT="31" WC="0.96" CONTENT="förnekas"/><SP WIDTH="20" VPOS="1785" HPOS="418"/>
							<String ID="string_298" HPOS="438" VPOS="1789" WIDTH="51" HEIGHT="28" WC="0.96" CONTENT="att"/><SP WIDTH="18" VPOS="1789" HPOS="489"/>
							<String ID="string_299" HPOS="507" VPOS="1788" WIDTH="66" HEIGHT="30" WC="0.96" CONTENT="den"/><SP WIDTH="19" VPOS="1788" HPOS="573"/>
							<String ID="string_300" HPOS="592" VPOS="1791" WIDTH="202" HEIGHT="29" WC="0.96" CONTENT="nuvarande"/><SP WIDTH="20" VPOS="1791" HPOS="794"/>
							<String ID="string_301" HPOS="814" VPOS="1791" WIDTH="277" HEIGHT="40" WC="0.91" CONTENT="folkpensionen,"/><SP WIDTH="19" VPOS="1791" HPOS="1091"/>
							<String ID="string_302" HPOS="1110" VPOS="1804" WIDTH="59" HEIGHT="20" WC="0.96" CONTENT="om"/><SP WIDTH="18" VPOS="1804" HPOS="1169"/>
							<String ID="string_303" HPOS="1187" VPOS="1795" WIDTH="71" HEIGHT="30" WC="0.96" CONTENT="inte"/><SP WIDTH="20" VPOS="1795" HPOS="1258"/>
							<String ID="string_304" HPOS="1278" VPOS="1796" WIDTH="57" HEIGHT="30" WC="0.96" CONTENT="vid"/><SP WIDTH="20" VPOS="1796" HPOS="1335"/>
							<String ID="string_305" HPOS="1355" VPOS="1797" WIDTH="100" HEIGHT="30" WC="0.96" CONTENT="sidan"/><SP WIDTH="20" VPOS="1797" HPOS="1455"/>
							<String ID="string_306" HPOS="1475" VPOS="1807" WIDTH="42" HEIGHT="21" WC="0.96" CONTENT="av"/><SP WIDTH="18" VPOS="1807" HPOS="1517"/>
							<String ID="string_307" HPOS="1535" VPOS="1799" WIDTH="206" HEIGHT="30" WC="0.95" CONTENT="densamma"/>
						</TextLine>
						<TextLine ID="line_31" HPOS="253" VPOS="1838" WIDTH="1487" HEIGHT="49">
							<String ID="string_308" HPOS="253" VPOS="1838" WIDTH="115" HEIGHT="31" WC="0.96" CONTENT="finnes"/><SP WIDTH="29" VPOS="1838" HPOS="368"/>
							<String ID="string_309" HPOS="397" VPOS="1841" WIDTH="110" HEIGHT="29" WC="0.96" CONTENT="andra"/><SP WIDTH="28" VPOS="1841" HPOS="507"/>
							<String ID="string_310" HPOS="535" VPOS="1842" WIDTH="204" HEIGHT="35" WC="0.96" CONTENT="inkomster,"/><SP WIDTH="30" VPOS="1842" HPOS="739"/>
							<String ID="string_311" HPOS="769" VPOS="1844" WIDTH="122" HEIGHT="30" WC="0.96" CONTENT="endast"/><SP WIDTH="29" VPOS="1844" HPOS="891"/>
							<String ID="string_312" HPOS="920" VPOS="1846" WIDTH="139" HEIGHT="40" WC="0.96" CONTENT="medger"/><SP WIDTH="29" VPOS="1846" HPOS="1059"/>
							<String ID="string_313" HPOS="1088" VPOS="1857" WIDTH="43" HEIGHT="20" WC="0.95" CONTENT="en"/><SP WIDTH="29" VPOS="1857" HPOS="1131"/>
							<String ID="string_314" HPOS="1160" VPOS="1848" WIDTH="157" HEIGHT="39" WC="0.96" CONTENT="blygsam"/><SP WIDTH="29" VPOS="1848" HPOS="1317"/>
							<String ID="string_315" HPOS="1346" VPOS="1850" WIDTH="236" HEIGHT="31" WC="0.95" CONTENT="levnadsnivå."/><SP WIDTH="32" VPOS="1850" HPOS="1582"/>
							<String ID="string_316" HPOS="1614" VPOS="1852" WIDTH="126" HEIGHT="29" WC="0.95" CONTENT="Vidare"/>
						</TextLine>
						<TextLine ID="line_32" HPOS="253" VPOS="1892" WIDTH="1488" HEIGHT="57">
							<String ID="string_317" HPOS="253" VPOS="1892" WIDTH="96" HEIGHT="29" WC="0.96" CONTENT="torde"/><SP WIDTH="26" VPOS="1892" HPOS="349"/>
							<String ID="string_318" HPOS="375" VPOS="1893" WIDTH="57" HEIGHT="29" WC="0.96" CONTENT="det"/><SP WIDTH="26" VPOS="1893" HPOS="432"/>
							<String ID="string_319" HPOS="458" VPOS="1893" WIDTH="84" HEIGHT="31" WC="0.96" CONTENT="råda"/><SP WIDTH="24" VPOS="1893" HPOS="542"/>
							<String ID="string_320" HPOS="566" VPOS="1904" WIDTH="42" HEIGHT="20" WC="0.96" CONTENT="en"/><SP WIDTH="26" VPOS="1904" HPOS="608"/>
							<String ID="string_321" HPOS="634" VPOS="1896" WIDTH="131" HEIGHT="30" WC="0.96" CONTENT="allmän"/><SP WIDTH="25" VPOS="1896" HPOS="765"/>
							<String ID="string_322" HPOS="790" VPOS="1898" WIDTH="140" HEIGHT="39" WC="0.96" CONTENT="mening"/><SP WIDTH="25" VPOS="1898" HPOS="930"/>
							<String ID="string_323" HPOS="955" VPOS="1899" WIDTH="121" HEIGHT="30" WC="0.96" CONTENT="därom"/><SP WIDTH="26" VPOS="1899" HPOS="1076"/>
							<String ID="string_324" HPOS="1102" VPOS="1902" WIDTH="50" HEIGHT="28" WC="0.96" CONTENT="att"/><SP WIDTH="26" VPOS="1902" HPOS="1152"/>
							<String ID="string_325" HPOS="1178" VPOS="1904" WIDTH="48" HEIGHT="27" WC="0.96" CONTENT="ett"/><SP WIDTH="26" VPOS="1904" HPOS="1226"/>
							<String ID="string_326" HPOS="1252" VPOS="1912" WIDTH="95" HEIGHT="21" WC="0.96" CONTENT="mera"/><SP WIDTH="25" VPOS="1912" HPOS="1347"/>
							<String ID="string_327" HPOS="1372" VPOS="1903" WIDTH="163" HEIGHT="31" WC="0.96" CONTENT="effektivt"/><SP WIDTH="24" VPOS="1903" HPOS="1535"/>
							<String ID="string_328" HPOS="1559" VPOS="1901" WIDTH="182" HEIGHT="48" WC="0.92" CONTENT="pensions-"/>
						</TextLine>
						<TextLine ID="line_33" HPOS="253" VPOS="1947" WIDTH="1486" HEIGHT="47">
							<String ID="string_329" HPOS="253" VPOS="1947" WIDTH="128" HEIGHT="36" WC="0.96" CONTENT="system"/><SP WIDTH="20" VPOS="1947" HPOS="381"/>
							<String ID="string_330" HPOS="401" VPOS="1947" WIDTH="44" HEIGHT="28" WC="0.95" CONTENT="än"/><SP WIDTH="20" VPOS="1947" HPOS="445"/>
							<String ID="string_331" HPOS="465" VPOS="1947" WIDTH="67" HEIGHT="29" WC="0.96" CONTENT="den"/><SP WIDTH="19" VPOS="1947" HPOS="532"/>
							<String ID="string_332" HPOS="551" VPOS="1950" WIDTH="202" HEIGHT="29" WC="0.93" CONTENT="nuvarande"/><SP WIDTH="21" VPOS="1950" HPOS="753"/>
							<String ID="string_333" HPOS="774" VPOS="1950" WIDTH="367" HEIGHT="43" WC="0.92" CONTENT="folkpensioneringen"/><SP WIDTH="20" VPOS="1950" HPOS="1141"/>
							<String ID="string_334" HPOS="1161" VPOS="1955" WIDTH="62" HEIGHT="29" WC="0.96" CONTENT="bör"/><SP WIDTH="21" VPOS="1955" HPOS="1223"/>
							<String ID="string_335" HPOS="1244" VPOS="1956" WIDTH="221" HEIGHT="38" WC="0.96" CONTENT="genomföras"/><SP WIDTH="22" VPOS="1956" HPOS="1465"/>
							<String ID="string_336" HPOS="1487" VPOS="1957" WIDTH="37" HEIGHT="30" WC="0.96" CONTENT="så"/><SP WIDTH="22" VPOS="1957" HPOS="1524"/>
							<String ID="string_337" HPOS="1546" VPOS="1960" WIDTH="97" HEIGHT="28" WC="0.96" CONTENT="snart"/><SP WIDTH="21" VPOS="1960" HPOS="1643"/>
							<String ID="string_338" HPOS="1664" VPOS="1967" WIDTH="75" HEIGHT="21" WC="0.97" CONTENT="som"/>
						</TextLine>
						<TextLine ID="line_34" HPOS="252" VPOS="1998" WIDTH="1487" HEIGHT="49">
							<String ID="string_339" HPOS="252" VPOS="1998" WIDTH="146" HEIGHT="39" WC="0.96" CONTENT="möjligt."/><SP WIDTH="19" VPOS="1998" HPOS="398"/>
							<String ID="string_340" HPOS="417" VPOS="2000" WIDTH="121" HEIGHT="30" WC="0.95" CONTENT="Ehuru"/><SP WIDTH="18" VPOS="2000" HPOS="538"/>
							<String ID="string_341" HPOS="556" VPOS="2001" WIDTH="114" HEIGHT="39" WC="0.95" CONTENT="någon"/><SP WIDTH="18" VPOS="2001" HPOS="670"/>
							<String ID="string_342" HPOS="688" VPOS="2003" WIDTH="166" HEIGHT="40" WC="0.96" CONTENT="ställning"/><SP WIDTH="17" VPOS="2003" HPOS="854"/>
							<String ID="string_343" HPOS="871" VPOS="2006" WIDTH="95" HEIGHT="29" WC="0.96" CONTENT="ännu"/><SP WIDTH="18" VPOS="2006" HPOS="966"/>
							<String ID="string_344" HPOS="984" VPOS="2006" WIDTH="30" HEIGHT="39" WC="0.96" CONTENT="ej"/><SP WIDTH="21" VPOS="2006" HPOS="1014"/>
							<String ID="string_345" HPOS="1035" VPOS="2007" WIDTH="103" HEIGHT="38" WC="0.96" CONTENT="tagits"/><SP WIDTH="19" VPOS="2007" HPOS="1138"/>
							<String ID="string_346" HPOS="1157" VPOS="2007" WIDTH="52" HEIGHT="30" WC="0.96" CONTENT="till"/><SP WIDTH="19" VPOS="2007" HPOS="1209"/>
							<String ID="string_347" HPOS="1228" VPOS="2008" WIDTH="133" HEIGHT="39" WC="0.96" CONTENT="frågan,"/><SP WIDTH="19" VPOS="2008" HPOS="1361"/>
							<String ID="string_348" HPOS="1380" VPOS="2010" WIDTH="67" HEIGHT="29" WC="0.96" CONTENT="hur"/><SP WIDTH="18" VPOS="2010" HPOS="1447"/>
							<String ID="string_349" HPOS="1465" VPOS="2012" WIDTH="49" HEIGHT="28" WC="0.93" CONTENT="ett"/><SP WIDTH="17" VPOS="2012" HPOS="1514"/>
							<String ID="string_350" HPOS="1531" VPOS="2011" WIDTH="208" HEIGHT="30" WC="0.91" CONTENT="reformerat"/>
						</TextLine>
						<TextLine ID="line_35" HPOS="250" VPOS="2052" WIDTH="1488" HEIGHT="50">
							<String ID="string_351" HPOS="250" VPOS="2052" WIDTH="298" HEIGHT="39" WC="0.91" CONTENT="pensionssystem"/><SP WIDTH="20" VPOS="2052" HPOS="548"/>
							<String ID="string_352" HPOS="568" VPOS="2055" WIDTH="61" HEIGHT="29" WC="0.95" CONTENT="bör"/><SP WIDTH="21" VPOS="2055" HPOS="629"/>
							<String ID="string_353" HPOS="650" VPOS="2065" WIDTH="83" HEIGHT="20" WC="0.95" CONTENT="vara"/><SP WIDTH="21" VPOS="2065" HPOS="733"/>
							<String ID="string_354" HPOS="754" VPOS="2057" WIDTH="180" HEIGHT="35" WC="0.96" CONTENT="utformat,"/><SP WIDTH="21" VPOS="2057" HPOS="934"/>
							<String ID="string_355" HPOS="955" VPOS="2059" WIDTH="71" HEIGHT="29" WC="0.96" CONTENT="kan"/><SP WIDTH="20" VPOS="2059" HPOS="1026"/>
							<String ID="string_356" HPOS="1046" VPOS="2060" WIDTH="66" HEIGHT="29" WC="0.96" CONTENT="den"/><SP WIDTH="23" VPOS="2060" HPOS="1112"/>
							<String ID="string_357" HPOS="1135" VPOS="2061" WIDTH="391" HEIGHT="41" WC="0.91" CONTENT="standardförbättring,"/><SP WIDTH="22" VPOS="2061" HPOS="1526"/>
							<String ID="string_358" HPOS="1548" VPOS="2073" WIDTH="120" HEIGHT="20" WC="0.96" CONTENT="varom"/><SP WIDTH="22" VPOS="2073" HPOS="1668"/>
							<String ID="string_359" HPOS="1690" VPOS="2074" WIDTH="48" HEIGHT="20" WC="0.96" CONTENT="nu"/>
						</TextLine>
						<TextLine ID="line_36" HPOS="251" VPOS="2104" WIDTH="1487" HEIGHT="53">
							<String ID="string_360" HPOS="251" VPOS="2105" WIDTH="38" HEIGHT="28" WC="0.96" CONTENT="är"/><SP WIDTH="22" VPOS="2105" HPOS="289"/>
							<String ID="string_361" HPOS="311" VPOS="2104" WIDTH="107" HEIGHT="39" WC="0.96" CONTENT="fråga,"/><SP WIDTH="25" VPOS="2104" HPOS="418"/>
							<String ID="string_362" HPOS="443" VPOS="2115" WIDTH="53" HEIGHT="20" WC="0.96" CONTENT="ses"/><SP WIDTH="24" VPOS="2115" HPOS="496"/>
							<String ID="string_363" HPOS="520" VPOS="2107" WIDTH="114" HEIGHT="30" WC="0.96" CONTENT="såsom"/><SP WIDTH="23" VPOS="2107" HPOS="634"/>
							<String ID="string_364" HPOS="657" VPOS="2111" WIDTH="48" HEIGHT="27" WC="0.96" CONTENT="ett"/><SP WIDTH="24" VPOS="2111" HPOS="705"/>
							<String ID="string_365" HPOS="729" VPOS="2112" WIDTH="72" HEIGHT="37" WC="0.96" CONTENT="steg"/><SP WIDTH="22" VPOS="2112" HPOS="801"/>
							<String ID="string_366" HPOS="823" VPOS="2111" WIDTH="44" HEIGHT="38" WC="0.96" CONTENT="på"/><SP WIDTH="21" VPOS="2111" HPOS="867"/>
							<String ID="string_367" HPOS="888" VPOS="2112" WIDTH="111" HEIGHT="39" WC="0.96" CONTENT="vägen"/><SP WIDTH="22" VPOS="2112" HPOS="999"/>
							<String ID="string_368" HPOS="1021" VPOS="2115" WIDTH="72" HEIGHT="27" WC="0.96" CONTENT="mot"/><SP WIDTH="22" VPOS="2115" HPOS="1093"/>
							<String ID="string_369" HPOS="1115" VPOS="2116" WIDTH="48" HEIGHT="27" WC="0.95" CONTENT="ett"/><SP WIDTH="24" VPOS="2116" HPOS="1163"/>
							<String ID="string_370" HPOS="1187" VPOS="2114" WIDTH="125" HEIGHT="31" WC="0.96" CONTENT="sådant"/><SP WIDTH="23" VPOS="2114" HPOS="1312"/>
							<String ID="string_371" HPOS="1335" VPOS="2117" WIDTH="140" HEIGHT="37" WC="0.95" CONTENT="system."/><SP WIDTH="24" VPOS="2117" HPOS="1475"/>
							<String ID="string_372" HPOS="1499" VPOS="2117" WIDTH="76" HEIGHT="29" WC="0.96" CONTENT="Med"/><SP WIDTH="24" VPOS="2117" HPOS="1575"/>
							<String ID="string_373" HPOS="1599" VPOS="2118" WIDTH="139" HEIGHT="39" WC="0.96" CONTENT="hänsyn"/>
						</TextLine>
						<TextLine ID="line_37" HPOS="250" VPOS="2157" WIDTH="1487" HEIGHT="52">
							<String ID="string_374" HPOS="250" VPOS="2157" WIDTH="116" HEIGHT="29" WC="0.96" CONTENT="härtill"/><SP WIDTH="24" VPOS="2157" HPOS="366"/>
							<String ID="string_375" HPOS="390" VPOS="2159" WIDTH="64" HEIGHT="29" WC="0.96" CONTENT="och"/><SP WIDTH="24" VPOS="2159" HPOS="454"/>
							<String ID="string_376" HPOS="478" VPOS="2160" WIDTH="45" HEIGHT="29" WC="0.93" CONTENT="då"/><SP WIDTH="24" VPOS="2160" HPOS="523"/>
							<String ID="string_377" HPOS="547" VPOS="2162" WIDTH="398" HEIGHT="32" WC="0.91" CONTENT="samhällsekonomiska"/><SP WIDTH="25" VPOS="2162" HPOS="945"/>
							<String ID="string_378" HPOS="970" VPOS="2165" WIDTH="294" HEIGHT="41" WC="0.96" CONTENT="förutsättningar"/><SP WIDTH="24" VPOS="2165" HPOS="1264"/>
							<String ID="string_379" HPOS="1288" VPOS="2177" WIDTH="102" HEIGHT="30" WC="0.96" CONTENT="synes"/><SP WIDTH="25" VPOS="2177" HPOS="1390"/>
							<String ID="string_380" HPOS="1415" VPOS="2170" WIDTH="166" HEIGHT="39" WC="0.96" CONTENT="föreligga"/><SP WIDTH="25" VPOS="2170" HPOS="1581"/>
							<String ID="string_381" HPOS="1606" VPOS="2171" WIDTH="55" HEIGHT="29" WC="0.96" CONTENT="för"/><SP WIDTH="26" VPOS="2171" HPOS="1661"/>
							<String ID="string_382" HPOS="1687" VPOS="2172" WIDTH="50" HEIGHT="28" WC="0.96" CONTENT="att"/>
						</TextLine>
						<TextLine ID="line_38" HPOS="249" VPOS="2212" WIDTH="1487" HEIGHT="50">
							<String ID="string_383" HPOS="249" VPOS="2219" WIDTH="47" HEIGHT="20" WC="0.96" CONTENT="nu"/><SP WIDTH="16" VPOS="2219" HPOS="296"/>
							<String ID="string_384" HPOS="312" VPOS="2212" WIDTH="203" HEIGHT="37" WC="0.96" CONTENT="genomföra"/><SP WIDTH="16" VPOS="2212" HPOS="515"/>
							<String ID="string_385" HPOS="531" VPOS="2223" WIDTH="42" HEIGHT="20" WC="0.92" CONTENT="en"/><SP WIDTH="17" VPOS="2223" HPOS="573"/>
							<String ID="string_386" HPOS="590" VPOS="2215" WIDTH="375" HEIGHT="42" WC="0.92" CONTENT="standardförhöjning"/><SP WIDTH="16" VPOS="2215" HPOS="965"/>
							<String ID="string_387" HPOS="981" VPOS="2221" WIDTH="244" HEIGHT="29" WC="0.96" CONTENT="motsvarande"/><SP WIDTH="17" VPOS="2221" HPOS="1225"/>
							<String ID="string_388" HPOS="1242" VPOS="2221" WIDTH="78" HEIGHT="39" WC="0.96" CONTENT="fyra"/><SP WIDTH="15" VPOS="2221" HPOS="1320"/>
							<String ID="string_389" HPOS="1335" VPOS="2222" WIDTH="235" HEIGHT="40" WC="0.92" CONTENT="indextillägg,"/><SP WIDTH="18" VPOS="2222" HPOS="1570"/>
							<String ID="string_390" HPOS="1588" VPOS="2224" WIDTH="148" HEIGHT="29" WC="0.96" CONTENT="föreslår"/>
						</TextLine>
						<TextLine ID="line_39" HPOS="248" VPOS="2262" WIDTH="1489" HEIGHT="48">
							<String ID="string_391" HPOS="248" VPOS="2262" WIDTH="59" HEIGHT="40" WC="0.96" CONTENT="jag"/><SP WIDTH="24" VPOS="2262" HPOS="307"/>
							<String ID="string_392" HPOS="331" VPOS="2266" WIDTH="49" HEIGHT="27" WC="0.96" CONTENT="att"/><SP WIDTH="24" VPOS="2266" HPOS="380"/>
							<String ID="string_393" HPOS="404" VPOS="2265" WIDTH="114" HEIGHT="30" WC="0.95" CONTENT="beslut"/><SP WIDTH="24" VPOS="2265" HPOS="518"/>
							<String ID="string_394" HPOS="542" VPOS="2266" WIDTH="106" HEIGHT="31" WC="0.96" CONTENT="fattas"/><SP WIDTH="25" VPOS="2266" HPOS="648"/>
							<String ID="string_395" HPOS="673" VPOS="2277" WIDTH="57" HEIGHT="20" WC="0.96" CONTENT="om"/><SP WIDTH="26" VPOS="2277" HPOS="730"/>
							<String ID="string_396" HPOS="756" VPOS="2271" WIDTH="49" HEIGHT="28" WC="0.93" CONTENT="att"/><SP WIDTH="24" VPOS="2271" HPOS="805"/>
							<String ID="string_397" HPOS="829" VPOS="2270" WIDTH="308" HEIGHT="40" WC="0.91" CONTENT="folkpensionerna"/><SP WIDTH="92" VPOS="2270" HPOS="1137"/>
							<String ID="string_398" HPOS="1229" VPOS="2275" WIDTH="64" HEIGHT="28" WC="0.96" CONTENT="och"/><SP WIDTH="26" VPOS="2275" HPOS="1293"/>
							<String ID="string_399" HPOS="1319" VPOS="2276" WIDTH="87" HEIGHT="28" WC="0.93" CONTENT="även"/><SP WIDTH="25" VPOS="2276" HPOS="1406"/>
							<String ID="string_400" HPOS="1431" VPOS="2276" WIDTH="105" HEIGHT="29" WC="0.92" CONTENT="änke-"/><SP WIDTH="24" VPOS="2276" HPOS="1536"/>
							<String ID="string_401" HPOS="1560" VPOS="2277" WIDTH="65" HEIGHT="29" WC="0.93" CONTENT="och"/><SP WIDTH="26" VPOS="2277" HPOS="1625"/>
							<String ID="string_402" HPOS="1651" VPOS="2278" WIDTH="86" HEIGHT="28" WC="0.92" CONTENT="änk-"/>
						</TextLine>
						<TextLine ID="line_40" HPOS="247" VPOS="2316" WIDTH="842" HEIGHT="47">
							<String ID="string_403" HPOS="247" VPOS="2316" WIDTH="258" HEIGHT="41" WC="0.91" CONTENT="lingsbidragen"/><SP WIDTH="24" VPOS="2316" HPOS="505"/>
							<String ID="string_404" HPOS="529" VPOS="2337" WIDTH="45" HEIGHT="3" WC="0.91" CONTENT="—"/><SP WIDTH="23" VPOS="2337" HPOS="574"/>
							<String ID="string_405" HPOS="597" VPOS="2320" WIDTH="158" HEIGHT="40" WC="0.92" CONTENT="förhöjes"/><SP WIDTH="25" VPOS="2320" HPOS="755"/>
							<String ID="string_406" HPOS="780" VPOS="2323" WIDTH="44" HEIGHT="38" WC="0.96" CONTENT="på"/><SP WIDTH="25" VPOS="2323" HPOS="824"/>
							<String ID="string_407" HPOS="849" VPOS="2324" WIDTH="137" HEIGHT="39" WC="0.96" CONTENT="angivet"/><SP WIDTH="26" VPOS="2324" HPOS="986"/>
							<String ID="string_408" HPOS="1012" VPOS="2326" WIDTH="77" HEIGHT="29" WC="0.95" CONTENT="sätt."/>
						</TextLine>
					</TextBlock>
					<TextBlock ID="block_7" HPOS="245" VPOS="2370" WIDTH="1491" HEIGHT="157">
						<TextLine ID="line_41" HPOS="291" VPOS="2370" WIDTH="1445" HEIGHT="52">
							<String ID="string_409" HPOS="291" VPOS="2370" WIDTH="12" HEIGHT="28" WC="0.96" CONTENT="I"/><SP WIDTH="26" VPOS="2370" HPOS="303"/>
							<String ID="string_410" HPOS="329" VPOS="2372" WIDTH="169" HEIGHT="30" WC="0.96" CONTENT="samband"/><SP WIDTH="24" VPOS="2372" HPOS="498"/>
							<String ID="string_411" HPOS="522" VPOS="2375" WIDTH="78" HEIGHT="28" WC="0.96" CONTENT="med"/><SP WIDTH="25" VPOS="2375" HPOS="600"/>
							<String ID="string_412" HPOS="625" VPOS="2376" WIDTH="50" HEIGHT="28" WC="0.96" CONTENT="att"/><SP WIDTH="24" VPOS="2376" HPOS="675"/>
							<String ID="string_413" HPOS="699" VPOS="2375" WIDTH="41" HEIGHT="30" WC="0.96" CONTENT="de"/><SP WIDTH="25" VPOS="2375" HPOS="740"/>
							<String ID="string_414" HPOS="765" VPOS="2376" WIDTH="228" HEIGHT="32" WC="0.95" CONTENT="kommunala"/><SP WIDTH="22" VPOS="2376" HPOS="993"/>
							<String ID="string_415" HPOS="1015" VPOS="2379" WIDTH="309" HEIGHT="41" WC="0.92" CONTENT="bostadstilläggen"/><SP WIDTH="24" VPOS="2379" HPOS="1324"/>
							<String ID="string_416" HPOS="1348" VPOS="2382" WIDTH="68" HEIGHT="29" WC="0.96" CONTENT="den"/><SP WIDTH="27" VPOS="2382" HPOS="1416"/>
							<String ID="string_417" HPOS="1443" VPOS="2383" WIDTH="14" HEIGHT="29" WC="0.96" CONTENT="1"/><SP WIDTH="26" VPOS="2383" HPOS="1457"/>
							<String ID="string_418" HPOS="1483" VPOS="2382" WIDTH="141" HEIGHT="40" WC="0.96" CONTENT="januari"/><SP WIDTH="28" VPOS="2382" HPOS="1624"/>
							<String ID="string_419" HPOS="1652" VPOS="2383" WIDTH="84" HEIGHT="30" WC="0.96" CONTENT="1954"/>
						</TextLine>
						<TextLine ID="line_42" HPOS="245" VPOS="2422" WIDTH="1489" HEIGHT="50">
							<String ID="string_420" HPOS="245" VPOS="2422" WIDTH="128" HEIGHT="31" WC="0.96" CONTENT="avlöste"/><SP WIDTH="28" VPOS="2422" HPOS="373"/>
							<String ID="string_421" HPOS="401" VPOS="2425" WIDTH="41" HEIGHT="29" WC="0.96" CONTENT="de"/><SP WIDTH="29" VPOS="2425" HPOS="442"/>
							<String ID="string_422" HPOS="471" VPOS="2425" WIDTH="248" HEIGHT="33" WC="0.95" CONTENT="förutvarande"/><SP WIDTH="29" VPOS="2425" HPOS="719"/>
							<String ID="string_423" HPOS="748" VPOS="2429" WIDTH="138" HEIGHT="40" WC="0.93" CONTENT="statliga"/><SP WIDTH="26" VPOS="2429" HPOS="886"/>
							<String ID="string_424" HPOS="912" VPOS="2430" WIDTH="309" HEIGHT="42" WC="0.92" CONTENT="bostadstilläggen"/><SP WIDTH="28" VPOS="2430" HPOS="1221"/>
							<String ID="string_425" HPOS="1249" VPOS="2434" WIDTH="63" HEIGHT="29" WC="0.96" CONTENT="och"/><SP WIDTH="27" VPOS="2434" HPOS="1312"/>
							<String ID="string_426" HPOS="1339" VPOS="2435" WIDTH="41" HEIGHT="29" WC="0.96" CONTENT="de"/><SP WIDTH="28" VPOS="2435" HPOS="1380"/>
							<String ID="string_427" HPOS="1408" VPOS="2445" WIDTH="43" HEIGHT="20" WC="0.96" CONTENT="av"/><SP WIDTH="25" VPOS="2445" HPOS="1451"/>
							<String ID="string_428" HPOS="1476" VPOS="2436" WIDTH="258" HEIGHT="30" WC="0.96" CONTENT="kommunerna"/>
						</TextLine>
						<TextLine ID="line_43" HPOS="245" VPOS="2476" WIDTH="1489" HEIGHT="51">
							<String ID="string_429" HPOS="245" VPOS="2476" WIDTH="177" HEIGHT="31" WC="0.95" CONTENT="beslutade"/><SP WIDTH="20" VPOS="2476" HPOS="422"/>
							<String ID="string_430" HPOS="442" VPOS="2479" WIDTH="172" HEIGHT="31" WC="0.93" CONTENT="särskilda"/><SP WIDTH="17" VPOS="2479" HPOS="614"/>
							<String ID="string_431" HPOS="631" VPOS="2480" WIDTH="310" HEIGHT="42" WC="0.91" CONTENT="bostadstilläggen"/><SP WIDTH="18" VPOS="2480" HPOS="941"/>
							<String ID="string_432" HPOS="959" VPOS="2483" WIDTH="206" HEIGHT="36" WC="0.96" CONTENT="föreskrevs,"/><SP WIDTH="21" VPOS="2483" HPOS="1165"/>
							<String ID="string_433" HPOS="1186" VPOS="2486" WIDTH="115" HEIGHT="30" WC="0.96" CONTENT="såsom"/><SP WIDTH="19" VPOS="2486" HPOS="1301"/>
							<String ID="string_434" HPOS="1320" VPOS="2487" WIDTH="155" HEIGHT="40" WC="0.96" CONTENT="framgår"/><SP WIDTH="19" VPOS="2487" HPOS="1475"/>
							<String ID="string_435" HPOS="1494" VPOS="2498" WIDTH="41" HEIGHT="20" WC="0.96" CONTENT="av"/><SP WIDTH="18" VPOS="2498" HPOS="1535"/>
							<String ID="string_436" HPOS="1553" VPOS="2489" WIDTH="66" HEIGHT="30" WC="0.96" CONTENT="den"/><SP WIDTH="19" VPOS="2489" HPOS="1619"/>
							<String ID="string_437" HPOS="1638" VPOS="2489" WIDTH="96" HEIGHT="30" WC="0.96" CONTENT="förut"/>
						</TextLine>
					</TextBlock>
				</ComposedBlock>
				<GraphicalElement ID="cblock_2" HPOS="1161" VPOS="2290" WIDTH="45" HEIGHT="5"></GraphicalElement >
			</PrintSpace>
		</Page>
	</Layout>
</alto>
