2202 2622
393 180 40 30 26
863 187 358 31 Konstitutionsutskottets
1243 189 148 29 utlåtande
1413 190 48 28 Nr
1485 191 28 27 4.

393 263 30 46 ej
462 264 202 35 föranleder
700 266 121 47 nyval.
878 266 75 36 Det
994 270 48 41 är,
1086 280 75 22 som
1202 268 110 35 redan
1356 269 228 46 framhållits,
1627 272 182 45 önskvärt,
1837 275 54 33 att
1919 275 78 35 icke

393 329 44 22 en
472 318 69 34 viss
577 330 118 36 grupp
734 331 45 22 av
822 320 142 35 valmän
1005 321 120 35 ställes
1167 321 76 36 helt
1281 322 67 35 och
1383 323 112 35 hållet
1523 326 100 33 utom
1654 326 340 49 valförrättningen,

392 373 89 32 även
522 382 59 23 om
614 371 102 36 deras
757 375 114 32 röster
911 375 31 46 ej
987 374 140 35 kunnat
1163 375 164 35 medföra
1364 376 154 47 ändring
1547 377 11 34 i
1587 377 60 36 det
1676 379 225 36 omedelbara
1925 381 72 34 val-

391 424 198 35 resultatet.
652 425 59 35 Av
758 425 44 35 de
849 427 95 35 olika
992 429 151 45 utvägar
1183 429 58 34 för
1287 429 329 48 distriktsnyvalets
1658 432 215 48 anordning,
1918 447 77 22 som

393 476 113 35 under
547 477 118 36 denna
702 478 264 50 förutsättning
1003 481 216 47 ifrågasatts,
1250 482 151 35 innebär
1429 483 70 35 den
1524 496 43 22 av
1592 484 82 35 herr
1703 485 179 48 Hellberg
1905 488 91 35 före-

391 529 134 47 slagna,
561 533 54 33 att
643 531 314 50 distriktsnyvalet
985 534 114 36 skulle
1128 538 67 44 äga
1219 548 91 30 rum,
1341 535 109 36 sedan
1478 537 328 48 valförrättningen
1835 540 12 34 i
1876 541 120 46 övrigt

391 583 184 45 avslutats,
620 585 67 35 och
726 587 129 35 träffas
896 588 150 35 sålunda
1076 610 47 3 —
1153 589 13 34 i
1194 588 63 35 det
1285 589 63 35 fall
1377 592 54 32 att
1460 590 62 35 det
1550 591 271 46 ifrågavarande
1851 594 146 35 distrik-

390 638 71 33 tets
502 640 114 34 röster
657 642 61 33 äro
760 653 44 22 av
835 641 181 48 betydelse
1047 642 54 34 för
1129 642 247 47 valutgången
1405 664 51 4 —
1485 655 44 23 av
1553 644 67 35 den
1651 645 238 46 invändning,
1916 660 77 22 som

390 690 179 36 utskottet
610 693 110 34 redan
763 694 113 34 riktat
917 696 77 32 mot
1023 707 44 22 en
1096 694 100 49 dylik
1226 696 213 47 anordning.
1499 697 67 35 Om
1595 699 76 34 åter
1695 699 157 52 nämnda
1880 704 113 32 röster

390 743 78 35 icke
497 744 124 35 kunna
648 746 150 34 inverka
825 748 47 46 på
899 747 257 48 valutgången,
1187 749 69 34 kan
1288 749 61 35 det
1369 749 209 37 förutsättas
1609 754 54 32 att
1683 752 312 50 distriktsnyvalet

390 796 162 36 kommer
580 800 54 33 att
662 799 171 35 omfattas
863 800 79 35 med
972 802 38 33 så
1037 801 103 47 ringa
1172 803 161 44 intresse,
1364 805 55 33 att
1447 803 43 35 de
1519 804 165 46 fördelar,
1710 818 78 23 som
1808 819 83 23 man
1911 808 81 35 med

390 849 197 36 detsamma
630 851 96 36 velat
773 852 120 46 vinna,
939 853 97 36 bliva
1077 855 213 35 illusoriska.
1351 856 187 36 Liknande
1575 859 267 47 invändningar
1869 861 125 35 kunna

388 903 113 36 riktas
534 907 76 33 mot
638 905 123 35 herrar
788 906 233 47 Ljunggrens
1045 909 68 34 och
1142 908 147 36 Olssons
1318 909 281 49 tilläggsförslag
1628 924 57 23 om
1716 912 276 49 distriktsnyval

389 957 91 34 efter
514 957 65 36 hos
610 958 128 48 Kungl
780 959 109 48 Maj:t
917 961 187 47 företagen
1132 962 196 48 kassering,
1358 966 53 32 ett
1439 964 134 47 förslag
1601 978 79 23 vars
1708 967 284 46 genomförande

389 1010 12 34 i
425 1011 192 47 praktiken
646 1012 56 35 för
731 1013 121 46 övrigt
879 1014 103 35 torde
1012 1015 148 47 erbjuda
1188 1018 96 33 stora
1304 1017 232 46 svårigheter.
1576 1018 74 36 Det
1664 1020 211 35 förutsätter
1894 1024 97 31 näm-

388 1063 98 46 ligen
515 1077 45 22 en
587 1065 111 35 sådan
725 1066 146 35 teknisk
899 1067 204 47 anordning
1132 1081 44 22 av
1201 1071 451 47 röstsammanräkningen,
1683 1075 54 32 att
1762 1073 230 47 Konungens

388 1117 383 47 befallningshavande
812 1119 90 35 efter
934 1120 223 36 densammas
1191 1122 211 36 avslutande
1431 1126 38 32 är
1497 1124 12 34 i
1538 1125 105 34 stånd
1667 1127 55 33 att
1755 1138 42 22 ur
1823 1127 169 35 valsedel-

389 1183 139 23 massan
559 1171 150 47 avskilja
736 1172 223 36 valsedlarna
987 1174 80 35 från
1105 1175 114 35 vilket
1244 1176 206 35 valdistrikt
1474 1189 76 23 som
1579 1179 105 34 helst.
1716 1179 239 37 Föreskrifter
1978 1181 13 34 i

387 1224 109 35 sådan
525 1224 164 48 riktning
717 1225 115 36 skulle
865 1227 209 47 visserligen
1099 1228 124 35 kunna
1234 1230 135 34 införas
1384 1230 12 34 i
1412 1230 174 48 vallagen,
1607 1245 79 22 men
1704 1232 61 35 det
1778 1233 70 35 kan
1862 1234 129 47 ifråga-

387 1280 120 42 sättas,
536 1278 179 35 huruvida
744 1279 44 35 de
817 1279 144 36 därmed
993 1281 237 48 förknippade
1259 1283 202 35 fördelarna
1490 1287 59 32 äro
1583 1285 137 47 ägnade
1747 1288 54 33 att
1820 1290 168 44 uppväga

387 1330 62 36 det
474 1332 196 47 väsentligt
693 1332 115 35 ökade
839 1333 123 35 besvär
993 1335 67 34 och
1080 1335 43 35 de
1139 1336 124 46 övriga
1279 1337 241 46 olägenheter,
1536 1350 74 23 som
1627 1339 43 34 de
1686 1339 115 35 skulle
1814 1340 172 36 medföra.

388 1405 50 4 —
464 1385 81 35 Mot
573 1386 82 34 herr
680 1385 278 37 Vennerströms
972 1388 134 47 förslag
1123 1388 123 36 kunna
1259 1390 78 35 icke
1353 1403 135 22 samma
1502 1392 268 44 invändningar
1785 1394 111 35 riktas
1911 1406 77 23 som

386 1440 78 33 mot
491 1438 121 35 herrar
640 1438 207 48 Hellbergs,
877 1440 231 48 Ljunggrens
1136 1443 66 34 och
1233 1443 157 36 Olssons.
1449 1444 74 35 Det
1543 1447 64 45 går
1624 1447 184 46 nämligen
1823 1450 42 32 ut
1876 1449 44 45 på
1934 1450 55 33 att

386 1491 229 47 Konungens
640 1492 382 47 befallningshavande
1042 1495 74 35 före
1137 1496 69 34 den
1224 1497 181 47 egentliga
1419 1499 439 48 röstsammanräkningen
1872 1501 115 35 skulle

387 1544 232 45 (beträffande
648 1546 170 46 samtliga
860 1547 160 36 kretsens
1060 1548 162 46 distrikt)
1253 1554 120 42 pröva,
1401 1551 178 35 huruvida
1598 1553 199 47 anledning
1812 1554 57 34 till
1882 1567 106 22 mass-

386 1597 184 48 kassering
610 1599 170 47 förelåge.
837 1600 57 35 De
930 1602 120 46 nyval,
1095 1614 76 23 som
1214 1602 120 36 kunde
1361 1603 94 36 bliva
1483 1617 44 22 en
1556 1605 92 46 följd
1676 1618 44 22 av
1749 1606 101 48 dylik
1880 1620 106 23 mass-

385 1651 195 47 kassering,
624 1652 115 35 skulle
780 1653 106 35 också
936 1657 66 44 äga
1042 1668 79 22 rum
1160 1656 75 34 före
1273 1658 438 47 röstsammanräkningen
1742 1660 65 34 och
1838 1661 149 35 sålunda

385 1705 111 34 innan
525 1705 248 36 valresultatet
802 1719 61 23 ens
904 1708 57 34 till
1003 1709 119 46 någon
1156 1709 57 34 del
1245 1709 106 35 blivit
1379 1710 143 36 bekant.
1580 1712 54 34 Ur
1662 1712 70 35 den
1761 1725 91 22 ovan
1882 1714 105 35 fram-

386 1758 119 35 hållna
535 1759 234 46 synpunkten
798 1772 43 22 av
870 1761 308 47 angelägenheten
1206 1764 55 33 att
1281 1762 312 49 distriktsnyvalet
1613 1766 31 46 ej
1666 1769 85 44 äger
1770 1779 91 32 rum,
1878 1767 109 35 sedan

385 1811 247 36 valresultatet
660 1813 11 33 i
701 1813 121 47 övrigt
849 1814 106 35 blivit
982 1814 100 45 känt,
1108 1815 149 35 innebär
1286 1816 133 35 således
1448 1818 82 34 herr
1555 1818 278 37 Vennerströms
1853 1821 134 47 förslag

386 1877 44 22 en
458 1865 195 48 lyckligare
692 1866 145 47 lösning
878 1880 44 22 av
965 1869 211 46 spörsmålet
1213 1873 46 31 än
1289 1870 43 34 de
1363 1871 123 47 övriga
1515 1871 248 48 föreliggande
1793 1874 191 44 förslagen.

386 1917 68 35 Om
492 1918 62 35 det
578 1919 302 47 kompletterades
909 1920 147 46 därhän,
1087 1925 52 32 att
1168 1922 71 35 den
1268 1923 65 35 hos
1353 1923 229 48 Konungens
1602 1926 383 47 befallningshavande

384 1971 251 47 försiggående
667 1972 268 48 förrättningen
970 1974 143 36 delades
1149 1976 13 34 i
1190 1978 63 33 två
1295 1976 155 36 bestämt
1487 1978 154 35 åtskilda
1682 1980 67 34 och
1791 1980 57 34 till
1891 1981 95 34 olika

385 2024 108 48 dagar
522 2025 162 46 förlagda
713 2026 246 47 avdelningar,
990 2028 70 35 den
1088 2041 66 22 ena
1181 2029 251 36 innefattande
1461 2031 46 35 all
1523 2031 69 35 den
1607 2033 180 46 prövning
1805 2034 55 41 (av
1876 2034 107 46 sigill,

386 2078 146 47 omslag,
576 2078 193 48 protokoll,
814 2080 129 35 kuvert
983 2093 31 23 o.
1051 2094 25 22 s.
1100 2087 46 39 v.)
1175 2095 78 22 som
1283 2083 69 34 kan
1382 2083 79 35 leda
1489 2085 56 34 till
1573 2098 26 22 s.
1626 2086 34 33 k.
1694 2086 289 48 masskassering,

385 2131 69 34 den
483 2131 110 35 andra
626 2132 68 35 den
725 2133 182 47 egentliga
921 2136 451 46 röstsammanräkningen,
1393 2137 115 35 skulle
1527 2139 210 47 ytterligare
1758 2140 154 35 fördelar
1930 2143 56 33 stå

385 2187 53 32 att
466 2185 120 35 vinna.
634 2186 73 35 Det
735 2186 121 43 kunde
877 2187 45 35 då
937 2188 154 47 stadgas,
1122 2191 54 33 att
1204 2190 132 35 sådana
1366 2190 133 45 besvär,
1522 2204 74 23 som
1617 2193 110 46 ginge
1747 2196 40 33 ut
1806 2196 45 45 på
1871 2194 114 35 kasse-

384 2238 82 47 ring
507 2251 43 22 av
590 2239 80 35 hela
703 2240 297 36 valsedelmassan
1029 2242 80 35 från
1138 2245 54 33 ett
1219 2243 156 44 distrikt,
1402 2244 114 35 skulle
1544 2246 141 46 ingivas
1713 2247 100 35 inom
1842 2260 43 22 en
1915 2248 70 35 viss
