2164 2656
355 292 18 31 8
821 290 256 33 Statsutskottets
1101 288 166 33 Memorial
1289 288 63 33 N:o
1377 290 27 30 1.

1212 371 209 50 Transport
1450 370 141 38 kronor
1661 371 175 47 655,870:
1858 378 40 27 64

310 424 481 52 Finspong—Norsholms
817 424 460 50 jernvägsaktiebolag
1254 420 31 60 ..
1309 457 107 4 ....
1501 453 21 19 oo»
1684 424 151 46 22.343:
1857 432 41 26 15

312 479 69 37 och
409 478 307 50 Bergslagernas
741 477 419 50 jernvägsaktiebolag
1182 483 81 31 mot
1279 477 128 49 obliga

415 528 21 55 [5
432 532 107 36 103.575
566 561 840 7 RR
1489 559 21 18 -
1625 529 287 56 1,586,070:
1873 525 40 64 —

1267 584 154 44 Summa
1449 579 144 65 kronor
1620 579 219 65 2,264,284:
1860 600 55 25 39.

439 663 416 48 Riksgäldskontorets
885 664 99 34 inom
1014 663 112 35 linien
1157 662 240 35 balanserade
1427 662 210 48 tillgångar
1666 661 115 35 hafva
1798 659 119 36 under

314 717 40 33 år
385 715 94 35 1888
510 714 32 47 ej
574 713 209 48 undergått
813 716 129 45 någon
971 712 238 49 förändring.
1267 712 53 35 De
1348 717 137 44 utgöra
1513 713 230 47 11,195,000
1763 711 151 34 kronor.

440 914 34 46 Å
502 923 47 37 de
578 923 85 37 från
686 923 484 50 jernvägshypoteksfonden
1199 922 216 37 utlemnade
1444 922 74 47 lån,
1539 920 303 51 ursprungligen
1859 926 58 31 ut-

314 977 169 50 görande
522 977 206 49 7,864,000
762 976 153 48 kronor,
948 976 116 37 hafva
1090 975 123 38 under
1242 978 40 34 år
1308 978 95 34 1888
1430 974 440 51 kapitalafbetalningar
1899 978 20 34 å

316 1029 284 50 sammanlagdt
642 1032 165 46 240,923
850 1029 145 37 kronor
1035 1031 20 35 5
1091 1035 65 31 öre
1186 1028 57 37 till
1272 1029 140 37 fonden
1441 1029 153 37 influtit.
1653 1028 131 38 Under
1812 1029 105 36 inne-

316 1084 166 35 varande
513 1086 40 33 år
580 1082 101 36 intill
711 1082 125 36 denna
862 1082 76 50 dag
959 1082 115 37 hafva
1095 1085 20 33 å
1132 1082 113 37 dessa
1261 1083 59 36 lån
1336 1082 225 49 ytterligare
1579 1082 183 36 afbetalts
1783 1083 135 45 12,600

315 1135 150 37 kronor.
520 1135 184 36 Fondens
734 1134 223 49 fordringar
984 1140 141 43 utgöra
1154 1134 59 38 för
1241 1135 236 36 närvarande
1506 1134 12 36 i
1548 1134 148 49 kapital
1714 1134 202 48 2,770,700

317 1187 149 48 kronor,
496 1187 222 36 utlemnade
747 1186 56 37 till
833 1187 86 48 fyra
949 1187 192 37 särskilda
1171 1187 444 49 penninginrältningar.

515 1420 59 34 Till
601 1420 204 43 utbetalning
831 1420 77 34 från
935 1421 332 43 riksgäldskontoret
1292 1420 158 34 anvisade
1475 1419 249 44 statsutgifter.

757 1483 114 50 (1888
902 1487 62 34 års
994 1484 240 49 reglemente
1264 1483 45 50 $$
1340 1482 150 51 5—16).

445 1570 76 37 Det
549 1570 60 37 till
639 1570 253 50 fortsättning
921 1571 43 36 af
989 1571 181 37 arbetena
1199 1575 20 34 å
1247 1573 215 35 stambanan
1492 1585 85 23 norr
1606 1584 55 24 om
1679 1571 170 51 Sollefteå
1866 1571 56 37 för

320 1625 40 35 år
390 1625 95 36 1888
516 1626 49 47 på
599 1622 382 51 riksgäldskontoret
1010 1624 184 38 anvisade
1224 1625 134 49 anslag
1387 1624 42 38 af
1456 1626 201 46 1,500,000
1687 1625 138 36 kronor
1853 1624 67 38 har

320 1676 119 37 under
468 1689 146 24 samma
645 1679 41 33 år
713 1676 12 36 1
758 1679 43 34 13
833 1677 104 36 olika
967 1683 131 43 poster
1119 1679 41 35 af
1179 1683 91 44 väg-
1291 1679 69 36 och
1382 1678 539 49 vattenbyggnadsstyrelsen

321 1728 12 35 1
361 1728 378 48 riksgäldskontoret
764 1729 147 48 lyftats.
969 1730 83 36 Den
1082 1731 95 36 sista
1204 1730 293 49 utbetalningen
1520 1731 100 47 egde
1641 1744 83 22 rum
1741 1730 11 36 i
1770 1732 150 47 augusti

324 1780 135 36 månad
487 1780 179 37 sistlidne
696 1783 50 34 år.

448 1831 54 38 Af
525 1833 65 37 det
619 1832 59 37 till
707 1833 202 38 enahanda
939 1834 177 38 ändamål
1141 1837 21 35 å
1191 1834 374 51 riksgäldskontoret
1587 1834 185 39 anvisade
1789 1837 137 49 anslag

322 1885 58 37 för
407 1885 263 37 innevarande
699 1888 40 34 år
768 1887 70 36 har
867 1891 103 32 ännu
1001 1888 31 49 ej
1065 1890 117 47 något
1207 1888 193 37 utbetalts.

457 1938 74 36 Till
560 1938 119 49 inköp
709 1939 41 36 af
774 1939 253 37 Hudiksvalls
1051 1941 430 49 jernvägsaktiebolags
1504 1941 158 49 jernväg
1687 1943 130 36 mellan
1848 1943 78 36 Hu-

324 1990 155 36 diksvall
501 1992 61 35 och
583 1991 206 47 Näsviken,
812 1992 88 36 dess
922 1993 276 48 ombyggande
1222 1993 55 37 till
1296 1993 223 50 bredspårig
1535 2000 101 30 samt
1654 1995 272 37 utsträckande

325 2040 56 37 till
423 2055 112 24 norra
578 2043 228 38 stambanan
851 2044 64 37 vid
959 2044 158 51 Ljusdal
1151 2045 71 38 och
1257 2046 200 38 förseende
1491 2047 86 37 med
1608 2046 120 52 rörlig
1756 2049 171 37 materiel

325 2094 189 49 beviljade
561 2097 97 36 1885
702 2098 61 35 års
792 2096 187 52 Riksdag,
1014 2098 164 38 förutom
1216 2099 323 38 efterskänkande
1576 2100 41 36 af
1641 2113 47 24 en
1718 2101 210 50 riksgälds-

324 2146 196 37 kontorets
554 2148 154 36 fordran
744 2149 70 36 hos
845 2151 169 35 nämnda
1044 2152 115 47 bolag
1188 2155 21 33 å
1237 2154 157 46 185,677
1427 2153 141 36 kronor
1599 2154 45 35 97
1673 2159 77 43 öre,
1781 2161 54 30 ett
1864 2169 63 23 an-

325 2198 83 49 slag
431 2199 42 37 af
496 2202 208 47 4,623,300
734 2201 154 49 kronor,
918 2208 58 32 att
1004 2206 93 46 utgå
1127 2204 85 37 med
1244 2206 202 47 2,000,000
1475 2205 143 37 kronor
1648 2209 40 34 år
1712 2209 108 47 1886,
1843 2209 84 37 med

326 2252 201 47 2,350,300
558 2253 143 37 kronor
729 2256 40 34 år
802 2256 94 36 1887
929 2256 71 37 och
1033 2258 165 46 273,000
1227 2256 138 39 kronor
1394 2261 41 34 år
1465 2259 109 37 1888.

453 2305 366 51 Anslagsbeloppen
853 2308 59 35 för
945 2311 92 34 åren
1070 2311 96 35 1886
1196 2310 71 36 och
1300 2312 93 35 1888
1425 2316 98 32 samt
1554 2313 203 47 1,999,489
1789 2314 140 39 kronor

327 2357 45 34 82
415 2360 64 32 öre
521 2358 42 35 af
601 2358 179 48 anslaget
813 2360 57 35 för
905 2364 40 33 år
984 2363 95 34 1887
1110 2362 205 38 anvisades
1346 2370 55 30 att
1430 2364 191 38 utbetalas
1650 2367 59 36 till
1739 2373 91 43 väg-
1859 2370 70 36 och

326 2407 554 53 vattenbyggnadsstyrelsen,
919 2426 84 24 som
1038 2414 69 37 ock
1142 2413 11 38 i
1183 2415 375 51 riksgäldskontoret
1586 2416 114 52 lyftat
1727 2421 111 38 dessa
1868 2422 61 38 be-

326 2459 100 50 lopp.
457 2452 257 48 Återstående
744 2466 166 48 350,810
940 2466 143 38 kronor
1114 2469 45 35 18
1189 2474 64 32 öre
1282 2470 40 37 af
1337 2470 176 51 anslaget
1532 2470 60 38 för
1613 2475 40 35 år
1676 2476 95 36 1887
1794 2475 134 51 skulle,
