2116 2648
762 232 247 36 Statsutskottets
1032 238 167 33 Memorial
1223 241 60 32 N:o
1309 245 23 30 1.
1768 253 12 29 1

966 826 73 38 N:o
1070 830 30 36 1.

837 984 71 30 Ank
933 985 47 30 till
1004 985 104 31 Riksd.
1132 987 99 30 kansli
1256 989 57 29 den
1340 990 39 28 23
1402 990 63 39 jan.
1493 992 90 36 1889,
1606 992 40 30 kl.
1673 994 36 28 12
1735 994 93 30 midd.

435 1131 206 45 Memorial,
685 1132 80 36 med
807 1133 66 35 den
917 1135 54 35 till
1012 1135 245 37 innevarande
1301 1138 170 48 Riksdag
1499 1140 45 48 af
1559 1140 230 50 fullmäktige
1813 1144 14 34 i

637 1202 345 47 riksgäldskontoret
1010 1206 146 48 afgifna
1185 1207 196 35 berättelse.

365 1353 312 50 Statsutskottet,
709 1370 80 22 som
819 1357 72 36 fått
917 1363 192 45 emottaga
1137 1360 71 35 den
1239 1360 41 36 af
1304 1361 246 49 fullmäktige
1578 1362 11 35 i
1618 1362 207 50 riksgälds-

230 1407 196 47 kontoret,
458 1407 124 49 enligt
613 1411 43 33 71
689 1408 21 49 $
742 1409 40 36 af
806 1409 65 36 det
900 1410 58 36 för
986 1411 104 36 detta
1107 1412 89 35 verk
1214 1418 133 31 senast
1364 1414 201 36 utfärdade
1584 1415 240 50 reglemente,

230 1458 57 36 till
317 1459 228 49 Riksdagen
582 1460 148 48 afgifna
766 1461 207 37 berättelse
1004 1464 194 47 angående
1227 1465 396 49 riksgäldskontorets
1648 1467 180 51 ställning

230 1512 72 35 och
331 1511 240 48 förvaltning
600 1512 58 36 för
687 1513 73 36 den
789 1513 67 47 tid,
887 1527 80 23 som
998 1514 167 49 förflutit,
1197 1517 117 35 sedan
1345 1517 262 49 fullmäktiges
1626 1519 199 38 berättelse

230 1562 57 37 till
332 1569 156 32 senaste
534 1564 175 50 Riksdag
747 1565 137 49 afgafs,
910 1566 57 37 får
991 1567 158 48 härmed
1179 1568 56 36 till
1262 1569 245 50 Riksdagens
1538 1570 210 39 kännedom
1774 1573 52 37 af-

230 1616 130 37 lemna
385 1629 148 25 samma
563 1617 206 37 berättelse
798 1619 86 36 med
910 1619 386 51 tillkännagifvande,
1326 1627 57 31 att
1412 1623 187 37 utskottet
1627 1624 199 38 framdeles

230 1669 123 37 under
395 1669 231 50 riksdagens
671 1671 89 49 lopp
804 1671 97 36 skall
945 1672 143 48 afgifva
1116 1674 196 36 utlåtande
1343 1688 59 23 om
1433 1675 393 50 riksgäldskontorets

230 1721 167 49 styrelse
427 1723 72 36 och
528 1722 237 50 förvaltning
794 1724 120 36 under
943 1724 72 37 den
1046 1725 64 45 tid,
1142 1726 234 37 berättelsen
1408 1727 192 38 omfattar.

363 1773 226 39 Stockholm
619 1776 76 37 den
722 1778 45 34 23
791 1776 153 49 januari
978 1779 112 35 1889.

748 1882 52 36 På
829 1883 308 37 statsutskottets
1165 1889 165 43 vägnar:

819 1985 204 38 GUSTAF
1052 1986 204 38 SPARRE.

323 2418 76 31 Bih.
426 2417 49 32 till
498 2417 108 33 Riksd.
632 2417 85 33 Prot.
742 2420 92 30 1889.
882 2422 19 28 4
925 2419 98 33 Suml.
1069 2421 17 28 1
1110 2419 74 40 Afd.
1210 2422 17 29 1
1253 2420 97 39 Häft.
1772 2421 14 31 1
