1864 2768
366 143 406 41 Bevillningsutskottets
795 141 220 31 betänkande
1035 149 43 21 nr
1098 139 41 29 60
1159 138 41 30 år
1221 136 83 31 1959
1541 132 41 31 39

125 234 55 31 35)
210 232 41 30 de
267 230 225 40 likalydande
508 227 221 30 motionerna
745 227 29 29 1:
792 224 62 31 583
871 234 42 20 av
929 224 80 29 herr
1024 221 160 40 Hagberg
1199 229 46 21 m.
1262 220 39 39 fl.
1318 219 63 30 och
1399 219 44 29 II:
1460 216 63 31 684
1540 225 42 21 av

82 284 81 29 herr
182 281 164 39 Kollberg
367 290 45 19 m.
434 280 49 39 fl.,
504 278 75 30 vari
600 276 209 34 hemställts,
831 277 50 28 att
902 273 188 39 riksdagen
1111 271 118 34 måtte,
1252 270 54 29 för
1328 269 66 30 den
1416 268 166 29 händelse

84 332 188 39 riksdagen
298 331 156 29 beslutar
482 330 126 37 antaga
633 326 207 38 förordning
865 333 58 21 om
949 323 130 29 allmän
1103 321 184 29 varuskatt
1312 320 11 28 i
1349 317 234 39 huvudsaklig

84 380 349 32 överensstämmelse
455 378 79 31 med
556 378 57 30 det
635 377 11 29 i
668 375 263 41 propositionen
954 382 42 21 nr
1020 372 60 30 162
1104 370 195 40 framlagda
1323 368 174 39 förslaget,
1520 367 65 29 hos

85 433 126 39 Kungl.
230 431 106 40 Maj:t
354 429 186 31 hemställa
558 437 55 21 om
633 427 131 39 förslag
783 426 52 29 till
853 423 263 31 bestämmelser
1134 421 106 40 enligt
1259 420 11 30 i
1288 419 217 31 motionerna
1526 427 60 21 an-

86 483 103 40 givna
208 481 180 39 riktlinjer
407 489 57 21 om
484 478 202 31 restitution
707 477 55 29 för
781 476 196 32 varuskatt,
1001 482 74 22 som
1098 473 101 38 utgör
1221 471 53 29 del
1297 482 41 19 av
1358 468 149 31 kostnad
1530 468 56 30 för

87 533 212 38 investering
313 533 10 28 i
338 532 129 29 rörelse
482 531 82 30 eller
578 529 184 39 jordbruk,
777 528 66 29 och
857 526 121 30 därvid
994 524 188 30 framhålla
1199 525 49 28 att
1264 522 165 38 förslaget
1442 521 62 29 bör
1519 529 64 20 un-

87 581 183 31 derställas
291 581 103 28 nästa
415 579 57 30 års
492 577 159 39 riksdag;

130 657 56 32 36)
213 656 41 30 de
278 653 222 39 likalydande
522 652 218 30 motionerna
764 651 29 29 1:
810 648 63 31 584
897 658 43 20 av
963 647 58 30 fru
1044 644 305 33 Hamrin-Thorell
1372 643 64 30 och
1461 643 45 30 11:
1523 641 63 31 678

87 716 42 20 av
151 706 126 30 fröken
298 704 135 36 Elmén,
456 703 75 30 vari
554 701 210 34 hemställts,
789 701 71 29 »att
882 698 198 39 riksdagen,
1104 696 56 31 för
1182 696 67 29 den
1271 694 166 30 händelse
1460 692 126 40 Kungl.

87 757 124 37 Maj:ts
231 754 219 41 proposition
471 763 41 20 nr
536 752 60 30 162
619 751 180 40 angående
820 750 130 30 allmän
971 747 184 30 varuskatt
1177 746 112 30 skulle
1311 745 107 28 vinna
1439 743 78 30 dess
1538 742 48 29 bi-

88 807 74 35 fall,
179 807 108 30 måtte
304 806 138 29 besluta
458 806 50 29 att
526 801 342 43 grammofonskivor
886 800 218 38 undantages
1122 798 80 29 från
1221 797 108 31 sådan
1349 796 129 34 skatt>;

132 882 55 32 37)
216 881 43 30 de
283 878 225 41 likalydande
532 876 222 31 motionerna
778 873 107 32 1:585
911 882 42 21 av
977 872 57 30 fru
1061 868 306 33 Hamrin-Thorell
1389 878 46 21 m.
1460 867 38 40 fl.
1523 866 66 31 och

89 932 45 29 11:
151 931 64 30 686
235 940 43 21 av
293 930 82 30 herr
392 928 163 39 Kollberg
572 936 45 21 m.
635 927 49 39 fl.,
702 927 76 29 vari
795 924 208 34 hemställts,

133 983 51 28 att
206 981 198 39 riksdagen,
428 979 54 30 för
504 979 67 29 den
593 977 167 30 händelse
781 975 188 39 riksdagen
991 973 109 30 fattar
1121 972 113 30 beslut
1257 980 56 21 om
1336 968 189 40 uttagande
1548 976 41 22 av

89 1032 131 29 allmän
242 1030 185 30 varuskatt
449 1029 12 29 i
483 1027 236 39 huvudsaklig
741 1023 348 32 överensstämmelse
1112 1022 80 29 med
1215 1021 57 30 det
1295 1021 11 28 i
1328 1019 261 41 propositionen

89 1091 43 20 nr
150 1081 60 30 162
229 1079 198 40 framlagda
444 1078 176 39 förslaget,
637 1077 108 29 måtte
762 1075 136 30 besluta
917 1076 49 28 att
982 1074 12 28 i
1012 1072 42 30 46
1074 1073 15 37 $
1108 1072 12 29 i
1139 1071 249 39 förordningen
1405 1069 88 30 efter
1510 1068 79 29 dess

90 1132 110 30 andra
219 1132 156 29 moment
411 1129 147 30 insättes
577 1129 48 29 ett
645 1128 78 39 nytt
741 1127 157 29 moment
917 1133 42 22 av
978 1123 157 40 följande
1155 1122 145 39 lydelse:

135 1183 40 29 >3
192 1190 105 21 mom.
316 1182 75 29 Den
411 1178 254 40 skattskyldige
684 1178 80 39 äger
780 1176 58 30 vid
858 1174 269 39 redovisningen
1144 1183 42 21 av
1203 1171 204 40 preliminär
1424 1170 94 30 skatt
1535 1168 55 30 för

89 1230 367 41 redovisningsperiod
476 1231 83 38 göra
579 1229 128 38 avdrag

135 1283 36 33 a)
201 1282 118 29 därest
341 1280 277 38 skattebeloppet
638 1277 191 39 överstiger
853 1275 60 30 100
935 1276 131 29 kronor
1086 1282 80 21 men
1189 1273 30 39 ej
1246 1271 92 30 1000
1360 1271 130 29 kronor
1511 1268 80 31 med

92 1332 79 41 fyra
191 1333 145 39 procent
357 1340 42 22 av
418 1330 67 30 vad
507 1338 75 21 som
603 1328 190 39 överstiger
818 1326 62 30 100
901 1326 145 34 kronor;

135 1382 38 34 b)
203 1382 118 30 därest
339 1380 276 39 skattebeloppet
633 1378 191 39 överstiger
842 1375 94 31 1000
954 1376 131 29 kronor
1102 1383 80 21 men
1201 1373 30 40 ej
1253 1372 19 30 6
1286 1371 62 31 000
1366 1372 130 29 kronor
1513 1369 79 30 med

93 1434 74 30 dels
182 1435 48 29 ett
245 1433 125 39 belopp
386 1441 57 21 om
460 1431 41 30 36
517 1431 140 35 kronor,
674 1429 74 32 dels
763 1428 80 30 med
859 1436 43 21 en
917 1426 81 30 halv
1013 1427 144 38 procent
1174 1434 41 22 av
1230 1423 66 30 vad
1313 1431 74 22 som
1404 1420 188 40 överstiger

94 1484 15 28 1
125 1483 63 29 000
205 1484 140 33 kronor,
364 1483 91 28 samt

137 1532 34 34 c)
202 1532 117 29 därest
341 1530 277 39 skattebeloppet
640 1528 189 39 överstiger
851 1527 19 29 6
885 1526 62 29 000
971 1526 129 29 kronor
1123 1524 80 29 med
1225 1523 73 29 dels
1320 1524 48 28 ett
1389 1521 124 39 belopp
1536 1529 58 20 om

94 1583 38 29 61
151 1583 142 34 kronor,
309 1582 74 29 dels
400 1590 42 21 en
459 1581 119 28 kvarts
596 1580 143 39 procent
757 1586 42 22 av
813 1577 67 30 vad
897 1585 74 21 som
989 1574 188 40 överstiger
1194 1573 19 30 6
1227 1572 63 30 000
1307 1572 138 29 kronor.

138 1633 130 39 Belopp
291 1641 75 22 som
387 1630 149 31 sålunda
559 1639 41 20 av
621 1629 67 30 den
711 1626 253 41 skattskyldige
986 1625 167 39 avdrages
1176 1623 88 31 skall
1286 1631 100 21 anses
1408 1621 123 40 utgöra
1553 1628 41 21 av

94 1684 130 29 honom
244 1682 119 40 erlagd
382 1681 205 40 preliminär
607 1680 94 30 skatt
721 1678 107 39 enligt
848 1677 114 30 denna
983 1675 236 39 förordning.»

139 1758 56 33 38)
224 1757 42 30 de
288 1755 227 40 likalydande
538 1754 221 30 motionerna
782 1753 29 30 I:
828 1751 63 30 586
916 1760 42 21 av
980 1750 123 30 herrar
1127 1750 238 29 Hermansson
1390 1746 64 30 och
1478 1744 118 32 Ferdi-

95 1808 96 29 nand
203 1807 142 31 Nilsson
362 1808 90 29 samt
467 1806 45 29 II:
529 1804 63 30 679
607 1813 42 21 av
662 1804 81 30 herr
756 1802 171 31 Eriksson
948 1802 5 29 i
968 1801 194 30 Bäckmora
1176 1808 45 20 m.
1236 1798 49 39 fl.,
1299 1797 74 30 vari
1388 1796 208 32 hemställts,

98 1859 71 30 »att
186 1857 200 40 riksdagen,
403 1856 117 30 därest
537 1854 264 41 propositionen
817 1862 43 21 nr
879 1852 60 30 162
958 1852 75 29 icke
1052 1850 112 31 skulle
1182 1848 124 36 avslås,
1326 1847 106 30 måtte
1449 1846 147 33 besluta,

97 1913 51 28 att
163 1912 11 28 i
194 1909 38 30 10
251 1909 16 37 $
286 1909 253 38 förordningen
555 1917 57 21 om
631 1907 131 30 allmän
778 1905 185 31 varuskatt
981 1904 88 30 skall
1088 1911 116 31 anges,
1223 1904 49 28 att
1289 1901 77 30 icke
1384 1900 122 30 endast
1524 1898 70 30 far-

96 1961 59 38 tyg
177 1959 81 29 med
281 1967 42 21 en
347 1956 298 39 nettodräktighet
669 1964 42 21 av
733 1954 108 30 minst
867 1952 40 30 20
930 1952 207 39 registerton
1162 1950 88 29 skall
1274 1949 219 37 undantagas
1517 1946 79 30 från

96 2009 132 30 allmän
244 2008 185 29 varuskatt
447 2009 85 27 utan
550 2005 107 30 också
675 2003 268 40 inregistrerade
961 2002 108 33 båtar,
1089 2010 74 20 som
1184 2001 37 28 är
1240 1998 149 31 avsedda
1408 1998 54 29 för
1479 1997 120 40 yrkes-

97 2058 146 40 mässigt
264 2057 102 37 fiske,
390 2059 90 28 samt
502 2058 49 28 att
572 2053 260 32 vederbörande
853 2052 136 30 utskott
1010 2051 109 30 måtte
1140 2049 160 30 utarbeta
1322 2048 129 39 förslag
1473 2046 52 30 till
1547 2055 52 21 er-

98 2108 168 40 forderlig
289 2108 167 39 lagtext>;

143 2185 55 32 39)
227 2185 41 29 de
285 2183 221 37 likalydande
524 2181 220 30 motionerna
761 2181 29 29 I:
807 2178 61 31 587
888 2187 42 21 av
945 2178 122 29 herrar
1082 2177 174 29 Jonasson
1275 2174 64 30 och
1355 2172 135 32 Sundin
1509 2172 90 30 samt

100 2236 45 29 11:
162 2235 62 30 692
243 2245 42 20 av
301 2235 81 29 herr
398 2234 162 29 Elmwall
576 2242 45 20 m.
638 2233 50 39 fl.,
704 2232 76 30 vari
797 2231 207 33 hemställts,
1024 2231 50 28 att
1091 2229 198 37 riksdagen,
1307 2227 117 29 därest
1441 2224 156 40 proposi-

99 2285 120 29 tionen
239 2293 42 21 nr
303 2283 61 30 162
384 2283 76 29 icke
481 2282 112 30 skulle
613 2280 125 34 avslås,
760 2279 109 30 måtte
887 2278 147 34 besluta,

147 2334 34 34 1)
211 2336 51 27 att
287 2332 284 41 byggnadsvaror
595 2333 91 28 samt
710 2328 253 40 investeringar
987 2327 12 30 i
1023 2326 182 34 hantverk,
1232 2323 161 35 industri,
1417 2321 182 41 jordbruk,

103 2384 208 40 skogsbruk,
328 2383 140 35 handel,
486 2382 102 36 fiske,
606 2379 306 42 trädgårdsodling
930 2380 62 29 ete.
1010 2377 109 30 måtte
1137 2376 220 39 undantagas
1376 2374 79 30 från
1475 2373 128 30 skatte-

102 2435 100 39 plikt,
221 2436 91 29 samt
