1914 2780
271 129 40 29 10
558 130 405 39 Bevillningsutskottets
984 133 219 30 betänkande
1222 143 44 21 nr
1285 135 41 29 53
1345 136 39 29 år
1404 136 84 29 1960

384 212 202 31 Reducerad
608 215 211 34 restitution,
843 225 25 20 s.
890 216 141 30 21-25.

386 263 210 30 Restitution
613 273 44 21 av
674 274 119 20 annan
811 265 257 41 införselavgift
1086 268 44 29 än
1148 267 75 35 tull,
1242 277 46 21 m.
1307 278 56 25 m.,
1383 278 25 21 s.
1427 269 139 30 25—928.

385 312 477 37 Varvsindustrirestitution,
886 325 25 21 s.
933 315 141 31 28—34.

384 362 413 40 Departementschefens
815 365 220 36 hemställan,
1055 376 25 21 s.
1100 366 50 31 34.

318 212 31 179 ONA

929 520 181 34 Utskottet

320 612 79 30 Som
419 615 48 28 ett
486 614 55 29 led
561 614 11 29 i
593 615 234 31 strävandena
847 618 50 28 att
916 617 246 31 åstadkomma
1182 619 105 30 såvitt
1307 620 137 40 möjligt
1463 621 177 40 enhetliga
1657 623 113 39 regler

273 661 97 31 inom
388 663 41 30 de
447 664 167 30 nordiska
631 665 171 30 länderna
818 667 44 39 på
878 667 57 30 det
953 667 351 32 tulladministrativa
1321 670 157 31 området
1497 671 147 31 föreslås
1662 672 12 29 i
1692 682 78 30 pro-

273 712 199 39 positionen
485 714 93 30 vissa
593 714 191 40 ändringar
800 717 11 29 i
828 717 83 30 1929
925 717 58 30 års
999 717 206 41 förordning
1222 719 178 40 angående
1416 721 278 31 tullrestitution.
1712 722 58 32 Så-

273 761 110 31 lunda
405 762 210 41 framlägges
638 765 45 30 bl.
708 775 30 20 a.
763 766 131 40 förslag
916 776 58 21 om
995 767 94 31 vissa
1112 767 120 41 tillägg
1255 769 54 31 till
1332 770 65 30 och
1420 770 284 41 förtydliganden
1727 781 42 21 av

273 810 310 34 bestämmelserna
607 824 57 20 om
690 815 131 30 allmän
845 816 365 37 industrirestitution,
1235 819 350 32 handelsrestitution
1609 822 66 29 och
1698 823 72 29 sär-

273 861 93 31 skild
387 863 211 31 restitution.

318 911 109 32 Såvitt
451 913 169 31 utskottet
643 914 139 31 kunnat
805 916 100 30 finna
925 917 140 31 medför
1087 918 42 30 de
1152 918 200 40 föreslagna
1374 920 310 31 bestämmelserna
1707 931 59 31 up:

272 961 154 38 penbara
452 962 153 31 fördelar
630 964 56 30 för
711 965 227 40 näringslivet
964 967 66 30 och
1056 967 240 41 förenklingar
1320 969 11 30 i
1357 970 94 30 olika
1476 971 225 30 hänseenden
1727 980 41 22 av

272 1010 452 34 restitutionsförfarandet.
749 1016 175 30 Utskottet
947 1016 193 40 tillstyrker
1162 1018 122 31 därför
1304 1020 262 40 propositionen
1588 1021 12 29 i
1621 1021 147 31 berörda

271 1060 107 32 delar.

315 1136 14 29 I
348 1137 346 32 överensstämmelse
713 1141 80 29 med
813 1141 57 30 det
889 1142 169 30 nordiska
1076 1142 166 41 förslaget
1262 1144 52 30 till
1334 1145 438 32 tullrestitutionsbestäm-

272 1185 127 32 melser
425 1186 160 33 förordas
609 1189 120 31 vidare
756 1191 10 29 i
793 1191 263 40 propositionen
1082 1192 186 32 införande
1295 1204 42 20 av
1363 1204 42 20 en
1432 1205 45 30 ny
1503 1196 92 30 form
1622 1206 42 20 av
1689 1197 80 31 tull-

272 1236 211 37 restitution,
503 1238 177 31 benämnd
699 1240 191 31 reducerad
909 1242 212 36 restitution,
1142 1253 75 20 som
1237 1245 39 29 är
1295 1245 129 30 avsedd
1442 1248 50 27 att
1512 1248 130 28 ersätta
1661 1256 109 21 nuva-

271 1286 109 31 rande
401 1286 264 33 bestämmelser
687 1290 11 30 i
720 1290 401 42 tulltaxeförordningen
1143 1302 57 21 om
1221 1296 178 38 temporär
1421 1295 174 31 tullfrihet
1618 1296 56 30 för
1696 1306 73 21 ma-

273 1335 118 31 skiner
413 1346 29 21 o.
465 1338 79 39 dyl.,
568 1348 75 20 som
664 1339 133 31 införes
820 1340 54 31 för
896 1342 226 40 användning
1142 1343 59 30 vid
1224 1344 261 41 allmännyttigt
1508 1345 144 41 företag,
1677 1349 90 28 samt

273 1385 55 30 för
343 1387 192 31 lokomotiv
551 1389 65 29 och
631 1389 310 41 järnvägsvagnar,
960 1401 76 20 som
1053 1401 42 21 av
1108 1393 384 42 järnvägsförvaltning
1509 1395 160 41 förhyres
1687 1396 81 30 från

272 1435 169 32 utlandet.
466 1437 316 33 Bestämmelserna
808 1440 147 31 innebär
980 1442 20 30 å
1025 1451 65 21 ena
1116 1442 101 31 sidan
1244 1453 43 20 en
1312 1445 206 40 utvidgning
1542 1455 42 20 av
1609 1446 158 30 området

272 1485 56 31 för
352 1487 174 31 tullfrihet
548 1489 60 29 vid
631 1489 224 32 återutförsel
881 1500 41 20 ur
946 1492 92 29 riket
1062 1502 43 21 av
1128 1494 158 29 materiel
1310 1503 46 20 m.
1381 1504 56 25 m.,
1464 1504 73 21 som
1563 1495 128 31 införts
1717 1496 55 30 för

272 1535 169 41 tillfälligt
459 1537 192 37 brukande,
671 1539 45 31 bl.
737 1549 29 21 a.
785 1540 216 32 därutinnan
1021 1545 50 27 att
1089 1543 229 40 likställighet
1337 1545 12 29 i
1367 1545 266 31 tullhänseende
1653 1546 116 30 åstad-

272 1584 158 32 kommes
458 1587 129 30 mellan
613 1588 270 42 allmännyttiga
909 1591 135 41 företag
1072 1593 65 30 och
1165 1593 111 31 andra
1303 1594 143 40 företag.
1475 1595 26 30 Å
1529 1596 111 30 andra
1667 1596 101 30 sidan

271 1635 138 31 medför
428 1636 166 41 förslaget
613 1639 10 29 i
644 1641 93 38 regel
756 1649 43 21 en
819 1641 193 41 skärpning
1032 1652 42 20 av
1094 1643 42 29 de
1156 1644 203 30 nuvarande
1380 1645 311 31 bestämmelserna
1711 1656 57 20 om

272 1686 177 39 temporär
472 1687 183 37 tullfrihet,
680 1689 204 41 därigenom
907 1694 51 28 att
981 1692 111 30 tullen
1116 1692 148 32 föreslås
1287 1694 99 30 skola
1408 1695 173 30 beräknas
1603 1696 11 29 i
1638 1696 131 30 förhål-

272 1735 103 30 lande
394 1736 52 30 till
465 1738 345 40 användningstiden
827 1740 95 30 inom
942 1742 101 30 riket.

318 1786 13 29 I
357 1786 111 30 likhet
495 1788 79 29 med
600 1788 388 40 departementschefen
1016 1792 116 30 finner
1157 1794 172 30 utskottet
1356 1794 56 30 det
1439 1795 136 30 mindre
1602 1796 168 30 tillfreds-

272 1835 172 32 ställande
472 1839 50 28 att
548 1838 160 38 gällande
737 1840 330 32 tullbestämmelser
1093 1843 143 40 medger
1263 1844 225 41 användning
1516 1854 42 21 av
1585 1846 184 30 utländskt

272 1885 158 31 materiel
449 1887 11 29 i
480 1887 67 30 den
565 1888 187 31 inhemska
770 1890 260 39 produktionen
1050 1894 86 27 utan
1154 1895 50 28 att
1224 1893 115 40 någon
1358 1894 64 30 tull
1443 1894 149 31 behöver
1609 1896 160 40 erläggas

273 1938 91 27 samt
384 1938 50 28 att
453 1936 57 31 det
528 1937 71 30 inte
618 1938 103 30 råder
740 1939 228 40 likställighet
986 1941 129 30 mellan
1134 1942 268 41 allmännyttiga
1422 1945 64 29 och
1504 1945 111 30 andra
1634 1945 135 40 företag

272 1984 12 30 i
311 1985 94 31 detta
430 1986 209 32 hänseende.
666 1989 50 29 De
743 1989 199 41 föreslagna
968 1991 311 32 bestämmelserna
1306 1994 37 29 är
1370 1994 133 40 ägnade
1530 1997 49 28 att
1606 1996 167 39 avlägsna

271 2034 104 31 dessa
395 2035 231 40 olägenheter.
648 2038 178 31 Utskottet
847 2040 64 30 har
932 2041 11 29 i
965 2040 60 31 sitt
1043 2041 58 30 vid
1123 2042 237 32 innevarande
1380 2044 57 30 års
1458 2045 142 39 riksdag
1622 2046 149 39 avgivna

272 2084 222 33 betänkande
512 2097 41 20 nr
570 2088 42 30 48
628 2088 171 40 tillstyrkt
817 2089 56 32 det
889 2090 11 29 i
917 2091 263 39 propositionen
1198 2102 43 20 nr
1258 2093 42 30 98
1317 2093 196 40 framlagda
1532 2095 166 39 förslaget
1716 2096 53 29 till

272 2144 48 30 ny
345 2135 364 43 tulltaxeförordning,
735 2138 117 30 vilken
878 2140 206 40 förordning
1109 2141 72 30 inte
1206 2143 196 31 innehåller
1427 2144 115 40 någon
1567 2147 207 38 motsvarig-

273 2184 59 31 het
352 2185 52 30 till
424 2186 41 30 de
485 2188 203 30 nuvarande
708 2188 312 32 bestämmelserna
1039 2200 57 22 om
1117 2194 178 38 temporär
1312 2193 174 31 tullfrihet
1506 2195 11 29 i
1537 2195 64 30 här
1622 2195 148 31 berörda

272 2234 236 32 hänseenden.
526 2238 117 29 Under
659 2238 221 41 åberopande
897 2249 43 21 av
956 2241 57 30 det
1030 2241 148 30 anförda
1195 2242 193 41 tillstyrker
1405 2244 170 31 utskottet
1593 2245 40 30 de
1650 2246 10 29 i
1678 2247 19 29 6
1714 2255 20 20 a
1753 2245 15 37 $

272 2284 542 44 tullrestitutionsförordningen
839 2291 178 38 upptagna
1041 2291 310 31 bestämmelserna
1375 2302 57 21 om
1456 2294 191 30 reducerad
1671 2296 99 29 resti-

272 2334 126 31 tution.
