1922 2852
496 156 398 34 Jordbruksutskottets
920 153 190 33 utlåtande
1137 152 53 33 Nr
1212 152 53 30 54.
1554 148 41 31 17

133 237 104 37 tjäna
262 239 92 29 även
379 236 116 32 andra
519 234 201 38 betydande
745 234 186 30 intressen.
975 232 68 31 Det
1069 231 138 35 anslag,
1233 239 74 22 som
1332 229 59 31 må
1417 228 142 31 komma
1585 223 54 34 att

133 288 165 37 beviljas,
321 288 63 31 bör
408 286 197 38 lämpligen
629 286 125 31 ställas
778 284 58 31 till
860 283 276 36 länsstyrelsens
1161 280 214 37 förfogande
1400 280 54 30 att
1479 278 160 37 dispone-

134 350 60 22 ras
214 340 13 31 i
248 338 244 36 huvudsaklig
513 335 352 34 överensstämmelse
884 334 81 31 med
987 334 42 31 de
1051 332 158 37 grunder
1231 332 56 31 för
1308 329 332 36 undersökningens

134 390 233 33 anordnande
387 390 66 31 och
474 388 192 32 utförande
686 397 76 21 som
782 397 45 21 av
849 383 370 38 lantbruksstyrelsen
1240 383 55 31 för
1317 382 129 31 sådant
1468 380 67 32 fall
1554 380 86 31 ifrå-

136 444 148 36 gasatts.
324 442 57 30 Av
400 440 312 37 anslagsbeloppet
732 438 101 32 torde
853 435 214 37 förslagsvis
1085 435 109 36 20,000
1215 434 130 31 kronor
1365 432 87 32 böra
1473 431 168 32 utanord-

136 504 64 21 nas
225 494 56 31 för
304 493 214 36 budgetåret
541 490 198 36 1930/1931.»

176 596 77 31 Den
277 596 13 30 i
313 592 391 38 statsrådsprotokollet
729 592 208 35 förebragta
961 589 242 36 utredningen
1228 596 105 27 synes
1357 586 174 31 utskottet
1557 584 84 37 giva

136 647 63 33 vid
222 646 151 37 handen,
397 648 54 30 att
473 646 14 30 i
512 643 234 33 förevarande
769 643 94 31 båda
888 642 66 31 fall
974 640 137 32 sådana
1133 639 181 32 särskilda
1335 636 306 36 omständigheter

138 698 188 37 föreligga,
348 697 102 32 vilka
472 697 124 31 kunna
618 695 184 36 motivera,
826 695 54 31 att
903 694 187 35 undantag
1115 694 102 34 göres
1241 691 83 31 från
1347 689 105 36 eljest
1475 687 167 38 gällande

138 749 117 37 regler
277 751 21 30 å
320 748 238 32 förevarande
579 747 153 31 område.
774 746 55 31 Då
850 745 175 31 utskottet
1052 744 6 30 i
1081 742 211 36 anslutning
1314 740 126 32 härtill
1462 749 104 22 anser
1588 738 54 36 sig

138 802 87 31 böra
244 799 185 37 tillstyrka
449 798 136 37 Kungl.
604 797 129 37 Maj:ts
753 795 237 33 förevarande
1010 793 231 38 proposition,
1260 792 67 31 vill
1345 791 176 32 utskottet
1541 789 102 33 emel-

138 852 109 32 lertid
274 850 214 38 ytterligare
517 848 241 37 understryka
785 848 70 31 den
881 857 47 21 av
956 846 174 32 utskottet
1158 844 63 32 vid
1249 842 219 37 behandling
1498 841 145 32 förlidet

138 903 42 31 år
201 913 46 21 av
270 913 44 21 en
335 901 172 32 liknande
529 899 269 37 framställning
822 897 220 33 framhållna
1065 895 211 38 synnerliga
1297 894 125 32 vikten
1444 894 123 35 därav,
1590 893 54 30 att

139 954 138 32 sådana
299 953 170 37 åtgärder
493 952 143 35 träffas,
657 950 210 37 varigenom
890 948 246 37 betryggande
1162 946 183 37 garantier
1368 945 123 31 kunna
1513 945 131 30 vinnas

140 1005 57 31 för
217 1007 55 29 att
293 1005 41 31 de
355 1003 321 36 undersökningar,
698 1011 74 22 som
793 1010 102 22 avses
917 1002 54 29 att
992 999 140 31 utföras
1153 998 80 31 med
1255 998 42 31 de
1318 996 202 37 tillstyrkta
1540 995 104 32 stats-

139 1055 183 37 anslagen,
345 1056 59 30 må
426 1055 143 31 komma
591 1055 55 30 att
666 1053 122 31 lämna
812 1050 239 37 tillförlitliga
1074 1048 162 33 resultat.

179 1107 124 32 Under
327 1105 224 37 åberopande
574 1115 45 20 av
644 1104 59 31 det
727 1102 154 33 anförda
903 1100 206 33 hemställer
1134 1100 183 35 utskottet,

581 1208 54 31 att
655 1206 194 36 riksdagen
869 1206 59 30 må

582 1257 75 32 dels
683 1258 115 31 såsom
824 1255 129 37 bidrag
982 1255 56 31 för
1065 1253 195 36 utredning
1286 1252 66 31 och
1378 1249 269 37 undersökning

541 1309 152 31 rörande
734 1305 323 37 vattenavledning
1091 1305 84 31 från
1208 1304 133 31 Emåns
1373 1301 272 33 vattenområde

541 1360 127 32 anvisa
689 1361 50 30 ett
761 1360 103 30 extra
884 1355 371 37 reservationsanslag
1276 1365 45 21 av
1344 1354 89 36 4,000
1454 1353 142 36 kronor,

582 1411 74 31 dels
686 1410 65 32 ock
783 1410 56 31 för
870 1408 195 36 utredning
1097 1407 65 32 och
1193 1405 268 36 undersökning
1492 1403 153 32 rörande

544 1460 321 36 vattenavledning
893 1460 85 30 från
1005 1459 181 35 Helgeåns
1214 1455 271 33 vattenområde
1513 1454 134 36 bevilja

541 1516 51 29 ett
612 1513 127 36 anslag
760 1523 46 21 av
827 1512 110 36 50,000
956 1511 132 31 kronor
1110 1509 65 32 och
1198 1510 112 31 därav
1332 1507 129 32 anvisa
1482 1507 56 31 för
1560 1506 84 32 bud-

543 1565 138 36 getåret
699 1563 172 34 1930/1931
891 1564 51 30 ett
961 1562 104 31 extra
1083 1558 369 37 reservationsanslag
1473 1568 45 21 av
1538 1557 109 36 20,000

542 1616 139 31 kronor.

184 1717 206 33 Stockholm
412 1717 69 31 den
502 1717 18 30 8
542 1715 94 38 april
656 1715 86 31 1930.

575 1820 51 30 På
650 1817 386 38 jordbruksutskottets
1060 1818 154 34 vägnar:

693 1920 36 32 C.
750 1920 33 31 J.
831 1917 262 34 JOHANSSON.

189 2170 198 25 Närvarande:
408 2177 28 16 se
457 2168 145 25 utlåtande
621 2175 34 17 nr
675 2169 40 22 50.

149 2519 111 31 Bihang
280 2518 41 25 till
340 2518 168 31 riksdagens
528 2516 144 32 protokoll
695 2517 73 24 1930.
809 2517 32 23 10
860 2517 81 24 saml.
983 2517 32 23 18
1035 2515 69 31 häft.
1144 2512 52 31 (Nr
1215 2512 126 32 52—55)
1605 2511 17 24 2

1702 584 137 23 Utskottet.
