1902 2833
260 175 38 30 16
608 176 313 30 Bankoutskottets
942 177 178 31 utlåtande
1141 187 41 20 nr
1201 179 19 29 9
1240 179 38 29 år
1299 179 83 30 1968

254 258 125 30 räknat
400 258 80 30 från
503 258 92 30 1971.
615 259 68 30 För
703 261 50 28 att
773 259 187 40 riksdagen
981 260 88 30 skall
1089 260 121 31 kunna
1232 262 118 29 arbeta
1369 262 44 40 på
1435 264 46 27 ett
1502 262 236 30 tillfredsstäl-

255 303 100 30 lande
378 305 67 29 sätt
465 304 97 29 torde
583 304 79 30 med
682 305 138 39 hänsyn
840 305 52 29 till
914 305 304 40 provisorietidens
1240 307 104 40 längd
1365 317 42 20 en
1430 308 108 30 större
1562 308 175 40 splittring

255 358 42 20 av
314 349 179 30 lokalerna
510 350 44 39 på
572 350 94 29 olika
683 350 70 29 håll
772 351 10 28 i
802 350 121 30 staden
941 351 75 29 icke
1034 351 122 30 kunna
1174 354 206 37 accepteras.

300 395 194 29 Problemet
510 395 63 29 har
589 395 102 30 alltså
706 396 88 29 varit
811 397 49 28 att
877 396 100 29 finna
994 396 153 31 samlade
1163 398 131 29 lokaler
1311 398 53 29 för
1380 398 205 40 riksdagens
1602 400 137 29 väsent-

256 439 120 39 ligaste
391 440 267 34 arbetsenheter,
673 441 106 29 vilket
793 441 145 29 innebär
953 443 49 27 att
1016 451 42 20 en
1071 442 147 39 totalyta
1231 443 176 30 erfordras
1422 452 56 21 om
1492 453 40 20 ca
1547 443 37 30 25
1601 443 62 30 000
1678 447 59 26 m2.

256 484 194 30 Lokalerna
465 485 88 30 skall
568 486 122 29 kunna
704 486 181 39 tillgodose
899 486 206 40 riksdagens
1121 488 160 39 speciella
1296 489 86 28 krav
1397 488 44 40 på
1455 489 283 34 rumsstorlekar,

254 530 272 29 rumssamband
540 531 64 29 och
619 531 117 39 övriga
751 531 213 35 funktioner,
980 532 90 40 ligga
1085 533 217 39 någorlunda
1317 534 146 29 centralt
1479 534 53 30 för
1548 536 49 28 alt
1614 535 124 29 snabbt

255 575 121 29 kunna
405 575 63 30 nås
497 575 80 30 från
608 576 372 40 statsdepartementen
1009 578 65 29 och
1102 587 83 20 vara
1214 579 324 39 inflyttningsklara
1568 580 73 29 före
1672 580 67 29 den

257 619 159 30 1.1.1971.
438 620 365 41 Byggnadsstyrelsen,
827 631 74 21 som
922 622 191 30 undersökt
1135 624 93 29 olika
1249 624 193 35 alternativ,
1464 624 63 30 har
1549 624 117 30 funnit
1689 627 50 27 alt

257 665 65 29 den
346 665 89 30 enda
458 666 138 39 lösning
620 675 74 21 som
719 667 175 40 uppfyller
919 668 40 29 de
984 668 155 30 nämnda
1162 669 169 29 villkoren
1357 670 36 28 är
1420 671 48 28 att
1493 670 110 29 ordna
1627 671 114 38 provi-

255 710 135 29 soriska
408 710 131 29 lokaler
560 710 53 29 för
633 711 187 39 riksdagen
840 720 123 31 genom
983 714 50 27 att
1052 714 36 28 ta
1107 713 11 29 i
1137 713 154 39 anspråk
1313 723 41 20 en
1375 713 53 30 del
1449 723 42 20 av
1510 713 66 30 den
1596 714 141 30 förvalt-

256 756 263 40 ningsbyggnad
540 766 73 20 som
633 758 350 39 byggnadsstyrelsen
1002 759 162 39 planerar
1184 760 150 39 uppföra
1354 760 10 29 i
1384 760 55 29 kv.
1460 760 215 30 Garnisonen
1695 761 45 39 på

258 801 219 30 Östermalm.
505 803 49 29 På
580 803 168 39 grundval
779 813 40 20 av
847 806 46 27 ett
922 804 65 30 den
1016 803 83 30 9.11.
1130 804 83 30 1964
1241 805 127 39 ingivet
1396 805 344 40 byggnadsprogram

255 846 156 39 uppdrog
431 846 126 39 Kungl.
579 847 104 38 Maj:t
705 848 11 28 i
738 848 165 29 skrivelse
925 848 66 29 den
1012 848 149 30 5.3.1965
1185 849 34 29 åt
1240 849 351 39 byggnadsstyrelsen
1613 852 50 27 att
1685 852 54 27 ut-

257 891 76 29 föra
350 892 238 39 projektering
607 893 91 28 fram
716 895 23 26 t.
754 902 29 19 o.
796 902 45 19 m.
861 893 135 39 färdiga
1013 894 300 38 bygghandlingar
1333 895 53 29 för
1404 895 337 38 byggnadsobjektet

257 938 90 27 samt
370 938 50 28 alt
444 936 151 31 därefter
619 937 215 31 underslälla
859 938 141 30 ärendet
1024 938 125 40 Kungl.
1174 939 123 39 Maj:ts
1322 939 169 40 förnyade
1515 940 180 39 prövning.

299 982 68 29 För
389 983 192 29 kvarterets
603 983 74 39 läge
700 984 64 28 och
786 984 223 39 byggnadens
1032 984 218 40 utformning
1272 985 164 30 hänvisas
1459 985 52 30 till
1534 985 140 40 bifogad
1699 986 43 29 si-

257 1027 249 39 tuationsplan.

301 1072 12 29 I
336 1072 139 30 samråd
495 1073 79 29 med
594 1073 350 40 byggnadsstyrelsen
965 1074 63 29 har
1048 1074 205 40 riksdagens
1275 1075 359 39 förvaltningskontor
1656 1084 87 31 upp-

257 1117 91 39 gjort
374 1120 47 27 ett
446 1119 258 38 lokalprogram
730 1119 54 29 för
809 1119 186 39 riksdagen
1021 1120 168 29 avseende
1215 1129 42 20 en
1283 1120 214 39 provisorisk
1522 1120 220 39 förläggning

258 1172 41 19 av
323 1163 204 39 riksdagens
554 1164 160 38 samtliga
738 1164 238 29 lokalenheter
1000 1165 52 29 till
1078 1165 173 29 kvarteret
1278 1165 225 29 Garnisonen.
1530 1165 63 29 Det
1619 1165 54 30 för
1700 1174 42 20 en

256 1209 205 37 permanent
485 1209 208 39 nybyggnad
716 1209 235 39 föreliggande
975 1210 225 39 preliminära
1223 1210 330 39 lokalprogrammet
1577 1210 63 30 har
1664 1210 79 29 här-

258 1252 56 29 vid
333 1253 88 29 varit
440 1253 263 40 utgångspunkt
723 1263 79 20 men
821 1255 240 29 lokalbehovet
1081 1255 63 29 har
1164 1256 156 28 avsevärt
1340 1255 199 30 reducerats
1559 1256 79 28 med
1657 1256 85 28 hän-

260 1307 63 29 syn
342 1298 52 29 till
414 1299 49 28 alt
483 1298 56 29 det
560 1299 36 29 är
617 1299 97 39 fråga
734 1308 56 20 om
811 1309 41 19 en
872 1299 153 40 tillfällig
1045 1299 220 40 förläggning
1283 1300 172 39 varjämte
1474 1300 160 30 beaktats
1655 1300 88 39 möj-

258 1343 151 38 ligheten
432 1353 42 19 av
496 1346 215 36 gemensamt
734 1344 225 38 utnyttjande
983 1354 42 19 av
1047 1345 91 29 vissa
1162 1345 54 29 för
1239 1345 223 39 byggnadens
1486 1345 174 29 ordinarie
1684 1355 58 19 an-

258 1387 179 40 vändning
463 1388 107 29 redan
597 1388 186 39 planerade
811 1389 131 29 lokaler
970 1390 22 28 1.
1008 1398 49 20 ex.
1088 1389 359 30 sammanträdesrum
1475 1389 64 29 och
1567 1390 176 38 personal-

258 1434 216 37 restaurang.
497 1433 65 29 Vid
585 1433 67 29 den
673 1433 263 39 undersökning
960 1443 73 20 som
1057 1434 152 29 därefter
1231 1435 109 38 gjorts
1363 1434 221 30 beträffande
1607 1435 138 38 möjlig-

261 1477 101 29 helen
379 1479 49 27 att
446 1478 175 39 inplacera
638 1478 205 39 riksdagens
861 1479 130 29 lokaler
1009 1479 11 29 i
1038 1479 65 29 den
1121 1479 244 39 projekterade
1382 1479 205 39 byggnaden
1605 1479 63 29 har
1687 1479 55 29 det

261 1522 88 29 visat
373 1523 50 38 sig
447 1524 49 27 atl
520 1522 114 30 denna
657 1523 81 29 tack
759 1532 80 21 vare
864 1524 50 29 sin
941 1524 170 38 generella
1136 1524 233 39 uppbyggnad
1393 1524 64 29 och
1482 1524 141 29 flexibla
1647 1524 98 39 plan-

260 1567 137 39 lösning
425 1575 123 31 genom
576 1568 122 29 endast
727 1569 131 28 smärre
886 1568 245 39 förändringar
1160 1569 64 28 och
1252 1569 118 39 tillägg
1397 1569 70 29 kan
1496 1578 167 30 anpassas
1691 1569 51 29 till

259 1612 205 39 riksdagens
484 1613 206 29 lokalbehov
709 1613 64 28 och
791 1613 45 39 på
856 1615 46 27 ett
924 1613 79 29 fullt
1023 1613 323 30 tillfredsställande
1368 1615 67 28 sätt
1455 1614 180 39 tillgodose
1656 1614 90 29 riks-

261 1656 128 38 dagens
410 1657 282 30 funktionskrav.

304 1701 202 30 Kostnaden
528 1702 53 29 för
604 1702 253 39 nybyggnaden
879 1703 10 28 i
911 1703 173 29 kvarteret
1108 1703 215 29 Garnisonen
1345 1703 163 30 bedömes
1531 1704 141 28 komma
1695 1706 48 27 att

263 1746 66 29 öka
341 1746 79 29 med
434 1756 38 19 ca
487 1746 49 34 2,5
551 1747 78 29 Mkr
643 1756 56 19 om
712 1747 187 39 riksdagen
915 1748 87 29 skall
1018 1748 173 39 förläggas
1206 1748 59 29 dit.
1280 1747 202 30 Kostnaden
1496 1748 100 29 beror
1610 1748 137 29 huvud-

262 1791 156 39 sakligen
434 1792 45 38 på
496 1791 66 30 den
579 1792 130 39 ökning
726 1802 41 19 av
784 1792 342 39 byggnadsvolymen
1145 1802 73 20 som
1236 1792 146 40 uppstår
1400 1793 63 29 när
1480 1793 145 29 behovet
1644 1802 41 20 av
1703 1802 39 20 en

260 1836 223 39 plenisalsdel
497 1837 223 29 tillkommer.
738 1837 116 30 Skulle
869 1838 205 38 byggnaden
1089 1838 87 29 efter
1191 1838 204 39 riksdagens
1412 1838 210 39 avflyttning
1639 1838 104 29 sedan

262 1881 195 30 återställas
485 1882 52 29 till
566 1883 266 38 ursprungligen
865 1882 128 30 avsedd
1021 1883 222 39 planlösning
1274 1883 111 29 skulle
1415 1883 197 29 tillkomma
1640 1884 107 37 ytter-

261 1926 106 39 ligare
391 1935 39 20 ca
454 1926 49 34 2,5
528 1927 87 29 Mkr.
640 1927 202 29 Emellertid
866 1928 37 28 är
928 1928 56 28 det
1008 1928 176 29 sannolikt
1208 1929 49 27 att
1281 1928 192 38 plenisalen
1497 1928 63 28 när
1584 1927 67 29 den
1675 1928 70 28 inte

261 1971 118 39 längre
401 1971 176 30 erfordras
600 1972 53 29 för
674 1972 186 39 riksdagen
883 1973 69 28 kan
975 1972 36 29 få
1033 1972 132 39 fullgod
1188 1972 224 39 användning
1434 1973 54 29 för
1510 1972 110 30 andra
1643 1972 104 29 funk-

261 2016 121 29 tioner.
407 2016 226 39 Kalkylering
657 2026 42 20 av
722 2016 66 30 den
813 2017 107 29 totala
944 2017 424 39 nybyggnadskostnaden
1392 2017 107 39 pågår
1524 2017 95 29 inom
1643 2017 104 39 bygg-

262 2060 260 40 nadsstyrelsen
541 2062 64 28 och
625 2062 69 28 kan
714 2062 53 29 för
788 2062 217 29 närvarande
1025 2063 70 28 inte
1115 2062 186 29 redovisas.
1323 2062 174 38 Styrelsen
1517 2063 130 28 räknar
1667 2062 77 29 med

263 2107 48 27 att
337 2106 230 39 finansiering
593 2116 41 19 av
657 2107 205 38 byggnaden
888 2108 85 28 även
998 2107 67 29 vad
1090 2116 97 20 avser
1212 2107 333 39 riksdagshusdelen
1572 2107 86 29 skall
1686 2107 59 29 ske

263 2151 79 28 över
370 2151 369 39 byggnadsstyrelsens
770 2151 141 29 delfond
941 2161 41 20 av
1013 2153 130 28 statens
1173 2152 178 29 allmänna
1380 2151 272 40 fastighetsfond
1682 2152 63 28 och

263 2197 48 27 att
329 2195 187 40 riksdagen
535 2196 171 29 debiteras
724 2196 87 39 hyra
829 2196 52 29 till
901 2196 139 29 fonden.
1060 2196 125 29 Härtill
1205 2197 157 28 kommer
1382 2196 195 29 kostnaden
1596 2196 54 29 för
1670 2205 77 29 pro-

261 2240 176 39 jektering
452 2241 64 28 och
533 2241 228 39 anskaffning
778 2250 41 20 av
835 2241 184 39 inredning
1035 2241 64 29 och
1116 2241 201 39 utrustning
1334 2241 53 29 för
1404 2240 205 39 riksdagens
1626 2241 121 29 behov.

307 2284 159 39 Tidigare
496 2285 196 39 uppgjorda
721 2285 173 39 tidplaner
923 2286 54 29 för
1006 2285 252 39 nybyggnaden
1288 2286 10 28 i
1328 2286 173 28 kvarteret
1531 2285 214 29 Garnisonen

265 2329 135 38 syftade
426 2330 52 28 till
506 2331 49 27 att
581 2330 223 38 byggnadens
832 2330 110 29 första
969 2332 102 37 etapp
1100 2331 112 28 skulle
1240 2330 236 39 färdigställas
1505 2330 109 29 under
1642 2330 102 29 våren

265 2374 80 29 1971
372 2377 89 27 samt
484 2376 49 28 att
557 2375 254 39 anläggningen
834 2376 11 28 i
868 2375 77 30 dess
969 2375 116 30 helhet
1108 2375 173 29 inklusive
1305 2374 306 40 matsalsbyggnad
1636 2375 110 29 skulle

262 2419 47 29 bli
331 2419 114 39 färdig
467 2420 110 29 under
602 2419 92 30 1972.
718 2420 77 29 Med
818 2420 137 39 hänsyn
977 2420 52 28 till
1052 2420 204 38 erforderlig
1278 2419 392 39 inflyltningstidpunkt
1693 2419 56 29 för

263 2464 186 39 riksdagen
472 2465 110 28 måste
607 2465 93 29 såväl
724 2465 238 38 projektering
986 2474 73 20 som
1083 2464 178 39 byggande
1286 2464 162 29 forceras.
1473 2463 92 30 även
1589 2464 161 29 matsals-

264 2508 205 39 byggnaden
483 2509 61 29 bör
559 2509 143 39 givetvis
717 2510 121 29 kunna
853 2509 178 30 användas
1046 2509 57 29 vid
1118 2508 267 40 vårriksdagens
1401 2508 125 39 början
1545 2508 79 29 1971
1642 2509 102 28 vilket
