1890 2786
506 168 393 30 Jordbruksutskottets
926 168 182 30 utlåtande
1133 178 43 20 nr
1201 168 51 30 21.
1619 169 18 29 9

800 487 60 40 Nr
888 487 61 40 21.

339 606 186 30 Utlåtande
546 608 81 29 med
647 607 190 39 anledning
858 617 41 20 av
920 607 128 38 Kungl.
1069 606 126 39 Maj:ts
1216 606 218 39 proposition
1456 605 180 38 angående

561 658 124 39 anslag
712 658 51 29 till
788 657 107 40 inköp
921 668 42 20 av
987 657 183 30 maskiner
1193 657 57 40 för
1276 655 361 39 torrläggningsverk-

561 708 194 30 samheten.

160 826 12 29 I
198 836 42 19 en
266 825 53 31 till
344 826 190 41 riksdagen
559 827 67 30 den
652 827 40 29 22
720 826 155 30 februari
903 827 84 29 19352
1013 826 150 36 avlåten,
1190 827 51 30 till
1266 827 369 40 jordbruksutskottet

113 876 173 31 hänvisad
311 877 230 39 proposition,
567 888 42 20 nr
635 877 51 35 84,
713 878 64 30 har
802 877 126 40 Kungl.
954 877 107 40 Maj:t
1087 878 181 39 föreslagit
1293 878 189 39 riksdagen
1508 879 50 29 att
1583 878 52 29 till

114 927 109 40 inköp
251 937 40 20 av
318 927 181 31 maskiner
526 928 55 30 för
608 928 534 39 torrläggningsverksamheten
1170 929 54 29 för
1250 928 207 39 budgetåret
1486 927 149 36 1952/53

114 977 122 30 anvisa
259 980 49 27 ett
329 977 359 41 investeringsanslag
711 988 42 21 av
778 978 94 30 1000
887 978 63 30 000
972 978 142 30 kronor.

159 1028 229 31 Beträffande
415 1029 234 39 utredningen
676 1030 10 28 i
713 1029 144 30 ärendet
883 1029 55 31 får
965 1030 183 36 utskottet,
1175 1030 11 28 i
1213 1030 67 29 den
1307 1029 84 30 mån
1417 1029 219 40 redogörelse

115 1079 121 30 därför
256 1079 29 40 ej
309 1080 138 30 lämnas
466 1080 11 29 i
497 1081 57 29 det
573 1079 169 40 följande,
762 1079 148 31 hänvisa
929 1080 53 31 till
1000 1079 277 41 propositionen.

158 1179 13 29 I
195 1178 221 40 proposition
439 1188 42 21 nr
508 1180 62 30 122
594 1179 53 30 till
674 1179 83 31 1945
783 1179 56 30 års
864 1179 145 40 riksdag
1033 1179 154 41 föreslog
1211 1179 292 39 föredraganden,
1530 1180 104 28 stats-

114 1228 100 30 rådet
238 1229 213 34 Rubbestad,
472 1231 51 28 att
543 1229 181 30 maskiner
744 1229 55 31 för
822 1229 188 30 ulförande
1031 1239 44 20 av
1094 1229 407 39 torrläggningsarbeten
1522 1229 114 30 skulle

115 1279 187 30 anskaffas
322 1288 126 32 genom
465 1281 80 38 väg-
565 1280 66 30 och
648 1280 492 40 vattenbyggnadsväsendets
1159 1280 230 30 förrådsfond
1409 1280 55 30 för
1484 1281 51 29 att
1555 1280 81 29 stäl-

115 1331 52 28 las
189 1330 54 30 till
264 1330 553 40 torrläggningsverksamhetens
840 1331 220 39 förfogande.
1084 1331 112 29 Medel
1219 1330 55 30 för
1297 1331 202 30 ändamålet
1522 1331 115 29 skulle

115 1380 108 39 enligt
252 1381 283 39 föredraganden
562 1381 11 29 i
601 1381 72 30 viss
702 1381 216 39 omfattning
944 1381 123 30 kunna
1095 1381 228 30 förskottsvis
1350 1381 175 30 bestridas
1555 1381 80 30 från

115 1432 133 38 anslag,
272 1440 75 21 som
372 1431 156 32 anvisats
550 1432 84 30 eller
656 1432 121 30 äskats
800 1432 117 29 såsom
943 1431 114 40 förlag
1079 1432 56 29 för
1158 1432 286 31 förrådsfonden.
1467 1432 170 29 Föredra-

116 1482 138 38 ganden
281 1482 110 39 ansåg
417 1482 176 39 slutligen,
624 1484 50 28 att
701 1482 126 39 frågan
855 1491 57 20 om
939 1482 200 30 beredande
1166 1492 43 20 av
1235 1482 170 39 täckning
1432 1482 56 30 för
1515 1481 120 40 dylika

115 1532 228 30 förskottsvis
368 1532 179 30 bestridda
572 1533 146 39 utgifter
743 1534 166 29 ävensom
934 1532 55 30 för
1014 1533 68 30 den
1106 1533 203 39 ytterligare
1335 1532 234 40 anskaffning
1595 1542 42 21 av

115 1583 191 35 maskiner,
328 1592 76 20 som
427 1583 119 30 kunde
566 1583 75 30 visa
663 1583 52 39 sig
736 1583 216 40 erforderlig,
977 1583 108 30 borde
1107 1584 173 39 upptagas
1302 1584 120 39 längre
1444 1583 103 30 fram.

158 1632 202 40 Riksdagen
382 1634 89 29 hade
494 1633 77 31 icke
594 1633 106 39 något
723 1635 51 29 att
796 1633 117 31 erinra
935 1636 73 28 mot
1031 1633 169 41 förslaget
1228 1634 404 39 (jordbruksutskottets

114 1683 62 30 utl.
195 1693 41 20 nr
254 1683 56 36 30;
330 1683 102 30 r.skr.
451 1693 41 21 nr
511 1684 96 34 257).

159 1733 49 30 På
225 1734 123 30 därom
367 1734 102 40 gjord
487 1733 265 41 framställning
768 1734 257 39 bemyndigade
1042 1735 128 39 Kungl.
1190 1734 106 40 Maj:t
1315 1735 67 30 den
1401 1735 18 30 5
1439 1734 89 41 april
1549 1734 84 31 1946

112 1783 80 38 väg-
217 1784 65 29 och
307 1783 479 39 vattenbyggnadsstyrelsen
812 1785 51 29 att
888 1785 80 29 med
994 1784 181 30 anlitande
1202 1794 41 20 av
1269 1786 49 28 ett
1344 1784 52 30 till
1423 1785 209 39 förfogande

113 1833 96 29 ställt
229 1832 359 41 investeringsanslag
609 1833 132 40 inköpa
762 1834 190 34 maskiner,
973 1835 154 29 avsedda
1149 1836 50 28 att
1220 1835 148 39 uthyras
1390 1835 52 29 till
1464 1835 169 39 torrlägg-

116 1883 253 39 ningsföretag.
396 1883 133 30 Hittills
556 1884 46 29 ha
632 1884 235 38 sammanlagt
896 1883 95 30 1500
1006 1883 64 31 000
1097 1884 132 29 kronor
1255 1884 164 39 beviljats
1447 1885 55 29 för
1529 1885 108 30 ända-

115 1933 118 30 målet.

159 2010 12 28 I
193 2009 168 32 skrivelse
381 2011 66 29 den
469 2010 40 30 22
530 2011 182 29 december
736 2011 80 29 1951
839 2011 63 30 har
923 2010 361 40 lantbruksstyrelsen
1305 2012 190 33 hemställt,
1517 2014 49 28 att
1587 2013 48 28 ett

113 2060 126 40 belopp
257 2070 42 20 av
319 2061 12 28 1
351 2060 63 30 000
430 2060 62 30 000
511 2061 131 30 kronor
661 2061 90 30 skall
770 2061 139 31 anvisas
928 2061 55 30 för
1001 2061 109 40 inköp
1130 2071 42 21 av
1190 2062 300 29 arbetsmaskiner
1509 2063 55 29 för
1583 2064 53 27 ut-

113 2111 154 39 hyrning
291 2110 52 30 till
370 2111 408 40 torrläggningsföretag.
806 2111 121 30 Såsom
954 2112 76 29 skäl
1058 2112 55 29 för
1140 2111 308 40 framställningen
1475 2113 64 29 har
1567 2115 68 36 sty-

113 2161 114 29 relsen
247 2161 106 30 bland
375 2164 109 27 annat
504 2161 129 34 anfört,
655 2163 49 29 att
726 2163 94 29 stora
842 2161 215 39 svårigheter
1078 2162 56 29 för
1154 2163 220 29 närvarande
1396 2163 168 38 föreligga
1585 2164 49 28 att

113 2211 52 30 till
190 2211 137 40 rimliga
353 2211 112 39 priser
490 2212 10 29 i
525 2212 117 39 öppna
666 2212 220 29 marknaden
910 2212 87 38 hyra
1022 2211 134 31 sådana
1180 2212 190 30 maskiner.
1397 2212 48 29 De
1471 2212 41 29 23
1538 2214 97 37 gräv-

114 2261 190 35 maskiner,
333 2271 76 20 som
436 2263 79 37 väg-
543 2262 64 29 och
634 2261 478 39 vattenbyggnadsstyrelsen
1139 2262 89 29 hade
1255 2262 218 39 tillgängliga
1499 2263 56 29 för
1583 2264 52 28 ut-

114 2312 153 38 hyrning
286 2312 51 28 till
358 2311 408 39 torrläggningsföretag,
788 2311 183 30 förmådde
990 2312 76 28 icke
1087 2321 61 20 ens
1168 2311 284 32 tillnärmelsevis
1473 2312 84 38 fylla
1578 2314 57 28 det

115 2363 93 28 stora
225 2362 158 29 behovet.
401 2361 49 29 De
468 2361 225 41 svårigheter,
712 2371 73 20 som
803 2360 532 40 torrläggningsverksamheten
1354 2361 148 30 sålunda
1519 2363 115 28 ställts

115 2411 103 33 inför,
244 2411 117 30 kunde
387 2411 74 30 icke
485 2411 177 39 nöjaktigt
685 2411 195 30 bemästras
905 2412 78 29 med
1008 2411 137 30 mindre
1168 2411 203 39 ytterligare
1395 2412 121 38 anslag
1541 2413 94 29 ställ-

115 2463 59 29 des
197 2463 48 29 till
267 2463 79 37 väg-
366 2462 63 29 och
449 2461 495 39 vattenbyggnadsstyrelsens
965 2462 220 37 förfogande.
1206 2462 66 29 För
1293 2464 46 27 att
1364 2462 83 37 fylla
1469 2463 54 29 det
1546 2464 89 27 mest
