<?xml version="1.0" encoding="UTF-8"?>
<alto xmlns="http://www.loc.gov/standards/alto/ns-v3#" xmlns:xlink="http://www.w3.org/1999/xlink" xmlns:xsi="http://www.w3.org/2001/XMLSchema-instance" xsi:schemaLocation="http://www.loc.gov/standards/alto/ns-v3# http://www.loc.gov/alto/v3/alto-3-0.xsd">
	<Description>
		<MeasurementUnit>pixel</MeasurementUnit>
		<sourceImageInformation>
			<fileName>/tmp/tess_xxgte5n7_input.PNG</fileName>
		</sourceImageInformation>
		<OCRProcessing ID="OCR_0">
			<ocrProcessingStep>
				<processingSoftware>
					<softwareName>tesseract 5.3.0</softwareName>
				</processingSoftware>
			</ocrProcessingStep>
		</OCRProcessing>
	</Description>
	<Layout>
		<Page WIDTH="1908" HEIGHT="2854" PHYSICAL_IMG_NR="0" ID="page_0">
			<PrintSpace HPOS="0" VPOS="0" WIDTH="1908" HEIGHT="2854">
				<ComposedBlock ID="cblock_0" HPOS="519" VPOS="161" WIDTH="1115" HEIGHT="34">
					<TextBlock ID="block_0" HPOS="519" VPOS="161" WIDTH="1115" HEIGHT="34">
						<TextLine ID="line_0" HPOS="519" VPOS="161" WIDTH="1115" HEIGHT="34">
							<String ID="string_0" HPOS="519" VPOS="161" WIDTH="413" HEIGHT="29" WC="0.90" CONTENT="Konstitutionsutskottets"/><SP WIDTH="23" VPOS="161" HPOS="932"/>
							<String ID="string_1" HPOS="955" VPOS="162" WIDTH="163" HEIGHT="29" WC="0.96" CONTENT="utlåtande"/><SP WIDTH="24" VPOS="162" HPOS="1118"/>
							<String ID="string_2" HPOS="1142" VPOS="162" WIDTH="49" HEIGHT="29" WC="0.96" CONTENT="Nr"/><SP WIDTH="18" VPOS="162" HPOS="1191"/>
							<String ID="string_3" HPOS="1209" VPOS="167" WIDTH="48" HEIGHT="26" WC="0.96" CONTENT="31."/><SP WIDTH="340" VPOS="167" HPOS="1257"/>
							<String ID="string_4" HPOS="1597" VPOS="163" WIDTH="37" HEIGHT="32" WC="0.96" CONTENT="17"/>
						</TextLine>
					</TextBlock>
				</ComposedBlock>
				<ComposedBlock ID="cblock_1" HPOS="125" VPOS="247" WIDTH="1509" HEIGHT="455">
					<TextBlock ID="block_1" HPOS="833" VPOS="247" WIDTH="90" HEIGHT="39">
						<TextLine ID="line_1" HPOS="833" VPOS="247" WIDTH="90" HEIGHT="39">
							<String ID="string_5" HPOS="833" VPOS="247" WIDTH="18" HEIGHT="39" WC="0.67" CONTENT="8"/><SP WIDTH="20" VPOS="247" HPOS="851"/>
							<String ID="string_6" HPOS="871" VPOS="249" WIDTH="52" HEIGHT="32" WC="0.87" CONTENT="27."/>
						</TextLine>
					</TextBlock>
					<TextBlock ID="block_2" HPOS="125" VPOS="306" WIDTH="1509" HEIGHT="396">
						<TextLine ID="line_2" HPOS="170" VPOS="306" WIDTH="1464" HEIGHT="41">
							<String ID="string_7" HPOS="170" VPOS="306" WIDTH="125" HEIGHT="32" WC="0.92" CONTENT="Därest"/><SP WIDTH="23" VPOS="306" HPOS="295"/>
							<String ID="string_8" HPOS="318" VPOS="306" WIDTH="109" HEIGHT="38" WC="0.93" CONTENT="någon"/><SP WIDTH="27" VPOS="306" HPOS="427"/>
							<String ID="string_9" HPOS="454" VPOS="306" WIDTH="117" HEIGHT="32" WC="0.92" CONTENT="varder"/><SP WIDTH="25" VPOS="306" HPOS="571"/>
							<String ID="string_10" HPOS="596" VPOS="307" WIDTH="53" HEIGHT="32" WC="0.96" CONTENT="för"/><SP WIDTH="26" VPOS="307" HPOS="649"/>
							<String ID="string_11" HPOS="675" VPOS="318" WIDTH="128" HEIGHT="21" WC="0.96" CONTENT="samma"/><SP WIDTH="26" VPOS="318" HPOS="803"/>
							<String ID="string_12" HPOS="829" VPOS="307" WIDTH="48" HEIGHT="32" WC="0.96" CONTENT="tid"/><SP WIDTH="25" VPOS="307" HPOS="877"/>
							<String ID="string_13" HPOS="902" VPOS="307" WIDTH="80" HEIGHT="33" WC="0.96" CONTENT="vald"/><SP WIDTH="24" VPOS="307" HPOS="982"/>
							<String ID="string_14" HPOS="1006" VPOS="308" WIDTH="54" HEIGHT="31" WC="0.96" CONTENT="till"/><SP WIDTH="24" VPOS="308" HPOS="1060"/>
							<String ID="string_15" HPOS="1084" VPOS="307" WIDTH="145" HEIGHT="33" WC="0.96" CONTENT="ledamot"/><SP WIDTH="24" VPOS="307" HPOS="1229"/>
							<String ID="string_16" HPOS="1253" VPOS="320" WIDTH="41" HEIGHT="20" WC="0.96" CONTENT="av"/><SP WIDTH="26" VPOS="320" HPOS="1294"/>
							<String ID="string_17" HPOS="1320" VPOS="308" WIDTH="107" HEIGHT="39" WC="0.96" CONTENT="bägge"/><SP WIDTH="27" VPOS="308" HPOS="1427"/>
							<String ID="string_18" HPOS="1454" VPOS="309" WIDTH="180" HEIGHT="32" WC="0.95" CONTENT="kamrarna"/>
						</TextLine>
						<TextLine ID="line_3" HPOS="125" VPOS="355" WIDTH="1506" HEIGHT="37">
							<String ID="string_19" HPOS="125" VPOS="355" WIDTH="80" HEIGHT="33" WC="0.96" CONTENT="eller"/><SP WIDTH="21" VPOS="355" HPOS="205"/>
							<String ID="string_20" HPOS="226" VPOS="355" WIDTH="55" HEIGHT="32" WC="0.95" CONTENT="till"/><SP WIDTH="21" VPOS="355" HPOS="281"/>
							<String ID="string_21" HPOS="302" VPOS="356" WIDTH="143" HEIGHT="32" WC="0.96" CONTENT="ledamot"/><SP WIDTH="21" VPOS="356" HPOS="445"/>
							<String ID="string_22" HPOS="466" VPOS="368" WIDTH="41" HEIGHT="21" WC="0.96" CONTENT="av"/><SP WIDTH="23" VPOS="368" HPOS="507"/>
							<String ID="string_23" HPOS="530" VPOS="357" WIDTH="119" HEIGHT="32" WC="0.96" CONTENT="endera"/><SP WIDTH="23" VPOS="357" HPOS="649"/>
							<String ID="string_24" HPOS="672" VPOS="357" WIDTH="54" HEIGHT="32" WC="0.96" CONTENT="för"/><SP WIDTH="21" VPOS="357" HPOS="726"/>
							<String ID="string_25" HPOS="747" VPOS="358" WIDTH="57" HEIGHT="31" WC="0.96" CONTENT="två"/><SP WIDTH="21" VPOS="358" HPOS="804"/>
							<String ID="string_26" HPOS="825" VPOS="357" WIDTH="79" HEIGHT="33" WC="0.96" CONTENT="eller"/><SP WIDTH="23" VPOS="357" HPOS="904"/>
							<String ID="string_27" HPOS="927" VPOS="357" WIDTH="87" HEIGHT="33" WC="0.95" CONTENT="flera"/><SP WIDTH="19" VPOS="357" HPOS="1014"/>
							<String ID="string_28" HPOS="1033" VPOS="357" WIDTH="190" HEIGHT="33" WC="0.95" CONTENT="valkretsar"/><SP WIDTH="22" VPOS="357" HPOS="1223"/>
							<String ID="string_29" HPOS="1245" VPOS="358" WIDTH="80" HEIGHT="33" WC="0.96" CONTENT="eller"/><SP WIDTH="23" VPOS="358" HPOS="1325"/>
							<String ID="string_30" HPOS="1348" VPOS="359" WIDTH="53" HEIGHT="32" WC="0.96" CONTENT="till"/><SP WIDTH="23" VPOS="359" HPOS="1401"/>
							<String ID="string_31" HPOS="1424" VPOS="358" WIDTH="143" HEIGHT="33" WC="0.95" CONTENT="ledamot"/><SP WIDTH="22" VPOS="358" HPOS="1567"/>
							<String ID="string_32" HPOS="1589" VPOS="371" WIDTH="42" HEIGHT="21" WC="0.96" CONTENT="av"/>
						</TextLine>
						<TextLine ID="line_4" HPOS="128" VPOS="407" WIDTH="1504" HEIGHT="43">
							<String ID="string_33" HPOS="128" VPOS="407" WIDTH="106" HEIGHT="33" WC="0.96" CONTENT="andra"/><SP WIDTH="18" VPOS="407" HPOS="234"/>
							<String ID="string_34" HPOS="252" VPOS="407" WIDTH="193" HEIGHT="33" WC="0.95" CONTENT="kammaren"/><SP WIDTH="21" VPOS="407" HPOS="445"/>
							<String ID="string_35" HPOS="466" VPOS="408" WIDTH="94" HEIGHT="33" WC="0.96" CONTENT="såväl"/><SP WIDTH="19" VPOS="408" HPOS="560"/>
							<String ID="string_36" HPOS="579" VPOS="408" WIDTH="53" HEIGHT="33" WC="0.96" CONTENT="för"/><SP WIDTH="21" VPOS="408" HPOS="632"/>
							<String ID="string_37" HPOS="653" VPOS="408" WIDTH="70" HEIGHT="33" WC="0.96" CONTENT="viss"/><SP WIDTH="20" VPOS="408" HPOS="723"/>
							<String ID="string_38" HPOS="743" VPOS="408" WIDTH="149" HEIGHT="34" WC="0.96" CONTENT="valkrets"/><SP WIDTH="23" VPOS="408" HPOS="892"/>
							<String ID="string_39" HPOS="915" VPOS="421" WIDTH="69" HEIGHT="21" WC="0.96" CONTENT="som"/><SP WIDTH="21" VPOS="421" HPOS="984"/>
							<String ID="string_40" HPOS="1005" VPOS="414" WIDTH="206" HEIGHT="34" WC="0.96" CONTENT="gemensamt"/><SP WIDTH="21" VPOS="414" HPOS="1211"/>
							<String ID="string_41" HPOS="1232" VPOS="410" WIDTH="53" HEIGHT="33" WC="0.96" CONTENT="för"/><SP WIDTH="18" VPOS="410" HPOS="1285"/>
							<String ID="string_42" HPOS="1303" VPOS="410" WIDTH="75" HEIGHT="33" WC="0.96" CONTENT="hela"/><SP WIDTH="20" VPOS="410" HPOS="1378"/>
							<String ID="string_43" HPOS="1398" VPOS="411" WIDTH="97" HEIGHT="38" WC="0.96" CONTENT="riket,"/><SP WIDTH="21" VPOS="411" HPOS="1495"/>
							<String ID="string_44" HPOS="1516" VPOS="412" WIDTH="50" HEIGHT="32" WC="0.95" CONTENT="må"/><SP WIDTH="24" VPOS="412" HPOS="1566"/>
							<String ID="string_45" HPOS="1590" VPOS="412" WIDTH="42" HEIGHT="38" WC="0.96" CONTENT="på"/>
						</TextLine>
						<TextLine ID="line_5" HPOS="128" VPOS="458" WIDTH="1504" HEIGHT="41">
							<String ID="string_46" HPOS="128" VPOS="458" WIDTH="119" HEIGHT="32" WC="0.93" CONTENT="honom"/><SP WIDTH="27" VPOS="458" HPOS="247"/>
							<String ID="string_47" HPOS="274" VPOS="458" WIDTH="176" HEIGHT="33" WC="0.92" CONTENT="ankomma"/><SP WIDTH="28" VPOS="458" HPOS="450"/>
							<String ID="string_48" HPOS="478" VPOS="462" WIDTH="50" HEIGHT="29" WC="0.96" CONTENT="att"/><SP WIDTH="27" VPOS="462" HPOS="528"/>
							<String ID="string_49" HPOS="555" VPOS="459" WIDTH="193" HEIGHT="39" WC="0.96" CONTENT="bestämma,"/><SP WIDTH="27" VPOS="459" HPOS="748"/>
							<String ID="string_50" HPOS="775" VPOS="459" WIDTH="107" HEIGHT="33" WC="0.92" CONTENT="vilket"/><SP WIDTH="26" VPOS="459" HPOS="882"/>
							<String ID="string_51" HPOS="908" VPOS="460" WIDTH="436" HEIGHT="39" WC="0.92" CONTENT="riksdagsmannauppdrag"/><SP WIDTH="26" VPOS="460" HPOS="1344"/>
							<String ID="string_52" HPOS="1370" VPOS="462" WIDTH="67" HEIGHT="31" WC="0.96" CONTENT="han"/><SP WIDTH="27" VPOS="462" HPOS="1437"/>
							<String ID="string_53" HPOS="1464" VPOS="461" WIDTH="61" HEIGHT="33" WC="0.92" CONTENT="vill"/><SP WIDTH="28" VPOS="461" HPOS="1525"/>
							<String ID="string_54" HPOS="1553" VPOS="465" WIDTH="79" HEIGHT="29" WC="0.92" CONTENT="mot-"/>
						</TextLine>
						<TextLine ID="line_6" HPOS="128" VPOS="509" WIDTH="1504" HEIGHT="41">
							<String ID="string_55" HPOS="128" VPOS="513" WIDTH="92" HEIGHT="34" WC="0.93" CONTENT="taga."/><SP WIDTH="46" VPOS="513" HPOS="220"/>
							<String ID="string_56" HPOS="266" VPOS="509" WIDTH="95" HEIGHT="33" WC="0.96" CONTENT="Dock"/><SP WIDTH="23" VPOS="509" HPOS="361"/>
							<String ID="string_57" HPOS="384" VPOS="509" WIDTH="133" HEIGHT="39" WC="0.96" CONTENT="åligger"/><SP WIDTH="23" VPOS="509" HPOS="517"/>
							<String ID="string_58" HPOS="540" VPOS="510" WIDTH="117" HEIGHT="33" WC="0.96" CONTENT="honom"/><SP WIDTH="23" VPOS="510" HPOS="657"/>
							<String ID="string_59" HPOS="680" VPOS="513" WIDTH="52" HEIGHT="29" WC="0.96" CONTENT="att"/><SP WIDTH="23" VPOS="513" HPOS="732"/>
							<String ID="string_60" HPOS="755" VPOS="510" WIDTH="58" HEIGHT="33" WC="0.96" CONTENT="hos"/><SP WIDTH="25" VPOS="510" HPOS="813"/>
							<String ID="string_61" HPOS="838" VPOS="510" WIDTH="205" HEIGHT="39" WC="0.91" CONTENT="Konungens"/><SP WIDTH="24" VPOS="510" HPOS="1043"/>
							<String ID="string_62" HPOS="1067" VPOS="510" WIDTH="360" HEIGHT="39" WC="0.91" CONTENT="befallningshavande"/><SP WIDTH="23" VPOS="510" HPOS="1427"/>
							<String ID="string_63" HPOS="1450" VPOS="512" WIDTH="12" HEIGHT="32" WC="0.96" CONTENT="i"/><SP WIDTH="25" VPOS="512" HPOS="1462"/>
							<String ID="string_64" HPOS="1487" VPOS="512" WIDTH="59" HEIGHT="33" WC="0.96" CONTENT="den"/><SP WIDTH="25" VPOS="512" HPOS="1546"/>
							<String ID="string_65" HPOS="1571" VPOS="516" WIDTH="61" HEIGHT="34" WC="0.94" CONTENT="ort,"/>
						</TextLine>
						<TextLine ID="line_7" HPOS="127" VPOS="560" WIDTH="1507" HEIGHT="40">
							<String ID="string_66" HPOS="127" VPOS="560" WIDTH="54" HEIGHT="33" WC="0.96" CONTENT="för"/><SP WIDTH="22" VPOS="560" HPOS="181"/>
							<String ID="string_67" HPOS="203" VPOS="560" WIDTH="113" HEIGHT="32" WC="0.96" CONTENT="vilken"/><SP WIDTH="24" VPOS="560" HPOS="316"/>
							<String ID="string_68" HPOS="340" VPOS="560" WIDTH="65" HEIGHT="32" WC="0.96" CONTENT="han"/><SP WIDTH="24" VPOS="560" HPOS="405"/>
							<String ID="string_69" HPOS="429" VPOS="560" WIDTH="157" HEIGHT="39" WC="0.96" CONTENT="uppdrag"/><SP WIDTH="22" VPOS="560" HPOS="586"/>
							<String ID="string_70" HPOS="608" VPOS="561" WIDTH="30" HEIGHT="38" WC="0.93" CONTENT="ej"/><SP WIDTH="24" VPOS="561" HPOS="638"/>
							<String ID="string_71" HPOS="662" VPOS="564" WIDTH="176" HEIGHT="35" WC="0.91" CONTENT="mottager,"/><SP WIDTH="25" VPOS="564" HPOS="838"/>
							<String ID="string_72" HPOS="863" VPOS="560" WIDTH="90" HEIGHT="39" WC="0.96" CONTENT="eller,"/><SP WIDTH="26" VPOS="560" HPOS="953"/>
							<String ID="string_73" HPOS="979" VPOS="573" WIDTH="50" HEIGHT="20" WC="0.96" CONTENT="om"/><SP WIDTH="24" VPOS="573" HPOS="1029"/>
							<String ID="string_74" HPOS="1053" VPOS="561" WIDTH="65" HEIGHT="33" WC="0.96" CONTENT="han"/><SP WIDTH="25" VPOS="561" HPOS="1118"/>
							<String ID="string_75" HPOS="1143" VPOS="561" WIDTH="73" HEIGHT="33" WC="0.93" CONTENT="icke"/><SP WIDTH="25" VPOS="561" HPOS="1216"/>
							<String ID="string_76" HPOS="1241" VPOS="565" WIDTH="164" HEIGHT="35" WC="0.91" CONTENT="mottager"/><SP WIDTH="25" VPOS="565" HPOS="1405"/>
							<String ID="string_77" HPOS="1430" VPOS="565" WIDTH="204" HEIGHT="35" WC="0.96" CONTENT="gemensamt"/>
						</TextLine>
						<TextLine ID="line_8" HPOS="125" VPOS="611" WIDTH="1506" HEIGHT="40">
							<String ID="string_78" HPOS="125" VPOS="611" WIDTH="53" HEIGHT="32" WC="0.96" CONTENT="för"/><SP WIDTH="19" VPOS="611" HPOS="178"/>
							<String ID="string_79" HPOS="197" VPOS="611" WIDTH="76" HEIGHT="33" WC="0.96" CONTENT="hela"/><SP WIDTH="21" VPOS="611" HPOS="273"/>
							<String ID="string_80" HPOS="294" VPOS="611" WIDTH="86" HEIGHT="33" WC="0.96" CONTENT="riket"/><SP WIDTH="20" VPOS="611" HPOS="380"/>
							<String ID="string_81" HPOS="400" VPOS="612" WIDTH="125" HEIGHT="32" WC="0.96" CONTENT="tillsatt"/><SP WIDTH="19" VPOS="612" HPOS="525"/>
							<String ID="string_82" HPOS="544" VPOS="612" WIDTH="87" HEIGHT="39" WC="0.96" CONTENT="plats"/><SP WIDTH="20" VPOS="612" HPOS="631"/>
							<String ID="string_83" HPOS="651" VPOS="613" WIDTH="11" HEIGHT="31" WC="0.96" CONTENT="i"/><SP WIDTH="22" VPOS="613" HPOS="662"/>
							<String ID="string_84" HPOS="684" VPOS="612" WIDTH="103" HEIGHT="33" WC="0.96" CONTENT="andra"/><SP WIDTH="20" VPOS="612" HPOS="787"/>
							<String ID="string_85" HPOS="807" VPOS="612" WIDTH="204" HEIGHT="39" WC="0.96" CONTENT="kammaren,"/><SP WIDTH="19" VPOS="612" HPOS="1011"/>
							<String ID="string_86" HPOS="1030" VPOS="613" WIDTH="58" HEIGHT="33" WC="0.95" CONTENT="hos"/><SP WIDTH="21" VPOS="613" HPOS="1088"/>
							<String ID="string_87" HPOS="1109" VPOS="613" WIDTH="118" HEIGHT="33" WC="0.96" CONTENT="chefen"/><SP WIDTH="22" VPOS="613" HPOS="1227"/>
							<String ID="string_88" HPOS="1249" VPOS="614" WIDTH="53" HEIGHT="32" WC="0.96" CONTENT="för"/><SP WIDTH="20" VPOS="614" HPOS="1302"/>
							<String ID="string_89" HPOS="1322" VPOS="613" WIDTH="52" HEIGHT="32" WC="0.96" CONTENT="det"/><SP WIDTH="22" VPOS="613" HPOS="1374"/>
							<String ID="string_90" HPOS="1396" VPOS="613" WIDTH="235" HEIGHT="37" WC="0.40" CONTENT="departement,"/>
						</TextLine>
						<TextLine ID="line_9" HPOS="125" VPOS="661" WIDTH="1263" HEIGHT="41">
							<String ID="string_91" HPOS="125" VPOS="661" WIDTH="54" HEIGHT="33" WC="0.96" CONTENT="till"/><SP WIDTH="23" VPOS="661" HPOS="179"/>
							<String ID="string_92" HPOS="202" VPOS="662" WIDTH="108" HEIGHT="33" WC="0.93" CONTENT="vilket"/><SP WIDTH="23" VPOS="662" HPOS="310"/>
							<String ID="string_93" HPOS="333" VPOS="662" WIDTH="293" HEIGHT="38" WC="0.90" CONTENT="justitieärendena"/><SP WIDTH="26" VPOS="662" HPOS="626"/>
							<String ID="string_94" HPOS="652" VPOS="663" WIDTH="91" HEIGHT="38" WC="0.96" CONTENT="höra,"/><SP WIDTH="27" VPOS="663" HPOS="743"/>
							<String ID="string_95" HPOS="770" VPOS="663" WIDTH="113" HEIGHT="32" WC="0.96" CONTENT="därom"/><SP WIDTH="26" VPOS="663" HPOS="883"/>
							<String ID="string_96" HPOS="909" VPOS="668" WIDTH="80" HEIGHT="34" WC="0.93" CONTENT="göra"/><SP WIDTH="26" VPOS="668" HPOS="989"/>
							<String ID="string_97" HPOS="1015" VPOS="664" WIDTH="182" HEIGHT="38" WC="0.92" CONTENT="skyndsam"/><SP WIDTH="27" VPOS="664" HPOS="1197"/>
							<String ID="string_98" HPOS="1224" VPOS="664" WIDTH="164" HEIGHT="32" WC="0.96" CONTENT="anmälan."/>
						</TextLine>
					</TextBlock>
				</ComposedBlock>
				<ComposedBlock ID="cblock_2" HPOS="125" VPOS="754" WIDTH="1508" HEIGHT="556">
					<TextBlock ID="block_3" HPOS="833" VPOS="754" WIDTH="90" HEIGHT="39">
						<TextLine ID="line_10" HPOS="833" VPOS="754" WIDTH="90" HEIGHT="39">
							<String ID="string_99" HPOS="833" VPOS="754" WIDTH="18" HEIGHT="39" WC="0.95" CONTENT="8"/><SP WIDTH="19" VPOS="754" HPOS="851"/>
							<String ID="string_100" HPOS="870" VPOS="755" WIDTH="53" HEIGHT="33" WC="0.95" CONTENT="28."/>
						</TextLine>
					</TextBlock>
					<TextBlock ID="block_4" HPOS="127" VPOS="813" WIDTH="1506" HEIGHT="140">
						<TextLine ID="line_11" HPOS="174" VPOS="813" WIDTH="1459" HEIGHT="40">
							<String ID="string_101" HPOS="174" VPOS="814" WIDTH="29" HEIGHT="31" WC="0.94" CONTENT="1."/><SP WIDTH="48" VPOS="814" HPOS="203"/>
							<String ID="string_102" HPOS="251" VPOS="814" WIDTH="70" HEIGHT="32" WC="0.95" CONTENT="Hos"/><SP WIDTH="27" VPOS="814" HPOS="321"/>
							<String ID="string_103" HPOS="348" VPOS="813" WIDTH="188" HEIGHT="38" WC="0.82" CONTENT="Konungen"/><SP WIDTH="26" VPOS="813" HPOS="536"/>
							<String ID="string_104" HPOS="562" VPOS="818" WIDTH="94" HEIGHT="33" WC="0.96" CONTENT="göres"/><SP WIDTH="25" VPOS="818" HPOS="656"/>
							<String ID="string_105" HPOS="681" VPOS="825" WIDTH="43" HEIGHT="20" WC="0.95" CONTENT="av"/><SP WIDTH="21" VPOS="825" HPOS="724"/>
							<String ID="string_106" HPOS="745" VPOS="813" WIDTH="142" HEIGHT="33" WC="0.96" CONTENT="vardera"/><SP WIDTH="23" VPOS="813" HPOS="887"/>
							<String ID="string_107" HPOS="910" VPOS="813" WIDTH="193" HEIGHT="33" WC="0.96" CONTENT="kammaren"/><SP WIDTH="25" VPOS="813" HPOS="1103"/>
							<String ID="string_108" HPOS="1128" VPOS="814" WIDTH="156" HEIGHT="33" WC="0.96" CONTENT="anmälan"/><SP WIDTH="25" VPOS="814" HPOS="1284"/>
							<String ID="string_109" HPOS="1309" VPOS="826" WIDTH="51" HEIGHT="20" WC="0.96" CONTENT="om"/><SP WIDTH="25" VPOS="826" HPOS="1360"/>
							<String ID="string_110" HPOS="1385" VPOS="815" WIDTH="38" HEIGHT="33" WC="0.95" CONTENT="de"/><SP WIDTH="27" VPOS="815" HPOS="1423"/>
							<String ID="string_111" HPOS="1450" VPOS="814" WIDTH="183" HEIGHT="39" WC="0.96" CONTENT="ledigheter"/>
						</TextLine>
						<TextLine ID="line_12" HPOS="127" VPOS="864" WIDTH="1504" HEIGHT="40">
							<String ID="string_112" HPOS="127" VPOS="864" WIDTH="89" HEIGHT="33" WC="0.93" CONTENT="inom"/><SP WIDTH="25" VPOS="864" HPOS="216"/>
							<String ID="string_113" HPOS="241" VPOS="864" WIDTH="203" HEIGHT="39" WC="0.96" CONTENT="kammaren,"/><SP WIDTH="26" VPOS="864" HPOS="444"/>
							<String ID="string_114" HPOS="470" VPOS="864" WIDTH="93" HEIGHT="32" WC="0.96" CONTENT="vilka"/><SP WIDTH="25" VPOS="864" HPOS="563"/>
							<String ID="string_115" HPOS="588" VPOS="864" WIDTH="96" HEIGHT="32" WC="0.96" CONTENT="skola"/><SP WIDTH="24" VPOS="864" HPOS="684"/>
							<String ID="string_116" HPOS="708" VPOS="864" WIDTH="106" HEIGHT="32" WC="0.96" CONTENT="under"/><SP WIDTH="25" VPOS="864" HPOS="814"/>
							<String ID="string_117" HPOS="839" VPOS="876" WIDTH="127" HEIGHT="20" WC="0.96" CONTENT="samma"/><SP WIDTH="27" VPOS="876" HPOS="966"/>
							<String ID="string_118" HPOS="993" VPOS="864" WIDTH="80" HEIGHT="32" WC="0.96" CONTENT="eller"/><SP WIDTH="24" VPOS="864" HPOS="1073"/>
							<String ID="string_119" HPOS="1097" VPOS="865" WIDTH="103" HEIGHT="32" WC="0.96" CONTENT="innan"/><SP WIDTH="25" VPOS="865" HPOS="1200"/>
							<String ID="string_120" HPOS="1225" VPOS="869" WIDTH="98" HEIGHT="28" WC="0.96" CONTENT="nästa"/><SP WIDTH="26" VPOS="869" HPOS="1323"/>
							<String ID="string_121" HPOS="1349" VPOS="865" WIDTH="139" HEIGHT="39" WC="0.96" CONTENT="riksdag"/><SP WIDTH="27" VPOS="865" HPOS="1488"/>
							<String ID="string_122" HPOS="1515" VPOS="865" WIDTH="116" HEIGHT="39" WC="0.96" CONTENT="fyllas,"/>
						</TextLine>
						<TextLine ID="line_13" HPOS="127" VPOS="914" WIDTH="1079" HEIGHT="39">
							<String ID="string_123" HPOS="127" VPOS="915" WIDTH="150" HEIGHT="32" WC="0.96" CONTENT="varefter"/><SP WIDTH="20" VPOS="915" HPOS="277"/>
							<String ID="string_124" HPOS="297" VPOS="916" WIDTH="189" HEIGHT="37" WC="0.96" CONTENT="Konungen"/><SP WIDTH="21" VPOS="916" HPOS="486"/>
							<String ID="string_125" HPOS="507" VPOS="915" WIDTH="176" HEIGHT="32" WC="0.95" CONTENT="förordnar"/><SP WIDTH="20" VPOS="915" HPOS="683"/>
							<String ID="string_126" HPOS="703" VPOS="927" WIDTH="51" HEIGHT="19" WC="0.92" CONTENT="om"/><SP WIDTH="21" VPOS="927" HPOS="754"/>
							<String ID="string_127" HPOS="775" VPOS="914" WIDTH="245" HEIGHT="39" WC="0.91" CONTENT="ledigheternas"/><SP WIDTH="21" VPOS="914" HPOS="1020"/>
							<String ID="string_128" HPOS="1041" VPOS="914" WIDTH="165" HEIGHT="39" WC="0.91" CONTENT="fyllande."/>
						</TextLine>
					</TextBlock>
					<TextBlock ID="block_5" HPOS="126" VPOS="965" WIDTH="1506" HEIGHT="141">
						<TextLine ID="line_14" HPOS="173" VPOS="965" WIDTH="1458" HEIGHT="39">
							<String ID="string_129" HPOS="173" VPOS="967" WIDTH="30" HEIGHT="31" WC="0.93" CONTENT="2."/><SP WIDTH="48" VPOS="967" HPOS="203"/>
							<String ID="string_130" HPOS="251" VPOS="966" WIDTH="61" HEIGHT="32" WC="0.95" CONTENT="Om"/><SP WIDTH="25" VPOS="966" HPOS="312"/>
							<String ID="string_131" HPOS="337" VPOS="966" WIDTH="122" HEIGHT="32" WC="0.95" CONTENT="mellan"/><SP WIDTH="26" VPOS="966" HPOS="459"/>
							<String ID="string_132" HPOS="485" VPOS="965" WIDTH="178" HEIGHT="39" WC="0.96" CONTENT="riksdagar"/><SP WIDTH="24" VPOS="965" HPOS="663"/>
							<String ID="string_133" HPOS="687" VPOS="965" WIDTH="148" HEIGHT="39" WC="0.96" CONTENT="ledighet"/><SP WIDTH="23" VPOS="965" HPOS="835"/>
							<String ID="string_134" HPOS="858" VPOS="966" WIDTH="12" HEIGHT="31" WC="0.96" CONTENT="i"/><SP WIDTH="26" VPOS="966" HPOS="870"/>
							<String ID="string_135" HPOS="896" VPOS="966" WIDTH="109" HEIGHT="32" WC="0.96" CONTENT="första"/><SP WIDTH="22" VPOS="966" HPOS="1005"/>
							<String ID="string_136" HPOS="1027" VPOS="965" WIDTH="195" HEIGHT="33" WC="0.95" CONTENT="kammaren"/><SP WIDTH="26" VPOS="965" HPOS="1222"/>
							<String ID="string_137" HPOS="1248" VPOS="978" WIDTH="116" HEIGHT="26" WC="0.93" CONTENT="genom"/><SP WIDTH="26" VPOS="978" HPOS="1364"/>
							<String ID="string_138" HPOS="1390" VPOS="966" WIDTH="160" HEIGHT="34" WC="0.92" CONTENT="ledamots"/><SP WIDTH="27" VPOS="966" HPOS="1550"/>
							<String ID="string_139" HPOS="1577" VPOS="979" WIDTH="54" HEIGHT="20" WC="0.92" CONTENT="av-"/>
						</TextLine>
						<TextLine ID="line_15" HPOS="127" VPOS="1016" WIDTH="1505" HEIGHT="40">
							<String ID="string_140" HPOS="127" VPOS="1018" WIDTH="92" HEIGHT="38" WC="0.95" CONTENT="gång"/><SP WIDTH="20" VPOS="1018" HPOS="219"/>
							<String ID="string_141" HPOS="239" VPOS="1018" WIDTH="151" HEIGHT="38" WC="0.96" CONTENT="uppstår,"/><SP WIDTH="21" VPOS="1018" HPOS="390"/>
							<String ID="string_142" HPOS="411" VPOS="1017" WIDTH="132" HEIGHT="38" WC="0.96" CONTENT="åligger"/><SP WIDTH="20" VPOS="1017" HPOS="543"/>
							<String ID="string_143" HPOS="563" VPOS="1017" WIDTH="205" HEIGHT="38" WC="0.93" CONTENT="Konungens"/><SP WIDTH="22" VPOS="1017" HPOS="768"/>
							<String ID="string_144" HPOS="790" VPOS="1016" WIDTH="358" HEIGHT="39" WC="0.90" CONTENT="befallningshavande"/><SP WIDTH="22" VPOS="1016" HPOS="1148"/>
							<String ID="string_145" HPOS="1170" VPOS="1020" WIDTH="52" HEIGHT="29" WC="0.96" CONTENT="att"/><SP WIDTH="20" VPOS="1020" HPOS="1222"/>
							<String ID="string_146" HPOS="1242" VPOS="1017" WIDTH="113" HEIGHT="32" WC="0.96" CONTENT="därom"/><SP WIDTH="20" VPOS="1017" HPOS="1355"/>
							<String ID="string_147" HPOS="1375" VPOS="1022" WIDTH="82" HEIGHT="33" WC="0.96" CONTENT="göra"/><SP WIDTH="21" VPOS="1022" HPOS="1457"/>
							<String ID="string_148" HPOS="1478" VPOS="1017" WIDTH="154" HEIGHT="33" WC="0.95" CONTENT="anmälan"/>
						</TextLine>
						<TextLine ID="line_16" HPOS="126" VPOS="1066" WIDTH="1056" HEIGHT="40">
							<String ID="string_149" HPOS="126" VPOS="1068" WIDTH="60" HEIGHT="32" WC="0.96" CONTENT="hos"/><SP WIDTH="22" VPOS="1068" HPOS="186"/>
							<String ID="string_150" HPOS="208" VPOS="1068" WIDTH="199" HEIGHT="38" WC="0.96" CONTENT="Konungen,"/><SP WIDTH="22" VPOS="1068" HPOS="407"/>
							<String ID="string_151" HPOS="429" VPOS="1079" WIDTH="72" HEIGHT="21" WC="0.96" CONTENT="som"/><SP WIDTH="19" VPOS="1079" HPOS="501"/>
							<String ID="string_152" HPOS="520" VPOS="1067" WIDTH="178" HEIGHT="33" WC="0.96" CONTENT="förordnar"/><SP WIDTH="20" VPOS="1067" HPOS="698"/>
							<String ID="string_153" HPOS="718" VPOS="1078" WIDTH="51" HEIGHT="21" WC="0.93" CONTENT="om"/><SP WIDTH="21" VPOS="1078" HPOS="769"/>
							<String ID="string_154" HPOS="790" VPOS="1067" WIDTH="206" HEIGHT="38" WC="0.90" CONTENT="ledighetens"/><SP WIDTH="22" VPOS="1067" HPOS="996"/>
							<String ID="string_155" HPOS="1018" VPOS="1066" WIDTH="164" HEIGHT="39" WC="0.90" CONTENT="fyllande."/>
						</TextLine>
					</TextBlock>
					<TextBlock ID="block_6" HPOS="125" VPOS="1117" WIDTH="1506" HEIGHT="193">
						<TextLine ID="line_17" HPOS="170" VPOS="1117" WIDTH="1461" HEIGHT="40">
							<String ID="string_156" HPOS="170" VPOS="1119" WIDTH="151" HEIGHT="38" WC="0.92" CONTENT="Uppstår"/><SP WIDTH="26" VPOS="1119" HPOS="321"/>
							<String ID="string_157" HPOS="347" VPOS="1118" WIDTH="122" HEIGHT="32" WC="0.96" CONTENT="mellan"/><SP WIDTH="25" VPOS="1118" HPOS="469"/>
							<String ID="string_158" HPOS="494" VPOS="1118" WIDTH="179" HEIGHT="38" WC="0.96" CONTENT="riksdagar"/><SP WIDTH="25" VPOS="1118" HPOS="673"/>
							<String ID="string_159" HPOS="698" VPOS="1117" WIDTH="149" HEIGHT="39" WC="0.96" CONTENT="ledighet"/><SP WIDTH="24" VPOS="1117" HPOS="847"/>
							<String ID="string_160" HPOS="871" VPOS="1118" WIDTH="13" HEIGHT="31" WC="0.96" CONTENT="i"/><SP WIDTH="25" VPOS="1118" HPOS="884"/>
							<String ID="string_161" HPOS="909" VPOS="1117" WIDTH="106" HEIGHT="32" WC="0.96" CONTENT="andra"/><SP WIDTH="23" VPOS="1117" HPOS="1015"/>
							<String ID="string_162" HPOS="1038" VPOS="1117" WIDTH="205" HEIGHT="39" WC="0.95" CONTENT="kammaren,"/><SP WIDTH="26" VPOS="1117" HPOS="1243"/>
							<String ID="string_163" HPOS="1269" VPOS="1117" WIDTH="131" HEIGHT="38" WC="0.96" CONTENT="åligger"/><SP WIDTH="27" VPOS="1117" HPOS="1400"/>
							<String ID="string_164" HPOS="1427" VPOS="1118" WIDTH="204" HEIGHT="38" WC="0.95" CONTENT="Konungens"/>
						</TextLine>
						<TextLine ID="line_18" HPOS="125" VPOS="1167" WIDTH="1505" HEIGHT="41">
							<String ID="string_165" HPOS="125" VPOS="1167" WIDTH="360" HEIGHT="41" WC="0.90" CONTENT="befallningshavande"/><SP WIDTH="23" VPOS="1167" HPOS="485"/>
							<String ID="string_166" HPOS="508" VPOS="1168" WIDTH="90" HEIGHT="40" WC="0.96" CONTENT="eller,"/><SP WIDTH="24" VPOS="1168" HPOS="598"/>
							<String ID="string_167" HPOS="622" VPOS="1180" WIDTH="51" HEIGHT="20" WC="0.96" CONTENT="om"/><SP WIDTH="25" VPOS="1180" HPOS="673"/>
							<String ID="string_168" HPOS="698" VPOS="1168" WIDTH="61" HEIGHT="32" WC="0.93" CONTENT="den"/><SP WIDTH="25" VPOS="1168" HPOS="759"/>
							<String ID="string_169" HPOS="784" VPOS="1168" WIDTH="175" HEIGHT="38" WC="0.91" CONTENT="avgångne"/><SP WIDTH="24" VPOS="1168" HPOS="959"/>
							<String ID="string_170" HPOS="983" VPOS="1170" WIDTH="121" HEIGHT="30" WC="0.96" CONTENT="utsetts"/><SP WIDTH="25" VPOS="1170" HPOS="1104"/>
							<String ID="string_171" HPOS="1129" VPOS="1171" WIDTH="206" HEIGHT="35" WC="0.96" CONTENT="gemensamt"/><SP WIDTH="24" VPOS="1171" HPOS="1335"/>
							<String ID="string_172" HPOS="1359" VPOS="1168" WIDTH="54" HEIGHT="32" WC="0.96" CONTENT="för"/><SP WIDTH="22" VPOS="1168" HPOS="1413"/>
							<String ID="string_173" HPOS="1435" VPOS="1168" WIDTH="76" HEIGHT="32" WC="0.95" CONTENT="hela"/><SP WIDTH="24" VPOS="1168" HPOS="1511"/>
							<String ID="string_174" HPOS="1535" VPOS="1168" WIDTH="95" HEIGHT="38" WC="0.96" CONTENT="riket,"/>
						</TextLine>
						<TextLine ID="line_19" HPOS="126" VPOS="1218" WIDTH="1505" HEIGHT="40">
							<String ID="string_175" HPOS="126" VPOS="1220" WIDTH="118" HEIGHT="32" WC="0.95" CONTENT="chefen"/><SP WIDTH="20" VPOS="1220" HPOS="244"/>
							<String ID="string_176" HPOS="264" VPOS="1220" WIDTH="53" HEIGHT="33" WC="0.96" CONTENT="för"/><SP WIDTH="19" VPOS="1220" HPOS="317"/>
							<String ID="string_177" HPOS="336" VPOS="1219" WIDTH="54" HEIGHT="33" WC="0.96" CONTENT="det"/><SP WIDTH="18" VPOS="1219" HPOS="390"/>
							<String ID="string_178" HPOS="408" VPOS="1220" WIDTH="236" HEIGHT="38" WC="0.96" CONTENT="departement,"/><SP WIDTH="19" VPOS="1220" HPOS="644"/>
							<String ID="string_179" HPOS="663" VPOS="1219" WIDTH="54" HEIGHT="32" WC="0.96" CONTENT="till"/><SP WIDTH="20" VPOS="1219" HPOS="717"/>
							<String ID="string_180" HPOS="737" VPOS="1218" WIDTH="106" HEIGHT="33" WC="0.92" CONTENT="vilket"/><SP WIDTH="18" VPOS="1218" HPOS="843"/>
							<String ID="string_181" HPOS="861" VPOS="1218" WIDTH="296" HEIGHT="39" WC="0.92" CONTENT="justitieärendena"/><SP WIDTH="19" VPOS="1218" HPOS="1157"/>
							<String ID="string_182" HPOS="1176" VPOS="1218" WIDTH="92" HEIGHT="39" WC="0.96" CONTENT="höra,"/><SP WIDTH="20" VPOS="1218" HPOS="1268"/>
							<String ID="string_183" HPOS="1288" VPOS="1222" WIDTH="50" HEIGHT="29" WC="0.93" CONTENT="att"/><SP WIDTH="20" VPOS="1222" HPOS="1338"/>
							<String ID="string_184" HPOS="1358" VPOS="1219" WIDTH="202" HEIGHT="32" WC="0.91" CONTENT="föranstalta"/><SP WIDTH="20" VPOS="1219" HPOS="1560"/>
							<String ID="string_185" HPOS="1580" VPOS="1231" WIDTH="51" HEIGHT="20" WC="0.96" CONTENT="om"/>
						</TextLine>
						<TextLine ID="line_20" HPOS="126" VPOS="1270" WIDTH="394" HEIGHT="40">
							<String ID="string_186" HPOS="126" VPOS="1271" WIDTH="207" HEIGHT="39" WC="0.91" CONTENT="ledighetens"/><SP WIDTH="23" VPOS="1271" HPOS="333"/>
							<String ID="string_187" HPOS="356" VPOS="1270" WIDTH="164" HEIGHT="40" WC="0.91" CONTENT="fyllande."/>
						</TextLine>
					</TextBlock>
				</ComposedBlock>
				<ComposedBlock ID="cblock_3" HPOS="125" VPOS="1420" WIDTH="1505" HEIGHT="139">
					<TextBlock ID="block_7" HPOS="125" VPOS="1420" WIDTH="1505" HEIGHT="139">
						<TextLine ID="line_21" HPOS="170" VPOS="1420" WIDTH="1460" HEIGHT="39">
							<String ID="string_188" HPOS="170" VPOS="1420" WIDTH="37" HEIGHT="39" WC="0.95" CONTENT="2)"/><SP WIDTH="30" VPOS="1420" HPOS="207"/>
							<String ID="string_189" HPOS="237" VPOS="1421" WIDTH="176" HEIGHT="38" WC="0.95" CONTENT="föreslagit"/><SP WIDTH="21" VPOS="1421" HPOS="413"/>
							<String ID="string_190" HPOS="434" VPOS="1420" WIDTH="186" HEIGHT="38" WC="0.59" CONTENT="riksdagen,"/><SP WIDTH="23" VPOS="1420" HPOS="620"/>
							<String ID="string_191" HPOS="643" VPOS="1424" WIDTH="51" HEIGHT="28" WC="0.96" CONTENT="att"/><SP WIDTH="18" VPOS="1424" HPOS="694"/>
							<String ID="string_192" HPOS="712" VPOS="1421" WIDTH="104" HEIGHT="31" WC="0.96" CONTENT="under"/><SP WIDTH="21" VPOS="1421" HPOS="816"/>
							<String ID="string_193" HPOS="837" VPOS="1420" WIDTH="245" HEIGHT="39" WC="0.96" CONTENT="förutsättning"/><SP WIDTH="22" VPOS="1420" HPOS="1082"/>
							<String ID="string_194" HPOS="1104" VPOS="1424" WIDTH="49" HEIGHT="29" WC="0.96" CONTENT="att"/><SP WIDTH="22" VPOS="1424" HPOS="1153"/>
							<String ID="string_195" HPOS="1175" VPOS="1421" WIDTH="143" HEIGHT="38" WC="0.96" CONTENT="ändring"/><SP WIDTH="21" VPOS="1421" HPOS="1318"/>
							<String ID="string_196" HPOS="1339" VPOS="1433" WIDTH="40" HEIGHT="20" WC="0.93" CONTENT="av"/><SP WIDTH="22" VPOS="1433" HPOS="1379"/>
							<String ID="string_197" HPOS="1401" VPOS="1421" WIDTH="229" HEIGHT="38" WC="0.91" CONTENT="riksdagsord-"/>
						</TextLine>
						<TextLine ID="line_22" HPOS="125" VPOS="1470" WIDTH="1505" HEIGHT="40">
							<String ID="string_198" HPOS="125" VPOS="1471" WIDTH="124" HEIGHT="38" WC="0.96" CONTENT="ningen"/><SP WIDTH="21" VPOS="1471" HPOS="249"/>
							<String ID="string_199" HPOS="270" VPOS="1472" WIDTH="11" HEIGHT="31" WC="0.96" CONTENT="i"/><SP WIDTH="20" VPOS="1472" HPOS="281"/>
							<String ID="string_200" HPOS="301" VPOS="1471" WIDTH="324" HEIGHT="32" WC="0.96" CONTENT="överensstämmelse"/><SP WIDTH="21" VPOS="1471" HPOS="625"/>
							<String ID="string_201" HPOS="646" VPOS="1471" WIDTH="74" HEIGHT="32" WC="0.96" CONTENT="med"/><SP WIDTH="22" VPOS="1471" HPOS="720"/>
							<String ID="string_202" HPOS="742" VPOS="1483" WIDTH="83" HEIGHT="19" WC="0.96" CONTENT="ovan"/><SP WIDTH="21" VPOS="1483" HPOS="825"/>
							<String ID="string_203" HPOS="846" VPOS="1471" WIDTH="106" HEIGHT="32" WC="0.96" CONTENT="under"/><SP WIDTH="22" VPOS="1471" HPOS="952"/>
							<String ID="string_204" HPOS="974" VPOS="1470" WIDTH="34" HEIGHT="40" WC="0.95" CONTENT="1)"/><SP WIDTH="26" VPOS="1470" HPOS="1008"/>
							<String ID="string_205" HPOS="1034" VPOS="1471" WIDTH="141" HEIGHT="37" WC="0.96" CONTENT="intagna"/><SP WIDTH="22" VPOS="1471" HPOS="1175"/>
							<String ID="string_206" HPOS="1197" VPOS="1471" WIDTH="129" HEIGHT="39" WC="0.93" CONTENT="förslag"/><SP WIDTH="19" VPOS="1471" HPOS="1326"/>
							<String ID="string_207" HPOS="1345" VPOS="1471" WIDTH="117" HEIGHT="33" WC="0.91" CONTENT="varder"/><SP WIDTH="22" VPOS="1471" HPOS="1462"/>
							<String ID="string_208" HPOS="1484" VPOS="1484" WIDTH="40" HEIGHT="20" WC="0.93" CONTENT="av"/><SP WIDTH="23" VPOS="1484" HPOS="1524"/>
							<String ID="string_209" HPOS="1547" VPOS="1472" WIDTH="83" HEIGHT="32" WC="0.92" CONTENT="riks-"/>
						</TextLine>
						<TextLine ID="line_23" HPOS="125" VPOS="1520" WIDTH="1072" HEIGHT="39">
							<String ID="string_210" HPOS="125" VPOS="1522" WIDTH="106" HEIGHT="37" WC="0.96" CONTENT="dagen"/><SP WIDTH="16" VPOS="1522" HPOS="231"/>
							<String ID="string_211" HPOS="247" VPOS="1522" WIDTH="12" HEIGHT="31" WC="0.93" CONTENT="i"/><SP WIDTH="18" VPOS="1522" HPOS="259"/>
							<String ID="string_212" HPOS="277" VPOS="1521" WIDTH="275" HEIGHT="38" WC="0.91" CONTENT="grundlagsenlig"/><SP WIDTH="18" VPOS="1521" HPOS="552"/>
							<String ID="string_213" HPOS="570" VPOS="1521" WIDTH="141" HEIGHT="38" WC="0.96" CONTENT="ordning"/><SP WIDTH="15" VPOS="1521" HPOS="711"/>
							<String ID="string_214" HPOS="726" VPOS="1520" WIDTH="163" HEIGHT="39" WC="0.96" CONTENT="beslutad,"/><SP WIDTH="19" VPOS="1520" HPOS="889"/>
							<String ID="string_215" HPOS="908" VPOS="1525" WIDTH="124" HEIGHT="34" WC="0.96" CONTENT="antaga"/><SP WIDTH="17" VPOS="1525" HPOS="1032"/>
							<String ID="string_216" HPOS="1049" VPOS="1521" WIDTH="148" HEIGHT="38" WC="0.96" CONTENT="följande"/>
						</TextLine>
					</TextBlock>
				</ComposedBlock>
				<ComposedBlock ID="cblock_4" HPOS="143" VPOS="1672" WIDTH="1466" HEIGHT="302">
					<TextBlock ID="block_8" HPOS="143" VPOS="1672" WIDTH="1466" HEIGHT="302">
						<TextLine ID="line_24" HPOS="755" VPOS="1672" WIDTH="252" HEIGHT="41">
							<String ID="string_217" HPOS="755" VPOS="1672" WIDTH="252" HEIGHT="41" WC="0.94" CONTENT="Förslag"/>
						</TextLine>
						<TextLine ID="line_25" HPOS="850" VPOS="1740" WIDTH="54" HEIGHT="33">
							<String ID="string_218" HPOS="850" VPOS="1740" WIDTH="54" HEIGHT="33" WC="0.96" CONTENT="till"/>
						</TextLine>
						<TextLine ID="line_26" HPOS="814" VPOS="1805" WIDTH="135" HEIGHT="51">
							<String ID="string_219" HPOS="814" VPOS="1805" WIDTH="135" HEIGHT="51" WC="0.95" CONTENT="Lag"/>
						</TextLine>
						<TextLine ID="line_27" HPOS="143" VPOS="1882" WIDTH="1466" HEIGHT="42">
							<String ID="string_220" HPOS="143" VPOS="1893" WIDTH="58" HEIGHT="24" WC="0.96" CONTENT="om"/><SP WIDTH="26" VPOS="1893" HPOS="201"/>
							<String ID="string_221" HPOS="227" VPOS="1884" WIDTH="158" HEIGHT="40" WC="0.96" CONTENT="ändring"/><SP WIDTH="22" VPOS="1884" HPOS="385"/>
							<String ID="string_222" HPOS="407" VPOS="1884" WIDTH="13" HEIGHT="31" WC="0.96" CONTENT="i"/><SP WIDTH="24" VPOS="1884" HPOS="420"/>
							<String ID="string_223" HPOS="444" VPOS="1884" WIDTH="97" HEIGHT="32" WC="0.96" CONTENT="vissa"/><SP WIDTH="24" VPOS="1884" HPOS="541"/>
							<String ID="string_224" HPOS="565" VPOS="1884" WIDTH="103" HEIGHT="32" WC="0.96" CONTENT="delar"/><SP WIDTH="23" VPOS="1884" HPOS="668"/>
							<String ID="string_225" HPOS="691" VPOS="1893" WIDTH="42" HEIGHT="22" WC="0.96" CONTENT="av"/><SP WIDTH="23" VPOS="1893" HPOS="733"/>
							<String ID="string_226" HPOS="756" VPOS="1884" WIDTH="106" HEIGHT="39" WC="0.95" CONTENT="lagen"/><SP WIDTH="26" VPOS="1884" HPOS="862"/>
							<String ID="string_227" HPOS="888" VPOS="1884" WIDTH="70" HEIGHT="32" WC="0.96" CONTENT="den"/><SP WIDTH="24" VPOS="1884" HPOS="958"/>
							<String ID="string_228" HPOS="982" VPOS="1883" WIDTH="41" HEIGHT="32" WC="0.96" CONTENT="26"/><SP WIDTH="22" VPOS="1883" HPOS="1023"/>
							<String ID="string_229" HPOS="1045" VPOS="1885" WIDTH="196" HEIGHT="31" WC="0.96" CONTENT="november"/><SP WIDTH="24" VPOS="1885" HPOS="1241"/>
							<String ID="string_230" HPOS="1265" VPOS="1884" WIDTH="82" HEIGHT="32" WC="0.96" CONTENT="1920"/><SP WIDTH="22" VPOS="1884" HPOS="1347"/>
							<String ID="string_231" HPOS="1369" VPOS="1882" WIDTH="61" HEIGHT="40" WC="0.96" CONTENT="(nr"/><SP WIDTH="22" VPOS="1882" HPOS="1430"/>
							<String ID="string_232" HPOS="1452" VPOS="1882" WIDTH="76" HEIGHT="41" WC="0.96" CONTENT="796)"/><SP WIDTH="23" VPOS="1882" HPOS="1528"/>
							<String ID="string_233" HPOS="1551" VPOS="1894" WIDTH="58" HEIGHT="23" WC="0.96" CONTENT="om"/>
						</TextLine>
						<TextLine ID="line_28" HPOS="693" VPOS="1934" WIDTH="378" HEIGHT="40">
							<String ID="string_234" HPOS="693" VPOS="1934" WIDTH="57" HEIGHT="31" WC="0.96" CONTENT="val"/><SP WIDTH="22" VPOS="1934" HPOS="750"/>
							<String ID="string_235" HPOS="772" VPOS="1934" WIDTH="63" HEIGHT="31" WC="0.96" CONTENT="till"/><SP WIDTH="23" VPOS="1934" HPOS="835"/>
							<String ID="string_236" HPOS="858" VPOS="1934" WIDTH="213" HEIGHT="40" WC="0.96" CONTENT="riksdagen."/>
						</TextLine>
					</TextBlock>
				</ComposedBlock>
				<ComposedBlock ID="cblock_5" HPOS="126" VPOS="2017" WIDTH="1506" HEIGHT="191">
					<TextBlock ID="block_9" HPOS="126" VPOS="2017" WIDTH="1506" HEIGHT="191">
						<TextLine ID="line_29" HPOS="172" VPOS="2017" WIDTH="1458" HEIGHT="39">
							<String ID="string_237" HPOS="172" VPOS="2018" WIDTH="207" HEIGHT="38" WC="0.96" CONTENT="Härigenom"/><SP WIDTH="21" VPOS="2018" HPOS="379"/>
							<String ID="string_238" HPOS="400" VPOS="2017" WIDTH="186" HEIGHT="39" WC="0.96" CONTENT="förordnas,"/><SP WIDTH="22" VPOS="2017" HPOS="586"/>
							<String ID="string_239" HPOS="608" VPOS="2018" WIDTH="68" HEIGHT="32" WC="0.96" CONTENT="dels"/><SP WIDTH="23" VPOS="2018" HPOS="676"/>
							<String ID="string_240" HPOS="699" VPOS="2021" WIDTH="51" HEIGHT="28" WC="0.96" CONTENT="att"/><SP WIDTH="21" VPOS="2021" HPOS="750"/>
							<String ID="string_241" HPOS="771" VPOS="2017" WIDTH="157" HEIGHT="32" WC="0.96" CONTENT="rubriken"/><SP WIDTH="21" VPOS="2017" HPOS="928"/>
							<String ID="string_242" HPOS="949" VPOS="2017" WIDTH="54" HEIGHT="32" WC="0.89" CONTENT="till"/><SP WIDTH="22" VPOS="2017" HPOS="1003"/>
							<String ID="string_243" HPOS="1025" VPOS="2019" WIDTH="128" HEIGHT="31" WC="0.85" CONTENT="54—70"/><SP WIDTH="23" VPOS="2019" HPOS="1153"/>
							<String ID="string_244" HPOS="1176" VPOS="2017" WIDTH="41" HEIGHT="39" WC="0.34" CONTENT="$$"/><SP WIDTH="21" VPOS="2017" HPOS="1217"/>
							<String ID="string_245" HPOS="1238" VPOS="2018" WIDTH="98" HEIGHT="38" WC="0.96" CONTENT="lagen"/><SP WIDTH="22" VPOS="2018" HPOS="1336"/>
							<String ID="string_246" HPOS="1358" VPOS="2018" WIDTH="60" HEIGHT="32" WC="0.96" CONTENT="den"/><SP WIDTH="23" VPOS="2018" HPOS="1418"/>
							<String ID="string_247" HPOS="1441" VPOS="2019" WIDTH="41" HEIGHT="31" WC="0.93" CONTENT="26"/><SP WIDTH="22" VPOS="2019" HPOS="1482"/>
							<String ID="string_248" HPOS="1504" VPOS="2029" WIDTH="126" HEIGHT="21" WC="0.92" CONTENT="novem-"/>
						</TextLine>
						<TextLine ID="line_30" HPOS="128" VPOS="2067" WIDTH="1504" HEIGHT="40">
							<String ID="string_249" HPOS="128" VPOS="2069" WIDTH="57" HEIGHT="32" WC="0.96" CONTENT="ber"/><SP WIDTH="27" VPOS="2069" HPOS="185"/>
							<String ID="string_250" HPOS="212" VPOS="2070" WIDTH="84" HEIGHT="31" WC="0.96" CONTENT="1920"/><SP WIDTH="26" VPOS="2070" HPOS="296"/>
							<String ID="string_251" HPOS="322" VPOS="2081" WIDTH="50" HEIGHT="21" WC="0.96" CONTENT="om"/><SP WIDTH="25" VPOS="2081" HPOS="372"/>
							<String ID="string_252" HPOS="397" VPOS="2068" WIDTH="56" HEIGHT="33" WC="0.96" CONTENT="val"/><SP WIDTH="27" VPOS="2068" HPOS="453"/>
							<String ID="string_253" HPOS="480" VPOS="2068" WIDTH="52" HEIGHT="33" WC="0.96" CONTENT="till"/><SP WIDTH="27" VPOS="2068" HPOS="532"/>
							<String ID="string_254" HPOS="559" VPOS="2068" WIDTH="179" HEIGHT="38" WC="0.96" CONTENT="riksdagen"/><SP WIDTH="28" VPOS="2068" HPOS="738"/>
							<String ID="string_255" HPOS="766" VPOS="2068" WIDTH="87" HEIGHT="32" WC="0.96" CONTENT="skall"/><SP WIDTH="25" VPOS="2068" HPOS="853"/>
							<String ID="string_256" HPOS="878" VPOS="2067" WIDTH="82" HEIGHT="39" WC="0.96" CONTENT="lyda"/><SP WIDTH="25" VPOS="2067" HPOS="960"/>
							<String ID="string_257" HPOS="985" VPOS="2069" WIDTH="43" HEIGHT="37" WC="0.96" CONTENT="på"/><SP WIDTH="28" VPOS="2069" HPOS="1028"/>
							<String ID="string_258" HPOS="1056" VPOS="2071" WIDTH="68" HEIGHT="29" WC="0.96" CONTENT="sätt"/><SP WIDTH="24" VPOS="2071" HPOS="1124"/>
							<String ID="string_259" HPOS="1148" VPOS="2069" WIDTH="106" HEIGHT="31" WC="0.96" CONTENT="nedan"/><SP WIDTH="28" VPOS="2069" HPOS="1254"/>
							<String ID="string_260" HPOS="1282" VPOS="2073" WIDTH="88" HEIGHT="34" WC="0.95" CONTENT="sägs,"/><SP WIDTH="30" VPOS="2073" HPOS="1370"/>
							<String ID="string_261" HPOS="1400" VPOS="2068" WIDTH="68" HEIGHT="32" WC="0.96" CONTENT="dels"/><SP WIDTH="27" VPOS="2068" HPOS="1468"/>
							<String ID="string_262" HPOS="1495" VPOS="2068" WIDTH="59" HEIGHT="33" WC="0.96" CONTENT="ock"/><SP WIDTH="28" VPOS="2068" HPOS="1554"/>
							<String ID="string_263" HPOS="1582" VPOS="2072" WIDTH="50" HEIGHT="28" WC="0.96" CONTENT="att"/>
						</TextLine>
						<TextLine ID="line_31" HPOS="128" VPOS="2118" WIDTH="1503" HEIGHT="40">
							<String ID="string_264" HPOS="128" VPOS="2121" WIDTH="141" HEIGHT="37" WC="0.21" CONTENT="5ö—57,"/><SP WIDTH="18" VPOS="2121" HPOS="269"/>
							<String ID="string_265" HPOS="287" VPOS="2121" WIDTH="50" HEIGHT="37" WC="0.95" CONTENT="59,"/><SP WIDTH="20" VPOS="2121" HPOS="337"/>
							<String ID="string_266" HPOS="357" VPOS="2121" WIDTH="51" HEIGHT="37" WC="0.96" CONTENT="69,"/><SP WIDTH="18" VPOS="2121" HPOS="408"/>
							<String ID="string_267" HPOS="426" VPOS="2120" WIDTH="51" HEIGHT="37" WC="0.91" CONTENT="72,"/><SP WIDTH="18" VPOS="2120" HPOS="477"/>
							<String ID="string_268" HPOS="495" VPOS="2120" WIDTH="138" HEIGHT="37" WC="0.61" CONTENT="19—82,"/><SP WIDTH="18" VPOS="2120" HPOS="633"/>
							<String ID="string_269" HPOS="651" VPOS="2120" WIDTH="129" HEIGHT="31" WC="0.16" CONTENT="85—89"/><SP WIDTH="18" VPOS="2120" HPOS="780"/>
							<String ID="string_270" HPOS="798" VPOS="2119" WIDTH="59" HEIGHT="32" WC="0.96" CONTENT="och"/><SP WIDTH="17" VPOS="2119" HPOS="857"/>
							<String ID="string_271" HPOS="874" VPOS="2120" WIDTH="41" HEIGHT="31" WC="0.93" CONTENT="94"/><SP WIDTH="17" VPOS="2120" HPOS="915"/>
							<String ID="string_272" HPOS="932" VPOS="2118" WIDTH="41" HEIGHT="39" WC="0.51" CONTENT="$8"/><SP WIDTH="17" VPOS="2118" HPOS="973"/>
							<String ID="string_273" HPOS="990" VPOS="2130" WIDTH="126" HEIGHT="27" WC="0.95" CONTENT="samma"/><SP WIDTH="16" VPOS="2130" HPOS="1116"/>
							<String ID="string_274" HPOS="1132" VPOS="2119" WIDTH="58" HEIGHT="38" WC="0.96" CONTENT="lag"/><SP WIDTH="16" VPOS="2119" HPOS="1190"/>
							<String ID="string_275" HPOS="1206" VPOS="2119" WIDTH="104" HEIGHT="39" WC="0.96" CONTENT="skola,"/><SP WIDTH="19" VPOS="2119" HPOS="1310"/>
							<String ID="string_276" HPOS="1329" VPOS="2120" WIDTH="50" HEIGHT="38" WC="0.95" CONTENT="69,"/><SP WIDTH="20" VPOS="2120" HPOS="1379"/>
							<String ID="string_277" HPOS="1399" VPOS="2120" WIDTH="38" HEIGHT="31" WC="0.96" CONTENT="72"/><SP WIDTH="19" VPOS="2120" HPOS="1437"/>
							<String ID="string_278" HPOS="1456" VPOS="2120" WIDTH="59" HEIGHT="31" WC="0.96" CONTENT="och"/><SP WIDTH="17" VPOS="2120" HPOS="1515"/>
							<String ID="string_279" HPOS="1532" VPOS="2121" WIDTH="38" HEIGHT="31" WC="0.96" CONTENT="79"/><SP WIDTH="21" VPOS="2121" HPOS="1570"/>
							<String ID="string_280" HPOS="1591" VPOS="2118" WIDTH="40" HEIGHT="40" WC="0.81" CONTENT="$$"/>
						</TextLine>
						<TextLine ID="line_32" HPOS="126" VPOS="2168" WIDTH="1054" HEIGHT="40">
							<String ID="string_281" HPOS="126" VPOS="2170" WIDTH="12" HEIGHT="31" WC="0.96" CONTENT="i"/><SP WIDTH="19" VPOS="2170" HPOS="138"/>
							<String ID="string_282" HPOS="157" VPOS="2171" WIDTH="105" HEIGHT="31" WC="0.96" CONTENT="nedan"/><SP WIDTH="18" VPOS="2171" HPOS="262"/>
							<String ID="string_283" HPOS="280" VPOS="2170" WIDTH="140" HEIGHT="37" WC="0.96" CONTENT="intagna"/><SP WIDTH="21" VPOS="2170" HPOS="420"/>
							<String ID="string_284" HPOS="441" VPOS="2169" WIDTH="101" HEIGHT="39" WC="0.96" CONTENT="delar,"/><SP WIDTH="18" VPOS="2169" HPOS="542"/>
							<String ID="string_285" HPOS="560" VPOS="2169" WIDTH="127" HEIGHT="32" WC="0.96" CONTENT="erhålla"/><SP WIDTH="19" VPOS="2169" HPOS="687"/>
							<String ID="string_286" HPOS="706" VPOS="2169" WIDTH="148" HEIGHT="38" WC="0.96" CONTENT="följande"/><SP WIDTH="20" VPOS="2169" HPOS="854"/>
							<String ID="string_287" HPOS="874" VPOS="2169" WIDTH="145" HEIGHT="32" WC="0.96" CONTENT="ändrade"/><SP WIDTH="20" VPOS="2169" HPOS="1019"/>
							<String ID="string_288" HPOS="1039" VPOS="2168" WIDTH="141" HEIGHT="39" WC="0.95" CONTENT="lydelse:"/>
						</TextLine>
					</TextBlock>
				</ComposedBlock>
				<ComposedBlock ID="cblock_6" HPOS="126" VPOS="2283" WIDTH="1506" HEIGHT="284">
					<TextBlock ID="block_10" HPOS="126" VPOS="2283" WIDTH="1506" HEIGHT="284">
						<TextLine ID="line_33" HPOS="347" VPOS="2283" WIDTH="1066" HEIGHT="33">
							<String ID="string_289" HPOS="347" VPOS="2283" WIDTH="64" HEIGHT="26" WC="0.95" CONTENT="Om"/><SP WIDTH="22" VPOS="2283" HPOS="411"/>
							<String ID="string_290" HPOS="433" VPOS="2284" WIDTH="109" HEIGHT="26" WC="0.95" CONTENT="valets"/><SP WIDTH="22" VPOS="2284" HPOS="542"/>
							<String ID="string_291" HPOS="564" VPOS="2283" WIDTH="265" HEIGHT="32" WC="0.93" CONTENT="förberedande,"/><SP WIDTH="22" VPOS="2283" HPOS="829"/>
							<String ID="string_292" HPOS="851" VPOS="2283" WIDTH="226" HEIGHT="33" WC="0.90" CONTENT="kungörande"/><SP WIDTH="23" VPOS="2283" HPOS="1077"/>
							<String ID="string_293" HPOS="1100" VPOS="2284" WIDTH="67" HEIGHT="26" WC="0.92" CONTENT="och"/><SP WIDTH="23" VPOS="2284" HPOS="1167"/>
							<String ID="string_294" HPOS="1190" VPOS="2284" WIDTH="223" HEIGHT="26" WC="0.92" CONTENT="förrättande."/>
						</TextLine>
						<TextLine ID="line_34" HPOS="830" VPOS="2352" WIDTH="92" HEIGHT="39">
							<String ID="string_295" HPOS="830" VPOS="2355" WIDTH="39" HEIGHT="30" WC="0.82" CONTENT="dö"/><SP WIDTH="24" VPOS="2355" HPOS="869"/>
							<String ID="string_296" HPOS="893" VPOS="2352" WIDTH="29" HEIGHT="39" WC="0.38" CONTENT="$."/>
						</TextLine>
						<TextLine ID="line_35" HPOS="172" VPOS="2418" WIDTH="1460" HEIGHT="39">
							<String ID="string_297" HPOS="172" VPOS="2421" WIDTH="29" HEIGHT="31" WC="0.93" CONTENT="1."/><SP WIDTH="49" VPOS="2421" HPOS="201"/>
							<String ID="string_298" HPOS="250" VPOS="2419" WIDTH="72" HEIGHT="32" WC="0.92" CONTENT="När"/><SP WIDTH="15" VPOS="2419" HPOS="322"/>
							<String ID="string_299" HPOS="337" VPOS="2419" WIDTH="82" HEIGHT="32" WC="0.88" CONTENT="vali"/><SP WIDTH="17" VPOS="2419" HPOS="419"/>
							<String ID="string_300" HPOS="436" VPOS="2419" WIDTH="76" HEIGHT="32" WC="0.96" CONTENT="hela"/><SP WIDTH="16" VPOS="2419" HPOS="512"/>
							<String ID="string_301" HPOS="528" VPOS="2418" WIDTH="86" HEIGHT="33" WC="0.96" CONTENT="riket"/><SP WIDTH="15" VPOS="2418" HPOS="614"/>
							<String ID="string_302" HPOS="629" VPOS="2419" WIDTH="52" HEIGHT="32" WC="0.96" CONTENT="till"/><SP WIDTH="19" VPOS="2419" HPOS="681"/>
							<String ID="string_303" HPOS="700" VPOS="2419" WIDTH="103" HEIGHT="32" WC="0.96" CONTENT="andra"/><SP WIDTH="17" VPOS="2419" HPOS="803"/>
							<String ID="string_304" HPOS="820" VPOS="2418" WIDTH="192" HEIGHT="32" WC="0.96" CONTENT="kammaren"/><SP WIDTH="18" VPOS="2418" HPOS="1012"/>
							<String ID="string_305" HPOS="1030" VPOS="2418" WIDTH="86" HEIGHT="34" WC="0.95" CONTENT="skall"/><SP WIDTH="18" VPOS="2418" HPOS="1116"/>
							<String ID="string_306" HPOS="1134" VPOS="2424" WIDTH="64" HEIGHT="33" WC="0.96" CONTENT="äga"/><SP WIDTH="19" VPOS="2424" HPOS="1198"/>
							<String ID="string_307" HPOS="1217" VPOS="2431" WIDTH="81" HEIGHT="26" WC="0.96" CONTENT="rum,"/><SP WIDTH="19" VPOS="2431" HPOS="1298"/>
							<String ID="string_308" HPOS="1317" VPOS="2419" WIDTH="87" HEIGHT="33" WC="0.96" CONTENT="skall"/><SP WIDTH="19" VPOS="2419" HPOS="1404"/>
							<String ID="string_309" HPOS="1423" VPOS="2420" WIDTH="51" HEIGHT="31" WC="0.96" CONTENT="för"/><SP WIDTH="18" VPOS="2420" HPOS="1474"/>
							<String ID="string_310" HPOS="1492" VPOS="2424" WIDTH="48" HEIGHT="28" WC="0.96" CONTENT="ett"/><SP WIDTH="16" VPOS="2424" HPOS="1540"/>
							<String ID="string_311" HPOS="1556" VPOS="2424" WIDTH="76" HEIGHT="28" WC="0.96" CONTENT="vart"/>
						</TextLine>
						<TextLine ID="line_36" HPOS="126" VPOS="2468" WIDTH="1504" HEIGHT="40">
							<String ID="string_312" HPOS="126" VPOS="2483" WIDTH="42" HEIGHT="20" WC="0.96" CONTENT="av"/><SP WIDTH="18" VPOS="2483" HPOS="168"/>
							<String ID="string_313" HPOS="186" VPOS="2470" WIDTH="38" HEIGHT="32" WC="0.96" CONTENT="de"/><SP WIDTH="17" VPOS="2470" HPOS="224"/>
							<String ID="string_314" HPOS="241" VPOS="2470" WIDTH="135" HEIGHT="38" WC="0.96" CONTENT="partier,"/><SP WIDTH="19" VPOS="2470" HPOS="376"/>
							<String ID="string_315" HPOS="395" VPOS="2481" WIDTH="68" HEIGHT="21" WC="0.93" CONTENT="som"/><SP WIDTH="19" VPOS="2481" HPOS="463"/>
							<String ID="string_316" HPOS="482" VPOS="2474" WIDTH="95" HEIGHT="27" WC="0.92" CONTENT="ämna"/><SP WIDTH="18" VPOS="2474" HPOS="577"/>
							<String ID="string_317" HPOS="595" VPOS="2468" WIDTH="135" HEIGHT="39" WC="0.95" CONTENT="deltaga"/><SP WIDTH="18" VPOS="2468" HPOS="730"/>
							<String ID="string_318" HPOS="748" VPOS="2469" WIDTH="11" HEIGHT="31" WC="0.88" CONTENT="i"/><SP WIDTH="17" VPOS="2469" HPOS="759"/>
							<String ID="string_319" HPOS="776" VPOS="2469" WIDTH="100" HEIGHT="38" WC="0.96" CONTENT="valet,"/><SP WIDTH="19" VPOS="2469" HPOS="876"/>
							<String ID="string_320" HPOS="895" VPOS="2469" WIDTH="155" HEIGHT="38" WC="0.91" CONTENT="skriftlig"/><SP WIDTH="19" VPOS="2469" HPOS="1050"/>
							<String ID="string_321" HPOS="1069" VPOS="2469" WIDTH="154" HEIGHT="32" WC="0.96" CONTENT="anmälan"/><SP WIDTH="19" VPOS="2469" HPOS="1223"/>
							<String ID="string_322" HPOS="1242" VPOS="2470" WIDTH="123" HEIGHT="37" WC="0.96" CONTENT="därom,"/><SP WIDTH="18" VPOS="2470" HPOS="1365"/>
							<String ID="string_323" HPOS="1383" VPOS="2470" WIDTH="247" HEIGHT="32" WC="0.96" CONTENT="undertecknad"/>
						</TextLine>
						<TextLine ID="line_37" HPOS="165" VPOS="2529" WIDTH="1425" HEIGHT="38">
							<String ID="string_324" HPOS="165" VPOS="2533" WIDTH="117" HEIGHT="34" WC="0.90" CONTENT="Bihang"/><SP WIDTH="24" VPOS="2533" HPOS="282"/>
							<String ID="string_325" HPOS="306" VPOS="2533" WIDTH="47" HEIGHT="28" WC="0.96" CONTENT="till"/><SP WIDTH="23" VPOS="2533" HPOS="353"/>
							<String ID="string_326" HPOS="376" VPOS="2533" WIDTH="175" HEIGHT="33" WC="0.96" CONTENT="riksdagens"/><SP WIDTH="20" VPOS="2533" HPOS="551"/>
							<String ID="string_327" HPOS="571" VPOS="2532" WIDTH="145" HEIGHT="35" WC="0.96" CONTENT="protokoll"/><SP WIDTH="25" VPOS="2532" HPOS="716"/>
							<String ID="string_328" HPOS="741" VPOS="2535" WIDTH="89" HEIGHT="25" WC="0.95" CONTENT="1932."/><SP WIDTH="47" VPOS="2535" HPOS="830"/>
							<String ID="string_329" HPOS="877" VPOS="2534" WIDTH="17" HEIGHT="26" WC="0.95" CONTENT="5"/><SP WIDTH="23" VPOS="2534" HPOS="894"/>
							<String ID="string_330" HPOS="917" VPOS="2532" WIDTH="84" HEIGHT="28" WC="0.95" CONTENT="saml."/><SP WIDTH="48" VPOS="2532" HPOS="1001"/>
							<String ID="string_331" HPOS="1049" VPOS="2535" WIDTH="37" HEIGHT="25" WC="0.91" CONTENT="17"/><SP WIDTH="26" VPOS="2535" HPOS="1086"/>
							<String ID="string_332" HPOS="1112" VPOS="2533" WIDTH="75" HEIGHT="32" WC="0.91" CONTENT="häft."/><SP WIDTH="47" VPOS="2533" HPOS="1187"/>
							<String ID="string_333" HPOS="1234" VPOS="2529" WIDTH="57" HEIGHT="35" WC="0.92" CONTENT="(Nr"/><SP WIDTH="23" VPOS="2529" HPOS="1291"/>
							<String ID="string_334" HPOS="1314" VPOS="2529" WIDTH="152" HEIGHT="34" WC="0.86" CONTENT="30—31)"/>
						</TextLine>
					</TextBlock>
				</ComposedBlock>
			</PrintSpace>
		</Page>
	</Layout>
</alto>
