1899 2838
254 159 41 31 80
603 161 284 32 Statsutskottets
907 163 178 32 utlåtande
1104 173 42 21 nr
1166 164 62 31 100
1246 164 39 31 år
1305 164 83 31 1967

303 241 73 31 dels
395 242 64 31 ock
477 243 114 30 nedan
610 244 154 31 nämnda
784 247 154 29 moment
956 245 11 30 i
986 245 189 31 utskottets
1193 245 211 32 hemställan
1422 246 78 31 bort
1518 246 46 32 ha
1583 246 157 41 följande

255 296 145 41 lydelse:

611 352 72 32 >33.
711 353 122 32 bifalla
860 354 12 30 i
899 354 219 31 motionerna
1146 355 29 30 I:
1191 354 62 31 805
1282 355 64 31 och
1375 355 46 30 II:
1439 355 82 31 1000
1551 354 189 32 framställt

565 407 158 41 yrkande
741 417 57 21 om
817 418 42 21 en
877 408 342 41 förvaltningsavgift
1239 409 54 31 för
1311 410 240 35 bostadslån;>»

302 486 58 36 25)
388 487 221 31 beträffande
631 498 42 21 en
694 488 258 41 omfördelning
974 499 42 21 av
1037 489 318 32 lånekostnaderna
1375 490 11 30 i
1408 490 96 30 tiden

296 550 42 22 av
360 541 120 32 herrar
502 542 149 40 Kaijser,
677 543 176 38 Ottosson,
879 543 204 38 Wallmark,
1106 544 159 29 Bohman
1289 544 64 30 och
1377 544 124 31 fröken
1524 544 210 40 Ljungberg,

252 595 95 31 vilka
367 598 113 29 ansett
501 598 51 29 att

295 649 73 30 dels
392 650 55 30 det
472 651 129 30 avsnitt
625 652 10 29 i
660 651 188 31 utskottets
871 651 171 40 yttrande,
1069 661 74 21 som
1167 652 119 40 börjar
1310 652 44 40 på
1379 662 25 21 s.
1430 652 40 30 37
1495 653 80 30 med
1601 654 136 39 »Enligt

253 704 206 30 utskottets»
492 705 65 30 och
586 705 111 30 slutar
725 705 44 40 på
800 715 25 21 s.
856 706 40 30 38
926 706 78 30 med
1036 706 167 31 »berörda
1234 706 130 40 fråga»,
1394 707 77 30 bort
1501 707 44 30 ha
1576 707 157 40 följande

252 757 144 41 lydelse:

297 813 195 31 »Utskottet
512 813 166 31 hänvisar
697 814 52 30 till
769 814 66 30 vad
857 823 74 21 som
952 814 134 31 anförts
1108 815 11 29 i
1138 815 123 30 härvid
1282 815 95 40 fogat
1395 815 145 31 särskilt
1560 816 172 40 yttrande.

251 866 73 29 Den
352 867 10 28 i
389 867 262 38 propositionen
679 868 197 38 föreslagna
904 868 414 39 finansieringsmetoden
1345 869 146 31 innebär
1519 879 42 20 en
1588 870 71 29 helt
1687 879 46 30 ny

251 918 90 30 form
366 918 54 31 för
443 919 267 41 kreditgivning,
735 929 79 22 vars
839 920 102 31 utfall
965 921 66 29 blir
1055 921 170 30 beroende
1249 931 42 21 av
1313 921 11 30 i
1347 922 117 30 vilken
1489 922 244 40 utsträckning

248 973 221 40 antaganden
484 983 58 21 om
558 974 66 30 den
641 974 283 41 genomsnittliga
941 974 108 41 årliga
1066 975 175 41 ökningen
1258 985 42 21 av
1315 976 418 40 byggnadskostnaderna

249 1027 65 29 och
329 1027 66 30 den
410 1028 283 40 genomsnittliga
707 1028 208 30 räntenivån
931 1029 110 29 under
1057 1029 85 30 3—4
1159 1030 181 29 decennier
1357 1030 159 29 kommer
1531 1033 50 27 att
1596 1030 135 30 infrias.

248 1081 75 29 Den
343 1080 197 41 föreslagna
559 1082 610 41 kapitalkostnadsomfördelningen
1189 1084 70 29 kan
1279 1083 36 30 få
1335 1093 42 20 en
1396 1084 64 30 rad
1480 1092 252 32 ogynnsamma

249 1135 258 31 konsekvenser
526 1136 54 30 för
599 1137 382 31 bostadsmarknadens
1000 1138 209 40 utveckling.

291 1188 72 30 Mot
381 1188 113 31 denna
512 1189 184 40 bakgrund
715 1191 181 39 avstyrker
915 1191 168 30 utskottet
1102 1191 126 40 Kungl.
1248 1191 123 40 Maj:ts
1390 1192 139 39 förslag.
1550 1192 184 30 Motioner-

249 1251 45 20 na
314 1242 28 30 I:
360 1242 60 30 756
440 1243 64 29 och
525 1243 44 30 II:
586 1243 62 30 952
668 1245 191 39 avstyrks.»

292 1295 73 31 dels
384 1297 64 29 ock
468 1297 113 30 nedan
601 1298 154 30 nämnda
775 1300 154 28 moment
949 1299 10 29 i
979 1299 188 30 utskottets
1186 1299 209 30 hemställan
1415 1300 77 29 bort
1512 1300 46 30 ha
1577 1300 156 39 följande

246 1350 145 39 lydelse:

605 1404 72 30 »34.
702 1404 222 31 beträffande
952 1415 42 20 en
1023 1406 258 40 omfördelning
1308 1416 42 20 av
1378 1406 316 31 lånekostnaderna
1725 1407 9 29 i

555 1459 95 30 tiden
678 1459 78 30 med
784 1459 98 30 bifall
910 1459 51 30 till
989 1460 219 30 motionerna
1237 1460 28 29 1:
1282 1460 61 30 805
1373 1461 64 29 och
1465 1461 45 29 II:
1530 1461 81 30 1000
1641 1463 89 28 sami

556 1512 78 30 med
659 1513 118 39 avslag
801 1513 20 29 å
846 1513 218 30 motionerna
1089 1514 28 29 I:
1135 1514 60 29 765
1223 1514 64 29 och
1313 1515 44 29 II:
1374 1514 73 35 952,
1474 1515 160 39 samtliga
1659 1524 71 20 mo-

555 1566 112 30 tioner
689 1566 103 30 såvitt
813 1576 48 20 nu
883 1568 38 29 är
942 1567 10 29 i
974 1566 107 40 fråga,
1105 1567 95 30 avslå
1222 1567 124 40 Kungl.
1369 1568 124 39 Maj:ts
1516 1568 167 40 förslag;>»

295 1645 58 35 26)
382 1645 221 31 beträffande
622 1647 288 30 basannuitetens
931 1647 130 30 storlek

290 1709 41 20 av
354 1700 120 30 herrar
496 1700 148 39 Kaijser,
671 1701 176 36 Ottosson,
873 1701 203 37 Wallmark,
1100 1701 157 29 Bohman
1283 1701 63 30 och
1370 1701 124 31 fröken
1518 1702 209 40 Ljungberg,

246 1753 94 30 vilka
356 1771 44 4 —
417 1762 56 21 om
490 1754 260 30 reservationen
769 1755 39 29 25
828 1754 71 30 inte
917 1754 137 30 bifalles
1070 1772 45 3 —
1132 1757 113 27 ansett
1264 1757 50 28 att

290 1806 73 30 dels
380 1807 56 30 det
453 1808 118 39 stycke
587 1808 11 29 i
614 1808 189 30 utskottets
818 1808 162 39 yttrande
996 1808 45 39 på
1058 1818 24 20 s.
1100 1808 50 35 37,
1170 1818 74 20 som
1261 1809 118 39 börjar
1396 1809 77 30 med
1493 1810 237 30 »Innebörden

244 1869 61 20 av»
328 1860 64 30 och
414 1861 109 30 slutar
543 1861 79 30 med
644 1861 409 30 »boendekostnadernas
1074 1862 230 39 utveckling»,
1326 1863 77 29 bort
1425 1863 91 40 utgå,

288 1913 73 30 dels
383 1914 56 30 det
461 1915 129 29 avsnitt
612 1915 11 29 i
645 1915 188 30 utskottets
855 1915 171 39 yttrande,
1050 1925 73 20 som
1147 1916 44 39 på
1214 1925 25 21 s.
1262 1916 41 29 39
1325 1916 119 40 börjar
1466 1917 78 29 med
1569 1918 160 29 »Motivet

245 1967 73 30 för»
341 1968 63 30 och
424 1968 43 40 på
488 1978 24 21 s.
533 1969 40 30 40
595 1969 109 30 slutar
725 1969 78 29 med
825 1969 151 39 »förslag
996 1969 223 40 tillstyrkes»,
1241 1969 77 30 bort
1338 1970 44 30 ha
1403 1970 156 40 följande
1579 1971 146 39 lydelse:

289 2021 136 31 »Under
446 2022 141 30 erinran
607 2031 56 21 om
683 2022 67 30 vad
771 2031 74 21 som
866 2022 136 30 anförts
1022 2023 11 29 i
1053 2023 122 30 härvid
1197 2023 95 39 fogat
1313 2024 142 30 särskilt
1474 2024 163 39 yttrande
1659 2024 68 30 för-

243 2075 104 30 ordar
366 2075 169 31 utskottet
554 2077 49 28 att
622 2076 268 29 basannuiteten
910 2076 10 29 i
939 2076 240 40 utgångsläget
1201 2076 186 40 fastlägges
1406 2077 58 30 vid
1483 2078 49 34 6,1
1554 2078 46 35 7,
1621 2078 105 30 vilket

243 2131 194 28 motsvarar
459 2138 42 21 en
524 2129 316 40 primärlåneränta
862 2129 44 40 på
928 2130 18 30 5
967 2129 46 35 Yo.

286 2182 175 30 Utskottet
478 2183 193 39 tillstyrker
688 2183 144 29 därmed
849 2183 171 39 yrkandet
1037 2184 11 29 i
1067 2184 218 29 motionerna
1303 2184 28 29 I:
1347 2184 62 29 805
1428 2185 65 28 och
1512 2185 45 30 II:
1575 2185 113 30 1000.»

286 2235 72 30 dels
379 2236 64 29 ock
462 2236 115 30 nedan
596 2236 155 30 nämnda
770 2239 154 27 moment
943 2237 11 29 i
973 2237 188 30 utskottets
1181 2237 209 30 hemställan
1410 2238 77 30 bort
1507 2238 45 30 ha
1572 2239 155 39 följande

241 2289 145 40 lydelse:

601 2343 71 30 »35.
697 2343 222 30 beträffande
944 2344 268 30 basannuiteten
1238 2345 78 29 med
1342 2344 98 30 bifall
1465 2345 53 29 till
1545 2346 184 30 motioner-

551 2406 44 21 na
618 2398 28 29 I:
662 2397 61 30 805
745 2398 64 28 och
832 2397 45 30 II:
895 2397 82 30 1000
1000 2398 64 29 och
1086 2398 79 29 med
1187 2399 117 38 avslag
1326 2398 19 30 å
1366 2398 125 39 Kungl.
1513 2399 124 39 Maj:ts
1660 2400 67 30 för-

548 2452 73 39 slag
636 2452 164 29 ävensom
816 2451 20 30 å
851 2451 218 30 motionerna
1086 2451 28 30 1:
1132 2451 60 30 765
1210 2452 64 29 och
1291 2452 44 29 II:
1352 2451 62 30 952
1432 2454 90 28 samt
1539 2453 28 29 I:
1586 2453 60 30 754
1663 2454 63 29 och
