1898 2832
494 155 285 30 Statsutskottets
801 152 177 31 utlåtande
997 161 43 19 nr
1061 152 62 28 100
1142 152 39 29 år
1202 150 83 30 1967
1596 149 38 29 19

147 248 172 31 program,
337 247 74 21 som
426 237 176 30 revideras
618 236 97 39 varje
732 235 48 30 år.
797 234 47 31 Ca
859 234 62 30 400
938 234 209 29 kommuner
1164 233 37 29 är
1218 232 23 29 f.
1256 241 33 20 n.
1307 231 160 39 skyldiga
1482 232 50 28 att
1548 239 86 32 upp-

145 294 93 28 rätta
256 292 132 30 sådana
405 298 174 33 program.
599 290 14 29 I
632 289 66 30 den
716 289 53 29 till
788 288 111 39 tredje
918 287 229 40 lagutskottet
1164 285 190 30 hänvisade
1373 284 262 40 propositionen

147 355 41 20 nr
207 346 59 30 101
287 345 149 30 föreslås
453 344 109 30 sådan
581 343 148 39 ändring
745 343 13 29 i
776 341 81 31 1947
877 341 57 30 års
950 341 57 40 lag
1024 342 49 28 att
1091 340 68 29 den
1174 340 115 29 bättre
1306 339 166 30 stämmer
1492 339 144 29 överens

147 400 79 30 med
249 399 67 30 den
338 408 148 20 numera
507 397 205 39 tillämpade
734 396 202 39 ordningen.
960 394 128 40 Tredje
1109 394 227 39 lagutskottet
1360 393 63 29 har
1446 392 189 30 behandlat

148 454 117 29 ämnet
269 446 16 50 i
306 453 59 30 sitt
380 451 180 31 utlåtande
575 460 42 20 nr
632 450 51 30 43.

192 505 395 41 Departementschefen
611 505 157 29 anmäler
791 506 50 27 att
865 513 44 20 en
932 502 363 31 försöksverksamhet
1321 500 181 40 påbörjats
1526 509 43 20 av
1593 509 43 20 en

147 561 230 39 arbetsgrupp
397 560 96 29 inom
514 559 132 30 finans-
666 558 65 30 och
749 557 420 40 inrikesdepartementen
1188 556 12 30 i
1220 555 90 40 syfte
1330 557 50 28 att
1400 555 108 39 pröva
1526 554 111 39 lämp-

147 615 69 39 liga
230 615 130 29 former
375 614 55 29 för
443 613 147 39 vidgade
603 612 229 30 kommunala
845 611 405 39 investeringsprogram.
1266 610 13 28 I
1294 609 220 29 motionerna
1528 608 29 29 I:
1573 607 62 30 805

147 668 65 29 och
231 668 45 30 II:
295 667 82 30 1000
396 667 65 29 har
479 667 11 29 i
509 666 188 39 anledning
716 666 107 29 därav
841 664 271 34 understrukits,
1133 665 50 28 att
1202 672 43 21 en
1265 662 109 30 sådan
1392 662 245 39 investerings-

151 721 192 40 planering,
370 721 12 29 i
407 720 67 30 vad
499 729 100 21 avser
624 719 210 34 metodiken,
861 719 71 29 inte
958 719 63 29 bör
1046 718 37 30 få
1108 717 173 30 utformas
1307 716 88 30 efter
1421 715 149 30 förebild
1595 724 42 21 av

147 774 582 40 bostadsbyggnadsprogrammen.
749 773 52 30 Då
818 773 106 39 enligt
942 771 261 41 propositionen
1223 779 177 31 gruppens
1418 770 115 29 arbete
1552 769 86 29 fort-

149 830 107 29 sätter
279 829 65 29 och
366 828 193 30 resultaten
582 836 42 21 av
646 827 166 29 försöken
837 835 119 21 senare
979 825 98 30 torde
1101 825 36 29 få
1159 824 179 30 redovisas
1360 824 54 29 för
1437 823 199 39 riksdagen,

149 892 101 20 anser
272 882 172 30 utskottet
466 881 104 40 något
593 883 107 27 annat
722 880 180 30 uttalande
923 880 12 29 i
957 879 124 40 frågan
1103 879 71 29 inte
1197 878 154 40 påkallat
1374 878 45 29 än
1441 879 48 28 ett
1511 876 127 30 under-

149 935 190 40 strykande
354 945 43 20 av
410 934 590 40 bostadsbyggnadsprogrammens
1017 933 90 39 syfte
1122 934 49 28 att
1187 932 131 39 främja
1333 941 44 20 en
1391 931 247 40 produktions-

148 990 192 39 planering,
356 989 159 40 grundad
529 989 45 39 på
586 988 199 30 realistiska
798 987 221 39 antaganden
1032 987 65 29 och
1109 986 262 39 bedömningar.

194 1043 13 30 I
220 1043 100 40 fråga
333 1052 58 20 om
403 1051 165 21 ramarna
581 1042 56 40 för
650 1041 66 31 den
730 1041 139 40 statliga
884 1040 388 40 bostadslångivningen
1287 1040 64 29 har
1366 1039 272 39 departements-

148 1097 125 30 chefen
293 1097 117 29 anfört
431 1098 49 28 att
500 1096 94 30 vissa
613 1096 212 39 svårigheter
845 1095 63 29 har
928 1095 89 29 visat
1038 1094 52 40 sig
1108 1094 167 39 föreligga
1295 1095 50 27 att
1366 1093 121 29 förena
1507 1093 131 28 kraven

148 1151 46 40 på
212 1160 43 21 en
273 1150 125 30 rättvis
416 1150 199 39 fördelning
634 1159 42 20 av
694 1149 218 30 lånemedlen
931 1148 81 30 med
1030 1148 227 30 önskemålen
1276 1149 50 27 att
1345 1147 37 29 få
1400 1147 53 29 till
1474 1146 102 30 stånd
1596 1155 42 20 en

148 1204 162 30 rationell
327 1204 215 39 produktion
558 1204 11 29 i
587 1205 94 28 stora
698 1203 141 30 enheter
857 1203 65 29 och
938 1202 104 40 långa
1060 1202 115 30 serier.
1193 1202 13 29 I
1224 1201 70 30 viss
1312 1200 246 39 utsträckning
1574 1200 64 29 har

149 1259 141 38 prövats
312 1259 50 28 att
383 1257 72 30 låta
475 1257 321 29 kommunblocken
816 1266 84 20 vara
920 1256 143 29 enheter
1084 1256 54 29 för
1160 1255 238 30 lånemedlens
1419 1254 221 40 geografiska

150 1311 209 40 fördelning.
380 1312 64 29 Det
464 1311 147 30 föreslås
631 1320 48 20 nu
698 1311 12 29 i
729 1310 263 40 propositionen
1011 1311 49 28 att
1081 1309 57 30 det
1157 1309 62 30 bör
1239 1309 161 29 närmare
1420 1308 218 30 undersökas

150 1374 58 20 om
225 1365 68 29 den
308 1365 227 39 preliminära
551 1364 453 40 bostadsbyggnadsplanen
1021 1364 55 29 för
1093 1363 41 30 de
1152 1363 58 30 två
1227 1362 310 40 framförliggande
1556 1361 83 30 åren

150 1419 63 29 bör
229 1419 214 29 bestämmas
459 1418 46 40 på
522 1418 124 30 sådant
665 1419 77 34 sätt,
761 1419 49 28 att
828 1418 101 29 dessa
946 1418 38 29 år
1000 1417 59 30 vid
1076 1417 243 39 fördelningen
1336 1425 42 20 av
1394 1416 245 29 låneramarna

151 1472 181 30 betraktas
357 1481 75 20 som
458 1481 43 20 en
527 1471 347 40 sammanhängande
899 1470 332 41 planeringsperiod.
1256 1470 234 30 Föreskrifter
1517 1469 123 30 därom

152 1526 113 29 skulle
284 1543 45 3 —
348 1534 57 21 om
425 1534 43 21 en
489 1525 110 30 sådan
618 1525 149 40 ordning
786 1525 92 30 visar
900 1525 51 39 sig
971 1524 143 40 lämplig
1133 1543 45 2 —
1197 1524 37 30 få
1253 1524 177 30 meddelas
1451 1533 42 20 av
1512 1523 126 40 Kungl.

149 1579 117 39 Maj:t.

196 1633 14 29 I
231 1633 221 29 motionerna
473 1633 30 30 1:
518 1632 62 30 805
603 1633 66 29 och
690 1633 45 29 II:
754 1632 82 30 1000
859 1632 81 30 dras
963 1632 67 30 den
1053 1633 188 29 slutsatsen
1264 1633 49 28 att
1335 1631 56 30 det
1413 1632 73 29 inte
1508 1631 59 39 går
1590 1632 50 28 att

150 1687 11 29 i
183 1686 122 40 förväg
327 1686 112 30 fixera
460 1695 43 21 en
524 1686 103 30 exakt
650 1686 104 30 siffra
775 1686 54 30 för
850 1686 359 39 bostadsbyggandets
1231 1685 221 39 omfattning.
1475 1685 84 30 Man
1578 1685 62 29 bör

153 1740 84 39 nöja
262 1740 52 39 sig
336 1740 80 29 med
439 1741 50 28 att
512 1740 95 29 hålla
629 1740 339 39 bostadsbyggandet
991 1740 46 39 på
1059 1740 68 29 den
1149 1740 125 39 högsta
1296 1739 82 30 nivå
1401 1748 75 21 som
1500 1739 56 29 det
1581 1739 60 29 all-

152 1794 132 28 männa
306 1793 316 39 konjunkturläget
645 1793 139 30 tillåter.
809 1793 126 30 Vidare
959 1793 121 30 anförs
1104 1795 49 27 att
1177 1793 261 39 uppdelningen
1461 1802 42 20 av
1526 1793 116 39 lägen-

151 1847 208 29 hetskvoten
377 1847 130 29 mellan
524 1847 60 29 län
601 1847 65 29 och
684 1847 209 30 kommuner
912 1847 189 40 omöjligen
1119 1847 71 29 kan
1208 1848 101 38 göras
1327 1847 80 29 med
1425 1846 155 40 anspråk
1597 1846 45 40 på

154 1900 157 39 objektiv
339 1900 177 40 riktighet.
547 1901 13 28 I
589 1901 220 29 motionerna
838 1901 147 30 föreslås
1015 1902 50 28 att
1095 1901 115 29 denna
1238 1900 284 40 kvotfördelning
1552 1900 89 30 skall

152 1953 170 40 upphöra.

197 2007 219 30 Motionerna
432 2008 29 29 I:
477 2007 63 30 802
557 2008 66 29 och
639 2008 45 30 II:
703 2008 81 30 1005
802 2008 191 30 innefattar
1009 2008 158 40 yrkande
1184 2017 56 20 om
1258 2010 49 28 att
1324 2008 188 39 riksdagen
1530 2008 111 30 skulle

158 2060 188 39 godkänna
368 2061 225 39 riktpunkter
617 2062 54 29 för
696 2064 48 28 ett
769 2061 164 40 femårigt
956 2062 176 30 ordinarie
1154 2062 488 40 bostadsbyggnadsprogram

154 2114 165 29 ävensom
334 2114 142 30 förorda
489 2115 250 39 upprättandet
754 2125 42 20 av
810 2125 42 20 en
865 2116 351 39 konjunkturreserv.

199 2167 13 29 I
236 2168 220 29 motionerna
479 2168 29 30 I:
524 2168 63 30 399
612 2169 64 29 och
700 2169 45 30 11:
761 2169 63 30 508
848 2169 64 30 har
935 2169 198 30 hemställts
1156 2171 50 28 att
1229 2169 189 40 riksdagen
1440 2170 12 29 i
1476 2169 166 30 skrivelse

153 2221 53 29 till
229 2221 127 39 Kungl.
379 2222 106 38 Maj:t
508 2222 109 29 måtte
640 2223 140 29 anhålla
803 2232 58 20 om
883 2225 48 27 ett
953 2231 164 31 program
1140 2223 54 29 för
1217 2223 248 29 realiserandet
1490 2232 42 21 av
1553 2223 89 29 riks-

153 2276 130 40 dagens
301 2277 39 29 år
359 2276 81 30 1965
459 2277 193 39 fastslagna
668 2276 228 40 målsättning
913 2285 56 21 om
986 2276 180 40 byggande
1184 2286 41 20 av
1242 2286 43 20 en
1301 2276 126 40 miljon
1443 2277 200 39 lägenheter

152 2330 112 29 under
280 2330 67 29 den
361 2330 212 30 kommande
587 2330 285 40 tioårsperioden.

199 2383 14 29 I
237 2384 220 29 motionerna
481 2384 28 29 I:
526 2383 62 30 803
612 2384 65 29 och
701 2384 45 29 II:
764 2384 81 29 1001
872 2384 146 30 föreslås
1042 2386 50 27 att
1115 2384 189 39 riksdagen
1326 2384 109 29 måtte
1457 2384 187 29 hemställa

154 2446 58 20 om
233 2436 161 40 åtgärder
416 2437 55 29 för
493 2438 49 28 att
564 2436 37 31 få
620 2437 53 29 till
696 2437 103 30 stånd
819 2439 48 28 ett
888 2438 112 29 bättre
1022 2437 169 40 underlag
1212 2437 54 30 för
1288 2437 67 30 den
1376 2438 177 39 regionala
1574 2438 69 30 för-

159 2491 197 38 delningen.
381 2490 126 30 Vidare
530 2490 183 31 hemställs
737 2493 50 28 att
810 2491 189 39 riksdagen
1022 2491 107 30 måtte
1151 2491 139 31 besluta
1313 2493 50 28 att
1387 2492 257 29 kommunerna

157 2547 89 30 skall
272 2547 134 29 erhålla
431 2546 174 30 särskilda
628 2547 121 29 kvoter
775 2546 54 29 för
854 2545 369 40 pensionärsbostäder
1249 2546 65 28 och
1340 2546 303 29 studentbostäder
