1898 2830
528 187 285 31 Statsutskottets
832 186 178 31 utlåtande
1030 195 42 21 nr
1093 186 60 30 100
1171 186 40 30 år
1231 185 83 31 1967
1627 185 36 30 11

222 271 38 34 b)
291 272 49 29 att
361 271 12 30 i
395 270 189 40 anledning
605 270 110 29 härav
734 268 226 40 preliminära
981 268 114 30 beslut
1117 276 57 21 om
1195 267 60 30 lån
1277 267 80 30 från
1378 266 212 30 lånefonden
1613 266 54 30 för

180 324 324 40 bostadsbyggande
517 324 30 40 ej
566 323 88 31 skall
669 322 176 31 meddelas
859 322 87 30 efter
961 321 66 30 den
1041 321 41 31 30
1095 321 79 40 juni
1190 320 93 36 1967,

225 388 34 34 c)
289 389 50 28 att
366 387 54 30 för
447 386 201 31 erhållande
675 395 42 21 av
742 385 254 40 kreditgaranti
1023 385 87 30 skall
1137 384 54 30 till
1218 385 113 29 staten
1357 383 157 40 erläggas
1541 393 43 20 en
1610 392 58 21 en-

178 441 220 41 gångsavgift
412 441 46 40 på
472 440 51 36 0,5
543 441 31 34 7
595 450 42 20 av
651 439 306 41 garantibeloppet,

223 504 39 35 d)
292 506 50 28 att
358 505 55 29 för
428 504 52 30 tid
496 504 43 29 fr.
556 513 29 20 o.
602 513 46 20 m.
665 503 67 30 den
750 503 14 29 1
782 502 142 40 januari
942 502 82 30 1967
1041 501 224 40 räntebidrag
1281 500 29 40 ej
1330 501 119 39 längre
1467 500 89 30 skall
1573 499 95 30 med-

180 559 96 40 givas
288 557 222 32 beträffande
524 558 67 29 hus
605 556 242 41 färdigställda
861 556 76 30 före
948 555 173 41 ingången
1135 564 42 21 av
1192 554 93 35 1960,

223 622 35 33 e)
287 623 50 27 att
354 621 55 30 för
425 621 52 29 tid
494 621 43 29 fr.
554 630 30 19 o.
602 630 45 19 m.
664 619 68 30 den
750 620 14 29 1
783 619 142 40 januari
944 618 82 30 1967
1043 617 223 40 räntebidrag
1283 617 20 30 å
1319 616 273 40 underliggande
1609 616 59 30 lån

181 675 89 30 skall
288 674 155 41 grundas
461 674 21 30 å
498 683 44 21 en
558 674 165 29 basränta
741 683 42 20 av
800 673 18 30 6
838 673 32 34 72
892 672 66 30 vad
976 681 98 21 avser
1091 672 67 30 hus
1177 670 244 41 färdigställda
1440 670 226 35 1960—1961,

179 729 18 30 5
217 729 32 34 2
276 728 68 30 vad
368 737 99 21 avser
490 728 67 30 hus
582 727 243 40 färdigställda
851 726 82 31 1962
958 726 65 30 och
1047 725 51 35 4,5
1118 726 32 34 Z
1178 725 67 30 vad
1269 734 98 21 avser
1393 733 120 21 senare
1538 723 130 40 färdig-

179 782 126 31 ställda
321 783 78 34 hus,

223 836 30 34 f)
284 838 50 28 att
356 836 140 40 statliga
516 835 192 35 tertiärlån,
731 834 248 40 egnahemslån
1001 834 65 29 och
1088 832 298 40 förbättringslån,
1410 832 168 30 avseende
1600 832 68 29 hus

181 899 75 21 som
280 889 181 41 påbörjats
485 889 43 30 fr.
553 898 29 21 o.
607 898 45 21 m.
677 888 67 30 den
771 889 13 29 1
810 888 142 40 januari
978 887 93 35 1958,
1098 887 88 30 skall
1211 887 54 29 för
1289 886 51 30 tid
1364 887 43 29 fr.
1431 895 30 21 o.
1486 895 45 20 m.
1556 886 68 29 den
1650 886 15 29 1

177 944 143 40 januari
340 943 81 31 1967
440 952 72 31 upp
529 943 53 30 till
601 942 40 31 90
660 942 32 35 Z
715 952 42 21 av
773 941 284 40 låneunderlaget
1075 941 177 30 förräntas
1270 940 87 30 efter
1375 949 43 21 en
1435 940 173 30 räntesats
1627 948 42 21 av

178 999 19 29 6
216 998 32 34 2
271 998 65 29 och
354 998 52 29 till
425 997 68 30 den
511 997 54 30 del
583 997 104 29 lånen
705 996 188 39 överstiger
911 995 41 30 90
971 995 32 35 7
1026 995 88 30 efter
1132 1004 43 20 en
1192 995 175 29 räntesats
1385 1004 42 19 av
1447 994 16 29 7
1483 994 46 34 7,

227 1051 36 40 g)
293 1053 50 28 att
369 1051 128 30 räntan
522 1050 46 41 på
593 1049 239 31 reaktiverade
857 1049 201 40 tilläggslån
1084 1049 89 30 skall
1199 1048 55 30 för
1279 1048 52 30 tid
1357 1048 43 30 fr.
1427 1057 29 20 o.
1483 1057 45 20 m.
1555 1047 67 30 den
1651 1047 14 29 1

178 1105 142 40 januari
340 1105 82 30 1967
441 1105 124 39 utgöra
583 1105 18 29 6
621 1104 46 35 £,

223 1159 41 33 h)
293 1160 51 28 att
363 1159 41 29 de
425 1158 116 30 såsom
560 1157 268 40 allmännyttiga
845 1157 213 30 betecknade
1077 1155 324 40 bostadsföretagen
1421 1155 88 30 skall
1530 1155 138 39 åläggas

179 1211 443 41 redovisningsskyldighet
640 1211 77 30 icke
735 1211 86 30 blott
841 1211 54 30 för
915 1211 76 30 sina
1009 1210 134 35 fonder,
1164 1210 119 30 dessas
1303 1209 130 30 storlek
1452 1209 65 29 och
1536 1218 133 21 succes-

183 1267 74 29 siva
272 1266 235 40 uppbyggnad
524 1268 85 27 utan
626 1266 86 29 även
729 1265 54 30 för
800 1265 41 29 de
858 1264 175 40 principer
1050 1264 87 30 efter
1153 1264 96 29 vilka
1265 1263 306 40 hyressättningen
1589 1263 79 30 sker

181 1320 65 29 och
259 1320 55 30 för
328 1318 490 42 produktionskostnadernas
831 1318 209 40 utveckling,
1055 1318 65 29 och

226 1374 28 33 i)
284 1375 49 28 att
358 1373 54 30 för
437 1373 202 30 överlåtelse
663 1382 42 20 av
730 1374 132 28 statens
885 1372 101 30 mark
1010 1372 53 29 till
1087 1372 171 28 kommun
1283 1371 54 29 för
1361 1370 308 30 bostadsändamål

180 1437 46 20 m.
247 1437 46 20 m.
314 1428 88 29 skall
423 1427 91 40 gälla
533 1426 67 30 den
619 1426 126 40 regeln,
768 1427 49 29 att
837 1426 103 29 mark
959 1425 98 30 alltid
1078 1425 168 30 överlåtes
1267 1434 57 20 om
1344 1424 267 30 förhållandena
1632 1424 37 29 är

183 1481 132 30 sådana
330 1483 50 28 att
395 1481 156 34 marken,
568 1480 116 30 därest
701 1480 66 30 den
782 1480 76 29 icke
873 1480 89 29 varit
979 1479 165 39 statsägd,
1161 1479 136 29 kunnat
1313 1478 240 40 exproprieras
1569 1478 101 29 även-

182 1544 75 20 som
277 1536 50 28 att
347 1535 99 39 fråga
465 1534 177 40 angående
662 1534 165 29 markens
845 1533 105 30 värde
970 1533 232 30 underställes
1222 1531 448 41 expropriationsdomstols

180 1589 187 39 prövning;

228 1651 37 34 4)
293 1669 45 3 —
366 1660 57 20 om
453 1650 166 40 förslaget
648 1650 111 30 under
789 1649 36 34 3)
860 1650 36 33 a)
931 1658 89 21 ovan
1049 1649 30 40 ej
1111 1649 123 30 vinner
1263 1648 205 40 riksdagens
1498 1648 99 30 bifall
1626 1665 44 4 —

180 1705 136 30 besluta

227 1759 36 33 a)
293 1760 50 28 att
358 1758 214 34 bostadslån,
588 1758 53 29 till
657 1758 95 30 vilka
766 1757 159 30 tillstånd
941 1758 151 29 lämnats
1108 1757 142 39 tidigast
1267 1757 67 29 den
1352 1757 15 29 1
1384 1756 68 39 juli
1470 1756 93 35 1967,
1582 1756 88 30 skall

181 1812 148 39 beviljas
353 1820 72 31 upp
449 1812 53 29 till
527 1811 41 30 90
588 1811 32 35 2
649 1821 42 20 av
714 1810 303 40 belåningsvärdet
1042 1812 132 28 oavsett
1199 1809 372 40 förvaltningsformen
1595 1809 75 35 och,

181 1865 67 30 vad
263 1865 145 30 småhus
421 1865 181 34 beträffar,
617 1866 132 29 oavsett
765 1865 183 34 storleken,

227 1919 39 34 b)
295 1921 50 28 att
369 1919 58 30 vid
451 1919 188 39 utgivande
663 1928 43 21 av
730 1919 131 39 statligt
885 1918 204 30 bostadslån
1113 1927 43 21 en
1181 1917 342 40 förvaltningsavgift
1548 1927 42 20 av
1614 1926 57 20 en-

183 1973 215 39 gångsnatur
415 1973 20 30 å
451 1972 50 35 0,5
521 1973 32 34 2
574 1973 89 30 skall
679 1974 138 38 uttagas
833 1973 11 29 i
861 1972 170 30 samband
1046 1972 80 30 med
1141 1972 113 30 lånets
1269 1971 232 35 utbetalande,

227 2027 35 33 ec)
291 2028 50 28 att
359 2044 45 4 —
422 2035 58 21 om
498 2026 173 40 yrkandet
690 2026 222 30 beträffande
933 2026 145 30 småhus
1097 2025 112 30 under
1227 2025 159 40 punkten
1406 2024 37 35 4)
1468 2025 36 34 a)
1529 2033 89 21 ovan
1638 2024 30 39 ej

182 2080 123 29 vinner
325 2080 207 39 riksdagens
551 2080 100 30 bifall
670 2098 45 3 —
734 2080 58 29 lån
812 2080 53 29 till
887 2080 145 29 småhus
1053 2079 239 40 överstigande
1315 2078 60 30 125
1398 2082 48 26 m?
1468 2079 88 29 skall
1578 2078 94 30 med-

183 2134 95 39 givas
299 2133 79 30 med
398 2135 47 28 ett
466 2133 293 40 schablonbelopp
779 2133 245 30 motsvarande
1044 2132 335 30 normalkostnaden
1398 2132 55 30 för
1473 2134 48 28 ett
1541 2132 67 30 hus
1628 2132 45 39 på

185 2187 60 30 125
263 2190 63 32 m?;

227 2250 37 33 5)
294 2249 55 30 för
362 2249 205 40 budgetåret
584 2249 140 34 1967/68
740 2249 121 30 anvisa

229 2303 36 34 a)
294 2303 53 29 till
364 2302 233 41 Räntebidrag
611 2304 47 29 ett
673 2303 273 40 förslagsanslag
960 2313 43 20 av
1017 2302 61 31 215
1094 2302 62 30 000
1171 2302 62 30 000
1248 2303 62 34 kr.,
1327 2302 65 30 och

227 2356 39 34 b)
296 2356 45 40 på
362 2356 309 41 kapitalbudgeten
694 2356 111 30 under
829 2358 132 29 statens
983 2356 206 30 lånefonder
1211 2356 53 30 till
1286 2355 227 41 Lånefonden
1536 2356 56 40 för
1617 2355 56 31 bo-

183 2410 279 40 stadsbyggande
477 2412 48 28 ett
538 2410 355 40 investeringsanslag
906 2420 42 20 av
964 2411 14 29 1
996 2410 62 30 270
1074 2410 61 30 000
1150 2410 62 31 000
1227 2411 62 33 kr.,

230 2464 36 34 6)
296 2464 121 40 medge
442 2465 50 29 att
517 2464 59 30 lån
603 2473 75 21 som
704 2464 88 30 skall
818 2464 83 40 utgå
926 2464 80 30 från
1031 2463 211 31 lånefonden
1268 2464 55 30 för
1348 2463 324 40 bostadsbyggande

185 2517 175 40 medgives
372 2518 97 29 inom
481 2527 123 20 ramen
617 2527 42 20 av
671 2519 48 29 ett
732 2518 124 40 belopp
870 2527 43 21 av
927 2517 93 30 1590
1036 2517 62 30 000
1110 2518 53 29 kr.
1178 2517 55 30 för
1249 2517 150 35 1967/68,

231 2581 35 33 7)
296 2580 96 30 avslå
408 2580 165 40 förslaget
590 2589 57 21 om
663 2580 203 40 långivning
882 2580 106 40 enligt
1005 2580 67 30 den
1090 2590 25 20 s.
1132 2581 33 29 k.
1182 2580 387 40 paritetstalsmetoden,
