1896 2858
69 2080 63 28 Över
150 2084 90 23 motio-

63 2126 82 15 nerna
162 2119 24 23 I:
197 2119 53 22 183

77 2154 43 22 och
138 2153 39 23 II:
187 2154 50 22 193

73 2188 100 29 avgivet
192 2189 48 28 ytt-

63 2223 81 22 rande
165 2230 30 15 av
215 2222 30 23 de

77 2256 155 31 ömsesidiga

72 2290 163 30 olycksfalls-

66 2326 175 30 försäkrings-

99 2360 115 31 bolagen.

280 191 42 31 20
718 196 103 28 Andra
844 196 191 36 lagutskottets
1058 196 144 31 utlåtande
1224 199 47 28 Nr
1293 200 48 27 25.

280 277 41 19 av
353 266 206 42 registrerad
593 267 188 40 sjukkassa,
806 269 31 30 d.
862 280 28 19 v.
915 280 24 20 s.
964 269 78 31 med
1065 270 133 42 hänsyn
1222 271 53 31 till
1298 273 50 29 att
1371 272 41 31 de
1435 284 40 20 av
1499 272 178 42 olycksfall
1700 275 11 30 i
1735 286 49 20 ar-

279 308 81 31 bete
393 311 88 29 mest
514 309 174 31 drabbade
721 310 331 32 industriarbetarna
1085 313 192 31 merendels
1311 316 83 29 även
1428 317 57 29 äro
1521 315 220 32 medlemmar
1771 317 12 31 i

281 350 107 31 sådan
421 351 110 38 kassa,
555 351 11 30 i
600 352 185 41 anledning
808 364 40 20 av
871 355 79 30 över
972 354 129 31 hälften
1125 366 39 20 av
1188 356 157 41 samtliga
1367 356 180 32 inträffade
1571 358 178 41 olycksfall
1772 360 11 30 i

279 392 126 32 arbete.

334 435 67 30 Till
425 434 179 42 sjukkassa
626 437 98 39 utgår
748 436 107 41 enligt
876 437 113 41 kungl.
1014 438 228 41 kungörelsen
1267 439 66 32 den
1360 441 34 29 11
1420 441 145 32 oktober
1588 442 80 31 1920
1684 444 98 29 stats-

279 476 130 41 bidrag,
433 477 149 31 förutom
606 478 78 31 med
706 478 87 32 visst
815 479 128 42 belopp
966 491 61 30 per
1049 481 155 38 medlem,
1230 484 84 29 även
1338 482 52 31 för
1412 483 193 42 sjukdagar,
1630 495 72 20 som
1719 485 63 30 för-

279 518 127 31 anletts
440 530 40 19 av
515 519 176 42 olycksfall
724 520 11 31 i
769 521 126 38 arbete,
930 522 78 31 med
1042 523 40 30 25
1116 525 56 29 öre
1207 524 52 31 för
1282 524 90 40 varje
1397 524 144 42 sjukdag
1568 528 87 30 samt
1679 526 39 40 !/,
1741 538 41 19 av

280 561 144 31 kassans
447 562 186 31 kostnader
655 562 52 31 för
728 563 177 31 läkarvård
929 564 63 31 och
1015 564 196 32 läkemedel.

333 602 90 32 Hela
455 604 129 31 antalet
618 604 182 42 sjukdagar
833 607 44 39 på
909 606 111 41 grund
1043 618 40 19 av
1106 607 178 41 olycksfall
1307 608 11 31 i
1341 608 115 32 arbete
1480 609 63 31 har
1565 610 52 31 för
1640 613 36 28 år
1700 611 82 31 1919

279 645 183 32 beräknats
496 646 53 31 till
583 647 156 41 omkring
774 648 165 38 1,350,000
972 648 63 32 och
1069 649 52 31 för
1153 652 36 28 år
1224 651 83 30 1920
1340 650 52 31 till
1425 651 157 42 omkring
1606 653 174 37 1,305,000.

280 687 116 31 Härav
428 688 125 41 belöpa
580 689 155 41 omkring
759 690 39 30 10
823 693 26 28 4
875 692 44 39 på
941 690 94 32 tiden
1059 691 84 31 efter
1169 692 73 41 fyra
1265 693 162 31 månader
1449 693 86 31 efter
1558 694 222 41 olycksfallet,

278 729 32 31 d.
334 740 29 20 v.
389 741 24 19 s.
449 732 44 39 på
527 741 42 20 en
603 731 60 37 tid,
691 731 170 32 varunder
894 732 11 31 i
940 735 87 29 stort
1061 736 67 29 sett
1152 734 232 42 sjukpenning
1407 735 28 41 ej
1460 736 99 31 torde
1583 737 133 40 utgivas
1740 748 41 19 av

279 772 187 40 sjukkassa.
514 772 232 32 Statsverkets
781 774 106 41 årliga
920 775 102 41 utgift
1044 776 53 31 för
1119 776 121 41 bidrag
1263 777 53 31 till
1339 780 43 38 på
1404 778 111 41 grund
1538 789 41 20 av
1602 779 178 41 olycksfall

279 814 10 30 i
324 814 117 31 arbete
464 815 98 40 sjuka
584 826 165 30 personer
770 816 51 31 lär
843 817 109 37 alltså,
977 828 55 20 om
1055 818 132 41 hänsyn
1211 819 124 31 endast
1358 822 93 38 tages
1475 820 53 31 till
1551 821 147 31 nämnda
1721 832 62 30 per

279 856 145 41 sjukdag
456 857 170 41 utgående
660 857 128 42 bidrag,
825 859 28 40 ej
882 859 113 31 kunna
1018 859 167 33 beräknas
1208 861 92 40 lägre
1324 863 41 29 än
1389 862 52 30 till
1465 863 157 41 omkring
1646 864 135 37 140,000

279 898 135 31 kronor.
459 899 206 41 Antagligen
699 902 36 29 är
762 900 253 41 ifrågavarande
1040 904 131 30 statens
1194 903 151 41 verkliga
1367 904 102 41 utgift
1492 904 53 31 för
1569 905 177 41 olycksfall
1770 906 11 30 i

279 940 117 31 arbete
420 941 30 40 ej
475 941 191 42 obetydligt
688 942 114 41 högre.

334 1006 64 31 Om
433 1008 146 31 sålunda
611 1008 212 32 beträffande
851 1010 58 31 det
932 1012 92 29 stora
1047 1012 127 30 antalet
1197 1012 396 41 olycksfallsförsäkrade
1616 1014 164 38 arbetare,

279 1060 75 20 som
381 1049 73 31 icke
482 1050 110 31 tillika
618 1053 57 29 äro
700 1051 285 41 sjukförsäkrade,
1009 1053 147 31 behovet
1178 1065 40 20 av
1242 1066 42 19 en
1308 1055 142 42 höjning
1473 1056 107 41 enligt
1602 1057 178 31 rättvisare

278 1091 150 40 grunder
451 1103 40 19 av
514 1092 314 42 sjukersättningen
859 1094 110 32 under
995 1095 66 31 den
1084 1096 195 32 nuvarande
1303 1097 219 32 karenstiden
1546 1101 37 28 är
1605 1099 173 41 påtagligt,

278 1133 87 31 låter
388 1134 57 30 det
468 1134 53 41 sig
543 1137 73 28 åter
631 1135 10 30 i
658 1135 93 41 fråga
774 1147 55 20 om
851 1136 41 31 de
908 1136 87 32 både
1012 1138 394 41 olycksfallsförsäkrade
1423 1141 63 30 och
1504 1141 276 40 sjukförsäkrade

279 1175 180 32 arbetarna
492 1177 111 31 under
637 1178 141 31 anförda
807 1178 236 32 förhållanden
1068 1180 84 31 efter
1174 1181 70 30 min
1269 1182 137 41 mening
1428 1183 74 31 icke
1526 1183 179 38 försvaras,
1731 1186 50 28 att

278 1236 41 3 —
343 1220 113 29 såsom
480 1218 107 32 borde
612 1220 67 37 ske,
705 1231 54 20 om
783 1220 134 42 hänsyn
940 1224 97 38 toges
1061 1222 121 31 endast
1205 1223 53 31 till
1282 1224 433 42 olycksfallsförsäkringen
1740 1245 41 3 —

279 1260 198 40 genomföra
504 1272 42 20 en
570 1261 94 41 dylik
687 1262 143 42 höjning
852 1265 81 29 utan
958 1266 49 28 att
1031 1264 175 42 samtidigt
1228 1265 188 42 behörigen
1438 1267 124 31 beakta
1585 1268 115 41 frågan
1724 1279 56 19 om

279 1302 42 31 de
344 1303 226 40 registrerade
594 1304 264 41 sjukkassornas
883 1306 162 40 ställning
1068 1307 52 30 till
1143 1307 41 31 de
1201 1309 44 39 på
1260 1309 110 40 grund
1387 1320 39 19 av
1442 1310 179 40 olycksfall
1637 1310 11 30 i
1664 1310 116 31 arbete

279 1344 149 31 skadade
463 1345 64 31 och
562 1345 58 32 det
654 1347 138 30 särskilt
815 1347 11 30 i
848 1347 65 31 vad
947 1350 103 38 angår
1084 1351 131 30 statens
1243 1350 122 41 bidrag
1392 1351 51 31 till
1467 1363 130 20 samma
1621 1352 158 37 skadade,

278 1388 105 39 något
412 1398 73 20 som
513 1388 53 31 för
589 1388 108 41 övrigt
720 1389 110 31 under
852 1390 66 30 alla
941 1391 292 41 omständigheter
1257 1403 103 30 synes
1383 1393 83 31 böra
1490 1394 60 31 ske
1573 1394 56 30 vid
1653 1406 39 19 en
1717 1394 63 31 för-

278 1428 145 41 ändring
438 1440 40 19 av
495 1429 41 31 de
553 1431 194 31 nuvarande
764 1431 455 33 karenstidsförhållandena
1235 1434 106 42 enligt
1358 1435 421 42 olycksfallsförsäkrings-

278 1471 108 40 lagen.

331 1529 214 32 Kommittén
568 1531 53 31 för
644 1532 362 41 socialförsäkringens
1030 1534 232 41 organisation
1285 1535 63 31 har
1371 1536 65 30 den
1460 1537 18 30 2
1495 1537 185 31 november
1698 1538 81 30 1923

278 1571 64 31 hos
365 1572 125 40 Kungl.
515 1572 99 41 Maj:t
635 1574 96 40 gjort]
746 1574 250 41 framställning
1012 1586 54 20 om
1084 1576 185 41 skyndsam
1286 1577 182 42 utredning
1484 1590 55 19 om
1556 1579 223 41 möjligheten

277 1614 53 30 för
354 1624 41 20 en
418 1614 264 42 koncentrering
697 1627 39 19 av
754 1616 439 40 sjukkasseverksamheten
1219 1621 88 29 samt
1324 1631 53 19 om
1395 1621 174 31 successiv
1585 1622 195 40 utveckling

278 1667 40 19 av
342 1656 80 31 dess
447 1657 191 31 samarbete
661 1658 78 31 med
762 1658 67 31 den
853 1659 114 40 övriga
991 1660 351 42 socialförsäkringen.

331 1698 86 30 Lika
447 1699 188 40 angelägna
663 1710 72 21 som
760 1700 102 31 dessa
884 1701 112 41 frågor
1019 1713 102 30 synas
1145 1714 86 27 vara,
1256 1703 69 31 lika
1348 1704 121 41 viktigt
1493 1716 103 30 synes
1619 1705 57 31 det
1700 1706 77 40 mig,

278 1741 50 29 att
351 1740 65 31 den
440 1751 46 20 nu
509 1741 230 38 förevarande,
765 1742 140 32 därmed
929 1744 333 41 sammanhängande
1286 1746 115 41 frågan
1418 1757 54 20 om
1489 1747 220 31 karenstiden
1726 1759 52 19 en-

278 1781 63 41 ligt
357 1782 508 44 olycksfallsförsäkringslagen
882 1785 118 32 vinner
1016 1797 41 20 en
1075 1798 78 20 snar
1168 1787 139 41 lösning
1323 1788 77 31 med
1415 1789 158 41 behörigt
1588 1790 190 30 beaktande

279 1835 40 20 av
341 1824 65 31 vad
430 1836 85 20 ovan
539 1826 140 31 anförts.

331 1866 66 41 Jag
419 1866 199 32 hemställer
640 1868 121 38 därför,
787 1870 50 29 att
859 1869 168 32 utskottet
1050 1872 112 37 måtte,
1179 1871 12 31 i
1211 1872 185 41 anledning
1412 1883 39 20 av
1467 1873 220 31 förevarande
1712 1885 66 19 mo-

279 1908 82 38 tion,
385 1909 134 37 föreslå,
544 1911 50 29 att
617 1921 40 19 en
681 1911 186 41 utredning
890 1914 133 29 snarast
1046 1915 104 29 måtte
1173 1914 201 31 verkställas
1397 1915 52 30 för
1471 1916 170 40 reglering
1656 1927 40 19 av
1712 1927 67 20 om-

278 1951 156 37 nämnda,
470 1950 435 44 olycksfallsförsäkringen
940 1954 90 31 såväl
1055 1966 73 20 som
1163 1956 312 42 sjukförsäkringen
1503 1957 190 32 berörande
1716 1959 63 29 för-

277 1992 192 32 hållanden.

329 2069 18 30 I
360 2070 58 31 det
430 2070 92 31 förut
534 2071 232 38 omförmälda,
777 2082 40 20 av
830 2072 155 41 samtliga
1001 2073 206 41 ömsesidiga
1223 2074 555 43 olycksfallsförsäkringsbolagen

277 2121 80 29 över
390 2120 214 31 motionerna
637 2121 101 31 TI:183
766 2122 64 31 och
858 2122 45 31 II:
923 2123 58 31 193
1004 2123 137 41 ingivna
1162 2125 160 40 yttrande
1345 2125 60 30 har
1427 2125 212 32 beträffande
1662 2127 116 41 frågan

277 2181 54 20 om
355 2170 192 41 försäkring
570 2171 52 31 för
644 2172 220 31 karenstiden
889 2173 8 30 j
923 2173 179 41 sjukkassa
1124 2175 213 38 framhållits,
1362 2177 48 29 att
1433 2176 160 32 tillvaron
1616 2188 39 19 av
1672 2179 106 30 ömse-

277 2221 110 41 sidiga
409 2221 102 41 bolag
533 2222 73 31 icke
630 2222 10 30 i
664 2224 103 39 något
791 2224 169 31 avseende
983 2224 220 32 förhindrade
1227 2225 452 43 karenstidsförsäkringens
1703 2228 74 31 ord-

276 2271 113 31 nande
412 2272 10 30 i
447 2271 207 42 sjukkassor.
699 2273 133 41 Frågan
857 2285 54 19 om
937 2274 260 42 sjukkassornas
1220 2276 193 42 befattning
1435 2278 77 30 med
1537 2278 133 38 skador,
1695 2290 83 30 upp-

276 2322 126 31 komna
424 2333 122 30 genom
571 2323 177 41 olycksfall
764 2324 11 30 i
792 2324 126 37 arbete,
935 2336 79 20 vore
1032 2328 90 29 ännu
1139 2327 141 30 föremål
1296 2327 52 31 för
1364 2328 183 41 utredning
1563 2329 63 31 och
1642 2329 134 31 komme

277 2373 11 30 i
312 2372 61 31 allt
406 2373 58 30 fall
491 2373 74 31 icke
593 2375 49 29 att
665 2374 92 31 lösas
780 2375 115 31 förrän
918 2375 11 30 i
953 2376 165 31 samband
1142 2378 77 30 med
1243 2378 66 30 den
1332 2378 196 41 ifrågasatta
1552 2380 225 40 omorganisa-

279 2423 116 30 tionen
419 2434 40 20 av
482 2423 323 43 sjukförsäkringen.
851 2425 101 41 Varje
987 2426 238 42 föregripande
1249 2439 40 20 av
1313 2428 41 31 de
1383 2429 135 41 förslag,
1550 2441 74 19 som
1647 2441 40 19 av
1710 2441 66 19 om-

278 2473 456 41 organisationskommittén
754 2476 145 31 rörande
917 2476 311 43 sjukförsäkringen
1246 2478 83 31 eller
1344 2479 432 42 olycksfallsförsäkringen

278 2524 11 30 i
313 2523 111 32 sinom
440 2524 51 31 tid
507 2524 134 32 komme
658 2527 48 29 att
722 2525 211 42 framläggas,
950 2527 106 31 borde
1074 2528 142 31 sålunda
1233 2539 39 20 av
1290 2530 262 31 statsmakterna
1569 2530 210 33 förhindras
1764 2519 18 53 .
