2198 2628
716 190 280 32 Bankoutskottets
1018 188 162 32 utlåtande
1204 188 51 31 Nr
1277 190 51 28 25.
1808 184 15 29 1

936 745 66 40 Nr
1031 745 76 40 25.

652 903 126 28 Ankom
802 903 48 27 till
874 902 188 35 riksdagens
1087 900 103 27 kansli
1215 900 60 26 den
1303 899 35 27 13
1364 898 79 36 april
1470 898 77 27 1917
1572 897 41 27 kl.
1638 896 17 27 3
1680 904 25 19 e.
1730 904 41 18 m.

545 1046 211 47 Utlåtande,
798 1046 14 35 i
854 1044 193 47 anledning
1088 1055 45 23 av
1174 1043 96 35 vissa
1305 1039 327 51 framställningar
1671 1038 157 36 rörande

635 1107 190 48 pensioner
866 1105 61 36 och
968 1103 192 36 understöd
1193 1102 24 36 å
1243 1101 190 36 allmänna
1460 1099 364 49 indragningsstaten.

661 1310 27 31 I.
734 1308 190 42 Angående
943 1306 440 44 justitiedepartementet.

334 1405 72 49 1:o)
446 1404 19 37 I
507 1418 46 23 en
593 1403 59 37 till
692 1403 209 47 riksdagen
942 1401 74 37 den
1058 1403 20 34 9
1121 1413 100 23 mars
1266 1400 96 35 1917
1392 1398 151 36 avlåten
1572 1395 254 51 proposition,
1846 1404 141 40 Angående
2006 1405 46 24 liv-

227 1472 46 23 nr
302 1460 61 45 98,
391 1458 70 36 har
488 1455 142 50 Kungl.
660 1456 108 48 Maj:t
795 1453 202 50 föreslagit
1023 1452 209 48 riksdagen
1259 1450 191 49 medgiva,
1480 1454 54 31 att
1562 1449 102 36 förre
1694 1448 133 37 eleven
1851 1439 111 59 ””mnen
1980 1440 71 58 ba

226 1509 65 37 vid
332 1514 148 33 statens
520 1506 412 52 uppfostringsanstalt
968 1508 20 34 å
1025 1504 106 37 Bona
1158 1506 133 34 Armas
1318 1505 119 35 Anton
1472 1501 153 38 Veiland
1653 1502 62 35 må
1742 1499 86 36 från
1858 1510 101 38 statens
1974 1517 68 23 upp-

227 1562 71 37 och
338 1561 87 37 med
467 1561 74 37 den
570 1563 28 34 1:
614 1559 73 49 juli
718 1561 97 35 1916
844 1557 122 37 under
994 1557 58 36 sin
1081 1555 240 38 återstående
1349 1553 128 37 livstid
1505 1556 21 33 å
1553 1553 191 36 allmänna
1771 1551 56 36 in-
1846 1544 205 58 anta
1986 1540 13 66 D
2015 1540 38 66 na

227 1613 344 50 dragningsstaten
611 1611 172 50 uppbära
820 1624 47 23 en
897 1609 98 49 årlig
1021 1609 164 36 livränta
1213 1610 21 33 å
1262 1608 48 35 60
1338 1606 152 46 kronor,
1521 1610 55 31 att
1602 1604 57 37 till
1686 1604 141 36 honom
1845 1614 76 23 4.4.
1934 1613 116 24 Veiland.

227 1666 190 37 utbetalas
445 1665 12 36 i
486 1665 73 37 den
595 1663 165 48 ordning
788 1662 72 37 och
888 1664 48 47 på
964 1661 45 37 de
1037 1660 151 47 villkor,
1217 1672 81 23 som
1326 1659 123 35 finnas
1477 1657 166 49 angivna
1670 1655 13 37 i
1710 1655 117 49 lagen

228 1718 74 37 den
345 1719 21 35 5
399 1716 74 50 juli
514 1717 95 36 1901
640 1714 198 50 angående
866 1712 213 49 ersättning
1107 1712 59 36 för
1194 1710 119 38 skada
1340 1709 58 37 till
1427 1708 95 50 följd
1550 1722 46 23 av
1625 1706 199 50 olycksfall

225 1770 13 37 i
266 1769 140 38 arbete.

330 1822 18 36 I
389 1821 110 48 fråga
539 1832 61 24 om
636 1818 260 48 utredningen
936 1816 13 36 i
981 1815 159 38 ärendet
1167 1815 57 37 får
1253 1813 187 37 utskottet
1467 1811 160 38 hänvisa
1654 1809 58 38 till
1740 1823 87 37 pro-

226 1873 219 51 positionen
472 1871 122 49 bilagt
611 1871 141 48 utdrag
771 1883 46 23 av
837 1866 416 51 statsrådsprotokollet
1269 1871 93 32 över
1372 1862 470 53 justitiedepartements-

227 1925 168 38 ärenden
422 1925 60 36 för
510 1923 73 37 den
612 1925 20 34 9
661 1935 101 24 mars
794 1923 111 35 1917.

329 2028 59 37 Då
427 2027 187 37 utskottet
654 2026 84 37 icke
770 2024 85 38 haft
882 2027 121 46 något
1030 2028 55 32 att
1113 2022 125 37 erinra
1267 2025 100 33 emot
1394 2018 290 50 ifrågavarande
1712 2017 114 37 fram-

227 2080 196 50 ställning,
451 2080 58 37 får
535 2078 188 37 utskottet
749 2075 211 44 hemställa,

742 2186 56 31 att
843 2179 141 49 Kungl.
1027 2177 127 49 Maj:ts
1196 2175 248 39 förevarande
1485 2173 239 51 proposition
1765 2174 60 35 må

640 2233 115 37 vinna
782 2231 229 50 riksdagens
1038 2230 116 37 bifall.

332 2298 118 36 Bihang
472 2297 45 29 till
538 2295 169 38 riksdagens
724 2294 146 38 protokoll
894 2294 90 28 1917.
1029 2293 20 27 8
1069 2291 83 30 saml.
1199 2291 39 28 17
1267 2291 74 35 häft.
1394 2287 61 40 (Nr
1476 2285 67 33 25.)
1766 2287 14 27 1
