2210 2620
445 197 41 30 48
893 195 266 32 Statsutskottets
1188 195 179 32 Utlåtande
1390 197 67 31 N:o
1479 196 30 31 6.

407 281 131 50 fartyg
573 281 13 37 1
613 286 58 32 tre
701 284 51 34 år.
808 281 68 36 Ett
902 281 151 37 rustadt
1079 281 129 49 fartyg
1235 286 42 32 är
1305 281 159 37 sålunda
1491 281 107 37 alltid
1627 281 274 47 mobiliseradt;
1943 286 58 32 ut-

405 333 132 49 bryter
570 333 87 49 krig
684 338 42 31 är
754 332 74 37 den
855 333 155 37 rustade
1039 333 109 37 delen
1176 333 42 36 af
1242 333 132 37 flottan
1403 333 114 36 äfven
1545 333 222 49 slagfärdig.

510 384 58 37 Då
595 385 60 36 för
680 385 236 37 närvarande
960 384 23 37 f.
1013 385 36 36 d.
1088 385 287 36 stamanställda
1411 384 258 50 värnpliktiga
1696 385 186 36 beräknas
1909 385 92 48 ingå

406 437 13 36 i
459 436 203 49 fartygens
702 437 264 48 besättningar
992 437 63 36 för
1083 441 56 32 att
1166 436 93 50 fylla
1288 450 48 23 en
1364 436 62 37 del
1453 437 43 36 af
1520 437 47 36 de
1595 441 140 44 poster,
1764 450 80 23 som
1871 436 130 37 fordra

406 488 177 49 personal
628 488 85 37 med
759 488 294 49 fullständigare
1097 488 335 50 yrkesutbildning
1472 493 48 31 än
1562 501 80 23 som
1686 488 73 37 kan
1805 488 196 48 bibringas

406 540 121 37 under
555 539 334 50 värnpliktstiden,
917 540 77 36 kan
1021 540 103 36 inom
1152 543 68 33 vår
1247 540 108 36 flotta
1383 544 55 32 ett
1465 540 132 49 fartyg
1615 540 133 37 endast
1766 540 235 48 undantags-

406 591 59 37 vis
492 592 13 36 i
532 591 159 37 fredstid
720 591 127 49 gifvas
876 591 75 37 den
979 591 232 48 besättning,
1242 605 81 23 som
1351 591 65 37 vid
1444 591 261 49 mobilisering
1723 591 100 37 afses
1841 591 61 36 för
1920 591 82 37 det-

407 656 153 24 samma.
622 642 220 49 Svagheten
883 644 12 35 i
932 648 55 32 ett
1016 643 133 37 sådant
1175 643 237 37 förhållande
1440 648 43 31 är
1509 643 200 50 uppenbar
1737 643 71 37 och
1836 656 47 24 en
1912 656 91 24 snar

406 694 226 49 förändring
660 695 238 48 erforderlig.

508 747 19 35 I
568 746 66 37 sitt
674 746 145 49 förslag
858 746 58 36 till
951 747 156 36 flottans
1140 746 222 49 utveckling
1388 746 122 37 under
1536 746 181 49 perioden
1748 747 252 35 1908—1913

407 798 69 36 har
513 798 146 50 jämväl
700 798 139 37 chefen
879 799 60 36 för
981 798 154 37 flottans
1177 798 83 37 stab
1302 798 163 49 kraftigt
1504 797 219 46 framhållit,
1764 803 56 31 att
1847 811 48 23 en
1923 797 80 49 hög

405 850 96 48 grad
543 850 41 36 af
622 849 328 50 stridsberedskap
992 851 70 36 hos
1104 850 134 37 flottan
1275 855 41 31 är
1349 850 41 36 af
1414 850 73 36 den
1517 855 141 31 största
1685 850 82 36 vikt
1794 849 84 37 icke
1905 849 98 37 blott

406 915 44 23 ur
491 906 86 32 rent
617 901 139 36 militär
798 902 195 49 synpunkt
1032 907 91 31 utan
1163 902 116 36 äfven
1320 905 125 34 såsom
1487 915 46 23 en
1575 901 152 49 garanti
1763 901 61 37 för
1854 901 147 37 freden.

408 952 133 37 Såsom
569 953 363 49 minimifordringar
960 954 87 36 med
1075 953 179 37 afseende
1283 956 20 33 å
1330 952 346 50 personaltillgång
1702 954 42 35 af
1764 957 97 33 stam
1884 953 119 36 under

407 1004 161 37 fredstid
609 1018 110 23 anser
761 1005 245 37 stabschefen
1047 1005 91 36 böra
1177 1004 224 50 uppställas,
1442 1010 56 31 att
1527 1004 327 50 stampersonalen
1880 1003 122 38 hålles

406 1056 65 36 vid
500 1056 117 37 sådan
645 1056 143 49 styrka,
818 1061 56 31 att
897 1056 64 36 det
981 1057 103 35 antal
1103 1056 207 48 officerare,
1331 1056 251 37 civilmilitära
1600 1057 245 48 tjänstemän,
1864 1056 139 37 under-

406 1108 102 36 befäl
538 1108 71 36 och
635 1107 309 49 yrkesutbildadt
971 1108 196 49 manskap,
1197 1121 83 23 som
1306 1107 65 37 vid
1398 1107 261 49 mobilisering
1678 1108 202 48 erfordras,
1901 1112 102 32 stän-

407 1160 85 48 digt
519 1159 122 37 finnes
669 1159 13 36 i
710 1159 268 49 tjänstgöring.

512 1211 57 36 De
605 1211 169 48 grunder
811 1211 59 36 för
906 1210 266 49 beräkningen
1209 1211 41 36 af
1286 1211 73 36 den
1387 1211 249 48 erforderliga
1664 1210 338 50 stampersonalen,

407 1263 131 37 hvilka
567 1263 41 36 af
634 1264 98 35 1904
761 1265 59 34 års
850 1263 240 48 sakkunnige
1120 1262 124 38 blifvit
1272 1262 230 49 tillämpade,
1532 1275 110 24 anser
1664 1262 70 49 jag
1756 1263 12 36 1
1787 1262 217 37 hufvudsak

408 1315 93 37 böra
529 1314 122 49 följas.
708 1314 16 36 I
753 1315 102 36 vissa
882 1315 78 46 fall,
991 1314 178 37 särskildt
1197 1317 20 33 å
1242 1314 46 36 de
1308 1314 103 37 äldre
1431 1314 190 49 fartygen,
1641 1314 75 36 kan
1734 1314 128 47 likväl,
1883 1314 121 48 enligt

408 1367 79 36 min
528 1366 110 46 åsikt,
679 1366 60 37 för
781 1366 282 48 bemanningen
1103 1366 102 36 afses
1242 1366 253 49 värnpliktigt
1536 1366 185 49 manskap
1757 1366 12 36 i
1797 1371 120 31 större
1945 1371 59 30 ut-

409 1418 227 48 sträckning
662 1422 48 31 än
739 1417 47 37 de
815 1418 241 47 sakkunnige
1074 1418 112 36 afsett
1206 1417 71 37 och
1297 1417 156 37 sålunda
1474 1417 180 37 behofvet
1673 1418 42 35 af
1731 1418 274 49 stampersonal

408 1470 13 36 i
448 1469 266 37 motsvarande
743 1473 89 32 mån
858 1470 246 49 nedbringas.
1146 1470 57 36 Då
1231 1469 390 49 tjänstgöringstiden
1649 1468 60 38 för
1736 1469 47 37 de
1810 1469 194 49 värnplik-

409 1522 80 48 tige
517 1521 102 36 inom
648 1521 88 36 kort
763 1521 137 37 blifver
927 1522 188 36 utsträckt
1141 1521 58 36 till
1228 1523 74 35 300
1323 1521 129 48 dagar,
1472 1520 101 37 lärer
1591 1521 194 48 nämligen
1803 1520 202 50 möjlighet

409 1573 206 37 förefinnas
661 1577 54 32 att
757 1573 175 49 bibringa
969 1573 230 37 åtminstone
1236 1576 127 46 någon
1400 1572 62 37 del
1497 1572 42 37 af
1572 1572 113 37 dessa
1721 1573 116 36 sådan
1871 1572 133 49 yrkes-

408 1625 231 47 utbildning,
680 1629 57 32 att
779 1625 46 36 de
867 1625 127 37 kunna
1036 1624 93 50 fylla
1169 1638 48 23 en
1259 1625 62 36 del
1361 1625 41 36 af
1440 1625 47 36 de
1553 1629 112 42 poster,
1702 1624 61 37 för
1800 1624 129 36 hvilka
1957 1624 47 36 de

371 1704 3 4 .
410 1677 241 48 sakkunnige
692 1676 117 36 afsett
848 1677 288 49 yrkesutbildad
1177 1676 285 49 stampersonal.
1555 1676 92 37 ÅAfven
1687 1675 68 37 har
1782 1676 70 49 jag
1880 1676 126 36 funnit

410 1728 466 49 ersättningspersonalen
916 1729 41 35 af
996 1735 186 30 stammen
1223 1728 130 37 kunna
1380 1731 117 46 något
1524 1728 180 47 minskas,
1732 1727 193 48 nämligen
1947 1727 58 37 till

413 1782 45 34 10
489 1779 29 37 Z
559 1779 58 37 för
644 1779 176 49 samtliga
849 1780 250 49 afdelningar.
1146 1780 85 36 Med
1260 1780 179 36 afseende
1469 1782 21 33 å
1517 1780 176 49 personal
1720 1780 59 36 för
1806 1779 199 37 handmin-

409 1832 131 47 fartyg
574 1831 70 36 och
672 1831 391 49 handminpositioner
1089 1832 70 36 bör
1186 1832 181 36 behofvet
1395 1836 190 44 upptagas
1613 1831 13 36 i
1653 1831 351 36 öfvensstämmelse

410 1883 85 37 med
538 1883 100 36 hvad
678 1883 134 36 chefen
855 1884 58 35 för
952 1883 156 37 flottans
1144 1883 83 36 stab
1256 1883 11 36 i
1296 1883 165 49 afgifvet
1487 1883 192 37 utlåtande
1707 1883 107 36 öfver
1843 1883 46 36 de
1918 1882 86 37 sak-

410 1934 192 49 kunniges
630 1934 146 49 förslag
802 1935 184 36 beräknat
1015 1935 254 48 erforderligt.

513 1986 17 36 I
572 1985 169 49 enlighet
769 1987 86 36 med
883 2001 49 22 nu
961 1987 158 48 angifna
1146 1986 169 49 grunder
1341 1986 113 37 hafva
1483 1986 374 50 detaljberäkningar
1878 1986 127 37 blifvit

409 2038 153 37 utförda
591 2038 107 36 öfver
725 2039 361 48 personalbehofvet
1112 2039 65 36 vid
1204 2038 263 49 mobilisering
1494 2038 87 37 med
1610 2038 73 37 den
1710 2038 183 47 materiel,
1923 2051 82 24 som

409 2090 189 37 beräknas
625 2103 90 23 vara
742 2089 221 50 tillgänglig
990 2093 40 34 år
1061 2092 108 35 1908.

514 2141 75 36 Vid
628 2142 267 48 uppgörandet
935 2142 41 36 af
1015 2142 113 36 dessa
1167 2141 258 49 beräkningar
1465 2142 69 36 har
1574 2141 180 50 personal
1783 2141 134 37 afsetts
1946 2140 59 36 för

409 2193 170 50 följande
607 2192 187 37 materiel:

517 2247 46 34 12
591 2245 246 49 pansarbåtar
864 2244 41 36 af
933 2246 55 34 1:a
1015 2244 114 46 klass,

544 2299 18 33 1
592 2296 329 49 pansarkryssare,
