2214 2624
705 193 266 33 Statsutskottets
1000 193 177 33 Utlåtande
1200 198 62 29 N:o
1286 196 28 30 6.
1706 196 58 30 1192

213 281 120 37 under
377 282 97 36 1908
517 280 117 38 borde
675 281 179 50 påbörjas
895 281 136 37 endast
1058 281 85 49 fyra
1170 280 246 51 torpedbåtar
1442 281 13 37 i
1484 281 127 37 stället
1638 280 61 38 för
1727 294 79 25 sex,

210 336 126 34 såsom
376 332 141 49 Kungl.
559 333 108 49 Maj:t
707 332 209 50 föreslagit.
972 333 87 37 Med
1100 333 149 49 hänsyn
1291 333 57 36 till
1379 333 101 36 hvad
1509 333 298 49 departements-

211 385 138 37 chefen
389 385 12 36 i
442 385 135 37 sådant
617 385 183 37 afseende
842 385 137 48 anfört,
1021 385 68 37 har
1116 385 186 37 utskottet
1329 385 85 37 icke
1443 385 126 37 funnit
1597 385 210 49 anledning

210 437 58 36 till
297 436 150 38 erinran
476 442 77 31 mot
582 441 54 32 att
663 450 46 24 en
738 437 43 36 af
805 437 111 37 dessa
945 437 106 37 båtar
1078 437 123 37 förses
1230 436 86 38 med
1343 437 346 39 turbinmaskineri.

315 488 111 38 Hvad
468 488 180 49 slutligen
680 489 240 36 vidkommer
946 488 544 48 undervattensbåtförsvaret,
1520 501 112 24 anser
1660 489 62 48 sig
1748 494 59 31 ut-

209 541 148 37 skottet
396 543 49 47 på
485 540 125 48 grund
650 541 42 36 af
728 540 219 37 inhämtade
983 539 279 51 upplysningar
1302 541 12 35 i
1342 545 127 32 ämnet
1496 541 94 37 böra
1616 540 191 49 tillstyrka

211 592 231 49 beviljandet
483 593 43 36 af
562 592 64 37 det
665 592 311 50 anslagsbelopp,
1006 593 141 48 Kungl.
1177 592 108 50 Maj:t
1312 593 110 37 äskat
1450 592 59 37 för
1537 593 203 36 stärkande
1769 593 43 36 ar

209 645 108 36 detta
344 645 158 36 försvar.

314 696 199 38 Utskottet
540 709 114 24 anser
681 696 124 48 alltså,
834 701 55 32 att
918 696 61 37 för
1006 699 41 34 år
1078 698 97 35 1908
1206 699 21 34 å
1254 696 293 49 ifrågavarande
1567 696 240 49 anslagstitel

208 749 68 36 bör
304 749 169 36 anvisas:

312 853 76 35 dels
415 851 117 37 andra
560 850 147 37 hälften
735 850 41 37 af
801 850 250 49 erforderliga
1078 850 180 50 beloppet
1286 850 58 37 för
1371 850 289 50 nybyggnaden
1689 851 41 36 af
1759 851 47 36 de

207 907 65 32 två
300 903 208 50 påbörjade
532 903 162 49 jagarna
722 902 86 37 med
1222 934 26 4 ...
1313 902 144 37 kronor
1513 904 213 46 1,262,000:
1756 924 49 5 —

312 956 86 47 dels,
436 955 62 36 för
531 954 232 50 påbörjande
790 954 43 37 af
856 934 290 69 nybyggnaden
1163 934 52 56 af
1238 966 49 25 en

201 1007 151 48 jagare,
382 1007 145 36 hälften
555 1007 42 36 af
619 1006 117 37 totala
764 1005 328 38 medelsbehofvet
1119 1006 115 36 med
1278 1038 2 4 .....
1380 1018 18 23 »
1549 1007 176 46 643,000:
1755 1028 50 4 —

312 1060 76 36 dels
423 1058 58 37 till
517 1059 155 36 fortsatt
703 1057 240 50 nybyggnad
972 1058 71 36 och
1071 1058 214 37 afslutande

205 1110 46 37 af
276 1113 21 34 6
330 1113 95 34 1:sta
454 1110 102 37 klass
583 1110 245 49 torpedbåtar
880 1142 82 4 .......
1384 1122 17 23 »
1511 1111 213 47 1,455,000:
1758 1132 42 4 —

312 1164 87 46 dels,
440 1163 60 36 för
535 1162 233 50 påbörjande
806 1162 42 36 af
880 1142 288 68 nybyggnaden
1196 1162 41 36 af
1261 1164 23 34 4

210 1216 95 35 1:sta
335 1215 100 36 klass
463 1214 260 49 torpedbåtar,
752 1214 147 36 hälften
928 1214 41 36 af
984 1213 117 37 totala
1121 1213 164 37 anskaff-

205 1266 335 48 ningskostnaden
567 1266 107 36 med.
1232 1296 2 4 .
1380 1277 18 23 »
1548 1266 176 43 870,000:
1754 1289 50 4 —

311 1318 76 36 dels
415 1318 61 36 ock
502 1317 60 37 för
589 1296 532 57 undervattensbåtförsvaret
1168 1348 82 4 ena
1384 1329 18 22 »
1511 1317 212 43 1,000,000:
1757 1339 43 4 -—

1004 1385 93 37 eller
1124 1384 162 50 tillhopa
1315 1385 140 36 kronor
1510 1387 214 46 5,230,000:
1753 1408 50 4 —

310 1487 55 37 På
393 1488 125 49 grund
547 1487 41 37 af
612 1487 64 37 det
704 1486 159 38 anförda
891 1486 219 38 hemställer
1136 1487 188 37 utskottet

709 1578 56 31 att
793 1572 222 50 Riksdagen
1034 1575 60 34 må
1112 1576 49 46 på
1180 1572 64 37 det
1264 1577 76 32 sätt
1358 1572 132 37 bifalla
1510 1573 143 49 Kungl.
1674 1574 128 49 Maj:ts

605 1624 291 49 ifrågavarande
936 1624 295 49 framställning,
1273 1629 55 32 att
1363 1625 220 48 Riksdagen
1619 1628 49 46 på
1696 1631 106 31 extra

607 1681 77 31 stat
720 1677 60 35 för
817 1679 40 33 år
896 1678 97 34 1908
1031 1675 58 36 till
1125 1676 299 48 nyanskaffning
1461 1676 42 36 af
1527 1677 275 48 krigsfartygs-

606 1726 172 37 materiel
805 1727 162 48 beviljar
995 1731 54 32 ett
1077 1727 135 48 anslag
1240 1731 21 32 å
1289 1729 205 45 5,230,000
1522 1728 153 36 kronor.

205 1924 219 57 Ändring
449 1932 53 39 af
520 1932 72 39 3:e
616 1932 130 39 klass
769 1931 375 49 pansarbåtarna
1162 1932 178 48 Hildur,
1359 1933 143 49 Björn
1521 1933 91 39 och
1632 1933 166 40 Gerda.

312 2033 100 48 22:0)
454 2033 130 37 Under
612 2034 122 48 punkt
764 2036 47 34 20
841 2033 36 37 af
907 2034 124 36 denna
1058 2034 231 36 hufvudtitel
1316 2034 68 37 har
1411 2035 141 46 Kungl.
1573 2036 107 48 Maj:t
1701 2035 98 37 före-
1841 2042 115 35 Ändring
1975 2049 26 21 af

204 2085 116 70 slagit
360 2085 223 48 Riksdagen
623 2090 56 31 att
720 2084 56 36 till
817 2085 163 48 ändring
1021 2085 42 36 af
1098 2086 56 35 3:e
1194 2086 97 37 klass
1325 2087 298 46 pansarbdåtarna
1659 2088 141 35 Hildur
1836 2083 36 55 3:e
1892 2082 44 57 kl.
1952 2067 56 72 pan-

223 2138 100 48 Björn
363 2138 61 35 och
470 2113 120 59 Gerda
631 2136 140 49 bevilja
812 2141 55 31 ett
908 2136 134 48 anslag
1077 2137 42 35 af
1153 2138 164 45 600,000
1350 2136 141 37 kronor
1520 2137 69 36 och
1619 2137 110 37 däraf
1752 2141 48 46 på
1820 2150 100 29 Hildur,
1936 2150 79 29 Björn

205 2193 110 32 extra
344 2192 77 31 stat
451 2187 57 36 för
538 2191 41 32 år
610 2189 96 34 1908
735 2188 133 35 anvisa
896 2193 54 30 ett
978 2188 138 48 belopp
1147 2188 40 36 af
1213 2160 86 81 300,
1303 2189 74 35 000
1406 2188 150 36 kronor.
1836 2185 48 22 och
1903 2184 93 23 Gerda.

310 2239 432 49 Departementschefen
784 2239 69 36 har
893 2239 132 36 härom
1052 2239 55 36 till
1136 2216 214 73 åberopade
1379 2235 420 58 statsrådsprotokollet
1876 2221 94 72 [20.]

203 2296 122 43 yttrat
355 2290 182 48 följande:
