2208 2618
440 178 40 31 88
888 175 265 32 Statsutskottets
1183 175 177 32 Utlåtande
1383 177 68 31 N:o
1475 177 27 30 6.

501 262 74 36 För
615 262 257 37 bedömandet
908 262 41 37 af
973 262 339 47 anslagsbehofvet
1339 262 121 36 under
1488 274 46 23 en
1562 261 93 36 hvar
1683 261 41 36 af
1749 260 47 37 de
1823 274 76 35 nya
1928 274 64 23 an-

400 314 258 48 slagstitlarna
686 314 97 36 hade
812 313 408 49 marinförvaltningen
1248 313 83 37 låtit
1350 317 178 45 upprätta
1547 313 71 36 och
1638 312 284 37 öfverlämnade
1941 326 51 24 nu

398 366 155 49 uppgift
588 366 13 35 i
637 366 120 36 runda
799 366 52 36 tal
890 368 20 33 å
941 365 212 49 utgifterna
1179 365 59 36 för
1265 365 46 36 de
1339 365 58 36 till
1425 364 186 37 hvardera
1638 363 111 38 titeln
1776 364 216 49 hänförliga

399 418 190 36 behofven
625 417 122 38 under
784 421 40 33 år
863 419 109 35 1905.
1027 417 122 36 Däraf
1182 417 128 36 visade
1339 417 73 48 sig,
1441 421 55 32 att
1522 416 210 49 utgifterna
1759 416 166 36 nämnda
1953 419 40 33 år

398 470 60 36 för
485 469 294 50 uppvärmning,
808 469 216 49 belysning,
1052 468 244 48 renhållning
1319 474 100 31 samt
1437 473 115 31 tvätt-
1573 468 70 36 och
1662 467 331 49 badinrättningar

399 524 163 46 uppgått
589 521 57 36 till
673 521 13 35 i
713 521 113 37 rundt
854 521 53 36 tal
936 522 163 45 235,000
1128 521 141 35 kronor
1296 520 70 36 och
1395 520 124 48 öfriga
1546 520 210 47 utgifterna
1778 522 21 33 å
1818 519 175 48 anslaget

398 572 58 37 till
487 573 13 36 i
530 573 114 36 rundt
678 572 52 37 tal
765 574 163 46 113,050
956 573 155 46 kronor,
1140 572 266 36 motsvarande
1435 571 73 37 den
1541 571 103 37 förra
1672 570 130 37 siffran
1829 571 165 48 ungefär

401 625 46 35 ”'s
477 624 71 37 och
576 624 72 36 den
677 638 134 23 senare
842 625 46 38 !'/s:
914 624 41 36 af
971 624 315 49 totalutgifterna.
1343 623 409 48 Marinförvaltningen
1771 625 143 44 ansåge
1934 622 59 48 sig

398 675 237 38 fördenskull
671 676 128 37 kunna
836 676 164 47 förorda,
1037 681 55 31 att
1129 675 175 49 anslaget
1335 675 233 49 uppdelades
1602 674 97 37 efter
1731 674 73 36 den
1837 674 156 36 sålunda

397 728 108 49 gifna
532 740 169 24 normen.

502 779 137 37 Vidare
681 780 70 36 och
789 780 48 36 då
864 779 116 49 ingen
1010 779 207 48 anledning
1243 778 172 49 förelåge
1444 777 138 48 därtill,
1611 782 55 32 att
1694 777 212 48 utgifterna
1934 777 59 36 för

400 831 46 36 de
482 830 289 49 ifrågavarande
799 831 225 37 ändamålen
1052 830 121 37 skulle
1201 830 127 36 kunna
1356 830 227 36 hädanefter
1610 829 234 48 nedbringas
1875 829 118 36 under

398 883 101 36 hvad
528 882 46 36 de
602 884 146 48 utgjort
776 883 60 36 för
864 885 40 34 år
935 884 109 46 1905,
1074 882 71 36 och
1169 881 144 50 jämväl
1341 882 68 35 allt
1437 881 81 37 skäl
1547 881 188 36 saknades
1756 886 55 31 att
1830 880 163 49 uppföra

397 934 305 49 förslagsanslag
728 935 12 35 i
768 935 209 36 riksstaten
1004 934 87 36 med
1120 933 117 37 andra
1265 933 140 49 belopp
1433 938 49 31 än
1510 932 153 37 hvartill
1682 932 210 49 utgifterna
1907 932 85 36 med

400 985 48 37 all
477 985 241 37 sannolikhet
749 986 128 37 kunde
910 986 200 43 beräknas,
1138 986 70 35 har
1234 984 410 49 marinförvaltningen
1671 989 126 31 ansett
1826 984 62 48 sig
1902 983 92 37 böra

399 1037 64 36 vid
491 1037 283 49 uppdelningen
802 1040 93 46 utgå
914 1038 82 36 från
1025 1050 48 23 en
1101 1036 193 37 beräknad
1322 1036 284 48 utgiftssumma
1631 1036 41 36 af
1690 1036 13 35 i
1723 1035 204 37 afrundadt
1941 1034 52 37 tal

399 1090 161 42 348,000
589 1089 151 36 kronor.

502 1191 410 49 Marinförvaltningen
953 1191 69 36 har
1061 1190 235 37 fördenskull
1348 1189 206 46 hemställt,
1601 1194 56 32 att
1693 1188 144 50 Kungl.
1885 1189 108 48 Maj:t

399 1244 148 37 täcktes
575 1244 69 36 hos
671 1248 110 32 nästa
809 1243 159 48 riksdag
994 1242 93 36 äska
1114 1242 237 49 uppförande
1380 1242 61 36 för
1469 1244 40 33 år
1541 1243 96 34 1908
1667 1243 20 34 å
1714 1241 188 36 ordinarie
1918 1245 76 32 stat

401 1296 40 36 af
478 1301 55 31 ett
574 1295 305 49 förslagsanslag
921 1298 20 33 å
982 1295 165 47 235,000
1189 1294 141 36 kronor
1367 1293 57 36 till
1452 1293 293 50 uppvärmning,
1776 1292 216 50 belysning,

399 1347 244 49 renhållning
672 1352 97 31 samt
795 1352 117 31 tvätt-
941 1346 69 37 och
1038 1346 340 47 badinrättningar.

503 1399 51 37 På
596 1399 46 36 de
684 1399 40 36 af
752 1398 411 48 marinförvaltningen
1190 1397 160 37 anförda
1379 1396 83 37 skäl
1489 1397 58 36 får
1571 1397 70 48 jag
1669 1395 192 49 tillstyrka
1889 1395 104 37 bifall

398 1451 59 35 till
485 1450 100 37 hvad
613 1451 283 38 ämbetsverket
924 1449 156 37 sålunda
1106 1449 232 49 föreslagit.»

502 1554 206 47 Utskottet,
750 1566 82 24 som
874 1556 126 33 ansett
1029 1552 61 47 sig
1117 1552 93 36 böra
1237 1551 149 36 biträda
1414 1550 63 37 det
1505 1551 41 36 af
1570 1550 142 49 Kungl.
1743 1550 109 48 Maj:t
1879 1549 114 36 fram-

400 1606 136 36 ställda
578 1605 185 49 förslaget
805 1618 62 22 om
894 1603 241 50 uppdelande
1165 1603 40 36 af
1229 1603 63 36 det
1319 1603 13 36 i
1359 1602 204 37 riksstaten
1591 1602 190 49 uppförda
1808 1601 184 49 förslags-

399 1657 176 49 anslaget
615 1657 57 36 till
707 1655 345 38 »skrifmaterialier
1080 1655 71 36 och
1179 1668 196 36 expenser,
1405 1654 72 37 ved
1507 1668 45 22 m.
1583 1666 69 24 m.»
1680 1653 12 36 i
1720 1656 64 33 två
1811 1653 181 48 förslags-

399 1709 145 48 anslag,
587 1709 65 37 det
693 1722 70 23 ena
799 1708 58 36 till
893 1707 314 50 »uppvärmning,
1236 1706 217 49 belysning,
1482 1705 243 49 renhållning
1753 1709 98 32 samt
1878 1709 115 32 tvätt-

399 1761 70 36 och
510 1760 349 49 badinrättningar»
902 1759 70 37 och
1013 1758 63 37 det
1104 1758 117 37 andra
1248 1757 57 37 till
1333 1757 347 37 »skrifmaterialier
1708 1757 70 36 och
1807 1769 186 37 expenser

399 1826 47 22 m.
477 1824 80 35 m.»,
586 1813 69 36 har
682 1812 83 36 icke
794 1810 127 37 funnit
949 1810 210 49 anledning
1186 1810 57 36 till
1271 1809 152 37 erinran
1451 1814 80 31 mot
1559 1809 64 36 det
1651 1808 42 37 af
1716 1808 144 49 Kungl.
1886 1808 107 48 Maj:t

398 1864 120 36 under
546 1864 63 36 det
636 1863 264 37 förstnämnda
928 1862 40 36 af
993 1862 46 36 de
1067 1875 77 36 nya
1172 1861 185 49 anslagen
1381 1866 200 44 upptagna
1599 1860 182 49 beloppet
1800 1860 72 36 och
1890 1860 103 36 hem-

399 1915 127 37 ställer
554 1915 120 47 alltså,

902 1969 56 32 att
984 1964 219 48 Riksdagen
1231 1966 60 34 må
1319 1963 82 36 dels
1430 1977 44 22 ur
1500 1963 210 36 riksstaten
1739 1962 59 36 för
1827 1965 41 33 år
1895 1963 97 35 1908

797 2016 165 37 utesluta
990 2016 64 36 det
1080 2016 13 36 i
1120 2029 51 23 nu
1198 2014 177 50 gällande
1404 2014 156 37 riksstat
1587 2019 195 44 upptagna
1810 2013 183 49 förslags-

797 2068 175 48 anslaget
998 2068 58 36 till
1084 2066 327 38 skrifmaterialier
1440 2067 70 36 och
1539 2079 200 36 expenser,
1769 2066 73 36 ved
1870 2079 48 22 m.
1944 2078 47 22 m.

798 2122 21 34 å
850 2121 160 45 150,974
1038 2119 154 46 kronor,

902 2171 80 36 dels
1010 2171 70 36 ock
1107 2170 12 36 i
1147 2171 201 36 riksstaten
1377 2170 60 36 för
1465 2172 40 33 år
1535 2171 96 35 1908
1661 2171 21 34 å
1710 2168 189 37 ordinarie
1919 2171 74 32 stat

796 2223 164 49 uppföra
980 2227 54 32 ett
1052 2222 302 48 förslagsanslag
1372 2222 58 35 till
1448 2220 312 50 »uppvärmning,
1777 2218 215 50 belysning,

797 2274 244 49 renhållning
1069 2279 99 32 samt
1195 2278 115 33 tvätt-
1330 2273 71 37 och
1422 2272 347 48 badinrättningar»
1790 2274 20 34 å
1830 2270 164 47 235,000

797 2326 154 36 kronor.
