1838 2786
482 171 123 40 Tredje
629 171 247 40 lagutskottets
899 172 178 29 utlåtande
1111 181 43 20 nr
1176 172 49 30 11.
1587 171 17 31 7

100 257 64 29 och
191 256 342 39 förutsättningarna
559 256 54 30 för
639 256 342 39 bostadsbyggandet
1008 256 54 31 för
1088 256 218 29 närvarande
1333 255 168 30 framstår
1528 263 74 21 som

98 307 259 38 jämförelsevis
381 307 98 39 goda,
504 306 110 30 måste
638 315 84 21 man
746 307 88 29 dock
857 306 112 31 räkna
991 306 79 30 med
1095 308 50 29 att
1170 306 57 30 det
1252 307 93 29 ännu
1371 306 158 29 kommer
1553 305 50 30 att

100 358 102 40 dröja
228 359 108 29 innan
363 358 159 29 normala
548 358 247 29 förhållanden
820 358 72 29 kan
918 357 214 30 återinträda
1159 356 46 41 på
1229 357 373 30 bostadsmarknaden.

99 408 78 31 Med
202 408 138 40 hänsyn
364 408 120 30 härtill
510 409 37 29 är
572 409 57 29 det
654 408 263 40 ofrånkomligt,
943 410 50 29 att
1018 407 266 41 lagstiftningen
1310 416 56 21 om
1391 407 213 39 hyresregle-

100 459 77 40 ring
198 478 46 3 —
264 459 409 40 hyresregleringslagen,
696 459 480 39 bostadsrättskontrollagen
1200 459 64 29 och
1287 459 100 39 lagen
1409 458 80 30 med
1511 457 94 31 vissa

96 509 265 32 bestämmelser
382 519 56 21 om
461 510 175 39 hyresrätt
657 510 58 31 vid
737 510 237 31 hemskillnad
995 510 81 30 eller
1097 509 372 41 äktenskapsskillnad
1491 518 45 21 m.
1558 518 45 20 m.

99 577 44 4 —
161 560 176 39 förlänges
357 560 55 32 för
430 560 199 40 ytterligare
649 562 48 28 ett
716 560 48 30 år.
784 560 230 39 Hyresrådets
1034 560 132 40 förslag
1184 560 125 30 härom
1327 559 65 31 har
1412 558 106 32 också
1536 558 69 32 till-

101 610 133 40 styrkts
256 611 81 30 eller
359 611 152 30 lämnats
533 612 85 28 utan
641 611 141 30 erinran
803 611 11 29 i
837 611 162 40 samtliga
1020 611 325 39 remissyttranden.

142 662 68 29 Till
229 671 42 20 en
291 662 54 39 lag
365 671 58 20 om
443 662 224 40 förlängning
686 671 41 21 av
745 663 398 38 hyresregleringslagen
1163 662 108 34 torde,
1291 662 128 29 liksom
1440 661 57 30 vid
1515 661 91 30 före-

100 712 131 39 gående
261 712 419 40 förlängningstillfällen,
710 713 85 30 böra
824 712 98 40 fogas
951 713 457 39 övergångsbestämmelser
1437 721 42 21 av
1509 712 96 29 inne-

98 763 97 34 börd,
227 764 50 28 att
305 763 159 30 ansökan
494 772 56 20 om
579 763 226 40 förlängning
833 772 41 21 av
905 763 327 40 hyresförhållande
1261 763 82 30 eller
1372 762 232 39 övertagande

99 822 42 21 av
169 813 186 39 hyresrätt,
388 822 74 21 som
492 822 98 21 avser
620 813 51 30 tid
700 813 88 30 efter
818 813 118 40 lagens
965 813 281 31 hittillsvarande
1278 812 239 40 giltighetstid,
1547 812 58 30 må

100 864 101 38 göras
228 863 95 30 inom
348 864 70 30 viss
445 864 139 29 kortare
610 864 51 30 tid
686 864 89 30 efter
802 864 58 30 det
886 864 345 39 förlängningslagen
1258 865 84 28 trätt
1368 864 11 29 i
1407 863 105 30 kraft.
1539 863 65 30 Det

98 914 99 29 torde
219 914 121 30 kunna
364 914 183 34 beräknas,
571 915 50 28 att
644 914 346 40 förlängningslagen
1013 914 70 30 kan
1106 914 101 30 träda
1231 914 10 29 i
1265 914 96 30 kraft
1384 914 67 30 den
1476 914 15 29 1
1515 913 89 41 april

101 963 115 31 1954.»

503 1084 337 41 Hyressättningen
865 1085 11 32 i
901 1085 195 40 nybyggda
1118 1084 83 33 hus.

141 1166 167 30 Gällande
333 1167 266 29 bestämmelser.
627 1166 242 37 Grundhyran,
895 1166 32 30 d.
953 1176 31 20 v.
1011 1175 26 21 s.
1062 1167 66 29 den
1154 1166 87 37 hyra
1269 1175 75 21 som
1369 1165 235 38 hyresvärden

97 1216 145 40 jämlikt
260 1217 399 39 hyresregleringslagen
679 1217 76 29 icke
775 1217 54 29 får
849 1216 213 35 överskrida,
1083 1217 192 30 fastställes
1296 1227 41 20 av
1357 1216 248 40 hyresnämnd,

100 1267 144 30 särskilt
261 1268 54 29 för
331 1268 98 39 varje
446 1268 171 38 lägenhet.
645 1267 117 40 Enligt
780 1268 18 29 3
818 1267 15 37 8
852 1268 399 39 hyresregleringslagen
1269 1268 90 29 skall
1378 1268 228 39 grundhyran

100 1318 55 29 för
177 1318 161 39 lägenhet
361 1319 10 29 i
394 1318 151 39 nybyggt
567 1318 67 30 hus
658 1318 193 30 fastställas
875 1318 54 31 till
951 1318 58 30 det
1032 1318 136 40 belopp,
1194 1327 73 21 som
1290 1318 79 30 med
1393 1319 137 38 hänsyn
1553 1318 53 29 till

99 1368 421 39 byggnadskostnaderna
537 1369 64 29 och
619 1368 118 40 övriga
755 1369 298 39 omständigheter
1070 1369 117 30 finnes
1206 1369 137 39 skäligt.
1361 1369 168 29 Närmare
1547 1377 60 21 an-

99 1419 181 39 visningar
299 1419 55 29 för
375 1419 218 29 förfarandet
613 1419 64 29 har
698 1419 191 30 meddelats
911 1419 10 29 i
942 1421 131 28 statens
1094 1419 187 39 hyresråds
1303 1419 155 29 cirkulär
1478 1419 66 29 den
1567 1418 39 30 14

100 1469 157 29 februari
284 1469 93 30 1946.
403 1469 118 39 Enligt
544 1470 95 29 detta
664 1470 62 29 bör
751 1470 293 38 hyresnämnden,
1070 1469 44 30 då
1139 1470 58 29 det
1224 1470 105 38 gäller
1356 1471 50 28 att
1432 1469 175 30 fastställa

101 1520 222 39 grundhyror
344 1520 11 28 i
376 1520 77 33 hus,
476 1519 54 30 för
551 1520 106 30 vilket
679 1519 162 40 beviljats
864 1520 135 29 tertiär-
1021 1520 63 29 och
1107 1520 209 39 tilläggslån,
1340 1519 11 29 i
1373 1520 92 39 regel
1486 1520 121 29 kunna

100 1570 195 29 inskränka
314 1570 53 39 sig
385 1570 53 30 till
457 1572 50 27 att
526 1570 43 39 på
587 1570 42 29 de
649 1570 175 30 särskilda
843 1571 246 38 lägenheterna
1109 1570 135 30 fördela
1264 1570 66 30 den
1350 1571 256 38 hyressumma,

100 1629 76 20 som
196 1620 149 39 angivits
364 1620 11 29 i
396 1620 238 30 lånebeslutet.

144 1670 152 30 Tertiär-
318 1671 65 29 och
405 1671 198 38 tilläggslån
626 1671 147 39 beviljas
797 1681 42 20 av
863 1671 316 39 bostadsstyrelsen
1203 1672 91 33 eller,
1319 1671 11 30 i
1353 1671 93 31 vissa
1469 1671 72 34 fall,
1565 1680 42 21 av

101 1720 369 31 länsbostadsnämnd.
503 1722 12 28 I
548 1722 229 29 lånebeslutet
807 1722 192 30 fastställes
1028 1740 44 3 —
1102 1722 116 30 såsom
1250 1724 47 28 ett
1329 1722 206 30 lånevillkor
1564 1740 44 3 —

99 1770 67 30 den
192 1771 265 39 sammanlagda
483 1772 107 39 årliga
616 1773 255 38 hyressumma,
897 1781 76 21 som
997 1772 100 40 högst
1123 1773 55 30 får
1203 1775 137 37 uttagas
1366 1773 55 30 för
1447 1773 160 39 lägenhe-

101 1822 100 29 terna
218 1822 10 29 i
246 1821 221 39 fastigheten.

145 1871 53 29 Då
216 1871 239 39 hyresnämnd
473 1872 88 29 skall
578 1872 174 30 fastställa
772 1873 227 39 grundhyran
1016 1873 53 29 för
1088 1873 199 38 lägenheter
1306 1873 9 29 i
1333 1873 77 34 hus,
1430 1883 74 20 som
1522 1882 85 31 upp-

101 1921 89 29 förts
208 1923 85 28 utan
310 1922 77 29 stöd
404 1931 42 20 av
462 1922 139 38 statliga
619 1922 68 34 lån,
705 1923 64 30 har
786 1923 178 29 nämnden
981 1925 50 27 att
1047 1924 195 30 bestämma
1259 1924 67 29 den
1343 1924 265 39 anskaffnings-

101 1972 152 29 kostnad
269 1971 54 30 för
338 1972 221 39 fastigheten,
576 1982 75 20 som
668 1973 177 29 nämnden
861 1982 102 21 anser
979 1973 50 39 sig
1045 1974 121 29 kunna
1183 1974 147 39 godtaga
1347 1983 75 20 som
1439 1974 169 39 underlag

102 2022 54 29 för
172 2022 288 38 grundhyrornas
475 2023 274 30 bestämmande.
766 2024 184 29 Nämnden
964 2024 173 30 beräknar
1154 2025 153 29 därefter
1323 2024 108 39 årliga
1448 2025 160 40 beloppet

101 2082 42 19 av
161 2072 73 29 dels
251 2072 112 39 skälig
378 2073 223 39 förräntning
616 2083 43 20 av
674 2074 447 39 anskaffningskostnaden
1139 2075 64 29 och
1221 2075 72 29 dels
1310 2075 297 29 omkostnaderna

102 2123 54 28 för
185 2122 211 38 fastigheten
424 2123 171 30 inklusive
622 2124 321 39 värdeminskning,
972 2125 385 38 förvaltningskostnad
1385 2126 64 28 och
1476 2126 133 29 oförut-

102 2172 107 29 sedda
229 2172 153 39 utgifter.
405 2174 269 37 Sammanlagda
694 2174 220 40 årsbeloppet
934 2176 168 38 uppdelas
1124 2176 163 38 slutligen
1307 2176 44 38 på
1372 2176 41 28 de
1435 2176 171 29 särskilda

102 2222 247 37 lägenheterna
375 2223 88 28 efter
489 2223 98 29 deras
616 2224 161 29 inbördes
804 2225 221 38 hyresvärde.
1052 2224 87 31 Över
1166 2226 301 37 hyresnämndens
1495 2226 112 29 beslut

103 2271 69 28 kan
194 2272 126 38 klagan
342 2272 94 29 föras
458 2273 62 29 hos
541 2274 214 37 hyresrådet.

145 2371 517 34 Hyresregleringskommittén.
687 2373 208 29 Kommittén
920 2374 210 33 framhåller,
1157 2376 47 27 att
1228 2375 64 29 den
1317 2375 198 29 nuvarande
1540 2384 68 20 me-

103 2422 102 28 toden
233 2422 54 28 för
313 2422 260 38 hyressättning
601 2424 37 27 är
668 2424 144 28 förenad
839 2425 77 28 med
946 2425 88 28 vissa
1064 2425 74 30 icke
1166 2426 212 38 oväsentliga
1409 2426 197 33 nackdelar,

103 2473 91 27 samt
218 2472 138 32 uttalar,
381 2473 48 28 att
453 2474 46 27 ett
525 2473 153 29 tekniskt
702 2474 139 29 betonat
864 2475 195 37 avgörande
1082 2475 129 37 åligger
1236 2485 39 19 en
1300 2476 119 28 därför
1445 2476 72 29 icke
1543 2476 65 29 till-
