1888 2778
303 160 38 29 14
649 163 287 31 Statsutskottets
954 165 178 30 utlåtande
1149 175 42 20 nr
1209 169 62 28 116
1287 167 38 29 år
1343 168 81 29 1961

300 250 169 35 styrelsen
486 253 122 28 utövar
624 252 10 29 i
652 252 219 31 förhållande
887 255 52 28 till
958 255 265 30 kommunerna.
1242 256 196 37 Självfallet
1455 259 40 28 är
1511 259 56 28 det
1583 276 43 3 —
1643 259 142 30 konsta-

299 304 92 28 terar
412 304 215 30 revisorerna
645 322 46 5 —
709 315 42 20 ur
772 306 124 38 många
917 309 219 36 synpunkter
1155 310 179 35 önskvärt,
1356 312 50 28 att
1426 311 259 31 vederbörande
1708 321 77 21 cen-

299 356 88 30 trala
406 357 138 38 statliga
562 359 203 36 myndighet
783 360 68 29 kan
871 360 87 37 följa
976 361 65 30 den
1060 362 227 30 kommunala
1304 364 279 30 verksamheten.
1602 365 78 30 Med
1699 365 86 30 hän-

300 418 62 28 syn
387 409 121 31 härtill
535 411 38 29 är
599 412 56 29 det
682 413 86 29 även
796 414 213 37 nödvändigt
1035 416 51 28 att
1112 416 143 37 avlägga
1282 416 106 30 besök
1415 417 45 36 på
1485 418 148 36 platsen.
1661 419 123 29 Denna

299 462 114 30 lokala
434 463 153 37 tillsyns-
605 465 66 29 och
691 465 351 32 besöksverksamhet
1062 477 102 28 synes
1187 469 87 30 dock
1295 470 107 36 enligt
1425 471 216 30 revisorerna
1662 472 121 29 kunna

297 516 200 37 begränsas.
521 517 249 38 Utvecklingen
794 519 64 30 har
882 520 148 30 sålunda
1055 521 69 30 fört
1149 523 79 29 med
1252 523 61 36 sig,
1338 524 51 29 att
1412 524 258 30 kommunerna
1694 525 91 30 efter

297 569 94 30 hand
417 569 100 31 blivit
544 570 61 30 allt
630 571 115 31 bättre
772 574 140 29 rustade
936 591 46 4 —
1008 575 94 29 såväl
1129 576 190 36 personellt
1346 585 75 21 som
1449 578 186 29 materiellt
1660 595 46 5 —
1732 580 51 28 att

296 622 141 30 handha
459 624 76 29 dem
556 624 161 31 åvilande
736 626 186 37 uppgifter.
941 626 93 31 Även
1054 637 41 20 en
1117 628 109 30 sådan
1248 629 118 29 faktor
1386 631 140 29 noteras
1549 640 72 20 som
1644 633 51 28 att
1716 633 66 28 den

296 675 146 38 tidigare
465 677 210 37 isoleringen
699 678 256 31 kommunerna
979 681 147 29 emellan
1151 681 140 37 brutits,
1314 683 108 30 vilket
1447 683 152 30 medfört
1622 693 44 21 en
1690 685 92 29 ökad

296 729 296 31 interkommunal
613 731 189 31 stimulans
823 734 50 28 att
893 733 94 30 hålla
1007 734 121 36 jämna
1150 736 73 37 steg
1244 736 11 29 i
1275 736 254 38 utvecklingen.
1553 737 229 31 Revisorerna

296 782 135 30 erinrar
448 783 119 30 vidare
586 793 57 20 om
663 785 67 29 den
750 785 186 37 betydelse,
957 795 74 21 som
1053 787 390 32 kommunförbundens
1464 790 219 31 omfattande
1706 791 76 30 råd-

294 835 175 38 givnings-
486 837 65 29 och
569 838 456 37 upplysningsverksamhet
1042 840 74 30 har.

338 889 64 30 Det
421 889 58 30 må
498 890 231 36 konstateras,
748 893 51 28 att
817 892 123 37 frågan
958 901 57 21 om
1034 894 65 29 den
1118 895 140 37 statliga
1275 895 166 37 tillsynen
1460 897 81 29 över
1559 897 224 31 kommuner-

294 951 45 21 na
355 944 113 29 under
484 953 121 21 senare
622 944 38 30 år
678 946 345 36 uppmärksammats
1040 948 12 29 i
1070 948 113 30 skilda
1202 950 266 37 sammanhang.
1487 952 122 29 Denna
1626 951 155 37 tillsyns-

292 996 225 31 verksamhet
535 997 64 30 har
618 999 86 29 nära
725 999 168 30 samband
914 1001 79 29 med
1014 1001 65 30 den
1100 1002 140 37 statliga
1259 1002 329 39 bidragsgivningen
1608 1004 53 30 till
1684 1005 97 30 kom-

294 1058 182 27 munerna,
496 1051 93 29 vilka
609 1051 112 31 måste
741 1052 154 38 iakttaga
916 1054 41 29 de
976 1054 94 30 olika
1089 1054 264 32 bestämmelser
1373 1065 75 21 som
1468 1057 162 30 utfärdas
1649 1059 12 28 i
1681 1058 98 37 fråga

293 1111 56 20 om
368 1102 343 39 förutsättningarna
730 1106 64 29 och
815 1106 177 30 formerna
1012 1107 55 30 för
1085 1108 186 37 bidragens
1290 1110 237 36 utnyttjande.
1548 1111 64 30 Det
1632 1112 40 29 är
1692 1112 88 29 dock

293 1155 74 31 icke
385 1156 95 30 detta
496 1158 285 37 grundläggande
798 1160 183 36 spörsmål,
999 1169 74 21 som
1092 1161 217 31 revisorerna
1328 1163 109 37 ägnar
1454 1164 326 36 uppmärksamhet,

293 1210 85 28 utan
401 1209 125 38 frågan
549 1211 93 30 vilka
664 1212 224 37 möjligheter
910 1222 74 21 som
1009 1213 95 31 finns
1128 1216 51 28 att
1201 1215 96 29 inom
1321 1224 120 21 ramen
1466 1216 56 30 för
1544 1218 57 29 det
1625 1217 154 31 rådande

294 1264 165 34 systemet
485 1264 170 37 begränsa
681 1265 66 29 och
774 1266 242 30 rationalisera
1043 1268 65 28 den
1136 1268 116 30 lokala
1279 1269 154 37 tillsyns-
1460 1270 65 29 och
1552 1270 227 31 besöksverk-

293 1315 180 31 samheten
491 1317 45 37 på
556 1318 56 29 det
632 1318 129 30 sociala
780 1319 167 31 området.

335 1369 49 30 De
406 1378 42 21 av
470 1370 217 31 revisorerna
709 1371 147 31 anförda
879 1374 266 36 synpunkterna
1168 1375 39 29 är
1229 1384 41 21 av
1292 1384 95 21 mera
1410 1376 132 30 allmän
1564 1377 64 29 och
1651 1378 128 36 princi-

291 1422 80 36 piell
396 1422 178 31 karaktär.
599 1425 65 30 Det
689 1426 170 34 material,
885 1435 74 21 som
985 1427 100 30 deras
1109 1428 182 30 uttalande
1314 1429 145 29 baserar
1483 1430 51 37 sig
1558 1430 54 37 på,
1639 1432 39 28 är
1703 1431 75 30 icke

291 1475 108 30 heller
422 1485 43 21 av
489 1477 65 29 den
578 1479 54 28 art
656 1479 51 28 att
732 1479 56 29 det
813 1480 68 28 kan
906 1480 90 39 ligga
1020 1481 51 29 till
1097 1482 113 36 grund
1236 1481 55 30 för
1315 1482 109 37 några
1449 1484 163 29 närmare
1637 1484 140 30 bedöm-

290 1529 125 37 ningar
434 1539 43 20 av
497 1530 121 38 frågan
639 1531 11 29 i
669 1532 66 29 vad
756 1532 81 29 mån
857 1533 64 29 och
941 1533 11 29 i
972 1533 94 30 vilka
1087 1535 193 29 avseenden
1303 1536 298 37 socialstyrelsens
1622 1537 156 37 tillsyns-

289 1582 224 31 verksamhet
538 1584 62 30 bör
625 1585 213 30 inskränkas
864 1595 89 28 resp.
978 1594 58 30 ges
1061 1596 42 21 en
1129 1596 119 21 annan
1273 1588 231 39 utformning.
1531 1591 121 29 Denna
1677 1592 100 29 verk-

290 1636 136 30 samhet
444 1637 192 30 innefattar
654 1647 43 20 en
717 1639 62 29 rad
798 1639 113 30 skilda
929 1640 179 36 områden,
1126 1641 65 30 och
1209 1641 118 31 vilken
1346 1642 170 30 karaktär
1534 1644 66 29 den
1619 1644 64 29 bör
1701 1644 45 30 ha
1767 1646 9 28 i

290 1697 87 29 resp.
398 1689 62 30 fall
481 1690 56 30 får
555 1690 144 37 givetvis
719 1693 187 36 övervägas
926 1694 78 29 med
1023 1693 266 38 utgångspunkt
1309 1695 79 30 från
1409 1696 41 29 de
1471 1696 174 30 särskilda
1666 1697 111 30 förut-

289 1743 254 37 sättningarna.

331 1795 74 30 Vad
429 1797 216 30 revisorerna
668 1798 119 30 anfört
807 1807 58 29 ger
888 1800 170 30 utskottet
1080 1801 188 37 anledning
1291 1802 214 36 konstatera,
1528 1805 50 27 att
1601 1804 56 29 det
1679 1813 95 21 mera

287 1848 284 32 kontrollerande
594 1851 149 37 inslaget
767 1852 10 29 i
802 1853 64 29 den
892 1853 116 30 lokala
1031 1854 154 37 tillsyns-
1208 1854 65 30 och
1297 1855 397 32 besöksverksamheten
1719 1858 55 29 väl

287 1902 75 30 icke
379 1902 74 30 helt
472 1904 98 29 torde
588 1904 122 30 kunna
729 1905 186 30 undvaras.
936 1906 152 31 Bortsett
1107 1907 81 30 från
1208 1909 50 28 att
1278 1908 400 39 statsbidragssystemet
1699 1920 75 21 som

288 1955 124 30 sådant
429 1955 207 32 förutsätter
652 1966 43 21 en
712 1958 72 29 viss
801 1959 83 36 grad
903 1968 42 21 av
962 1959 152 30 kontroll
1133 1960 38 30 så
1188 1961 164 30 inverkar
1370 1963 88 28 även
1477 1963 110 30 andra
1606 1963 168 31 faktorer.

287 2009 64 29 Det
375 2009 58 30 må
458 2009 66 30 här
548 2011 122 29 endast
697 2011 134 30 erinras
856 2021 56 20 om
940 2013 56 29 det
1023 2013 235 31 förhållandet
1285 2016 50 28 att
1361 2015 412 36 primärkommunernas

286 2061 229 32 ekonomiska
542 2064 64 29 och
632 2065 196 36 personella
857 2074 156 21 resurser
1039 2067 156 29 varierar
1221 2067 63 30 och
1312 2069 51 28 att
1390 2069 122 30 därför
1538 2070 106 30 också
1672 2071 101 29 deras

286 2115 223 37 möjligheter
534 2118 50 29 att
609 2126 97 21 mera
733 2118 246 38 självständigt
1004 2119 82 37 påta
1113 2120 51 38 sig
1190 2122 49 29 ett
1266 2130 127 21 ansvar
1420 2121 56 31 för
1500 2122 148 31 berörda
1673 2124 100 29 verk-

286 2169 282 40 samhetsgrenar
587 2170 130 31 växlar.
738 2172 14 28 I
773 2172 94 29 detta
885 2172 199 31 hänseende
1104 2174 98 29 torde
1223 2174 89 30 dock
1330 2175 114 30 bättre
1465 2176 209 38 betingelser
1695 2177 78 30 ska-

284 2230 61 28 pas
360 2230 126 29 genom
501 2224 64 29 den
581 2223 314 37 kommunreform,
910 2234 75 20 som
999 2234 47 21 nu
1062 2226 209 31 förberedes.

328 2275 65 30 Om
411 2284 83 22 man
513 2276 147 31 sålunda
678 2277 232 36 konstaterar,
928 2280 51 29 att
995 2288 42 21 en
1055 2280 92 29 lokal
1165 2281 154 36 tillsyns-
1337 2282 64 29 och
1418 2282 353 32 besöksverksamhet

285 2328 153 37 alltjämt
460 2330 111 30 måste
593 2331 135 35 utövas,
751 2331 38 30 så
811 2332 38 29 är
871 2332 57 29 det
950 2332 19 30 å
992 2333 108 29 andra
1123 2334 101 29 sidan
1246 2335 169 37 naturligt
1437 2337 51 28 att
1510 2336 113 30 denna
1647 2337 10 29 i
1679 2337 91 30 ökad

283 2382 246 38 utsträckning
547 2383 111 30 siktar
675 2384 53 29 till
747 2384 228 31 information
994 2386 64 29 och
1077 2386 214 39 rådgivning.
1311 2388 130 30 Värdet
1460 2398 42 21 av
1519 2399 42 20 en
1580 2390 44 37 på
1644 2390 38 30 så
1702 2391 69 29 sätt

283 2435 153 30 inriktad
464 2436 91 29 lokal
581 2436 364 37 tillsynsverksamhet
969 2439 65 29 har
1058 2440 75 29 icke
1157 2440 109 30 heller
1291 2440 204 38 ifrågasatts
1522 2451 40 21 av
1588 2443 115 37 någon
1729 2452 41 22 av
