2170 2630
421 137 18 30 8
841 138 342 32 Jordbruksutskottets
1208 140 161 32 utlåtande
1394 142 50 30 Nr
1468 143 29 28 1.

506 214 15 30 I
545 213 94 41 fråga
663 225 51 21 om
738 214 62 32 den
823 216 322 39 överenskommelse,
1170 227 71 21 som
1264 218 129 32 träffats
1416 219 122 38 därom,
1564 221 49 31 att
1636 220 209 34 Stockholms
1861 234 113 30 super-

377 256 417 42 fosfatfabriksaktiebolag
828 258 84 32 skall
934 263 62 36 äga
1020 261 68 31 rätt
1111 262 50 30 att
1183 260 52 32 för
1258 260 71 33 sina
1352 262 187 32 leveranser
1561 262 73 33 från
1657 263 191 34 Gäddviken
1870 267 43 40 på
1936 267 38 31 de

377 300 88 32 olika
498 300 144 32 skånska
665 300 204 33 fabrikernas
891 302 181 32 bekostnad
1094 303 242 41 tillgodoräkna
1359 305 50 41 sig
1432 307 49 30 ett
1503 305 77 41 pris,
1605 317 69 21 som
1697 307 75 32 med
1796 308 19 31 3
1839 313 55 29 öre
1916 320 58 31 per

376 345 136 39 procent
546 346 128 30 vatten-
709 344 61 32 och
805 344 195 42 citratlöslig
1032 346 181 42 fosforsyra
1248 348 180 41 överstiger
1457 349 147 32 härovan
1626 351 143 32 fixerade
1794 353 179 41 grundpris,

376 387 85 31 skall
494 387 182 41 avräkning
714 387 119 33 mellan
866 389 139 32 nämnda
1038 390 97 41 bolag
1157 391 61 32 och
1241 390 250 41 ifrågavarande
1514 392 144 33 skånska
1680 394 108 41 bolag,
1812 396 162 40 nämligen

376 430 223 42 aktiebolaget
622 430 146 33 Svenska
791 431 274 42 konstgödnings-
1089 434 60 32 och
1173 434 387 41 svavelsyrefabrikerna,
1585 436 149 34 Skånska
1758 439 214 41 superfosfat-

376 473 61 32 och
470 474 539 42 svavelsyrefabriksaktiebolaget
1042 479 86 30 samt
1149 477 352 43 Landskronabolaget,
1526 479 58 32 ske
1606 490 117 29 genom
1747 481 226 42 försäljnings-

375 514 131 43 bolaget
529 518 84 32 efter
635 518 281 33 kontraktstidens
939 520 75 31 slut.

504 562 101 31 Detta
627 561 158 32 kontrakt
808 562 84 32 skall
914 563 51 31 för
988 564 51 31 att
1061 564 86 40 gälla
1171 565 105 31 förses
1299 565 72 32 med
1394 566 235 40 godkännande
1652 577 41 21 av
1717 567 148 33 Svenska
1887 569 85 32 lant-

374 609 154 28 männens
552 604 235 33 riksförbund.»

504 682 133 37 Såsom
681 697 46 22 av
768 684 108 37 dessa
915 685 225 49 handlingar
1181 687 178 48 framgår,
1401 688 67 36 har
1509 688 63 36 det
1599 690 261 47 utgångspris,
1890 692 82 36 från

375 735 115 36 vilket
517 735 251 36 reduktionen
796 736 214 48 beräknats,
1038 739 145 48 utgjort
1211 751 66 36 per
1304 745 153 42 procent
1485 746 141 30 vatten-
1655 741 70 35 och
1748 741 225 50 citratlöslig

375 786 208 49 fosforsyra
601 788 44 34 79
663 787 39 39 +
723 789 44 34 15
784 793 64 31 öre
863 802 40 11 =
920 790 47 34 94
996 794 75 42 öre,
1092 790 265 37 motsvarande
1376 791 57 36 för
1454 792 267 48 20-procentig
1732 806 90 23 vara
1832 793 140 38 kronor

378 839 108 35 18.30
517 838 70 36 och
616 838 58 36 för
704 840 264 48 19-procentig
994 854 90 23 vara
1115 841 139 36 kronor
1284 844 121 35 17.86.
1456 842 83 37 Den
1560 843 117 36 första
1697 844 135 48 frågan
1851 850 41 31 är
1910 846 59 46 då,

374 889 186 36 huruvida
602 890 102 36 detta
744 892 246 47 utgångspris
1032 898 41 30 är
1113 893 142 48 skäligt
1297 894 89 36 eller
1427 907 60 23 om
1522 895 63 35 det
1621 895 159 36 innebär
1809 896 57 36 för
1894 902 78 31 stor

374 940 146 37 förmån
562 940 56 38 för
659 942 45 36 de
745 942 248 38 tillverkande
1021 944 172 48 bolagen.
1250 945 121 36 Innan
1399 951 123 31 staten
1550 946 124 36 träder
1702 947 174 48 emellan,
1904 949 68 36 bör

375 992 192 48 nämligen
601 993 240 37 fabrikanten
873 995 95 48 själv
996 996 98 35 hava
1122 996 103 49 gjort
1253 997 67 35 allt
1347 997 72 36 vad
1449 1011 47 22 av
1525 998 137 36 honom
1692 998 177 49 rimligen
1896 1000 72 36 kan

374 1043 145 37 fordras
544 1044 58 36 för
629 1050 55 31 att
712 1045 229 49 tillmötesgå
969 1047 313 37 konsumtionens
1310 1049 92 35 krav
1429 1052 49 45 på
1505 1048 125 49 billigt
1657 1050 90 48 pris.
1801 1050 73 37 Det
1901 1052 69 36 bör

375 1095 212 48 anmärkas,
618 1102 53 31 att
699 1097 83 35 från
811 1097 300 37 fabrikanternas
1140 1099 81 36 sida
1251 1100 155 43 anförts,
1432 1106 56 30 att
1507 1100 102 37 detta
1627 1103 248 48 utgångspris
1894 1103 75 36 kan

375 1160 46 22 av
463 1147 84 36 dem
575 1148 223 47 godkännas
836 1149 130 36 endast
993 1150 118 36 under
1140 1150 283 50 förutsättning,
1454 1158 53 30 att
1534 1165 138 36 genom
1702 1153 184 37 särskilda
1915 1157 54 33 åt-

374 1198 136 48 gärder
551 1200 294 48 superfosfatens
886 1202 245 48 användning
1159 1203 218 48 uppdrives,
1407 1206 39 33 så
1475 1209 56 30 att
1558 1204 258 37 kostnaderna
1843 1206 127 36 kunna

374 1250 162 36 fördelas
563 1254 49 45 på
639 1264 45 23 en
713 1257 79 31 stor
820 1253 243 49 omsättning.

502 1302 267 49 Nyssnämnda
810 1304 107 48 fråga
958 1304 67 36 har
1066 1305 243 49 naturligtvis
1350 1307 98 35 varit
1489 1307 155 36 föremål
1686 1308 58 35 för
1782 1309 186 48 ingående

374 1353 247 49 utredningar
649 1355 69 36 och
746 1355 347 49 underhandlingar
1121 1357 137 36 mellan
1286 1358 338 36 kommissionerna
1652 1359 70 36 och
1751 1360 109 36 deras
1882 1361 85 36 sak-

373 1405 170 48 kunniga
570 1411 98 30 samt
696 1406 173 49 bolagen.
917 1407 72 36 Det
1016 1408 107 37 torde
1150 1408 83 37 icke
1256 1422 91 23 vara
1365 1410 236 49 nödvändigt
1620 1415 56 31 att
1694 1411 71 36 här
1784 1411 184 49 redogöra

374 1456 57 36 för
458 1456 63 37 det
548 1461 170 33 närmare
745 1458 188 49 förloppet
961 1473 46 22 av
1036 1459 107 37 dessa
1172 1460 297 49 förhandlingar,
1501 1462 63 36 vid
1592 1462 101 36 vilka
1723 1476 87 22 man
1831 1476 137 36 genom

372 1508 181 48 utförliga
581 1508 265 49 beräkningar,
875 1510 304 49 framläggandet
1206 1525 48 22 av
1283 1512 197 47 slutnotor,
1510 1513 204 37 fraktavtel
1741 1528 48 21 m.
1812 1528 47 22 m.
1885 1515 83 36 sökt

372 1559 115 36 vinna
528 1573 47 23 en
616 1563 42 33 så
700 1561 217 50 tillförlitlig
944 1563 188 48 grundval
1161 1563 56 36 för
1244 1564 314 49 prissättningen,
1588 1578 79 23 som
1694 1566 102 36 varit
1824 1567 141 48 möjlig.

372 1610 73 37 Det
486 1615 61 33 må
586 1612 205 37 emellertid
834 1619 168 41 nämnas,
1045 1619 55 31 att
1141 1615 61 36 det
1244 1615 178 49 slutligen
1456 1617 301 36 överenskomna
1786 1618 115 48 priset
1928 1622 40 31 är

370 1663 199 37 resultatet
610 1677 47 22 av
699 1664 81 36 från
811 1670 103 31 ömse
941 1665 75 37 håll
1044 1666 184 49 vidtagna
1252 1667 246 48 jämkningar
1525 1669 11 34 i
1566 1668 45 36 de
1639 1668 62 36 vid
1731 1669 236 36 underhand-

371 1714 195 49 lingarnas
604 1715 132 49 början
769 1716 243 49 kalkylerade
1040 1718 125 48 prisen
1194 1725 99 29 samt
1321 1724 55 30 att
1402 1719 256 37 kostnaderna
1684 1720 98 36 visat
1810 1721 157 36 tendens

370 1766 57 35 till
467 1766 224 49 fortgående
733 1768 176 48 stegring
941 1769 65 36 allt
1034 1769 94 36 efter
1156 1783 80 23 som
1266 1770 103 36 tiden
1398 1771 223 36 fortskridit.
1679 1771 127 37 Sedan
1833 1772 134 36 under-

371 1817 297 49 handlingarnas
709 1818 134 49 början
870 1820 12 35 i
909 1820 157 36 oktober
1109 1823 96 34 1916
1251 1821 68 36 har
1359 1822 144 37 således
1547 1825 97 34 måst
1685 1822 203 37 beräknats
1921 1837 46 23 en

371 1868 329 50 kostnadsökning
737 1883 46 23 av
816 1871 177 49 omkring
1022 1873 47 35 60
1098 1877 62 31 öre
1187 1886 67 36 per
1290 1874 71 36 100
1394 1873 186 49 kilogram
1613 1874 58 36 för
1705 1876 262 48 19-procentig

371 1921 240 48 superfosfat.
659 1921 15 36 I
703 1921 249 38 betraktande
981 1937 45 22 av
1054 1924 72 36 den
1153 1924 256 50 sakkunskap,
1438 1925 47 36 de
1505 1925 84 37 från
1609 1925 357 38 kommissionernas

370 1972 80 36 sida
477 1973 161 36 utsedda
665 1973 328 38 underhandlarna
1020 1976 148 46 besitta,
1198 1977 71 36 och
1298 1977 45 36 de
1373 1977 196 49 allvarliga
1592 1977 273 48 bemödanden,
1887 1991 79 23 som

370 2023 122 49 gjorts
535 2029 56 31 att
626 2025 166 48 granska
821 2026 102 48 varje
953 2027 160 36 särskild
1142 2027 112 49 detalj
1286 2033 98 31 samt
1411 2029 212 48 nedbringa
1650 2029 316 37 kostnadsberäk-

370 2075 153 49 ningen,
554 2089 108 24 anser
685 2077 71 48 jag
784 2077 62 36 det
873 2078 85 36 med
984 2078 65 36 allt
1068 2079 66 48 fog
1152 2079 129 36 kunna
1300 2092 122 35 anses,
1442 2086 54 30 att
1515 2080 64 37 det
1597 2080 167 37 erhållna
1783 2084 183 46 utgångs-

370 2126 118 48 priset
530 2131 41 32 är
604 2128 151 49 skäligt.
813 2128 132 38 Såsom
975 2131 170 48 exempel
1172 2134 49 45 på
1249 2131 46 36 de
1324 2132 326 49 omständigheter
1678 2145 82 23 som
1791 2133 175 36 föranlett

369 2177 73 37 den
469 2179 217 37 nuvarande
714 2180 288 49 prisökningen,
1031 2182 75 36 kan
1132 2183 163 46 anföras,
1321 2188 54 31 att
1394 2183 157 37 allenast
1571 2183 45 36 de
1635 2184 119 36 ökade
1774 2184 127 49 prisen
1918 2188 48 45 på

370 2230 157 36 råfosfat
556 2231 70 36 och
656 2231 189 37 svavelkis
873 2233 185 36 beräknas
1085 2233 98 37 hava
1211 2234 160 36 medfört
1397 2235 116 36 redan
1533 2236 11 34 i
1565 2234 156 37 oktober
1740 2238 41 34 år
1804 2237 94 34 1916
1920 2249 46 23 en
