<?xml version="1.0" encoding="UTF-8"?>
<alto xmlns="http://www.loc.gov/standards/alto/ns-v3#" xmlns:xlink="http://www.w3.org/1999/xlink" xmlns:xsi="http://www.w3.org/2001/XMLSchema-instance" xsi:schemaLocation="http://www.loc.gov/standards/alto/ns-v3# http://www.loc.gov/alto/v3/alto-3-0.xsd">
	<Description>
		<MeasurementUnit>pixel</MeasurementUnit>
		<sourceImageInformation>
			<fileName>/tmp/tess_oyemjm7s_input.PNG</fileName>
		</sourceImageInformation>
		<OCRProcessing ID="OCR_0">
			<ocrProcessingStep>
				<processingSoftware>
					<softwareName>tesseract 5.3.0</softwareName>
				</processingSoftware>
			</ocrProcessingStep>
		</OCRProcessing>
	</Description>
	<Layout>
		<Page WIDTH="1876" HEIGHT="2780" PHYSICAL_IMG_NR="0" ID="page_0">
			<PrintSpace HPOS="0" VPOS="0" WIDTH="1876" HEIGHT="2780">
				<ComposedBlock ID="cblock_0" HPOS="253" VPOS="135" WIDTH="1187" HEIGHT="38">
					<TextBlock ID="block_0" HPOS="253" VPOS="135" WIDTH="1187" HEIGHT="38">
						<TextLine ID="line_0" HPOS="253" VPOS="135" WIDTH="1187" HEIGHT="38">
							<String ID="string_0" HPOS="253" VPOS="135" WIDTH="40" HEIGHT="29" WC="0.96" CONTENT="26"/><SP WIDTH="270" VPOS="135" HPOS="293"/>
							<String ID="string_1" HPOS="563" VPOS="136" WIDTH="389" HEIGHT="32" WC="0.90" CONTENT="Jordbruksutskottets"/><SP WIDTH="21" VPOS="136" HPOS="952"/>
							<String ID="string_2" HPOS="973" VPOS="139" WIDTH="179" HEIGHT="30" WC="0.96" CONTENT="utlåtande"/><SP WIDTH="19" VPOS="139" HPOS="1152"/>
							<String ID="string_3" HPOS="1171" VPOS="150" WIDTH="42" HEIGHT="20" WC="0.96" CONTENT="nr"/><SP WIDTH="22" VPOS="150" HPOS="1213"/>
							<String ID="string_4" HPOS="1235" VPOS="142" WIDTH="40" HEIGHT="29" WC="0.96" CONTENT="14"/><SP WIDTH="20" VPOS="142" HPOS="1275"/>
							<String ID="string_5" HPOS="1295" VPOS="141" WIDTH="40" HEIGHT="30" WC="0.95" CONTENT="år"/><SP WIDTH="21" VPOS="141" HPOS="1335"/>
							<String ID="string_6" HPOS="1356" VPOS="142" WIDTH="84" HEIGHT="31" WC="0.95" CONTENT="1963"/>
						</TextLine>
					</TextBlock>
				</ComposedBlock>
				<ComposedBlock ID="cblock_1" HPOS="255" VPOS="218" WIDTH="1499" HEIGHT="90">
					<TextBlock ID="block_1" HPOS="255" VPOS="218" WIDTH="1499" HEIGHT="90">
						<TextLine ID="line_1" HPOS="256" VPOS="218" WIDTH="1498" HEIGHT="50">
							<String ID="string_7" HPOS="256" VPOS="218" WIDTH="74" HEIGHT="29" WC="0.96" CONTENT="Inte"/><SP WIDTH="21" VPOS="218" HPOS="330"/>
							<String ID="string_8" HPOS="351" VPOS="218" WIDTH="107" HEIGHT="30" WC="0.96" CONTENT="heller"/><SP WIDTH="21" VPOS="218" HPOS="458"/>
							<String ID="string_9" HPOS="479" VPOS="219" WIDTH="116" HEIGHT="30" WC="0.96" CONTENT="finner"/><SP WIDTH="21" VPOS="219" HPOS="595"/>
							<String ID="string_10" HPOS="616" VPOS="220" WIDTH="60" HEIGHT="40" WC="0.96" CONTENT="jag"/><SP WIDTH="21" VPOS="220" HPOS="676"/>
							<String ID="string_11" HPOS="697" VPOS="221" WIDTH="75" HEIGHT="29" WC="0.95" CONTENT="skäl"/><SP WIDTH="23" VPOS="221" HPOS="772"/>
							<String ID="string_12" HPOS="795" VPOS="221" WIDTH="167" HEIGHT="41" WC="0.96" CONTENT="föreligga"/><SP WIDTH="22" VPOS="221" HPOS="962"/>
							<String ID="string_13" HPOS="984" VPOS="225" WIDTH="49" HEIGHT="28" WC="0.96" CONTENT="att"/><SP WIDTH="23" VPOS="225" HPOS="1033"/>
							<String ID="string_14" HPOS="1056" VPOS="223" WIDTH="136" HEIGHT="31" WC="0.95" CONTENT="biträda"/><SP WIDTH="22" VPOS="223" HPOS="1192"/>
							<String ID="string_15" HPOS="1214" VPOS="226" WIDTH="196" HEIGHT="30" WC="0.95" CONTENT="nämndens"/><SP WIDTH="23" VPOS="226" HPOS="1410"/>
							<String ID="string_16" HPOS="1433" VPOS="227" WIDTH="131" HEIGHT="40" WC="0.95" CONTENT="förslag"/><SP WIDTH="24" VPOS="227" HPOS="1564"/>
							<String ID="string_17" HPOS="1588" VPOS="237" WIDTH="55" HEIGHT="21" WC="0.89" CONTENT="om"/><SP WIDTH="24" VPOS="237" HPOS="1643"/>
							<String ID="string_18" HPOS="1667" VPOS="230" WIDTH="87" HEIGHT="38" WC="0.89" CONTENT="pris-"/>
						</TextLine>
						<TextLine ID="line_2" HPOS="255" VPOS="267" WIDTH="531" HEIGHT="41">
							<String ID="string_19" HPOS="255" VPOS="267" WIDTH="200" HEIGHT="41" WC="0.96" CONTENT="utjämning"/><SP WIDTH="21" VPOS="267" HPOS="455"/>
							<String ID="string_20" HPOS="476" VPOS="268" WIDTH="54" HEIGHT="31" WC="0.93" CONTENT="för"/><SP WIDTH="21" VPOS="268" HPOS="530"/>
							<String ID="string_21" HPOS="551" VPOS="270" WIDTH="235" HEIGHT="30" WC="0.89" CONTENT="maltextrakt."/>
						</TextLine>
					</TextBlock>
				</ComposedBlock>
				<ComposedBlock ID="cblock_2" HPOS="250" VPOS="342" WIDTH="1501" HEIGHT="433">
					<TextBlock ID="block_2" HPOS="250" VPOS="342" WIDTH="1501" HEIGHT="433">
						<TextLine ID="line_3" HPOS="296" VPOS="342" WIDTH="1455" HEIGHT="44">
							<String ID="string_22" HPOS="296" VPOS="342" WIDTH="138" HEIGHT="40" WC="0.96" CONTENT="Frågan"/><SP WIDTH="21" VPOS="342" HPOS="434"/>
							<String ID="string_23" HPOS="455" VPOS="353" WIDTH="56" HEIGHT="20" WC="0.96" CONTENT="om"/><SP WIDTH="21" VPOS="353" HPOS="511"/>
							<String ID="string_24" HPOS="532" VPOS="354" WIDTH="43" HEIGHT="20" WC="0.96" CONTENT="en"/><SP WIDTH="22" VPOS="354" HPOS="575"/>
							<String ID="string_25" HPOS="597" VPOS="346" WIDTH="223" HEIGHT="40" WC="0.96" CONTENT="omläggning"/><SP WIDTH="22" VPOS="346" HPOS="820"/>
							<String ID="string_26" HPOS="842" VPOS="356" WIDTH="42" HEIGHT="21" WC="0.93" CONTENT="av"/><SP WIDTH="38" VPOS="356" HPOS="884"/>
							<String ID="string_27" HPOS="922" VPOS="347" WIDTH="714" HEIGHT="36" WC="0.91" CONTENT="kvalitetsbestämmelserna"/><SP WIDTH="39" VPOS="347" HPOS="1636"/>
							<String ID="string_28" HPOS="1675" VPOS="353" WIDTH="76" HEIGHT="31" WC="0.96" CONTENT="vid"/>
						</TextLine>
						<TextLine ID="line_4" HPOS="252" VPOS="392" WIDTH="1498" HEIGHT="51">
							<String ID="string_29" HPOS="252" VPOS="392" WIDTH="200" HEIGHT="31" WC="0.95" CONTENT="inlösen"/><SP WIDTH="35" VPOS="392" HPOS="452"/>
							<String ID="string_30" HPOS="487" VPOS="404" WIDTH="52" HEIGHT="20" WC="0.93" CONTENT="av"/><SP WIDTH="35" VPOS="404" HPOS="539"/>
							<String ID="string_31" HPOS="574" VPOS="395" WIDTH="216" HEIGHT="31" WC="0.91" CONTENT="brödsäd"/><SP WIDTH="35" VPOS="395" HPOS="790"/>
							<String ID="string_32" HPOS="825" VPOS="397" WIDTH="64" HEIGHT="30" WC="0.96" CONTENT="har"/><SP WIDTH="19" VPOS="397" HPOS="889"/>
							<String ID="string_33" HPOS="908" VPOS="397" WIDTH="133" HEIGHT="31" WC="0.96" CONTENT="berörts"/><SP WIDTH="18" VPOS="397" HPOS="1041"/>
							<String ID="string_34" HPOS="1059" VPOS="399" WIDTH="12" HEIGHT="30" WC="0.96" CONTENT="i"/><SP WIDTH="18" VPOS="399" HPOS="1071"/>
							<String ID="string_35" HPOS="1089" VPOS="399" WIDTH="87" HEIGHT="30" WC="0.96" CONTENT="flera"/><SP WIDTH="19" VPOS="399" HPOS="1176"/>
							<String ID="string_36" HPOS="1195" VPOS="400" WIDTH="146" HEIGHT="40" WC="0.95" CONTENT="tidigare"/><SP WIDTH="18" VPOS="400" HPOS="1341"/>
							<String ID="string_37" HPOS="1359" VPOS="402" WIDTH="391" HEIGHT="41" WC="0.50" CONTENT="prisregleringspropo-"/>
						</TextLine>
						<TextLine ID="line_5" HPOS="253" VPOS="443" WIDTH="1498" HEIGHT="49">
							<String ID="string_38" HPOS="253" VPOS="443" WIDTH="155" HEIGHT="35" WC="0.91" CONTENT="sitioner,"/><SP WIDTH="16" VPOS="443" HPOS="408"/>
							<String ID="string_39" HPOS="424" VPOS="447" WIDTH="116" HEIGHT="27" WC="0.96" CONTENT="senast"/><SP WIDTH="16" VPOS="447" HPOS="540"/>
							<String ID="string_40" HPOS="556" VPOS="445" WIDTH="9" HEIGHT="29" WC="0.96" CONTENT="i"/><SP WIDTH="15" VPOS="445" HPOS="565"/>
							<String ID="string_41" HPOS="580" VPOS="446" WIDTH="263" HEIGHT="39" WC="0.96" CONTENT="propositionen"/><SP WIDTH="18" VPOS="446" HPOS="843"/>
							<String ID="string_42" HPOS="861" VPOS="447" WIDTH="97" HEIGHT="32" WC="0.96" CONTENT="1962:"/><SP WIDTH="17" VPOS="447" HPOS="958"/>
							<String ID="string_43" HPOS="975" VPOS="448" WIDTH="51" HEIGHT="30" WC="0.95" CONTENT="95."/><SP WIDTH="17" VPOS="448" HPOS="1026"/>
							<String ID="string_44" HPOS="1043" VPOS="450" WIDTH="12" HEIGHT="29" WC="0.96" CONTENT="I"/><SP WIDTH="16" VPOS="450" HPOS="1055"/>
							<String ID="string_45" HPOS="1071" VPOS="450" WIDTH="57" HEIGHT="29" WC="0.96" CONTENT="det"/><SP WIDTH="15" VPOS="450" HPOS="1128"/>
							<String ID="string_46" HPOS="1143" VPOS="449" WIDTH="206" HEIGHT="41" WC="0.96" CONTENT="föregående"/><SP WIDTH="15" VPOS="449" HPOS="1349"/>
							<String ID="string_47" HPOS="1364" VPOS="452" WIDTH="64" HEIGHT="29" WC="0.96" CONTENT="har"/><SP WIDTH="14" VPOS="452" HPOS="1428"/>
							<String ID="string_48" HPOS="1442" VPOS="452" WIDTH="59" HEIGHT="40" WC="0.96" CONTENT="jag"/><SP WIDTH="16" VPOS="452" HPOS="1501"/>
							<String ID="string_49" HPOS="1517" VPOS="453" WIDTH="87" HEIGHT="30" WC="0.96" CONTENT="även"/><SP WIDTH="14" VPOS="453" HPOS="1604"/>
							<String ID="string_50" HPOS="1618" VPOS="454" WIDTH="133" HEIGHT="30" WC="0.96" CONTENT="lämnat"/>
						</TextLine>
						<TextLine ID="line_6" HPOS="252" VPOS="494" WIDTH="1499" HEIGHT="48">
							<String ID="string_51" HPOS="252" VPOS="502" WIDTH="44" HEIGHT="20" WC="0.96" CONTENT="en"/><SP WIDTH="19" VPOS="502" HPOS="296"/>
							<String ID="string_52" HPOS="315" VPOS="494" WIDTH="165" HEIGHT="39" WC="0.96" CONTENT="tämligen"/><SP WIDTH="18" VPOS="494" HPOS="480"/>
							<String ID="string_53" HPOS="498" VPOS="495" WIDTH="145" HEIGHT="40" WC="0.96" CONTENT="utförlig"/><SP WIDTH="18" VPOS="495" HPOS="643"/>
							<String ID="string_54" HPOS="661" VPOS="497" WIDTH="216" HEIGHT="39" WC="0.96" CONTENT="redogörelse"/><SP WIDTH="20" VPOS="497" HPOS="877"/>
							<String ID="string_55" HPOS="897" VPOS="497" WIDTH="54" HEIGHT="31" WC="0.96" CONTENT="för"/><SP WIDTH="18" VPOS="497" HPOS="951"/>
							<String ID="string_56" HPOS="969" VPOS="499" WIDTH="41" HEIGHT="29" WC="0.96" CONTENT="de"/><SP WIDTH="20" VPOS="499" HPOS="1010"/>
							<String ID="string_57" HPOS="1030" VPOS="499" WIDTH="110" HEIGHT="30" WC="0.96" CONTENT="under"/><SP WIDTH="19" VPOS="499" HPOS="1140"/>
							<String ID="string_58" HPOS="1159" VPOS="500" WIDTH="57" HEIGHT="30" WC="0.96" CONTENT="det"/><SP WIDTH="19" VPOS="500" HPOS="1216"/>
							<String ID="string_59" HPOS="1235" VPOS="503" WIDTH="137" HEIGHT="28" WC="0.96" CONTENT="senaste"/><SP WIDTH="20" VPOS="503" HPOS="1372"/>
							<String ID="string_60" HPOS="1392" VPOS="501" WIDTH="72" HEIGHT="31" WC="0.96" CONTENT="året"/><SP WIDTH="19" VPOS="501" HPOS="1464"/>
							<String ID="string_61" HPOS="1483" VPOS="503" WIDTH="123" HEIGHT="39" WC="0.92" CONTENT="gjorda"/><SP WIDTH="19" VPOS="503" HPOS="1606"/>
							<String ID="string_62" HPOS="1625" VPOS="504" WIDTH="126" HEIGHT="30" WC="0.92" CONTENT="under-"/>
						</TextLine>
						<TextLine ID="line_7" HPOS="253" VPOS="543" WIDTH="1498" HEIGHT="50">
							<String ID="string_63" HPOS="253" VPOS="543" WIDTH="237" HEIGHT="40" WC="0.96" CONTENT="sökningarna"/><SP WIDTH="20" VPOS="543" HPOS="490"/>
							<String ID="string_64" HPOS="510" VPOS="545" WIDTH="46" HEIGHT="40" WC="0.96" CONTENT="på"/><SP WIDTH="23" VPOS="545" HPOS="556"/>
							<String ID="string_65" HPOS="579" VPOS="546" WIDTH="166" HEIGHT="31" WC="0.96" CONTENT="området."/><SP WIDTH="25" VPOS="546" HPOS="745"/>
							<String ID="string_66" HPOS="770" VPOS="547" WIDTH="121" HEIGHT="30" WC="0.96" CONTENT="Ehuru"/><SP WIDTH="25" VPOS="547" HPOS="891"/>
							<String ID="string_67" HPOS="916" VPOS="548" WIDTH="292" HEIGHT="42" WC="0.96" CONTENT="förutsättningar"/><SP WIDTH="24" VPOS="548" HPOS="1208"/>
							<String ID="string_68" HPOS="1232" VPOS="560" WIDTH="48" HEIGHT="20" WC="0.96" CONTENT="nu"/><SP WIDTH="26" VPOS="560" HPOS="1280"/>
							<String ID="string_69" HPOS="1306" VPOS="561" WIDTH="102" HEIGHT="30" WC="0.96" CONTENT="synes"/><SP WIDTH="26" VPOS="561" HPOS="1408"/>
							<String ID="string_70" HPOS="1434" VPOS="552" WIDTH="167" HEIGHT="41" WC="0.96" CONTENT="föreligga"/><SP WIDTH="25" VPOS="552" HPOS="1601"/>
							<String ID="string_71" HPOS="1626" VPOS="556" WIDTH="50" HEIGHT="28" WC="0.91" CONTENT="att"/><SP WIDTH="24" VPOS="556" HPOS="1676"/>
							<String ID="string_72" HPOS="1700" VPOS="554" WIDTH="51" HEIGHT="30" WC="0.91" CONTENT="in-"/>
						</TextLine>
						<TextLine ID="line_8" HPOS="253" VPOS="593" WIDTH="1498" HEIGHT="47">
							<String ID="string_73" HPOS="253" VPOS="593" WIDTH="78" HEIGHT="30" WC="0.96" CONTENT="föra"/><SP WIDTH="22" VPOS="593" HPOS="331"/>
							<String ID="string_74" HPOS="353" VPOS="594" WIDTH="65" HEIGHT="30" WC="0.93" CONTENT="den"/><SP WIDTH="25" VPOS="594" HPOS="418"/>
							<String ID="string_75" HPOS="443" VPOS="604" WIDTH="26" HEIGHT="20" WC="0.87" CONTENT="s."/><SP WIDTH="23" VPOS="604" HPOS="469"/>
							<String ID="string_76" HPOS="492" VPOS="595" WIDTH="34" HEIGHT="31" WC="0.92" CONTENT="k."/><SP WIDTH="25" VPOS="595" HPOS="526"/>
							<String ID="string_77" HPOS="551" VPOS="595" WIDTH="295" HEIGHT="32" WC="0.90" CONTENT="falltalsmetoden"/><SP WIDTH="25" VPOS="595" HPOS="846"/>
							<String ID="string_78" HPOS="871" VPOS="598" WIDTH="56" HEIGHT="30" WC="0.96" CONTENT="vid"/><SP WIDTH="25" VPOS="598" HPOS="927"/>
							<String ID="string_79" HPOS="952" VPOS="599" WIDTH="255" HEIGHT="41" WC="0.96" CONTENT="bedömningen"/><SP WIDTH="24" VPOS="599" HPOS="1207"/>
							<String ID="string_80" HPOS="1231" VPOS="610" WIDTH="44" HEIGHT="21" WC="0.96" CONTENT="av"/><SP WIDTH="26" VPOS="610" HPOS="1275"/>
							<String ID="string_81" HPOS="1301" VPOS="601" WIDTH="84" HEIGHT="31" WC="0.96" CONTENT="1964"/><SP WIDTH="24" VPOS="601" HPOS="1385"/>
							<String ID="string_82" HPOS="1409" VPOS="602" WIDTH="57" HEIGHT="31" WC="0.96" CONTENT="års"/><SP WIDTH="27" VPOS="602" HPOS="1466"/>
							<String ID="string_83" HPOS="1493" VPOS="603" WIDTH="116" HEIGHT="35" WC="0.96" CONTENT="skörd,"/><SP WIDTH="26" VPOS="603" HPOS="1609"/>
							<String ID="string_84" HPOS="1635" VPOS="604" WIDTH="116" HEIGHT="31" WC="0.96" CONTENT="finner"/>
						</TextLine>
						<TextLine ID="line_9" HPOS="250" VPOS="643" WIDTH="1501" HEIGHT="50">
							<String ID="string_85" HPOS="250" VPOS="643" WIDTH="72" HEIGHT="40" WC="0.92" CONTENT="jag,"/><SP WIDTH="17" VPOS="643" HPOS="322"/>
							<String ID="string_86" HPOS="339" VPOS="644" WIDTH="12" HEIGHT="29" WC="0.92" CONTENT="i"/><SP WIDTH="19" VPOS="644" HPOS="351"/>
							<String ID="string_87" HPOS="370" VPOS="644" WIDTH="108" HEIGHT="30" WC="0.96" CONTENT="likhet"/><SP WIDTH="19" VPOS="644" HPOS="478"/>
							<String ID="string_88" HPOS="497" VPOS="646" WIDTH="80" HEIGHT="29" WC="0.92" CONTENT="med"/><SP WIDTH="19" VPOS="646" HPOS="577"/>
							<String ID="string_89" HPOS="596" VPOS="646" WIDTH="381" HEIGHT="39" WC="0.91" CONTENT="jordbruksnämnden,"/><SP WIDTH="22" VPOS="646" HPOS="977"/>
							<String ID="string_90" HPOS="999" VPOS="651" WIDTH="49" HEIGHT="28" WC="0.96" CONTENT="att"/><SP WIDTH="21" VPOS="651" HPOS="1048"/>
							<String ID="string_91" HPOS="1069" VPOS="652" WIDTH="48" HEIGHT="28" WC="0.96" CONTENT="ett"/><SP WIDTH="21" VPOS="652" HPOS="1117"/>
							<String ID="string_92" HPOS="1138" VPOS="650" WIDTH="132" HEIGHT="40" WC="0.93" CONTENT="slutligt"/><SP WIDTH="22" VPOS="650" HPOS="1270"/>
							<String ID="string_93" HPOS="1292" VPOS="652" WIDTH="335" HEIGHT="41" WC="0.91" CONTENT="ställningstagande"/><SP WIDTH="22" VPOS="652" HPOS="1627"/>
							<String ID="string_94" HPOS="1649" VPOS="654" WIDTH="11" HEIGHT="30" WC="0.93" CONTENT="i"/><SP WIDTH="22" VPOS="654" HPOS="1660"/>
							<String ID="string_95" HPOS="1682" VPOS="654" WIDTH="69" HEIGHT="30" WC="0.93" CONTENT="frå-"/>
						</TextLine>
						<TextLine ID="line_10" HPOS="250" VPOS="694" WIDTH="1499" HEIGHT="48">
							<String ID="string_96" HPOS="250" VPOS="701" WIDTH="67" HEIGHT="31" WC="0.92" CONTENT="gan"/><SP WIDTH="22" VPOS="701" HPOS="317"/>
							<String ID="string_97" HPOS="339" VPOS="694" WIDTH="62" HEIGHT="30" WC="0.96" CONTENT="bör"/><SP WIDTH="21" VPOS="694" HPOS="401"/>
							<String ID="string_98" HPOS="422" VPOS="695" WIDTH="100" HEIGHT="30" WC="0.96" CONTENT="anstå"/><SP WIDTH="22" VPOS="695" HPOS="522"/>
							<String ID="string_99" HPOS="544" VPOS="696" WIDTH="51" HEIGHT="29" WC="0.96" CONTENT="till"/><SP WIDTH="23" VPOS="696" HPOS="595"/>
							<String ID="string_100" HPOS="618" VPOS="697" WIDTH="78" HEIGHT="30" WC="0.93" CONTENT="dess"/><SP WIDTH="22" VPOS="697" HPOS="696"/>
							<String ID="string_101" HPOS="718" VPOS="698" WIDTH="427" HEIGHT="32" WC="0.90" CONTENT="kvalitetsbestämmelser"/><SP WIDTH="22" VPOS="698" HPOS="1145"/>
							<String ID="string_102" HPOS="1167" VPOS="701" WIDTH="64" HEIGHT="30" WC="0.93" CONTENT="och"/><SP WIDTH="22" VPOS="701" HPOS="1231"/>
							<String ID="string_103" HPOS="1253" VPOS="702" WIDTH="385" HEIGHT="40" WC="0.91" CONTENT="prisregleringsskalor"/><SP WIDTH="24" VPOS="702" HPOS="1638"/>
							<String ID="string_104" HPOS="1662" VPOS="705" WIDTH="87" HEIGHT="29" WC="0.92" CONTENT="hun-"/>
						</TextLine>
						<TextLine ID="line_11" HPOS="251" VPOS="743" WIDTH="258" HEIGHT="32">
							<String ID="string_105" HPOS="251" VPOS="743" WIDTH="51" HEIGHT="31" WC="0.96" CONTENT="nit"/><SP WIDTH="20" VPOS="743" HPOS="302"/>
							<String ID="string_106" HPOS="322" VPOS="744" WIDTH="187" HEIGHT="31" WC="0.96" CONTENT="utarbetas."/>
						</TextLine>
					</TextBlock>
				</ComposedBlock>
				<ComposedBlock ID="cblock_3" HPOS="246" VPOS="819" WIDTH="1504" HEIGHT="344">
					<TextBlock ID="block_3" HPOS="246" VPOS="819" WIDTH="1504" HEIGHT="344">
						<TextLine ID="line_12" HPOS="297" VPOS="819" WIDTH="1453" HEIGHT="51">
							<String ID="string_107" HPOS="297" VPOS="819" WIDTH="543" HEIGHT="42" WC="0.90" CONTENT="Slaktdjursavgiften"/><SP WIDTH="31" VPOS="819" HPOS="840"/>
							<String ID="string_108" HPOS="871" VPOS="823" WIDTH="55" HEIGHT="30" WC="0.93" CONTENT="för"/><SP WIDTH="20" VPOS="823" HPOS="926"/>
							<String ID="string_109" HPOS="946" VPOS="825" WIDTH="206" HEIGHT="40" WC="0.91" CONTENT="storboskap"/><SP WIDTH="21" VPOS="825" HPOS="1152"/>
							<String ID="string_110" HPOS="1173" VPOS="828" WIDTH="92" HEIGHT="29" WC="0.96" CONTENT="uttas"/><SP WIDTH="21" VPOS="828" HPOS="1265"/>
							<String ID="string_111" HPOS="1286" VPOS="836" WIDTH="48" HEIGHT="20" WC="0.96" CONTENT="nu"/><SP WIDTH="20" VPOS="836" HPOS="1334"/>
							<String ID="string_112" HPOS="1354" VPOS="828" WIDTH="79" HEIGHT="30" WC="0.96" CONTENT="med"/><SP WIDTH="21" VPOS="828" HPOS="1433"/>
							<String ID="string_113" HPOS="1454" VPOS="828" WIDTH="39" HEIGHT="31" WC="0.96" CONTENT="30"/><SP WIDTH="21" VPOS="828" HPOS="1493"/>
							<String ID="string_114" HPOS="1514" VPOS="828" WIDTH="53" HEIGHT="31" WC="0.96" CONTENT="kr."/><SP WIDTH="19" VPOS="828" HPOS="1567"/>
							<String ID="string_115" HPOS="1586" VPOS="838" WIDTH="62" HEIGHT="31" WC="0.96" CONTENT="per"/><SP WIDTH="19" VPOS="838" HPOS="1648"/>
							<String ID="string_116" HPOS="1667" VPOS="829" WIDTH="83" HEIGHT="41" WC="0.96" CONTENT="djur"/>
						</TextLine>
						<TextLine ID="line_13" HPOS="250" VPOS="869" WIDTH="1498" HEIGHT="50">
							<String ID="string_117" HPOS="250" VPOS="869" WIDTH="55" HEIGHT="29" WC="0.96" CONTENT="för"/><SP WIDTH="18" VPOS="869" HPOS="305"/>
							<String ID="string_118" HPOS="323" VPOS="869" WIDTH="66" HEIGHT="29" WC="0.96" CONTENT="den"/><SP WIDTH="17" VPOS="869" HPOS="389"/>
							<String ID="string_119" HPOS="406" VPOS="872" WIDTH="139" HEIGHT="37" WC="0.96" CONTENT="tyngsta"/><SP WIDTH="17" VPOS="872" HPOS="545"/>
							<String ID="string_120" HPOS="562" VPOS="871" WIDTH="244" HEIGHT="41" WC="0.96" CONTENT="djurgruppen"/><SP WIDTH="17" VPOS="871" HPOS="806"/>
							<String ID="string_121" HPOS="823" VPOS="873" WIDTH="11" HEIGHT="30" WC="0.95" CONTENT="i"/><SP WIDTH="18" VPOS="873" HPOS="834"/>
							<String ID="string_122" HPOS="852" VPOS="874" WIDTH="102" HEIGHT="30" WC="0.96" CONTENT="södra"/><SP WIDTH="18" VPOS="874" HPOS="954"/>
							<String ID="string_123" HPOS="972" VPOS="874" WIDTH="147" HEIGHT="40" WC="0.96" CONTENT="Sverige,"/><SP WIDTH="18" VPOS="874" HPOS="1119"/>
							<String ID="string_124" HPOS="1137" VPOS="876" WIDTH="105" HEIGHT="30" WC="0.96" CONTENT="vilket"/><SP WIDTH="19" VPOS="876" HPOS="1242"/>
							<String ID="string_125" HPOS="1261" VPOS="877" WIDTH="38" HEIGHT="29" WC="0.96" CONTENT="är"/><SP WIDTH="17" VPOS="877" HPOS="1299"/>
							<String ID="string_126" HPOS="1316" VPOS="877" WIDTH="57" HEIGHT="30" WC="0.96" CONTENT="det"/><SP WIDTH="17" VPOS="877" HPOS="1373"/>
							<String ID="string_127" HPOS="1390" VPOS="878" WIDTH="124" HEIGHT="39" WC="0.96" CONTENT="högsta"/><SP WIDTH="16" VPOS="878" HPOS="1514"/>
							<String ID="string_128" HPOS="1530" VPOS="879" WIDTH="125" HEIGHT="40" WC="0.96" CONTENT="belopp"/><SP WIDTH="18" VPOS="879" HPOS="1655"/>
							<String ID="string_129" HPOS="1673" VPOS="889" WIDTH="75" HEIGHT="20" WC="0.96" CONTENT="som"/>
						</TextLine>
						<TextLine ID="line_14" HPOS="250" VPOS="919" WIDTH="1498" HEIGHT="47">
							<String ID="string_130" HPOS="250" VPOS="919" WIDTH="108" HEIGHT="29" WC="0.96" CONTENT="sedan"/><SP WIDTH="24" VPOS="919" HPOS="358"/>
							<String ID="string_131" HPOS="382" VPOS="919" WIDTH="38" HEIGHT="30" WC="0.96" CONTENT="år"/><SP WIDTH="25" VPOS="919" HPOS="420"/>
							<String ID="string_132" HPOS="445" VPOS="920" WIDTH="83" HEIGHT="30" WC="0.77" CONTENT="19359"/><SP WIDTH="23" VPOS="920" HPOS="528"/>
							<String ID="string_133" HPOS="551" VPOS="921" WIDTH="58" HEIGHT="30" WC="0.95" CONTENT="må"/><SP WIDTH="25" VPOS="921" HPOS="609"/>
							<String ID="string_134" HPOS="634" VPOS="922" WIDTH="82" HEIGHT="39" WC="0.96" CONTENT="utgå"/><SP WIDTH="23" VPOS="922" HPOS="716"/>
							<String ID="string_135" HPOS="739" VPOS="923" WIDTH="107" HEIGHT="39" WC="0.96" CONTENT="enligt"/><SP WIDTH="25" VPOS="923" HPOS="846"/>
							<String ID="string_136" HPOS="871" VPOS="923" WIDTH="250" HEIGHT="41" WC="0.96" CONTENT="förordningen"/><SP WIDTH="23" VPOS="923" HPOS="1121"/>
							<String ID="string_137" HPOS="1144" VPOS="926" WIDTH="66" HEIGHT="30" WC="0.96" CONTENT="den"/><SP WIDTH="25" VPOS="926" HPOS="1210"/>
							<String ID="string_138" HPOS="1235" VPOS="926" WIDTH="18" HEIGHT="30" WC="0.96" CONTENT="3"/><SP WIDTH="23" VPOS="926" HPOS="1253"/>
							<String ID="string_139" HPOS="1276" VPOS="927" WIDTH="80" HEIGHT="39" WC="0.96" CONTENT="juni"/><SP WIDTH="28" VPOS="927" HPOS="1356"/>
							<String ID="string_140" HPOS="1384" VPOS="927" WIDTH="81" HEIGHT="31" WC="0.96" CONTENT="1955"/><SP WIDTH="30" VPOS="927" HPOS="1465"/>
							<String ID="string_141" HPOS="1495" VPOS="929" WIDTH="59" HEIGHT="34" WC="0.96" CONTENT="(nr"/><SP WIDTH="25" VPOS="929" HPOS="1554"/>
							<String ID="string_142" HPOS="1579" VPOS="929" WIDTH="79" HEIGHT="35" WC="0.93" CONTENT="284)"/><SP WIDTH="30" VPOS="929" HPOS="1658"/>
							<String ID="string_143" HPOS="1688" VPOS="939" WIDTH="60" HEIGHT="21" WC="0.92" CONTENT="an-"/>
						</TextLine>
						<TextLine ID="line_15" HPOS="249" VPOS="967" WIDTH="1500" HEIGHT="49">
							<String ID="string_144" HPOS="249" VPOS="967" WIDTH="132" HEIGHT="38" WC="0.91" CONTENT="gående"/><SP WIDTH="19" VPOS="967" HPOS="381"/>
							<String ID="string_145" HPOS="400" VPOS="968" WIDTH="306" HEIGHT="43" WC="0.90" CONTENT="slaktdjursavgift"/><SP WIDTH="18" VPOS="968" HPOS="706"/>
							<String ID="string_146" HPOS="724" VPOS="982" WIDTH="46" HEIGHT="20" WC="0.92" CONTENT="m."/><SP WIDTH="20" VPOS="982" HPOS="770"/>
							<String ID="string_147" HPOS="790" VPOS="982" WIDTH="46" HEIGHT="21" WC="0.91" CONTENT="m."/><SP WIDTH="20" VPOS="982" HPOS="836"/>
							<String ID="string_148" HPOS="856" VPOS="974" WIDTH="77" HEIGHT="30" WC="0.96" CONTENT="Med"/><SP WIDTH="18" VPOS="974" HPOS="933"/>
							<String ID="string_149" HPOS="951" VPOS="974" WIDTH="138" HEIGHT="40" WC="0.95" CONTENT="hänsyn"/><SP WIDTH="19" VPOS="974" HPOS="1089"/>
							<String ID="string_150" HPOS="1108" VPOS="975" WIDTH="52" HEIGHT="30" WC="0.95" CONTENT="till"/><SP WIDTH="18" VPOS="975" HPOS="1160"/>
							<String ID="string_151" HPOS="1178" VPOS="976" WIDTH="57" HEIGHT="30" WC="0.96" CONTENT="det"/><SP WIDTH="19" VPOS="976" HPOS="1235"/>
							<String ID="string_152" HPOS="1254" VPOS="978" WIDTH="177" HEIGHT="30" WC="0.96" CONTENT="överskott"/><SP WIDTH="17" VPOS="978" HPOS="1431"/>
							<String ID="string_153" HPOS="1448" VPOS="979" WIDTH="44" HEIGHT="37" WC="0.96" CONTENT="på"/><SP WIDTH="18" VPOS="979" HPOS="1492"/>
							<String ID="string_154" HPOS="1510" VPOS="980" WIDTH="146" HEIGHT="34" WC="0.96" CONTENT="nötkött,"/><SP WIDTH="19" VPOS="980" HPOS="1656"/>
							<String ID="string_155" HPOS="1675" VPOS="990" WIDTH="74" HEIGHT="20" WC="0.96" CONTENT="som"/>
						</TextLine>
						<TextLine ID="line_16" HPOS="249" VPOS="1017" WIDTH="1500" HEIGHT="51">
							<String ID="string_156" HPOS="249" VPOS="1017" WIDTH="57" HEIGHT="30" WC="0.96" CONTENT="för"/><SP WIDTH="17" VPOS="1017" HPOS="306"/>
							<String ID="string_157" HPOS="323" VPOS="1020" WIDTH="214" HEIGHT="30" WC="0.96" CONTENT="närvarande"/><SP WIDTH="20" VPOS="1020" HPOS="537"/>
							<String ID="string_158" HPOS="557" VPOS="1022" WIDTH="192" HEIGHT="38" WC="0.96" CONTENT="föreligger,"/><SP WIDTH="19" VPOS="1022" HPOS="749"/>
							<String ID="string_159" HPOS="768" VPOS="1023" WIDTH="190" HEIGHT="38" WC="0.96" CONTENT="tillstyrker"/><SP WIDTH="18" VPOS="1023" HPOS="958"/>
							<String ID="string_160" HPOS="976" VPOS="1025" WIDTH="58" HEIGHT="38" WC="0.93" CONTENT="jag"/><SP WIDTH="17" VPOS="1025" HPOS="1034"/>
							<String ID="string_161" HPOS="1051" VPOS="1026" WIDTH="382" HEIGHT="36" WC="0.92" CONTENT="jordbruksnämndens"/><SP WIDTH="19" VPOS="1026" HPOS="1433"/>
							<String ID="string_162" HPOS="1452" VPOS="1030" WIDTH="131" HEIGHT="38" WC="0.95" CONTENT="förslag"/><SP WIDTH="18" VPOS="1030" HPOS="1583"/>
							<String ID="string_163" HPOS="1601" VPOS="1032" WIDTH="48" HEIGHT="28" WC="0.96" CONTENT="att"/><SP WIDTH="21" VPOS="1032" HPOS="1649"/>
							<String ID="string_164" HPOS="1670" VPOS="1030" WIDTH="79" HEIGHT="30" WC="0.96" CONTENT="från"/>
						</TextLine>
						<TextLine ID="line_17" HPOS="247" VPOS="1068" WIDTH="1501" HEIGHT="52">
							<String ID="string_165" HPOS="247" VPOS="1068" WIDTH="67" HEIGHT="30" WC="0.96" CONTENT="och"/><SP WIDTH="21" VPOS="1068" HPOS="314"/>
							<String ID="string_166" HPOS="335" VPOS="1070" WIDTH="80" HEIGHT="29" WC="0.96" CONTENT="med"/><SP WIDTH="23" VPOS="1070" HPOS="415"/>
							<String ID="string_167" HPOS="438" VPOS="1069" WIDTH="65" HEIGHT="31" WC="0.96" CONTENT="den"/><SP WIDTH="11" VPOS="1069" HPOS="503"/>
							<String ID="string_168" HPOS="514" VPOS="1064" WIDTH="23" HEIGHT="58" WC="0.94" CONTENT="1"/><SP WIDTH="32" VPOS="1064" HPOS="537"/>
							<String ID="string_169" HPOS="569" VPOS="1071" WIDTH="66" HEIGHT="38" WC="0.94" CONTENT="juli"/><SP WIDTH="27" VPOS="1071" HPOS="635"/>
							<String ID="string_170" HPOS="662" VPOS="1072" WIDTH="82" HEIGHT="31" WC="0.96" CONTENT="1963"/><SP WIDTH="23" VPOS="1072" HPOS="744"/>
							<String ID="string_171" HPOS="767" VPOS="1072" WIDTH="85" HEIGHT="40" WC="0.96" CONTENT="höja"/><SP WIDTH="23" VPOS="1072" HPOS="852"/>
							<String ID="string_172" HPOS="875" VPOS="1074" WIDTH="57" HEIGHT="31" WC="0.97" CONTENT="det"/><SP WIDTH="23" VPOS="1074" HPOS="932"/>
							<String ID="string_173" HPOS="955" VPOS="1075" WIDTH="155" HEIGHT="31" WC="0.93" CONTENT="nämnda"/><SP WIDTH="22" VPOS="1075" HPOS="1110"/>
							<String ID="string_174" HPOS="1132" VPOS="1077" WIDTH="306" HEIGHT="41" WC="0.91" CONTENT="maximibeloppet"/><SP WIDTH="24" VPOS="1077" HPOS="1438"/>
							<String ID="string_175" HPOS="1462" VPOS="1079" WIDTH="54" HEIGHT="30" WC="0.96" CONTENT="för"/><SP WIDTH="25" VPOS="1079" HPOS="1516"/>
							<String ID="string_176" HPOS="1541" VPOS="1080" WIDTH="207" HEIGHT="40" WC="0.91" CONTENT="storboskap"/>
						</TextLine>
						<TextLine ID="line_18" HPOS="246" VPOS="1119" WIDTH="617" HEIGHT="44">
							<String ID="string_177" HPOS="246" VPOS="1119" WIDTH="80" HEIGHT="29" WC="0.95" CONTENT="med"/><SP WIDTH="23" VPOS="1119" HPOS="326"/>
							<String ID="string_178" HPOS="349" VPOS="1119" WIDTH="38" HEIGHT="30" WC="0.95" CONTENT="10"/><SP WIDTH="21" VPOS="1119" HPOS="387"/>
							<String ID="string_179" HPOS="408" VPOS="1120" WIDTH="51" HEIGHT="29" WC="0.96" CONTENT="kr."/><SP WIDTH="21" VPOS="1120" HPOS="459"/>
							<String ID="string_180" HPOS="480" VPOS="1121" WIDTH="52" HEIGHT="29" WC="0.96" CONTENT="till"/><SP WIDTH="22" VPOS="1121" HPOS="532"/>
							<String ID="string_181" HPOS="554" VPOS="1121" WIDTH="41" HEIGHT="30" WC="0.96" CONTENT="40"/><SP WIDTH="21" VPOS="1121" HPOS="595"/>
							<String ID="string_182" HPOS="616" VPOS="1122" WIDTH="51" HEIGHT="30" WC="0.96" CONTENT="kr."/><SP WIDTH="23" VPOS="1122" HPOS="667"/>
							<String ID="string_183" HPOS="690" VPOS="1131" WIDTH="60" HEIGHT="31" WC="0.96" CONTENT="per"/><SP WIDTH="20" VPOS="1131" HPOS="750"/>
							<String ID="string_184" HPOS="770" VPOS="1124" WIDTH="93" HEIGHT="39" WC="0.96" CONTENT="djur."/>
						</TextLine>
					</TextBlock>
				</ComposedBlock>
				<ComposedBlock ID="cblock_4" HPOS="245" VPOS="1195" WIDTH="1503" HEIGHT="331">
					<TextBlock ID="block_4" HPOS="245" VPOS="1195" WIDTH="1503" HEIGHT="331">
						<TextLine ID="line_19" HPOS="292" VPOS="1195" WIDTH="1456" HEIGHT="49">
							<String ID="string_185" HPOS="292" VPOS="1195" WIDTH="500" HEIGHT="42" WC="0.88" CONTENT="Utjämningsavgift"/><SP WIDTH="29" VPOS="1195" HPOS="792"/>
							<String ID="string_186" HPOS="821" VPOS="1199" WIDTH="76" HEIGHT="30" WC="0.96" CONTENT="för"/><SP WIDTH="27" VPOS="1199" HPOS="897"/>
							<String ID="string_187" HPOS="924" VPOS="1201" WIDTH="155" HEIGHT="39" WC="0.95" CONTENT="mjölk"/><SP WIDTH="28" VPOS="1201" HPOS="1079"/>
							<String ID="string_188" HPOS="1107" VPOS="1202" WIDTH="84" HEIGHT="30" WC="0.96" CONTENT="och"/><SP WIDTH="26" VPOS="1202" HPOS="1191"/>
							<String ID="string_189" HPOS="1217" VPOS="1203" WIDTH="531" HEIGHT="41" WC="0.91" CONTENT="mjölkprodukter"/><SP WIDTH="-85" VPOS="1203" HPOS="1748"/>
							<String ID="string_190" HPOS="1663" VPOS="1191" WIDTH="90" HEIGHT="57" WC="0.91" CONTENT="upp-"/>
						</TextLine>
						<TextLine ID="line_20" HPOS="246" VPOS="1245" WIDTH="1499" HEIGHT="50">
							<String ID="string_191" HPOS="246" VPOS="1247" WIDTH="53" HEIGHT="26" WC="0.95" CONTENT="tas"/><SP WIDTH="19" VPOS="1247" HPOS="299"/>
							<String ID="string_192" HPOS="318" VPOS="1245" WIDTH="78" HEIGHT="29" WC="0.96" CONTENT="med"/><SP WIDTH="18" VPOS="1245" HPOS="396"/>
							<String ID="string_193" HPOS="414" VPOS="1246" WIDTH="91" HEIGHT="30" WC="0.93" CONTENT="vissa"/><SP WIDTH="19" VPOS="1246" HPOS="505"/>
							<String ID="string_194" HPOS="524" VPOS="1247" WIDTH="282" HEIGHT="41" WC="0.91" CONTENT="maximibelopp,"/><SP WIDTH="20" VPOS="1247" HPOS="806"/>
							<String ID="string_195" HPOS="826" VPOS="1258" WIDTH="75" HEIGHT="21" WC="0.96" CONTENT="som"/><SP WIDTH="19" VPOS="1258" HPOS="901"/>
							<String ID="string_196" HPOS="920" VPOS="1258" WIDTH="104" HEIGHT="32" WC="0.96" CONTENT="anges"/><SP WIDTH="19" VPOS="1258" HPOS="1024"/>
							<String ID="string_197" HPOS="1043" VPOS="1252" WIDTH="10" HEIGHT="29" WC="0.96" CONTENT="i"/><SP WIDTH="20" VPOS="1252" HPOS="1053"/>
							<String ID="string_198" HPOS="1073" VPOS="1251" WIDTH="249" HEIGHT="42" WC="0.95" CONTENT="förordningen"/><SP WIDTH="20" VPOS="1251" HPOS="1322"/>
							<String ID="string_199" HPOS="1342" VPOS="1254" WIDTH="67" HEIGHT="30" WC="0.96" CONTENT="den"/><SP WIDTH="23" VPOS="1254" HPOS="1409"/>
							<String ID="string_200" HPOS="1432" VPOS="1255" WIDTH="38" HEIGHT="30" WC="0.95" CONTENT="10"/><SP WIDTH="19" VPOS="1255" HPOS="1470"/>
							<String ID="string_201" HPOS="1489" VPOS="1255" WIDTH="68" HEIGHT="40" WC="0.96" CONTENT="juli"/><SP WIDTH="22" VPOS="1255" HPOS="1557"/>
							<String ID="string_202" HPOS="1579" VPOS="1256" WIDTH="81" HEIGHT="30" WC="0.96" CONTENT="1947"/><SP WIDTH="27" VPOS="1256" HPOS="1660"/>
							<String ID="string_203" HPOS="1687" VPOS="1257" WIDTH="58" HEIGHT="33" WC="0.96" CONTENT="(nr"/>
						</TextLine>
						<TextLine ID="line_21" HPOS="247" VPOS="1294" WIDTH="1498" HEIGHT="52">
							<String ID="string_204" HPOS="247" VPOS="1294" WIDTH="80" HEIGHT="34" WC="0.96" CONTENT="378)"/><SP WIDTH="26" VPOS="1294" HPOS="327"/>
							<String ID="string_205" HPOS="353" VPOS="1304" WIDTH="56" HEIGHT="20" WC="0.96" CONTENT="om"/><SP WIDTH="21" VPOS="1304" HPOS="409"/>
							<String ID="string_206" HPOS="430" VPOS="1296" WIDTH="91" HEIGHT="30" WC="0.96" CONTENT="vissa"/><SP WIDTH="21" VPOS="1296" HPOS="521"/>
							<String ID="string_207" HPOS="542" VPOS="1297" WIDTH="148" HEIGHT="40" WC="0.93" CONTENT="avgifter"/><SP WIDTH="31" VPOS="1297" HPOS="690"/>
							<String ID="string_208" HPOS="721" VPOS="1298" WIDTH="10" HEIGHT="30" WC="0.91" CONTENT="å"/><SP WIDTH="21" VPOS="1298" HPOS="731"/>
							<String ID="string_209" HPOS="752" VPOS="1299" WIDTH="123" HEIGHT="39" WC="0.96" CONTENT="mjölk,"/><SP WIDTH="21" VPOS="1299" HPOS="875"/>
							<String ID="string_210" HPOS="896" VPOS="1301" WIDTH="128" HEIGHT="38" WC="0.96" CONTENT="grädde"/><SP WIDTH="22" VPOS="1301" HPOS="1024"/>
							<String ID="string_211" HPOS="1046" VPOS="1302" WIDTH="65" HEIGHT="30" WC="0.96" CONTENT="och"/><SP WIDTH="22" VPOS="1302" HPOS="1111"/>
							<String ID="string_212" HPOS="1133" VPOS="1305" WIDTH="62" HEIGHT="27" WC="0.95" CONTENT="ost."/><SP WIDTH="22" VPOS="1305" HPOS="1195"/>
							<String ID="string_213" HPOS="1217" VPOS="1303" WIDTH="52" HEIGHT="30" WC="0.96" CONTENT="Då"/><SP WIDTH="22" VPOS="1303" HPOS="1269"/>
							<String ID="string_214" HPOS="1291" VPOS="1304" WIDTH="41" HEIGHT="30" WC="0.96" CONTENT="de"/><SP WIDTH="23" VPOS="1304" HPOS="1332"/>
							<String ID="string_215" HPOS="1355" VPOS="1305" WIDTH="123" HEIGHT="39" WC="0.96" CONTENT="högsta"/><SP WIDTH="23" VPOS="1305" HPOS="1478"/>
							<String ID="string_216" HPOS="1501" VPOS="1306" WIDTH="244" HEIGHT="40" WC="0.91" CONTENT="avgiftsbelop-"/>
						</TextLine>
						<TextLine ID="line_22" HPOS="247" VPOS="1346" WIDTH="1498" HEIGHT="50">
							<String ID="string_217" HPOS="247" VPOS="1353" WIDTH="66" HEIGHT="30" WC="0.95" CONTENT="pen"/><SP WIDTH="19" VPOS="1353" HPOS="313"/>
							<String ID="string_218" HPOS="332" VPOS="1346" WIDTH="106" HEIGHT="29" WC="0.96" CONTENT="redan"/><SP WIDTH="19" VPOS="1346" HPOS="438"/>
							<String ID="string_219" HPOS="457" VPOS="1347" WIDTH="167" HEIGHT="39" WC="0.96" CONTENT="uppnåtts"/><SP WIDTH="19" VPOS="1347" HPOS="624"/>
							<String ID="string_220" HPOS="643" VPOS="1348" WIDTH="81" HEIGHT="30" WC="0.96" CONTENT="eller"/><SP WIDTH="18" VPOS="1348" HPOS="724"/>
							<String ID="string_221" HPOS="742" VPOS="1349" WIDTH="10" HEIGHT="30" WC="0.96" CONTENT="i"/><SP WIDTH="19" VPOS="1349" HPOS="752"/>
							<String ID="string_222" HPOS="771" VPOS="1350" WIDTH="57" HEIGHT="30" WC="0.96" CONTENT="det"/><SP WIDTH="19" VPOS="1350" HPOS="828"/>
							<String ID="string_223" HPOS="847" VPOS="1350" WIDTH="176" HEIGHT="31" WC="0.96" CONTENT="närmaste"/><SP WIDTH="20" VPOS="1350" HPOS="1023"/>
							<String ID="string_224" HPOS="1043" VPOS="1352" WIDTH="166" HEIGHT="39" WC="0.96" CONTENT="uppnåtts"/><SP WIDTH="20" VPOS="1352" HPOS="1209"/>
							<String ID="string_225" HPOS="1229" VPOS="1353" WIDTH="54" HEIGHT="30" WC="0.96" CONTENT="för"/><SP WIDTH="19" VPOS="1353" HPOS="1283"/>
							<String ID="string_226" HPOS="1302" VPOS="1354" WIDTH="42" HEIGHT="31" WC="0.96" CONTENT="de"/><SP WIDTH="19" VPOS="1354" HPOS="1344"/>
							<String ID="string_227" HPOS="1363" VPOS="1354" WIDTH="144" HEIGHT="31" WC="0.93" CONTENT="berörda"/><SP WIDTH="21" VPOS="1354" HPOS="1507"/>
							<String ID="string_228" HPOS="1528" VPOS="1357" WIDTH="217" HEIGHT="39" WC="0.92" CONTENT="varuslagen,"/>
						</TextLine>
						<TextLine ID="line_23" HPOS="246" VPOS="1395" WIDTH="1499" HEIGHT="51">
							<String ID="string_229" HPOS="246" VPOS="1395" WIDTH="64" HEIGHT="29" WC="0.93" CONTENT="har"/><SP WIDTH="19" VPOS="1395" HPOS="310"/>
							<String ID="string_230" HPOS="329" VPOS="1395" WIDTH="381" HEIGHT="39" WC="0.92" CONTENT="jordbruksnämnden,"/><SP WIDTH="23" VPOS="1395" HPOS="710"/>
							<String ID="string_231" HPOS="733" VPOS="1399" WIDTH="116" HEIGHT="30" WC="0.96" CONTENT="såsom"/><SP WIDTH="22" VPOS="1399" HPOS="849"/>
							<String ID="string_232" HPOS="871" VPOS="1402" WIDTH="10" HEIGHT="29" WC="0.96" CONTENT="i"/><SP WIDTH="22" VPOS="1402" HPOS="881"/>
							<String ID="string_233" HPOS="903" VPOS="1401" WIDTH="55" HEIGHT="29" WC="0.96" CONTENT="det"/><SP WIDTH="23" VPOS="1401" HPOS="958"/>
							<String ID="string_234" HPOS="981" VPOS="1401" WIDTH="207" HEIGHT="40" WC="0.96" CONTENT="föregående"/><SP WIDTH="22" VPOS="1401" HPOS="1188"/>
							<String ID="string_235" HPOS="1210" VPOS="1404" WIDTH="204" HEIGHT="35" WC="0.96" CONTENT="redovisats,"/><SP WIDTH="22" VPOS="1404" HPOS="1414"/>
							<String ID="string_236" HPOS="1436" VPOS="1405" WIDTH="179" HEIGHT="41" WC="0.96" CONTENT="föreslagit"/><SP WIDTH="22" VPOS="1405" HPOS="1615"/>
							<String ID="string_237" HPOS="1637" VPOS="1407" WIDTH="108" HEIGHT="39" WC="0.96" CONTENT="höjda"/>
						</TextLine>
						<TextLine ID="line_24" HPOS="245" VPOS="1444" WIDTH="1501" HEIGHT="52">
							<String ID="string_238" HPOS="245" VPOS="1444" WIDTH="272" HEIGHT="41" WC="0.91" CONTENT="maximibelopp"/><SP WIDTH="19" VPOS="1444" HPOS="517"/>
							<String ID="string_239" HPOS="536" VPOS="1447" WIDTH="79" HEIGHT="29" WC="0.96" CONTENT="från"/><SP WIDTH="21" VPOS="1447" HPOS="615"/>
							<String ID="string_240" HPOS="636" VPOS="1449" WIDTH="64" HEIGHT="28" WC="0.96" CONTENT="och"/><SP WIDTH="20" VPOS="1449" HPOS="700"/>
							<String ID="string_241" HPOS="720" VPOS="1449" WIDTH="78" HEIGHT="29" WC="0.96" CONTENT="med"/><SP WIDTH="21" VPOS="1449" HPOS="798"/>
							<String ID="string_242" HPOS="819" VPOS="1450" WIDTH="67" HEIGHT="29" WC="0.96" CONTENT="den"/><SP WIDTH="23" VPOS="1450" HPOS="886"/>
							<String ID="string_243" HPOS="909" VPOS="1452" WIDTH="12" HEIGHT="28" WC="0.96" CONTENT="1"/><SP WIDTH="22" VPOS="1452" HPOS="921"/>
							<String ID="string_244" HPOS="943" VPOS="1450" WIDTH="67" HEIGHT="39" WC="0.96" CONTENT="juli"/><SP WIDTH="23" VPOS="1450" HPOS="1010"/>
							<String ID="string_245" HPOS="1033" VPOS="1451" WIDTH="93" HEIGHT="30" WC="0.96" CONTENT="1963."/><SP WIDTH="21" VPOS="1451" HPOS="1126"/>
							<String ID="string_246" HPOS="1147" VPOS="1453" WIDTH="69" HEIGHT="30" WC="0.96" CONTENT="Mot"/><SP WIDTH="21" VPOS="1453" HPOS="1216"/>
							<String ID="string_247" HPOS="1237" VPOS="1454" WIDTH="196" HEIGHT="31" WC="0.96" CONTENT="nämndens"/><SP WIDTH="21" VPOS="1454" HPOS="1433"/>
							<String ID="string_248" HPOS="1454" VPOS="1455" WIDTH="131" HEIGHT="41" WC="0.96" CONTENT="förslag"/><SP WIDTH="19" VPOS="1455" HPOS="1585"/>
							<String ID="string_249" HPOS="1604" VPOS="1457" WIDTH="65" HEIGHT="29" WC="0.95" CONTENT="har"/><SP WIDTH="18" VPOS="1457" HPOS="1669"/>
							<String ID="string_250" HPOS="1687" VPOS="1457" WIDTH="59" HEIGHT="39" WC="0.96" CONTENT="jag"/>
						</TextLine>
						<TextLine ID="line_25" HPOS="245" VPOS="1493" WIDTH="297" HEIGHT="33">
							<String ID="string_251" HPOS="245" VPOS="1493" WIDTH="88" HEIGHT="31" WC="0.96" CONTENT="intet"/><SP WIDTH="17" VPOS="1493" HPOS="333"/>
							<String ID="string_252" HPOS="350" VPOS="1497" WIDTH="50" HEIGHT="28" WC="0.96" CONTENT="att"/><SP WIDTH="17" VPOS="1497" HPOS="400"/>
							<String ID="string_253" HPOS="417" VPOS="1496" WIDTH="125" HEIGHT="30" WC="0.96" CONTENT="erinra."/>
						</TextLine>
					</TextBlock>
				</ComposedBlock>
				<ComposedBlock ID="cblock_5" HPOS="241" VPOS="1569" WIDTH="1504" HEIGHT="449">
					<TextBlock ID="block_5" HPOS="241" VPOS="1569" WIDTH="1504" HEIGHT="449">
						<TextLine ID="line_26" HPOS="285" VPOS="1569" WIDTH="1457" HEIGHT="53">
							<String ID="string_254" HPOS="285" VPOS="1569" WIDTH="395" HEIGHT="34" WC="0.92" CONTENT="Jordbruksnämndens"/><SP WIDTH="16" VPOS="1569" HPOS="680"/>
							<String ID="string_255" HPOS="696" VPOS="1574" WIDTH="261" HEIGHT="41" WC="0.96" CONTENT="framställning"/><SP WIDTH="15" VPOS="1574" HPOS="957"/>
							<String ID="string_256" HPOS="972" VPOS="1577" WIDTH="147" HEIGHT="31" WC="0.96" CONTENT="rörande"/><SP WIDTH="16" VPOS="1577" HPOS="1119"/>
							<String ID="string_257" HPOS="1135" VPOS="1577" WIDTH="277" HEIGHT="42" WC="0.96" CONTENT="bemyndigande"/><SP WIDTH="17" VPOS="1577" HPOS="1412"/>
							<String ID="string_258" HPOS="1429" VPOS="1580" WIDTH="53" HEIGHT="31" WC="0.96" CONTENT="för"/><SP WIDTH="16" VPOS="1580" HPOS="1482"/>
							<String ID="string_259" HPOS="1498" VPOS="1582" WIDTH="124" HEIGHT="40" WC="0.95" CONTENT="Kungl."/><SP WIDTH="18" VPOS="1582" HPOS="1622"/>
							<String ID="string_260" HPOS="1640" VPOS="1583" WIDTH="102" HEIGHT="38" WC="0.84" CONTENT="Maj:t"/>
						</TextLine>
						<TextLine ID="line_27" HPOS="243" VPOS="1620" WIDTH="1500" HEIGHT="49">
							<String ID="string_261" HPOS="243" VPOS="1621" WIDTH="50" HEIGHT="28" WC="0.96" CONTENT="att"/><SP WIDTH="22" VPOS="1621" HPOS="293"/>
							<String ID="string_262" HPOS="315" VPOS="1620" WIDTH="44" HEIGHT="39" WC="0.96" CONTENT="på"/><SP WIDTH="21" VPOS="1620" HPOS="359"/>
							<String ID="string_263" HPOS="380" VPOS="1620" WIDTH="129" HEIGHT="41" WC="0.96" CONTENT="förslag"/><SP WIDTH="20" VPOS="1620" HPOS="509"/>
							<String ID="string_264" HPOS="529" VPOS="1632" WIDTH="42" HEIGHT="20" WC="0.96" CONTENT="av"/><SP WIDTH="21" VPOS="1632" HPOS="571"/>
							<String ID="string_265" HPOS="592" VPOS="1624" WIDTH="177" HEIGHT="30" WC="0.96" CONTENT="nämnden"/><SP WIDTH="20" VPOS="1624" HPOS="769"/>
							<String ID="string_266" HPOS="789" VPOS="1624" WIDTH="137" HEIGHT="32" WC="0.96" CONTENT="besluta"/><SP WIDTH="20" VPOS="1624" HPOS="926"/>
							<String ID="string_267" HPOS="946" VPOS="1636" WIDTH="55" HEIGHT="20" WC="0.92" CONTENT="om"/><SP WIDTH="40" VPOS="1636" HPOS="1001"/>
							<String ID="string_268" HPOS="1041" VPOS="1628" WIDTH="214" HEIGHT="41" WC="0.88" CONTENT="stödköp"/><SP WIDTH="40" VPOS="1628" HPOS="1255"/>
							<String ID="string_269" HPOS="1295" VPOS="1639" WIDTH="53" HEIGHT="21" WC="0.93" CONTENT="av"/><SP WIDTH="38" VPOS="1639" HPOS="1348"/>
							<String ID="string_270" HPOS="1386" VPOS="1630" WIDTH="240" HEIGHT="32" WC="0.91" CONTENT="fodersäd"/><SP WIDTH="41" VPOS="1630" HPOS="1626"/>
							<String ID="string_271" HPOS="1667" VPOS="1633" WIDTH="76" HEIGHT="30" WC="0.96" CONTENT="för"/>
						</TextLine>
						<TextLine ID="line_28" HPOS="244" VPOS="1669" WIDTH="1498" HEIGHT="54">
							<String ID="string_272" HPOS="244" VPOS="1669" WIDTH="192" HEIGHT="42" WC="0.96" CONTENT="lagring"/><SP WIDTH="49" VPOS="1669" HPOS="436"/>
							<String ID="string_273" HPOS="485" VPOS="1672" WIDTH="80" HEIGHT="30" WC="0.96" CONTENT="till"/><SP WIDTH="51" VPOS="1672" HPOS="565"/>
							<String ID="string_274" HPOS="616" VPOS="1674" WIDTH="376" HEIGHT="40" WC="0.93" CONTENT="efterföljande"/><SP WIDTH="51" VPOS="1674" HPOS="992"/>
							<String ID="string_275" HPOS="1043" VPOS="1679" WIDTH="351" HEIGHT="40" WC="0.91" CONTENT="regleringsår"/><SP WIDTH="51" VPOS="1679" HPOS="1394"/>
							<String ID="string_276" HPOS="1445" VPOS="1681" WIDTH="116" HEIGHT="31" WC="0.95" CONTENT="finner"/><SP WIDTH="25" VPOS="1681" HPOS="1561"/>
							<String ID="string_277" HPOS="1586" VPOS="1683" WIDTH="59" HEIGHT="39" WC="0.95" CONTENT="jag"/><SP WIDTH="26" VPOS="1683" HPOS="1645"/>
							<String ID="string_278" HPOS="1671" VPOS="1684" WIDTH="71" HEIGHT="39" WC="0.96" CONTENT="mig"/>
						</TextLine>
						<TextLine ID="line_29" HPOS="244" VPOS="1719" WIDTH="1501" HEIGHT="53">
							<String ID="string_279" HPOS="244" VPOS="1719" WIDTH="123" HEIGHT="31" WC="0.96" CONTENT="kunna"/><SP WIDTH="20" VPOS="1719" HPOS="367"/>
							<String ID="string_280" HPOS="387" VPOS="1720" WIDTH="146" HEIGHT="32" WC="0.93" CONTENT="biträda."/><SP WIDTH="21" VPOS="1720" HPOS="533"/>
							<String ID="string_281" HPOS="554" VPOS="1723" WIDTH="66" HEIGHT="40" WC="0.96" CONTENT="Jag"/><SP WIDTH="21" VPOS="1723" HPOS="620"/>
							<String ID="string_282" HPOS="641" VPOS="1733" WIDTH="101" HEIGHT="21" WC="0.96" CONTENT="anser"/><SP WIDTH="21" VPOS="1733" HPOS="742"/>
							<String ID="string_283" HPOS="763" VPOS="1725" WIDTH="191" HEIGHT="31" WC="0.96" CONTENT="emellertid"/><SP WIDTH="23" VPOS="1725" HPOS="954"/>
							<String ID="string_284" HPOS="977" VPOS="1729" WIDTH="50" HEIGHT="28" WC="0.96" CONTENT="att"/><SP WIDTH="22" VPOS="1729" HPOS="1027"/>
							<String ID="string_285" HPOS="1049" VPOS="1737" WIDTH="41" HEIGHT="20" WC="0.96" CONTENT="en"/><SP WIDTH="23" VPOS="1737" HPOS="1090"/>
							<String ID="string_286" HPOS="1113" VPOS="1728" WIDTH="94" HEIGHT="39" WC="0.96" CONTENT="dylik"/><SP WIDTH="22" VPOS="1728" HPOS="1207"/>
							<String ID="string_287" HPOS="1229" VPOS="1729" WIDTH="123" HEIGHT="40" WC="0.96" CONTENT="åtgärd"/><SP WIDTH="21" VPOS="1729" HPOS="1352"/>
							<String ID="string_288" HPOS="1373" VPOS="1731" WIDTH="62" HEIGHT="29" WC="0.92" CONTENT="bör"/><SP WIDTH="21" VPOS="1731" HPOS="1435"/>
							<String ID="string_289" HPOS="1456" VPOS="1732" WIDTH="172" HEIGHT="40" WC="0.92" CONTENT="tillgripas"/><SP WIDTH="22" VPOS="1732" HPOS="1628"/>
							<String ID="string_290" HPOS="1650" VPOS="1733" WIDTH="10" HEIGHT="29" WC="0.92" CONTENT="i"/><SP WIDTH="22" VPOS="1733" HPOS="1660"/>
							<String ID="string_291" HPOS="1682" VPOS="1743" WIDTH="63" HEIGHT="20" WC="0.91" CONTENT="un-"/>
						</TextLine>
						<TextLine ID="line_30" HPOS="241" VPOS="1770" WIDTH="1498" HEIGHT="52">
							<String ID="string_292" HPOS="241" VPOS="1770" WIDTH="213" HEIGHT="40" WC="0.91" CONTENT="dantagsfall"/><SP WIDTH="17" VPOS="1770" HPOS="454"/>
							<String ID="string_293" HPOS="471" VPOS="1772" WIDTH="45" HEIGHT="30" WC="0.96" CONTENT="då"/><SP WIDTH="15" VPOS="1772" HPOS="516"/>
							<String ID="string_294" HPOS="531" VPOS="1774" WIDTH="156" HEIGHT="39" WC="0.96" CONTENT="vägande"/><SP WIDTH="17" VPOS="1774" HPOS="687"/>
							<String ID="string_295" HPOS="704" VPOS="1775" WIDTH="231" HEIGHT="32" WC="0.96" CONTENT="ekonomiska"/><SP WIDTH="16" VPOS="1775" HPOS="935"/>
							<String ID="string_296" HPOS="951" VPOS="1777" WIDTH="75" HEIGHT="30" WC="0.96" CONTENT="skäl"/><SP WIDTH="18" VPOS="1777" HPOS="1026"/>
							<String ID="string_297" HPOS="1044" VPOS="1779" WIDTH="89" HEIGHT="30" WC="0.96" CONTENT="talar"/><SP WIDTH="16" VPOS="1779" HPOS="1133"/>
							<String ID="string_298" HPOS="1149" VPOS="1779" WIDTH="130" HEIGHT="31" WC="0.95" CONTENT="härför."/><SP WIDTH="18" VPOS="1779" HPOS="1279"/>
							<String ID="string_299" HPOS="1297" VPOS="1781" WIDTH="52" HEIGHT="29" WC="0.95" CONTENT="En"/><SP WIDTH="18" VPOS="1781" HPOS="1349"/>
							<String ID="string_300" HPOS="1367" VPOS="1781" WIDTH="134" HEIGHT="41" WC="0.96" CONTENT="lagring"/><SP WIDTH="17" VPOS="1781" HPOS="1501"/>
							<String ID="string_301" HPOS="1518" VPOS="1792" WIDTH="42" HEIGHT="20" WC="0.93" CONTENT="av"/><SP WIDTH="17" VPOS="1792" HPOS="1560"/>
							<String ID="string_302" HPOS="1577" VPOS="1783" WIDTH="162" HEIGHT="31" WC="0.92" CONTENT="fodersäd"/>
						</TextLine>
						<TextLine ID="line_31" HPOS="243" VPOS="1820" WIDTH="1496" HEIGHT="50">
							<String ID="string_303" HPOS="243" VPOS="1820" WIDTH="53" HEIGHT="30" WC="0.96" CONTENT="för"/><SP WIDTH="19" VPOS="1820" HPOS="296"/>
							<String ID="string_304" HPOS="315" VPOS="1822" WIDTH="118" HEIGHT="39" WC="0.96" CONTENT="längre"/><SP WIDTH="20" VPOS="1822" HPOS="433"/>
							<String ID="string_305" HPOS="453" VPOS="1823" WIDTH="50" HEIGHT="29" WC="0.96" CONTENT="tid"/><SP WIDTH="20" VPOS="1823" HPOS="503"/>
							<String ID="string_306" HPOS="523" VPOS="1824" WIDTH="43" HEIGHT="29" WC="0.96" CONTENT="än"/><SP WIDTH="21" VPOS="1824" HPOS="566"/>
							<String ID="string_307" HPOS="587" VPOS="1824" WIDTH="65" HEIGHT="30" WC="0.96" CONTENT="vad"/><SP WIDTH="21" VPOS="1824" HPOS="652"/>
							<String ID="string_308" HPOS="673" VPOS="1824" WIDTH="280" HEIGHT="33" WC="0.96" CONTENT="hittillsvarande"/><SP WIDTH="19" VPOS="1824" HPOS="953"/>
							<String ID="string_309" HPOS="972" VPOS="1827" WIDTH="276" HEIGHT="41" WC="0.96" CONTENT="bemyndigande"/><SP WIDTH="21" VPOS="1827" HPOS="1248"/>
							<String ID="string_310" HPOS="1269" VPOS="1831" WIDTH="140" HEIGHT="39" WC="0.96" CONTENT="medger"/><SP WIDTH="20" VPOS="1831" HPOS="1409"/>
							<String ID="string_311" HPOS="1429" VPOS="1832" WIDTH="62" HEIGHT="30" WC="0.96" CONTENT="bör"/><SP WIDTH="20" VPOS="1832" HPOS="1491"/>
							<String ID="string_312" HPOS="1511" VPOS="1832" WIDTH="147" HEIGHT="31" WC="0.96" CONTENT="sålunda"/><SP WIDTH="21" VPOS="1832" HPOS="1658"/>
							<String ID="string_313" HPOS="1679" VPOS="1835" WIDTH="60" HEIGHT="29" WC="0.96" CONTENT="ske"/>
						</TextLine>
						<TextLine ID="line_32" HPOS="241" VPOS="1872" WIDTH="1499" HEIGHT="44">
							<String ID="string_314" HPOS="241" VPOS="1872" WIDTH="124" HEIGHT="29" WC="0.96" CONTENT="endast"/><SP WIDTH="23" VPOS="1872" HPOS="365"/>
							<String ID="string_315" HPOS="388" VPOS="1872" WIDTH="43" HEIGHT="30" WC="0.96" CONTENT="då"/><SP WIDTH="20" VPOS="1872" HPOS="431"/>
							<String ID="string_316" HPOS="451" VPOS="1873" WIDTH="56" HEIGHT="30" WC="0.96" CONTENT="det"/><SP WIDTH="23" VPOS="1873" HPOS="507"/>
							<String ID="string_317" HPOS="530" VPOS="1874" WIDTH="37" HEIGHT="29" WC="0.96" CONTENT="är"/><SP WIDTH="23" VPOS="1874" HPOS="567"/>
							<String ID="string_318" HPOS="590" VPOS="1875" WIDTH="206" HEIGHT="39" WC="0.95" CONTENT="uppenbart,"/><SP WIDTH="23" VPOS="1875" HPOS="796"/>
							<String ID="string_319" HPOS="819" VPOS="1878" WIDTH="49" HEIGHT="28" WC="0.96" CONTENT="att"/><SP WIDTH="21" VPOS="1878" HPOS="868"/>
							<String ID="string_320" HPOS="889" VPOS="1880" WIDTH="120" HEIGHT="36" WC="0.96" CONTENT="export"/><SP WIDTH="22" VPOS="1880" HPOS="1009"/>
							<String ID="string_321" HPOS="1031" VPOS="1887" WIDTH="42" HEIGHT="20" WC="0.93" CONTENT="av"/><SP WIDTH="22" VPOS="1887" HPOS="1073"/>
							<String ID="string_322" HPOS="1095" VPOS="1879" WIDTH="160" HEIGHT="31" WC="0.93" CONTENT="fodersäd"/><SP WIDTH="23" VPOS="1879" HPOS="1255"/>
							<String ID="string_323" HPOS="1278" VPOS="1881" WIDTH="10" HEIGHT="29" WC="0.97" CONTENT="i"/><SP WIDTH="22" VPOS="1881" HPOS="1288"/>
							<String ID="string_324" HPOS="1310" VPOS="1890" WIDTH="42" HEIGHT="21" WC="0.93" CONTENT="en"/><SP WIDTH="22" VPOS="1890" HPOS="1352"/>
							<String ID="string_325" HPOS="1374" VPOS="1883" WIDTH="366" HEIGHT="31" WC="0.92" CONTENT="överskottssituation"/>
						</TextLine>
						<TextLine ID="line_33" HPOS="242" VPOS="1921" WIDTH="1500" HEIGHT="49">
							<String ID="string_326" HPOS="242" VPOS="1921" WIDTH="80" HEIGHT="29" WC="0.96" CONTENT="med"/><SP WIDTH="24" VPOS="1921" HPOS="322"/>
							<String ID="string_327" HPOS="346" VPOS="1931" WIDTH="43" HEIGHT="20" WC="0.95" CONTENT="en"/><SP WIDTH="24" VPOS="1931" HPOS="389"/>
							<String ID="string_328" HPOS="413" VPOS="1921" WIDTH="247" HEIGHT="41" WC="0.95" CONTENT="efterföljande"/><SP WIDTH="26" VPOS="1921" HPOS="660"/>
							<String ID="string_329" HPOS="686" VPOS="1924" WIDTH="138" HEIGHT="40" WC="0.96" CONTENT="import,"/><SP WIDTH="25" VPOS="1924" HPOS="824"/>
							<String ID="string_330" HPOS="849" VPOS="1926" WIDTH="44" HEIGHT="30" WC="0.97" CONTENT="då"/><SP WIDTH="24" VPOS="1926" HPOS="893"/>
							<String ID="string_331" HPOS="917" VPOS="1926" WIDTH="110" HEIGHT="32" WC="0.96" CONTENT="behov"/><SP WIDTH="24" VPOS="1926" HPOS="1027"/>
							<String ID="string_332" HPOS="1051" VPOS="1928" WIDTH="106" HEIGHT="31" WC="0.96" CONTENT="därav"/><SP WIDTH="26" VPOS="1928" HPOS="1157"/>
							<String ID="string_333" HPOS="1183" VPOS="1930" WIDTH="193" HEIGHT="40" WC="0.96" CONTENT="föreligger,"/><SP WIDTH="26" VPOS="1930" HPOS="1376"/>
							<String ID="string_334" HPOS="1402" VPOS="1932" WIDTH="69" HEIGHT="29" WC="0.96" CONTENT="kan"/><SP WIDTH="26" VPOS="1932" HPOS="1471"/>
							<String ID="string_335" HPOS="1497" VPOS="1933" WIDTH="173" HEIGHT="31" WC="0.96" CONTENT="beräknas"/><SP WIDTH="26" VPOS="1933" HPOS="1670"/>
							<String ID="string_336" HPOS="1696" VPOS="1934" WIDTH="46" HEIGHT="29" WC="0.96" CONTENT="bli"/>
						</TextLine>
						<TextLine ID="line_34" HPOS="242" VPOS="1970" WIDTH="1180" HEIGHT="48">
							<String ID="string_337" HPOS="242" VPOS="1970" WIDTH="255" HEIGHT="32" WC="0.90" CONTENT="kostsammare"/><SP WIDTH="21" VPOS="1970" HPOS="497"/>
							<String ID="string_338" HPOS="518" VPOS="1973" WIDTH="45" HEIGHT="30" WC="0.95" CONTENT="än"/><SP WIDTH="22" VPOS="1973" HPOS="563"/>
							<String ID="string_339" HPOS="585" VPOS="1973" WIDTH="134" HEIGHT="41" WC="0.96" CONTENT="lagring"/><SP WIDTH="22" VPOS="1973" HPOS="719"/>
							<String ID="string_340" HPOS="741" VPOS="1975" WIDTH="79" HEIGHT="31" WC="0.96" CONTENT="från"/><SP WIDTH="22" VPOS="1975" HPOS="820"/>
							<String ID="string_341" HPOS="842" VPOS="1979" WIDTH="48" HEIGHT="27" WC="0.93" CONTENT="ett"/><SP WIDTH="21" VPOS="1979" HPOS="890"/>
							<String ID="string_342" HPOS="911" VPOS="1978" WIDTH="230" HEIGHT="40" WC="0.92" CONTENT="regleringsår"/><SP WIDTH="20" VPOS="1978" HPOS="1141"/>
							<String ID="string_343" HPOS="1161" VPOS="1980" WIDTH="51" HEIGHT="30" WC="0.96" CONTENT="till"/><SP WIDTH="22" VPOS="1980" HPOS="1212"/>
							<String ID="string_344" HPOS="1234" VPOS="1983" WIDTH="48" HEIGHT="28" WC="0.96" CONTENT="ett"/><SP WIDTH="22" VPOS="1983" HPOS="1282"/>
							<String ID="string_345" HPOS="1304" VPOS="1984" WIDTH="118" HEIGHT="28" WC="0.96" CONTENT="annat."/>
						</TextLine>
					</TextBlock>
				</ComposedBlock>
				<ComposedBlock ID="cblock_6" HPOS="237" VPOS="2046" WIDTH="1504" HEIGHT="301">
					<TextBlock ID="block_6" HPOS="237" VPOS="2046" WIDTH="1504" HEIGHT="301">
						<TextLine ID="line_35" HPOS="287" VPOS="2046" WIDTH="1454" HEIGHT="50">
							<String ID="string_346" HPOS="287" VPOS="2047" WIDTH="12" HEIGHT="28" WC="0.96" CONTENT="I"/><SP WIDTH="29" VPOS="2047" HPOS="299"/>
							<String ID="string_347" HPOS="328" VPOS="2046" WIDTH="98" HEIGHT="40" WC="0.96" CONTENT="fråga"/><SP WIDTH="27" VPOS="2046" HPOS="426"/>
							<String ID="string_348" HPOS="453" VPOS="2057" WIDTH="56" HEIGHT="20" WC="0.96" CONTENT="om"/><SP WIDTH="28" VPOS="2057" HPOS="509"/>
							<String ID="string_349" HPOS="537" VPOS="2050" WIDTH="264" HEIGHT="31" WC="0.96" CONTENT="storleken"/><SP WIDTH="28" VPOS="2050" HPOS="801"/>
							<String ID="string_350" HPOS="829" VPOS="2053" WIDTH="87" HEIGHT="29" WC="0.96" CONTENT="och"/><SP WIDTH="27" VPOS="2053" HPOS="916"/>
							<String ID="string_351" HPOS="943" VPOS="2055" WIDTH="390" HEIGHT="41" WC="0.96" CONTENT="användningen"/><SP WIDTH="29" VPOS="2055" HPOS="1333"/>
							<String ID="string_352" HPOS="1362" VPOS="2067" WIDTH="51" HEIGHT="20" WC="0.93" CONTENT="av"/><SP WIDTH="27" VPOS="2067" HPOS="1413"/>
							<String ID="string_353" HPOS="1440" VPOS="2058" WIDTH="301" HEIGHT="32" WC="0.90" CONTENT="införselav-"/>
						</TextLine>
						<TextLine ID="line_36" HPOS="241" VPOS="2096" WIDTH="1500" HEIGHT="50">
							<String ID="string_354" HPOS="241" VPOS="2096" WIDTH="297" HEIGHT="40" WC="0.90" CONTENT="giftsmedel"/><SP WIDTH="29" VPOS="2096" HPOS="538"/>
							<String ID="string_355" HPOS="567" VPOS="2099" WIDTH="44" HEIGHT="39" WC="0.96" CONTENT="på"/><SP WIDTH="28" VPOS="2099" HPOS="611"/>
							<String ID="string_356" HPOS="639" VPOS="2100" WIDTH="227" HEIGHT="39" WC="0.96" CONTENT="jordbrukets"/><SP WIDTH="29" VPOS="2100" HPOS="866"/>
							<String ID="string_357" HPOS="895" VPOS="2104" WIDTH="141" HEIGHT="30" WC="0.96" CONTENT="område"/><SP WIDTH="28" VPOS="2104" HPOS="1036"/>
							<String ID="string_358" HPOS="1064" VPOS="2105" WIDTH="64" HEIGHT="29" WC="0.96" CONTENT="har"/><SP WIDTH="28" VPOS="2105" HPOS="1128"/>
							<String ID="string_359" HPOS="1156" VPOS="2106" WIDTH="9" HEIGHT="29" WC="0.96" CONTENT="i"/><SP WIDTH="30" VPOS="2106" HPOS="1165"/>
							<String ID="string_360" HPOS="1195" VPOS="2106" WIDTH="55" HEIGHT="30" WC="0.96" CONTENT="det"/><SP WIDTH="32" VPOS="2106" HPOS="1250"/>
							<String ID="string_361" HPOS="1282" VPOS="2106" WIDTH="206" HEIGHT="40" WC="0.96" CONTENT="föregående"/><SP WIDTH="29" VPOS="2106" HPOS="1488"/>
							<String ID="string_362" HPOS="1517" VPOS="2109" WIDTH="152" HEIGHT="31" WC="0.96" CONTENT="lämnats"/><SP WIDTH="29" VPOS="2109" HPOS="1669"/>
							<String ID="string_363" HPOS="1698" VPOS="2119" WIDTH="43" HEIGHT="21" WC="0.96" CONTENT="en"/>
						</TextLine>
						<TextLine ID="line_37" HPOS="240" VPOS="2147" WIDTH="1500" HEIGHT="58">
							<String ID="string_364" HPOS="240" VPOS="2147" WIDTH="218" HEIGHT="40" WC="0.96" CONTENT="redogörelse"/><SP WIDTH="20" VPOS="2147" HPOS="458"/>
							<String ID="string_365" HPOS="478" VPOS="2148" WIDTH="55" HEIGHT="30" WC="0.96" CONTENT="för"/><SP WIDTH="19" VPOS="2148" HPOS="533"/>
							<String ID="string_366" HPOS="552" VPOS="2149" WIDTH="93" HEIGHT="30" WC="0.96" CONTENT="vissa"/><SP WIDTH="20" VPOS="2149" HPOS="645"/>
							<String ID="string_367" HPOS="665" VPOS="2159" WIDTH="42" HEIGHT="20" WC="0.93" CONTENT="av"/><SP WIDTH="17" VPOS="2159" HPOS="707"/>
							<String ID="string_368" HPOS="724" VPOS="2151" WIDTH="372" HEIGHT="38" WC="0.91" CONTENT="jordbruksnämnden"/><SP WIDTH="21" VPOS="2151" HPOS="1096"/>
							<String ID="string_369" HPOS="1117" VPOS="2155" WIDTH="121" HEIGHT="39" WC="0.96" CONTENT="gjorda"/><SP WIDTH="20" VPOS="2155" HPOS="1238"/>
							<String ID="string_370" HPOS="1258" VPOS="2156" WIDTH="235" HEIGHT="41" WC="0.96" CONTENT="beräkningar"/><SP WIDTH="20" VPOS="2156" HPOS="1493"/>
							<String ID="string_371" HPOS="1513" VPOS="2159" WIDTH="65" HEIGHT="30" WC="0.96" CONTENT="och"/><SP WIDTH="22" VPOS="2159" HPOS="1578"/>
							<String ID="string_372" HPOS="1600" VPOS="2155" WIDTH="140" HEIGHT="50" WC="0.96" CONTENT="förslag."/>
						</TextLine>
						<TextLine ID="line_38" HPOS="240" VPOS="2197" WIDTH="1498" HEIGHT="51">
							<String ID="string_373" HPOS="240" VPOS="2197" WIDTH="13" HEIGHT="29" WC="0.96" CONTENT="I"/><SP WIDTH="23" VPOS="2197" HPOS="253"/>
							<String ID="string_374" HPOS="276" VPOS="2197" WIDTH="111" HEIGHT="31" WC="0.96" CONTENT="likhet"/><SP WIDTH="23" VPOS="2197" HPOS="387"/>
							<String ID="string_375" HPOS="410" VPOS="2199" WIDTH="79" HEIGHT="29" WC="0.96" CONTENT="med"/><SP WIDTH="24" VPOS="2199" HPOS="489"/>
							<String ID="string_376" HPOS="513" VPOS="2200" WIDTH="175" HEIGHT="30" WC="0.96" CONTENT="nämnden"/><SP WIDTH="27" VPOS="2200" HPOS="688"/>
							<String ID="string_377" HPOS="715" VPOS="2200" WIDTH="58" HEIGHT="30" WC="0.96" CONTENT="vill"/><SP WIDTH="23" VPOS="2200" HPOS="773"/>
							<String ID="string_378" HPOS="796" VPOS="2201" WIDTH="60" HEIGHT="40" WC="0.96" CONTENT="jag"/><SP WIDTH="24" VPOS="2201" HPOS="856"/>
							<String ID="string_379" HPOS="880" VPOS="2202" WIDTH="187" HEIGHT="31" WC="0.96" CONTENT="framhålla"/><SP WIDTH="24" VPOS="2202" HPOS="1067"/>
							<String ID="string_380" HPOS="1091" VPOS="2205" WIDTH="228" HEIGHT="30" WC="0.96" CONTENT="osäkerheten"/><SP WIDTH="26" VPOS="2205" HPOS="1319"/>
							<String ID="string_381" HPOS="1345" VPOS="2206" WIDTH="9" HEIGHT="29" WC="0.96" CONTENT="i"/><SP WIDTH="24" VPOS="2206" HPOS="1354"/>
							<String ID="string_382" HPOS="1378" VPOS="2207" WIDTH="281" HEIGHT="41" WC="0.96" CONTENT="beräkningarna"/><SP WIDTH="25" VPOS="2207" HPOS="1659"/>
							<String ID="string_383" HPOS="1684" VPOS="2209" WIDTH="54" HEIGHT="31" WC="0.96" CONTENT="för"/>
						</TextLine>
						<TextLine ID="line_39" HPOS="237" VPOS="2248" WIDTH="1499" HEIGHT="51">
							<String ID="string_384" HPOS="237" VPOS="2248" WIDTH="276" HEIGHT="40" WC="0.92" CONTENT="regleringsåren"/><SP WIDTH="25" VPOS="2248" HPOS="513"/>
							<String ID="string_385" HPOS="538" VPOS="2250" WIDTH="149" HEIGHT="35" WC="0.92" CONTENT="1962/63"/><SP WIDTH="22" VPOS="2250" HPOS="687"/>
							<String ID="string_386" HPOS="709" VPOS="2252" WIDTH="65" HEIGHT="29" WC="0.93" CONTENT="och"/><SP WIDTH="25" VPOS="2252" HPOS="774"/>
							<String ID="string_387" HPOS="799" VPOS="2252" WIDTH="149" HEIGHT="35" WC="0.92" CONTENT="1963/64"/><SP WIDTH="23" VPOS="2252" HPOS="948"/>
							<String ID="string_388" HPOS="971" VPOS="2253" WIDTH="51" HEIGHT="30" WC="0.96" CONTENT="till"/><SP WIDTH="23" VPOS="2253" HPOS="1022"/>
							<String ID="string_389" HPOS="1045" VPOS="2254" WIDTH="90" HEIGHT="40" WC="0.96" CONTENT="följd"/><SP WIDTH="22" VPOS="2254" HPOS="1135"/>
							<String ID="string_390" HPOS="1157" VPOS="2264" WIDTH="42" HEIGHT="21" WC="0.96" CONTENT="av"/><SP WIDTH="19" VPOS="2264" HPOS="1199"/>
							<String ID="string_391" HPOS="1218" VPOS="2256" WIDTH="104" HEIGHT="29" WC="0.96" CONTENT="bland"/><SP WIDTH="24" VPOS="2256" HPOS="1322"/>
							<String ID="string_392" HPOS="1346" VPOS="2259" WIDTH="108" HEIGHT="28" WC="0.96" CONTENT="annat"/><SP WIDTH="23" VPOS="2259" HPOS="1454"/>
							<String ID="string_393" HPOS="1477" VPOS="2259" WIDTH="259" HEIGHT="40" WC="0.92" CONTENT="spärreglernas"/>
						</TextLine>
						<TextLine ID="line_40" HPOS="239" VPOS="2299" WIDTH="1206" HEIGHT="48">
							<String ID="string_394" HPOS="239" VPOS="2299" WIDTH="210" HEIGHT="39" WC="0.96" CONTENT="verkningar"/><SP WIDTH="20" VPOS="2299" HPOS="449"/>
							<String ID="string_395" HPOS="469" VPOS="2300" WIDTH="64" HEIGHT="30" WC="0.96" CONTENT="och"/><SP WIDTH="22" VPOS="2300" HPOS="533"/>
							<String ID="string_396" HPOS="555" VPOS="2300" WIDTH="260" HEIGHT="40" WC="0.96" CONTENT="svårigheterna"/><SP WIDTH="21" VPOS="2300" HPOS="815"/>
							<String ID="string_397" HPOS="836" VPOS="2304" WIDTH="50" HEIGHT="29" WC="0.96" CONTENT="att"/><SP WIDTH="21" VPOS="2304" HPOS="886"/>
							<String ID="string_398" HPOS="907" VPOS="2303" WIDTH="132" HEIGHT="31" WC="0.92" CONTENT="förutse"/><SP WIDTH="21" VPOS="2303" HPOS="1039"/>
							<String ID="string_399" HPOS="1060" VPOS="2305" WIDTH="385" HEIGHT="42" WC="0.91" CONTENT="importutvecklingen."/>
						</TextLine>
					</TextBlock>
				</ComposedBlock>
				<ComposedBlock ID="cblock_7" HPOS="239" VPOS="2374" WIDTH="1500" HEIGHT="99">
					<TextBlock ID="block_7" HPOS="239" VPOS="2374" WIDTH="1500" HEIGHT="99">
						<TextLine ID="line_41" HPOS="285" VPOS="2374" WIDTH="1454" HEIGHT="52">
							<String ID="string_400" HPOS="285" VPOS="2374" WIDTH="168" HEIGHT="30" WC="0.96" CONTENT="Summan"/><SP WIDTH="22" VPOS="2374" HPOS="453"/>
							<String ID="string_401" HPOS="475" VPOS="2385" WIDTH="42" HEIGHT="20" WC="0.96" CONTENT="av"/><SP WIDTH="21" VPOS="2385" HPOS="517"/>
							<String ID="string_402" HPOS="538" VPOS="2376" WIDTH="41" HEIGHT="30" WC="0.93" CONTENT="de"/><SP WIDTH="22" VPOS="2376" HPOS="579"/>
							<String ID="string_403" HPOS="601" VPOS="2376" WIDTH="400" HEIGHT="40" WC="0.91" CONTENT="införselavgiftsmedel,"/><SP WIDTH="24" VPOS="2376" HPOS="1001"/>
							<String ID="string_404" HPOS="1025" VPOS="2389" WIDTH="74" HEIGHT="21" WC="0.93" CONTENT="som"/><SP WIDTH="22" VPOS="2389" HPOS="1099"/>
							<String ID="string_405" HPOS="1121" VPOS="2381" WIDTH="139" HEIGHT="40" WC="0.92" CONTENT="belöper"/><SP WIDTH="22" VPOS="2381" HPOS="1260"/>
							<String ID="string_406" HPOS="1282" VPOS="2383" WIDTH="44" HEIGHT="38" WC="0.96" CONTENT="på"/><SP WIDTH="22" VPOS="2383" HPOS="1326"/>
							<String ID="string_407" HPOS="1348" VPOS="2383" WIDTH="128" HEIGHT="40" WC="0.96" CONTENT="import"/><SP WIDTH="25" VPOS="2383" HPOS="1476"/>
							<String ID="string_408" HPOS="1501" VPOS="2386" WIDTH="110" HEIGHT="29" WC="0.96" CONTENT="under"/><SP WIDTH="21" VPOS="2386" HPOS="1611"/>
							<String ID="string_409" HPOS="1632" VPOS="2387" WIDTH="107" HEIGHT="39" WC="0.91" CONTENT="regle-"/>
						</TextLine>
						<TextLine ID="line_42" HPOS="239" VPOS="2424" WIDTH="1500" HEIGHT="49">
							<String ID="string_410" HPOS="239" VPOS="2424" WIDTH="172" HEIGHT="40" WC="0.91" CONTENT="ringsåret"/><SP WIDTH="30" VPOS="2424" HPOS="411"/>
							<String ID="string_411" HPOS="441" VPOS="2426" WIDTH="160" HEIGHT="36" WC="0.89" CONTENT="1961/62,"/><SP WIDTH="29" VPOS="2426" HPOS="601"/>
							<String ID="string_412" HPOS="630" VPOS="2427" WIDTH="133" HEIGHT="39" WC="0.95" CONTENT="uppgår"/><SP WIDTH="27" VPOS="2427" HPOS="763"/>
							<String ID="string_413" HPOS="790" VPOS="2428" WIDTH="107" HEIGHT="39" WC="0.92" CONTENT="enligt"/><SP WIDTH="27" VPOS="2428" HPOS="897"/>
							<String ID="string_414" HPOS="924" VPOS="2429" WIDTH="388" HEIGHT="39" WC="0.90" CONTENT="jordbruksnämndens"/><SP WIDTH="29" VPOS="2429" HPOS="1312"/>
							<String ID="string_415" HPOS="1341" VPOS="2434" WIDTH="216" HEIGHT="39" WC="0.96" CONTENT="redogörelse"/><SP WIDTH="29" VPOS="2434" HPOS="1557"/>
							<String ID="string_416" HPOS="1586" VPOS="2436" WIDTH="51" HEIGHT="29" WC="0.93" CONTENT="till"/><SP WIDTH="29" VPOS="2436" HPOS="1637"/>
							<String ID="string_417" HPOS="1666" VPOS="2445" WIDTH="73" HEIGHT="21" WC="0.92" CONTENT="om-"/>
						</TextLine>
					</TextBlock>
				</ComposedBlock>
			</PrintSpace>
		</Page>
	</Layout>
</alto>
