1868 2822
300 159 43 30 26
666 153 295 34 Statsutskottets
985 151 187 32 utlåtande
1196 149 54 33 Nr
1281 148 70 32 135.

254 235 351 39 provinsialläkarna,
637 241 193 28 uppmanas
864 231 49 31 att
948 229 107 31 verka
1090 228 52 31 för
1176 226 116 36 saken,
1328 224 170 37 varjämte
1536 224 34 30 fö

257 290 248 35 föreningarna
537 288 22 30 å
595 286 40 32 de
668 285 95 31 olika
801 284 138 31 orterna
970 280 104 32 borde
1104 280 99 32 däråt
1226 281 91 34 ägna
1339 271 312 47 uppmärksamhet.

257 343 137 35 hänsyn
427 340 56 32 till
507 338 67 32 vad
597 337 186 36 riksdagen
810 335 145 32 sålunda
978 333 116 32 anfört
1117 332 62 31 och
1202 331 44 32 då
1269 332 48 30 ett
1340 329 101 32 bifall
1465 329 56 31 till
1544 327 106 32 motio

258 394 131 36 förslag
424 392 150 37 givetvis
608 391 107 31 måste
749 398 99 21 anses
874 386 168 32 innebära
1065 386 48 30 ett
1136 382 238 39 föregripande
1397 391 44 21 av
1464 378 235 35 ovanberörda
1723 379 52 30 ut-

260 446 147 36 redning
431 445 62 31 har
516 443 164 32 utskottet
702 441 111 32 ansett
836 440 52 36 sig
910 439 31 36 ej:
993 448 97 21 unna
1099 436 135 32 biträda
1254 435 219 31 motionärens
1492 426 286 53 framställning.»

304 499 18 30 I
345 497 154 36 enlighet
521 495 77 32 med
620 494 182 32 utskottets
826 491 207 32 hemställan
1056 489 139 36 avslogs
1218 487 176 32 motionen
1417 495 44 21 av
1484 484 192 36 riksdagen.

306 594 55 31 Då
392 593 165 31 utskottet
590 591 73 31 icke
697 589 119 31 funnit
839 587 73 32 skäl
936 586 169 36 föreligga
1129 585 53 30 för
1205 586 47 29 ett
1278 581 210 38 frångående
1510 591 46 21 av
1579 580 64 32 den
1667 573 115 46 stånd-

262 646 121 37 punkt,
416 644 164 32 utskottet
611 642 147 32 sistlidet
780 642 38 30 år
846 641 96 35 intog
965 638 56 32 till
1045 648 49 21 nu
1116 636 142 32 berörda
1281 636 110 35 fråga,
1415 634 54 31 får
1491 633 163 31 utskottet
1677 630 105 32 alltså

259 698 198 35 hemställa,

708 782 52 30 att
803 780 79 30 herr
926 777 261 32 Hederstiernas
1226 773 266 38 ifrågavarande
1524 773 139 35 motion,
1697 771 83 35 I1:4,

664 834 76 30 icke
765 833 56 30 må
844 831 109 32 vinna
976 829 202 36 riksdagens
1202 827 110 31 bifall.

307 931 201 33 Stockholm
531 930 66 32 den
621 930 39 30 15
685 928 71 37 maj
783 927 94 32 1928.

765 1031 51 31 På
839 1029 267 33 statsutskottets
1129 1029 147 34 vägnar:

791 1118 34 31 S.
850 1117 43 32 H.
917 1113 344 35 KVARNZELIUS.

325 1375 197 25 Närvarande:
550 1380 108 18 samma
687 1372 157 24 ledamöter
871 1378 60 17 som
951 1369 165 25 antecknats
1136 1368 90 24 under
1251 1363 161 28 utlåtandet
1431 1372 34 18 nr
1485 1365 50 24 134
1556 1363 65 25 med
1639 1362 146 30 undantag

267 1419 93 25 därav
389 1420 41 22 att
448 1418 66 24 herr
533 1418 160 24 Johansson
713 1416 9 24 i
742 1413 204 26 Fredrikslund
966 1414 8 23 i
995 1413 93 24 stället
1107 1412 45 24 för
1171 1412 65 23 herr
1256 1409 233 31 Hammarskjöld
1508 1408 115 31 deltagit
1641 1407 4 23 i
1658 1404 126 26 behand-

271 1464 96 31 lingen
386 1470 33 17 av
439 1460 183 26 förevarande
641 1457 154 27 utlåtande.

847 1764 378 41 Reservation:

322 1885 46 21 av
390 1874 120 32 herrar
533 1873 145 32 Nilsson
701 1872 13 30 i
738 1871 141 36 Malmö,
902 1869 187 32 Anderson
1113 1868 13 30 i
1148 1865 160 36 Råstock,
1332 1864 198 37 Bengtsson
1554 1863 13 31 i
1590 1862 119 36 Norup
1725 1860 63 32 och

278 1927 146 32 Nilsson
448 1926 13 31 i
483 1924 126 33 Örebro
632 1924 97 32 vilka
752 1924 113 31 ansett
887 1923 50 30 att
957 1921 166 32 utskottet
1137 1919 77 31 bort
1228 1917 177 37 tillstyrka
1421 1916 65 32 den
1502 1916 12 31 i
1531 1916 115 31 ämnet
1662 1914 127 31 väckta

277 1980 188 31 motionen.
