1898 2832
291 164 37 30 18

421 253 142 44 (Kungl.
584 254 119 37 Maj:ts
724 255 161 38 förslag:)

739 321 9 9 o

294 320 184 30 utförande
511 322 78 29 övat
621 320 78 31 våld
734 332 20 20 å
785 332 124 26 person
943 323 82 30 eller

293 371 59 30 hot
371 380 56 20 om
448 372 198 30 omedelbar
665 372 223 37 användning
909 383 42 20 av
971 372 52 31 så-

293 421 82 30 dant
402 420 81 31 våld
511 422 82 29 eller
618 422 65 30 har
711 423 70 29 han
810 426 70 27 mot
908 423 115 36 någon

292 480 73 20 som
384 471 147 36 lagligen
550 472 75 30 sökt
645 471 20 31 å
683 472 64 30 bar
763 473 143 36 gärning
923 474 99 35 gripa

291 521 128 29 honom
445 522 80 30 övat
550 521 77 31 våld
652 523 82 29 eller
757 523 60 30 hot
841 533 74 20 som
940 533 82 27 nyss

292 573 98 33 sagts,
418 571 60 30 må
505 572 50 30 till
581 572 91 36 lägre
700 573 105 30 straff
830 573 44 30 än
903 574 118 30 straff-

291 622 113 29 arbete
432 621 32 36 ej
494 622 132 35 dömas;
655 623 9 29 i
690 622 64 31 fall
783 633 74 20 som
885 634 97 20 avses
1011 624 10 30 i

290 671 19 29 3
336 671 17 37 8
378 671 58 31 må
460 672 93 30 tiden
578 672 54 30 för
657 673 236 31 straffarbetet
918 674 102 36 höjas

290 721 48 29 till
361 721 69 31 åtta
453 721 48 32 år.

690 170 123 32 Första
836 171 239 37 lagutskottets
1099 172 176 32 utlåtande
1299 174 48 31 Nr
1364 176 29 29 5.

1225 257 206 37 (Utskottets
1454 260 161 37 förslag:)

1063 324 184 30 utförande
1280 326 77 29 övat
1390 325 80 31 våld
1504 326 20 30 å
1554 336 126 27 person
1714 328 81 30 eller

1063 374 58 31 hot
1140 384 57 21 om
1218 376 198 32 omedelbar
1436 377 222 37 användning
1679 388 43 20 av
1742 378 51 30 så-

1063 425 81 30 dant
1172 424 80 31 våld
1281 426 80 29 eller
1388 427 66 29 har
1481 428 70 29 han
1579 431 72 27 mot
1679 428 114 36 någon

1062 484 73 20 som
1154 475 146 36 lagligen
1319 477 76 31 sökt
1415 476 21 31 å
1454 477 64 33 bar
1534 478 143 36 gärning
1695 479 98 37 gripa

1061 525 129 30 honom
1215 527 79 29 övat
1318 526 79 31 våld
1422 527 82 30 eller
1527 528 60 30 hot
1611 538 75 20 som
1711 539 81 26 nyss

1062 578 98 33 sagts,
1189 575 58 31 må
1274 576 49 30 till
1350 577 93 35 lägre
1471 578 103 30 straff
1600 579 44 29 än
1674 579 117 30 straff-

1061 626 114 29 arbete
1203 626 31 36 ej
1263 627 133 35 dömas;
1425 628 10 29 i
1461 627 64 30 fall
1553 638 74 20 som
1655 639 97 20 avses
1781 630 10 29 i

1059 676 19 28 3
1105 676 17 36 $
1148 676 58 30 må
1230 676 91 30 tiden
1346 677 55 30 för
1427 678 236 31 straffarbetet
1690 679 100 36 höjas

1059 726 48 29 till
1130 725 71 32 åtta
1224 726 46 32 år.

1003 826 19 29 6
1043 826 29 37 8.

333 887 73 31 Vad
426 887 125 38 någon,
573 899 73 21 som
665 891 39 29 är
724 891 162 31 förfallen
906 892 51 30 till
976 902 124 21 ansvar
1120 893 55 30 för
1193 894 101 36 brott,
1316 904 119 21 varom
1456 896 11 29 i
1490 896 27 35 1,
1539 897 29 35 2,
1590 897 19 30 3
1628 897 82 30 eller
1730 898 19 29 4
1770 897 19 37 $

289 937 172 38 förmäles,
484 939 56 31 för
561 940 123 31 brottet
707 942 157 36 mottagit
886 942 87 31 skall
996 952 82 21 vara
1099 943 49 30 till
1171 944 136 30 kronan
1328 944 190 38 förverkat;
1542 946 113 31 finnes
1678 948 57 30 det
1757 947 31 37 ej

289 988 93 35 kvar,
404 990 89 30 skall
513 990 11 30 i
544 991 109 30 stället
673 991 78 31 dess
772 992 103 30 värde
895 993 130 35 gäldas.
1049 993 167 37 Föremål,
1239 1004 73 21 som
1332 995 188 37 begagnats
1541 995 114 33 såsom
1675 997 113 38 hjälp-

288 1040 109 29 medel
417 1039 56 31 för
494 1040 182 31 utförande
696 1050 42 21 av
760 1041 122 31 sådant
902 1043 93 30 brott
1014 1044 81 33 eller
1113 1044 88 30 varit
1222 1048 107 28 avsett
1349 1045 126 37 därtill,
1498 1046 57 31 må
1574 1048 65 29 ock
1659 1047 129 31 förkla-

288 1098 54 21 ras
363 1089 177 31 förverkat
562 1091 48 30 till
630 1091 145 36 kronan,
797 1093 84 30 evad
902 1093 50 30 till
974 1102 124 22 ansvar
1119 1095 119 31 dömes
1260 1096 80 30 eller
1360 1096 42 36 ej.

331 1139 72 31 Vad
420 1139 148 33 sålunda
582 1158 44 3 —
640 1157 45 4 —
699 1159 46 4 —
761 1142 55 31 för
832 1143 245 36 krigsmakten.

332 1265 12 30 I
368 1265 99 37 fråga
491 1277 57 20 om
572 1266 122 32 sådant
716 1268 111 30 under
850 1269 117 36 lagens
992 1268 221 37 giltighetstid
1237 1270 165 38 begånget
1427 1272 102 35 brott,
1555 1282 74 22 som
1653 1273 11 30 i
1689 1274 99 36 lagen

287 1324 105 29 avses,
413 1316 90 31 skall
523 1317 66 30 vad
610 1317 63 31 där
693 1318 40 30 är
754 1319 132 36 stadgat
906 1319 65 36 äga
993 1319 218 38 tillämpning
1233 1322 86 30 även
1340 1322 86 31 efter
1448 1323 56 30 det
1525 1324 98 35 lagen
1644 1324 10 30 i
1677 1324 110 36 övrigt

286 1366 151 36 upphört
454 1370 50 27 att
521 1368 98 35 gälla.

635 1492 38 40 B)
704 1496 49 27 att
780 1493 65 31 den
871 1494 11 30 i
905 1495 143 30 ärendet
1071 1495 122 31 väckta
1217 1496 175 32 motionen
1417 1498 28 30 I:
1474 1499 58 29 191
1563 1498 105 32 måtte
1688 1509 99 21 anses

591 1543 170 31 besvarad
785 1553 123 28 genom
933 1546 182 30 utskottets
1141 1547 207 30 hemställan
1371 1549 112 30 under
1506 1548 54 40 A).

330 1626 200 31 Stockholm
553 1628 64 30 den
639 1629 19 29 3
681 1638 94 21 mars
800 1629 91 30 1942.

727 1746 49 30 På
800 1746 107 31 första
932 1747 238 36 iagutskottets
1196 1749 141 36 vägnar:

882 1831 37 30 KE.
942 1831 242 32 SCHLYTER.

318 2002 52 26 Vid
392 2004 77 24 detta
492 2003 117 26 ärendes
631 2003 174 34 behandling
828 2005 36 24 ha
886 2005 138 25 närvarit:

317 2053 65 26 från
420 2054 137 25 första
593 2055 178 25 kammaren:
803 2056 98 24 herrar
929 2056 138 32 Schlyter,
1097 2057 98 31 Gärde,
1229 2057 165 33 Wagnsson,
1426 2058 69 26 Karl
1523 2059 74 26 Emil
1625 2056 159 40 Johanson,

282 2095 144 33 Branting,
449 2097 70 25 Karl
542 2097 93 26 Johan
661 2097 112 31 Olsson,
800 2098 75 32 Caap
900 2099 54 24 och
980 2099 104 25 Verner
1109 2100 175 30 Andersson;

317 2146 63 25 från
415 2148 127 24 andra
576 2148 177 25 kammaren:
780 2148 97 25 herrar
902 2149 155 31 Lindqvist,
1083 2150 134 26 Hedlund
1243 2152 7 23 i
1276 2148 163 34 Östersund,
1465 2153 157 32 Landgren,
1649 2154 101 25 Nilson
1776 2155 8 24 i

284 2189 190 32 Eskilstuna?,
511 2190 137 27 Karlsson
683 2191 8 24 i
727 2190 146 26 Granebot
901 2191 55 25 och
984 2192 162 25 Andersson
1173 2193 8 24 i
1208 2192 134 32 Mölndal,
1369 2195 104 25 fröken
1502 2193 90 34 Öberg
1618 2199 75 22 samt
1720 2197 66 24 herr

282 2231 169 31 Gustafsson
475 2233 8 24 i
505 2231 116 26 Lekåsa.

321 2300 12 14 +
355 2299 34 32 Ej
410 2300 180 26 närvarande
611 2301 46 25 vid
680 2300 173 26 utlåtandets
875 2300 147 32 justering.

479 2484 178 28 Stockholm
678 2486 85 27 1942.
783 2485 109 37 Kungl.
909 2485 235 38 Boktryckeriet
1162 2487 33 29 P.
1214 2489 32 27 A.
1267 2488 144 30 Norstedt
1432 2491 22 27 &
1475 2489 105 30 Söner.

982 2538 99 22 420863
