1880 2838
570 184 233 29 Statsutskottets
825 184 149 28 utlåtande
996 184 48 28 Nr
1068 185 68 28 111.
1566 182 41 32 29

775 452 60 40 Nr
866 453 78 40 111.

493 565 126 27 Ankom
643 564 49 28 till
716 564 188 37 riksdagens
928 564 103 28 kansli
1057 564 61 28 den
1142 564 36 28 21
1204 564 80 37 april
1311 564 78 28 1937
1415 564 41 28 kl.
1481 564 17 28 3
1523 573 24 19 e.
1566 573 39 19 m.

417 656 195 37 Utlåtande
639 656 14 36 i
680 656 194 49 anledning
903 669 44 23 av
977 656 132 49 Kungl.
1140 656 131 49 Maj:ts
1290 656 228 48 proposition
1542 669 64 23 an-

497 717 139 49 gående
661 717 187 48 gäldande
875 729 45 23 av
948 716 71 36 viss
1048 717 283 36 haverikostnad.

1394 775 62 41 (1:a
1479 774 85 42 avd.)

151 871 19 31 I
192 881 42 21 en
262 870 67 32 den
352 871 20 31 5
395 880 90 21 mars
510 870 80 31 1937
615 868 212 43 dagtecknad
850 868 231 42 proposition,
1105 880 40 20 nr
1168 869 70 38 194,
1262 869 62 31 har
1346 869 126 42 Kungl.
1497 869 108 41 Maj:t,

99 921 109 32 under
241 919 219 43 åberopande
494 931 39 20 av
567 919 264 42 propositionen
862 919 133 42 bifogat
1017 919 122 42 utdrag
1162 930 40 20 av
1225 919 384 42 statsrådsprotokollet

98 974 82 30 över
211 970 302 33 försvarsärenden
548 970 54 32 för
635 981 129 21 samma
787 969 74 42 dag,
886 970 178 41 föreslagit
1086 969 182 42 riksdagen
1292 969 166 42 medgiva,
1481 972 51 30 att
1554 970 54 31 till

98 1022 223 33 bestridande
344 1033 41 20 av
407 1021 232 32 kostnaderna
661 1021 52 31 för
735 1020 223 32 anskaffande
982 1032 40 20 av
1045 1031 42 21 en
1110 1031 46 31 ny
1178 1021 113 31 lösköl
1311 1022 19 30 å
1350 1021 259 32 undervattens-

98 1074 104 32 båten
225 1072 138 32 Draken
387 1073 55 30 må
464 1083 40 20 av
527 1071 59 32 det
609 1072 11 31 i
643 1071 186 32 riksstaten
852 1071 54 32 för
928 1071 204 41 budgetåret
1156 1071 179 32 1936/1937
1359 1071 171 42 uppförda
1545 1072 64 31 för-

98 1124 250 42 slagsanslaget
380 1122 53 32 till
467 1122 224 46 oförutsedda
724 1121 142 42 utgifter
892 1124 97 39 tagas
1012 1122 12 31 i
1047 1121 148 43 anspråk
1217 1124 50 30 ett
1290 1122 128 42 belopp
1442 1133 40 20 av
1505 1122 103 42 högst

97 1175 96 39 4,500
214 1174 136 32 kronor.

151 1277 18 31 I
192 1277 166 32 skrivelse
381 1276 53 32 till
459 1276 127 40 Kungl.
611 1275 98 42 Maj:t
731 1275 67 32 den
823 1275 39 32 15
885 1275 180 32 december
1083 1276 80 31 1936
1179 1275 62 32 har
1256 1275 351 41 marinförvaltningen

97 1328 92 41 gjort
220 1327 254 41 framställning
507 1338 55 20 om
597 1326 187 32 anvisande
818 1337 40 21 av
892 1326 112 32 medel
1038 1326 53 31 till
1125 1325 170 43 gäldande
1322 1337 41 20 av
1385 1325 71 33 viss
1479 1326 129 32 haveri-

97 1378 150 32 kostnad
269 1378 66 32 och
358 1377 119 32 därvid
500 1377 114 32 anfört
636 1376 11 32 i
670 1376 180 32 huvudsak
873 1376 165 42 följande:

153 1437 120 32 Under
295 1436 139 42 nyligen
458 1436 178 41 företagna
659 1435 164 42 övningar
845 1435 54 32 till
923 1436 90 40 sjöss
1036 1435 88 32 hade
1139 1435 157 32 löskölen
1314 1437 19 29 å
1349 1436 258 31 undervattens-

99 1480 104 31 båten
236 1479 140 31 Draken
410 1479 88 31 måst
532 1478 149 42 släppas.
726 1477 234 32 Varvschefen
983 1477 57 31 vid
1062 1477 213 32 Karlskrona
1298 1477 197 41 örlogsvarv
1517 1477 89 32 hade

99 1522 64 31 hos
197 1520 364 41 marinförvaltningen
596 1520 136 37 anmält,
761 1522 52 29 att
846 1521 113 40 någon
983 1520 52 30 för
1058 1519 352 32 undervattensbåten
1433 1519 173 42 passande

98 1564 113 31 lösköl
233 1563 75 31 icke
330 1563 126 31 funnes
479 1564 50 30 att
551 1562 99 41 tillgå
672 1562 57 31 vid
751 1564 106 29 något
880 1573 40 20 av
942 1562 141 31 flottans
1105 1573 80 20 varv
1201 1564 89 29 samt
1305 1564 50 29 att
1371 1561 68 32 han
1455 1561 53 32 till
1519 1561 88 41 följd

97 1606 104 31 därav
224 1605 166 32 anbefallt
411 1604 221 41 tillverkning
655 1606 19 29 å
695 1604 214 32 Karlskrona
932 1604 197 41 örlogsvarv
1151 1615 40 20 av
1214 1615 42 20 en
1279 1615 22 20 ny
1348 1604 121 31 lösköl.
1504 1604 102 31 Kost-

97 1648 153 32 naderna
282 1648 54 31 för
369 1647 218 32 densammas
620 1646 225 32 tillverkande
878 1645 214 33 beräknades
1118 1648 116 40 uppgå
1257 1646 40 32 till
1334 1646 156 41 omkring
1511 1646 95 38 4,500

97 1691 136 31 kronor.

151 1732 83 32 Med
267 1732 168 31 förmälan
468 1733 50 29 att
556 1730 365 42 marinförvaltningen
954 1730 58 32 vid
1046 1730 239 42 uppgörandet
1318 1741 41 20 av
1392 1730 128 42 förslag
1553 1730 53 31 till

98 1774 309 32 medelsäskanden
440 1774 53 31 för
525 1773 182 32 underhåll
737 1784 40 20 av
809 1773 143 31 flottans
985 1773 111 41 fartyg
1117 1772 64 32 och
1204 1772 199 42 byggnader
1424 1772 74 32 icke
1521 1772 86 42 tagit

99 1818 133 40 hänsyn
268 1816 53 31 till
354 1816 187 31 kostnader
573 1827 40 20 av
646 1827 45 19 nu
728 1815 257 41 ifrågavarande
1020 1815 81 41 slag,
1124 1815 206 31 hemställde
1361 1815 246 31 marinförvalt-

99 1860 135 41 ningen,
269 1860 51 29 att
353 1858 125 41 Kungl.
503 1858 99 41 Maj:t
633 1859 114 36 måtte,
772 1859 114 30 såsom
921 1857 145 41 tidigare
1101 1857 90 31 skett
1214 1857 11 31 i
1252 1857 163 32 liknande
1438 1857 69 38 fall,
1531 1857 73 31 från

97 1902 61 31 det
190 1901 138 31 utanför
361 1900 258 31 huvudtitlarna
645 1899 171 41 uppförda
839 1899 156 41 anslaget
1018 1899 53 31 till
1094 1899 223 31 oförutsedda
1340 1899 141 41 utgifter
1504 1899 100 31 ställa

96 1943 96 38 4,500
211 1943 127 31 kronor
360 1942 54 31 till
436 1942 201 41 förfogande
659 1942 53 31 för
734 1941 224 32 bestridande
981 1952 40 19 av
1044 1941 224 31 omförmälda
1290 1941 313 32 haverikostnader.

152 2010 233 31 Statskontoret
417 2008 62 32 har
501 2008 11 31 i
536 2008 177 32 utlåtande
735 2008 12 31 i
770 2008 143 32 ärendet
936 2007 67 32 den
1027 2008 39 31 23
1089 2007 181 32 december
1294 2008 81 31 1936
1398 2008 122 37 anfört,
1544 2010 59 35 att,

96 2061 117 31 därest
246 2059 256 42 ifrågavarande
532 2058 305 32 haverikostnader
869 2058 75 32 icke
967 2058 114 31 kunde
1104 2058 118 41 gäldas
1245 2069 40 21 av
1308 2058 53 31 för
1384 2058 221 41 sjöförsvaret

96 2110 200 42 disponibla
319 2109 121 38 medel,
464 2109 125 31 hinder
611 2109 73 32 icke
708 2111 119 39 syntes
851 2110 93 30 möta
967 2111 49 29 att
1039 2108 52 32 för
1112 2108 251 32 kostnadernas
1379 2108 223 32 bestridande

96 2161 108 32 anlita
226 2160 155 41 anslaget
405 2160 52 31 till
481 2159 223 32 oförutsedda
726 2159 150 41 utgifter.

150 2261 354 41 Departementschefen
526 2261 62 31 har
610 2261 53 31 för
684 2272 84 30 egen
793 2261 55 31 del
871 2261 11 31 i
906 2260 141 32 ärendet
1070 2261 111 31 anfört
1204 2260 164 42 följande:

151 2319 54 31 Då
226 2319 58 31 vid
306 2319 235 31 beräknandet
568 2330 40 20 av
632 2319 57 31 det
711 2319 11 31 i
738 2319 187 31 riksstaten
942 2318 170 41 uppförda
1128 2319 154 40 anslaget
1300 2318 51 31 till
1368 2318 179 31 underhåll
1564 2329 40 20 av

99 2362 140 30 flottans
265 2361 111 41 fartyg
403 2361 64 31 och
493 2361 199 41 byggnader
715 2372 42 19 m.
782 2372 42 19 m.
848 2361 133 40 hänsyn
995 2360 72 31 icke
1090 2360 104 40 tagits
1218 2360 53 31 till
1288 2360 186 31 kostnader
1486 2372 41 19 av
1542 2360 62 31 här

99 2403 256 41 ifrågavarande
389 2403 80 40 slag,
493 2414 101 20 anser
616 2403 55 40 jag
695 2403 68 40 mig
789 2403 74 30 icke
890 2402 84 31 böra
1000 2402 205 41 ifrågasätta,
1234 2404 50 29 att
1311 2402 148 31 nämnda
1485 2402 120 41 anslag

99 2448 96 28 tages
225 2445 11 31 i
266 2445 149 31 anspråk
448 2445 52 31 för
534 2444 201 32 indamålet.
781 2444 80 31 Icke
891 2444 108 31 heller
1022 2455 99 20 anser
1142 2444 56 41 jag
1221 2444 241 40 sjöförsvarets
1486 2444 119 41 anslag

99 2487 40 31 till
165 2489 93 30 extra
271 2487 141 41 utgifter
424 2487 114 31 kunna
549 2487 151 31 belastas
713 2486 77 32 med
804 2498 42 20 en
856 2486 147 32 kostnad
1016 2497 40 20 av
1066 2486 111 31 denna
1186 2486 306 41 storleksordning.
1520 2486 82 32 Som
