1940 2836
351 153 41 31 10
735 154 290 34 Statsutskottets
1049 155 187 32 utlåtande
1260 155 53 32 Nr
1340 155 73 30 105.

305 230 145 31 komma
475 231 101 31 såväl
602 231 92 30 ökad
719 231 223 32 effektivitet
967 231 221 32 härutinnan
1217 242 75 21 som
1317 232 187 32 minskade
1529 233 192 32 kostnader
1751 234 56 31 för

307 282 217 31 statsverket
547 292 103 21 anser
673 282 175 31 utskottet
871 283 12 30 i
905 283 114 31 likhet
1041 283 80 31 med
1145 283 226 31 revisorerna
1393 284 177 37 lämpligt,
1596 286 54 29 att
1672 285 135 36 ifråga-

307 332 160 31 varande
496 333 222 36 granskning
747 333 183 37 förlägges
960 333 56 31 till
1044 334 185 36 styrelsen.
1276 335 56 30 En
1359 335 113 31 sådan
1501 335 233 37 omläggning
1763 346 45 21 av

309 383 334 37 granskningsättet
669 384 64 31 bör
762 384 88 31 dock
877 385 113 36 enligt
1016 386 193 31 utskottets
1238 386 145 36 mening
1411 386 77 31 icke
1517 387 198 37 förhindra,
1743 388 64 36 att,

308 435 66 31 där
399 436 40 30 så
464 435 12 31 1
502 436 109 36 något
636 435 67 31 fall
728 435 115 32 skulle
872 436 182 32 erfordras
1080 437 65 31 och
1171 437 166 32 befinnas
1367 437 245 37 fördelaktigt,
1639 438 168 32 handled-

308 486 89 36 ning
434 487 151 30 rörande
626 488 108 30 sättet
761 487 57 31 för
845 488 308 36 räkenskapernas
1180 488 148 31 förande
1354 490 59 29 må
1440 489 124 31 kunna
1588 490 47 35 på
1661 492 56 29 ort
1745 491 64 30 och

307 537 105 31 ställe
439 537 178 32 meddelas
646 546 126 28 genom
796 538 265 32 véderbörande
1087 539 397 37 revisionstjänstemän
1512 540 97 31 inom
1634 543 84 34 väg-
1743 542 65 30 och

308 589 502 37 vattenbyggnadsstyrelsen.

348 639 128 38 Enligt
524 640 192 31 utskottets
763 641 146 37 mening
956 642 63 31 bör
1069 642 66 31 den
1164 643 131 31 hittills
1324 643 210 37 tillämpade
1561 644 163 31 metoden
1753 645 56 30 för

309 691 270 36 granskningen
628 693 93 30 samt
767 692 12 30 i
806 693 173 31 samband
1008 693 147 31 därmed
1182 694 145 31 stående
1354 704 98 21 resor
1478 695 217 31 omedelbart
1722 706 87 26 upp-

309 742 99 31 höra.
455 742 56 30 En
536 742 194 37 skyndsam
755 743 196 37 utredning
978 754 103 27 synes
1108 745 88 30 böra
1221 745 216 32 verkställas
1464 756 46 21 av
1538 746 134 37 Kungl.
1698 746 112 37 Maj:t

308 793 58 31 för
392 795 54 29 att
474 794 12 30 i
513 794 209 37 anslutning
749 795 57 30 till
831 795 72 31 vad
928 795 225 32 revisorerna
1179 797 122 30 anfört
1326 797 140 31 erhålla
1492 807 43 21 en
1561 798 154 31 effektiv
1743 799 65 30 och

309 844 86 32 fullt
420 844 334 33 tillfredsställande
781 846 158 31 kontroll
964 848 46 35 på
1036 847 98 31 detta
1160 848 402 32 verksamhetsområde.
1608 849 200 32 Föreskrif-

309 897 54 29 ter
386 896 12 30 i
422 896 147 31 ärendet
593 897 99 31 torde
715 897 159 31 därefter
896 898 88 31 böra
1005 899 167 31 utfärdas
1196 910 45 20 av
1267 899 134 37 Kungl.
1425 899 120 38 Maj:t.

349 946 183 33 Utskottet
555 948 216 38 hemställer,

750 1044 53 30 att
852 1043 192 37 riksdagen
1094 1045 59 30 må
1202 1044 13 31 i
1246 1045 173 31 skrivelse
1448 1045 56 31 till
1533 1044 135 38 Kungl.
1698 1045 111 37 Maj:t

705 1094 162 31 meddela
918 1095 56 31 sin
1022 1096 237 36 uppfattning
1309 1096 153 31 rörande
1513 1096 198 32 ordnandet
1763 1108 46 20 av

706 1146 270 37 granskningen
1004 1148 88 29 utav
1119 1147 285 36 vägdistriktens
1433 1148 251 37 räkenskaper.

350 1323 64 38 6:0)
439 1322 196 32 Tuhundra
658 1323 129 31 härads
811 1324 229 39 vägstyrelse.
1070 1325 119 31 Under
1213 1326 598 37 kommunikationsdepartementet,

305 1376 18 37 I
347 1375 52 36 16,
423 1376 92 30 hava
549 1376 215 30 revisorerna
796 1376 93 36 gjort
912 1377 234 36 anmärkning
1170 1378 43 35 på
1235 1378 48 30 ett
1305 1388 46 20 av
1375 1378 172 31 ordinarie
1571 1381 242 34 vägstämman

305 1428 11 30 i
342 1427 192 31 Tuhundra
557 1428 109 30 härad
690 1428 64 31 den
778 1429 40 30 29
844 1429 139 36 augusti
1006 1428 83 32 1931
1115 1429 104 31 fattat
1242 1430 120 35 beslut,
1386 1432 52 29 att
1461 1431 278 37 gruskörningen
1756 1432 56 31 till

306 1479 160 31 häradets
499 1482 109 34 vägar
642 1480 112 31 skulle
783 1480 209 31 förbehållas
1016 1481 233 36 lantbrukare,
1272 1492 72 20 som
1368 1482 165 31 tillhörde
1555 1483 258 32 riksförbundet

305 1532 269 37 Landsbygdens
606 1532 83 37 folk,
723 1534 90 30 samt
836 1535 51 29 att
911 1534 53 30 för
986 1533 112 31 denna
1121 1534 150 37 körning
1295 1535 112 31 skulle
1430 1536 190 31 fastställas
1643 1537 93 30 vissa
1759 1537 53 31 be-

304 1584 137 31 stämda
464 1585 159 36 avgifter.
671 1585 74 38 (Del
768 1586 18 30 I
810 1586 61 31 sid.
898 1586 65 38 49.)

349 1637 227 31 Revisorerna
599 1638 90 30 hava
713 1638 92 36 gjort
828 1638 154 37 följande
1005 1639 193 31 uttalande:

350 1698 120 30 Redan
505 1700 258 34 vägstämmans
797 1699 123 36 åtgärd
944 1701 50 29 att
1016 1709 173 22 reservera
1214 1701 262 36 vägdistriktets
1499 1702 235 36 gruskörning
1758 1703 53 31 för

303 1742 274 31 medlemmarna
610 1752 44 20 av
689 1752 42 21 en
769 1744 71 29 viss
874 1744 315 36 sammanslutning
1224 1744 97 31 finna
1351 1745 214 31 revisorerna
1588 1747 223 36 synnerligen

304 1786 351 35 anmärkningsvärd.
701 1786 134 30 Härtill
868 1787 152 30 kommer
1047 1787 202 37 emellertid,
1273 1790 51 29 att
1347 1789 66 30 den
1436 1788 176 32 beslutade
1634 1790 177 35 prislistan

304 1831 169 35 upptager
500 1830 71 35 pris
595 1830 54 30 för
671 1829 205 37 körningen,
900 1831 96 30 vilka
1019 1831 12 30 i
1055 1831 83 31 flera
1161 1832 63 30 fall
1248 1834 59 29 äro
1330 1833 334 36 anmärkningsvärt
1686 1834 89 37 höga
1798 1835 13 30 i

303 1873 199 36 jämförelse
536 1873 77 31 med
647 1875 115 29 ortens
796 1875 82 34 pris.
925 1875 211 36 Visserligen
1170 1876 91 30 hava
1295 1876 192 31 sedermera
1514 1877 74 31 icke
1611 1877 100 31 alltid
1734 1878 77 31 de
1791 1869 24 46 i

303 1917 180 35 prislistan
506 1919 175 34 upptagna
705 1919 155 34 priserna
884 1918 202 36 tillämpats,
1111 1929 79 21 men
1213 1920 109 36 enligt
1346 1920 69 31 vad
1439 1921 215 30 revisorerna
1677 1922 134 31 kunnat

302 1961 201 30 konstatera
525 1961 64 30 har
613 1960 75 31 med
711 1962 144 30 enstaka
878 1962 178 36 undantag
1082 1963 148 36 körning
1255 1963 205 32 likviderats
1483 1964 77 31 med
1585 1965 129 36 belopp,
1738 1975 73 21 som

302 2005 192 36 väsentligt
527 2005 173 36 överstiga
734 2005 65 31 den
834 2005 179 31 allmänna
1046 2007 231 31 marknadens
1308 2008 119 35 priser.
1473 2008 17 30 I
1513 2008 41 30 de
1577 2009 233 36 nyssnämnda

303 2048 306 36 undantagsfallen
632 2048 90 31 hava
746 2049 156 35 priserna
925 2050 54 30 för
1002 2050 147 36 körning
1172 2051 94 30 varit
1288 2051 168 36 normala,
1480 2051 111 31 vilket
1606 2062 98 27 synes
1720 2053 90 30 hava

303 2092 55 29 sin
394 2092 101 30 orsak
528 2092 77 31 däri
639 2093 50 30 att
722 2092 65 31 den
818 2103 132 26 person,
973 2103 72 20 som
1069 2094 111 31 utfört
1202 2094 205 37 körningen,
1432 2095 74 31 icke
1529 2095 135 32 tillhört
1687 2097 123 30 omför-

303 2135 117 31 mälda
444 2135 323 37 sammanslutning.

346 2213 209 37 Förklaring
590 2214 63 31 har
681 2215 153 35 avgivits
857 2225 44 20 av
925 2215 189 32 Tuhundra
1139 2216 124 32 härads
1286 2218 224 36 vägstyrelse,
1535 2218 171 36 varjämte
1730 2221 79 33 väg-

303 2266 62 31 och
388 2266 470 37 vattenbyggnadsstyrelsen
883 2269 109 35 yttrat
1015 2269 60 36 sig.
1123 2269 75 37 (Del
1222 2269 55 31 III
1300 2269 60 31 sid.
1387 2270 62 31 123
1474 2270 61 31 och
1559 2271 85 37 126).

347 2319 89 36 Väg-
460 2319 61 30 och
557 2319 465 38 vattenbyggnadsstyrelsen
1045 2321 64 31 har
1132 2323 120 35 ansett,
1275 2323 51 30 att
1350 2323 75 30 med
1450 2323 201 31 nuvarande
1675 2324 135 30 författ-

301 2371 322 36 ningsföreskrifter
662 2372 129 30 varken
830 2373 168 36 styrelsen
1036 2373 84 31 eller
1154 2374 252 31 vederbörande
1441 2375 219 37 länsstyrelse
1695 2375 114 32 kunde
