1936 2846
554 148 290 36 Statsutskottets
868 142 186 34 utlåtande
1079 140 52 32 NT
1159 137 73 32 105.
1543 129 41 32 23

163 235 89 36 14:0)
277 233 151 34 Antalet
448 229 220 34 kvarsittare
694 226 60 32 vid
779 225 42 31 de
846 223 183 31 allmänna
1053 215 223 35 läroverken.
1311 212 120 31 Under
1457 208 168 32 ecklesia-

117 285 376 40 stikdepartementet,
527 281 9 36 $
563 281 47 35 36,
636 280 95 30 hava
753 276 226 31 revisorerna
1004 268 189 35 meddelat,
1219 267 54 30 att
1298 265 42 31 de
1365 260 191 33 verkställt
1581 268 45 21 en

124 337 269 36 undersökning
414 332 184 39 angående
617 329 135 33 antalet
773 337 45 21 av
839 327 41 31 de
899 322 231 34 kvarsittare,
1149 318 100 32 vilka
1270 313 258 34 höstterminen
1548 310 79 31 1951

117 392 149 36 åtnjöto
291 386 260 35 undervisning
577 383 63 31 vid
665 382 41 31 de
732 380 184 31 allmänna
942 372 212 34 läroverken
1179 370 65 31 och
1270 369 42 30 de
1339 366 112 31 under
1477 362 149 33 ombild-

126 445 88 35 ning
237 442 59 32 till
319 437 273 35 samrealskolor
617 432 159 33 varande
798 426 230 35 kommunala
1052 420 310 35 mellanskolorna.
1407 416 78 36 (Del
1508 415 29 36 I,
1561 414 66 32 sid.

126 492 183 37 127—133.)

169 547 104 31 Efter
302 545 54 31 att
386 544 94 30 hava
510 538 179 33 meddelat
719 533 185 36 åtskilliga
934 526 295 39 sifferuppgifter
1260 524 55 31 uti
1345 518 283 39 ifrågavarande

128 597 201 34 hänseende
352 596 95 30 hava
469 592 227 32 revisorerna
717 587 95 37 gjort
836 583 160 37 följande
1020 577 201 34 uttalande:

168 660 77 30 Den
263 655 202 38 betydande
483 650 230 35 omfattning,
732 646 80 32 vari
832 642 247 35 kvarsittning
1098 638 236 33 förekommer
1354 635 62 30 vid
1436 634 50 30 ett
1507 629 124 33 flertal

125 713 50 21 av
199 698 283 39 ifrågavarande
506 692 265 35 läroanstalter,
795 690 65 31 och
886 688 58 31 det
970 694 94 23 ovan
1088 680 184 40 påpekade
1298 676 253 34 förhållandet,
1576 674 55 30 att

120 746 147 32 antalet
290 742 201 37 lärjungar,
515 748 76 21 som
614 734 214 33 undervisas
852 733 62 29 två
938 731 39 30 år
1003 729 12 30 i
1040 735 138 23 samma
1199 723 106 35 klass,
1331 720 184 32 förefaller
1542 727 90 21 vara

129 791 89 30 statt
245 788 12 31 i
284 786 157 34 tillväxt,
466 791 109 28 synas
600 779 226 32 revisorerna
851 773 146 38 påkalla
1023 780 45 21 en
1091 772 166 28 närmare
1284 762 267 35 undersökning
1578 763 53 28 rö-

128 833 113 31 rande
264 829 195 33 orsakerna
482 826 58 31 till
563 822 158 33 nämnda
744 817 236 35 förhållande.
1024 813 239 33 Revisorerna
1286 807 167 33 betrakta
1475 803 158 33 visserli-

131 885 69 28 gen
218 874 78 32 icke
315 874 117 30 såsom
448 867 180 34 önskvärd
648 875 42 22 en
710 864 112 31 sådan
841 859 209 35 utveckling
1069 857 47 36 på
1136 852 238 34 förevarande
1393 848 154 36 område,
1566 846 67 31 vil-

131 920 70 31 ken
226 926 126 28 genom
377 913 181 33 lättnader
582 911 13 30 i
622 910 106 34 fråga
753 916 57 22 om
834 898 395 41 kunskapsfordringar
1257 895 117 32 kunde
1401 892 163 31 medföra
1589 899 46 21 en

131 962 94 32 ökad
247 957 260 35 tillströmning
531 954 59 31 till
614 954 41 30 de
679 949 193 34 teoretiska
896 940 462 38 utbildningsanstalterna,
1383 946 80 21 men
1487 935 59 31 det
1570 934 64 31 bör

133 1003 225 35 framhållas,
383 1002 54 30 att
462 1001 98 29 utom
585 996 114 32 andra
723 991 238 37 olägenheter,
986 997 76 22 som
1087 986 99 30 bliva
1208 993 44 21 en
1277 981 92 36 följd
1394 991 44 20 av
1463 977 172 32 kvarsitt-

132 1049 145 35 ningen,
324 1046 117 31 denna
486 1039 207 34 förorsakar
729 1036 101 31 såväl
856 1033 183 32 elevernas
1064 1029 179 31 målsmän
1266 1035 75 21 som
1367 1024 59 31 det
1451 1022 185 31 allmänna

133 1091 112 33 ökade
269 1088 202 32 kostnader.
514 1084 73 31 Vid
611 1092 43 21 en
678 1078 194 35 utredning
896 1077 13 30 i
932 1076 120 30 ämnet
1076 1081 106 27 synes
1205 1068 137 38 jämväl
1365 1064 270 39 uppmärksam-

135 1136 59 30 het
218 1134 86 31 böra
328 1134 112 33 ägnas
462 1129 57 31 det
543 1123 254 35 förhållandet,
820 1122 64 34 att,
907 1118 113 36 enligt
1045 1116 70 31 vad
1138 1123 75 22 som
1236 1115 40 28 är
1300 1111 150 31 allmänt
1472 1108 99 34 känt,
1593 1106 43 31 de

133 1178 187 31 allmänna
346 1172 229 33 läroverkens
602 1169 127 33 elever,
756 1166 55 31 för
839 1164 54 31 att
920 1162 124 31 kunna
1070 1157 92 37 följa
1188 1153 307 35 undervisningen
1522 1151 13 31 i
1562 1150 74 31 stor

134 1218 254 35 utsträckning
416 1216 112 31 måste
556 1212 115 32 anlita
698 1208 145 38 privata
870 1202 291 37 lektionsgivare.
1209 1197 187 32 Likaledes
1422 1194 100 32 torde
1550 1193 88 31 böra

135 1268 105 32 tagas
265 1262 13 31 i
303 1258 210 35 beaktande,
539 1257 55 30 att
620 1253 137 32 antalet
783 1250 76 31 icke
887 1246 155 39 flyttade
1069 1243 191 36 lärjungar
1284 1240 63 31 vid
1376 1237 262 33 vårterminens

135 1308 74 31 slut
232 1309 41 28 är
295 1307 98 29 ännu
416 1304 113 29 större
551 1302 46 28 än
620 1297 72 31 vad
714 1296 41 31 de
778 1295 66 30 här
866 1289 206 34 meddelade
1095 1287 177 31 siffrorna
1295 1284 85 36 giva
1403 1282 61 31 vid
1484 1280 155 34 handen,

136 1352 46 31 då
202 1349 74 33 dels
296 1347 62 32 vid
377 1343 209 39 påföljande
606 1337 230 35 hösttermins
856 1334 129 36 början
1005 1342 44 21 en
1067 1331 55 31 del
1144 1328 190 36 lärjungar
1355 1325 161 35 undergå
1535 1325 104 35 pröv-

135 1394 91 35 ning
252 1392 66 31 och
344 1391 47 35 på
418 1386 118 38 grund
561 1395 45 21 av
633 1384 115 31 denna
774 1379 215 37 uppflyttas,
1017 1375 74 32 dels
1118 1374 51 30 ett
1195 1371 77 31 icke
1299 1370 107 35 ringa
1433 1367 101 32 antal
1560 1365 80 32 icke

137 1436 157 37 flyttade
321 1432 191 36 lärjungar
540 1428 95 35 avgå
663 1426 83 30 från
774 1420 221 34 läroverken.
1044 1418 59 30 Av
1131 1417 120 30 senast
1279 1411 233 37 tillgängliga
1537 1408 102 32 stati-

135 1480 85 35 stik,
243 1476 174 33 avseende
442 1469 252 41 genomsnittet
718 1467 112 31 under
854 1464 100 32 tiden
977 1462 37 30 135
1038 1458 197 38 september
1260 1455 158 32 1921—14
1441 1452 199 38 september

137 1523 89 35 1927,
250 1521 182 30 inhämtas
456 1514 163 35 sålunda,
645 1513 54 30 att
724 1510 61 31 vid
808 1509 41 31 de
874 1507 184 31 allmänna
1083 1500 213 33 läroverken
1321 1497 137 32 antalet
1484 1495 157 37 flyttade

136 1568 107 33 utgör
272 1562 167 32 allenast:
468 1560 21 29 å
517 1553 288 35 realskolstadiet
833 1559 123 28 gossar
984 1548 39 30 66
1049 1547 157 36 procent,
1236 1542 130 31 flickor
1395 1541 61 31 74.9
1483 1539 159 37 procent,

136 1610 15 30 i
172 1604 281 39 realgymnasiet
474 1610 123 28 gossar
618 1599 61 30 66.3
699 1595 156 38 procent,
877 1592 130 32 flickor
1028 1590 62 31 83.5
1110 1588 147 37 procent
1278 1586 66 30 och
1365 1585 12 30 i
1399 1583 242 36 latingymna-

138 1652 69 32 siet
229 1659 123 28 gossar
374 1647 60 31 67.1
454 1644 157 38 procent,
633 1641 129 31 flickor
783 1638 63 31 87.6
866 1635 157 38 procent.

179 1692 218 34 Förklaring
424 1690 65 30 har
514 1685 160 37 avgivits
701 1693 44 20 av
773 1676 350 38 skolöverstyrelsen.
1174 1673 79 35 (Del
1279 1671 59 31 III
1365 1671 64 30 sid.
1458 1662 182 46 196—200.)

181 1787 184 33 Utskottet
394 1787 40 28 är
463 1784 12 30 i
502 1782 114 31 likhet
645 1779 80 31 med
752 1776 227 32 revisorerna
1009 1782 44 21 av
1083 1771 69 31 den
1180 1766 292 39 uppfattningen,
1501 1765 53 29 att
1584 1762 59 31 det

140 1837 267 40 jämförelsevis
435 1838 97 28 stora
561 1831 137 33 antalet
727 1828 219 32 kvarsittare
976 1824 64 31 vid
1068 1820 213 33 läroverken
1308 1821 40 28 är
1378 1819 49 29 ett
1459 1814 187 38 spörsmål,

138 1902 78 22 som
237 1889 181 36 förtjänar
441 1884 169 36 allvarlig
631 1878 326 40 uppmärksamhet.
1000 1876 77 31 Den
1099 1870 320 36 omständigheten,
1441 1869 53 29 att
1517 1866 127 31 under-

142 1943 193 35 visningen
357 1939 64 31 vid
443 1936 221 33 läroverken,
688 1943 57 20 om
768 1940 85 21 man
876 1928 78 31 icke
978 1929 103 33 tager
1107 1925 142 34 hänsyn
1273 1922 58 31 till
1354 1919 207 36 avgifterna
1587 1916 58 32 till

139 1993 232 34 läroverkens
386 1990 85 36 ljus-
488 1988 65 31 och
568 1986 193 31 vedkassor
778 1993 44 21 m.
841 1981 37 32 fl.
894 1981 134 33 kassor,
1044 1980 40 28 är
1102 1976 57 31 för
1175 1974 139 31 mindre
1332 1970 203 33 bemedlade
1552 1969 94 30 kost-

141 2044 154 36 nadsfri,
320 2043 94 31 samt
438 2041 58 31 det
522 2035 254 35 förhållandet,
800 2033 54 30 att
878 2027 236 41 platsantalet
1139 2026 63 31 vid
1224 2023 212 33 läroverken
1460 2024 40 28 är
1525 2022 40 29 så
1590 2020 57 30 be-

141 2098 162 37 gränsat,
328 2095 54 30 att
406 2094 50 30 ett
479 2093 91 29 stort
594 2088 100 31 antal
718 2085 190 36 lärjungar
933 2081 113 31 måste
1072 2078 141 35 årligen
1238 2075 155 35 avvisas,
1419 2076 86 33 göra
1530 2071 117 35 också,

136 2151 63 30 att
223 2149 58 31 det
306 2157 45 20 av
376 2145 226 31 revisorerna
625 2137 223 33 behandlade
872 2132 213 39 spörsmålet
1109 2130 113 30 måste
1246 2127 176 32 tillmätas
1445 2123 203 37 betydande

145 2201 88 30 vikt.
283 2199 57 30 En
368 2193 267 35 undersökning
665 2190 101 31 såväl
796 2186 152 32 rörande
978 2182 196 32 orsakerna
1205 2179 57 32 till
1293 2179 58 31 det
1382 2178 97 29 stora
1510 2174 138 32 antalet

143 2250 224 33 kvarsittare
392 2257 74 21 som
493 2242 231 34 beträffande
752 2240 67 31 den
845 2235 264 34 utsträckning,
1136 2233 13 30 i
1177 2231 121 31 vilken
1322 2228 230 32 läroverkens
1579 2227 70 30 lär-

144 2304 135 35 jungar
307 2301 165 34 begagna
497 2296 56 35 sig
581 2304 45 21 av
655 2287 384 42 privatundervisning
1069 2285 55 30 för
1154 2285 53 29 att
1235 2282 124 30 kunna
1387 2279 90 35 följa
1505 2277 145 32 skolans

142 2351 274 34 undervisning,
439 2357 104 27 synes
566 2343 174 33 utskottet
760 2350 90 21 vara
873 2336 190 36 önskvärd,
1085 2334 131 31 varvid
1236 2332 172 31 utskottet
1432 2330 87 31 dock
1542 2329 109 34 utgår

145 2405 85 31 från
251 2404 56 30 att
328 2403 118 33 någon
468 2396 179 35 sänkning
670 2404 44 20 av
736 2387 444 39 kunskapsfordringarna
1202 2384 76 31 icke
1302 2382 241 35 ifrågasättes.
1587 2379 63 31 Ut-

143 2456 135 32 skottet
302 2450 204 34 hemställer
531 2448 117 34 alltså,

1701 1767 137 24 Utskottet.
