1896 2846
557 150 255 32 Statsutskottets
834 150 170 31 utlåtande
1027 149 54 32 Nr
1102 152 75 29 142.
1561 147 39 32 27

151 232 65 33 Om
246 234 109 30 staten
379 234 177 38 övertager
579 241 42 22 en
645 230 54 32 del
723 241 43 22 av
789 229 229 33 kostnaderna
1041 230 53 31 för
1117 229 42 32 de
1183 239 43 22 av
1250 228 254 33 skoldistrikten
1521 238 82 31 upp-

107 286 100 32 förda
235 285 193 38 skolhusen,
454 284 96 32 torde
574 284 66 32 den
663 283 130 41 jämväl
816 283 81 32 böra
920 283 84 32 lätta
1027 284 43 40 på
1093 282 269 32 kommunernas
1386 281 142 41 utgifter
1550 282 54 31 för

101 340 166 41 förhyrda
300 339 129 32 lokaler.
477 338 66 41 Jag
578 338 63 32 har
673 337 144 33 sålunda
843 337 85 32 intet
951 339 51 30 att
1024 336 111 33 erinra
1157 339 73 28 mot
1253 338 48 30 att
1324 334 206 42 statsbidrag
1553 333 51 33 till

109 394 93 32 detta
226 392 159 33 ändamål
409 391 153 42 beviljas.
601 392 50 31 De
675 390 216 42 sakkunniga
906 390 91 32 hava
1013 390 184 41 föreslagit,
1215 392 49 29 att
1279 388 223 42 hyresbidrag
1518 387 86 33 skall

108 449 82 40 utgå
214 446 80 33 med
317 445 132 33 hälften
473 456 43 22 av
540 445 65 32 den
630 456 42 22 av
695 444 247 33 skoldistriktet
964 443 137 42 erlagda
1124 443 120 42 hyran,
1269 442 79 33 med
1372 445 66 29 rätt
1460 443 55 31 för
1537 441 66 33 den

107 500 262 33 utanordnande
402 499 247 42 myndigheten
682 501 49 29 att
763 498 10 32 i
805 497 284 33 förekommande
1112 497 61 32 fall
1197 502 107 36 pröva
1326 495 278 43 hyresbeloppets

109 554 169 42 skälighet
310 554 62 32 och
404 553 191 41 bestämma
626 552 239 42 statsbidraget
887 551 51 33 till
961 551 133 33 hälften
1119 562 42 22 av
1185 550 56 33 det
1265 552 112 31 såsom
1401 549 126 42 skäligt
1549 560 56 22 an-

109 608 105 32 sedda
244 607 167 42 beloppet.
460 607 49 31 På
532 606 111 42 grund
667 617 43 22 av
733 606 77 31 mitt
832 605 130 41 förslag
985 616 56 21 om
1066 604 169 33 storleken
1259 615 43 22 av
1325 603 207 41 statsbidrag
1554 602 50 33 till

108 661 215 42 uppförande
358 672 43 21 av
436 660 204 32 skollokaler
674 660 67 32 kan
777 659 56 32 det
865 659 80 32 med
968 661 47 30 ett
1038 658 224 41 hyresbidrag
1285 669 42 21 av
1351 668 81 30 nyss
1456 657 148 41 angiven

109 715 212 41 omfattning
348 717 32 30 te
404 714 52 41 sig
479 713 70 32 lika
573 713 219 41 fördelaktigt
815 713 54 31 för
892 723 43 21 en
957 712 169 32 kommun
1150 714 49 29 att
1222 711 158 32 anskaffa
1403 709 203 34 skollokaler

107 769 213 41 hyresvägen
354 779 73 21 som
457 770 51 29 att
530 767 113 41 bygga
666 777 88 31 egna
777 766 137 38 lokaler,
937 766 37 40 ja
997 765 130 32 kanske
1150 764 274 41 fördelaktigare.
1472 763 54 33 Då
1550 763 57 33 det

107 822 96 32 alltid
227 821 143 33 innebär
393 832 43 21 en
460 820 189 42 olägenhet,
675 823 47 29 att
747 819 249 33 skollokalerna
1019 819 30 41 ej
1075 818 137 33 tillhöra
1226 818 261 38 kommunerna,
1505 827 100 32 synes

107 876 57 33 det
188 876 73 41 mig
283 874 187 42 tillrådligt,
495 877 50 29 att
567 873 257 42 hyresbidraget
847 873 185 42 begränsas
1056 872 51 32 till
1131 871 41 41 '/s
1197 882 44 23 av
1264 871 66 33 den
1353 871 154 41 verkliga
1527 870 80 33 eller

105 932 113 30 såsom
243 929 109 41 skälig
375 928 152 33 ansedda
549 928 118 41 hyran.

152 984 66 41 Jag
249 983 149 32 biträder
431 982 42 32 de
506 982 234 41 sakkunnigas
772 981 137 41 förslag,
944 983 49 30 att
1016 983 109 30 staten
1148 979 62 33 bör
1232 979 141 41 bidraga
1397 978 52 33 till
1472 978 133 32 kostna-

107 1037 106 32 derna
246 1038 54 31 för
322 1035 457 42 undervisningslokalernas
806 1033 181 33 underhåll
1014 1036 89 30 samt
1129 1034 54 31 för
1209 1031 330 34 tillhandahållande
1562 1042 43 22 av

108 1090 206 33 skolmöbler
352 1090 64 32 och
450 1088 418 41 undervisningsmateriel
902 1087 80 33 med
1018 1090 47 29 ett
1098 1087 101 41 årligt
1232 1086 125 42 belopp
1390 1097 59 31 per
1472 1085 132 39 lärosal,

107 1144 315 40 underhållsbidrag.
470 1142 134 33 Härvid
638 1142 82 32 böra
753 1147 86 27 även
867 1141 213 42 specialrum,
1104 1139 298 43 gymnastiksalar,
1427 1138 179 42 slöjdsalar

108 1198 64 33 och
206 1197 145 33 skolkök
384 1196 214 33 medräknas.
645 1196 65 41 Jag
741 1195 207 41 framlägger
976 1195 116 32 därför
1120 1193 129 42 förslag
1271 1193 11 32 i
1307 1193 112 33 denna
1442 1193 162 41 riktning.

109 1252 50 32 De
192 1263 43 22 av
259 1251 42 33 de
325 1250 218 42 sakkunniga
567 1249 193 42 föreslagna
783 1248 393 42 statsbidragsbeloppen
1197 1248 80 41 giva
1301 1247 72 41 mig
1397 1247 74 32 icke
1493 1246 113 33 anled-

106 1306 85 41 ning
215 1305 52 32 till
291 1305 144 32 erinran.

157 1359 141 32 Samma
321 1358 82 40 skäl,
428 1369 75 21 som
528 1357 173 39 motivera,
719 1359 48 30 att
784 1359 109 29 staten
908 1355 159 42 bidrager
1079 1355 50 32 till
1143 1356 268 31 kommunernas
1424 1353 183 33 kostnader

106 1414 54 32 för
184 1412 285 42 skolbyggnader,
494 1411 68 32 tala
585 1411 105 41 enligt
718 1410 77 32 mitt
818 1409 224 33 förmenande
1066 1410 54 31 för
1143 1412 49 29 att
1215 1411 110 30 staten
1349 1408 102 32 också
1473 1408 134 31 lämnar

111 1466 188 33 understöd
323 1465 50 33 till
398 1465 267 42 tjänstebostäder
687 1465 55 31 för
756 1463 116 33 lärare.
898 1463 77 32 Vad
992 1463 41 32 de
1050 1462 234 41 sakkunnigas
1300 1462 172 40 majoritet
1487 1461 11 32 i
1515 1461 92 32 detta

111 1520 195 32 hänseende
338 1518 176 42 föreslagit
541 1518 68 32 kan
632 1518 60 41 jag
714 1518 12 31 i
749 1517 60 32 allt
831 1516 185 41 väsentligt
1039 1516 142 32 biträda.
1229 1515 65 41 Jag
1316 1515 61 33 vill
1399 1514 135 39 betona,
1558 1517 49 29 att

107 1574 59 41 jag
189 1591 44 3 —
256 1576 83 29 trots
372 1575 50 30 att
449 1571 172 42 åtskilliga
643 1570 241 42 myndigheter
906 1569 154 32 förordat
1083 1580 42 21 en
1148 1568 204 42 anordning,
1375 1567 232 33 innebärande

109 1630 49 29 att
192 1626 240 41 statsbidraget
466 1625 52 33 till
550 1624 223 33 förevarande
801 1623 161 33 ändamål
990 1622 108 33 skulle
1121 1622 208 33 bestämmas
1353 1623 86 31 efter
1462 1621 145 42 dyrorts-

107 1680 253 42 grupperingen
383 1697 44 4 —
451 1679 30 41 ej
508 1689 99 22 anser
630 1678 72 41 mig
723 1677 119 32 kunna
865 1677 134 32 biträda
1014 1676 157 42 åtgärder
1186 1676 11 31 i
1214 1675 213 33 sistnämnda
1442 1675 163 41 riktning,

109 1739 81 27 enär
222 1734 42 32 de
295 1739 57 26 äro
381 1733 133 41 ägnade
537 1735 49 29 att
608 1732 104 32 verka
735 1730 283 43 prejudicerande
1041 1730 58 33 vid
1124 1741 41 21 en
1189 1729 160 33 blivande
1373 1728 168 42 reglering
1564 1739 43 21 av

108 1787 151 32 lärarnas
283 1787 102 32 löner.
434 1787 66 31 Det
524 1797 42 22 av
590 1786 72 40 mig
684 1796 48 21 nu
755 1784 184 42 tillstyrkta
961 1783 422 42 tjänstebostadsbidraget
1405 1783 63 31 har
1488 1782 120 32 endast

108 1841 206 42 provisorisk
338 1840 169 32 karaktär.

155 1895 50 31 De
230 1905 42 22 av
297 1894 41 32 de
362 1893 218 41 sakkunniga
602 1892 194 41 föreslagna
811 1891 167 33 särskilda
994 1890 264 39 bestämmelser,
1274 1901 73 21 som
1365 1889 243 33 sammanhöra

109 1948 78 32 med
212 1946 447 42 statsbidragsförfarandet,
684 1945 182 32 motiveras
889 1944 213 41 väsentligen
1123 1954 43 22 av
1182 1943 302 41 nödvändigheten
1500 1953 44 22 av
1560 1945 49 29 att

109 2004 110 29 staten
244 2000 142 32 erhåller
406 1999 90 33 ökad
513 1998 405 33 medbestämmanderätt
941 1997 11 31 i
969 1998 97 40 fråga
1083 2008 55 21 om
1156 1995 343 40 folkskoleväsendet,
1517 1996 10 31 i
1544 1995 64 32 och

111 2054 77 32 med
222 2057 49 29 att
303 2056 109 29 staten
446 2053 151 41 deltager
626 2052 11 32 i
664 2051 231 33 bestridandet
920 2062 42 21 av
986 2061 90 22 ovan
1099 2050 150 41 angivna
1273 2048 191 33 kostnader.
1512 2049 16 32 I
1552 2049 56 31 det

110 2107 189 41 väsentliga
322 2118 99 21 anser
443 2107 60 41 jag
526 2107 72 40 mig
620 2106 119 31 kunna
762 2104 135 33 ansluta
921 2104 72 42 mig
1009 2104 50 32 till
1076 2103 40 33 de
1133 2115 43 21 av
1192 2103 42 32 de
1251 2103 217 41 sakkunniga
1483 2103 11 31 i
1511 2102 97 33 dessa

109 2161 218 32 hänseenden
351 2159 194 41 framlagda
568 2159 180 41 förslagen.

157 2214 66 32 Det
247 2213 94 33 torde
365 2214 37 31 få
426 2213 186 32 ankomma
636 2214 44 39 på
703 2212 128 41 Kungl.
857 2211 99 40 Maj:t
980 2213 48 29 att
1051 2221 117 21 senare
1191 2214 80 37 taga
1295 2211 161 40 frågorna
1479 2220 57 21 om
1553 2209 56 32 det

111 2267 273 32 administrativa
412 2266 213 32 förfarandet
652 2265 109 32 under
783 2266 138 39 förnyat
945 2263 237 41 övervägande
1206 2266 88 29 samt
1318 2263 137 32 utfärda
1479 2263 41 32 de
1544 2264 64 30 för-

110 2319 438 42 fattningsbestämmelser,
573 2330 73 20 som
670 2318 193 32 föranledas
888 2328 43 21 av
955 2317 66 32 vad
1046 2327 88 22 ovan
1158 2316 201 41 föreslagits.

155 2373 77 32 Vad
255 2372 50 32 till
329 2372 60 32 sist
412 2374 109 39 angår
543 2370 417 41 kostnadsberäkningarna
984 2369 176 33 föranleda
1184 2369 94 31 mina
1298 2368 129 41 förslag
1442 2368 62 32 här
1520 2379 88 21 ovan

111 2426 91 32 vissa
225 2425 222 41 jämkningar
470 2425 11 31 i
506 2425 41 32 de
570 2423 233 41 sakkunnigas
827 2423 162 40 kalkyler.

155 2479 67 32 För
257 2479 56 32 det
347 2479 106 31 första
489 2483 36 26 är
560 2478 56 31 det
651 2476 202 42 uppenbart,
889 2479 48 28 att
961 2486 124 31 genom
1109 2475 260 41 förkortningen
1394 2485 43 23 av
1460 2474 149 41 bidrags-
