1888 2840
289 158 41 30 96
722 158 257 32 Statsutskottets
1001 158 169 32 utlåtande
1194 159 52 31 Nr
1269 161 74 29 142.

289 237 84 41 ning
396 237 12 31 i
431 237 91 32 vissa
544 237 61 31 fall
629 248 42 21 av
697 237 104 32 lärare
824 238 59 32 vid
907 237 84 32 folk-
1015 238 63 31 och
1102 237 198 39 småskolor,
1325 249 73 21 som
1425 240 56 30 må
1505 238 153 33 befinnas
1682 239 101 31 erfor-

290 290 129 41 derliga
449 291 53 31 för
525 291 218 40 uppnåendet
766 302 42 22 av
832 292 105 40 syftet
961 291 77 32 med
1063 291 208 32 densamma.
1319 291 111 32 Bland
1453 292 41 32 de
1518 292 166 41 åtgärder,
1709 303 73 21 som

288 344 11 31 i
323 344 62 31 här
400 344 222 32 förevarande
639 344 192 32 hänseende
847 346 123 30 främst
986 355 100 31 synas
1104 345 118 32 kunna
1238 345 139 32 komma
1380 340 17 51 i
1420 346 108 41 fråga,
1544 345 61 33 vill
1621 345 164 33 utskottet

290 397 183 32 framhålla
497 397 161 41 följande.
698 398 163 41 Paragraf
885 400 19 30 9
929 398 11 31 i
964 398 227 41 kungörelsen
1215 399 94 32 torde
1332 398 83 33 böra
1438 399 123 32 ändras
1584 399 10 31 i
1619 400 88 40 syfte
1723 402 60 36 att,

291 451 113 32 därest
427 451 51 31 till
502 462 40 21 en
565 451 265 41 ledigförklarad
854 452 108 39 tjänst
985 452 77 31 med
1086 452 189 41 begränsad
1302 452 278 42 ansökningsrätt
1603 452 120 32 endast
1746 464 39 21 en

291 504 151 32 sökande
477 504 127 32 anmält
639 505 60 41 sig,
737 505 245 32 skoldistriktet
1016 505 85 32 skall
1131 505 89 33 hava
1243 508 48 29 att
1317 508 71 29 utse
1413 506 119 38 denne,
1558 505 117 34 såvida
1699 506 85 32 skol-

291 556 245 43 överstyrelsen
568 558 30 40 ej
631 560 44 40 på
699 558 253 42 framställning
975 569 41 22 av
1041 559 65 31 den
1130 559 112 32 lokala
1265 559 322 42 skolmyndigheten
1611 559 175 42 medgiver

292 615 76 38 nytt
402 612 309 41 ledigförklarande
746 623 41 21 av
823 613 160 40 tjänsten.
1031 613 125 31 Vidare
1180 613 95 32 torde
1299 613 150 32 sökande
1472 614 78 31 från
1574 613 212 32 skoldistrikt

292 665 78 32 med
406 665 184 41 övertaliga
623 666 232 40 lärartjänster
890 666 83 32 böra
1007 666 139 32 beredas
1182 667 188 41 ersättning
1403 667 55 31 för
1493 667 40 31 de
1568 667 150 41 utgifter,
1744 666 41 33 de

255 730 2 2 "
290 720 108 31 måste
433 719 190 32 vidkännas
658 730 123 30 genom
816 722 50 29 att
900 720 207 31 underkasta
1143 720 52 41 sig
1224 720 141 41 frivillig
1388 720 223 42 förflyttning.
1660 719 125 33 Härtill

288 772 96 32 torde
408 772 181 41 riksdagen
613 773 105 31 redan
740 784 48 20 nu
811 773 83 32 böra
917 773 115 32 lämna
1055 773 259 41 medgivande»;

334 827 68 31 dels
435 828 48 29 att
515 826 64 32 den
612 827 110 40 punkt
755 827 10 31 i
798 827 182 31 utskottets
1012 827 214 39 hemställan,
1258 838 73 21 som
1354 827 115 41 börjar
1493 827 79 32 med
1596 827 104 32 orden
1727 827 56 32 »B.

291 879 186 41 godkänna
508 879 170 41 följande»
716 880 62 32 och
810 880 107 32 slutar
946 880 77 32 med
1047 880 105 32 orden
1180 880 82 41 »juli
1289 882 103 31 1936»
1420 880 75 33 bort
1518 881 89 32 hava
1629 881 156 41 följande

288 933 141 41 lydelse:

658 987 55 31 »B.
742 987 78 32 med
843 986 120 42 avslag
986 988 19 30 å
1021 986 128 41 Kungl.
1168 987 115 40 Maj:ts
1299 987 128 42 förslag
1448 999 56 20 om
1520 988 265 41 tvångsförflytt-

611 1040 87 41 ning
730 1040 184 41 godkänna
946 1040 152 41 följande
1132 1040 174 32 allmänna
1336 1041 151 41 grunder
1509 1042 54 31 för
1586 1041 198 41 statsbidrag

611 1094 51 31 till
688 1094 151 40 avlöning
864 1105 40 20 av
928 1094 108 32 lärare
1058 1094 59 32 vid
1141 1094 333 32 folkskoleväsendet
1497 1097 49 29 att
1568 1094 98 32 träda
1689 1094 11 31 i
1724 1094 61 32 till-

610 1147 180 41 lämpning
812 1148 79 31 från
915 1147 64 32 och
1002 1147 78 32 med
1104 1147 66 32 den
1197 1149 15 30 1
1238 1147 63 41 juli
1326 1148 120 31 1936:>

655 1201 67 31 dels
756 1203 48 29 att
836 1201 156 41 punkten
1019 1200 24 32 I.
1069 1201 37 31 B.
1131 1202 21 30 4
1176 1198 42 43 b).
1244 1201 11 31 i
1279 1201 180 32 utskottets
1483 1201 204 32 hemställan
1710 1201 76 32 bort

609 1255 92 40 utgå,

655 1307 67 31 dels
755 1308 53 31 ock
841 1309 49 29 att
923 1307 153 41 punkten
1110 1307 24 31 I.
1165 1307 36 32 B.
1233 1309 21 30 4
1278 1305 37 42 c).
1341 1308 11 31 i
1376 1308 181 32 utskottets
1581 1307 204 33 hemställan

609 1360 75 32 bort
709 1360 181 32 betecknas
914 1360 25 31 I.
965 1360 36 32 B.
1027 1362 21 30 4
1071 1358 42 43 b).

335 1467 67 32 vid
436 1467 128 41 punkt
596 1467 29 31 I.
662 1467 41 31 B.
739 1469 21 29 4
792 1464 32 44 c)
858 1478 44 21 av
934 1468 115 31 herrar
1081 1468 182 32 Johansson
1286 1467 11 32 i
1322 1468 254 38 Fredrikslund,
1601 1468 183 41 Bergqvist,

292 1521 197 40 Bergström,
523 1521 181 41 Nylander,
736 1521 110 39 Pauli,
881 1521 137 32 Persson
1049 1521 11 31 i
1093 1520 106 40 Falla,
1225 1522 176 31 Holmdahl
1424 1522 64 31 och
1511 1521 157 39 Aronson,
1693 1521 93 33 vilka

290 1577 120 35 ansett,

337 1628 68 31 dels
437 1630 48 29 att
517 1627 55 32 det
604 1628 179 32 utskottets
817 1628 176 31 uttalande
1026 1629 19 30 å
1074 1628 61 32 sid.
1163 1629 51 38 79,
1240 1639 71 21 som
1337 1628 114 41 börjar
1474 1628 78 32 med
1577 1628 104 32 orden
1709 1629 76 32 -»Ut-

294 1681 125 31 skottet
451 1691 115 22 anser»
603 1681 63 32 och
700 1681 104 32 slutar
837 1682 79 31 med
949 1682 103 31 orden
1089 1682 81 31 »här
1193 1682 131 32 nedan»
1352 1682 76 32 bort
1450 1682 91 33 hava
1563 1682 154 41 följande
1739 1682 46 41 ly-

291 1734 103 32 delse:

339 1799 12 15 »
358 1787 173 32 Utskottet
553 1788 62 31 har
639 1789 54 31 för
716 1788 52 31 sin
793 1788 53 32 del
868 1788 75 32 icke
967 1788 132 32 kunnat
1122 1788 104 39 finna,
1250 1791 48 29 att
1322 1788 66 33 den
1405 1789 11 31 i
1431 1789 255 41 propositionen
1702 1791 84 31 före-

291 1840 120 42 slagna
446 1841 187 41 ordningen
673 1841 108 32 skulle
815 1841 164 32 innebära
1010 1842 106 31 risker
1149 1853 40 20 ur
1218 1842 202 33 kommunal
1449 1843 185 41 synpunkt.
1682 1843 103 33 Kom-

291 1905 186 21 munernas
501 1897 65 29 rätt
589 1898 48 29 att
661 1895 109 41 själva
792 1895 93 40 välja
908 1895 74 32 sina
1004 1895 107 32 lärare
1135 1895 119 39 skulle,
1276 1898 111 30 såsom
1412 1896 374 42 departementschefen

292 1948 199 39 framhållit,
524 1948 147 41 alltjämt
701 1948 131 32 lämnas
856 1948 199 33 obeskuren.
1103 1949 118 41 Enligt
1244 1950 180 31 utskottets
1448 1950 141 41 mening
1611 1951 62 31 har
1695 1950 12 31 i
1731 1950 57 32 det

294 2001 234 41 föreliggande
557 2002 162 40 förslaget
747 2002 157 31 intresset
931 2013 43 22 av
1001 2006 47 28 att
1072 2003 57 32 det
1152 2002 174 33 allmänna
1349 2004 54 30 får
1425 2003 188 41 inflytande
1636 2005 45 40 på
1704 2015 82 30 upp-

293 2054 156 32 rättande
473 2065 41 22 av
538 2055 128 41 förslag
688 2055 51 31 till
762 2055 197 40 lärartjänst
981 2057 44 39 på
1048 2059 47 29 ett
1118 2056 141 41 lyckligt
1282 2059 65 29 sätt
1369 2056 225 41 tillgodosetts
1611 2057 176 41 samtidigt

293 2107 77 32 med
395 2110 49 29 att
467 2108 378 41 primärkommunerna
869 2108 192 33 bibehållits
1085 2109 58 32 vid
1168 2113 47 28 ett
1237 2110 194 41 avgörande
1454 2110 187 41 inflytande
1665 2112 44 39 på
1724 2110 63 32 till-

290 2161 195 41 sättningen
508 2172 42 22 av
573 2162 286 40 lärartjänsterna.

336 2214 174 33 Utskottet
541 2226 97 21 anser
671 2215 52 42 sig
754 2216 214 32 fördenskull
995 2215 81 33 böra
1099 2216 168 41 tillstyrka
1289 2217 129 41 Kungl.
1445 2217 114 41 Maj:ts
1583 2229 47 20 nu
1654 2217 132 41 förelig-

289 2268 111 40 gande
435 2268 127 42 förslag
597 2269 63 32 och
694 2270 159 40 avstyrka
890 2269 56 32 det
973 2270 10 31 i
1013 2270 211 32 motionerna
1248 2270 112 33 I:320
1384 2271 63 31 och
1471 2271 127 32 I1:567
1623 2271 10 32 i
1658 2272 128 32 föreva-

290 2321 105 32 rande
428 2322 192 32 hänseende
653 2323 190 31 framförda
869 2323 167 41 yrkandet
1060 2328 162 28 ävensom
1246 2324 176 32 motionen
1445 2325 141 32 II:552.
1634 2324 66 32 Till
1722 2326 64 30 frå-

290 2384 67 32 gan
382 2385 57 21 om
463 2376 212 31 förfarandet
698 2376 57 32 vid
779 2376 207 32 tillsättande
1010 2387 42 22 av
1076 2376 204 41 lärartjänst,
1299 2388 73 21 som
1389 2383 37 26 är
1441 2378 143 32 förenad
1601 2378 78 32 med
1696 2383 91 28 över-

290 2428 205 41 lärartjänst,
521 2429 227 32 återkommer
771 2430 164 32 utskottet
958 2430 61 31 här
1042 2430 143 32 nedan.>
