1894 2846
552 147 255 33 Statsutskottets
829 147 170 32 utlåtande
1023 147 53 31 Nr
1100 150 74 28 142.
1563 146 41 31 13

152 228 17 32 I
204 228 212 32 motionerna
450 227 25 32 I:
499 228 65 31 320
595 227 63 32 och
681 227 42 32 II:
742 229 63 31 567
831 228 62 31 har
917 226 200 39 hemställts,
1143 229 49 29 att
1216 226 181 41 riksdagen
1423 228 104 30 måtte
1551 225 52 33 be-

109 281 89 33 sluta
232 284 58 36 att,
326 280 78 33 med
440 280 117 42 avslag
590 282 20 30 å
639 281 68 32 vad
730 281 145 32 sålunda
897 280 203 42 föreslagits,
1125 280 200 33 nuvarande
1349 279 256 33 bestämmelser

108 334 211 33 fortfarande
343 334 96 33 skola
462 334 89 41 gälla
573 334 211 32 beträffande
807 334 194 32 inrättande
1025 334 64 32 och
1112 333 238 33 bibehållande
1376 344 42 22 av
1439 333 167 32 ordinarie

109 389 106 41 tjänst
239 399 78 21 men
340 388 190 32 utsträckas
554 391 48 28 att
624 387 90 42 gälla
738 393 86 27 även
848 389 54 31 för
926 390 94 29 extra
1043 387 170 32 ordinarie
1237 387 117 41 tjänst.

154 442 207 41 Visserligen
396 442 96 32 torde
527 442 76 32 med
639 441 66 32 den
740 442 53 32 för
823 441 213 33 närvarande
1060 440 214 33 förutsebara
1298 440 240 42 utvecklingen
1562 450 42 22 av

109 495 213 34 barnantalet
353 496 11 31 i
395 495 104 33 rikets
522 495 187 32 folkskolor
732 495 193 32 inrättande
949 506 43 21 av
1015 505 69 31 nya
1108 495 142 40 tjänster
1273 494 74 33 icke
1371 505 82 22 vara
1476 497 48 29 att
1541 494 64 32 för-

109 554 104 29 vänta
247 550 11 31 i
293 551 114 40 någon
443 552 104 30 större
582 549 245 41 utsträckning,
857 560 79 21 men
960 549 11 31 i
994 548 108 33 likhet
1126 548 78 33 med
1229 548 376 42 departementschefen

110 605 108 31 finner
242 604 164 32 utskottet
429 603 56 32 det
503 603 206 41 principiellt
733 603 63 32 och
820 603 124 41 sakligt
967 602 206 42 välgrundat
1197 605 48 29 att
1268 605 119 36 staten,
1413 602 44 32 då
1473 601 66 32 den
1557 605 49 28 ut-

109 658 83 32 ökar
231 658 52 32 sin
319 657 224 32 ekonomiska
577 657 218 41 ansvarighet
829 658 54 31 för
917 656 344 38 folkskoleväsendet,
1296 655 225 33 tillförsäkrar
1556 655 51 41 sig

110 711 111 32 medel
244 714 49 29 att
315 710 188 42 förebygga
527 710 181 39 missbruk,
733 721 73 21 som
830 710 76 32 leda
929 709 51 32 till
1004 709 108 33 ökade
1136 710 141 41 utgifter
1300 710 54 31 för
1370 712 120 29 staten.
1527 708 79 32 Med

109 765 136 41 hänsyn
279 764 113 32 härtill
426 764 185 40 tillstyrker
645 764 164 32 utskottet
843 763 129 42 Kungl.
1003 763 114 40 Maj:ts
1142 763 128 41 förslag
1293 763 10 31 i
1328 763 113 32 denna
1465 762 54 32 del
1543 762 62 32 och

109 819 178 41 avstyrker
320 818 68 33 vad
422 817 11 32 i
464 817 212 33 motionerna
699 818 25 31 I:
743 818 64 32 320
831 817 64 32 och
918 817 43 32 II:
980 818 63 31 567
1069 817 209 31 härutinnan
1302 816 199 32 hemställts.
1550 815 56 33 Ut-

110 872 125 33 skottet
258 872 62 32 har
342 871 143 33 allenast
509 871 115 32 funnit
648 874 47 29 ett
718 871 84 33 visst
824 870 254 42 förtydligande
1102 871 164 32 önskvärt
1284 870 212 32 beträffande
1512 869 93 33 vilka

110 926 330 40 lärarbefattningar,
482 936 73 21 som
593 926 85 31 efter
713 924 253 34 vederbörande
1001 924 343 41 folkskolinspektörs
1378 922 228 43 medgivande

110 982 57 30 må
199 980 119 32 kunna
344 982 84 29 utan
464 978 127 42 Kungl.
629 978 114 41 Maj:ts
779 977 154 33 tillstånd
968 988 82 23 vara
1081 977 167 33 inrättade
1284 977 109 32 under
1425 988 42 21 en
1491 976 49 32 tid
1564 987 43 21 av

110 1034 101 41 högst
245 1036 49 29 tre
326 1035 45 30 år.
420 1032 16 32 I
465 1032 92 32 detta
579 1032 194 32 hänseende
796 1031 156 33 förordar
975 1031 174 38 utskottet,
1174 1033 49 30 att
1248 1031 104 32 orden
1380 1031 126 40 »tjänst
1529 1030 78 32 med

110 1087 209 41 anställning
353 1088 45 40 på
431 1086 69 32 viss
535 1085 67 33 tid>
642 1085 136 42 utbytas
814 1088 72 29 mot
916 1084 105 33 orden
1049 1085 124 40 »tjänst
1197 1084 78 32 med
1298 1084 210 41 anställning
1531 1094 73 21 som

111 1145 94 28 extra
229 1140 169 32 ordinarie
422 1139 79 32 eller
525 1139 95 41 eljest
644 1140 44 40 på
711 1139 70 32 viss
806 1138 81 33 tid>.

155 1194 16 32 I
206 1194 62 32 här
302 1193 223 33 förevarande
560 1193 251 41 sammanhang
837 1193 63 31 har
923 1192 165 32 utskottet
1109 1191 131 41 jämväl
1263 1191 90 33 velat
1376 1192 105 40 något
1504 1201 102 31 uppe-

109 1248 93 32 hålla
226 1248 52 41 sig
300 1247 58 33 vid
382 1248 132 40 frågan,
539 1246 11 32 i
573 1246 115 33 vilken
711 1246 239 41 utsträckning
973 1256 43 22 en
1039 1245 209 41 utvidgning
1270 1256 43 21 av
1337 1244 129 42 Kungl.
1492 1244 115 41 Maj:ts

110 1301 188 42 inflytande
332 1302 44 40 på
410 1301 116 41 frågor
560 1311 55 21 om
651 1299 270 33 återbesättande
945 1310 43 22 av
1012 1299 107 41 tjänst
1143 1304 36 27 är
1203 1309 42 22 av
1268 1298 146 33 behovet
1438 1297 169 42 påkallad.

110 1355 76 32 Den
216 1354 174 42 antagliga
412 1354 203 41 nedgången
638 1354 11 31 i
674 1353 213 33 barnantalet
910 1357 61 37 gör
995 1352 56 33 det
1074 1352 181 39 sannolikt,
1281 1355 48 29 att
1353 1351 117 42 dylika
1492 1352 116 40 frågor

111 1409 109 32 under
255 1408 65 32 den
353 1410 171 30 närmaste
546 1407 185 32 framtiden
755 1407 140 32 komma
918 1409 50 29 att
992 1406 91 33 bliva
1107 1406 148 32 aktuella
1278 1406 11 31 i
1312 1405 169 41 betydligt
1504 1408 105 29 större

111 1462 237 41 utsträckning
371 1466 43 27 än
438 1461 116 41 frågor
578 1471 56 21 om
658 1460 241 41 nyinrättande
923 1470 43 22 av
990 1460 115 40 tjänst.
1142 1459 173 32 Utskottet
1337 1458 108 33 håller
1460 1457 148 33 emeller-

111 1516 49 32 tid
196 1517 82 37 före,
313 1518 49 29 att
397 1525 82 21 man
509 1514 10 31 i
543 1517 74 29 vart
640 1513 62 32 fall
726 1513 93 33 torde
843 1513 83 32 böra
950 1513 148 32 avvakta
1121 1514 114 39 någon
1259 1512 66 32 tids
1350 1512 193 32 erfarenhet
1565 1522 43 22 av

112 1569 41 32 de
188 1580 123 30 genom
347 1567 227 42 kungörelsen
609 1567 66 33 den
700 1568 42 31 30
767 1567 177 32 december
971 1567 84 31 1932
1080 1563 52 44 (nr
1155 1564 76 42 582)
1255 1566 137 32 införda
1415 1564 195 33 kontrollåt-

111 1623 176 41 gärderna,
312 1624 89 30 samt
424 1623 100 40 utgår
547 1622 76 31 från
648 1624 49 29 att
720 1621 62 32 här
805 1620 225 33 förevarande
1054 1621 97 40 fråga
1175 1620 109 31 under
1302 1619 93 32 tiden
1413 1624 37 27 är
1465 1618 143 33 föremål

112 1677 53 31 för
189 1676 127 41 Kungl.
342 1675 117 41 Maj:ts
483 1675 315 41 uppmärksamhet.

157 1730 118 33 Under
301 1729 111 42 punkt
436 1729 36 32 B.
497 1731 21 29 4
542 1727 31 41 b)
604 1729 61 31 har
700 1728 178 41 framlagts
903 1727 129 42 förslag
1056 1738 54 21 om
1137 1726 193 42 skyldighet
1354 1727 54 31 för
1431 1726 107 32 lärare
1562 1728 49 29 att

112 1783 207 32 underkasta
342 1783 52 41 sig
416 1783 216 41 förflyttning
656 1782 125 32 mellan
805 1782 221 32 skoldistrikt.

158 1837 146 32 Berörda
338 1836 129 41 förslag
489 1836 142 32 innebär
654 1835 165 40 följande:
846 1834 444 41 Förflyttningsskyldighet
1314 1833 86 33 skall
1424 1833 186 32 tillsvidare

113 1891 120 32 endast
256 1890 88 41 gälla
367 1890 118 38 lärare,
510 1900 73 21 som
607 1890 85 31 efter
715 1890 41 31 de
780 1900 68 30 nya
871 1888 319 32 bestämmelsernas
1214 1887 271 32 ikraftträdande
1504 1887 107 31 första

112 1945 135 40 gången
282 1943 122 33 vinner
436 1943 167 31 ordinarie
631 1942 217 41 anställning.
897 1942 67 31 För
987 1941 117 38 lärare,
1129 1952 74 20 som
1227 1940 59 32 vid
1310 1940 41 32 de
1376 1951 68 30 nya
1467 1940 143 32 bestäm-

113 1997 183 32 melsernas
320 1996 271 32 ikraftträdande
614 1995 144 32 innehar
781 1994 169 32 ordinarie
974 1994 209 40 anställning
1207 2005 78 20 men
1310 1994 85 31 efter
1419 1993 193 40 ansökning

114 2051 121 32 vinner
258 2052 170 39 transport
451 2049 51 32 till
526 2060 113 21 annan
664 2049 106 40 tjänst
793 2059 43 21 av
860 2047 242 33 motsvarande
1126 2047 83 41 slag,
1231 2047 175 32 förbindes
1422 2046 190 41 flyttnings-

113 2104 194 41 skyldighet
342 2103 79 32 med
456 2103 65 32 den
556 2113 69 30 nya
657 2102 261 41 anställningen.
968 2101 221 32 Sistnämnda
1213 2100 237 32 bestämmelse
1476 2111 135 30 genom-

114 2159 89 30 föres
232 2157 86 32 dock
342 2157 30 40 ej
399 2156 208 32 omedelbart
630 2159 83 28 utan
738 2157 85 30 först
847 2156 85 31 efter
956 2155 170 40 förloppet
1150 2165 42 21 av
1217 2155 69 30 fem
1311 2156 45 29 år.
1405 2153 206 41 Flyttnings-

114 2211 238 41 skyldigheten
376 2210 105 41 gäller
505 2210 53 31 för
580 2210 94 40 varje
699 2209 106 32 lärare
829 2209 120 32 endast
973 2208 56 32 det
1053 2207 327 41 flyttningsområde,
1407 2207 60 31 där
1490 2207 69 31 han
1576 2212 36 26 är

114 2263 156 32 anställd.
309 2263 381 41 Flyttningsområdena
714 2261 243 32 sammanfalla
980 2261 77 32 med
1082 2261 41 31 de
1147 2264 124 28 tretton
1296 2260 315 41 områdesgrupper,

115 2328 73 20 som
224 2316 221 32 omförmälas
474 2316 10 30 i
509 2315 226 40 kungörelsen
760 2315 64 31 den
851 2316 41 30 20
916 2314 64 40 juli
1008 2315 84 30 1933
1116 2311 53 42 (nr
1193 2311 75 41 507)
1293 2324 56 20 om
1374 2313 203 40 tillsättning
1602 2313 9 30 i

115 2370 90 31 vissa
242 2369 59 32 fall
335 2380 43 21 av
408 2368 107 32 lärare
538 2368 57 32 vid
619 2368 84 31 folk-
727 2368 63 31 och
814 2367 198 32 småskolor.
1060 2366 357 41 Tvångsförflyttning
1441 2365 171 41 tillämpas

115 2423 130 37 endast,
276 2422 43 32 då
343 2422 65 31 den
433 2421 295 40 nödvändiggöres
752 2432 42 21 av
818 2420 111 32 behov
954 2423 49 28 att
1026 2419 143 41 indraga
1194 2419 164 41 övertalig
1381 2419 116 40 tjänst.
1545 2418 68 32 Vid

115 2474 342 42 tvångsförflyttning
492 2474 84 32 skall
611 2476 37 29 så
672 2474 63 32 vitt
759 2474 134 40 möjligt
917 2473 115 38 tillses,
1059 2475 48 29 att
1131 2473 106 31 lärare
1261 2483 123 30 genom
1409 2471 204 41 förflyttnin-
