1880 2802
519 170 118 32 Andra
658 171 238 37 lagutskottets
919 173 176 33 utlåtande
1117 184 42 22 nr
1186 175 47 30 11.
1614 175 21 31 3

121 245 240 41 berättigande
381 247 30 39 ej
434 247 149 31 behöver
602 249 186 40 företagas.
810 251 65 29 Det
895 253 38 28 är
953 253 209 40 exempelvis
1182 255 274 40 uppenbarligen
1476 257 154 30 nödvän-

122 288 73 39 digt
217 290 52 28 att
289 289 185 31 samhället
497 291 178 30 anordnar
696 293 150 30 särskild
869 294 153 30 kontroll
1043 295 223 32 beträffande
1288 298 41 29 de
1352 298 280 39 näringsidkare,

123 339 76 21 som
222 331 179 31 handskas
426 333 78 30 med
530 333 104 39 gifter
657 334 82 30 eller
761 336 271 39 sprängämnen.
1056 338 13 29 I
1093 338 176 39 åtskilliga
1293 340 62 29 fall
1379 341 70 29 kan
1471 341 89 31 dock
1585 351 45 21 en

120 382 98 21 mera
237 374 162 40 grundlig
415 375 171 40 prövning
603 386 84 20 vara
704 378 163 39 påkallad
888 379 55 29 för
962 381 49 28 att
1031 381 126 29 utröna
1175 381 87 30 både
1281 391 56 20 om
1356 382 276 41 inskränkning-

121 424 44 21 en
186 416 40 29 är
248 417 199 39 nödvändig
468 418 63 29 och
557 428 56 20 om
637 419 67 30 den
729 421 38 29 är
791 420 160 40 lämpligt
973 422 191 31 utformad.
1188 423 64 30 Vid
1276 425 354 40 undersökningarna

120 457 63 31 bör
203 458 75 30 icke
299 459 148 30 förbises
468 460 66 29 den
555 460 238 41 möjligheten,
818 464 51 28 att
891 464 93 30 vissa
1006 464 110 40 legala
1137 465 300 41 inskränkningar
1458 468 91 40 gjort
1570 469 60 30 det

120 500 139 39 möjligt
280 501 54 30 för
356 501 159 31 enskilda
537 511 152 33 grupper
709 506 51 28 att
780 505 144 31 hämma
945 507 269 31 konkurrensen
1235 509 43 40 på
1300 511 48 28 ett
1369 511 69 29 sätt
1459 520 74 20 som
1558 511 73 40 lag-

120 543 164 30 stiftaren
306 543 76 31 icke
402 546 122 29 avsett.

164 585 227 31 Beträffande
408 587 142 30 särskilt
567 588 526 43 näringsfrihetsförordningen
1111 593 107 38 gäller
1234 595 51 28 att
1303 603 42 21 en
1361 595 151 30 revision
1528 597 99 29 torde

118 636 85 21 vara
223 628 205 40 erforderlig
449 630 85 29 även
555 639 42 21 ur
618 631 160 31 formella
799 633 230 40 synpunkter.
1054 634 250 41 Utvecklingen
1326 646 102 29 synes
1450 638 176 39 nämligen

118 669 46 30 ha
182 670 162 35 medfört,
362 673 51 28 att
429 672 88 29 flera
532 681 43 21 av
591 673 270 40 förordningens
876 675 265 32 bestämmelser
1156 677 76 30 icke
1248 688 74 20 mer
1338 680 141 29 komma
1497 680 52 30 till
1565 690 65 20 an-

118 712 188 40 vändning,
330 714 111 29 under
462 715 57 29 det
538 716 51 29 att
612 716 111 30 andra
744 717 124 29 endast
889 717 88 31 efter
998 719 222 40 omtolkning
1240 720 121 31 kunna
1382 721 176 41 tillämpas
1581 723 47 40 på

118 755 203 30 nuvarande
344 755 256 32 förhållanden.
622 758 101 30 Vissa
745 759 222 31 föreskrifter
988 761 60 30 äro
1069 762 107 30 också
1197 762 108 30 delvis
1327 773 42 20 av
1392 764 38 30 så
1452 765 174 30 svävande

117 798 116 33 natur,
252 799 51 28 att
321 798 57 30 det
396 799 164 30 stundom
582 800 103 30 råder
703 802 127 29 tvekan
848 811 58 20 om
925 803 100 30 deras
1045 804 92 30 rätta
1156 804 180 31 innebörd.

162 839 111 31 Bland
293 840 41 30 de
356 841 182 39 spörsmål,
559 851 75 21 som
655 852 105 30 synas
782 844 83 30 böra
887 847 171 38 upptagas
1080 846 53 30 till
1153 848 248 39 övervägande,
1422 848 64 30 hör
1505 849 120 30 vidare

117 881 125 40 frågan
258 892 56 20 om
332 883 243 40 utlänningars
593 885 225 39 näringsrätt.
838 886 74 30 Den
930 888 149 30 svenska
1098 888 265 41 lagstiftningen
1380 891 43 40 på
1440 892 94 29 detta
1552 901 76 20 om-

116 923 83 31 råde
223 924 262 31 kännetecknas
507 935 42 21 av
569 926 311 42 inskränkningar,
903 939 75 20 som
1000 931 98 29 torde
1118 940 84 22 vara
1223 941 95 21 mera
1339 933 218 30 omfattande
1579 935 45 29 än

116 966 66 30 vad
201 968 246 29 motsvarande
466 968 107 40 legala
596 969 300 41 inskränkningar
915 971 10 29 i
947 972 87 30 flera
1053 973 110 30 andra
1184 974 120 30 länder
1324 976 71 33 äro,
1415 975 10 29 i
1444 976 96 39 varje
1560 976 64 30 fall

116 1017 57 21 om
191 1018 83 21 man
292 1018 55 22 ser
365 1010 53 29 till
438 1010 94 30 tiden
551 1012 130 30 mellan
699 1013 41 29 de
758 1013 89 30 båda
866 1014 253 40 världskrigen.
1138 1016 66 30 Det
1223 1017 69 29 kan
1311 1016 234 41 ifrågasättas,
1565 1028 58 20 om

115 1050 77 31 icke
218 1052 100 29 dessa
344 1052 243 31 restriktioner
613 1054 11 29 i
653 1056 72 28 stor
750 1057 247 39 utsträckning
1021 1057 84 30 böra
1132 1059 216 39 uppmjukas
1376 1060 64 30 och
1465 1060 158 31 mildras.

116 1093 47 30 Ur
179 1093 179 31 allmänna
377 1096 218 39 synpunkter
613 1105 103 31 synes
735 1098 56 29 det
809 1107 82 21 vara
908 1098 53 30 till
979 1107 88 31 gagn
1085 1102 51 28 att
1152 1101 150 39 onödiga
1318 1101 124 31 hinder
1460 1102 75 31 icke
1553 1103 70 40 läg-

116 1142 59 32 gas
194 1135 56 31 för
265 1136 140 40 dugliga
425 1137 245 40 utlänningars
688 1140 223 30 verksamhet
929 1141 64 30 här
1010 1141 11 29 i
1040 1142 127 30 landet.

159 1177 78 31 Med
257 1178 137 40 hänsyn
413 1179 52 30 till
485 1181 50 29 att
554 1180 233 41 utredningen
806 1183 160 30 kommer
984 1185 51 29 att
1054 1193 80 21 avse
1154 1187 49 28 ett
1221 1181 195 44 betydande
1435 1188 95 29 antal
1552 1188 73 30 för-

113 1219 206 41 fattningar,
339 1230 75 21 som
432 1222 122 30 beröra
572 1223 88 30 flera
679 1224 113 31 skilda
809 1225 378 41 problemställningar,
1207 1237 101 30 synes
1327 1229 204 31 densamma
1551 1230 73 30 del-

113 1262 53 30 vis
185 1263 85 30 böra
285 1272 83 21 vara
384 1273 42 21 av
443 1265 120 29 enbart
581 1265 250 32 förberedande
847 1270 113 28 natur.
976 1268 86 31 Dess
1081 1270 136 37 uppgift
1235 1271 87 29 skall
1340 1271 10 29 i
1368 1271 144 31 främsta
1529 1281 93 21 rum-

112 1307 70 28 met
198 1314 83 22 vara
298 1308 48 28 att
362 1307 178 37 kartlägga
557 1308 146 30 behovet
721 1311 48 28 att
787 1310 54 29 för
859 1310 174 31 vinnande
1051 1321 42 20 av
1113 1312 91 30 ökad
1224 1313 247 38 näringsfrihet
1489 1315 132 29 undan-

112 1347 78 37 röja
207 1348 83 30 eller
306 1348 172 30 omforma
495 1349 128 31 sådana
641 1351 108 37 legala
764 1352 282 38 begränsningar,
1063 1354 95 30 vilka
1175 1355 73 29 icke
1266 1355 85 37 fylla
1368 1356 102 37 något
1486 1358 136 29 väsent-

113 1389 62 40 ligt
198 1390 90 39 syfte
310 1391 83 30 eller
415 1391 93 31 vilka
532 1393 60 29 äro
618 1402 95 21 mera
736 1394 207 40 ingripande
967 1397 44 28 än
1037 1405 75 21 som
1138 1397 70 29 kan
1232 1406 101 21 anses
1357 1399 223 39 nödvändigt.
1606 1400 13 29 I

112 1432 100 39 fråga
238 1442 57 20 om
321 1433 544 42 näringsfrihetsförordningens
892 1437 264 31 bestämmelser
1182 1439 63 30 bör
1272 1440 230 40 utredningen
1529 1442 91 30 dock

112 1474 94 39 syfta
223 1474 52 30 till
294 1484 43 20 en
354 1475 207 40 fullständig
579 1477 150 30 revision
749 1479 64 29 och
833 1479 362 39 utredningsmannen
1213 1481 62 30 bör
1295 1482 193 39 framlägga
1508 1484 114 29 utfor-

110 1518 74 28 mat
202 1517 372 40 författningsförslag.
594 1519 94 30 Även
706 1520 10 28 i
736 1520 111 39 övrigt
867 1521 62 30 bör
947 1522 189 30 emellertid
1155 1523 351 38 utredningsmannen
1527 1527 95 28 utar-

110 1559 78 30 beta
207 1559 136 31 direkta
362 1560 373 40 författningsförslag,
754 1563 117 29 därest
889 1563 11 29 i
919 1563 92 30 vissa
1031 1564 62 30 fall
1113 1565 189 39 ändringar
1320 1566 11 29 i
1351 1566 157 39 gällande
1528 1568 93 29 före-

111 1601 144 30 skrifter
277 1602 149 30 framstå
447 1611 74 21 som
542 1603 125 30 säskilt
687 1605 112 29 starkt
819 1605 185 40 påkallade
1025 1606 65 30 och
1110 1606 76 31 icke
1207 1608 189 30 förutsätta
1416 1619 95 20 mera
1533 1610 88 30 tids-

109 1643 178 30 krävande
306 1644 314 40 undersökningar.

156 1736 185 30 Utskottet.
365 1737 120 29 Såsom
506 1738 261 31 motionärerna
786 1739 196 31 framhållit
1003 1742 98 29 torde
1124 1742 497 42 näringsfrihetsförordning-

111 1795 53 25 en,
189 1796 75 20 som
289 1788 78 28 med
393 1787 93 30 vissa
510 1788 247 40 förändringar
781 1790 107 39 gäller
913 1791 107 30 sedan
1045 1801 74 20 mer
1144 1793 45 29 än
1214 1793 159 30 åttiofem
1398 1795 38 29 år
1461 1795 156 34 tillbaka,

110 1846 84 20 vara
214 1837 11 29 i
245 1839 87 28 stort
351 1838 111 30 behov
481 1847 42 21 av
542 1839 148 39 översyn
709 1841 65 28 och
795 1841 253 39 omarbetning.
1069 1843 129 30 Härför
1219 1844 89 29 talar
1328 1845 126 29 främst
1475 1846 66 29 den
1564 1848 56 27 ut-

110 1888 161 39 veckling
294 1888 44 39 på
361 1888 245 39 näringslivets
632 1890 64 29 och
723 1890 116 39 övriga
864 1891 178 35 områden,
1067 1901 75 21 som
1167 1894 57 38 ägt
1248 1903 78 20 rum
1352 1895 106 29 sedan
1482 1896 136 30 förord-

109 1938 147 38 ningens
279 1938 183 29 tillkomst.
486 1939 99 30 Flera
609 1940 263 31 bestämmelser
895 1941 10 29 i
930 1942 251 40 förordningen
1207 1944 120 30 kunna
1354 1945 170 39 svårligen
1549 1947 69 28 till-

109 1988 135 39 lämpas
262 1988 44 39 på
323 1990 201 28 nuvarande
543 1990 246 31 förhållanden
806 1992 65 29 och
889 1992 110 30 andra
1016 1993 263 31 bestämmelser
1296 1996 142 29 komma
1456 1997 63 29 alls
1538 1997 79 29 icke

108 2048 96 20 mera
225 2039 52 29 till
297 2039 235 40 användning.

152 2089 51 29 Av
221 2090 57 29 det
298 2099 89 20 ovan
408 2090 147 30 anförda
574 2091 156 39 framgår
748 2093 203 34 emellertid,
972 2095 50 28 att
1041 2094 477 41 näringsrättsutredningen,
1538 2107 77 20 som

107 2139 183 30 tillkallats
316 2140 106 38 enligt
447 2141 124 38 Kungl.
596 2142 124 38 Maj:ts
743 2142 278 39 bemyndigande
1045 2145 67 28 den
1139 2146 13 28 1
1181 2147 186 29 november
1393 2147 92 34 1946,
1511 2148 66 29 fått
1603 2148 12 29 i

107 2190 159 38 uppdrag
287 2192 50 27 att
361 2191 186 29 verkställa
572 2193 187 38 utredning
781 2194 63 28 och
868 2194 120 37 avgiva
1012 2195 131 38 förslag
1165 2196 148 29 rörande
1335 2206 43 19 en
1400 2197 149 30 revision
1572 2208 44 20 av

108 2240 421 38 näringslagstiftningen.
559 2242 11 28 I
600 2243 194 29 direktiven
822 2244 55 28 för
905 2244 232 38 utredningen
1168 2246 143 29 betonas
1342 2247 151 34 särskilt,
1522 2250 50 27 att
1602 2249 11 28 i

107 2290 98 37 fråga
232 2299 54 20 om
314 2290 543 40 näringsfrihetsförordningens
885 2293 263 31 bestämmelser
1174 2296 232 39 utredningen
1432 2298 61 29 bör
1519 2299 94 38 syfta

106 2339 51 29 till
175 2349 42 19 en
236 2340 207 37 fullständig
461 2341 149 29 revision
628 2343 63 28 och
711 2343 262 37 framläggande
991 2354 41 19 av
1050 2345 171 29 utformat
1240 2346 372 41 författningsförslag.

106 2390 120 37 Någon
252 2391 260 38 framställning
538 2391 50 29 till
617 2392 126 38 Kungl.
770 2393 105 39 Maj:t
901 2394 8 28 i
939 2394 188 38 anledning
1153 2405 42 20 av
1223 2397 176 28 motionen
1429 2400 37 27 är
1492 2399 121 29 därför

106 2440 75 29 icke
201 2441 214 38 erforderlig.
