1884 2792
503 141 393 40 Bevillningsutskottets
922 147 217 33 betänkande
1167 160 42 21 nr
1228 150 50 30 27.
1627 150 19 31 9

136 217 236 32 kommunens
396 220 263 42 framställning
685 224 184 39 påkallade
894 226 180 41 undantag
1098 227 133 40 jämväl
1260 229 80 31 från
1366 231 111 31 andra
1504 232 140 31 författ-

136 268 125 39 ningar
288 270 45 29 än
357 270 412 43 tulltaxeförordningen.
797 275 48 30 På
871 277 113 38 grund
1008 277 110 31 härav
1142 279 216 36 förordades,
1385 283 51 30 att
1463 278 180 49 bemyndi-

136 319 111 38 gande
277 320 55 30 för
362 321 126 40 Kungl.
518 322 105 40 Maj:t
652 326 51 28 att
732 325 11 29 i
771 325 209 32 hithörande
1011 328 224 32 hänseenden
1265 330 120 32 lämna
1414 333 228 41 erforderliga

133 369 182 41 dispenser
336 372 222 31 inhämtades
578 383 43 21 av
641 375 198 40 riksdagen.

180 446 185 39 Utskottet,
389 457 75 21 som
485 449 76 30 icke
582 450 120 31 funnit
725 452 189 41 anledning
935 454 53 30 till
1010 455 141 31 erinran
1176 459 72 28 mot
1272 457 126 41 Kungl.
1422 459 124 40 Maj:ts
1570 461 71 30 för-

134 496 83 40 slag,
241 497 55 31 får
317 498 197 36 hemställa,

488 587 50 28 att
566 586 188 40 riksdagen
780 588 117 35 måtte,
926 591 80 29 med
1035 590 100 32 bifall
1162 592 52 31 till
1244 593 126 40 Kungl.
1398 595 124 39 Maj:ts
1548 596 91 30 före-

442 637 153 29 varande
618 638 219 40 proposition
863 649 42 20 nr
931 640 50 35 73,

490 686 34 34 1)
558 688 170 39 medgiva,
757 691 51 28 att
837 690 174 32 tullfrihet
1040 693 58 30 må
1129 703 43 20 av
1202 694 233 32 Trondheims
1466 697 172 30 kommun

442 736 159 40 åtnjutas
630 738 56 30 för
717 739 227 41 erforderliga
984 742 394 40 byggnadsmaterialier
1420 747 65 30 och
1526 749 112 31 andra

445 787 274 32 förnödenheter
752 793 90 28 samt
877 793 306 40 transportmedel,
1216 795 96 31 vilka
1347 796 136 32 införas
1517 798 117 34 direkt

440 838 81 30 över
558 839 227 40 riksgränsen
823 842 56 31 för
906 843 211 42 anläggning
1145 855 43 21 av
1212 856 44 20 en
1284 847 312 41 regleringsdamm
1624 850 12 30 i

440 888 189 37 Neaälven;
658 893 93 28 samt

484 939 37 34 2)
550 940 210 41 bemyndiga
785 943 125 40 Kungl.
937 945 105 40 Maj:t
1067 948 51 29 att
1142 948 12 30 i
1179 948 112 40 övrigt
1315 950 160 39 medgiva
1501 951 41 30 de
1571 960 65 21 un-

438 990 130 40 dantag
591 991 81 31 från
698 1002 43 21 av
764 993 125 41 Kungl.
915 995 105 40 Maj:t
1046 998 80 30 med
1149 998 188 41 riksdagen
1362 1001 186 32 utfärdade
1573 1004 62 30 all-

437 1041 132 31 männa
596 1042 274 38 bestämmelser,
897 1045 94 32 vilka
1018 1048 127 39 prövas
1172 1049 228 42 erforderliga
1429 1053 65 30 och
1523 1049 111 50 lämp-

436 1091 69 39 liga
531 1092 55 30 för
610 1093 301 42 tillmötesgående
938 1106 43 22 av
1004 1098 237 32 kommunens
1268 1097 272 51 framställning.

171 1188 202 32 Stockholm
396 1191 67 30 den
487 1192 19 30 5
530 1202 95 22 mars
651 1194 95 31 1948.

555 1294 48 31 På
627 1295 400 41 bevillningsutskottets
1048 1301 146 39 vägnar:

700 1397 153 31 ADOLV
878 1398 179 32 OLSSON.

747 1740 241 33 Närvarande:

165 1808 81 31 från
289 1810 169 32 första
501 1812 223 33 kammaren:
758 1815 122 32 herrar
913 1817 156 40 Sjödahl,
1103 1820 183 37 Velander,
1319 1823 112 31 Frans
1466 1821 157 48 Ericson,

118 1850 172 36 Heiäman,
316 1852 153 41 Wehtje,
498 1854 169 36 Franzon,
695 1857 182 41 Ramberg,
908 1859 69 40 Sjö,
1006 1861 188 32 Niklasson
1222 1864 65 30 och
1315 1865 126 31 Petrén
1467 1870 91 28 samt

162 1909 81 31 från
281 1911 154 31 andra
471 1912 223 33 kammaren:
721 1916 121 31 herrar
870 1917 126 32 Olsson
1021 1921 11 30 i
1059 1920 114 36 Gävle,
1200 1922 209 40 Björklund,
1436 1925 187 42 Sandberg,

117 1950 146 40 Orgård,
286 1953 97 35 Falk,
405 1954 109 31 Olson
535 1955 11 30 i
567 1956 180 41 Göteborg,
772 1959 218 37 Sundström,
1014 1962 201 32 Andersson
1236 1965 12 30 i
1270 1965 144 32 Dunker
1436 1968 65 30 och
1522 1965 102 48 Lars-

117 2001 64 22 son
202 1993 11 30 i
235 1994 133 31 Luttra.

201 2445 111 33 Bihang
322 2447 43 24 till
375 2447 167 34 riksdagens
554 2451 146 31 protokoll
713 2452 73 26 1948.
807 2454 14 24 7
834 2454 79 25 saml.
934 2454 39 26 Nr
993 2456 108 26 25—27.
