<?xml version="1.0" encoding="UTF-8"?>
<alto xmlns="http://www.loc.gov/standards/alto/ns-v3#" xmlns:xlink="http://www.w3.org/1999/xlink" xmlns:xsi="http://www.w3.org/2001/XMLSchema-instance" xsi:schemaLocation="http://www.loc.gov/standards/alto/ns-v3# http://www.loc.gov/alto/v3/alto-3-0.xsd">
	<Description>
		<MeasurementUnit>pixel</MeasurementUnit>
		<sourceImageInformation>
			<fileName>/tmp/tess_4kw2lo49_input.PNG</fileName>
		</sourceImageInformation>
		<OCRProcessing ID="OCR_0">
			<ocrProcessingStep>
				<processingSoftware>
					<softwareName>tesseract 5.3.0</softwareName>
				</processingSoftware>
			</ocrProcessingStep>
		</OCRProcessing>
	</Description>
	<Layout>
		<Page WIDTH="1912" HEIGHT="2850" PHYSICAL_IMG_NR="0" ID="page_0">
			<PrintSpace HPOS="0" VPOS="0" WIDTH="1912" HEIGHT="2850">
				<ComposedBlock ID="cblock_0" HPOS="310" VPOS="200" WIDTH="1334" HEIGHT="41">
					<TextBlock ID="block_0" HPOS="310" VPOS="200" WIDTH="1334" HEIGHT="41">
						<TextLine ID="line_0" HPOS="310" VPOS="200" WIDTH="1334" HEIGHT="41">
							<String ID="string_0" HPOS="310" VPOS="202" WIDTH="118" HEIGHT="30" WC="0.96" CONTENT="Andra"/><SP WIDTH="24" VPOS="202" HPOS="428"/>
							<String ID="string_1" HPOS="452" VPOS="202" WIDTH="204" HEIGHT="30" WC="0.96" CONTENT="kammarens"/><SP WIDTH="24" VPOS="202" HPOS="656"/>
							<String ID="string_2" HPOS="680" VPOS="201" WIDTH="126" HEIGHT="32" WC="0.96" CONTENT="första"/><SP WIDTH="25" VPOS="201" HPOS="806"/>
							<String ID="string_3" HPOS="831" VPOS="200" WIDTH="166" HEIGHT="41" WC="0.95" CONTENT="tillfälliga"/><SP WIDTH="25" VPOS="200" HPOS="997"/>
							<String ID="string_4" HPOS="1022" VPOS="202" WIDTH="133" HEIGHT="30" WC="0.32" CONTENT="utskotts"/><SP WIDTH="24" VPOS="202" HPOS="1155"/>
							<String ID="string_5" HPOS="1179" VPOS="201" WIDTH="164" HEIGHT="31" WC="0.96" CONTENT="utlåtande"/><SP WIDTH="24" VPOS="201" HPOS="1343"/>
							<String ID="string_6" HPOS="1367" VPOS="201" WIDTH="50" HEIGHT="30" WC="0.77" CONTENT="Nr"/><SP WIDTH="25" VPOS="201" HPOS="1417"/>
							<String ID="string_7" HPOS="1442" VPOS="202" WIDTH="31" HEIGHT="28" WC="0.93" CONTENT="4."/><SP WIDTH="135" VPOS="202" HPOS="1473"/>
							<String ID="string_8" HPOS="1608" VPOS="201" WIDTH="36" HEIGHT="30" WC="0.95" CONTENT="11"/>
						</TextLine>
					</TextBlock>
				</ComposedBlock>
				<ComposedBlock ID="cblock_1" HPOS="152" VPOS="290" WIDTH="1493" HEIGHT="771">
					<TextBlock ID="block_1" HPOS="152" VPOS="290" WIDTH="1493" HEIGHT="165">
						<TextLine ID="line_1" HPOS="196" VPOS="290" WIDTH="1449" HEIGHT="37">
							<String ID="string_9" HPOS="196" VPOS="293" WIDTH="25" HEIGHT="27" WC="0.96" CONTENT="1."/><SP WIDTH="24" VPOS="293" HPOS="221"/>
							<String ID="string_10" HPOS="245" VPOS="290" WIDTH="233" HEIGHT="37" WC="0.96" CONTENT="Utbildningen"/><SP WIDTH="22" VPOS="290" HPOS="478"/>
							<String ID="string_11" HPOS="500" VPOS="294" WIDTH="37" HEIGHT="26" WC="0.96" CONTENT="är"/><SP WIDTH="22" VPOS="294" HPOS="537"/>
							<String ID="string_12" HPOS="559" VPOS="291" WIDTH="119" HEIGHT="29" WC="0.96" CONTENT="avsedd"/><SP WIDTH="20" VPOS="291" HPOS="678"/>
							<String ID="string_13" HPOS="698" VPOS="290" WIDTH="170" HEIGHT="37" WC="0.96" CONTENT="förläggas"/><SP WIDTH="23" VPOS="290" HPOS="868"/>
							<String ID="string_14" HPOS="891" VPOS="291" WIDTH="48" HEIGHT="29" WC="0.96" CONTENT="till"/><SP WIDTH="21" VPOS="291" HPOS="939"/>
							<String ID="string_15" HPOS="960" VPOS="290" WIDTH="261" HEIGHT="30" WC="0.95" CONTENT="vinterhalvåret."/><SP WIDTH="32" VPOS="290" HPOS="1221"/>
							<String ID="string_16" HPOS="1253" VPOS="290" WIDTH="49" HEIGHT="30" WC="0.96" CONTENT="Ur"/><SP WIDTH="23" VPOS="290" HPOS="1302"/>
							<String ID="string_17" HPOS="1325" VPOS="290" WIDTH="130" HEIGHT="29" WC="0.96" CONTENT="arméns"/><SP WIDTH="21" VPOS="290" HPOS="1455"/>
							<String ID="string_18" HPOS="1476" VPOS="290" WIDTH="169" HEIGHT="37" WC="0.95" CONTENT="synpunkt"/>
						</TextLine>
						<TextLine ID="line_2" HPOS="152" VPOS="334" WIDTH="1487" HEIGHT="39">
							<String ID="string_19" HPOS="152" VPOS="335" WIDTH="59" HEIGHT="30" WC="0.96" CONTENT="bör"/><SP WIDTH="20" VPOS="335" HPOS="211"/>
							<String ID="string_20" HPOS="231" VPOS="336" WIDTH="187" HEIGHT="29" WC="0.95" CONTENT="densamma"/><SP WIDTH="18" VPOS="336" HPOS="418"/>
							<String ID="string_21" HPOS="436" VPOS="339" WIDTH="62" HEIGHT="33" WC="0.96" CONTENT="äga"/><SP WIDTH="21" VPOS="339" HPOS="498"/>
							<String ID="string_22" HPOS="519" VPOS="345" WIDTH="73" HEIGHT="20" WC="0.96" CONTENT="rum"/><SP WIDTH="19" VPOS="345" HPOS="592"/>
							<String ID="string_23" HPOS="611" VPOS="335" WIDTH="70" HEIGHT="30" WC="0.93" CONTENT="före"/><SP WIDTH="20" VPOS="335" HPOS="681"/>
							<String ID="string_24" HPOS="701" VPOS="335" WIDTH="457" HEIGHT="37" WC="0.91" CONTENT="värnpliktstjänstgöringen,"/><SP WIDTH="20" VPOS="335" HPOS="1158"/>
							<String ID="string_25" HPOS="1178" VPOS="337" WIDTH="34" HEIGHT="36" WC="0.96" CONTENT="ty"/><SP WIDTH="18" VPOS="337" HPOS="1212"/>
							<String ID="string_26" HPOS="1230" VPOS="335" WIDTH="114" HEIGHT="29" WC="0.95" CONTENT="endast"/><SP WIDTH="19" VPOS="335" HPOS="1344"/>
							<String ID="string_27" HPOS="1363" VPOS="334" WIDTH="192" HEIGHT="37" WC="0.95" CONTENT="härigenom"/><SP WIDTH="20" VPOS="334" HPOS="1555"/>
							<String ID="string_28" HPOS="1575" VPOS="335" WIDTH="64" HEIGHT="28" WC="0.96" CONTENT="kan"/>
						</TextLine>
						<TextLine ID="line_3" HPOS="153" VPOS="378" WIDTH="1489" HEIGHT="39">
							<String ID="string_29" HPOS="153" VPOS="381" WIDTH="59" HEIGHT="29" WC="0.96" CONTENT="den"/><SP WIDTH="17" VPOS="381" HPOS="212"/>
							<String ID="string_30" HPOS="229" VPOS="378" WIDTH="86" HEIGHT="32" WC="0.96" CONTENT="bliva"/><SP WIDTH="18" VPOS="378" HPOS="315"/>
							<String ID="string_31" HPOS="333" VPOS="390" WIDTH="41" HEIGHT="19" WC="0.96" CONTENT="av"/><SP WIDTH="15" VPOS="390" HPOS="374"/>
							<String ID="string_32" HPOS="389" VPOS="380" WIDTH="133" HEIGHT="29" WC="0.96" CONTENT="militärt"/><SP WIDTH="18" VPOS="380" HPOS="522"/>
							<String ID="string_33" HPOS="540" VPOS="381" WIDTH="107" HEIGHT="30" WC="0.96" CONTENT="värde."/><SP WIDTH="27" VPOS="381" HPOS="647"/>
							<String ID="string_34" HPOS="674" VPOS="380" WIDTH="235" HEIGHT="37" WC="0.96" CONTENT="Utbildningen"/><SP WIDTH="17" VPOS="380" HPOS="909"/>
							<String ID="string_35" HPOS="926" VPOS="380" WIDTH="165" HEIGHT="30" WC="0.96" CONTENT="beräknas"/><SP WIDTH="17" VPOS="380" HPOS="1091"/>
							<String ID="string_36" HPOS="1108" VPOS="380" WIDTH="112" HEIGHT="29" WC="0.96" CONTENT="vidare"/><SP WIDTH="15" VPOS="380" HPOS="1220"/>
							<String ID="string_37" HPOS="1235" VPOS="379" WIDTH="127" HEIGHT="30" WC="0.96" CONTENT="erhålla"/><SP WIDTH="16" VPOS="379" HPOS="1362"/>
							<String ID="string_38" HPOS="1378" VPOS="389" WIDTH="40" HEIGHT="20" WC="0.96" CONTENT="en"/><SP WIDTH="19" VPOS="389" HPOS="1418"/>
							<String ID="string_39" HPOS="1437" VPOS="379" WIDTH="205" HEIGHT="37" WC="0.96" CONTENT="varaktighet"/>
						</TextLine>
						<TextLine ID="line_4" HPOS="155" VPOS="425" WIDTH="255" HEIGHT="30">
							<String ID="string_40" HPOS="155" VPOS="434" WIDTH="39" HEIGHT="20" WC="0.94" CONTENT="av"/><SP WIDTH="17" VPOS="434" HPOS="194"/>
							<String ID="string_41" HPOS="211" VPOS="426" WIDTH="18" HEIGHT="29" WC="0.95" CONTENT="3"/><SP WIDTH="18" VPOS="426" HPOS="229"/>
							<String ID="string_42" HPOS="247" VPOS="425" WIDTH="163" HEIGHT="30" WC="0.96" CONTENT="månader."/>
						</TextLine>
					</TextBlock>
					<TextBlock ID="block_2" HPOS="197" VPOS="469" WIDTH="1027" HEIGHT="38">
						<TextLine ID="line_5" HPOS="197" VPOS="469" WIDTH="1027" HEIGHT="38">
							<String ID="string_43" HPOS="197" VPOS="469" WIDTH="72" HEIGHT="31" WC="0.93" CONTENT="Med"/><SP WIDTH="21" VPOS="469" HPOS="269"/>
							<String ID="string_44" HPOS="290" VPOS="470" WIDTH="96" HEIGHT="30" WC="0.96" CONTENT="dessa"/><SP WIDTH="20" VPOS="470" HPOS="386"/>
							<String ID="string_45" HPOS="406" VPOS="470" WIDTH="277" HEIGHT="37" WC="0.96" CONTENT="förutsättningar"/><SP WIDTH="22" VPOS="470" HPOS="683"/>
							<String ID="string_46" HPOS="705" VPOS="473" WIDTH="57" HEIGHT="26" WC="0.96" CONTENT="äro"/><SP WIDTH="21" VPOS="473" HPOS="762"/>
							<String ID="string_47" HPOS="783" VPOS="470" WIDTH="53" HEIGHT="29" WC="0.96" CONTENT="två"/><SP WIDTH="21" VPOS="470" HPOS="836"/>
							<String ID="string_48" HPOS="857" VPOS="470" WIDTH="173" HEIGHT="30" WC="0.95" CONTENT="alternativ"/><SP WIDTH="19" VPOS="470" HPOS="1030"/>
							<String ID="string_49" HPOS="1049" VPOS="469" WIDTH="175" HEIGHT="30" WC="0.96" CONTENT="tänkbara:"/>
						</TextLine>
					</TextBlock>
					<TextBlock ID="block_3" HPOS="195" VPOS="514" WIDTH="1018" HEIGHT="39">
						<TextLine ID="line_6" HPOS="195" VPOS="514" WIDTH="1018" HEIGHT="39">
							<String ID="string_50" HPOS="195" VPOS="515" WIDTH="163" HEIGHT="37" WC="0.90" CONTENT="höstlinje,"/><SP WIDTH="21" VPOS="515" HPOS="358"/>
							<String ID="string_51" HPOS="379" VPOS="515" WIDTH="195" HEIGHT="29" WC="0.96" CONTENT="omfattande"/><SP WIDTH="21" VPOS="515" HPOS="574"/>
							<String ID="string_52" HPOS="595" VPOS="516" WIDTH="10" HEIGHT="27" WC="0.96" CONTENT="i"/><SP WIDTH="20" VPOS="516" HPOS="605"/>
							<String ID="string_53" HPOS="625" VPOS="515" WIDTH="174" HEIGHT="29" WC="0.96" CONTENT="huvudsak"/><SP WIDTH="20" VPOS="515" HPOS="799"/>
							<String ID="string_54" HPOS="819" VPOS="515" WIDTH="85" HEIGHT="29" WC="0.96" CONTENT="tiden"/><SP WIDTH="21" VPOS="515" HPOS="904"/>
							<String ID="string_55" HPOS="925" VPOS="514" WIDTH="72" HEIGHT="30" WC="0.96" CONTENT="före"/><SP WIDTH="20" VPOS="514" HPOS="997"/>
							<String ID="string_56" HPOS="1017" VPOS="515" WIDTH="115" HEIGHT="38" WC="0.96" CONTENT="nyåret"/><SP WIDTH="21" VPOS="515" HPOS="1132"/>
							<String ID="string_57" HPOS="1153" VPOS="515" WIDTH="60" HEIGHT="29" WC="0.96" CONTENT="och"/>
						</TextLine>
					</TextBlock>
					<TextBlock ID="block_4" HPOS="194" VPOS="559" WIDTH="714" HEIGHT="38">
						<TextLine ID="line_7" HPOS="194" VPOS="559" WIDTH="714" HEIGHT="38">
							<String ID="string_58" HPOS="194" VPOS="559" WIDTH="149" HEIGHT="38" WC="0.92" CONTENT="vårlinje,"/><SP WIDTH="19" VPOS="559" HPOS="343"/>
							<String ID="string_59" HPOS="362" VPOS="560" WIDTH="197" HEIGHT="30" WC="0.95" CONTENT="omfattande"/><SP WIDTH="19" VPOS="560" HPOS="559"/>
							<String ID="string_60" HPOS="578" VPOS="560" WIDTH="86" HEIGHT="30" WC="0.96" CONTENT="tiden"/><SP WIDTH="20" VPOS="560" HPOS="664"/>
							<String ID="string_61" HPOS="684" VPOS="559" WIDTH="80" HEIGHT="31" WC="0.95" CONTENT="efter"/><SP WIDTH="18" VPOS="559" HPOS="764"/>
							<String ID="string_62" HPOS="782" VPOS="560" WIDTH="126" HEIGHT="37" WC="0.96" CONTENT="nyåret."/>
						</TextLine>
					</TextBlock>
					<TextBlock ID="block_5" HPOS="155" VPOS="604" WIDTH="1489" HEIGHT="83">
						<TextLine ID="line_8" HPOS="194" VPOS="604" WIDTH="1450" HEIGHT="38">
							<String ID="string_63" HPOS="194" VPOS="604" WIDTH="87" HEIGHT="30" WC="0.93" CONTENT="Både"/><SP WIDTH="29" VPOS="604" HPOS="281"/>
							<String ID="string_64" HPOS="310" VPOS="605" WIDTH="86" HEIGHT="30" WC="0.92" CONTENT="höst-"/><SP WIDTH="30" VPOS="605" HPOS="396"/>
							<String ID="string_65" HPOS="426" VPOS="605" WIDTH="60" HEIGHT="29" WC="0.93" CONTENT="och"/><SP WIDTH="29" VPOS="605" HPOS="486"/>
							<String ID="string_66" HPOS="515" VPOS="605" WIDTH="140" HEIGHT="37" WC="0.91" CONTENT="vårlinje"/><SP WIDTH="34" VPOS="605" HPOS="655"/>
							<String ID="string_67" HPOS="689" VPOS="605" WIDTH="157" HEIGHT="36" WC="0.96" CONTENT="(sålunda"/><SP WIDTH="28" VPOS="605" HPOS="846"/>
							<String ID="string_68" HPOS="874" VPOS="605" WIDTH="53" HEIGHT="29" WC="0.93" CONTENT="två"/><SP WIDTH="30" VPOS="605" HPOS="927"/>
							<String ID="string_69" HPOS="957" VPOS="604" WIDTH="271" HEIGHT="38" WC="0.91" CONTENT="skolomgångar)"/><SP WIDTH="35" VPOS="604" HPOS="1228"/>
							<String ID="string_70" HPOS="1263" VPOS="606" WIDTH="113" HEIGHT="28" WC="0.93" CONTENT="kunna"/><SP WIDTH="29" VPOS="606" HPOS="1376"/>
							<String ID="string_71" HPOS="1405" VPOS="605" WIDTH="239" HEIGHT="36" WC="0.89" CONTENT="ifrågakomma"/>
						</TextLine>
						<TextLine ID="line_9" HPOS="155" VPOS="649" WIDTH="604" HEIGHT="38">
							<String ID="string_72" HPOS="155" VPOS="650" WIDTH="52" HEIGHT="28" WC="0.96" CONTENT="vid"/><SP WIDTH="19" VPOS="650" HPOS="207"/>
							<String ID="string_73" HPOS="226" VPOS="651" WIDTH="42" HEIGHT="28" WC="0.96" CONTENT="ett"/><SP WIDTH="20" VPOS="651" HPOS="268"/>
							<String ID="string_74" HPOS="288" VPOS="650" WIDTH="60" HEIGHT="29" WC="0.96" CONTENT="och"/><SP WIDTH="20" VPOS="650" HPOS="348"/>
							<String ID="string_75" HPOS="368" VPOS="658" WIDTH="123" HEIGHT="21" WC="0.93" CONTENT="samma"/><SP WIDTH="19" VPOS="658" HPOS="491"/>
							<String ID="string_76" HPOS="510" VPOS="649" WIDTH="249" HEIGHT="38" WC="0.91" CONTENT="truppförband."/>
						</TextLine>
					</TextBlock>
					<TextBlock ID="block_6" HPOS="153" VPOS="694" WIDTH="1491" HEIGHT="172">
						<TextLine ID="line_10" HPOS="194" VPOS="694" WIDTH="1450" HEIGHT="38">
							<String ID="string_77" HPOS="194" VPOS="694" WIDTH="63" HEIGHT="29" WC="0.92" CONTENT="Vid"/><SP WIDTH="26" VPOS="694" HPOS="257"/>
							<String ID="string_78" HPOS="283" VPOS="694" WIDTH="337" HEIGHT="37" WC="0.91" CONTENT="specialtruppslagen"/><SP WIDTH="27" VPOS="694" HPOS="620"/>
							<String ID="string_79" HPOS="647" VPOS="694" WIDTH="58" HEIGHT="29" WC="0.93" CONTENT="bör"/><SP WIDTH="28" VPOS="694" HPOS="705"/>
							<String ID="string_80" HPOS="733" VPOS="695" WIDTH="156" HEIGHT="36" WC="0.91" CONTENT="höstlinje"/><SP WIDTH="25" VPOS="695" HPOS="889"/>
							<String ID="string_81" HPOS="914" VPOS="694" WIDTH="195" HEIGHT="37" WC="0.90" CONTENT="föredragas"/><SP WIDTH="26" VPOS="694" HPOS="1109"/>
							<String ID="string_82" HPOS="1135" VPOS="694" WIDTH="69" HEIGHT="30" WC="0.96" CONTENT="med"/><SP WIDTH="28" VPOS="694" HPOS="1204"/>
							<String ID="string_83" HPOS="1232" VPOS="694" WIDTH="130" HEIGHT="38" WC="0.96" CONTENT="hänsyn"/><SP WIDTH="27" VPOS="694" HPOS="1362"/>
							<String ID="string_84" HPOS="1389" VPOS="694" WIDTH="49" HEIGHT="30" WC="0.93" CONTENT="till"/><SP WIDTH="28" VPOS="694" HPOS="1438"/>
							<String ID="string_85" HPOS="1466" VPOS="695" WIDTH="178" HEIGHT="29" WC="0.91" CONTENT="önskvärd-"/>
						</TextLine>
						<TextLine ID="line_11" HPOS="155" VPOS="739" WIDTH="1488" HEIGHT="37">
							<String ID="string_86" HPOS="155" VPOS="739" WIDTH="90" HEIGHT="29" WC="0.93" CONTENT="heten"/><SP WIDTH="21" VPOS="739" HPOS="245"/>
							<String ID="string_87" HPOS="266" VPOS="741" WIDTH="44" HEIGHT="27" WC="0.95" CONTENT="att"/><SP WIDTH="17" VPOS="741" HPOS="310"/>
							<String ID="string_88" HPOS="327" VPOS="739" WIDTH="144" HEIGHT="29" WC="0.93" CONTENT="undvika"/><SP WIDTH="19" VPOS="739" HPOS="471"/>
							<String ID="string_89" HPOS="490" VPOS="739" WIDTH="207" HEIGHT="37" WC="0.91" CONTENT="samtidighet"/><SP WIDTH="18" VPOS="739" HPOS="697"/>
							<String ID="string_90" HPOS="715" VPOS="740" WIDTH="69" HEIGHT="29" WC="0.96" CONTENT="med"/><SP WIDTH="20" VPOS="740" HPOS="784"/>
							<String ID="string_91" HPOS="804" VPOS="739" WIDTH="164" HEIGHT="31" WC="0.93" CONTENT="ordinarie"/><SP WIDTH="20" VPOS="739" HPOS="968"/>
							<String ID="string_92" HPOS="988" VPOS="740" WIDTH="415" HEIGHT="36" WC="0.92" CONTENT="värnpliktstjänstgöring."/><SP WIDTH="30" VPOS="740" HPOS="1403"/>
							<String ID="string_93" HPOS="1433" VPOS="739" WIDTH="109" HEIGHT="30" WC="0.93" CONTENT="Sådan"/><SP WIDTH="19" VPOS="739" HPOS="1542"/>
							<String ID="string_94" HPOS="1561" VPOS="749" WIDTH="82" HEIGHT="20" WC="0.90" CONTENT="sam-"/>
						</TextLine>
						<TextLine ID="line_12" HPOS="155" VPOS="783" WIDTH="1488" HEIGHT="38">
							<String ID="string_95" HPOS="155" VPOS="784" WIDTH="133" HEIGHT="37" WC="0.92" CONTENT="tidighet"/><SP WIDTH="21" VPOS="784" HPOS="288"/>
							<String ID="string_96" HPOS="309" VPOS="784" WIDTH="67" HEIGHT="29" WC="0.96" CONTENT="kan"/><SP WIDTH="23" VPOS="784" HPOS="376"/>
							<String ID="string_97" HPOS="399" VPOS="784" WIDTH="70" HEIGHT="30" WC="0.96" CONTENT="icke"/><SP WIDTH="23" VPOS="784" HPOS="469"/>
							<String ID="string_98" HPOS="492" VPOS="784" WIDTH="165" HEIGHT="29" WC="0.96" CONTENT="undvikas"/><SP WIDTH="23" VPOS="784" HPOS="657"/>
							<String ID="string_99" HPOS="680" VPOS="784" WIDTH="51" HEIGHT="29" WC="0.96" CONTENT="vid"/><SP WIDTH="24" VPOS="784" HPOS="731"/>
							<String ID="string_100" HPOS="755" VPOS="783" WIDTH="196" HEIGHT="37" WC="0.96" CONTENT="infanteriet,"/><SP WIDTH="23" VPOS="783" HPOS="951"/>
							<String ID="string_101" HPOS="974" VPOS="783" WIDTH="113" HEIGHT="30" WC="0.93" CONTENT="varför"/><SP WIDTH="21" VPOS="783" HPOS="1087"/>
							<String ID="string_102" HPOS="1108" VPOS="784" WIDTH="321" HEIGHT="37" WC="0.91" CONTENT="förutsättningarna"/><SP WIDTH="21" VPOS="784" HPOS="1429"/>
							<String ID="string_103" HPOS="1450" VPOS="784" WIDTH="54" HEIGHT="29" WC="0.92" CONTENT="för"/><SP WIDTH="23" VPOS="784" HPOS="1504"/>
							<String ID="string_104" HPOS="1527" VPOS="784" WIDTH="116" HEIGHT="30" WC="0.91" CONTENT="utbild-"/>
						</TextLine>
						<TextLine ID="line_13" HPOS="153" VPOS="828" WIDTH="1348" HEIGHT="38">
							<String ID="string_105" HPOS="153" VPOS="829" WIDTH="122" HEIGHT="36" WC="0.95" CONTENT="ningen"/><SP WIDTH="22" VPOS="829" HPOS="275"/>
							<String ID="string_106" HPOS="297" VPOS="828" WIDTH="86" HEIGHT="30" WC="0.95" CONTENT="bliva"/><SP WIDTH="24" VPOS="828" HPOS="383"/>
							<String ID="string_107" HPOS="407" VPOS="829" WIDTH="11" HEIGHT="28" WC="0.91" CONTENT="i"/><SP WIDTH="21" VPOS="829" HPOS="418"/>
							<String ID="string_108" HPOS="439" VPOS="830" WIDTH="165" HEIGHT="28" WC="0.67" CONTENT="stort-sett"/><SP WIDTH="22" VPOS="830" HPOS="604"/>
							<String ID="string_109" HPOS="626" VPOS="829" WIDTH="194" HEIGHT="37" WC="0.95" CONTENT="likvärdiga,"/><SP WIDTH="24" VPOS="829" HPOS="820"/>
							<String ID="string_110" HPOS="844" VPOS="838" WIDTH="77" HEIGHT="21" WC="0.96" CONTENT="vare"/><SP WIDTH="21" VPOS="838" HPOS="921"/>
							<String ID="string_111" HPOS="942" VPOS="830" WIDTH="51" HEIGHT="36" WC="0.92" CONTENT="sig"/><SP WIDTH="23" VPOS="830" HPOS="993"/>
							<String ID="string_112" HPOS="1016" VPOS="829" WIDTH="85" HEIGHT="30" WC="0.92" CONTENT="höst-"/><SP WIDTH="24" VPOS="829" HPOS="1101"/>
							<String ID="string_113" HPOS="1125" VPOS="829" WIDTH="79" HEIGHT="29" WC="0.93" CONTENT="eller"/><SP WIDTH="22" VPOS="829" HPOS="1204"/>
							<String ID="string_114" HPOS="1226" VPOS="829" WIDTH="139" HEIGHT="37" WC="0.93" CONTENT="vårlinje"/><SP WIDTH="22" VPOS="829" HPOS="1365"/>
							<String ID="string_115" HPOS="1387" VPOS="829" WIDTH="114" HEIGHT="37" WC="0.92" CONTENT="väljes."/>
						</TextLine>
					</TextBlock>
					<TextBlock ID="block_7" HPOS="153" VPOS="881" WIDTH="1491" HEIGHT="120">
						<TextLine ID="line_14" HPOS="193" VPOS="881" WIDTH="1451" HEIGHT="39">
							<String ID="string_116" HPOS="193" VPOS="882" WIDTH="26" HEIGHT="29" WC="0.95" CONTENT="2."/><SP WIDTH="25" VPOS="882" HPOS="219"/>
							<String ID="string_117" HPOS="244" VPOS="882" WIDTH="194" HEIGHT="37" WC="0.96" CONTENT="Tillgången"/><SP WIDTH="30" VPOS="882" HPOS="438"/>
							<String ID="string_118" HPOS="468" VPOS="883" WIDTH="42" HEIGHT="36" WC="0.93" CONTENT="på"/><SP WIDTH="30" VPOS="883" HPOS="510"/>
							<String ID="string_119" HPOS="540" VPOS="881" WIDTH="192" HEIGHT="38" WC="0.91" CONTENT="disponibelt"/><SP WIDTH="32" VPOS="881" HPOS="732"/>
							<String ID="string_120" HPOS="764" VPOS="882" WIDTH="281" HEIGHT="36" WC="0.92" CONTENT="kasernutrymme"/><SP WIDTH="29" VPOS="882" HPOS="1045"/>
							<String ID="string_121" HPOS="1074" VPOS="882" WIDTH="147" HEIGHT="37" WC="0.95" CONTENT="framgår"/><SP WIDTH="32" VPOS="882" HPOS="1221"/>
							<String ID="string_122" HPOS="1253" VPOS="892" WIDTH="40" HEIGHT="20" WC="0.96" CONTENT="av"/><SP WIDTH="30" VPOS="892" HPOS="1293"/>
							<String ID="string_123" HPOS="1323" VPOS="882" WIDTH="109" HEIGHT="37" WC="0.96" CONTENT="bilaga"/><SP WIDTH="31" VPOS="882" HPOS="1432"/>
							<String ID="string_124" HPOS="1463" VPOS="883" WIDTH="27" HEIGHT="30" WC="0.96" CONTENT="2."/><SP WIDTH="43" VPOS="883" HPOS="1490"/>
							<String ID="string_125" HPOS="1533" VPOS="883" WIDTH="111" HEIGHT="37" WC="0.95" CONTENT="Enligt"/>
						</TextLine>
						<TextLine ID="line_15" HPOS="154" VPOS="927" WIDTH="1490" HEIGHT="38">
							<String ID="string_126" HPOS="154" VPOS="927" WIDTH="105" HEIGHT="30" WC="0.96" CONTENT="denna"/><SP WIDTH="25" VPOS="927" HPOS="259"/>
							<String ID="string_127" HPOS="284" VPOS="927" WIDTH="109" HEIGHT="37" WC="0.96" CONTENT="bilaga"/><SP WIDTH="25" VPOS="927" HPOS="393"/>
							<String ID="string_128" HPOS="418" VPOS="928" WIDTH="115" HEIGHT="29" WC="0.96" CONTENT="kunna"/><SP WIDTH="25" VPOS="928" HPOS="533"/>
							<String ID="string_129" HPOS="558" VPOS="928" WIDTH="51" HEIGHT="31" WC="0.96" CONTENT="vid"/><SP WIDTH="28" VPOS="928" HPOS="609"/>
							<String ID="string_130" HPOS="637" VPOS="927" WIDTH="36" HEIGHT="30" WC="0.96" CONTENT="de"/><SP WIDTH="26" VPOS="927" HPOS="673"/>
							<String ID="string_131" HPOS="699" VPOS="928" WIDTH="89" HEIGHT="29" WC="0.91" CONTENT="olika"/><SP WIDTH="27" VPOS="928" HPOS="788"/>
							<String ID="string_132" HPOS="815" VPOS="927" WIDTH="279" HEIGHT="37" WC="0.90" CONTENT="truppförbanden"/><SP WIDTH="27" VPOS="927" HPOS="1094"/>
							<String ID="string_133" HPOS="1121" VPOS="928" WIDTH="164" HEIGHT="36" WC="0.93" CONTENT="samtidigt"/><SP WIDTH="26" VPOS="928" HPOS="1285"/>
							<String ID="string_134" HPOS="1311" VPOS="930" WIDTH="160" HEIGHT="35" WC="0.92" CONTENT="mottagas"/><SP WIDTH="26" VPOS="930" HPOS="1471"/>
							<String ID="string_135" HPOS="1497" VPOS="927" WIDTH="147" HEIGHT="37" WC="0.96" CONTENT="följande"/>
						</TextLine>
						<TextLine ID="line_16" HPOS="153" VPOS="971" WIDTH="223" HEIGHT="30">
							<String ID="string_136" HPOS="153" VPOS="971" WIDTH="88" HEIGHT="30" WC="0.96" CONTENT="antal"/><SP WIDTH="17" VPOS="971" HPOS="241"/>
							<String ID="string_137" HPOS="258" VPOS="972" WIDTH="118" HEIGHT="29" WC="0.96" CONTENT="elever:"/>
						</TextLine>
					</TextBlock>
					<TextBlock ID="block_8" HPOS="270" VPOS="1023" WIDTH="262" HEIGHT="38">
						<TextLine ID="line_17" HPOS="270" VPOS="1023" WIDTH="262" HEIGHT="38">
							<String ID="string_138" HPOS="270" VPOS="1025" WIDTH="70" HEIGHT="29" WC="0.90" CONTENT="med"/><SP WIDTH="22" VPOS="1025" HPOS="340"/>
							<String ID="string_139" HPOS="362" VPOS="1023" WIDTH="170" HEIGHT="38" WC="0.90" CONTENT="höstlinje:"/>
						</TextLine>
					</TextBlock>
				</ComposedBlock>
				<ComposedBlock ID="cblock_2" HPOS="153" VPOS="1078" WIDTH="1491" HEIGHT="261">
					<TextBlock ID="block_9" HPOS="153" VPOS="1078" WIDTH="1491" HEIGHT="261">
						<TextLine ID="line_18" HPOS="153" VPOS="1078" WIDTH="1491" HEIGHT="38">
							<String ID="string_140" HPOS="153" VPOS="1078" WIDTH="50" HEIGHT="29" WC="0.93" CONTENT="vid"/><SP WIDTH="23" VPOS="1078" HPOS="203"/>
							<String ID="string_141" HPOS="226" VPOS="1078" WIDTH="367" HEIGHT="37" WC="0.88" CONTENT="infanteriregemente!)"/><SP WIDTH="30" VPOS="1078" HPOS="593"/>
							<String ID="string_142" HPOS="623" VPOS="1078" WIDTH="102" HEIGHT="37" WC="0.96" CONTENT="(utom"/><SP WIDTH="22" VPOS="1078" HPOS="725"/>
							<String ID="string_143" HPOS="747" VPOS="1078" WIDTH="213" HEIGHT="30" WC="0.96" CONTENT="Norrbottens"/><SP WIDTH="24" VPOS="1078" HPOS="960"/>
							<String ID="string_144" HPOS="984" VPOS="1079" WIDTH="195" HEIGHT="37" WC="0.93" CONTENT="regemente)"/><SP WIDTH="32" VPOS="1079" HPOS="1179"/>
							<String ID="string_145" HPOS="1211" VPOS="1099" WIDTH="346" HEIGHT="9" WC="0.7" CONTENT=".................."/><SP WIDTH="29" VPOS="1099" HPOS="1557"/>
							<String ID="string_146" HPOS="1586" VPOS="1079" WIDTH="58" HEIGHT="29" WC="0.96" CONTENT="300"/>
						</TextLine>
						<TextLine ID="line_19" HPOS="174" VPOS="1123" WIDTH="1467" HEIGHT="36">
							<String ID="string_147" HPOS="174" VPOS="1146" WIDTH="16" HEIGHT="11" WC="0.87" CONTENT="»"/><SP WIDTH="33" VPOS="1146" HPOS="190"/>
							<String ID="string_148" HPOS="223" VPOS="1123" WIDTH="343" HEIGHT="36" WC="0.59" CONTENT="kavalleriregemente"/><SP WIDTH="39" VPOS="1123" HPOS="566"/>
							<String ID="string_149" HPOS="605" VPOS="1146" WIDTH="950" HEIGHT="7" WC="0.0" CONTENT="—=osssssssererererererers"/><SP WIDTH="-467" VPOS="1146" HPOS="1555"/>
							<String ID="string_150" HPOS="1088" VPOS="1119" WIDTH="108" HEIGHT="44" WC="0.10" CONTENT="error"/><SP WIDTH="10" VPOS="1119" HPOS="1196"/>
							<String ID="string_151" HPOS="1206" VPOS="1119" WIDTH="51" HEIGHT="44" WC="0.10" CONTENT="rer"/><SP WIDTH="10" VPOS="1119" HPOS="1257"/>
							<String ID="string_152" HPOS="1267" VPOS="1119" WIDTH="50" HEIGHT="44" WC="0.10" CONTENT="rer"/><SP WIDTH="10" VPOS="1119" HPOS="1317"/>
							<String ID="string_153" HPOS="1327" VPOS="1119" WIDTH="51" HEIGHT="44" WC="0.14" CONTENT="str"/><SP WIDTH="10" VPOS="1119" HPOS="1378"/>
							<String ID="string_154" HPOS="1388" VPOS="1119" WIDTH="28" HEIGHT="44" WC="0.14" CONTENT="RR"/><SP WIDTH="21" VPOS="1119" HPOS="1416"/>
							<String ID="string_155" HPOS="1437" VPOS="1119" WIDTH="40" HEIGHT="44" WC="0.19" CONTENT="rs"/><SP WIDTH="10" VPOS="1119" HPOS="1477"/>
							<String ID="string_156" HPOS="1487" VPOS="1119" WIDTH="31" HEIGHT="44" WC="0.14" CONTENT="rr"/><SP WIDTH="7" VPOS="1119" HPOS="1518"/>
							<String ID="string_157" HPOS="1525" VPOS="1119" WIDTH="34" HEIGHT="44" WC="0.28" CONTENT="es"/><SP WIDTH="44" VPOS="1119" HPOS="1559"/>
							<String ID="string_158" HPOS="1603" VPOS="1123" WIDTH="38" HEIGHT="30" WC="0.96" CONTENT="80"/>
						</TextLine>
						<TextLine ID="line_20" HPOS="172" VPOS="1167" WIDTH="1470" HEIGHT="38">
							<String ID="string_159" HPOS="172" VPOS="1190" WIDTH="15" HEIGHT="12" WC="0.85" CONTENT="»"/><SP WIDTH="34" VPOS="1190" HPOS="187"/>
							<String ID="string_160" HPOS="221" VPOS="1167" WIDTH="319" HEIGHT="37" WC="0.74" CONTENT="artilleriregemente"/><SP WIDTH="26" VPOS="1167" HPOS="540"/>
							<String ID="string_161" HPOS="566" VPOS="1168" WIDTH="103" HEIGHT="37" WC="0.96" CONTENT="(utom"/><SP WIDTH="22" VPOS="1168" HPOS="669"/>
							<String ID="string_162" HPOS="691" VPOS="1168" WIDTH="130" HEIGHT="30" WC="0.93" CONTENT="Bodens"/><SP WIDTH="21" VPOS="1168" HPOS="821"/>
							<String ID="string_163" HPOS="842" VPOS="1168" WIDTH="337" HEIGHT="37" WC="0.89" CONTENT="artilleriregemente)"/><SP WIDTH="30" VPOS="1168" HPOS="1179"/>
							<String ID="string_164" HPOS="1209" VPOS="1191" WIDTH="347" HEIGHT="6" WC="0.85" CONTENT=".................."/><SP WIDTH="28" VPOS="1191" HPOS="1556"/>
							<String ID="string_165" HPOS="1584" VPOS="1168" WIDTH="58" HEIGHT="29" WC="0.96" CONTENT="240"/>
						</TextLine>
						<TextLine ID="line_21" HPOS="170" VPOS="1212" WIDTH="1473" HEIGHT="34">
							<String ID="string_166" HPOS="170" VPOS="1235" WIDTH="16" HEIGHT="11" WC="0.67" CONTENT="»"/><SP WIDTH="34" VPOS="1235" HPOS="186"/>
							<String ID="string_167" HPOS="220" VPOS="1212" WIDTH="201" HEIGHT="30" WC="0.60" CONTENT="artillerikår"/><SP WIDTH="31" VPOS="1212" HPOS="421"/>
							<String ID="string_168" HPOS="452" VPOS="1234" WIDTH="1105" HEIGHT="8" WC="0.0" CONTENT="..os.sosmsssesrressrssess"/><SP WIDTH="-667" VPOS="1234" HPOS="1557"/>
							<String ID="string_169" HPOS="890" VPOS="1208" WIDTH="48" HEIGHT="42" WC="0.0" CONTENT="rss"/><SP WIDTH="10" VPOS="1208" HPOS="938"/>
							<String ID="string_170" HPOS="948" VPOS="1208" WIDTH="56" HEIGHT="42" WC="0.0" CONTENT="ser"/><SP WIDTH="7" VPOS="1208" HPOS="1004"/>
							<String ID="string_171" HPOS="1011" VPOS="1208" WIDTH="48" HEIGHT="42" WC="0.0" CONTENT="rrF"/><SP WIDTH="10" VPOS="1208" HPOS="1059"/>
							<String ID="string_172" HPOS="1069" VPOS="1208" WIDTH="50" HEIGHT="42" WC="0.8" CONTENT="rss"/><SP WIDTH="13" VPOS="1208" HPOS="1119"/>
							<String ID="string_173" HPOS="1132" VPOS="1208" WIDTH="29" HEIGHT="42" WC="0.8" CONTENT="rr"/><SP WIDTH="20" VPOS="1208" HPOS="1161"/>
							<String ID="string_174" HPOS="1181" VPOS="1208" WIDTH="59" HEIGHT="42" WC="0.8" CONTENT="Arr"/><SP WIDTH="10" VPOS="1208" HPOS="1240"/>
							<String ID="string_175" HPOS="1250" VPOS="1208" WIDTH="150" HEIGHT="42" WC="0.0" CONTENT="KAFKA"/><SP WIDTH="10" VPOS="1208" HPOS="1400"/>
							<String ID="string_176" HPOS="1410" VPOS="1208" WIDTH="51" HEIGHT="42" WC="0.0" CONTENT="Sr"/><SP WIDTH="9" VPOS="1208" HPOS="1461"/>
							<String ID="string_177" HPOS="1470" VPOS="1208" WIDTH="90" HEIGHT="42" WC="0.5" CONTENT="Rss"/><SP WIDTH="45" VPOS="1208" HPOS="1560"/>
							<String ID="string_178" HPOS="1605" VPOS="1213" WIDTH="38" HEIGHT="29" WC="0.95" CONTENT="80"/>
						</TextLine>
						<TextLine ID="line_22" HPOS="173" VPOS="1257" WIDTH="1469" HEIGHT="37">
							<String ID="string_179" HPOS="173" VPOS="1280" WIDTH="15" HEIGHT="12" WC="0.87" CONTENT="»"/><SP WIDTH="34" VPOS="1280" HPOS="188"/>
							<String ID="string_180" HPOS="222" VPOS="1257" WIDTH="214" HEIGHT="37" WC="0.27" CONTENT="INgeNjörkÅåÅr"/><SP WIDTH="34" VPOS="1257" HPOS="436"/>
							<String ID="string_181" HPOS="470" VPOS="1279" WIDTH="1086" HEIGHT="7" WC="0.0" CONTENT="ssosossssereresesererrrrrss"/><SP WIDTH="-568" VPOS="1279" HPOS="1556"/>
							<String ID="string_182" HPOS="988" VPOS="1253" WIDTH="50" HEIGHT="46" WC="0.0" CONTENT="rer"/><SP WIDTH="7" VPOS="1253" HPOS="1038"/>
							<String ID="string_183" HPOS="1045" VPOS="1253" WIDTH="93" HEIGHT="46" WC="0.0" CONTENT="reser"/><SP WIDTH="11" VPOS="1253" HPOS="1138"/>
							<String ID="string_184" HPOS="1149" VPOS="1253" WIDTH="30" HEIGHT="46" WC="0.18" CONTENT="sr"/><SP WIDTH="10" VPOS="1253" HPOS="1179"/>
							<String ID="string_185" HPOS="1189" VPOS="1253" WIDTH="30" HEIGHT="46" WC="0.0" CONTENT="rr"/><SP WIDTH="10" VPOS="1253" HPOS="1219"/>
							<String ID="string_186" HPOS="1229" VPOS="1253" WIDTH="30" HEIGHT="46" WC="0.0" CONTENT="rr"/><SP WIDTH="8" VPOS="1253" HPOS="1259"/>
							<String ID="string_187" HPOS="1267" VPOS="1253" WIDTH="29" HEIGHT="46" WC="0.5" CONTENT="rr"/><SP WIDTH="11" VPOS="1253" HPOS="1296"/>
							<String ID="string_188" HPOS="1307" VPOS="1253" WIDTH="61" HEIGHT="46" WC="0.0" CONTENT="RF"/><SP WIDTH="40" VPOS="1253" HPOS="1368"/>
							<String ID="string_189" HPOS="1408" VPOS="1253" WIDTH="9" HEIGHT="46" WC="0.0" CONTENT="R"/><SP WIDTH="11" VPOS="1253" HPOS="1417"/>
							<String ID="string_190" HPOS="1428" VPOS="1253" WIDTH="50" HEIGHT="46" WC="0.21" CONTENT="RK"/><SP WIDTH="10" VPOS="1253" HPOS="1478"/>
							<String ID="string_191" HPOS="1488" VPOS="1253" WIDTH="70" HEIGHT="46" WC="0.8" CONTENT="RAA"/><SP WIDTH="26" VPOS="1253" HPOS="1558"/>
							<String ID="string_192" HPOS="1584" VPOS="1257" WIDTH="58" HEIGHT="29" WC="0.96" CONTENT="160"/>
						</TextLine>
						<TextLine ID="line_23" HPOS="170" VPOS="1302" WIDTH="1473" HEIGHT="37">
							<String ID="string_193" HPOS="170" VPOS="1324" WIDTH="16" HEIGHT="11" WC="0.89" CONTENT="»"/><SP WIDTH="34" VPOS="1324" HPOS="186"/>
							<String ID="string_194" HPOS="220" VPOS="1302" WIDTH="159" HEIGHT="37" WC="0.35" CONTENT="trängkår"/><SP WIDTH="32" VPOS="1302" HPOS="379"/>
							<String ID="string_195" HPOS="411" VPOS="1324" WIDTH="1145" HEIGHT="7" WC="0.0" CONTENT="sooseseseseearserersrerr"/><SP WIDTH="-677" VPOS="1324" HPOS="1556"/>
							<String ID="string_196" HPOS="879" VPOS="1298" WIDTH="90" HEIGHT="46" WC="0.13" CONTENT="reser"/><SP WIDTH="10" VPOS="1298" HPOS="969"/>
							<String ID="string_197" HPOS="979" VPOS="1298" WIDTH="50" HEIGHT="46" WC="0.4" CONTENT="rer"/><SP WIDTH="11" VPOS="1298" HPOS="1029"/>
							<String ID="string_198" HPOS="1040" VPOS="1298" WIDTH="29" HEIGHT="46" WC="0.4" CONTENT="rr"/><SP WIDTH="11" VPOS="1298" HPOS="1069"/>
							<String ID="string_199" HPOS="1080" VPOS="1298" WIDTH="29" HEIGHT="46" WC="0.6" CONTENT="er"/><SP WIDTH="14" VPOS="1298" HPOS="1109"/>
							<String ID="string_200" HPOS="1123" VPOS="1298" WIDTH="27" HEIGHT="46" WC="0.10" CONTENT="FA"/><SP WIDTH="10" VPOS="1298" HPOS="1150"/>
							<String ID="string_201" HPOS="1160" VPOS="1298" WIDTH="50" HEIGHT="46" WC="0.10" CONTENT="RFA"/><SP WIDTH="11" VPOS="1298" HPOS="1210"/>
							<String ID="string_202" HPOS="1221" VPOS="1298" WIDTH="29" HEIGHT="46" WC="0.0" CONTENT="rr"/><SP WIDTH="11" VPOS="1298" HPOS="1250"/>
							<String ID="string_203" HPOS="1261" VPOS="1298" WIDTH="30" HEIGHT="46" WC="0.0" CONTENT="RR"/><SP WIDTH="10" VPOS="1298" HPOS="1291"/>
							<String ID="string_204" HPOS="1301" VPOS="1298" WIDTH="30" HEIGHT="46" WC="0.4" CONTENT="RR"/><SP WIDTH="10" VPOS="1298" HPOS="1331"/>
							<String ID="string_205" HPOS="1341" VPOS="1298" WIDTH="30" HEIGHT="46" WC="0.0" CONTENT="RR"/><SP WIDTH="19" VPOS="1298" HPOS="1371"/>
							<String ID="string_206" HPOS="1390" VPOS="1298" WIDTH="30" HEIGHT="46" WC="0.8" CONTENT="RR"/><SP WIDTH="11" VPOS="1298" HPOS="1420"/>
							<String ID="string_207" HPOS="1431" VPOS="1298" WIDTH="29" HEIGHT="46" WC="0.8" CONTENT="rr"/><SP WIDTH="8" VPOS="1298" HPOS="1460"/>
							<String ID="string_208" HPOS="1468" VPOS="1298" WIDTH="41" HEIGHT="46" WC="0.12" CONTENT="RR"/><SP WIDTH="19" VPOS="1298" HPOS="1509"/>
							<String ID="string_209" HPOS="1528" VPOS="1298" WIDTH="33" HEIGHT="46" WC="0.22" CONTENT="ss"/><SP WIDTH="43" VPOS="1298" HPOS="1561"/>
							<String ID="string_210" HPOS="1604" VPOS="1302" WIDTH="39" HEIGHT="30" WC="0.96" CONTENT="80"/>
						</TextLine>
					</TextBlock>
				</ComposedBlock>
				<ComposedBlock ID="cblock_3" HPOS="154" VPOS="1365" WIDTH="1488" HEIGHT="91">
					<TextBlock ID="block_10" HPOS="154" VPOS="1365" WIDTH="1488" HEIGHT="91">
						<TextLine ID="line_24" HPOS="269" VPOS="1365" WIDTH="248" HEIGHT="37">
							<String ID="string_211" HPOS="269" VPOS="1366" WIDTH="70" HEIGHT="29" WC="0.92" CONTENT="med"/><SP WIDTH="23" VPOS="1366" HPOS="339"/>
							<String ID="string_212" HPOS="362" VPOS="1365" WIDTH="155" HEIGHT="37" WC="0.37" CONTENT="väårlinje:"/>
						</TextLine>
						<TextLine ID="line_25" HPOS="154" VPOS="1418" WIDTH="1488" HEIGHT="38">
							<String ID="string_213" HPOS="154" VPOS="1419" WIDTH="48" HEIGHT="29" WC="0.93" CONTENT="vid"/><SP WIDTH="22" VPOS="1419" HPOS="202"/>
							<String ID="string_214" HPOS="224" VPOS="1418" WIDTH="367" HEIGHT="38" WC="0.72" CONTENT="infanteriregemente!)"/><SP WIDTH="30" VPOS="1418" HPOS="591"/>
							<String ID="string_215" HPOS="621" VPOS="1418" WIDTH="102" HEIGHT="37" WC="0.96" CONTENT="(utom"/><SP WIDTH="22" VPOS="1418" HPOS="723"/>
							<String ID="string_216" HPOS="745" VPOS="1418" WIDTH="214" HEIGHT="30" WC="0.96" CONTENT="Norrbottens"/><SP WIDTH="23" VPOS="1418" HPOS="959"/>
							<String ID="string_217" HPOS="982" VPOS="1418" WIDTH="195" HEIGHT="37" WC="0.93" CONTENT="regemente)"/><SP WIDTH="31" VPOS="1418" HPOS="1177"/>
							<String ID="string_218" HPOS="1208" VPOS="1441" WIDTH="347" HEIGHT="6" WC="0.86" CONTENT=".................."/><SP WIDTH="29" VPOS="1441" HPOS="1555"/>
							<String ID="string_219" HPOS="1584" VPOS="1418" WIDTH="58" HEIGHT="30" WC="0.96" CONTENT="300"/>
						</TextLine>
					</TextBlock>
				</ComposedBlock>
				<ComposedBlock ID="cblock_4" HPOS="150" VPOS="1481" WIDTH="1491" HEIGHT="164">
					<TextBlock ID="block_11" HPOS="150" VPOS="1481" WIDTH="1491" HEIGHT="164">
						<TextLine ID="line_26" HPOS="191" VPOS="1481" WIDTH="1449" HEIGHT="37">
							<String ID="string_220" HPOS="191" VPOS="1481" WIDTH="177" HEIGHT="29" WC="0.81" CONTENT="Anordnas"/><SP WIDTH="20" VPOS="1481" HPOS="368"/>
							<String ID="string_221" HPOS="388" VPOS="1481" WIDTH="80" HEIGHT="30" WC="0.93" CONTENT="både"/><SP WIDTH="21" VPOS="1481" HPOS="468"/>
							<String ID="string_222" HPOS="489" VPOS="1481" WIDTH="87" HEIGHT="29" WC="0.92" CONTENT="höst-"/><SP WIDTH="22" VPOS="1481" HPOS="576"/>
							<String ID="string_223" HPOS="598" VPOS="1482" WIDTH="60" HEIGHT="28" WC="0.92" CONTENT="och"/><SP WIDTH="21" VPOS="1482" HPOS="658"/>
							<String ID="string_224" HPOS="679" VPOS="1481" WIDTH="140" HEIGHT="37" WC="0.91" CONTENT="vårlinje"/><SP WIDTH="21" VPOS="1481" HPOS="819"/>
							<String ID="string_225" HPOS="840" VPOS="1481" WIDTH="52" HEIGHT="29" WC="0.96" CONTENT="vid"/><SP WIDTH="20" VPOS="1481" HPOS="892"/>
							<String ID="string_226" HPOS="912" VPOS="1481" WIDTH="188" HEIGHT="30" WC="0.95" CONTENT="infanteriet"/><SP WIDTH="20" VPOS="1481" HPOS="1100"/>
							<String ID="string_227" HPOS="1120" VPOS="1482" WIDTH="113" HEIGHT="28" WC="0.96" CONTENT="kunna"/><SP WIDTH="22" VPOS="1482" HPOS="1233"/>
							<String ID="string_228" HPOS="1255" VPOS="1481" WIDTH="217" HEIGHT="37" WC="0.93" CONTENT="sammanlagt"/><SP WIDTH="21" VPOS="1481" HPOS="1472"/>
							<String ID="string_229" HPOS="1493" VPOS="1481" WIDTH="147" HEIGHT="35" WC="0.89" CONTENT="16,000—"/>
						</TextLine>
						<TextLine ID="line_27" HPOS="152" VPOS="1525" WIDTH="1489" HEIGHT="39">
							<String ID="string_230" HPOS="152" VPOS="1526" WIDTH="106" HEIGHT="34" WC="0.91" CONTENT="17,000"/><SP WIDTH="17" VPOS="1526" HPOS="258"/>
							<String ID="string_231" HPOS="275" VPOS="1526" WIDTH="104" HEIGHT="29" WC="0.96" CONTENT="elever"/><SP WIDTH="19" VPOS="1526" HPOS="379"/>
							<String ID="string_232" HPOS="398" VPOS="1526" WIDTH="126" HEIGHT="36" WC="0.96" CONTENT="årligen"/><SP WIDTH="19" VPOS="1526" HPOS="524"/>
							<String ID="string_233" HPOS="543" VPOS="1526" WIDTH="78" HEIGHT="37" WC="0.96" CONTENT="ingå"/><SP WIDTH="18" VPOS="1526" HPOS="621"/>
							<String ID="string_234" HPOS="639" VPOS="1526" WIDTH="10" HEIGHT="28" WC="0.96" CONTENT="i"/><SP WIDTH="20" VPOS="1526" HPOS="649"/>
							<String ID="string_235" HPOS="669" VPOS="1526" WIDTH="126" HEIGHT="29" WC="0.96" CONTENT="skolan."/><SP WIDTH="31" VPOS="1526" HPOS="795"/>
							<String ID="string_236" HPOS="826" VPOS="1525" WIDTH="94" HEIGHT="30" WC="0.96" CONTENT="Detta"/><SP WIDTH="20" VPOS="1525" HPOS="920"/>
							<String ID="string_237" HPOS="940" VPOS="1525" WIDTH="137" HEIGHT="30" WC="0.96" CONTENT="innebär"/><SP WIDTH="19" VPOS="1525" HPOS="1077"/>
							<String ID="string_238" HPOS="1096" VPOS="1536" WIDTH="39" HEIGHT="20" WC="0.96" CONTENT="en"/><SP WIDTH="19" VPOS="1536" HPOS="1135"/>
							<String ID="string_239" HPOS="1154" VPOS="1526" WIDTH="189" HEIGHT="38" WC="0.95" CONTENT="ytterligare"/><SP WIDTH="19" VPOS="1526" HPOS="1343"/>
							<String ID="string_240" HPOS="1362" VPOS="1526" WIDTH="190" HEIGHT="36" WC="0.96" CONTENT="minskning"/><SP WIDTH="19" VPOS="1526" HPOS="1552"/>
							<String ID="string_241" HPOS="1571" VPOS="1525" WIDTH="70" HEIGHT="30" WC="0.96" CONTENT="med"/>
						</TextLine>
						<TextLine ID="line_28" HPOS="151" VPOS="1570" WIDTH="1489" HEIGHT="37">
							<String ID="string_242" HPOS="151" VPOS="1570" WIDTH="87" HEIGHT="35" WC="0.92" CONTENT="7,000"/><SP WIDTH="22" VPOS="1570" HPOS="238"/>
							<String ID="string_243" HPOS="260" VPOS="1571" WIDTH="229" HEIGHT="36" WC="0.95" CONTENT="värnpliktiga,"/><SP WIDTH="24" VPOS="1571" HPOS="489"/>
							<String ID="string_244" HPOS="513" VPOS="1570" WIDTH="109" HEIGHT="30" WC="0.95" CONTENT="vilken"/><SP WIDTH="22" VPOS="1570" HPOS="622"/>
							<String ID="string_245" HPOS="644" VPOS="1571" WIDTH="190" HEIGHT="36" WC="0.96" CONTENT="minskning"/><SP WIDTH="22" VPOS="1571" HPOS="834"/>
							<String ID="string_246" HPOS="856" VPOS="1571" WIDTH="10" HEIGHT="28" WC="0.96" CONTENT="i"/><SP WIDTH="22" VPOS="1571" HPOS="866"/>
							<String ID="string_247" HPOS="888" VPOS="1570" WIDTH="106" HEIGHT="30" WC="0.95" CONTENT="första"/><SP WIDTH="21" VPOS="1570" HPOS="994"/>
							<String ID="string_248" HPOS="1015" VPOS="1571" WIDTH="88" HEIGHT="28" WC="0.95" CONTENT="hand"/><SP WIDTH="22" VPOS="1571" HPOS="1103"/>
							<String ID="string_249" HPOS="1125" VPOS="1570" WIDTH="60" HEIGHT="30" WC="0.96" CONTENT="bör"/><SP WIDTH="23" VPOS="1570" HPOS="1185"/>
							<String ID="string_250" HPOS="1208" VPOS="1571" WIDTH="41" HEIGHT="36" WC="0.96" CONTENT="gå"/><SP WIDTH="23" VPOS="1571" HPOS="1249"/>
							<String ID="string_251" HPOS="1272" VPOS="1574" WIDTH="35" HEIGHT="27" WC="0.96" CONTENT="ut"/><SP WIDTH="24" VPOS="1574" HPOS="1307"/>
							<String ID="string_252" HPOS="1331" VPOS="1574" WIDTH="74" HEIGHT="26" WC="0.91" CONTENT="över"/><SP WIDTH="22" VPOS="1574" HPOS="1405"/>
							<String ID="string_253" HPOS="1427" VPOS="1571" WIDTH="213" HEIGHT="36" WC="0.91" CONTENT="ersättnings-"/>
						</TextLine>
						<TextLine ID="line_29" HPOS="150" VPOS="1624" WIDTH="160" HEIGHT="21">
							<String ID="string_254" HPOS="150" VPOS="1624" WIDTH="160" HEIGHT="21" WC="0.95" CONTENT="reserven."/>
						</TextLine>
					</TextBlock>
				</ComposedBlock>
				<ComposedBlock ID="cblock_5" HPOS="150" VPOS="1668" WIDTH="1495" HEIGHT="806">
					<TextBlock ID="block_12" HPOS="150" VPOS="1668" WIDTH="1490" HEIGHT="172">
						<TextLine ID="line_30" HPOS="190" VPOS="1668" WIDTH="1450" HEIGHT="39">
							<String ID="string_255" HPOS="190" VPOS="1669" WIDTH="26" HEIGHT="29" WC="0.95" CONTENT="3."/><SP WIDTH="24" VPOS="1669" HPOS="216"/>
							<String ID="string_256" HPOS="240" VPOS="1668" WIDTH="174" HEIGHT="30" WC="0.96" CONTENT="Beräknad"/><SP WIDTH="25" VPOS="1668" HPOS="414"/>
							<String ID="string_257" HPOS="439" VPOS="1668" WIDTH="137" HEIGHT="38" WC="0.94" CONTENT="tillgång"/><SP WIDTH="25" VPOS="1668" HPOS="576"/>
							<String ID="string_258" HPOS="601" VPOS="1669" WIDTH="41" HEIGHT="37" WC="0.96" CONTENT="på"/><SP WIDTH="27" VPOS="1669" HPOS="642"/>
							<String ID="string_259" HPOS="669" VPOS="1668" WIDTH="84" HEIGHT="38" WC="0.95" CONTENT="befäl"/><SP WIDTH="25" VPOS="1668" HPOS="753"/>
							<String ID="string_260" HPOS="778" VPOS="1669" WIDTH="52" HEIGHT="29" WC="0.96" CONTENT="vid"/><SP WIDTH="24" VPOS="1669" HPOS="830"/>
							<String ID="string_261" HPOS="854" VPOS="1669" WIDTH="38" HEIGHT="29" WC="0.96" CONTENT="de"/><SP WIDTH="25" VPOS="1669" HPOS="892"/>
							<String ID="string_262" HPOS="917" VPOS="1669" WIDTH="89" HEIGHT="30" WC="0.93" CONTENT="olika"/><SP WIDTH="25" VPOS="1669" HPOS="1006"/>
							<String ID="string_263" HPOS="1031" VPOS="1669" WIDTH="279" HEIGHT="38" WC="0.91" CONTENT="truppförbanden"/><SP WIDTH="24" VPOS="1669" HPOS="1310"/>
							<String ID="string_264" HPOS="1334" VPOS="1669" WIDTH="53" HEIGHT="30" WC="0.96" CONTENT="för"/><SP WIDTH="25" VPOS="1669" HPOS="1387"/>
							<String ID="string_265" HPOS="1412" VPOS="1669" WIDTH="228" HEIGHT="37" WC="0.96" CONTENT="utbildningen"/>
						</TextLine>
						<TextLine ID="line_31" HPOS="150" VPOS="1713" WIDTH="1489" HEIGHT="38">
							<String ID="string_266" HPOS="150" VPOS="1713" WIDTH="107" HEIGHT="37" WC="0.95" CONTENT="ifråga"/><SP WIDTH="25" VPOS="1713" HPOS="257"/>
							<String ID="string_267" HPOS="282" VPOS="1713" WIDTH="148" HEIGHT="37" WC="0.95" CONTENT="framgår"/><SP WIDTH="25" VPOS="1713" HPOS="430"/>
							<String ID="string_268" HPOS="455" VPOS="1723" WIDTH="40" HEIGHT="20" WC="0.95" CONTENT="av"/><SP WIDTH="24" VPOS="1723" HPOS="495"/>
							<String ID="string_269" HPOS="519" VPOS="1713" WIDTH="112" HEIGHT="38" WC="0.96" CONTENT="bilaga"/><SP WIDTH="25" VPOS="1713" HPOS="631"/>
							<String ID="string_270" HPOS="656" VPOS="1714" WIDTH="26" HEIGHT="30" WC="0.95" CONTENT="3."/><SP WIDTH="37" VPOS="1714" HPOS="682"/>
							<String ID="string_271" HPOS="719" VPOS="1714" WIDTH="213" HEIGHT="30" WC="0.96" CONTENT="Beträffande"/><SP WIDTH="26" VPOS="1714" HPOS="932"/>
							<String ID="string_272" HPOS="958" VPOS="1715" WIDTH="106" HEIGHT="29" WC="0.96" CONTENT="denna"/><SP WIDTH="26" VPOS="1715" HPOS="1064"/>
							<String ID="string_273" HPOS="1090" VPOS="1714" WIDTH="137" HEIGHT="37" WC="0.95" CONTENT="tillgång"/><SP WIDTH="26" VPOS="1714" HPOS="1227"/>
							<String ID="string_274" HPOS="1253" VPOS="1714" WIDTH="60" HEIGHT="29" WC="0.96" CONTENT="bör"/><SP WIDTH="26" VPOS="1714" HPOS="1313"/>
							<String ID="string_275" HPOS="1339" VPOS="1714" WIDTH="177" HEIGHT="30" WC="0.93" CONTENT="emellertid"/><SP WIDTH="25" VPOS="1714" HPOS="1516"/>
							<String ID="string_276" HPOS="1541" VPOS="1714" WIDTH="98" HEIGHT="29" WC="0.92" CONTENT="fram-"/>
						</TextLine>
						<TextLine ID="line_32" HPOS="150" VPOS="1758" WIDTH="1490" HEIGHT="38">
							<String ID="string_277" HPOS="150" VPOS="1758" WIDTH="116" HEIGHT="36" WC="0.96" CONTENT="hållas,"/><SP WIDTH="19" VPOS="1758" HPOS="266"/>
							<String ID="string_278" HPOS="285" VPOS="1761" WIDTH="46" HEIGHT="27" WC="0.95" CONTENT="att"/><SP WIDTH="18" VPOS="1761" HPOS="331"/>
							<String ID="string_279" HPOS="349" VPOS="1758" WIDTH="116" HEIGHT="30" WC="0.96" CONTENT="befälet"/><SP WIDTH="19" VPOS="1758" HPOS="465"/>
							<String ID="string_280" HPOS="484" VPOS="1760" WIDTH="10" HEIGHT="27" WC="0.96" CONTENT="i"/><SP WIDTH="18" VPOS="1760" HPOS="494"/>
							<String ID="string_281" HPOS="512" VPOS="1759" WIDTH="88" HEIGHT="37" WC="0.95" CONTENT="regel"/><SP WIDTH="19" VPOS="1759" HPOS="600"/>
							<String ID="string_282" HPOS="619" VPOS="1759" WIDTH="100" HEIGHT="30" WC="0.93" CONTENT="måste"/><SP WIDTH="18" VPOS="1759" HPOS="719"/>
							<String ID="string_283" HPOS="737" VPOS="1760" WIDTH="152" HEIGHT="36" WC="0.91" CONTENT="lösgöras"/><SP WIDTH="17" VPOS="1760" HPOS="889"/>
							<String ID="string_284" HPOS="906" VPOS="1759" WIDTH="77" HEIGHT="29" WC="0.96" CONTENT="från"/><SP WIDTH="19" VPOS="1759" HPOS="983"/>
							<String ID="string_285" HPOS="1002" VPOS="1759" WIDTH="120" HEIGHT="30" WC="0.96" CONTENT="avsedd"/><SP WIDTH="18" VPOS="1759" HPOS="1122"/>
							<String ID="string_286" HPOS="1140" VPOS="1759" WIDTH="211" HEIGHT="37" WC="0.96" CONTENT="användning"/><SP WIDTH="17" VPOS="1759" HPOS="1351"/>
							<String ID="string_287" HPOS="1368" VPOS="1759" WIDTH="52" HEIGHT="29" WC="0.96" CONTENT="vid"/><SP WIDTH="20" VPOS="1759" HPOS="1420"/>
							<String ID="string_288" HPOS="1440" VPOS="1759" WIDTH="200" HEIGHT="36" WC="0.96" CONTENT="värnpliktig"/>
						</TextLine>
						<TextLine ID="line_33" HPOS="151" VPOS="1803" WIDTH="1387" HEIGHT="37">
							<String ID="string_289" HPOS="151" VPOS="1805" WIDTH="95" HEIGHT="34" WC="0.96" CONTENT="trupp"/><SP WIDTH="23" VPOS="1805" HPOS="246"/>
							<String ID="string_290" HPOS="269" VPOS="1803" WIDTH="61" HEIGHT="29" WC="0.96" CONTENT="och"/><SP WIDTH="23" VPOS="1803" HPOS="330"/>
							<String ID="string_291" HPOS="353" VPOS="1803" WIDTH="51" HEIGHT="29" WC="0.96" CONTENT="vid"/><SP WIDTH="22" VPOS="1803" HPOS="404"/>
							<String ID="string_292" HPOS="426" VPOS="1804" WIDTH="115" HEIGHT="29" WC="0.96" CONTENT="skolor"/><SP WIDTH="21" VPOS="1804" HPOS="541"/>
							<String ID="string_293" HPOS="562" VPOS="1803" WIDTH="53" HEIGHT="30" WC="0.96" CONTENT="för"/><SP WIDTH="21" VPOS="1803" HPOS="615"/>
							<String ID="string_294" HPOS="636" VPOS="1803" WIDTH="67" HEIGHT="31" WC="0.95" CONTENT="fast"/><SP WIDTH="23" VPOS="1803" HPOS="703"/>
							<String ID="string_295" HPOS="726" VPOS="1804" WIDTH="163" HEIGHT="29" WC="0.96" CONTENT="anställda"/><SP WIDTH="21" VPOS="1804" HPOS="889"/>
							<String ID="string_296" HPOS="910" VPOS="1804" WIDTH="79" HEIGHT="30" WC="0.96" CONTENT="eller"/><SP WIDTH="21" VPOS="1804" HPOS="989"/>
							<String ID="string_297" HPOS="1010" VPOS="1804" WIDTH="76" HEIGHT="29" WC="0.93" CONTENT="från"/><SP WIDTH="24" VPOS="1804" HPOS="1086"/>
							<String ID="string_298" HPOS="1110" VPOS="1804" WIDTH="324" HEIGHT="36" WC="0.91" CONTENT="utbildningskurser"/><SP WIDTH="24" VPOS="1804" HPOS="1434"/>
							<String ID="string_299" HPOS="1458" VPOS="1813" WIDTH="28" HEIGHT="20" WC="0.86" CONTENT="o."/><SP WIDTH="24" VPOS="1813" HPOS="1486"/>
							<String ID="string_300" HPOS="1510" VPOS="1804" WIDTH="28" HEIGHT="30" WC="0.92" CONTENT="d."/>
						</TextLine>
					</TextBlock>
					<TextBlock ID="block_13" HPOS="151" VPOS="1848" WIDTH="1489" HEIGHT="81">
						<TextLine ID="line_34" HPOS="191" VPOS="1848" WIDTH="1449" HEIGHT="37">
							<String ID="string_301" HPOS="191" VPOS="1848" WIDTH="62" HEIGHT="29" WC="0.96" CONTENT="Vid"/><SP WIDTH="25" VPOS="1848" HPOS="253"/>
							<String ID="string_302" HPOS="278" VPOS="1850" WIDTH="42" HEIGHT="28" WC="0.93" CONTENT="ett"/><SP WIDTH="24" VPOS="1850" HPOS="320"/>
							<String ID="string_303" HPOS="344" VPOS="1848" WIDTH="336" HEIGHT="37" WC="0.89" CONTENT="infanteriregemente"/><SP WIDTH="23" VPOS="1848" HPOS="680"/>
							<String ID="string_304" HPOS="703" VPOS="1848" WIDTH="90" HEIGHT="30" WC="0.96" CONTENT="torde"/><SP WIDTH="25" VPOS="1848" HPOS="793"/>
							<String ID="string_305" HPOS="818" VPOS="1849" WIDTH="101" HEIGHT="36" WC="0.94" CONTENT="enligt"/><SP WIDTH="23" VPOS="1849" HPOS="919"/>
							<String ID="string_306" HPOS="942" VPOS="1849" WIDTH="133" HEIGHT="36" WC="0.96" CONTENT="bilagan"/><SP WIDTH="26" VPOS="1849" HPOS="1075"/>
							<String ID="string_307" HPOS="1101" VPOS="1850" WIDTH="10" HEIGHT="27" WC="0.96" CONTENT="i"/><SP WIDTH="25" VPOS="1850" HPOS="1111"/>
							<String ID="string_308" HPOS="1136" VPOS="1849" WIDTH="147" HEIGHT="30" WC="0.96" CONTENT="medeltal"/><SP WIDTH="25" VPOS="1849" HPOS="1283"/>
							<String ID="string_309" HPOS="1308" VPOS="1849" WIDTH="113" HEIGHT="29" WC="0.96" CONTENT="kunna"/><SP WIDTH="26" VPOS="1849" HPOS="1421"/>
							<String ID="string_310" HPOS="1447" VPOS="1849" WIDTH="193" HEIGHT="36" WC="0.96" CONTENT="disponeras"/>
						</TextLine>
						<TextLine ID="line_35" HPOS="151" VPOS="1893" WIDTH="1087" HEIGHT="36">
							<String ID="string_311" HPOS="151" VPOS="1893" WIDTH="215" HEIGHT="36" WC="0.89" CONTENT="sammanlagt"/><SP WIDTH="19" VPOS="1893" HPOS="366"/>
							<String ID="string_312" HPOS="385" VPOS="1893" WIDTH="17" HEIGHT="29" WC="0.94" CONTENT="6"/><SP WIDTH="18" VPOS="1893" HPOS="402"/>
							<String ID="string_313" HPOS="420" VPOS="1893" WIDTH="184" HEIGHT="36" WC="0.95" CONTENT="officerare,"/><SP WIDTH="19" VPOS="1893" HPOS="604"/>
							<String ID="string_314" HPOS="623" VPOS="1893" WIDTH="280" HEIGHT="30" WC="0.96" CONTENT="underofficerare"/><SP WIDTH="17" VPOS="1893" HPOS="903"/>
							<String ID="string_315" HPOS="920" VPOS="1894" WIDTH="60" HEIGHT="28" WC="0.96" CONTENT="och"/><SP WIDTH="18" VPOS="1894" HPOS="980"/>
							<String ID="string_316" HPOS="998" VPOS="1894" WIDTH="90" HEIGHT="29" WC="0.92" CONTENT="äldre"/><SP WIDTH="17" VPOS="1894" HPOS="1088"/>
							<String ID="string_317" HPOS="1105" VPOS="1893" WIDTH="133" HEIGHT="30" WC="0.86" CONTENT="furirer."/>
						</TextLine>
					</TextBlock>
					<TextBlock ID="block_14" HPOS="151" VPOS="1945" WIDTH="1490" HEIGHT="263">
						<TextLine ID="line_36" HPOS="190" VPOS="1945" WIDTH="1450" HEIGHT="39">
							<String ID="string_318" HPOS="190" VPOS="1947" WIDTH="26" HEIGHT="27" WC="0.94" CONTENT="4."/><SP WIDTH="24" VPOS="1947" HPOS="216"/>
							<String ID="string_319" HPOS="240" VPOS="1945" WIDTH="211" HEIGHT="30" WC="0.96" CONTENT="Beträffande"/><SP WIDTH="19" VPOS="1945" HPOS="451"/>
							<String ID="string_320" HPOS="470" VPOS="1945" WIDTH="96" HEIGHT="30" WC="0.96" CONTENT="civila"/><SP WIDTH="20" VPOS="1945" HPOS="566"/>
							<String ID="string_321" HPOS="586" VPOS="1946" WIDTH="106" HEIGHT="29" WC="0.93" CONTENT="lärare"/><SP WIDTH="19" VPOS="1946" HPOS="692"/>
							<String ID="string_322" HPOS="711" VPOS="1946" WIDTH="191" HEIGHT="30" WC="0.91" CONTENT="förutsättes"/><SP WIDTH="24" VPOS="1946" HPOS="902"/>
							<String ID="string_323" HPOS="926" VPOS="1948" WIDTH="5" HEIGHT="27" WC="0.92" CONTENT="i"/><SP WIDTH="19" VPOS="1948" HPOS="931"/>
							<String ID="string_324" HPOS="950" VPOS="1947" WIDTH="163" HEIGHT="29" WC="0.92" CONTENT="molionen"/><SP WIDTH="20" VPOS="1947" HPOS="1113"/>
							<String ID="string_325" HPOS="1133" VPOS="1947" WIDTH="210" HEIGHT="36" WC="0.96" CONTENT="användning"/><SP WIDTH="18" VPOS="1947" HPOS="1343"/>
							<String ID="string_326" HPOS="1361" VPOS="1956" WIDTH="40" HEIGHT="20" WC="0.96" CONTENT="av"/><SP WIDTH="18" VPOS="1956" HPOS="1401"/>
							<String ID="string_327" HPOS="1419" VPOS="1947" WIDTH="221" HEIGHT="37" WC="0.96" CONTENT="värnpliktiga"/>
						</TextLine>
						<TextLine ID="line_37" HPOS="151" VPOS="1990" WIDTH="1489" HEIGHT="39">
							<String ID="string_328" HPOS="151" VPOS="1990" WIDTH="173" HEIGHT="29" WC="0.96" CONTENT="studenter."/><SP WIDTH="40" VPOS="1990" HPOS="324"/>
							<String ID="string_329" HPOS="364" VPOS="1990" WIDTH="73" HEIGHT="29" WC="0.96" CONTENT="Med"/><SP WIDTH="26" VPOS="1990" HPOS="437"/>
							<String ID="string_330" HPOS="463" VPOS="1990" WIDTH="131" HEIGHT="38" WC="0.96" CONTENT="hänsyn"/><SP WIDTH="28" VPOS="1990" HPOS="594"/>
							<String ID="string_331" HPOS="622" VPOS="1991" WIDTH="48" HEIGHT="29" WC="0.95" CONTENT="till"/><SP WIDTH="26" VPOS="1991" HPOS="670"/>
							<String ID="string_332" HPOS="696" VPOS="1991" WIDTH="107" HEIGHT="30" WC="0.93" CONTENT="denna"/><SP WIDTH="25" VPOS="1991" HPOS="803"/>
							<String ID="string_333" HPOS="828" VPOS="1992" WIDTH="351" HEIGHT="36" WC="0.92" CONTENT="värnpliktskategoris"/><SP WIDTH="27" VPOS="1992" HPOS="1179"/>
							<String ID="string_334" HPOS="1206" VPOS="1992" WIDTH="162" HEIGHT="37" WC="0.96" CONTENT="betydelse"/><SP WIDTH="27" VPOS="1992" HPOS="1368"/>
							<String ID="string_335" HPOS="1395" VPOS="1991" WIDTH="52" HEIGHT="30" WC="0.93" CONTENT="för"/><SP WIDTH="24" VPOS="1991" HPOS="1447"/>
							<String ID="string_336" HPOS="1471" VPOS="1991" WIDTH="169" HEIGHT="30" WC="0.89" CONTENT="befälstill-"/>
						</TextLine>
						<TextLine ID="line_38" HPOS="152" VPOS="2034" WIDTH="1488" HEIGHT="39">
							<String ID="string_337" HPOS="152" VPOS="2034" WIDTH="126" HEIGHT="37" WC="0.96" CONTENT="gången"/><SP WIDTH="22" VPOS="2034" HPOS="278"/>
							<String ID="string_338" HPOS="300" VPOS="2035" WIDTH="52" HEIGHT="28" WC="0.96" CONTENT="vid"/><SP WIDTH="22" VPOS="2035" HPOS="352"/>
							<String ID="string_339" HPOS="374" VPOS="2035" WIDTH="224" HEIGHT="37" WC="0.96" CONTENT="mobilisering"/><SP WIDTH="22" VPOS="2035" HPOS="598"/>
							<String ID="string_340" HPOS="620" VPOS="2036" WIDTH="64" HEIGHT="28" WC="0.96" CONTENT="kan"/><SP WIDTH="21" VPOS="2036" HPOS="684"/>
							<String ID="string_341" HPOS="705" VPOS="2036" WIDTH="110" HEIGHT="36" WC="0.96" CONTENT="någon"/><SP WIDTH="21" VPOS="2036" HPOS="815"/>
							<String ID="string_342" HPOS="836" VPOS="2044" WIDTH="70" HEIGHT="21" WC="0.96" CONTENT="som"/><SP WIDTH="20" VPOS="2044" HPOS="906"/>
							<String ID="string_343" HPOS="926" VPOS="2036" WIDTH="84" HEIGHT="29" WC="0.96" CONTENT="helst"/><SP WIDTH="22" VPOS="2036" HPOS="1010"/>
							<String ID="string_344" HPOS="1032" VPOS="2036" WIDTH="243" HEIGHT="36" WC="0.96" CONTENT="inskränkning"/><SP WIDTH="23" VPOS="2036" HPOS="1275"/>
							<String ID="string_345" HPOS="1298" VPOS="2045" WIDTH="38" HEIGHT="20" WC="0.96" CONTENT="av"/><SP WIDTH="22" VPOS="2045" HPOS="1336"/>
							<String ID="string_346" HPOS="1358" VPOS="2036" WIDTH="95" HEIGHT="29" WC="0.92" CONTENT="dessa"/><SP WIDTH="23" VPOS="2036" HPOS="1453"/>
							<String ID="string_347" HPOS="1476" VPOS="2036" WIDTH="164" HEIGHT="37" WC="0.92" CONTENT="värnplik-"/>
						</TextLine>
						<TextLine ID="line_39" HPOS="152" VPOS="2079" WIDTH="1489" HEIGHT="40">
							<String ID="string_348" HPOS="152" VPOS="2080" WIDTH="84" HEIGHT="35" WC="0.90" CONTENT="tigas"/><SP WIDTH="17" VPOS="2080" HPOS="236"/>
							<String ID="string_349" HPOS="253" VPOS="2079" WIDTH="142" HEIGHT="29" WC="0.96" CONTENT="militära"/><SP WIDTH="17" VPOS="2079" HPOS="395"/>
							<String ID="string_350" HPOS="412" VPOS="2079" WIDTH="185" HEIGHT="38" WC="0.96" CONTENT="utbildning"/><SP WIDTH="16" VPOS="2079" HPOS="597"/>
							<String ID="string_351" HPOS="613" VPOS="2080" WIDTH="47" HEIGHT="30" WC="0.96" CONTENT="till"/><SP WIDTH="18" VPOS="2080" HPOS="660"/>
							<String ID="string_352" HPOS="678" VPOS="2080" WIDTH="128" HEIGHT="30" WC="0.96" CONTENT="förmån"/><SP WIDTH="16" VPOS="2080" HPOS="806"/>
							<String ID="string_353" HPOS="822" VPOS="2080" WIDTH="53" HEIGHT="30" WC="0.96" CONTENT="för"/><SP WIDTH="17" VPOS="2080" HPOS="875"/>
							<String ID="string_354" HPOS="892" VPOS="2081" WIDTH="61" HEIGHT="29" WC="0.96" CONTENT="här"/><SP WIDTH="18" VPOS="2081" HPOS="953"/>
							<String ID="string_355" HPOS="971" VPOS="2081" WIDTH="119" HEIGHT="30" WC="0.96" CONTENT="avsedd"/><SP WIDTH="17" VPOS="2081" HPOS="1090"/>
							<String ID="string_356" HPOS="1107" VPOS="2081" WIDTH="95" HEIGHT="29" WC="0.96" CONTENT="skola"/><SP WIDTH="17" VPOS="2081" HPOS="1202"/>
							<String ID="string_357" HPOS="1219" VPOS="2081" WIDTH="70" HEIGHT="29" WC="0.93" CONTENT="icke"/><SP WIDTH="18" VPOS="2081" HPOS="1289"/>
							<String ID="string_358" HPOS="1307" VPOS="2081" WIDTH="193" HEIGHT="38" WC="0.88" CONTENT="tillstyrkas."/><SP WIDTH="28" VPOS="2081" HPOS="1500"/>
							<String ID="string_359" HPOS="1528" VPOS="2081" WIDTH="113" HEIGHT="29" WC="0.96" CONTENT="Under"/>
						</TextLine>
						<TextLine ID="line_40" HPOS="152" VPOS="2123" WIDTH="1489" HEIGHT="33">
							<String ID="string_360" HPOS="152" VPOS="2123" WIDTH="124" HEIGHT="30" WC="0.96" CONTENT="sådana"/><SP WIDTH="26" VPOS="2123" HPOS="276"/>
							<String ID="string_361" HPOS="302" VPOS="2124" WIDTH="230" HEIGHT="30" WC="0.95" CONTENT="förhållanden"/><SP WIDTH="28" VPOS="2124" HPOS="532"/>
							<String ID="string_362" HPOS="560" VPOS="2125" WIDTH="90" HEIGHT="29" WC="0.95" CONTENT="torde"/><SP WIDTH="27" VPOS="2125" HPOS="650"/>
							<String ID="string_363" HPOS="677" VPOS="2134" WIDTH="74" HEIGHT="20" WC="0.96" CONTENT="man"/><SP WIDTH="25" VPOS="2134" HPOS="751"/>
							<String ID="string_364" HPOS="776" VPOS="2125" WIDTH="88" HEIGHT="30" WC="0.96" CONTENT="bliva"/><SP WIDTH="26" VPOS="2125" HPOS="864"/>
							<String ID="string_365" HPOS="890" VPOS="2126" WIDTH="160" HEIGHT="29" WC="0.95" CONTENT="hänvisad"/><SP WIDTH="27" VPOS="2126" HPOS="1050"/>
							<String ID="string_366" HPOS="1077" VPOS="2126" WIDTH="48" HEIGHT="29" WC="0.95" CONTENT="till"/><SP WIDTH="27" VPOS="2126" HPOS="1125"/>
							<String ID="string_367" HPOS="1152" VPOS="2126" WIDTH="97" HEIGHT="29" WC="0.96" CONTENT="civila"/><SP WIDTH="26" VPOS="2126" HPOS="1249"/>
							<String ID="string_368" HPOS="1275" VPOS="2126" WIDTH="109" HEIGHT="29" WC="0.96" CONTENT="lärare"/><SP WIDTH="26" VPOS="2126" HPOS="1384"/>
							<String ID="string_369" HPOS="1410" VPOS="2127" WIDTH="51" HEIGHT="28" WC="0.96" CONTENT="vid"/><SP WIDTH="28" VPOS="2127" HPOS="1461"/>
							<String ID="string_370" HPOS="1489" VPOS="2127" WIDTH="152" HEIGHT="29" WC="0.95" CONTENT="läroverk"/>
						</TextLine>
						<TextLine ID="line_41" HPOS="152" VPOS="2169" WIDTH="1268" HEIGHT="39">
							<String ID="string_371" HPOS="152" VPOS="2177" WIDTH="26" HEIGHT="21" WC="0.67" CONTENT="o."/><SP WIDTH="24" VPOS="2177" HPOS="178"/>
							<String ID="string_372" HPOS="202" VPOS="2169" WIDTH="37" HEIGHT="34" WC="0.82" CONTENT="d,."/><SP WIDTH="23" VPOS="2169" HPOS="239"/>
							<String ID="string_373" HPOS="262" VPOS="2169" WIDTH="98" HEIGHT="29" WC="0.95" CONTENT="vilket"/><SP WIDTH="22" VPOS="2169" HPOS="360"/>
							<String ID="string_374" HPOS="382" VPOS="2171" WIDTH="79" HEIGHT="27" WC="0.96" CONTENT="även"/><SP WIDTH="21" VPOS="2171" HPOS="461"/>
							<String ID="string_375" HPOS="482" VPOS="2179" WIDTH="41" HEIGHT="19" WC="0.96" CONTENT="ur"/><SP WIDTH="22" VPOS="2179" HPOS="523"/>
							<String ID="string_376" HPOS="545" VPOS="2170" WIDTH="200" HEIGHT="36" WC="0.96" CONTENT="pedagogisk"/><SP WIDTH="22" VPOS="2170" HPOS="745"/>
							<String ID="string_377" HPOS="767" VPOS="2171" WIDTH="168" HEIGHT="37" WC="0.96" CONTENT="synpunkt"/><SP WIDTH="20" VPOS="2171" HPOS="935"/>
							<String ID="string_378" HPOS="955" VPOS="2170" WIDTH="59" HEIGHT="29" WC="0.96" CONTENT="bör"/><SP WIDTH="21" VPOS="2170" HPOS="1014"/>
							<String ID="string_379" HPOS="1035" VPOS="2180" WIDTH="79" HEIGHT="20" WC="0.96" CONTENT="vara"/><SP WIDTH="22" VPOS="2180" HPOS="1114"/>
							<String ID="string_380" HPOS="1136" VPOS="2171" WIDTH="50" HEIGHT="29" WC="0.96" CONTENT="det"/><SP WIDTH="21" VPOS="2171" HPOS="1186"/>
							<String ID="string_381" HPOS="1207" VPOS="2171" WIDTH="213" HEIGHT="36" WC="0.96" CONTENT="lämpligaste."/>
						</TextLine>
					</TextBlock>
					<TextBlock ID="block_15" HPOS="152" VPOS="2215" WIDTH="1493" HEIGHT="259">
						<TextLine ID="line_42" HPOS="192" VPOS="2215" WIDTH="1449" HEIGHT="37">
							<String ID="string_382" HPOS="192" VPOS="2216" WIDTH="309" HEIGHT="29" WC="0.88" CONTENT="Läroanstalternas"/><SP WIDTH="23" VPOS="2216" HPOS="501"/>
							<String ID="string_383" HPOS="524" VPOS="2216" WIDTH="89" HEIGHT="29" WC="0.96" CONTENT="antal"/><SP WIDTH="23" VPOS="2216" HPOS="613"/>
							<String ID="string_384" HPOS="636" VPOS="2217" WIDTH="59" HEIGHT="28" WC="0.96" CONTENT="och"/><SP WIDTH="23" VPOS="2217" HPOS="695"/>
							<String ID="string_385" HPOS="718" VPOS="2216" WIDTH="123" HEIGHT="29" WC="0.96" CONTENT="storlek"/><SP WIDTH="22" VPOS="2216" HPOS="841"/>
							<String ID="string_386" HPOS="863" VPOS="2216" WIDTH="40" HEIGHT="36" WC="0.96" CONTENT="på"/><SP WIDTH="22" VPOS="2216" HPOS="903"/>
							<String ID="string_387" HPOS="925" VPOS="2216" WIDTH="37" HEIGHT="29" WC="0.96" CONTENT="de"/><SP WIDTH="23" VPOS="2216" HPOS="962"/>
							<String ID="string_388" HPOS="985" VPOS="2216" WIDTH="89" HEIGHT="28" WC="0.93" CONTENT="olika"/><SP WIDTH="21" VPOS="2216" HPOS="1074"/>
							<String ID="string_389" HPOS="1095" VPOS="2215" WIDTH="363" HEIGHT="37" WC="0.90" CONTENT="förläggningsorterna"/><SP WIDTH="24" VPOS="2215" HPOS="1458"/>
							<String ID="string_390" HPOS="1482" VPOS="2215" WIDTH="87" HEIGHT="29" WC="0.93" CONTENT="bliva"/><SP WIDTH="22" VPOS="2215" HPOS="1569"/>
							<String ID="string_391" HPOS="1591" VPOS="2216" WIDTH="50" HEIGHT="29" WC="0.92" CONTENT="så-"/>
						</TextLine>
						<TextLine ID="line_43" HPOS="153" VPOS="2260" WIDTH="1488" HEIGHT="37">
							<String ID="string_392" HPOS="153" VPOS="2261" WIDTH="100" HEIGHT="29" WC="0.92" CONTENT="lunda"/><SP WIDTH="18" VPOS="2261" HPOS="253"/>
							<String ID="string_393" HPOS="271" VPOS="2261" WIDTH="47" HEIGHT="28" WC="0.96" CONTENT="till"/><SP WIDTH="19" VPOS="2261" HPOS="318"/>
							<String ID="string_394" HPOS="337" VPOS="2262" WIDTH="159" HEIGHT="35" WC="0.96" CONTENT="väsentlig"/><SP WIDTH="18" VPOS="2262" HPOS="496"/>
							<String ID="string_395" HPOS="514" VPOS="2261" WIDTH="50" HEIGHT="29" WC="0.96" CONTENT="del"/><SP WIDTH="17" VPOS="2261" HPOS="564"/>
							<String ID="string_396" HPOS="581" VPOS="2260" WIDTH="239" HEIGHT="30" WC="0.96" CONTENT="bestämmande"/><SP WIDTH="17" VPOS="2260" HPOS="820"/>
							<String ID="string_397" HPOS="837" VPOS="2260" WIDTH="53" HEIGHT="29" WC="0.96" CONTENT="för"/><SP WIDTH="18" VPOS="2260" HPOS="890"/>
							<String ID="string_398" HPOS="908" VPOS="2260" WIDTH="178" HEIGHT="36" WC="0.95" CONTENT="tillgången"/><SP WIDTH="20" VPOS="2260" HPOS="1086"/>
							<String ID="string_399" HPOS="1106" VPOS="2260" WIDTH="40" HEIGHT="36" WC="0.95" CONTENT="på"/><SP WIDTH="18" VPOS="2260" HPOS="1146"/>
							<String ID="string_400" HPOS="1164" VPOS="2260" WIDTH="96" HEIGHT="28" WC="0.95" CONTENT="civila"/><SP WIDTH="20" VPOS="2260" HPOS="1260"/>
							<String ID="string_401" HPOS="1280" VPOS="2260" WIDTH="116" HEIGHT="29" WC="0.96" CONTENT="lärare."/><SP WIDTH="30" VPOS="2260" HPOS="1396"/>
							<String ID="string_402" HPOS="1426" VPOS="2260" WIDTH="51" HEIGHT="28" WC="0.96" CONTENT="Av"/><SP WIDTH="18" VPOS="2260" HPOS="1477"/>
							<String ID="string_403" HPOS="1495" VPOS="2260" WIDTH="110" HEIGHT="36" WC="0.95" CONTENT="bilaga"/><SP WIDTH="18" VPOS="2260" HPOS="1605"/>
							<String ID="string_404" HPOS="1623" VPOS="2261" WIDTH="18" HEIGHT="27" WC="0.96" CONTENT="4"/>
						</TextLine>
						<TextLine ID="line_44" HPOS="152" VPOS="2304" WIDTH="1490" HEIGHT="38">
							<String ID="string_405" HPOS="152" VPOS="2305" WIDTH="154" HEIGHT="36" WC="0.96" CONTENT="framgår,"/><SP WIDTH="22" VPOS="2305" HPOS="306"/>
							<String ID="string_406" HPOS="328" VPOS="2308" WIDTH="45" HEIGHT="26" WC="0.94" CONTENT="att"/><SP WIDTH="19" VPOS="2308" HPOS="373"/>
							<String ID="string_407" HPOS="392" VPOS="2315" WIDTH="39" HEIGHT="20" WC="0.95" CONTENT="ur"/><SP WIDTH="19" VPOS="2315" HPOS="431"/>
							<String ID="string_408" HPOS="450" VPOS="2306" WIDTH="109" HEIGHT="28" WC="0.96" CONTENT="denna"/><SP WIDTH="19" VPOS="2306" HPOS="559"/>
							<String ID="string_409" HPOS="578" VPOS="2305" WIDTH="168" HEIGHT="37" WC="0.93" CONTENT="synpunkt"/><SP WIDTH="20" VPOS="2305" HPOS="746"/>
							<String ID="string_410" HPOS="766" VPOS="2305" WIDTH="224" HEIGHT="29" WC="0.91" CONTENT="anordnandet"/><SP WIDTH="21" VPOS="2305" HPOS="990"/>
							<String ID="string_411" HPOS="1011" VPOS="2313" WIDTH="39" HEIGHT="19" WC="0.96" CONTENT="av"/><SP WIDTH="21" VPOS="2313" HPOS="1050"/>
							<String ID="string_412" HPOS="1071" VPOS="2305" WIDTH="61" HEIGHT="27" WC="0.96" CONTENT="här"/><SP WIDTH="21" VPOS="2305" HPOS="1132"/>
							<String ID="string_413" HPOS="1153" VPOS="2304" WIDTH="117" HEIGHT="29" WC="0.96" CONTENT="avsedd"/><SP WIDTH="22" VPOS="2304" HPOS="1270"/>
							<String ID="string_414" HPOS="1292" VPOS="2304" WIDTH="184" HEIGHT="36" WC="0.95" CONTENT="utbildning"/><SP WIDTH="21" VPOS="2304" HPOS="1476"/>
							<String ID="string_415" HPOS="1497" VPOS="2306" WIDTH="145" HEIGHT="27" WC="0.96" CONTENT="kommer"/>
						</TextLine>
						<TextLine ID="line_45" HPOS="152" VPOS="2347" WIDTH="1488" HEIGHT="38">
							<String ID="string_416" HPOS="152" VPOS="2352" WIDTH="44" HEIGHT="26" WC="0.96" CONTENT="att"/><SP WIDTH="26" VPOS="2352" HPOS="196"/>
							<String ID="string_417" HPOS="222" VPOS="2359" WIDTH="77" HEIGHT="19" WC="0.96" CONTENT="vara"/><SP WIDTH="28" VPOS="2359" HPOS="299"/>
							<String ID="string_418" HPOS="327" VPOS="2349" WIDTH="126" HEIGHT="29" WC="0.96" CONTENT="förenat"/><SP WIDTH="25" VPOS="2349" HPOS="453"/>
							<String ID="string_419" HPOS="478" VPOS="2350" WIDTH="70" HEIGHT="28" WC="0.96" CONTENT="med"/><SP WIDTH="26" VPOS="2350" HPOS="548"/>
							<String ID="string_420" HPOS="574" VPOS="2352" WIDTH="90" HEIGHT="26" WC="0.96" CONTENT="stora"/><SP WIDTH="25" VPOS="2352" HPOS="664"/>
							<String ID="string_421" HPOS="689" VPOS="2349" WIDTH="201" HEIGHT="36" WC="0.78" CONTENT="svårigheter"/><SP WIDTH="26" VPOS="2349" HPOS="890"/>
							<String ID="string_422" HPOS="916" VPOS="2349" WIDTH="40" HEIGHT="36" WC="0.93" CONTENT="på"/><SP WIDTH="25" VPOS="2349" HPOS="956"/>
							<String ID="string_423" HPOS="981" VPOS="2349" WIDTH="363" HEIGHT="35" WC="0.85" CONTENT="förläggningsorterna"/><SP WIDTH="26" VPOS="2349" HPOS="1344"/>
							<String ID="string_424" HPOS="1370" VPOS="2347" WIDTH="270" HEIGHT="30" WC="0.90" CONTENT="Oscar-Frediks-"/>
						</TextLine>
						<TextLine ID="line_46" HPOS="154" VPOS="2392" WIDTH="1491" HEIGHT="38">
							<String ID="string_425" HPOS="154" VPOS="2393" WIDTH="79" HEIGHT="37" WC="0.95" CONTENT="borg"/><SP WIDTH="27" VPOS="2393" HPOS="233"/>
							<String ID="string_426" HPOS="260" VPOS="2393" WIDTH="204" HEIGHT="37" WC="0.94" CONTENT="(Vaxholm),"/><SP WIDTH="24" VPOS="2393" HPOS="464"/>
							<String ID="string_427" HPOS="488" VPOS="2393" WIDTH="136" HEIGHT="34" WC="0.96" CONTENT="Skövde,"/><SP WIDTH="24" VPOS="2393" HPOS="624"/>
							<String ID="string_428" HPOS="648" VPOS="2393" WIDTH="120" HEIGHT="34" WC="0.96" CONTENT="Boden,"/><SP WIDTH="24" VPOS="2393" HPOS="768"/>
							<String ID="string_429" HPOS="792" VPOS="2392" WIDTH="153" HEIGHT="30" WC="0.96" CONTENT="Sollefteå"/><SP WIDTH="24" VPOS="2392" HPOS="945"/>
							<String ID="string_430" HPOS="969" VPOS="2393" WIDTH="59" HEIGHT="29" WC="0.96" CONTENT="och"/><SP WIDTH="24" VPOS="2393" HPOS="1028"/>
							<String ID="string_431" HPOS="1052" VPOS="2392" WIDTH="192" HEIGHT="37" WC="0.95" CONTENT="Karlsborg."/><SP WIDTH="34" VPOS="2392" HPOS="1244"/>
							<String ID="string_432" HPOS="1278" VPOS="2392" WIDTH="173" HEIGHT="30" WC="0.93" CONTENT="Sannolikt"/><SP WIDTH="22" VPOS="2392" HPOS="1451"/>
							<String ID="string_433" HPOS="1473" VPOS="2393" WIDTH="104" HEIGHT="30" WC="0.93" CONTENT="bliver"/><SP WIDTH="21" VPOS="2393" HPOS="1577"/>
							<String ID="string_434" HPOS="1598" VPOS="2395" WIDTH="47" HEIGHT="26" WC="0.91" CONTENT="ut-"/>
						</TextLine>
						<TextLine ID="line_47" HPOS="152" VPOS="2436" WIDTH="1489" HEIGHT="38">
							<String ID="string_435" HPOS="152" VPOS="2437" WIDTH="147" HEIGHT="37" WC="0.96" CONTENT="bildning"/><SP WIDTH="20" VPOS="2437" HPOS="299"/>
							<String ID="string_436" HPOS="319" VPOS="2438" WIDTH="134" HEIGHT="36" WC="0.96" CONTENT="omöjlig"/><SP WIDTH="18" VPOS="2438" HPOS="453"/>
							<String ID="string_437" HPOS="471" VPOS="2437" WIDTH="41" HEIGHT="37" WC="0.93" CONTENT="på"/><SP WIDTH="22" VPOS="2437" HPOS="512"/>
							<String ID="string_438" HPOS="534" VPOS="2437" WIDTH="358" HEIGHT="36" WC="0.91" CONTENT="Oscar-Fredriksborg"/><SP WIDTH="20" VPOS="2437" HPOS="892"/>
							<String ID="string_439" HPOS="912" VPOS="2437" WIDTH="59" HEIGHT="28" WC="0.96" CONTENT="och"/><SP WIDTH="18" VPOS="2437" HPOS="971"/>
							<String ID="string_440" HPOS="989" VPOS="2436" WIDTH="194" HEIGHT="37" WC="0.96" CONTENT="Karlsborg,"/><SP WIDTH="20" VPOS="2436" HPOS="1183"/>
							<String ID="string_441" HPOS="1203" VPOS="2436" WIDTH="103" HEIGHT="30" WC="0.96" CONTENT="under"/><SP WIDTH="20" VPOS="2436" HPOS="1306"/>
							<String ID="string_442" HPOS="1326" VPOS="2437" WIDTH="49" HEIGHT="28" WC="0.96" CONTENT="det"/><SP WIDTH="21" VPOS="2437" HPOS="1375"/>
							<String ID="string_443" HPOS="1396" VPOS="2440" WIDTH="44" HEIGHT="26" WC="0.96" CONTENT="att"/><SP WIDTH="19" VPOS="2440" HPOS="1440"/>
							<String ID="string_444" HPOS="1459" VPOS="2437" WIDTH="61" HEIGHT="29" WC="0.96" CONTENT="den"/><SP WIDTH="21" VPOS="2437" HPOS="1520"/>
							<String ID="string_445" HPOS="1541" VPOS="2437" WIDTH="100" HEIGHT="29" WC="0.96" CONTENT="måste"/>
						</TextLine>
					</TextBlock>
				</ComposedBlock>
				<ComposedBlock ID="cblock_6" HPOS="152" VPOS="2516" WIDTH="1492" HEIGHT="64">
					<TextBlock ID="block_16" HPOS="152" VPOS="2516" WIDTH="1492" HEIGHT="64">
						<TextLine ID="line_48" HPOS="187" VPOS="2516" WIDTH="1457" HEIGHT="35">
							<String ID="string_446" HPOS="187" VPOS="2517" WIDTH="21" HEIGHT="29" WC="0.61" CONTENT="1)"/><SP WIDTH="26" VPOS="2517" HPOS="208"/>
							<String ID="string_447" HPOS="234" VPOS="2517" WIDTH="100" HEIGHT="27" WC="0.88" CONTENT="Gäller"/><SP WIDTH="22" VPOS="2517" HPOS="334"/>
							<String ID="string_448" HPOS="356" VPOS="2521" WIDTH="70" HEIGHT="22" WC="0.95" CONTENT="även"/><SP WIDTH="23" VPOS="2521" HPOS="426"/>
							<String ID="string_449" HPOS="449" VPOS="2517" WIDTH="75" HEIGHT="27" WC="0.96" CONTENT="Göta"/><SP WIDTH="23" VPOS="2517" HPOS="524"/>
							<String ID="string_450" HPOS="547" VPOS="2518" WIDTH="136" HEIGHT="33" WC="0.96" CONTENT="livgarde,"/><SP WIDTH="22" VPOS="2518" HPOS="683"/>
							<String ID="string_451" HPOS="705" VPOS="2517" WIDTH="154" HEIGHT="31" WC="0.96" CONTENT="Vaxholm,"/><SP WIDTH="22" VPOS="2517" HPOS="859"/>
							<String ID="string_452" HPOS="881" VPOS="2517" WIDTH="190" HEIGHT="32" WC="0.95" CONTENT="Kronobergs"/><SP WIDTH="23" VPOS="2517" HPOS="1071"/>
							<String ID="string_453" HPOS="1094" VPOS="2518" WIDTH="175" HEIGHT="31" WC="0.95" CONTENT="regementes"/><SP WIDTH="24" VPOS="2518" HPOS="1269"/>
							<String ID="string_454" HPOS="1293" VPOS="2516" WIDTH="193" HEIGHT="26" WC="0.83" CONTENT="detachement"/><SP WIDTH="24" VPOS="2516" HPOS="1486"/>
							<String ID="string_455" HPOS="1510" VPOS="2518" WIDTH="8" HEIGHT="24" WC="0.93" CONTENT="i"/><SP WIDTH="24" VPOS="2518" HPOS="1518"/>
							<String ID="string_456" HPOS="1542" VPOS="2516" WIDTH="102" HEIGHT="26" WC="0.89" CONTENT="Karls-"/>
						</TextLine>
						<TextLine ID="line_49" HPOS="152" VPOS="2553" WIDTH="557" HEIGHT="27">
							<String ID="string_457" HPOS="152" VPOS="2553" WIDTH="91" HEIGHT="27" WC="0.95" CONTENT="krona"/><SP WIDTH="24" VPOS="2553" HPOS="243"/>
							<String ID="string_458" HPOS="267" VPOS="2554" WIDTH="51" HEIGHT="25" WC="0.96" CONTENT="och"/><SP WIDTH="24" VPOS="2554" HPOS="318"/>
							<String ID="string_459" HPOS="342" VPOS="2553" WIDTH="141" HEIGHT="26" WC="0.93" CONTENT="Gotlands"/><SP WIDTH="22" VPOS="2553" HPOS="483"/>
							<String ID="string_460" HPOS="505" VPOS="2553" WIDTH="204" HEIGHT="26" WC="0.91" CONTENT="infanterikår."/>
						</TextLine>
					</TextBlock>
				</ComposedBlock>
			</PrintSpace>
		</Page>
	</Layout>
</alto>
