1918 2822
270 178 18 29 2
700 175 113 29 Första
831 176 224 34 lagutskottets
1073 176 164 29 utlåtande
1257 176 49 29 Nr
1333 182 27 25 7.

276 264 117 39 nödigt
413 266 49 31 att
479 268 153 28 närmare
650 262 189 34 undersöka
856 263 199 32 innebörden
1075 275 41 20 av
1134 263 94 33 ordet
1246 263 170 32 »lösören»
1436 263 13 32 i
1469 265 39 32 65
1530 262 19 40 8
1568 263 212 39 utsöknings-

277 314 110 40 lagen.
429 313 170 33 Utskottet
619 314 56 32 får
694 313 42 32 då
754 313 121 40 erinra,
895 316 50 30 att
966 315 39 31 62
1028 313 18 39 $
1065 313 311 40 utsökningslagen,
1397 325 68 21 som
1485 313 142 33 handlar
1647 325 51 21 om
1720 313 61 32 den

277 365 152 39 ordning,
454 365 12 31 i
490 364 113 32 vilken
628 376 38 20 en
692 364 177 38 gäldenärs
894 363 188 39 tillgångar
1107 363 94 33 skola
1226 363 248 39 ifrågakomma
1500 363 54 33 till
1579 364 201 38 utmätning,

278 414 213 39 föreskriver,
515 417 51 29 att
588 425 52 20 om
663 414 29 38 ej
715 414 165 37 borgenär
902 413 60 32 och
985 413 162 39 gäldenär
1169 413 208 32 annorlunda
1400 413 135 40 sämjas,
1560 413 96 32 skola
1677 414 12 30 i
1713 416 70 29 mät

277 467 97 37 lagas
396 464 109 33 »först
525 463 139 40 lösören,
685 464 138 32 därnäst
844 463 138 33 fordran
1002 463 81 32 eller
1102 475 109 20 annan
1233 463 172 39 rättighet,
1427 475 69 20 som
1516 463 67 32 kan
1605 463 176 38 överlåtas,

278 515 60 34 och
364 515 61 33 sist
451 515 70 33 fast
546 514 191 40 egendom».
787 513 103 34 Ordet
914 513 127 33 lösören
1066 514 13 32 i
1105 514 92 33 detta
1221 513 133 40 lagrum
1379 513 61 33 har
1466 513 188 40 självfallet
1680 526 39 21 en
1745 515 37 31 så

275 566 189 33 vidsträckt
489 565 170 40 innebörd,
686 568 51 29 att
763 565 167 32 därunder
954 564 193 40 inbegripas
1175 570 82 27 även
1282 564 153 39 husdjur.
1484 565 73 32 När
1582 565 99 39 lagen
1708 565 72 32 där-

277 617 86 32 efter
384 617 13 31 i
419 618 39 31 65
483 616 18 38 8
524 616 101 31 bland
648 616 62 32 den
732 616 169 38 egendom,
926 627 69 20 som
1018 615 88 32 skall
1129 615 211 38 undantagas
1365 615 77 32 från
1466 615 201 40 utmätning,
1690 620 90 27 näm-

278 678 57 20 ner
361 666 144 38 »nödiga
531 665 257 38 arbetsredskap
815 665 81 32 eller
921 665 105 32 andra
1050 665 123 38 nödiga
1199 665 160 38 lösören»,
1385 665 95 31 torde
1507 665 56 32 det
1587 664 95 39 ligga
1707 670 75 26 när-

277 719 86 30 mast
378 715 55 34 till
450 716 105 32 hands
573 719 49 30 att
639 727 79 21 anse
735 715 94 32 ordet
844 715 129 32 lösören
991 715 61 32 där
1069 719 64 35 äga
1152 726 126 21 samma
1294 714 159 33 innebörd
1470 714 12 32 i
1500 727 45 20 nu
1563 714 220 33 förevarande

277 767 159 33 avseende
457 778 69 21 som
544 766 12 32 i
577 768 39 32 62
639 765 18 40 $
677 766 60 33 och
757 765 216 39 följaktligen
993 765 161 33 beteckna
1172 766 102 38 jämte
1296 768 103 30 annat
1418 770 83 28 även
1521 765 152 38 husdjur.

322 817 65 33 Att
414 816 173 40 uttrycket
615 816 130 33 lösören
773 821 81 34 äger
883 816 61 33 den
973 828 45 21 nu
1046 816 145 32 nämnda
1219 816 210 39 innebörden,
1460 827 98 27 synes
1590 816 54 32 för
1673 816 110 38 övrigt

276 868 102 32 vinna
401 868 72 32 stöd
498 879 41 20 av
561 867 67 32 vad
653 879 69 20 som
747 866 212 33 förekommit
983 866 57 33 vid
1062 866 209 32 tillkomsten
1295 878 41 20 av
1362 868 39 31 65
1429 866 18 38 &
1470 866 311 39 utsökningslagen.

277 918 14 31 I
316 918 54 32 det
392 917 131 39 förslag
543 917 54 32 till
618 916 270 39 utsökningslag,
911 928 69 20 som
1003 915 183 33 framlades
1209 916 55 32 för
1287 917 83 32 1877
1394 917 55 31 års
1474 915 149 39 riksdag,
1648 915 134 39 stadga-

279 968 55 32 des
357 968 12 32 i
392 967 92 33 detta
506 967 143 39 lagrum,
672 970 49 29 att
744 978 52 21 om
819 966 212 40 gäldenären,
1055 966 83 32 hans
1162 967 120 31 hustru
1306 966 59 32 och
1390 966 187 38 oförsörjda
1602 965 81 32 barn
1709 965 73 33 sak-

277 1018 84 33 nade
381 1021 106 36 utväg
506 1017 56 33 till
582 1017 203 39 nödtorftigt
805 1016 180 39 uppehälle
1007 1016 107 33 skulle
1137 1017 77 31 från
1236 1016 192 39 utmätning
1448 1016 211 39 undantagas
1682 1015 101 33 bland

277 1072 103 29 annat
402 1068 145 39 »nödiga
569 1067 280 39 arbetsredskap»
874 1067 54 32 till
950 1067 99 39 högst
1073 1071 48 28 ett
1143 1067 86 32 visst
1253 1068 11 31 i
1287 1067 200 39 lagrummet
1511 1066 136 39 angivet
1671 1066 112 33 värde.

278 1119 66 32 Det
374 1118 170 33 särskilda
574 1118 140 39 utskott,
744 1118 55 32 till
830 1129 77 21 vars
939 1117 204 39 behandling
1175 1117 164 38 förslaget
1370 1117 172 38 hänsköts,
1575 1116 207 39 hemställde,

279 1172 49 29 att
357 1169 87 32 efter
473 1168 100 32 orden
603 1167 146 39 »nödiga
778 1167 278 38 arbetsredskap»
1089 1166 108 33 skulle
1226 1167 164 38 tilläggas
1422 1167 99 31 orden
1552 1167 82 31 »och
1664 1166 118 38 husge-

279 1218 92 33 råd».
413 1219 19 31 I
452 1230 38 21 en
512 1218 203 32 reservation
735 1217 128 39 yrkade
884 1216 185 33 emellertid
1090 1216 87 33 flera
1198 1216 190 40 ledamöter,
1411 1220 49 29 att
1483 1216 53 33 det
1558 1229 41 20 av
1621 1216 164 33 utskottet

279 1269 193 39 föreslagna
493 1268 173 39 uttrycket
688 1268 145 38 »nödiga
854 1267 256 38 arbetsredskap
1134 1267 60 32 och
1216 1267 189 39 husgeråd»
1430 1268 102 31 måtte
1554 1267 139 38 utbytas
1717 1270 67 28 mot

277 1319 99 32 orden
399 1319 60 32 »de
480 1323 83 29 mest
583 1317 214 39 nödvändiga
816 1318 162 31 lösören».
1023 1317 113 32 Under
1157 1318 61 31 den
1241 1317 123 38 debatt,
1387 1328 69 21 som
1478 1317 146 38 uppstod
1645 1317 11 31 i
1679 1316 105 33 andra

277 1369 202 39 kammaren,
498 1368 151 32 erinrade
667 1380 38 20 en
725 1379 42 20 av
786 1371 260 35 reservanterna,
1067 1370 49 29 att
1135 1367 104 38 enligt
1259 1367 261 38 lagstiftningen
1539 1367 12 31 i
1570 1366 92 32 vissa
1681 1367 102 31 främ-

278 1418 117 33 mande
421 1418 116 32 länder
561 1417 142 39 husdjur
728 1418 12 30 i
766 1422 151 28 närmare
944 1417 143 39 angiven
1114 1417 206 38 omfattning
1347 1416 93 39 finge
1466 1416 211 39 undantagas
1706 1416 77 32 från

278 1469 201 39 utmätning,
497 1468 60 33 och
574 1480 38 20 en
631 1479 109 21 annan
758 1471 170 29 reservant
947 1467 159 32 framhöll
1123 1467 55 32 till
1195 1466 181 39 belysande
1395 1479 41 20 av
1456 1466 188 33 skillnaden
1662 1465 121 33 mellan

278 1520 181 33 utskottets
478 1518 131 40 förslag
626 1519 60 32 och
705 1521 277 36 reservanternas,
1001 1521 50 29 att
1069 1530 39 20 en
1128 1517 105 40 fattig
1251 1517 161 39 gäldenär
1430 1517 157 39 möjligen
1606 1516 73 33 icke
1699 1516 85 40 ägde

280 1573 100 30 annat
404 1575 41 28 än
469 1582 39 20 en
530 1569 43 33 ko
597 1569 60 33 och
681 1572 49 29 att
753 1581 39 20 en
816 1569 105 32 sådan
942 1568 73 33 icke
1038 1568 111 33 kunde
1173 1568 38 32 få
1233 1579 98 20 namn
1356 1579 42 20 av
1422 1567 256 38 arbetsredskap
1704 1567 81 32 eller

278 1620 167 39 husgeråd
467 1624 81 28 utan
570 1631 78 20 vore
671 1622 50 29 att
742 1618 145 33 hänföra
907 1618 56 32 till
985 1618 139 32 lösören.
1170 1614 97 36 Även
1290 1617 96 38 eljest
1411 1617 122 32 fälldes
1557 1618 13 31 i
1591 1617 192 32 kammaren

278 1670 179 38 yttranden
475 1681 42 21 av
536 1669 105 32 denna
660 1669 169 32 innebörd.
872 1668 118 33 Andra
1008 1668 191 32 kammaren
1218 1667 99 33 biföll
1336 1667 61 32 ock
1417 1667 255 39 reservationen,
1691 1678 92 21 vare-

279 1724 67 29 mot
360 1721 109 32 första
482 1719 191 33 kammaren
689 1718 173 40 godkände
877 1718 181 33 utskottets
1074 1717 156 40 förslag
1218 1713 19 49 i
1246 1717 219 33 förevarande
1481 1717 63 33 del.
1583 1717 100 32 Efter
1700 1729 83 20 sam-

278 1770 253 40 manjämkning
547 1769 106 34 erhöll
672 1769 199 39 lagrummet
891 1781 39 20 en
949 1768 138 39 lydelse,
1108 1768 106 39 enligt
1232 1767 113 33 vilken
1366 1768 77 32 från
1463 1768 192 39 utmätning
1675 1766 108 33 skulle

278 1821 211 39 undantagas
514 1820 101 32 bland
640 1823 100 29 annat
765 1819 144 39 »nödiga
933 1818 255 38 arbetsredskap
1214 1818 79 32 eller
1319 1818 106 32 andra
1447 1818 162 32 lösören».
1659 1817 124 32 Genom

278 1872 58 38 lag
354 1872 60 32 den
434 1874 39 30 17
492 1882 88 21 mars
600 1871 84 32 1905
703 1869 185 39 undergick
905 1868 201 39 lagrummet
1124 1868 93 32 vissa
1235 1868 193 39 ändringar,
1447 1879 42 20 av
1508 1867 93 32 vilka
1621 1868 53 31 må
1694 1872 88 27 näm-

278 1933 71 28 nas,
366 1924 51 30 att
431 1921 12 32 i
459 1920 222 39 nyssberörda
698 1919 138 39 uttryck
853 1918 92 33 ordet
963 1918 165 39 »nödiga»
1146 1917 129 33 insköts
1295 1917 145 33 framför
1458 1917 183 32 »lösören».

322 1972 56 32 Av
400 1972 140 32 intresse
562 1971 13 31 i
599 1969 219 34 förevarande
841 1969 160 32 avseende
1026 1973 38 28 är
1086 1968 126 39 jämväl
1236 1968 97 39 lagen
1359 1967 61 33 den
1446 1969 39 31 10
1509 1979 88 20 mars
1624 1967 83 32 1922
1733 1978 50 21 om

279 2022 168 33 utsträckt
468 2025 67 29 rätt
556 2024 51 30 att
628 2021 77 32 från
725 2020 192 39 utmätning
938 2020 37 32 få
996 2019 214 39 undantagen
1231 2019 69 32 viss
1321 2018 169 40 egendom,
1512 2017 114 33 vilken
1646 2017 58 40 lag
1723 2028 61 21 var

279 2086 42 21 av
339 2072 208 40 provisorisk
566 2071 173 33 karaktär.
773 2070 124 33 Genom
920 2071 189 32 densamma
1131 2069 227 39 förordnades,
1380 2072 50 29 att
1451 2069 106 32 under
1576 2069 12 31 i
1608 2068 99 39 lagen
1729 2079 54 20 an-

278 2124 103 38 givna
403 2122 286 38 förutsättningar
713 2121 76 32 från
813 2120 192 39 utmätning
1029 2119 108 33 skulle
1161 2119 222 38 undantagas,
1410 2122 138 28 »utöver
1570 2118 67 32 vad
1660 2118 12 31 i
1698 2119 39 32 65
1764 2117 18 38 $

280 2172 298 39 utsökningslagen
602 2176 89 34 sägs,
713 2171 119 38 bohag,
855 2170 168 38 husgeråd
1046 2170 60 32 och
1127 2169 143 37 husdjur
1291 2169 54 31 till
1367 2172 47 29 ett
1438 2167 223 39 sammanlagt
1682 2166 102 33 värde

280 2235 41 20 av
346 2223 98 39 högst
471 2221 199 34 femhundra
695 2221 155 32 kronor».
899 2220 66 32 Det
989 2220 93 32 torde
1108 2219 29 38 ej
1164 2219 89 33 hava
1277 2218 89 33 varit
1391 2218 174 38 meningen
1592 2221 49 28 att
1667 2229 115 27 genom

281 2274 105 32 denna
407 2271 229 34 bestämmelse
657 2271 112 33 införa
789 2269 315 40 utmätningsfrihet
1127 2269 54 32 för
1202 2272 102 29 annat
1327 2268 75 40 slag
1423 2280 42 20 av
1487 2268 158 39 egendom
1669 2272 41 27 än
1734 2268 49 30 så-

281 2324 76 39 dan,
383 2335 68 21 som
476 2323 100 32 redan
602 2321 233 33 dessförinnan
860 2321 129 32 kunnat
1014 2320 212 38 undantagas
1253 2319 78 32 från
1356 2318 201 39 utmätning.

324 2374 74 32 Den
420 2372 274 39 uppfattningen,
717 2374 50 30 att
791 2370 172 39 uttrycket
986 2370 128 32 lösören
1138 2370 12 31 i
1174 2371 39 31 65
1241 2369 18 38 8
1283 2368 300 39 utsökningslagen
1607 2367 178 33 betecknar

280 2423 126 39 jämväl
430 2423 148 39 kreatur,
604 2433 99 27 synes
729 2426 82 28 även
836 2421 88 31 hava
948 2420 89 39 gjort
1064 2420 51 38 sig
1141 2418 156 40 gällande
1322 2419 12 31 i
1360 2418 214 38 rättspraxis.
1622 2416 162 39 Följande

282 2474 152 33 rättsfall
456 2474 54 32 må
530 2473 62 32 här
615 2477 201 28 omnämnas.
863 2470 110 33 Sedan
996 2483 39 20 en
1057 2470 42 32 ko
1122 2469 105 40 tagits
1250 2470 11 31 i
1284 2472 70 30 mät
1375 2469 58 32 hos
1455 2481 40 20 en
1519 2467 171 40 gäldenär,
1713 2467 70 32 kla-
