1886 2852
455 151 397 35 Jordbruksutskottets
878 148 188 33 utlåtande
1088 146 52 34 Nr
1166 147 51 31 29.
1518 144 18 30 9

533 575 112 25 Ankom
664 575 44 24 till
728 573 164 33 riksdagens
911 572 92 25 kansli
1023 572 54 24 den
1096 572 31 24 27
1148 570 124 25 tebruari
1292 570 66 24 1934
1378 569 37 24 kl.
1436 570 15 23 3
1471 576 23 17 e.
1514 575 36 17 m.

183 677 196 34 Utlåtande
400 679 13 30 i
435 677 193 37 anledning
651 686 45 22 av
720 675 135 37 Kungl.
880 675 129 37 Maj:ts
1030 673 222 38 proposition
1272 671 185 38 angående
1479 672 109 35 ytter-

381 730 116 37 ligare
521 728 287 33 statsunderstöd
836 727 57 32 till
917 725 284 38 Mosjöbottnens
1227 722 361 39 torrläggningsföre-

385 784 63 35 tag
463 783 14 30 i
493 779 131 36 Örebro
639 781 70 31 län.

1365 835 72 37 (1:a
1454 834 94 37 avd.)

123 947 19 32 I
165 957 43 21 en
234 946 58 32 till
316 946 194 36 riksdagen
534 945 69 32 den
625 945 18 30 1
670 944 161 31 februari
857 942 79 32 1934
959 942 154 36 avlåten,
1138 941 57 31 till
1221 938 365 38 jordbruksutskottet

84 998 180 33 hänvisad
284 997 221 38 proposition
526 1007 42 21 nr
588 997 39 31 88
646 996 67 31 har
734 995 135 36 Kungl.
893 994 111 36 Maj:t
1027 993 112 31 under
1160 991 224 37 åberopande
1406 1001 46 21 av
1474 990 113 36 bilagt

84 1051 133 36 utdrag
237 1060 47 21 av
300 1047 389 38 statsrådsprotokollet
709 1050 83 28 över
812 1045 350 38 jordbruksärenden
1181 1044 55 31 för
1255 1053 135 21 samma
1408 1043 72 35 dag
1499 1042 88 31 före-

86 1102 109 37 slagit
220 1101 195 37 riksdagen
438 1100 178 36 medgiva,

124 1154 76 33 dels
222 1155 54 32 att
300 1153 56 32 till
380 1152 282 37 Mosjöbottnens
686 1149 414 38 torrläggningsföretag
1123 1150 60 29 må
1207 1148 82 31 från
1311 1148 137 31 statens
1469 1145 122 32 avdik-

85 1206 236 37 ningsanslag
341 1204 146 33 anvisas
504 1205 52 31 ett
572 1203 215 38 ytterligare
805 1201 220 37 statsbidrag
1044 1211 47 21 av
1108 1201 59 30 400
1184 1200 132 31 kronor
1334 1200 55 31 att
1407 1197 184 33 användas

88 1259 57 31 till
161 1257 261 37 nedskrivning
442 1256 82 32 med
539 1255 253 32 motsvarande
808 1254 126 37 belopp
953 1263 45 22 av
1017 1253 57 31 till
1093 1253 177 35 företaget
1289 1252 69 31 den
1376 1251 37 31 23
1433 1249 160 33 februari

88 1311 78 32 1923
182 1310 154 37 beviljat
352 1310 61 31 lån
430 1311 22 30 å
469 1309 88 36 3,470
574 1308 131 31 kronor
724 1307 84 31 från
826 1304 373 38 odlingslånefonden;

128 1363 75 32 dels
219 1363 66 32 ock
300 1364 54 30 att
369 1359 337 38 amorteringstiden
723 1359 56 31 för
797 1358 159 32 nämnda
970 1358 61 31 lån
1047 1358 58 30 må
1123 1356 204 32 utsträckas
1343 1355 57 31 till
1416 1355 41 31 år
1474 1354 87 31 1972.

126 1413 72 33 För
220 1413 254 37 torrläggning
495 1422 47 21 av
565 1410 210 37 vattensjuk
798 1410 104 31 mark
925 1410 22 30 å
969 1409 69 31 den
1059 1409 106 30 forna
1185 1407 159 37 Mosjöns
1364 1407 133 35 botten,
1520 1405 70 32 till-

87 1464 159 33 hörande
296 1464 261 37 fastigheterna
608 1461 208 37 MHerminge,
865 1460 174 36 Attersta,
1067 1459 115 32 Södra
1212 1458 73 32 Bro
1312 1459 64 31 och
1405 1456 185 39 Kyrkebol

87 1517 94 30 samt
228 1515 178 32 Gällersta
440 1515 12 31 i
482 1514 178 32 Gällersta
687 1513 138 36 socken,
850 1511 224 32 Frommesta
1099 1511 12 31 i
1138 1510 125 37 Ekeby
1290 1510 138 35 socken,
1454 1508 137 37 Törsjö,

87 1565 229 34 Krutbruket
345 1567 65 31 och
436 1564 175 39 Kyrkeby
637 1566 12 30 i
676 1564 118 37 Mosjö
820 1563 129 31 socken
978 1564 93 30 samt
1097 1562 119 32 Norra
1242 1561 124 35 Moses,
1395 1558 196 38 Säbylund,

88 1617 143 34 Ekenäs
251 1619 65 31 och
339 1617 123 32 Sättra
492 1618 4 31 i
519 1615 134 33 Kumla
674 1616 138 37 socken,
832 1615 66 31 allt
920 1625 47 21 av
990 1613 131 33 Örebro
1142 1614 72 35 län,
1235 1613 66 31 har
1323 1612 136 36 Kungl.
1481 1610 110 38 Maj:t

90 1668 151 39 beviljat
260 1669 69 33 den
351 1669 38 33 31
407 1669 184 32 december
611 1667 80 33 1920
709 1667 76 32 dels
804 1666 222 37 statsbidrag
1050 1666 83 31 från
1154 1664 185 32 allmänna
1360 1662 231 37 avdiknings-

88 1720 166 38 anslaget
281 1721 80 32 med
389 1720 130 36 218,530
548 1720 142 37 kronor,
720 1719 77 32 dels
825 1719 64 31 ock
918 1718 62 31 lån
1011 1717 82 31 från
1124 1714 359 39 odlingslånefonden
1512 1713 79 32 med

88 1771 129 37 437,070
237 1773 142 36 kronor,
401 1772 69 32 den
491 1772 39 32 23
554 1771 161 32 februari
736 1771 79 32 1923
836 1769 221 37 statsbidrag
1078 1768 81 32 med
1178 1767 90 36 1,730
1290 1767 132 31 kronor
1444 1766 65 31 och
1531 1766 60 30 lån

89 1822 80 33 med
190 1823 91 37 3,470
299 1823 133 32 kronor
452 1824 94 31 samt
563 1822 69 33 den
654 1823 39 31 31
714 1821 184 33 december
919 1821 80 31 1924
1018 1820 61 32 lån
1101 1819 80 32 med
1202 1819 108 36 22,670
1332 1818 143 32 kronor.

90 1935 43 22 nr
157 1926 73 38 224;
255 1927 41 31 RB.
321 1926 70 31 skr.
415 1934 44 23 nr
484 1924 84 38 153),
588 1925 70 31 den
680 1926 40 31 20
743 1924 73 37 maj
843 1924 78 31 1932
944 1923 76 32 dels
1047 1923 83 30 från
1153 1923 136 30 statens
1312 1920 279 36 avdikningsan-

89 1977 78 37 slag
197 1977 153 37 beviljat
382 1976 177 37 företaget
591 1975 213 38 ytterligare
835 1973 221 37 statsbidrag
1088 1973 80 32 med
1199 1972 108 37 90,500
1339 1972 143 36 kronor,
1513 1970 80 32 där-

90 2038 46 22 av
157 2029 111 36 50,000
284 2029 134 31 kronor
438 2028 57 32 till
514 2027 260 37 nedskrivning
793 2026 80 32 med
891 2035 138 22 samma
1048 2024 126 37 belopp
1196 2034 46 21 av
1260 2023 60 31 det
1338 2022 57 32 till
1416 2022 176 36 företaget

90 2080 68 32 den
186 2081 39 31 31
253 2080 185 32 december
467 2080 79 31 1920
572 2078 180 38 beviljade
784 2078 98 31 lånet
912 2078 85 30 från
1027 2074 368 38 odlingslånefonden,
1423 2073 77 32 dels
1528 2073 64 31 ock

89 2131 187 37 medgivit,
303 2133 53 30 att
383 2129 340 39 amorteringstiden
753 2130 56 31 för
838 2127 224 33 sistnämnda
1087 2127 62 32 lån
1177 2127 99 36 finge
1304 2125 204 32 utsträckas
1537 2123 55 32 till

91 2183 41 30 år
155 2182 89 37 1970,
271 2183 210 37 varigenom
505 2182 114 32 lånets
642 2180 297 37 slutamortering
966 2179 243 36 framflyttats
1233 2176 80 32 med
1339 2176 138 37 sjutton
1502 2177 49 30 år.

129 2233 72 32 Vid
223 2233 223 37 beviljandet
467 2233 68 32 den
557 2233 38 32 31
614 2232 185 33 december
820 2232 79 31 1920
919 2242 47 20 av
990 2229 239 32 omförmälda
1250 2229 62 31 lån
1335 2228 83 31 från
1439 2227 153 35 odlings-

91 2284 216 32 lånefonden
336 2285 113 31 erhöll
480 2284 251 31 ecklesiastika
758 2282 249 33 lönebostället
1039 2282 28 31 4
1099 2280 138 31 mantal
1266 2278 219 32 Klockarbol
1515 2276 78 32 med

91 2336 198 35 ängstegen
311 2333 222 33 Prästflaten
557 2335 12 31 i
593 2334 179 32 Gällersta
798 2333 127 32 socken
950 2332 77 31 icke
1053 2331 56 32 del
1133 2332 12 30 i
1169 2331 108 36 lånet,
1300 2331 87 30 enär
1410 2328 184 32 boställets

91 2385 208 32 dåvarande
330 2386 211 31 arrendator
571 2386 77 31 icke
679 2385 129 43 ansökt
836 2383 136 33 därom.
1021 2382 52 31 På
1102 2381 271 36 framställning
1403 2389 46 21 av
1481 2378 112 32 seder-

92 2445 98 22 mera
216 2436 237 37 nytillkomne
479 2436 236 31 arrendatorn
743 2435 37 32 IL.
806 2434 33 32 J.
867 2434 137 32 Larson
1031 2432 179 37 beviljade
1236 2430 196 33 emellertid
1459 2429 134 35 Kungl.

92 2508 112 30 Bihang
224 2509 41 23 till
285 2508 163 30 riksdagens
464 2508 138 31 protokoll
623 2508 77 23 1934.
740 2508 31 22 10
790 2507 81 23 saml.
910 2506 40 24 Nr
969 2505 112 24 26—30.
1545 2497 16 24 2
