2180 2608
368 180 20 28 2
800 177 383 39 Bevillningsutskottets
1205 177 178 29 memorial
1406 177 50 29 Nr
1479 178 52 28 44.

1095 255 151 39 Förslag

372 331 52 34 till
458 331 214 43 förordning
715 329 178 44 angående
932 329 141 34 ändrad
1107 329 126 44 lydelse
1267 340 43 23 av
1345 329 49 33 34
1428 329 59 34 och
1516 329 51 34 48
1594 328 51 46 $$
1672 329 14 34 i
1706 328 260 45 förordningen

595 384 66 35 den
690 384 49 32 14
760 383 84 42 juni
872 383 101 34 1917
1002 382 177 44 angående
1198 382 221 43 försäljning
1448 394 44 23 av
1520 383 219 43 rusdrycker.

478 464 228 45 Härigenom
738 462 203 43 förordnas,
973 464 54 33 att
1056 463 49 33 34
1135 462 69 34 och
1235 463 49 33 48
1315 461 47 46 $$
1390 460 13 35 i
1432 460 265 48 förordningen
1723 463 71 34 den
1818 463 47 33 14
1882 461 85 48 juni

376 521 97 32 1917
506 516 193 47 angående
729 514 220 48 försäljning
983 527 44 23 av
1056 514 225 48 rusdrycker
1310 514 104 35 skola
1444 514 139 35 erhålla
1611 514 163 48 följande
1804 515 162 35 ändrade

369 572 157 47 lydelse:

1108 624 47 32 34
1191 621 34 46 8.

477 712 242 48 Rusdrycker
747 714 59 32 må
834 710 82 36 icke
945 709 246 36 utminuteras
1221 710 56 35 till

482 768 33 45 1)
546 767 83 43 den,
661 778 76 23 som
768 765 82 35 icke
879 764 85 47 fyllt
992 764 52 35 25
1073 766 49 41 år,

479 820 35 47 2)
546 820 83 43 den,
668 831 76 23 som
788 839 40 4 —
866 839 44 4 —
945 839 40 3 —
1024 838 43 4 —
1102 838 40 3 —
1181 838 48 3 —
1598 838 50 3 —

372 896 47 3 —
614 894 45 3 SS
1036 867 42 55 —-
1115 891 35 3 —
1190 891 40 3 —
1262 869 93 35 efter
1384 869 81 35 förd
1494 869 137 47 klagan
1660 870 178 46 upphävt.

1112 979 48 32 48
1191 976 34 46 8.

479 1067 260 49 Spritdrycker
767 1068 59 33 må
854 1066 83 35 icke
966 1066 58 35 till
1052 1067 123 45 någon
1204 1064 247 36 utminuteras
1480 1065 13 35 i
1522 1069 115 31 större
1668 1065 224 48 myckenhet
1917 1071 48 30 än

372 1135 41 24 en
442 1123 77 36 liter
553 1123 6 34 i
587 1121 376 36 kalendermånaden.

477 1177 105 34 Efter
611 1176 126 34 därom
785 1195 30 5 —
858 1195 37 3 —
933 1194 42 4 —
1016 1194 38 4 —
1095 1193 39 4 —
1177 1194 39 3 —
1256 1193 42 3 —
1335 1193 39 3 —
1411 1193 45 2 —
1488 1171 155 35 sålunda
1672 1172 177 46 stadgats.

477 1337 133 34 Denna
638 1333 218 46 förordning
884 1333 125 35 träder
1036 1331 13 36 i
1077 1332 100 35 kraft
1205 1332 72 35 den
1310 1334 17 32 1
1355 1331 149 48 januari
1536 1333 111 33 1919.

479 1389 131 46 Enligt
637 1387 184 36 utskottet
849 1385 321 36 tillhandakomna
1199 1385 342 47 protokollsutdrag
1569 1385 67 34 har
1663 1384 114 36 första
1804 1384 161 37 kamma-

371 1457 66 22 ren
478 1442 135 36 bifallit
640 1440 75 37 vad
743 1439 183 36 utskottet
961 1439 199 43 hemställt,
1191 1441 167 33 varemot
1391 1438 115 35 andra
1535 1438 227 44 kammaren,
1793 1439 83 35 med
1906 1451 58 24 av-

372 1497 80 46 slag
482 1499 19 32 å
529 1495 202 35 utskottets
760 1493 233 43 hemställan,
1024 1491 133 36 bifallit
1187 1492 259 35 ovannämnda
1475 1491 62 36 vid
1557 1491 254 36 betänkandet
1830 1492 135 46 fogade

371 1549 239 37 reservation.

477 1603 58 35 Då
565 1601 142 35 således
737 1599 198 35 kamrarna
971 1601 151 32 stannat
1148 1597 14 35 i
1191 1596 100 37 olika
1326 1597 121 35 beslut
1475 1602 88 31 över
1589 1596 242 37 förevarande
1860 1598 106 46 fråga

372 1660 96 33 samt
496 1657 46 34 de
571 1655 99 35 olika
701 1652 242 46 meningarna
977 1651 83 35 icke
1089 1662 112 36 synas
1236 1651 128 34 kunna
1397 1650 310 47 sammanjämkas
1737 1652 69 34 och
1834 1652 132 46 frågan

372 1710 83 36 icke
484 1709 117 35 heller
630 1707 76 35 kan
734 1706 102 36 bliva
864 1705 154 35 föremål
1046 1704 57 36 för
1131 1716 211 35 gemensam
1374 1703 241 46 omröstning,
1646 1704 67 35 har
1741 1704 142 46 frågan,
1905 1717 62 23 en-

372 1764 69 46 ligt
482 1761 202 36 utskottets
725 1759 163 46 mening,
920 1758 56 35 för
1005 1759 122 34 denna
1155 1757 153 46 riksdag
1336 1757 163 44 förfallit,
1531 1757 116 36 vilket
1675 1757 183 36 utskottet
1887 1759 80 34 här-

375 1817 81 35 med
484 1817 56 34 får
568 1815 55 34 för
651 1814 203 45 riksdagen

907 1902 157 35 anmäla.

482 1995 213 37 Stockholm
726 1994 70 34 den
830 1995 44 33 17
906 1992 72 48 maj
1014 1994 112 33 1918.

818 2082 52 34 På
899 2080 431 46 bevillningsutskottets
1365 2085 155 40 vägnar:

852 2170 187 36 ALEXIS
1071 2161 413 44 HAMMARSTRÖM.

794 2304 170 29 Stockbolm,
984 2304 64 31 Nya
1067 2301 352 34 Tryckeri-Aktiebolaget
1442 2302 76 26 1918.
