2188 2668
400 207 18 30 4
906 209 256 35 Statsutskottets
1185 211 168 34 utlåtande
1376 213 52 32 Nr
1452 215 73 31 137.

503 300 153 38 Jämlikt
697 302 126 49 nådigt
865 303 290 50 bemyndigande
1197 306 70 36 den
1317 309 47 33 23
1409 306 201 50 september
1655 310 119 35 1912-
1797 310 93 37 hava
1918 311 77 36 där-

397 354 92 37 efter
544 356 177 37 särskilda
767 358 231 49 sakkunniga
1045 360 186 38 tillkallats
1273 361 56 37 för
1375 365 54 34 att
1475 363 95 37 inom
1619 362 370 51 civildepartementet

397 410 141 48 deltaga
584 410 13 36 i
642 412 260 38 förberedande
948 415 221 48 behandling
1215 429 43 23 av
1300 417 233 37 kommitténs
1575 419 241 37 betänkande.
1874 421 115 37 Dessa

396 464 233 50 sakkunniga
674 467 93 37 hava
814 469 69 35 den
934 471 45 34 19
1024 470 187 37 december
1257 474 98 33 1912
1400 473 136 48 avgivit
1578 473 229 38 betänkande
1835 477 152 36 rörande

396 520 291 48 organisationen
730 535 43 24 av
816 523 425 51 fögderiförvaltningen,
1286 527 158 36 varefter
1486 528 135 48 Kungl.
1666 529 108 49 Maj:t
1821 532 70 34 den
1940 534 47 33 20

395 574 13 36 i
446 587 134 25 samma
622 578 132 35 månad
795 578 203 38 remitterat
1040 581 157 36 nämnda
1238 582 259 37 betänkanden
1526 583 56 36 till
1610 584 135 48 Kungl.
1777 585 125 49 Maj:ts
1931 587 57 36 be-

393 630 338 50 fallningshavande
778 635 81 34 med
904 634 86 37 flera
1037 635 254 49 myndigheter
1337 640 92 34 samt
1474 638 95 37 vissa
1615 639 273 48 korporationer
1934 641 54 37 för

394 685 200 46 avgivande
624 699 42 23 av
695 689 180 45 yttrande.
933 690 56 34 En
1019 691 58 34 del
1105 703 44 24 av
1178 692 43 34 de
1249 693 205 45 yttranden,
1486 705 72 23 som
1580 694 152 35 sålunda
1750 694 235 48 införväntas,

394 739 100 36 torde
537 740 200 36 sedermera
778 741 12 36 i
832 742 57 36 sin
931 745 60 33 tur
1019 743 98 37 bliva
1146 744 148 37 föremål
1323 746 56 35 för
1407 746 137 46 remiss,
1576 747 66 35 och
1672 748 173 48 slutligen
1875 751 112 35 måste

393 793 164 49 tydligen
598 796 273 48 granskningen
920 799 67 35 och
1034 799 286 49 bearbetningen
1361 800 97 37 inom
1488 802 289 47 departementet
1805 816 44 25 av
1877 807 109 34 mate-

392 847 104 38 rialet
524 849 210 37 förutsättas
763 854 83 45 taga
875 853 161 48 åtskillig
1063 854 54 36 tid
1145 854 13 35 i
1186 855 168 47 anspråk.

499 904 126 36 Ehuru
663 904 64 49 jag
768 907 108 47 hyser
917 907 245 50 förhoppning
1204 912 53 34 att
1299 910 123 36 kunna
1465 911 56 36 till
1550 911 244 38 innevarande
1823 912 164 50 Riksdag

392 958 200 49 framlägga
647 960 133 48 förslag
834 962 56 35 till
936 963 139 48 slutligt
1118 965 183 36 ordnande
1349 979 43 23 av
1439 966 424 50 fögderiförvaltningen,
1914 969 73 36 kan

386 1012 64 49 jag
492 1014 103 43 dock,
639 1014 111 37 innan
792 1015 207 38 infordrade
1042 1019 65 35 och
1149 1018 13 36 i
1190 1019 117 49 övrigt
1336 1021 189 46 påkallade
1555 1023 196 46 yttranden
1779 1023 204 46 inkommit,

389 1067 81 36 icke
512 1068 130 48 angiva
685 1070 60 36 det
786 1071 130 48 belopp
959 1084 86 33 som,
1089 1076 126 34 utöver
1257 1088 49 23 nu
1335 1077 180 46 utgående
1544 1077 180 36 ordinarie
1754 1078 135 47 anslag,
1921 1079 63 36 bör

391 1123 105 36 äskas
538 1124 55 36 för
634 1124 423 51 fögderiförvaltningen.
1115 1129 73 35 Vid
1231 1131 127 35 sådant
1399 1131 225 36 förhållande
1667 1133 65 35 och
1770 1133 45 35 då
1844 1134 60 35 det
1933 1146 50 23 er-

389 1177 194 48 forderliga
613 1179 181 47 beloppet,
826 1184 125 32 utöver
979 1194 49 22 nu
1057 1185 19 31 å
1106 1184 178 35 ordinarie
1314 1187 70 33 stat
1412 1187 181 45 utgående
1623 1187 134 46 anslag,
1779 1187 81 35 icke
1880 1189 102 34 torde

389 1231 140 37 behöva
571 1233 122 35 alltför
734 1234 196 48 väsentligt
974 1236 180 48 överstiga
1197 1238 70 44 det,
1300 1250 73 24 som
1409 1240 115 35 under
1553 1252 126 24 senare
1708 1243 86 33 åren
1824 1241 160 37 anvisats

387 1285 56 36 för
470 1286 162 48 tillfällig
659 1288 312 49 löneförbättring,
1002 1291 66 35 har
1097 1292 60 35 det
1185 1296 102 43 synts
1317 1293 74 47 mig
1419 1294 163 47 lämpligt
1610 1297 53 33 att
1682 1295 56 36 för
1756 1297 227 35 närvarande

387 1344 159 44 upptaga
576 1343 124 47 anslag
727 1342 55 36 till
811 1355 134 24 samma
974 1345 179 48 tillfälliga
1182 1347 300 48 löneförbättring
1503 1351 36 33 åt
1558 1349 258 47 kronofogdar,
1838 1351 144 35 härads-

388 1394 164 37 skrivare
582 1397 66 34 och
677 1397 175 46 länsmän,
884 1410 71 24 som
988 1398 211 49 Riksdagen
1229 1401 55 36 för
1314 1404 84 33 åren
1432 1404 258 35 1910—1913
1721 1403 185 50 beviljat.»

493 1450 19 34 I
554 1450 175 36 skrivelse
772 1451 55 36 till
857 1453 271 37 statsutskottet
1157 1455 69 35 den
1257 1458 20 32 2
1309 1455 244 37 innevarande
1583 1458 67 48 maj
1682 1459 67 34 har
1777 1471 50 22 nu
1856 1459 127 36 chefen

387 1503 55 36 för
485 1504 372 48 civildepartementet
902 1508 134 35 anmält
1083 1512 53 32 att
1177 1512 119 45 någon
1338 1524 50 34 ny
1418 1511 267 49 framställning
1713 1512 13 36 i
1755 1514 178 35 avseende
1963 1517 20 33 å

386 1559 157 35 nämnda
584 1560 118 46 punkt
730 1559 80 37 icke
840 1573 43 24 av
912 1562 134 47 Kungl.
1078 1563 105 48 Maj:t
1211 1564 142 36 komme
1383 1568 51 33 att
1462 1565 57 35 till
1546 1566 246 37 innevarande
1821 1567 161 48 Riksdag

386 1605 147 60 avlåtas.
1518 1616 6 7 |

491 1731 195 46 Utskottet,
733 1745 73 23 som
837 1733 81 36 icke
946 1734 80 36 haft
1055 1738 109 44 något
1193 1739 52 33 att
1273 1736 120 37 erinra
1422 1740 74 33 mot
1527 1739 134 47 Kungl.
1694 1739 124 49 Maj:ts
1847 1739 132 49 ifråga-

385 1785 159 36 varande
573 1786 276 50 framställning,
880 1788 219 46 hemställer,

917 1864 53 33 att
1005 1861 210 49 Riksdagen
1251 1866 57 33 må
1337 1867 46 44 på
1411 1867 104 33 extra
1544 1868 72 33 stat
1645 1866 55 36 för
1729 1868 38 33 år
1790 1869 100 33 1914
1921 1880 58 23 an-

810 1914 77 36 visa
930 1919 53 32 ett
1025 1916 279 49 förslagsanslag
1339 1931 43 23 av
1423 1922 167 42 793,500
1625 1919 134 37 kronor
1793 1921 55 35 för
1882 1921 96 36 bere-

809 1970 116 36 dande
969 1983 44 23 av
1051 1971 157 46 tillfällig
1246 1972 287 47 löneförbättring
1568 1975 116 35 under
1712 1987 135 23 samma
1876 1978 39 33 år
1945 1977 36 35 åt

812 2026 72 33 117
912 2024 245 46 kronofogdar,
1189 2029 73 33 116
1290 2028 291 36 häradsskrivare
1609 2029 68 35 och
1706 2030 77 35 516
1804 2030 171 45 länsmän,

809 2081 53 33 att
890 2081 87 45 utgå
1005 2080 82 34 med
1116 2079 160 49 följande
1305 2081 131 47 belopp
1465 2082 197 48 nämligen:

917 2133 55 35 för
1022 2135 42 33 11
1111 2134 242 48 kronofogdar
1388 2136 24 46 (i
1454 2136 212 45 Jämtlands,
1699 2138 278 37 Västerbottens

808 2187 65 36 och
915 2187 241 37 Norrbottens
1196 2189 71 47 län)
1312 2202 45 23 en
1384 2203 65 23 var
1479 2193 74 33 800
1583 2191 143 45 kronor,
1758 2192 110 37 därav
1899 2195 75 34 200

808 2241 133 36 kronor
983 2242 101 36 skola
1126 2255 103 24 anses
1271 2248 128 44 utgöra
1431 2245 72 45 lön,
1536 2248 75 33 400
1642 2246 132 36 kronor
1802 2246 172 49 tjänstgö-

809 2295 306 48 ringspenningar
1144 2298 65 35 och
1242 2300 74 33 200
1346 2299 134 36 kronor
1508 2299 216 49 ortstillägg;

913 2350 56 35 för
1011 2363 44 23 en
1091 2363 62 24 var
1182 2364 42 24 av
1255 2352 122 48 övriga
1409 2356 71 33 106
1512 2353 241 49 kronofogdar
1792 2358 75 33 600
1897 2356 77 36 kro-
