2214 2652
697 221 211 38 Lagutskottets
935 217 153 30 Utlåtande
1112 216 56 29 N:o
1191 215 48 29 34.
1735 210 34 28 17

268 303 81 36 Den
376 300 273 47 fordringsrätt,
677 312 80 23 som
784 297 156 48 säljaren
967 294 42 37 af
1033 308 44 23 en
1104 292 176 46 fastighet
1305 290 69 36 har
1399 289 60 37 för
1483 288 161 47 ogulden
1663 288 109 46 köpe-

167 355 161 45 skilling,
354 352 145 37 medför
526 352 116 47 enligt
671 353 42 33 11
744 350 83 46 kap.
856 351 20 33 2
903 344 19 49 $
944 345 257 48 jordabalken,
1225 340 161 50 jemförd
1413 340 87 36 med
1530 343 42 33 17
1602 340 82 45 kap.
1710 342 19 33 9
1755 334 18 49 $

170 410 19 32 5
210 419 110 22 mom.
340 403 301 43 handelsbalken,
668 399 239 37 förmånsrätt
925 401 190 43 gentemot
1140 394 118 46 tredje
1284 406 87 23 man
1399 392 70 36 och
1497 398 40 29 är
1564 391 115 45 enligt
1707 393 19 33 2
1755 386 18 48 $

168 457 12 35 i
208 456 171 47 gällande
405 453 295 45 inteckningslag
727 449 109 38 äfven
863 447 155 38 förenad
1046 447 85 36 med
1156 450 76 31 rätt
1258 449 55 31 att
1339 443 141 37 erhålla
1504 440 271 47 tvångsinteck-

168 508 101 47 ning.
321 507 71 35 För
427 510 55 31 att
511 503 322 37 företrädesrätten
861 501 95 35 skall
982 499 163 40 bevaras,
1172 495 117 37 måste
1316 495 159 47 säljaren
1498 493 147 48 jemlikt
1670 491 105 36 först-

169 558 165 37 nämnda
363 557 148 45 lagrum
542 562 89 39 göra
662 554 56 35 sin
744 552 310 44 inteckningsrätt
1081 547 172 47 gällande
1279 546 102 35 inom
1407 545 74 36 viss
1508 543 65 45 tid,
1602 543 20 36 å
1648 541 128 37 landet

171 611 65 35 sist
261 608 64 38 vid
352 607 61 36 det
439 608 81 47 ting
547 605 84 36 med
657 603 164 45 häradet,
848 615 80 23 som
955 599 146 37 infaller
1127 604 84 30 näst
1242 596 91 37 efter
1370 609 64 23 sex
1470 593 186 46 månader,
1696 593 80 35 räk-

170 660 94 36 nadt
301 658 83 37 från
424 658 62 36 det
524 655 137 49 lagfart
693 654 20 37 å
743 655 113 46 köpet
880 651 211 46 beviljades.
1142 649 18 36 I
1188 648 45 37 de
1260 648 102 36 delar
1390 645 40 37 af
1454 645 138 45 landet,
1620 644 66 37 der
1713 644 65 35 all-

171 719 138 28 männa
335 706 298 40 sammanträden
656 706 148 48 jemlikt
829 702 268 46 förordningen
1124 700 72 36 den
1224 702 42 34 17
1291 698 73 48 maj
1388 700 94 35 1872
1503 696 128 44 hållas,
1658 695 120 37 vållar

173 763 101 36 detta
301 759 214 49 stadgande,
543 758 47 48 på
616 762 72 32 sätt
713 756 232 36 motionären
976 751 213 44 framhållit,
1226 749 187 48 åtskilliga
1449 747 237 48 olägenheter
1720 744 59 37 för

171 812 241 48 fastighetens
443 811 148 45 köpare.
644 807 70 38 Om
754 807 74 35 han
865 804 59 37 för
951 809 53 32 ett
1031 804 88 35 eller
1146 806 115 31 annat
1288 799 183 46 ändamål,
1501 799 29 46 ej
1561 798 117 36 sällan
1701 797 78 46 just

173 864 59 36 för
259 868 54 31 att
339 860 169 38 anskaffa
534 860 119 36 medel
683 858 59 36 till
772 855 312 48 köpeskillingens
1124 851 193 48 gäldande,
1355 849 141 47 nödgas
1536 848 133 37 belåna
1709 847 70 36 den

173 915 157 47 inköpta
354 912 223 48 fastigheten
603 911 13 35 i
642 909 125 48 någon
793 905 318 45 bankinrättning,
1138 903 115 46 vågar
1275 902 121 36 denna
1413 902 14 35 i
1445 900 101 47 regel
1565 900 29 46 ej
1615 899 166 36 utlemna

174 965 266 44 lånesumman,
467 963 117 36 innan
610 962 165 45 köparen
801 970 134 35 genom
962 956 102 37 bevis
1091 954 83 37 från
1207 952 277 38 vederbörande
1522 950 151 36 domare
1707 950 74 35 kan

176 1017 138 48 styrka,
354 1020 55 31 att
447 1013 224 46 fastigheten
704 1011 30 46 ej
764 1008 120 38 häftar
910 1007 59 37 för
997 1006 162 46 ogulden
1186 1004 259 48 köpeskilling.
1499 1001 127 37 Såsom
1652 1000 130 37 motio-

175 1075 116 28 nären
316 1066 138 48 jemväl
481 1065 148 43 erinrat,
663 1063 76 35 kan
765 1061 163 47 köparen
954 1059 14 35 i
995 1055 279 38 ofvannämnda
1304 1053 212 37 landsdelar
1542 1053 12 35 i
1581 1051 202 37 allmänhet

177 1119 82 35 icke
285 1116 84 37 från
395 1113 280 40 vederbörande
702 1109 275 40 domhafvande
1004 1109 197 35 bekomma
1228 1106 131 36 sådant
1384 1105 103 36 bevis
1513 1103 78 37 förr
1618 1110 46 28 än
1692 1101 91 37 efter

179 1175 52 30 ett
257 1168 40 36 år
323 1169 87 35 eller
437 1179 111 32 mera,
577 1164 91 37 efter
694 1164 63 36 det
782 1161 138 48 lagfart
946 1160 21 36 å
992 1158 128 47 fånget
1135 1156 246 38 meddelades
1407 1157 176 46 köparen.

280 1235 81 36 Den
396 1233 196 37 anmärkta
624 1230 242 47 olägenheten
892 1227 108 37 torde
1026 1228 127 34 lättast
1178 1226 129 35 kunna
1333 1224 182 47 afhjelpas
1542 1222 47 47 på
1615 1221 62 36 det
1704 1225 81 40 sätt,

180 1287 231 36 motionären
439 1283 205 45 föreslagit;
673 1281 69 36 och
768 1278 197 38 föranlåtes
994 1278 180 35 utskottet
1199 1275 59 37 för
1285 1275 70 36 den
1383 1275 99 35 skull
1509 1272 209 37 hemställa:

685 1387 55 31 att
774 1380 221 46 Riksdagen,
1030 1380 12 35 i
1074 1378 203 45 anledning
1303 1375 41 37 af
1368 1375 71 37 den
1467 1376 12 34 i
1506 1379 123 31 ämnet
1655 1373 132 37 väckta

583 1434 152 43 motion,
763 1433 87 36 ville
875 1431 59 36 för
960 1432 56 35 sin
1044 1430 59 36 del
1131 1435 136 41 antaga
1293 1427 164 48 följande

1136 1577 108 49 Lag

616 1686 188 49 angående
832 1684 141 36 ändrad
999 1682 141 50 lydelse
1167 1681 41 36 af
1234 1685 38 32 11
1305 1681 82 46 kap.
1417 1683 19 32 2
1466 1677 18 48 $
1508 1678 257 47 jordabalken.

688 1804 226 45 Härigenom
945 1800 205 44 förordnas,
1184 1804 55 31 att
1271 1802 37 32 11
1340 1799 83 45 kap.
1455 1801 20 33 2
1504 1794 18 49 $
1544 1795 246 47 jordabalken

590 1856 94 35 skall
712 1854 138 37 erhålla
876 1851 166 50 följande
1070 1850 163 36 ändrade
1259 1849 155 48 lydelse:

691 1922 60 37 Nu
778 1920 129 38 hafver
935 1920 81 42 den,
1045 1932 79 23 som
1151 1917 110 45 sålde,
1288 1917 80 35 icke
1395 1916 180 46 uppburit
1595 1914 95 36 fulla
1707 1927 86 33 pen-

592 1975 143 46 ningar,
764 1972 143 36 ändock
929 1971 74 35 han
1023 1971 9 35 i
1052 1968 240 48 köpebrefvet
1318 1967 158 44 tillstått,
1504 1971 54 31 att
1583 1966 72 35 han
1685 1966 109 44 köpe-

593 2025 197 46 skillingen
816 2023 58 35 till
901 2021 95 36 fullo
1024 2020 218 43 bekommit;
1273 2019 103 45 njute
1404 2018 56 35 sin
1488 2016 169 36 säkerhet
1682 2016 13 34 i
1723 2015 71 44 det,

594 2088 78 22 som
709 2074 95 35 såldt
837 2081 48 36 är,
912 2070 158 37 framför
1097 2070 117 36 andra
1240 2069 181 45 köparens
1449 2068 231 44 borgenärer.
1733 2064 62 36 Sö-

594 2126 64 34 ker
693 2125 75 34 han
805 2124 29 47 ej
872 2122 215 44 inteckning
1113 2120 59 35 för
1199 2120 56 35 sin
1283 2118 152 35 fordran
1464 2118 12 34 i
1504 2117 80 35 stad
1610 2117 101 34 inom
1740 2120 55 30 tre

594 2175 177 35 månader
799 2174 66 34 och
892 2172 21 36 å
940 2171 128 36 landet
1093 2172 12 34 i
1133 2170 187 46 domsaga,
1348 2168 64 36 der
1438 2168 81 44 ting
1546 2166 115 36 hållas
1682 2166 115 45 enligt

595 2226 123 47 kongl.
747 2223 268 45 förordningen
1044 2221 69 35 den
1145 2224 42 32 17
1217 2220 71 45 maj
1323 2222 103 41 1872,
1460 2219 65 34 sist
1554 2217 63 36 vid
1645 2216 62 35 det
1734 2216 63 34 all-

597 2283 136 28 männa
772 2272 273 38 sammanträde
1085 2271 69 35 och
1195 2271 103 45 eljest
1331 2269 64 35 sist
1421 2268 63 36 vid
1513 2267 61 36 det
1600 2268 90 45 ting,
1718 2279 78 22 som

296 2343 60 27 Bih.
378 2342 43 26 till
442 2341 94 27 Riksd.
558 2341 73 25 Prot.
650 2340 75 26 1893.
763 2340 17 24 7
798 2338 83 26 Saml.
919 2338 35 24 17
975 2336 80 34 Häft.
1683 2331 15 23 3
