2234 2640
373 202 20 31 2
880 195 233 40 Lagutskottets
1136 193 165 32 Memorial
1323 193 59 31 N:o
1406 193 49 29 42.

376 280 152 48 utbytas
559 280 76 34 mot
664 289 48 24 en
739 276 14 36 i
782 287 125 25 annan
935 274 186 47 högtidlig
1151 273 70 36 och
1248 271 191 36 bindande
1468 270 92 35 form
1591 268 168 47 afgifven
1777 267 207 43 försäkran,

376 334 102 44 eller,
522 345 59 24 om
625 333 41 34 så
706 329 32 49 ej
784 341 109 25 anses
936 329 129 35 kunna
1106 327 15 35 i
1150 327 74 36 alla
1252 325 65 36 fall
1347 325 78 43 ske,
1456 323 14 35 i
1497 323 100 36 hvad
1627 324 87 33 mån
1743 322 148 46 edgång
1919 320 68 36 bör

378 386 227 37 inskränkas
644 385 70 36 och
755 383 14 36 i
811 383 113 47 öfrigt
955 382 143 36 formen
1126 381 58 35 för
1208 380 147 46 edgång
1384 378 204 43 förändras,
1621 378 96 33 samt
1745 375 161 36 därefter
1934 375 56 36 för

378 440 221 46 Riksdagen
628 438 207 46 framlägga
864 437 46 35 de
939 436 149 46 förslag,
1121 447 78 23 som
1230 432 108 37 däraf
1362 431 130 36 kunna
1520 429 226 37 föranledas.

485 494 84 35 Den
605 491 272 49 skiljaktighet,
914 502 77 23 som
1022 488 158 36 sålunda
1208 486 202 47 föreligger
1439 484 136 36 mellan
1603 483 219 35 kamrarnas
1850 481 137 43 beslut,

377 559 112 37 synes
518 545 187 37 utskottet
737 544 84 36 icke
857 544 130 35 kunna
1016 540 314 49 sammanjämkas
1360 541 48 45 på
1439 540 115 34 annat
1582 540 85 40 sätt,
1699 541 47 30 än
1775 537 54 34 att
1857 534 133 36 Andra

377 602 230 35 Kammaren
635 598 166 37 biträder
828 598 132 35 Första
988 597 247 35 Kammarens
1267 593 135 37 beslut.

485 654 195 36 Utskottet
703 651 215 37 hemställer
947 650 119 45 alltså,

918 760 54 33 att
1013 756 132 36 Andra
1187 756 228 35 Kammaren
1453 755 126 42 måtte,
1610 752 86 35 med
1724 749 264 37 frånträdande

811 812 40 35 af
884 812 65 35 sitt
977 810 243 37 omförmälda
1248 808 134 44 beslut,
1413 807 146 36 biträda
1586 806 102 36 hvad
1716 805 129 35 Första
1874 803 117 35 Kam-

812 877 127 23 maren
967 865 13 35 i
1009 865 72 35 den
1109 863 245 37 förevarande
1382 860 133 48 frågan
1542 858 166 37 beslutit.

490 973 215 38 Stockholm
737 973 72 35 den
839 974 44 33 31
919 983 97 24 mars
1049 973 114 34 1909.

917 1079 53 35 På
998 1078 266 47 lagutskottets
1295 1082 159 42 vägnar:

966 1185 163 36 ERNST
1159 1184 256 36 TRYGGER.

844 2280 166 18 STOCKHOLM,
1030 2280 51 16 NYA
1103 2271 141 33 TRYCKEERI-
1258 2271 208 33 AETIEBOLAGET,
1490 2275 69 19 1909.
