1902 2824
596 175 264 28 Statsutskottets
880 175 168 29 utlåtande
1067 176 44 28 Nr
1137 176 48 28 79.
1602 173 39 32 37

134 246 109 32 under
275 246 118 33 tionde
426 247 228 33 huvudtiteln.
699 248 288 32 Medelsbehovet
1019 249 115 32 härför
1167 249 62 32 har
1262 249 52 32 för
1346 251 99 30 nästa
1468 249 169 42 budgetår

133 297 183 33 beräknats
339 298 53 31 till
416 299 94 38 7,000
531 299 135 39 kronor,
690 299 106 32 vilket
818 299 144 32 innebär
985 311 42 20 en
1051 299 222 42 nedsättning
1296 299 77 32 med
1396 300 96 39 3,000
1514 300 126 31 kronor

131 347 11 32 1
165 348 214 32 förhållande
404 349 52 31 till
479 349 59 32 det
560 350 52 31 för
635 350 148 41 löpande
806 350 169 41 budgetår
998 350 162 33 anvisade
1183 350 315 42 anslagsbeloppet.

185 451 120 32 Under
327 451 136 32 erinran
487 463 55 20 om
565 454 50 29 att
637 451 182 43 riksdagen
842 452 53 32 för
918 452 54 32 sin
995 452 57 32 del
1074 452 131 42 antagit
1227 453 11 31 i
1260 453 264 41 propositionen
1543 464 41 20 nr
1600 453 43 32 90
1663 447 17 51 =
1698 462 131 24 Utskottet.

131 502 159 40 framlagt
322 502 129 42 förslag
485 503 54 31 till
572 503 55 41 lag
659 503 175 41 angående
868 504 139 31 fortsatt
1040 503 158 42 giltighet
1220 515 41 20 av
1283 504 98 41 lagen
1405 503 67 32 den
1497 504 41 31 30
1564 503 75 42 juni

134 552 80 32 1942
237 552 52 42 (nr
300 552 72 42 550)
395 552 79 32 med
498 553 168 31 särskilda
687 553 262 32 bestämmelser
972 565 55 20 om
1051 554 244 41 uppfinningar
1317 565 40 21 av
1380 554 181 41 betydelse
1585 554 52 31 för

131 602 106 32 rikets
270 603 131 32 försvar
435 603 84 32 eller
552 603 326 42 folkförsörjningen
902 615 43 21 m.
970 616 53 26 m.,
1048 604 50 32 får
1120 604 171 32 utskottet
1313 604 174 42 tillstyrka
1510 604 127 42 Kungl.

133 653 115 42 Maj:ts
281 654 224 32 förevarande
537 654 128 42 förslag
699 665 54 21 om
788 655 186 31 anvisande
1004 655 110 32 under
1136 655 119 31 tionde
1278 655 218 31 huvudtiteln
1521 666 40 20 av
1585 666 56 20 an-

132 704 207 42 slagsmedel
361 705 53 31 för
436 705 224 32 förenämnda
683 706 381 41 granskningsnämnds
1088 706 226 32 verksamhet.

186 755 180 32 Utskottet
388 755 210 39 hemställer,

455 834 50 30 att
537 832 183 42 riksdagen
754 834 54 30 må
841 833 53 31 till
921 833 392 41 Granskningsnämnden
1326 833 60 40 för
1409 833 86 32 vissa
1512 836 128 38 patent-

402 883 223 41 ansökningar
646 895 39 20 m.
700 895 38 20 m.
762 884 53 31 för
836 883 206 42 budgetåret
1065 883 138 33 1943/44
1218 885 19 30 å
1253 883 258 42 driftbudgeten
1528 883 109 32 under

402 933 118 32 tionde
554 934 218 31 huvudtiteln
806 934 118 32 anvisa
958 936 50 30 ett
1030 934 267 42 förslagsanslag
1320 945 40 20 av
1384 934 94 39 7,000
1500 934 137 32 kronor.

187 991 199 33 Stockholm
410 992 67 32 den
500 993 19 31 9
543 993 86 41 april
654 993 93 31 1913.

632 1086 49 31 På
705 1087 276 31 statsutskottets
1004 1089 138 39 vägnar:

680 1162 31 31 J.
736 1163 38 32 B.
798 1162 292 32 JOHANSSON.

185 1404 218 28 Närvarande:
426 1413 33 19 se
479 1405 101 27 under
602 1405 181 27 utlåtandet
803 1414 37 18 nr
863 1405 48 27 73.
