1914 2848
272 162 40 31 36
693 159 112 30 Första
827 160 221 34 lagutskottets
1068 159 164 29 utlåtande
1256 159 47 28 Nr
1330 163 48 26 27.

899 395 253 41 Förslag

1000 463 54 32 till

888 530 292 42 Stadsplanelag.

325 610 203 39 Härigenom
552 608 176 34 förordnas
751 620 68 21 som
842 608 114 38 följer:

856 741 289 34 AVDELNING
1179 741 29 33 I.

712 854 298 32 Bestämmelser
1031 849 197 42 angående
1252 852 96 31 stad.

712 953 63 26 Om
794 952 179 33 stadsplan
996 952 66 26 och
1084 950 275 33 tomtindelning.

997 1032 16 31 1
1037 1030 30 40 8.

327 1110 68 33 För
416 1109 91 33 stads
529 1108 168 34 ordnande
719 1108 60 33 och
800 1108 220 39 bebyggande
1043 1106 88 34 skall
1154 1106 112 33 finnas
1289 1105 185 39 stadsplan.
1517 1105 19 32 TI
1557 1105 77 32 mån
1656 1116 43 21 av
1722 1107 65 30 sta-

283 1161 79 32 dens
387 1160 196 39 utveckling
608 1159 88 33 skall
722 1159 173 38 stadsplan
919 1161 179 37 upprättas
1125 1158 54 32 för
1203 1157 144 38 område,
1374 1168 69 21 som
1469 1156 30 38 ej
1525 1156 99 38 ingår
1649 1155 12 33 i
1688 1155 99 33 redan

282 1211 161 40 befintlig
461 1211 186 39 stadsplan.

996 1301 71 40 28.

328 1381 183 39 Stadsplan
531 1380 90 34 skall
639 1379 155 34 utmärka
815 1379 61 33 och
893 1379 55 33 till
966 1384 183 34 gränserna
1169 1377 123 39 angiva
1313 1378 38 32 de
1372 1377 54 32 för
1445 1376 90 33 olika
1557 1375 156 34 ändamål
1732 1387 56 21 av-

284 1433 102 33 sedda
407 1432 164 39 områden,
592 1431 95 33 vilka
706 1431 81 39 ingå
806 1431 13 32 i
839 1430 131 39 planen,
992 1430 110 32 såsom
1122 1427 329 41 byggnadskvarter,
1474 1430 108 37 gator,
1605 1430 86 36 torg,
1713 1438 75 27 par-

282 1484 61 33 ker
364 1483 61 34 och
446 1483 104 33 andra
571 1482 171 33 allmänna
762 1481 138 40 platser,
922 1480 186 40 järnvägs-,
1130 1480 113 32 hamn-
1266 1479 61 33 och
1349 1478 105 34 andra
1477 1478 168 33 särskilda
1666 1477 122 33 trafik-

283 1535 167 39 områden,
478 1534 144 39 skydds-
650 1533 80 33 eller
756 1531 331 34 säkerhetsområden
1115 1531 54 32 för
1194 1530 92 33 vissa
1313 1529 259 40 anläggningar,
1600 1529 189 32 idrottsom-

285 1586 111 39 råden,
418 1584 356 41 begravningsplatser
795 1586 89 30 samt
904 1582 283 33 vattenområden.
1230 1580 139 34 Jämväl
1392 1580 194 33 områdenas
1610 1578 179 40 höjdlägen

285 1637 95 33 skola
404 1637 11 32 i
440 1635 203 40 erforderlig
667 1634 205 39 omfattning
896 1633 152 40 angivas.

330 1686 182 40 Stadsplan
537 1686 90 34 skall
651 1685 61 34 ock
735 1684 169 34 innehålla
928 1685 38 32 de
990 1683 201 40 ytterligare
1215 1681 249 34 bestämmelser
1488 1680 172 40 angående
1685 1680 104 34 områ-

285 1739 101 33 denas
411 1737 220 40 bebyggande
657 1736 80 34 eller
761 1735 217 34 användande
1001 1736 12 31 i
1039 1734 121 39 övrigt,
1188 1745 67 22 som
1282 1733 113 33 finnas
1422 1732 233 39 erforderliga.

995 1877 71 40 38.

325 1958 181 39 Stadsplan
534 1961 141 35 antages
703 1968 42 21 av
772 1955 313 39 stadsfullmäktige
1112 1966 73 21 men
1214 1953 98 39 skall,
1342 1954 54 32 för
1423 1956 50 30 att
1501 1952 91 33 bliva
1621 1951 168 40 gällande,

286 2009 191 34 fastställas
498 2021 43 21 av
561 2008 200 39 Konungen.

329 2060 78 33 Vad
427 2072 44 20 nu
490 2063 94 36 sagts
605 2058 90 40 gälle
715 2058 60 33 ock
793 2057 13 32 i
827 2058 100 38 fråga
947 2069 50 21 om
1018 2056 145 39 ändring
1182 2068 41 21 av
1245 2054 190 39 stadsplan;
1457 2053 85 34 dock
1561 2054 54 32 må
1637 2052 153 39 ändring,

287 2123 69 21 som
378 2111 30 38 ej
429 2123 96 21 avser
546 2110 139 39 planens
707 2108 195 40 grunddrag
924 2108 59 32 och
1005 2107 30 39 ej
1057 2107 105 33 heller
1183 2106 97 38 eljest
1300 2105 188 32 innefattar
1508 2104 170 39 väsentlig
1699 2103 92 33 avvi-

285 2162 92 33 kelse
397 2162 75 32 från
490 2161 66 33 vad
575 2173 71 21 som
665 2160 92 33 förut
774 2159 89 33 varit
882 2158 166 40 gällande,
1070 2156 190 34 fastställas
1282 2168 42 21 av
1344 2156 206 39 Konungens
1570 2154 220 39 befallnings-

285 2213 162 33 havande.

995 2329 20 30 4
1036 2328 30 38 8.

330 2407 124 33 Finnes
481 2407 54 32 för
563 2406 93 33 stads
685 2404 285 39 ändamålsenliga
998 2402 197 40 utveckling
1222 2402 80 33 eller
1328 2401 55 33 till
1412 2400 188 39 främjande
1628 2411 43 21 av
1698 2398 92 40 bety-

286 2458 106 32 dande
414 2458 141 32 allmänt
576 2457 141 32 intresse
739 2455 128 38 nödigt,
891 2457 51 30 att
965 2453 174 39 stadsplan
1161 2456 178 36 upprättas
1364 2452 54 32 för
1441 2452 86 32 visst
1550 2450 142 38 område,
1717 2461 73 21 men
