1918 2848
286 161 38 31 52
694 158 115 29 Första
829 158 223 34 lagutskottets
1072 156 163 30 utlåtande
1258 157 48 28 Nr
1331 161 48 26 27.

336 247 98 33 Hava
452 246 139 39 jämlikt
605 246 196 39 stadgande,
820 257 69 22 som
907 245 12 32 i
938 246 108 32 första
1066 244 133 39 stycket
1216 247 142 35 nämnts,
1378 244 56 32 för
1451 243 85 33 visst
1556 243 132 33 område
1708 242 87 33 med-

293 297 104 34 delats
425 297 169 34 särskilda
620 296 249 33 bestämmelser
894 297 12 31 i
933 295 162 33 avseende
1121 296 20 31 å
1168 298 103 29 sättet
1298 295 53 32 för
1376 293 336 40 byggnadskvarters
1740 305 55 21 an-

292 349 182 38 vändande,
499 348 88 33 skall
609 360 51 20 om
684 348 95 32 dessa
801 347 250 33 bestämmelser
1071 347 12 31 i
1106 345 204 39 tillämpliga
1333 345 94 32 delar
1450 344 92 40 gälla
1565 344 65 33 vad
1654 344 12 33 i
1690 344 106 32 denna

294 399 56 40 lag
370 404 37 28 är
429 399 137 39 stadgat
586 411 51 20 om
659 398 185 38 stadsplan.

996 457 40 32 80
1063 455 30 40 8.

337 526 281 39 Tomtindelning,
642 537 68 21 som
732 537 43 21 av
796 525 92 32 ålder
908 524 115 33 består
1045 523 79 33 eller
1146 523 184 33 fastställts
1353 523 72 32 före
1449 522 106 32 denna
1577 521 74 39 lags
1674 521 123 32 ikraft-

294 577 171 39 trädande,
486 576 90 34 skall
595 576 211 33 fortfarande
826 575 100 33 lända
946 575 52 32 till
1021 574 234 38 efterrättelse,
1276 573 91 33 intill
1387 573 74 33 dess
1483 572 143 39 ändring
1647 572 73 32 däri
1741 576 55 34 gö-

295 639 50 22 res
365 627 12 32 i
399 628 62 32 den
484 627 151 39 ordning,
659 638 68 22 som
749 627 13 31 i
785 626 105 33 denna
912 625 59 39 lag
993 624 149 40 stadgas.

998 718 40 32 81
1064 716 32 40 $.

339 788 73 32 Har
430 787 72 33 före
520 788 105 32 denna
643 786 75 40 lags
737 785 273 34 ikraftträdande
1029 784 135 40 jämlikt
1183 786 17 30 1
1221 784 79 39 kap.
1319 784 44 32 46
1383 783 19 39 $&
1421 783 106 33 andra
1548 782 133 39 stycket
1699 782 101 38 lagen

295 851 51 21 om
375 837 339 41 fastighetsbildning
742 838 13 31 i
783 837 76 33 stad
887 836 81 33 eller
995 835 233 33 motsvarande
1258 835 92 33 äldre
1380 834 187 39 stadgande
1597 833 202 38 förordnats,

294 893 52 30 att
369 889 170 34 särskilda
564 888 216 34 föreskrifter
804 887 95 34 skola
922 887 172 39 tillämpas
1120 886 73 33 med
1218 885 161 33 avseende
1405 886 20 31 å
1450 883 349 41 byggnadsverksam-

295 941 113 33 hetens
435 940 168 33 ordnande
628 940 89 32 inom
743 939 143 38 område,
913 950 70 21 som
1010 938 29 38 ej
1066 937 110 33 finnes
1201 939 167 36 upptaget
1392 937 13 31 i
1431 935 157 39 gällande
1614 933 186 39 stadsplan,

296 991 86 33 skall
404 1003 52 21 om
478 991 127 33 sådana
625 990 216 33 föreskrifter
861 988 92 40 gälla
974 989 68 32 vad
1062 989 12 31 i
1097 988 104 33 denna
1223 987 58 39 lag
1303 992 38 28 är
1363 987 138 38 stadgat
1522 998 51 21 om
1595 985 205 39 utomplans-

295 1041 250 34 bestämmelser
569 1042 54 32 för
648 1041 86 38 stad,
761 1041 60 33 där
846 1040 29 38 ej
902 1039 190 39 Konungen
1117 1037 193 34 annorledes
1338 1037 189 34 förordnar.

997 1133 40 32 82
1064 1131 31 39 8.

339 1202 123 39 Råder,
487 1202 43 33 då
553 1203 104 32 denna
680 1201 59 39 lag
760 1201 114 32 träder
894 1200 13 32 i
928 1200 109 38 kraft,
1060 1200 45 38 på
1127 1198 110 40 grund
1260 1210 43 20 av
1325 1196 293 34 bestämmelserna
1642 1196 12 32 i
1679 1197 17 31 1
1721 1195 79 39 kap.

297 1254 40 31 41
360 1253 19 39 8
400 1253 107 38 tredje
530 1252 133 39 stycket
684 1252 99 39 lagen
805 1263 51 21 om
879 1249 338 40 fastighetsbildning
1238 1249 13 32 i
1273 1248 75 33 stad
1369 1248 90 32 inom
1482 1247 142 38 område,
1648 1258 70 22 som
1742 1246 61 32 där

296 1315 104 28 avses,
420 1304 124 32 förbud
561 1306 67 29 mot
645 1302 209 39 nybyggnad
872 1304 83 30 utan
973 1300 138 34 särskilt
1129 1300 65 39 lov,
1214 1299 89 34 skall
1320 1298 158 33 förbudet
1496 1297 102 40 gälla,
1616 1296 92 33 intill
1727 1297 74 33 dess

296 1354 174 39 stadsplan
492 1355 121 32 varder
636 1353 176 33 fastställd
835 1352 81 33 eller
938 1352 189 38 Konungen
1151 1350 192 34 annorledes
1368 1349 189 34 förordnar.

1001 1444 41 32 83
1067 1442 31 40 $.

342 1513 185 40 Stadsplan
544 1518 154 29 ävensom
718 1512 168 34 särskilda
903 1510 249 34 bestämmelser
1169 1510 12 32 i
1200 1509 160 33 avseende
1378 1509 20 32 å
1417 1511 104 30 sättet
1539 1508 54 33 för
1610 1507 193 39 byggnads-

297 1566 153 33 kvarters
477 1564 228 38 användande,
733 1575 69 22 som
828 1563 72 33 före
927 1563 106 32 denna
1058 1562 74 38 lags
1158 1560 273 33 ikraftträdande
1457 1558 184 34 fastställts
1668 1557 136 40 jämlikt

300 1619 16 31 1
338 1616 78 39 kap.
439 1617 41 30 42
505 1615 20 39 8
547 1616 98 38 lagen
667 1626 51 21 om
742 1613 340 40 fastighetsbildning
1104 1613 11 32 i
1139 1612 76 33 stad
1238 1611 81 32 eller
1341 1610 233 33 motsvarande
1597 1609 92 33 äldre
1714 1607 89 34 stad-

299 1667 116 40 gande,
441 1666 98 33 skola
561 1666 86 33 hava
672 1676 126 22 samma
821 1664 127 33 verkan
972 1675 69 21 som
1065 1662 275 40 byggnadsplan;
1367 1661 86 33 dock
1477 1660 88 34 skall
1589 1660 65 33 vad
1678 1660 13 32 i
1717 1660 40 32 65
1784 1658 19 40 $

299 1723 77 34 sägs
396 1717 75 33 icke
490 1722 67 34 äga
575 1716 227 39 tillämpning.

340 1769 73 31 Har
438 1768 203 37 förordnats,
666 1770 52 29 att
742 1766 185 38 stadsplan,
954 1777 69 21 som
1049 1776 95 21 avses
1168 1764 13 32 i
1207 1764 107 32 första
1340 1762 143 39 stycket,
1511 1762 88 33 skall
1623 1765 179 35 upprättas

297 1819 53 33 för
367 1819 87 32 visst
471 1818 143 39 område,
633 1830 73 20 men
725 1817 63 32 har
806 1817 104 32 sådan
928 1815 74 33 icke
1022 1815 181 33 fastställts
1223 1815 57 32 vid
1299 1814 105 32 denna
1424 1814 75 37 lags
1518 1812 284 38 ikraftträdande,

296 1870 192 32 ankommer
511 1870 20 31 å
555 1869 204 37 Konungens
784 1865 359 41 befallningshavande
1167 1868 51 30 att
1241 1865 12 32 i
1277 1864 111 33 stället
1413 1863 173 33 fastställa
1610 1862 192 39 byggnads-

296 1921 77 39 plan
392 1921 54 32 för
464 1920 159 32 området.

1004 1977 42 31 84
1067 1975 29 39 $.

344 2047 99 33 Hava
460 2047 72 33 före
548 2046 106 33 denna
669 2045 75 39 lags
761 2044 273 33 ikraftträdande
1050 2043 134 39 jämlikt
1202 2044 16 31 1
1235 2042 80 39 kap.
1332 2042 40 31 42
1392 2041 19 39 $
1428 2041 111 39 fjärde
1557 2040 132 40 stycket
1705 2039 100 40 lagen

301 2111 50 20 om
380 2097 337 40 fastighetsbildning
743 2097 13 32 i
785 2096 74 33 stad
886 2095 185 33 meddelats
1100 2093 167 34 särskilda
1297 2092 216 34 föreskrifter
1540 2092 74 32 med
1643 2090 162 34 avseende

298 2150 19 31 å
338 2147 451 40 byggnadsverksamhetens
813 2146 168 32 ordnande
1002 2145 88 32 inom
1112 2144 86 33 visst
1219 2144 143 38 område,
1385 2143 89 32 skall
1496 2154 51 21 om
1570 2142 124 32 sådana
1718 2141 85 32 före-

298 2200 139 32 skrifter
453 2199 95 39 gälla
563 2198 64 32 vad
644 2198 12 32 i
675 2198 105 32 denna
797 2197 57 37 lag
871 2201 38 27 är
926 2196 139 37 stadgat
1081 2207 50 20 om
1149 2193 441 40 utomplansbestämmelser
1609 2192 53 32 för
1680 2191 123 38 landet,

299 2251 59 32 där
374 2250 29 38 ej
423 2250 188 37 Konungen
629 2247 192 34 annorledes
840 2246 188 33 förordnar.

1005 2339 41 32 85
1068 2338 30 39 $.

343 2407 61 42 Är,
432 2410 43 32 då
501 2410 105 32 denna
633 2409 58 37 lag
718 2408 113 32 träder
856 2408 13 31 i
893 2406 107 39 kraft,
1029 2405 91 33 talan
1147 2404 270 39 anhängiggjord
1445 2415 51 20 om
1524 2402 88 32 lösen
1639 2413 42 20 av
1708 2400 97 33 mark

300 2461 79 32 eller
397 2472 52 21 om
469 2459 212 38 skadestånd,
702 2458 89 33 skall
811 2458 60 32 den
891 2457 94 33 talan
1003 2456 155 33 bedömas
1179 2455 106 38 enligt
1303 2455 92 32 äldre
1415 2454 70 38 lag.
