1928 2848
276 151 40 30 70
687 148 115 29 Första
824 147 223 35 lagutskottets
1068 145 161 30 utlåtande
1252 145 48 28 Nr
1324 149 48 26 27.

280 236 86 32 efter
393 236 60 32 den
480 238 99 35 nytta
607 235 37 32 de
670 235 87 31 hava
783 246 43 20 av
852 233 119 39 planen
998 235 12 30 i

280 287 61 31 den
362 287 75 31 mån
461 286 118 38 bidrag
602 286 30 38 ej
652 286 128 31 lämnas
801 296 41 20 av
865 284 144 32 kommu-

279 348 73 21 nen.
390 336 65 32 Det
471 335 191 32 ankommer
677 335 43 39 på
738 335 204 37 Konungens
958 334 52 31 be-

277 385 317 39 fallningshavande
609 389 48 29 att
670 384 150 33 meddela
836 385 105 31 beslut
955 395 55 20 an-

281 437 125 38 gående
446 436 232 38 fördelningen
717 447 41 20 av
790 434 222 33 kostnaderna

280 487 120 31 mellan
422 487 237 37 markägarna.

1051 233 87 32 efter
1155 232 60 32 den
1232 234 99 36 nytta
1348 231 37 32 de
1402 231 87 31 hava
1506 242 42 20 av
1565 229 121 39 planen
1703 229 72 31 elle;

1052 283 72 38 ock,
1150 285 11 29 i
1188 282 61 32 den
1275 283 76 30 mån
1378 281 40 31 de
1443 292 41 20 av
1512 279 169 33 särskilda
1707 279 74 31 skäl

1055 334 78 31 böra
1156 333 67 32 helt
1247 332 80 32 eller
1350 331 106 32 delvis
1482 330 124 38 befrias
1630 329 77 39 från
1733 329 49 31 be-

1053 382 355 39 talningsskyldighet,
1429 392 41 20 av
1493 381 205 31 kommunen.
1717 379 67 32 Det

1053 433 189 32 ankommer
1266 432 44 38 på
1335 432 204 36 Konungens
1564 429 218 37 befallnings-

1053 483 149 32 havande
1217 485 51 29 att
1282 483 203 31 härutinnan
1500 479 150 33 meddela
1667 479 117 32 beslut.

325 583 251 28 Vidkommande
598 583 139 34 punkten
760 582 38 33 B)
820 582 12 28 i
853 581 168 28 utskottets
1043 580 204 29 hemställan:

327 658 42 20 av
394 657 99 27 greve
518 644 108 39 Spens
648 650 87 27 samt
758 644 116 32 herrar
898 643 175 32 Anderson
1098 643 11 32 i
1136 642 205 39 Hägelåkra,
1367 641 183 38 Björkman
1576 639 60 33 och
1660 639 125 32 Johan-

283 706 57 23 son
361 697 12 31 i
394 696 205 33 Huskvarna
620 700 154 29 ävensom
796 694 118 33 fröken
938 693 133 39 Wellin,
1092 692 93 34 vilka
1204 692 102 39 yrkat
1327 692 119 37 avslag
1467 692 20 31 å
1507 691 78 32 herr
1605 690 181 32 Karlssons

284 747 11 32 i
320 746 180 33 Munkedal
525 746 123 32 motion
672 746 60 32 och
757 748 53 29 att
833 745 12 31 i
870 744 84 38 följd
978 744 106 32 härav
1109 743 181 33 utskottets
1315 742 12 31 i
1352 741 180 39 anledning
1556 753 43 20 av
1623 740 163 32 motionen

285 797 118 40 gjorda
427 797 201 32 hemställan
655 797 103 31 måtte
784 794 123 34 avslås.

469 2440 181 29 Stockholm
667 2441 86 27 1931.
783 2438 118 35 Kungl.
919 2438 241 33 Boktryckeriet
1178 2438 34 28 P.
1234 2438 36 27 A.
1291 2435 151 30 Norstedt
1462 2436 21 29 &
1505 2436 108 29 Söner.

994 2492 100 20 311354
