2218 2622
703 153 344 35 Jordbruksutskottets
1070 156 162 33 utlåtande
1256 154 51 34 Nr
1332 157 71 32 130.
1781 156 16 32 7

247 230 239 39 Beträffande
522 233 227 49 lägenheten
787 234 152 50 Liatorp
970 248 109 23 anser
1106 235 186 36 utskottet
1320 240 53 31 att
1402 235 82 36 med
1515 235 146 49 hänsyn
1691 235 56 36 till
1776 237 70 35 vad

247 285 10 35 1
287 285 415 49 statsrådsprotokollet
731 287 145 36 anförts
903 287 161 36 rörande
1093 287 121 36 denna
1243 287 198 48 lägenhets
1462 287 190 36 tilltänkta
1672 287 173 36 framtida

247 336 222 49 disposition
498 337 221 36 välbetänkt
747 337 69 37 och
846 338 188 49 lämpligt,
1064 344 55 31 att
1147 340 219 35 densamma
1391 339 232 36 fortfarande
1645 339 202 37 bibehålles

246 388 11 35 i
286 388 164 36 kronans
480 393 85 44 ägo.
624 389 496 48 Lägenhetsinnebavarnas
1150 390 234 48 berättigade
1405 391 186 35 intressen
1611 390 104 37 torde
1735 391 111 36 emel-

246 439 108 36 lertid
384 440 90 36 böra
502 440 286 49 vederbörligen
818 441 222 48 tillgodoses
1069 455 137 35 genom
1237 442 291 47 lägenheternas
1553 442 181 49 förnyade
1755 456 91 36 upp-

245 490 150 37 låtande
423 492 58 36 till
509 492 258 36 innehavarna
793 493 63 35 vid
884 507 51 22 nu
964 494 162 48 löpande
1155 493 311 49 arrendeperiods
1495 497 159 45 utgång.

377 542 203 47 Utskottet,
624 556 79 23 som
746 544 155 35 sålunda
943 544 82 36 icke
1067 545 73 35 kan
1172 545 149 36 biträda
1350 544 72 36 den
1450 545 11 35 i
1491 546 192 35 motionen
1711 545 135 48 gjorda

246 593 343 48 framställningen,
618 595 68 35 har
714 595 94 36 intet
836 601 55 30 att
920 595 122 36 erinra
1070 602 78 29 mot
1168 596 71 35 vad
1260 596 10 34 i
1291 595 141 47 Kungl.
1458 596 121 48 Maj:ts
1600 597 245 36 förevarande

245 645 237 49 proposition
512 646 228 49 föreslagits.

374 697 17 36 I
420 698 222 48 anslutning
671 698 122 36 härtill
824 699 217 36 hemställer
1069 700 195 47 utskottet,

767 773 54 31 att
860 768 204 49 riksdagen
1107 772 60 34 må
1208 769 83 37 med
1326 769 105 37 bifall
1464 770 55 36 till
1546 770 143 48 Kungl.
1720 770 126 50 Maj:ts

646 819 290 49 ifrågavarande
979 821 282 48 framställning
1301 822 69 36 och
1413 822 83 36 med
1527 822 131 48 avslag
1687 824 21 34 å
1736 822 70 37 den
1835 823 11 36 i

645 875 127 32 ämnet
799 872 134 36 väckta
963 872 193 36 motionen
1184 873 179 48 medgiva

748 924 75 35 dels
861 931 54 28 att
950 924 102 36 vissa
1080 924 11 36 i
1120 924 414 49 statsrådsprotokollet
1570 925 167 48 angivna
1766 938 77 24 om-

645 974 115 37 råden
801 988 61 23 om
904 975 159 50 tillhopa
1104 977 109 35 0.953
1250 976 134 36 hektar
1411 979 60 33 må
1501 977 81 36 från
1610 977 234 49 kronoegen-

646 1026 136 37 domen
816 1029 15 34 1
863 1027 141 36 mantal
1042 1027 191 50 Bredaryd
1277 1041 44 23 nr
1350 1030 20 33 3
1400 1028 100 49 Torp
1536 1028 69 37 och
1636 1028 37 42 '/s
1705 1030 140 36 mantal

645 1077 193 50 Bredaryd
867 1092 45 23 nr
940 1081 23 33 4
992 1079 216 49 Norregård
1237 1080 11 36 i
1269 1080 213 46 Bredaryds
1512 1080 138 37 socken
1680 1094 46 23 av
1753 1081 91 37 Jön-

645 1130 165 49 köpings
850 1131 62 36 län
940 1130 173 50 försäljas
1142 1132 54 35 till
1237 1132 226 36 Halmstad—
1479 1132 139 48 Nässjö
1642 1134 201 48 järnvägs-

645 1182 219 49 aktiebolag
905 1189 79 32 mot
1025 1197 47 22 en
1113 1183 257 49 köpeskilling
1405 1197 47 23 av
1484 1186 110 43 1,830
1624 1185 140 37 kronor
1791 1191 55 31 att

646 1234 161 36 kontant
835 1234 143 37 betalas
1008 1235 56 36 till
1093 1235 140 49 Kungl.
1261 1236 126 48 Maj:ts
1408 1236 438 49 befallningshavande
1822 1230 26 59 i

645 1286 101 37 länet
773 1286 62 36 vid
865 1286 179 38 tillträdet
1073 1294 97 29 g£amt
1199 1287 117 37 under
1335 1288 148 47 villkor,
1506 1295 54 29 att
1579 1288 152 49 bolaget
1750 1289 95 36 skall

644 1338 12 36 i
685 1343 166 44 gränsen
880 1338 139 37 mellan
1049 1339 211 45 områdena,
1282 1342 19 33 å
1322 1352 81 32 ena,
1424 1347 98 28 samt
1542 1340 163 37 kronans
1725 1342 119 46 mark,

646 1392 20 34 å
694 1390 117 36 andra
852 1390 120 45 sidan,
1006 1396 177 44 uppsätta
1212 1391 69 36 och
1311 1391 57 36 för
1397 1391 200 37 framtiden
1628 1392 217 37 underhålla

644 1441 177 50 lämpligt
862 1442 170 48 stängsel
1074 1448 97 31 samt
1212 1442 167 37 bestrida
1411 1444 72 36 alla
1512 1444 84 37 med
1625 1444 220 37 områdenas

646 1493 273 49 frånskiljande
948 1494 69 37 och
1045 1495 222 48 lagfarande
1296 1495 177 37 förenade
1501 1495 218 46 kostnader;

774 1547 75 35 dels
877 1552 55 30 att
960 1552 53 31 ett
1040 1546 13 36 i
1081 1547 416 50 statsrådsprotokollet
1524 1549 215 36 omförmält
1767 1562 77 23 om-

644 1597 88 37 råde
773 1611 59 23 om
879 1600 108 35 1.318
1031 1598 135 37 hektar
1206 1600 84 35 med
1331 1599 138 49 tillägg
1510 1602 57 34 för
1594 1605 76 44 väg
1697 1603 47 47 på
1772 1605 73 32 sätt

645 1649 327 50 domänstyrelsen
996 1650 197 49 föreslagit
1213 1654 60 33 må
1293 1651 83 36 från
1398 1665 146 23 samma
1563 1652 186 50 egendom
1771 1652 72 37 för-

645 1702 113 48 säljas
786 1702 57 36 till
872 1702 212 50 Bredaryds
1113 1703 224 49 församling
1356 1710 80 30 mot
1455 1717 47 23 en
1521 1704 258 50 köpeskilling
1798 1718 46 23 av

646 1755 110 45 3,295
799 1753 139 37 kronor
979 1760 56 31 att
1074 1755 161 36 kontant
1277 1755 142 37 betalas
1461 1756 57 36 till
1548 1757 139 48 Kungl.
1717 1756 126 50 Maj:ts

644 1805 408 49 befallningshavande
1079 1807 13 36 i
1119 1807 101 37 länet
1262 1807 62 36 vid
1367 1807 181 37 tillträdet
1589 1814 97 30 samt
1726 1808 119 37 under

644 1858 145 47 villkor,
833 1864 54 31 att
927 1858 275 49 församlingen
1245 1859 107 46 skall,
1383 1859 65 37 där
1489 1862 40 34 så
1571 1860 82 37 från
1681 1860 162 37 kronans

644 1910 81 37 sida
765 1910 209 49 påfordras,
1017 1911 161 50 uppföra
1206 1911 72 37 och
1307 1912 58 36 för
1393 1911 203 38 framtiden
1623 1912 221 37 underhålla

644 1962 168 49 stängsel
839 1962 12 36 i
880 1962 188 38 områdets
1108 1968 116 44 gräns
1267 1968 102 32 emot
1409 1964 167 37 kronans
1611 1964 108 37 mark
1747 1970 97 31 samt

644 2028 128 24 ensam
801 2014 212 38 vidkännas
1033 2015 46 38 de
1100 2015 83 37 med
1203 2015 188 37 områdets
1411 2016 238 50 avskiljande
1668 2016 70 37 och
1757 2016 85 38 med

643 2067 141 47 lagfart
811 2069 21 33 å
859 2067 131 48 fånget
1019 2067 177 37 förenade
1223 2067 218 46 kostnader;

773 2120 76 35 dels
890 2123 67 41 att,
1000 2119 84 36 med
1121 2119 196 49 undantag
1345 2133 48 23 av
1420 2120 227 46 lägenheten
1675 2120 166 51 Liatorp,

643 2171 131 49 övriga
792 2170 11 37 i
824 2173 63 34 två
914 2171 13 36 i
955 2171 412 49 statsrådsprotokollet
1395 2172 159 49 intagna
1572 2172 157 37 tabeller
1748 2186 94 37 upp-

643 2227 117 44 tagna
801 2224 48 35 20
890 2223 222 48 lägenheter
1151 2228 180 32 ävensom
1370 2224 173 37 utskiftet
1570 2224 168 37 Havrida
1766 2230 77 44 äng

643 2278 58 33 må
743 2288 66 23 var
851 2274 59 38 för
951 2274 60 50 sig
1052 2275 83 37 med
1168 2288 97 24 ovan
1295 2276 155 49 angivet
1479 2277 152 37 område
1660 2277 68 37 och
1757 2277 84 38 med
