2197 2678
397 194 18 28 6
571 190 117 32 Andra
714 190 217 32 Kammarens
959 189 184 41 Tillfälliga
1175 189 138 33 Ulskotts
1337 190 79 40 (N:o
1442 192 36 33 3)
1511 189 169 33 Utlåtande
1703 191 64 33 N:o
1794 195 28 29 9.

393 275 103 36 torde
540 286 95 33 man,
681 273 45 36 då
761 273 319 36 bestämmelserna
1116 286 56 23 om
1201 272 152 49 laggilld
1382 274 145 47 hägnad
1556 274 129 36 endast
1714 275 76 36 afse
1820 276 79 35 dess
1930 275 66 36 för-

396 332 105 45 måga
543 331 55 34 att
640 328 133 36 hindra
815 328 196 36 kreaturen
1054 330 53 35 att
1148 328 185 36 inkomma
1367 330 46 46 på
1447 328 131 36 andras
1608 333 98 44 ägor,
1737 330 30 49 ej
1799 331 110 37 hafva
1937 344 59 24 an-

393 384 151 47 ledning
587 387 53 33 att
682 383 121 36 därtill
846 384 83 47 foga
969 383 280 44 bestämmelser,
1280 395 75 23 som
1385 383 75 35 afse
1489 383 215 48 skyddande
1734 385 40 35 af
1798 386 195 36 kreaturen

393 440 55 35 för
476 439 114 35 skada
617 450 129 36 genom
776 438 70 35 den
874 438 149 47 taggiga
1052 438 298 46 stängseltråden,
1373 437 150 36 såframt
1543 450 83 23 man
1646 438 185 48 nämligen
1851 440 31 48 ej
1904 441 93 36 låter

395 506 137 24 samma
573 492 271 37 bestämmelser
885 492 95 48 gälla
1011 492 136 49 jämväl
1180 491 13 37 i
1221 492 103 48 fråga
1353 504 55 24 om
1438 492 145 47 hägnad
1612 493 40 35 af
1678 497 112 33 annat
1818 495 176 36 material.

502 547 137 37 Vidare
682 548 102 35 torde
815 559 83 24 man
926 547 13 35 i
968 547 102 47 fråga
1098 560 58 23 om
1184 547 105 35 faran
1318 547 55 35 för
1401 547 150 36 kreatur
1579 547 244 48 ihågkomma,
1854 553 66 42 att,
1952 551 45 35 då

397 604 104 35 dessa
529 602 111 36 hafva
668 601 231 37 ekonomiskt
927 602 120 45 värde,
1078 602 113 35 redan
1219 600 81 37 häri
1328 601 116 47 ligger
1473 613 46 24 en
1548 601 201 49 anledning
1777 603 56 36 för
1862 609 134 43 ägaren

395 660 54 34 att
477 657 120 36 såvidt
624 656 142 48 möjligt
794 657 210 59 förebygga,
1036 632 52 60 att
1117 657 43 35 de
1189 658 84 45 taga
1301 656 124 35 skada.
1460 649 55 43 Är
1543 668 52 23 nu
1628 657 279 37 sannolikheten
1941 659 56 36 för

394 715 54 31 att
489 712 188 35 kreaturet
712 711 92 35 skall
833 711 114 35 skada
976 711 56 45 sig
1061 713 113 33 större
1206 711 59 34 vid
1295 710 282 47 användningen
1605 711 40 35 af
1670 712 125 47 taggig
1824 714 173 46 stängsel-

393 765 82 36 tråd
513 770 46 31 än
587 765 63 37 vid
678 765 254 47 begagnandet
961 764 40 36 af
1026 767 110 33 annat
1165 763 175 46 material,
1370 763 120 48 ligger
1519 764 209 48 antagligen
1758 767 155 36 orsaken
1941 767 56 36 till

395 823 53 32 att
485 820 250 35 förstnämnda
764 819 94 47 slags
888 819 160 47 stängsel
1077 818 140 36 ändock
1246 819 183 36 användes
1458 818 13 35 i
1498 821 109 45 något
1627 822 110 33 annat
1766 820 232 38 ekonomiskt

393 874 165 36 intresse.
617 874 111 35 Detta
770 873 152 36 intresse
964 879 39 29 är
1045 873 192 46 stängslets
1278 872 169 47 billighet
1482 874 66 34 och
1584 873 162 48 förmåga
1774 878 53 32 att
1855 876 142 35 ändock

394 929 59 35 väl
481 928 90 48 fylla
599 928 65 36 sitt
692 927 175 36 ändamål.
927 927 100 36 Skall
1054 939 51 23 nu
1133 926 278 48 lagstiftningen
1439 926 145 49 ingripa
1613 931 74 33 mot
1712 929 285 48 användningen

395 983 40 35 af
461 983 70 35 den
558 981 152 48 taggiga
739 982 300 46 stängseltråden,
1071 982 64 35 bör
1164 982 60 34 det
1253 981 90 45 skäl,
1374 993 76 24 som
1479 982 153 44 anföres,
1654 995 86 23 vara
1761 984 236 47 synnerligen

392 1037 176 47 vägande.
614 1037 111 36 Detta
754 1042 39 30 är
821 1035 30 49 ej
884 1036 113 45 fallet,
1028 1035 115 48 enligt
1171 1035 195 37 utskottets
1395 1035 160 48 mening,
1587 1037 44 35 då
1660 1037 61 36 det
1749 1037 58 36 till
1826 1038 67 36 och
1913 1039 83 35 med

394 1092 83 35 med
519 1092 62 46 fog
617 1091 75 35 kan
727 1090 242 47 ifrågasättas,
1000 1090 183 36 huruvida
1211 1090 104 35 faran
1344 1090 55 36 för
1427 1090 196 36 kreaturen
1651 1103 64 24 ens
1745 1097 39 30 är
1813 1092 183 38 afsevärdt

394 1148 114 33 större
537 1146 64 36 vid
628 1158 50 23 nu
707 1145 157 36 nämnda
893 1145 96 47 slags
1018 1145 144 47 hägnad
1191 1150 47 30 än
1266 1144 62 37 vid
1356 1144 96 37 vissa
1473 1145 114 35 andra
1606 1145 90 49 slag.
1741 1147 55 35 De
1817 1148 40 34 af
1873 1147 122 37 motio-

393 1205 115 30 nären
551 1199 151 36 anförda
744 1199 163 47 exempel
944 1199 124 36 bevisa
1103 1199 30 48 ej
1164 1199 117 35 heller
1310 1199 155 47 mycket.
1525 1200 55 34 De
1610 1200 87 45 visa,
1729 1201 59 35 det
1818 1202 97 35 förra
1944 1205 52 32 att

392 1254 217 46 hästägaren
647 1253 30 49 ej
713 1253 82 36 bort
822 1253 113 36 binda
964 1253 57 36 sin
1049 1254 81 35 häst
1158 1256 38 32 så
1224 1258 89 30 nära
1341 1252 299 48 stängseltråden,
1671 1254 67 36 och
1766 1255 61 36 det
1855 1267 137 35 senare,

393 1310 53 33 att
488 1307 13 36 i
544 1308 64 35 där
648 1308 158 35 nämnda
846 1308 64 34 fall
944 1308 61 34 det
1033 1307 96 36 varit
1158 1307 125 36 oklokt
1312 1310 52 32 att
1391 1310 172 44 uppsätta
1592 1307 276 48 ifrågavarande
1898 1310 95 47 slags

393 1361 170 47 stängsel.
620 1362 190 35 Utskottet
853 1373 104 24 anser
999 1361 56 47 sig
1097 1361 67 36 ock
1205 1361 88 36 böra
1330 1361 13 35 i
1373 1361 97 36 detta
1499 1363 261 46 sammanhang
1789 1363 202 44 framhålla,

392 1416 97 35 huru
518 1417 98 34 svårt
645 1417 60 34 det
734 1416 117 35 skulle
880 1428 87 24 vara
996 1419 53 32 att
1077 1416 197 35 bestämma
1303 1415 30 49 ej
1365 1415 142 36 mindre
1533 1415 299 38 beskaffenheten
1861 1418 40 36 af
1923 1419 70 35 den

393 1470 254 46 stängseltråd,
686 1482 74 23 som
794 1470 98 47 finge
922 1470 87 35 eller
1038 1470 30 48 ej
1100 1470 97 46 finge
1226 1470 195 44 användas,
1453 1475 45 30 än
1527 1470 108 36 äfven
1664 1471 96 36 huru
1788 1475 75 34 stor
1891 1473 103 35 faran

391 1524 118 35 skulle
538 1537 96 31 vara,
666 1524 55 36 för
750 1527 52 33 att
831 1523 283 48 användningen
1143 1524 118 35 skulle
1290 1536 87 23 vara
1401 1524 202 48 förbjuden.
1639 1525 131 47 Någon
1798 1526 79 36 fara
1906 1527 88 35 före-

391 1577 119 48 ligger
548 1578 42 48 ju
633 1577 113 46 alltid,
786 1581 39 45 ty
862 1578 159 35 afsikten
1050 1579 81 34 med
1160 1578 175 47 stängslet
1364 1584 38 29 är
1426 1578 78 48 just
1532 1581 53 33 att
1614 1579 139 35 afhålla
1781 1581 212 36 människor

390 1632 90 35 eller
509 1632 83 48 djur
621 1632 80 35 från
730 1635 52 33 ett
811 1632 90 36 visst
929 1632 154 36 område.

497 1686 53 35 På
591 1687 121 46 grund
754 1686 40 36 af
832 1687 97 36 hvad
957 1686 179 37 utskottet
1164 1687 66 34 här
1259 1686 99 36 förut
1393 1686 132 47 anfört,
1555 1687 56 35 får
1639 1687 178 37 utskottet
1841 1689 152 36 sålunda

390 1740 199 44 hemställa,

926 1797 51 33 att
1006 1794 277 47 ifrågavarande
1309 1794 135 36 motion
1464 1795 31 48 ej
1519 1797 110 34 måtte
1649 1795 55 37 till
1723 1799 120 45 någon
1863 1796 128 37 Andra

818 1849 240 35 Kammarens
1087 1849 128 46 åtgärd
1244 1848 195 36 föranleda.

500 1956 205 37 Stockholm
737 1957 70 36 den
840 1959 46 33 10
916 1968 95 25 mars
1044 1959 111 33 1905.

964 2066 51 36 På
1043 2065 196 37 utskottets
1267 2071 155 42 vägnar:

1030 2175 32 35 J.
1098 2167 248 43 BYSTRÖM.
