2153 2638
760 233 273 33 Stats-Utskottets
1056 234 168 33 Memorial
1247 235 64 33 N:o
1335 237 29 31 4.
1802 239 21 37 3

996 727 76 40 N:o
1100 729 35 39 4.

882 884 81 29 Ank.
986 883 49 30 till
1058 884 104 30 Riksd.
1185 886 106 30 Kansli
1315 888 58 28 den
1399 890 16 26 3
1440 888 87 30 Febr.
1554 890 90 36 1876,
1668 891 41 29 kl.
1735 894 16 25 3
1777 902 25 19 e,
1825 902 40 19 m.

459 1026 210 49 Memorial,
702 1027 190 49 angående
921 1041 43 23 en
993 1029 56 36 till
1075 1029 299 39 Stats-Utskottet
1401 1033 213 37 remitterad
1642 1035 135 37 motion
1806 1049 56 24 om

653 1079 218 50 förhöjning
903 1081 48 49 af
983 1081 68 36 den
1080 1083 248 37 nämndemän
1357 1084 276 38 tillkommande
1662 1089 202 49 ersättning

653 1132 66 49 för
748 1138 101 30 extra
880 1133 280 49 förrättningar.

387 1234 69 37 Till
485 1236 292 36 Stats-Utskottet
803 1237 65 36 har
895 1237 78 36 från
1000 1238 224 48 Riksdagens
1252 1240 124 36 Andra
1403 1241 193 36 Kammare
1610 1241 119 37 blifvit
1743 1244 119 36 remit-

257 1288 98 35 terad
383 1300 45 23 en
456 1288 176 36 derstädes
662 1289 38 35 af
724 1288 94 36 Herr
845 1288 121 37 Petter
994 1290 159 36 Larsson
1181 1292 105 35 väckt
1303 1292 144 36 motion
1476 1292 82 46 (N:o
1590 1295 99 46 122),
1718 1294 142 37 hvaruti

256 1339 210 47 föreslagits,
498 1344 71 31 "att
595 1340 207 47 Riksdagen
830 1341 107 36 måtte
966 1342 52 35 för
1046 1342 54 36 sin
1127 1342 57 36 del
1212 1343 136 37 besluta
1378 1344 66 36 och
1471 1344 65 36 hos
1565 1345 130 48 Kongl.
1724 1346 102 48 Maj:t
1849 1347 11 35 i

258 1390 281 47 underdånighet
579 1392 141 36 anhålla
761 1404 55 24 om
849 1405 44 23 en
925 1392 109 37 sådan
1062 1394 210 48 förändring
1300 1395 11 35 i
1340 1395 131 48 Kongl.
1501 1396 118 48 Maj:ts
1647 1397 132 49 nådiga
1806 1411 55 24 re-

258 1443 249 47 sereglemente
540 1443 39 35 af
615 1443 67 36 den
726 1447 45 33 10
805 1443 200 37 November
1035 1447 108 46 1865,
1172 1450 51 32 att
1251 1448 68 35 den
1348 1447 75 36 deri
1452 1448 171 47 stadgade
1652 1447 207 49 dagtrakta-

259 1495 307 46 mentsersättning
606 1495 53 36 för
699 1496 236 36 nämndemän
976 1497 60 36 vid
1077 1502 97 32 extra
1218 1498 216 49 förrättning
1462 1500 109 35 måtte
1600 1500 101 48 höjas
1729 1502 78 35 från
1837 1505 20 33 2

255 1545 133 37 kronor
415 1546 53 35 till
497 1548 23 33 4
548 1547 130 35 kronor
707 1550 46 34 50
782 1552 58 31 öre
868 1560 62 35 per
957 1549 104 46 dag";
1091 1562 80 23 men
1199 1549 44 35 då
1271 1551 96 35 detta
1395 1552 131 35 ärende
1554 1557 98 42 synts
1678 1552 183 37 Utskottet

255 1597 79 36 icke
362 1597 142 36 tillhöra
531 1598 78 36 dess
636 1598 205 48 befattning,
876 1603 84 32 utan
992 1600 141 47 jemlikt
1161 1602 19 46 8
1219 1603 44 34 37
1295 1614 103 24 mom.
1429 1605 20 33 3
1480 1603 380 49 Riksdagsordningen

256 1649 84 36 böra
368 1649 38 36 af
430 1649 187 48 Tillfälligt
643 1650 146 37 Utskott
816 1651 231 48 handläggas,
1075 1653 75 43 har,
1184 1654 78 35 med
1290 1655 75 34 stöd
1394 1655 39 35 af
1458 1656 18 45 8
1508 1658 18 32 7
1559 1656 10 34 i
1598 1657 42 34 de
1667 1656 55 36 för
1750 1656 106 37 Riks-

255 1701 115 46 dagen
410 1702 164 47 gällande
613 1703 311 46 reglementariska
957 1704 230 44 föreskrifter,
1229 1705 184 37 Utskottet
1446 1712 115 31 ansett
1595 1709 53 46 sig
1677 1709 84 35 böra
1789 1710 68 35 den

255 1751 269 49 ifrågavarande
553 1754 177 36 motionen
758 1755 51 34 till
837 1754 215 37 Kammaren
1080 1756 209 48 återlemna;
1311 1758 135 36 hvilket
1460 1758 184 37 Utskottet
1663 1761 116 35 skolat
1807 1761 53 35 för

255 1803 206 49 Riksdagen

660 1858 149 35 anmäla.

385 1940 205 38 Stockholm
622 1944 68 35 den
720 1945 19 34 3
769 1943 172 36 Februari
973 1947 108 34 1876.

754 2063 52 36 På
835 2063 316 38 Stats-Utskottets
1178 2070 151 43 vägnar:

896 2224 120 34 CARL
1042 2225 169 33 EKMAN.
