1920 2824
326 135 21 30 6
661 141 394 36 Jordbruksutskottets
1084 146 187 31 utlåtande
1299 148 53 31 Nr
1379 149 50 29 70.

1523 419 136 37 Bilaga.

591 603 71 31 Till
679 604 368 36 jordbruksutskottet
1068 610 61 31 vid
1147 611 77 31 1929
1243 612 59 31 års
1322 609 158 44 riksdag.

325 719 116 32 Sedan
464 721 92 33 flera
577 724 41 30 år
641 724 151 33 tillbaka
814 727 66 31 har
901 728 235 34 Härnösands
1157 732 81 31 stad
1259 733 148 37 nedlagt
1427 736 52 30 ett
1499 735 210 34 intresserat
1731 748 55 21 ar-

284 762 79 32 bete
392 764 57 31 för
476 767 54 30 att
559 768 46 34 på
634 768 227 37 lämpligaste
890 773 71 30 sätt
991 772 129 32 bereda
1148 774 201 34 Norrlands
1377 778 306 38 trädgårdsskola,
1712 790 74 23 som

284 806 95 31 ända
405 807 109 31 sedan
541 809 79 32 dess
647 811 184 37 tillkomst,
857 814 13 30 i
897 816 84 29 över
1009 815 113 36 fyrtio
1148 818 51 35 år,
1227 819 95 30 varit
1350 819 144 37 förlagd
1520 821 58 31 till
1605 822 68 31 den
1699 833 26 22 s.
1752 824 32 32 k.

282 848 228 37 Hovsjorden
538 851 96 32 inom
662 853 234 34 Härnösands
924 857 90 35 stad,
1040 858 230 37 möjligheter
1296 863 55 29 att
1378 862 124 31 kunna
1530 864 170 32 fortsätta
1727 866 58 31 sin

280 892 190 34 gagnande
495 893 65 31 och
588 894 56 31 för
670 895 82 32 hela
778 897 181 32 Norrland
985 899 277 37 betydelsefulla
1287 904 228 32 verksamhet
1540 906 13 30 i
1580 903 204 44 omedelbar

281 934 211 38 anslutning
518 936 57 31 till
599 938 113 31 redan
737 949 123 22 vunna
884 941 152 33 resultat
1062 944 65 30 och
1153 944 58 31 till
1236 945 42 31 de
1304 945 226 39 betingelser,
1557 958 74 22 som
1656 950 126 32 härför

280 977 96 32 varit
404 978 57 31 för
487 979 152 33 handen.
674 982 64 31 Ett
765 982 124 33 flertal
914 984 227 34 kommittéer
1168 988 46 31 ha
1241 989 152 32 sålunda
1421 991 97 31 varit
1544 992 155 32 tillsatta
1726 994 55 31 för

278 1022 54 29 att
358 1021 127 32 utreda
510 1022 60 32 det
594 1024 209 33 invecklade
830 1029 211 34 spörsmålet
1068 1030 64 30 och
1159 1031 182 32 inkomma
1367 1033 58 31 till
1451 1034 332 39 stadsfullmäktige

280 1064 80 31 med
384 1064 136 37 förslag
544 1076 56 21 om
623 1067 95 31 huru
742 1068 125 32 skolan
889 1071 47 35 på
959 1071 230 38 lämpligaste
1212 1076 73 29 sätt
1309 1075 116 32 skulle
1448 1076 123 32 kunna
1595 1078 151 33 bevaras
1770 1080 12 30 i

280 1106 218 33 Härnösand
527 1109 66 31 och
621 1109 95 32 huru
745 1111 232 38 förläggning
1006 1115 66 30 och
1101 1115 115 31 andra
1246 1117 262 38 förhållanden,
1536 1130 76 21 som
1640 1121 101 32 stodo
1769 1122 13 30 i

279 1150 174 31 samband
475 1151 79 31 med
579 1152 143 32 skolans
748 1153 170 33 fortsatta
943 1156 237 37 verksamhet,
1204 1158 116 32 skulle
1343 1160 124 32 kunna
1490 1162 141 32 ordnas.
1675 1164 107 31 Flera

280 1191 136 37 förslag
440 1193 13 31 i
476 1193 130 33 sådant
627 1195 203 33 hänseende
852 1197 96 32 hava
970 1201 92 29 även
1085 1200 257 34 framkommit.
1377 1203 18 31 I
1418 1205 148 36 augusti
1589 1206 79 31 1928
1691 1206 93 33 hade

280 1235 153 32 sålunda
466 1236 331 40 stadsfullmäktige
830 1241 112 32 under
975 1242 218 39 behandling
1225 1246 51 31 ett
1310 1246 147 38 förslag,
1489 1250 55 30 att
1576 1250 206 36 trädgårds-

279 1278 126 32 skolan
432 1282 92 29 även
551 1281 13 30 i
593 1281 283 39 fortsättningen
902 1285 115 32 skulle
1046 1287 38 31 få
1113 1287 190 36 disponera
1330 1289 64 32 sitt
1422 1291 260 33 förutvarande
1711 1303 69 21 om-

278 1321 86 32 råde
384 1323 22 30 å
427 1322 237 39 Hovsjorden,
684 1326 127 32 utökat
830 1327 80 31 med
931 1328 150 37 lämplig
1101 1330 103 31 mark
1224 1331 98 31 intill
1344 1333 206 37 detsamma,
1570 1335 212 37 varigenom

279 1366 241 36 sammanlagt
549 1377 44 20 en
623 1368 85 31 fullt
737 1369 199 37 tillräcklig
965 1372 99 30 areal
1094 1373 116 32 skulle
1238 1374 123 31 kunna
1392 1376 130 32 vinnas
1551 1377 58 31 för
1636 1378 145 32 skolans

278 1407 238 33 verksamhet.
546 1409 52 32 På
618 1411 118 35 grund
755 1421 47 22 av
821 1412 97 32 vissa
937 1414 13 30 i
971 1414 173 37 förslaget
1163 1416 33 36 ej
1219 1416 85 32 fullt
1323 1418 152 32 utredda
1495 1419 153 37 detaljer
1668 1421 112 32 beslöt

277 1450 231 38 fullmäktige
528 1454 54 30 att
602 1454 218 32 återförvisa
841 1456 147 32 ärendet
1009 1457 58 31 till
1087 1468 44 21 en
1151 1468 49 27 ny
1221 1459 196 38 kommitté,
1438 1471 74 22 som
1533 1462 13 31 i
1566 1473 96 22 mars
1681 1464 98 32 inne-

279 1494 159 31 varande
466 1496 41 30 år
537 1495 56 32 för
623 1496 230 38 fullmäktige
881 1499 177 33 framlade
1086 1503 52 29 ett
1167 1502 233 38 fullständigt
1429 1505 183 32 utarbetat
1643 1506 136 38 förslag

278 1545 58 22 om
367 1537 145 32 stadens
545 1540 243 35 övertagande
819 1550 48 21 av
899 1542 337 36 trädgårdsskolans
1269 1545 81 31 hela
1381 1547 237 32 verksamhet.
1662 1549 118 31 Innan

275 1578 100 32 detta
402 1580 135 36 förslag
564 1582 199 31 emellertid
789 1583 98 31 hann
912 1584 99 31 bliva
1037 1585 151 32 föremål
1215 1587 56 31 för
1297 1588 351 39 stadsfullmäktiges
1673 1594 105 34 avgö-

277 1622 122 36 rande,
438 1622 92 32 hade
569 1624 59 31 det
669 1624 105 32 blivit
814 1626 131 32 bekant
976 1628 56 30 för
1062 1628 239 38 fullmäktige,
1330 1633 55 29 att
1415 1632 248 37 bruksägaren
1693 1634 86 32 Seth

276 1663 136 38 Kempe
438 1665 186 38 frikostigt
649 1668 100 31 ställt
774 1669 114 31 medel
914 1670 56 31 till
995 1671 232 37 regeringens
1252 1673 215 37 förfogande
1493 1675 57 31 för
1573 1677 205 36 trädgårds-

275 1707 145 33 skolans
444 1709 194 32 definitiva
663 1711 236 37 förläggande
923 1714 57 30 till
1004 1714 163 32 Söråker.
1771 1742 8 11 .

316 1750 133 32 Genom
473 1752 67 31 den
566 1753 184 37 situation,
776 1764 75 21 som
875 1755 209 37 härigenom
1109 1760 173 35 uppstått,
1307 1761 135 35 ansågo
1467 1761 54 36 sig
1548 1762 232 38 fullmäktige

274 1792 78 33 icke
375 1794 86 31 böra
485 1795 145 32 inträda
653 1806 74 22 som
748 1798 346 34 mellankommande
1117 1803 82 34 part
1221 1803 64 30 och
1309 1803 199 36 överbjuda
1532 1804 247 38 bruksägaren

276 1836 156 36 Kempes
464 1841 172 33 generösa
668 1839 172 33 donation
871 1843 89 29 utan
992 1843 74 31 läto
1097 1844 113 31 under
1242 1845 137 31 sådana
1412 1846 254 32 förhållanden
1696 1849 82 30 hela

277 1879 131 36 frågan
428 1880 202 33 tillsvidare
650 1882 89 31 falla
758 1884 114 32 under
890 1885 185 31 avvaktan
1094 1887 47 35 på
1160 1886 67 32 den
1247 1888 184 37 ställning,
1450 1889 195 37 riksdagen
1664 1890 114 32 skulle

272 1921 145 33 komma
440 1925 54 30 att
516 1925 86 35 taga
624 1924 57 32 till
703 1926 132 36 frågan
858 1936 58 22 om
938 1927 235 34 donationens
1195 1931 233 36 mottagande
1451 1932 65 31 och
1539 1932 146 33 skolans
1706 1934 70 31 för-

274 1965 179 37 läggande
474 1967 57 32 till
553 1967 163 32 Söråker.
748 1969 118 32 Sedan
888 1970 89 32 dock
997 1981 150 22 numera
1168 1972 369 37 jordbruksutskottet
1560 1976 60 31 vid
1641 1986 45 21 en
1707 1977 70 31 för-

274 2008 201 33 beredande
500 2010 220 38 behandling
746 2022 46 21 av
817 2013 147 31 ärendet
992 2022 127 28 genom
1144 2016 181 32 särskilda
1350 2017 210 36 delegerade
1586 2019 93 36 givit
1706 2020 71 31 till-

275 2051 131 37 känna,
436 2054 54 30 att
520 2053 59 32 det
609 2054 78 31 icke
717 2065 82 21 vore
830 2056 143 37 ovilligt
1002 2058 64 35 att,
1096 2058 120 32 därest
1246 2059 236 33 Härnösands
1511 2061 81 31 stad
1622 2062 155 32 önskade

272 2094 179 32 framföra
477 2095 80 32 sina
584 2097 225 36 synpunkter
836 2099 13 30 i
876 2099 141 36 frågan,
1045 2101 198 36 uppskjuta
1268 2102 166 32 ärendets
1461 2103 229 38 behandling,
1718 2105 58 32 tul

275 2136 78 33 dess
395 2138 236 33 Härnösands
673 2140 331 39 stadsfullmäktige
1035 2143 131 32 hunnit
1199 2144 94 32 fatta
1325 2146 208 36 avgörande
1562 2147 135 37 härom,
1730 2148 46 31 ha

271 2181 334 38 stadsfullmäktige
631 2186 118 29 ansett
776 2184 55 37 sig
859 2185 257 33 oförhindrade
1143 2189 54 30 att
1224 2189 91 31 trots
1342 2188 68 32 den
1436 2189 204 37 Kempeska
1668 2191 105 32 dona-

273 2224 122 31 tionen
413 2225 119 32 hävda
551 2225 126 33 staden
696 2227 235 33 Härnösands
950 2230 158 35 anspråk
1126 2232 46 34 på
1192 2232 55 30 att
1264 2231 199 33 Norrlands
1481 2233 294 37 trädgårdsskola

271 2269 93 29 även
388 2268 93 31 efter
507 2270 184 36 utgången
715 2281 46 20 av
787 2271 58 31 det
870 2272 131 31 mellan
1028 2272 122 37 kungl.
1176 2274 367 37 lantbruksstyrelsen
1569 2276 65 32 och
1661 2277 113 31 direk-

272 2312 103 30 tören
423 2311 196 36 Liljenvall
668 2313 116 31 såsom
825 2314 247 32 föreståndare
1114 2316 56 30 för
1200 2317 125 31 skolan
1352 2318 187 36 ingångna
1567 2319 207 32 kontraktet

270 2354 113 31 måtte
408 2354 39 31 få
472 2354 157 32 förbliva
655 2356 12 30 i
692 2356 216 32 Härnösand
934 2357 64 31 och
1023 2357 187 33 därstädes
1236 2359 170 32 fortsätta
1432 2361 57 31 sin
1514 2361 260 33 förutvarande

274 2396 236 32 verksamhet.
