2190 2712
352 209 16 28 2
861 204 232 38 Lag-Utskottets
1120 201 152 32 Utlåtande
1296 202 57 30 N:o
1378 202 52 29 40.

350 296 67 37 och
446 308 83 37 eger
558 295 222 49 Konungens
808 291 424 51 Befallningshafvande,
1261 291 63 36 der
1352 291 215 50 ytterligare
1603 290 208 49 besigtning
1845 302 101 23 anses

348 351 123 49 nödig,
512 349 75 37 låta
629 349 110 37 sådan
780 348 46 50 på
859 348 201 37 sökandens
1093 346 203 37 bekostnad
1324 345 40 36 af
1389 345 273 37 vederbörande
1691 345 257 48 kronobetjent

349 406 225 36 verkställas.
630 404 133 36 Finner
792 404 222 48 Konungens
1046 400 415 50 Befallningshafvande
1495 400 78 36 skäl
1609 405 54 30 att
1698 400 248 48 ansökningen

349 459 142 45 bifalla,
533 460 95 35 skall
662 459 222 49 Konungens
919 454 412 51 Befallningshafvande
1363 454 64 36 vid
1455 455 173 48 lämpligt
1655 454 74 35 vite
1757 452 190 50 förelägga

349 514 184 37 sökanden
561 514 71 36 viss
661 513 53 36 tid
742 511 57 37 för
828 512 190 49 odlingens
1045 509 273 46 fullbordande,
1346 509 67 36 och
1442 508 60 37 må
1531 507 157 38 derefter
1716 508 69 36 den
1814 507 21 36 å
1854 521 93 23 mar-

348 570 73 35 ken
461 568 168 37 växande
671 568 100 49 skog,
807 567 107 36 sedan
951 566 69 36 den
1057 564 126 37 blifvit
1209 564 280 49 vederbörligen
1518 563 236 48 utstämplad,
1783 561 41 36 af
1848 563 99 35 hem-

349 636 238 36 mansegaren
617 621 80 37 fritt
724 621 109 37 fällas
862 622 67 35 och
958 620 184 37 användas
1172 619 30 50 ($
1234 618 45 50 5).
1326 618 201 36 Enahanda
1546 618 273 36 bestämmelser
1843 617 104 36 skola

350 679 68 35 ock
447 678 116 49 enligt
590 677 132 49 Kongl.
752 675 215 38 skrifvelsen
996 676 60 34 till
1088 674 384 48 Kammarkollegium
1508 671 40 37 af
1574 685 139 23 samma
1745 672 70 48 dag
1848 672 99 48 gälla

349 731 58 36 för
445 732 140 35 enskild
627 744 107 35 egare
776 729 40 36 af
849 730 109 35 sådan
993 728 316 48 öfverloppsmark
1344 728 12 34 i
1386 729 105 35 Stora
1519 726 260 48 Kopparbergs
1807 726 68 35 och
1904 725 44 35 de

349 785 242 36 norrländska
632 786 118 41 länen,
791 784 151 36 hvilken
984 783 172 48 antingen
1198 780 126 37 blifvit
1356 781 84 35 med
1474 781 94 35 vissa
1595 780 172 35 hemman
1796 778 153 36 förenad

349 846 91 30 utan
469 839 373 49 skatteköpeskilling,
871 851 84 23 men
983 837 83 36 med
1087 837 197 48 tillökning
1305 836 10 35 i
1329 835 238 36 hemmanens
1586 834 141 35 mantal
1747 833 68 36 och
1833 838 115 39 ränta,

350 896 90 34 eller
469 895 67 34 ock
565 894 134 48 belagd
727 893 85 35 med
841 893 211 48 skogsränta
1081 891 68 35 och
1177 890 37 36 åt
1242 891 70 35 den
1340 888 294 50 högstbjudande
1660 888 116 35 under
1796 887 152 49 egande-

349 954 75 31 rätt
451 947 145 37 försåld.

458 1002 135 37 Herrar
622 1003 44 35 A.
695 1003 213 42 Bäckström,
938 1001 94 35 Pehr
1060 1000 141 35 Nilsson
1228 1000 13 34 i
1276 999 148 43 Vittjerf,
1459 998 44 35 L.
1533 998 34 34 J.
1597 997 213 43 Fahlander,
1834 996 36 34 CO.
1902 995 45 36 E.

351 1058 119 44 Hjelm
498 1057 67 36 och
593 1057 77 36 Joh.
703 1057 115 45 Grape
839 1054 112 36 hafva
978 1068 51 22 nu
1058 1054 55 35 uti
1142 1066 44 23 en
1214 1057 226 45 gemensamt
1468 1050 164 50 afgifven
1660 1050 68 36 och
1757 1048 40 37 af
1820 1049 129 36 Andra

350 1112 225 36 Kammaren
616 1111 59 35 till
717 1110 276 49 handläggning
1026 1107 40 36 af
1096 1107 279 49 Lag-Utskottet
1408 1106 176 35 hänvisad
1611 1105 151 44 motion,
1790 1103 67 36 N:o
1889 1106 60 41 77,

351 1165 131 45 anfört,
511 1171 54 30 att
592 1164 167 49 grunden
787 1162 57 37 för
872 1162 217 50 stadgandet
1116 1163 12 34 i
1155 1161 159 36 nämnda
1342 1159 233 49 förordnings
1606 1160 18 34 5
1656 1158 18 49 $
1707 1158 104 36 torde
1843 1158 106 44 varit,

352 1225 54 30 att
433 1233 86 21 man
547 1220 100 34 velat
674 1217 239 44 förekomma,
943 1217 61 35 det
1030 1215 81 36 från
1140 1214 279 50 ifrågavarande
1447 1214 174 35 hemman
1650 1213 89 47 skog
1772 1212 178 48 uthögges

352 1274 68 35 och
448 1272 173 37 försåldes
650 1272 117 35 under
795 1270 239 37 förebärande
1064 1269 40 36 af
1129 1269 137 49 odling,
1295 1269 143 36 hvilket
1466 1268 94 35 dock
1587 1267 79 35 icke
1696 1279 111 36 gerna
1826 1265 124 35 kunde

352 1329 72 43 ske,
453 1334 85 29 enär
567 1326 20 36 å
615 1326 110 36 sådan
753 1326 116 44 mark,
898 1338 77 23 som
1003 1337 87 23 vore
1117 1324 130 48 tjenlig
1275 1324 60 34 till
1368 1322 86 36 åker
1488 1322 67 35 och
1589 1328 88 41 ängs
1705 1320 138 48 odling,
1871 1320 79 35 icke

351 1382 149 49 mycket
528 1381 184 36 saluvirke
740 1385 121 39 växte,
890 1378 218 36 åtminstone
1137 1378 78 35 icke
1243 1377 112 49 något
1383 1376 136 44 sådant,
1540 1388 76 23 som
1635 1374 99 35 tälde
1758 1387 43 22 en
1823 1375 127 46 längre

351 1440 195 44 transport,
588 1447 85 23 men
715 1439 54 30 att
802 1434 100 35 detta
935 1432 198 49 stadgande
1172 1432 60 35 till
1273 1430 93 49 följd
1400 1429 39 36 af
1476 1430 44 35 de
1557 1428 133 49 många
1730 1427 219 48 omständig-

352 1491 111 43 heter,
505 1502 78 23 som
615 1489 62 35 vid
712 1488 203 48 ansökning
948 1500 60 22 om
1036 1491 74 30 rätt
1139 1491 53 30 att
1218 1484 92 36 fälla
1339 1485 88 48 skog
1456 1496 86 24 vore
1571 1488 54 30 att
1652 1483 176 47 iakttaga,
1857 1487 95 29 samt

353 1545 43 35 de
424 1544 85 35 med
529 1543 247 47 ansökningen
803 1540 173 37 förenade
1004 1540 205 44 kostnader,
1237 1539 158 36 verkade
1424 1537 116 37 såsom
1564 1542 50 30 ett
1639 1537 147 35 absolut
1804 1535 146 44 förbud,

351 1597 263 36 förhindrande
651 1596 126 48 odling
819 1596 68 34 och
929 1595 150 35 dermed
1114 1594 149 47 delning
1298 1591 40 37 af
1363 1593 210 34 hemmanet
1600 1591 60 35 till
1689 1590 195 48 uppehälle
1913 1588 38 35 åt

352 1665 73 36 nya
466 1650 178 49 familjer;
687 1655 95 31 samt
819 1654 63 40 att,
915 1648 98 36 hvad
1047 1648 156 49 anginge
1231 1647 44 36 de
1305 1647 102 35 delar
1436 1644 40 37 af
1501 1644 242 37 Norrbottens
1771 1644 72 43 län,
1872 1655 77 23 som

351 1707 80 35 icke
473 1705 113 35 hörde
628 1705 60 34 till
722 1704 268 47 Lappmarken,
1032 1702 46 35 då
1112 1702 69 35 den
1219 1714 23 23 s.
1272 1702 33 34 k.
1334 1700 351 47 Norrbottenslagen
1729 1696 40 36 af
1801 1697 70 35 den
1901 1698 47 35 29

352 1759 214 49 September
598 1760 99 35 1874
726 1756 234 50 fullkomligt
988 1756 187 49 skyddade
1203 1754 82 36 från
1314 1755 52 34 all
1393 1754 180 48 utödning
1602 1751 40 36 af
1659 1752 214 48 ungskogen
1891 1750 60 35 till

353 1813 129 45 afsalu,
519 1812 37 36 så
592 1813 62 35 väl
682 1812 155 35 berörda
865 1811 132 48 Kongl.
1025 1809 216 49 förordning
1270 1822 77 22 som
1375 1808 132 48 Kongl.
1536 1807 118 47 Maj:ts
1682 1805 132 48 nådiga
1848 1803 103 37 skrif-

352 1868 98 36 velse
491 1867 60 35 till
594 1865 383 48 Kammarkollegium
1014 1863 40 36 af
1085 1876 139 23 samma
1262 1863 129 35 datum
1420 1863 13 33 i
1460 1861 98 36 hvad
1587 1861 68 34 den
1683 1859 106 36 rörde
1819 1865 132 28 använ-

354 1921 117 36 dande
500 1919 40 36 af
566 1920 136 48 skogen
730 1919 21 35 å
779 1919 133 36 sådana
941 1918 327 49 skogslägenheter,
1297 1930 77 22 som
1403 1914 144 37 försålts
1566 1914 117 36 under
1701 1912 73 37 full
1799 1912 152 49 egande-

352 1981 74 30 rätt
453 1980 77 30 mot
558 1974 223 48 skogsränta,
809 1973 113 36 borde
964 1972 167 49 upphöra
1163 1976 54 31 att
1244 1984 88 23 vara
1361 1969 170 50 gällande
1564 1967 57 37 för
1649 1967 108 37 ofvan
1792 1966 160 36 nämnda

355 2030 100 35 delar
483 2028 41 35 af
548 2027 242 37 Norrbottens
819 2028 71 43 län,
918 2025 150 37 hvarför
1096 2026 266 35 motionärerne
1389 2024 182 43 hemstält,

460 2083 82 35 »det
578 2082 207 48 Riksdagen
818 2081 90 36 ville
936 2081 55 35 uti
1019 2079 228 49 underdånig
1281 2077 189 37 skrifvelse
1504 2077 65 35 hos
1597 2076 133 49 Kongl.
1760 2075 102 48 Maj:t
1891 2087 60 22 an-

355 2136 109 45 hålla,
493 2137 61 35 det
581 2135 133 49 Kongl.
743 2135 120 48 Maj:ts
890 2134 134 49 nådiga
1052 2132 214 50 förordning
1295 2131 40 37 af
1361 2132 70 35 den
1468 2133 47 35 29
1546 2130 89 36 Juni
1668 2131 98 36 1866
1798 2127 153 37 rörande

355 2191 304 48 dispositionsrätt
686 2190 59 35 till
775 2190 135 48 skogen
939 2188 20 36 å
988 2187 132 37 sådana
1148 2188 302 42 skattehemman,
1479 2198 76 23 som
1585 2184 92 36 efter
1706 2184 68 35 den
1793 2183 99 35 tiden
1914 2180 41 36 af

354 2246 200 48 nybyggen
599 2244 239 48 uppkommo,
881 2242 113 36 måtte
1023 2242 136 36 derhän
1192 2240 200 45 förändras,
1425 2245 54 30 att
1507 2239 17 49 $
1556 2242 19 34 5
1612 2236 203 51 upphäfves
1843 2236 69 36 och
1939 2235 14 35 i

354 2298 94 49 följd
477 2297 105 37 deraf
607 2299 13 34 i
648 2297 117 49 öfriga
794 2297 101 36 delar
924 2297 221 44 omarbetas;
