2187 2699
763 201 231 38 Lag-Utskottets
1021 199 151 32 Utlåtande
1196 201 56 30 N:o
1277 201 51 29 40.
1764 184 75 47 1

934 676 97 37 N:o
1060 675 96 39 40.

947 838 62 24 Ank.
1030 838 38 24 till
1087 838 86 25 Riksd.
1193 838 88 24 Kansli
1301 839 46 23 den
1368 839 13 23 6
1403 838 51 31 Maj
1478 839 75 28 1878,
1573 839 33 23 kl.
1629 840 12 22 1
1664 847 21 16 e.
1706 847 31 16 m.

462 980 280 45 Lag-Utskottets
777 981 192 43 Utlåtande,
999 982 12 34 i
1040 980 185 45 anledning
1254 981 45 44 af
1318 982 98 34 väckt
1447 982 125 34 motion
1604 982 151 34 rörande
1787 986 59 30 än-

673 1045 103 44 dring
803 1045 13 34 i
844 1044 68 43 och,
942 1044 55 43 för
1024 1045 92 34 vissa
1144 1044 97 34 delar
1275 1044 44 43 af
1344 1043 225 35 Norrbottens
1604 1044 68 44 län,
1701 1044 145 45 upphäf-

673 1107 112 34 vande
805 1106 42 44 af
862 1106 123 45 Kongl.
1006 1106 246 44 förordningen
1272 1107 65 34 den
1352 1108 50 33 29
1424 1106 89 35 Jumi
1534 1108 114 42 1866,
1672 1107 175 44 angående

674 1170 332 44 dispositionsrätten
1048 1168 94 44 öfver
1183 1169 123 44 skogen
1347 1170 20 34 å
1403 1170 134 34 sådana
1568 1169 276 44 skattehemman,

674 1244 71 23 som
773 1233 206 44 uppkomma
1008 1232 45 43 af
1072 1231 182 45 nybyggen,
1293 1232 113 35 hvilka
1433 1232 203 44 hädanefter
1663 1232 82 43 från
1773 1233 73 34 kro-

675 1306 73 23 nan
775 1295 172 45 upplåtas,
976 1307 42 22 m.
1046 1306 44 38 m.

354 1419 128 49 Enligt
509 1419 133 49 Kongl.
671 1418 261 50 förordningen
961 1419 69 35 den
1061 1422 46 34 29
1138 1419 88 36 Juni
1260 1421 96 35 1866
1394 1432 84 36 eger
1501 1418 19 36 å
1545 1420 303 44 skattehemman,

248 1487 79 23 som
356 1474 235 47 uppkommit
619 1486 85 23 vare
740 1474 54 48 sig
823 1472 40 36 af
887 1474 185 48 nybygge,
1100 1473 143 36 hvilket
1271 1472 91 37 efter
1389 1473 161 35 nämnda
1578 1473 55 36 tid
1660 1472 83 37 från
1767 1474 80 35 kro-

248 1541 73 22 nan
364 1527 187 48 upplåtits,
593 1528 89 35 eller
725 1526 40 36 af
803 1527 113 36 redan
953 1527 167 48 upplåtet
1154 1528 184 48 nybygge,
1373 1526 57 36 för
1458 1527 142 36 hvilket
1628 1526 219 37 föreskrifna

249 1582 206 48 byggnads-
484 1582 67 34 och
580 1581 395 49 odlingsskyldigheter
1003 1582 79 34 icke
1111 1580 126 36 blifvit
1264 1582 101 34 inom
1385 1581 151 49 behörig
1555 1581 55 35 tid
1633 1580 214 50 fullgjorda,

248 1634 456 36 hemmansinnehafvaren
746 1636 30 47 ej
820 1648 121 22 annan
981 1640 74 30 rätt
1090 1633 102 37 öfver
1229 1635 227 35 hemmanets
1490 1636 99 48 skog,
1619 1642 45 28 än
1693 1641 54 29 att
1775 1635 73 35 han

250 1687 160 37 derifrån
451 1688 69 45 må,
563 1689 77 35 dels
681 1694 90 30 utan
813 1689 184 48 utsyning,
1029 1689 60 35 till
1123 1687 184 37 husbehof
1336 1689 124 34 hemta
1492 1689 128 48 nödigt
1648 1689 103 35 virke
1780 1689 67 35 och

250 1743 146 35 bränsle
425 1743 67 35 och
521 1743 87 44 dels,
637 1741 93 37 efter
758 1743 174 48 utsyning
961 1743 67 35 och
1057 1743 198 47 stämpling
1284 1741 40 36 af
1349 1742 273 36 vederbörande
1651 1743 196 48 skogstjen-

250 1801 151 39 stemän,
430 1795 82 37 fritt
530 1802 86 43 taga
644 1797 91 35 eller
763 1795 148 49 försälja
940 1796 97 36 hvad
1072 1795 211 36 derutöfver
1311 1797 83 43 kan,
1428 1796 83 35 med
1548 1797 207 35 bevarande
1791 1795 57 37 för

249 1849 199 36 framtiden
478 1849 40 36 af
544 1851 153 48 skogens
725 1849 161 45 bestånd,
913 1849 138 50 årligen
1080 1849 180 45 afverkas,
1289 1850 66 35 och
1384 1850 214 35 annorledes
1627 1850 60 35 må
1715 1851 31 48 ej
1774 1851 73 34 hel-

251 1904 54 35 ler
333 1903 56 36 för
418 1904 204 49 uppodling
650 1905 59 34 till
737 1904 87 35 åker
852 1904 67 35 och
949 1911 70 42 äng
1048 1905 89 48 skog
1165 1903 21 36 å
1212 1904 212 35 hemmanet
1451 1903 118 45 fällas,
1598 1904 84 36 med
1704 1904 144 36 inindre

250 1958 172 36 särskildt
463 1958 166 36 tillstånd
667 1958 125 36 dertill
827 1957 164 37 erhållits
1024 1957 40 36 af
1090 1958 224 48 Konungens
1341 1956 423 50 Befallningshafvande.
1796 1958 51 49 ($$

255 2014 30 42 1,
316 2011 46 49 2).
419 2012 79 35 Vill
527 2025 105 36 egare
662 2011 40 36 af
727 2012 128 36 sådant
883 2013 301 42 skattehemman,
1212 2013 154 34 hvarom
1395 2010 111 37 ofvan
1534 2019 89 42 sägs,
1651 2011 57 36 för
1728 2013 120 48 skogs-

250 2067 125 34 marks
419 2067 204 48 uppodling
663 2067 60 34 till
765 2065 86 36 åker
893 2067 89 34 celler
1018 2073 80 41 äng,
1132 2065 20 36 å
1184 2066 219 44 hemmanet,
1431 2065 146 36 utöfver
1605 2065 244 37 husbehofvet

252 2120 67 35 och
361 2120 61 35 det
463 2120 179 49 utsynade
684 2120 213 48 årshygget,
931 2119 90 36 fälla
1063 2121 100 47 skog,
1205 2120 95 35 skall
1333 2120 72 34 han
1439 2119 125 36 derom
1598 2127 87 42 göra
1723 2121 125 35 ansök-

252 2174 88 48 ning
381 2174 66 35 hos
488 2174 223 48 Konungens
752 2172 413 50 Befallningshafvande
1201 2174 82 35 med
1316 2172 197 50 bifogande
1547 2173 40 36 af
1617 2173 61 36 två
1711 2179 137 30 trovär-

252 2227 84 47 dige
377 2235 103 28 mäns
522 2229 104 48 intyg
668 2241 60 22 om
766 2228 316 48 odlingsmarkens
1113 2228 92 48 läge,
1238 2228 146 43 storlek,
1414 2227 258 45 beskaffenhet,
1705 2229 144 48 tjenlig-

253 2281 62 35 het
342 2280 56 36 för
427 2281 127 49 odling
582 2287 94 30 samt
704 2295 60 22 om
794 2282 69 34 den
891 2281 65 45 tid,
985 2294 77 23 som
1090 2280 57 36 för
1167 2282 189 48 odlingens
1375 2280 262 37 fullbordande
1657 2281 192 46 erfordras,

342 2346 67 28 PBih.
437 2347 45 27 till
507 2346 104 29 Riksd.
636 2346 82 29 Prot.
747 2346 94 28 1878.
890 2346 19 28 7
933 2345 90 30 Saml.
1048 2346 43 28 25
1115 2346 88 37 Häft.
