1852 2798
519 159 315 30 Bankoutskottets
856 159 180 30 utlåtande
1057 168 44 20 nr
1121 159 53 30 50.
1565 156 35 31 11

95 245 167 39 tiebolags
288 244 208 30 vinstmedel
520 244 206 34 framhållit,
754 245 51 28 att
830 244 57 29 det
915 244 38 29 är
978 243 207 39 uppenbart,
1212 244 71 28 »att
1309 242 68 29 den
1405 241 198 38 föreslagna

96 296 273 39 steriliseringen
397 295 76 30 icke
498 295 71 29 kan
594 295 37 29 få
658 303 47 21 nu
733 294 268 39 ifrågavarande
1027 293 323 40 penningpolitiska
1375 292 121 34 effekt,
1523 291 79 29 med

94 347 137 29 mindre
253 347 41 29 de
318 347 19 29 å
360 346 209 40 spärrkonto
595 346 131 29 insatta
748 345 139 29 medlen
909 344 178 39 verkligen
1110 346 98 37 tagas
1232 352 41 21 ur
1296 342 219 30 marknaden
1538 342 65 29 och

96 398 75 30 icke
197 397 80 30 från
303 398 67 29 den
400 397 282 38 sedelutgivande
709 396 173 29 banken>.

139 449 176 29 Utskottet
338 448 60 30 vill
419 448 105 29 också
546 448 136 33 betona,
704 449 51 28 att
775 447 57 29 det
854 456 42 20 ur
917 446 301 40 penningpolitisk
1241 445 180 39 synpunkt
1443 445 38 28 är
1502 451 102 31 ange-

96 499 99 39 läget,
222 501 50 28 att
297 499 202 29 krediterna
522 499 53 29 till
602 498 339 39 riksgäldskontoret
964 497 170 34 minskas,
1158 496 64 30 och
1246 498 50 28 att
1322 497 113 28 staten
1458 495 11 29 i
1493 495 109 29 större

95 550 209 37 omfattning
320 551 45 28 än
378 549 124 30 hittills
517 549 134 37 återgår
665 549 53 29 till
735 549 66 29 den
818 548 158 30 normala
993 547 192 38 ordningen
1202 548 48 28 att
1266 547 54 29 för
1338 546 57 29 sitt
1413 545 190 30 lånebehov

97 601 110 29 anlita
224 601 68 29 den
310 601 117 39 öppna
445 600 229 29 marknaden.

141 652 121 29 Såsom
279 651 414 38 riksbanksfullmäktige
710 650 11 29 i
741 650 53 29 sin
813 649 165 30 skrivelse
995 649 53 29 till
1067 649 195 38 Konungen
1279 648 68 29 den
1366 648 36 29 11
1422 647 70 39 maj
1520 646 83 30 1948

97 702 200 34 framhålla,
324 702 71 29 kan
421 702 67 28 den
513 701 203 30 nuvarande
742 700 220 39 rubbningen
988 700 12 29 i
1025 700 68 29 den
1120 699 400 30 samhällsekonomiska
1546 698 58 29 ba-

96 753 122 29 lansen
235 752 216 39 väsentligen
467 752 188 29 betecknas
673 761 74 20 som
767 760 43 20 en
827 750 334 30 inkomstinflation.
1179 750 177 29 Utskottet
1373 749 64 29 har
1453 757 43 21 en
1513 748 90 39 följd

97 813 42 20 av
166 804 38 29 år
232 803 245 30 understrukit
507 803 57 29 det
591 802 210 39 ömsesidiga
828 801 180 34 samband,
1037 810 74 20 som
1139 801 102 29 råder
1267 800 130 29 mellan
1423 799 87 40 pris-
1539 799 64 29 och

96 854 215 40 lönepolitik,
333 854 65 29 och
420 854 171 29 utskottet
615 853 116 29 finner
752 852 180 40 angeläget
954 852 90 39 ånyo
1064 852 169 39 inskärpa
1254 851 120 30 vikten
1399 860 41 20 av
1464 852 49 27 att
1536 849 68 30 alla

98 905 322 39 samhällsgrupper
448 905 156 38 iakttaga
630 903 287 30 återhållsamhet
945 904 11 29 i
984 903 101 38 fråga
1113 911 57 20 om
1200 902 87 29 krav
1313 901 46 40 på
1386 901 218 29 inkomstök-

96 956 134 39 ningar.
256 956 76 29 Den
355 955 280 29 hittillsvarande
661 954 246 39 utvecklingen
931 954 133 29 utvisar
1090 952 136 40 tydligt,
1252 954 50 28 att
1327 961 43 20 en
1394 952 77 29 klar
1495 951 109 29 insikt

97 1016 57 20 om
184 1007 55 29 det
270 1007 90 28 rätta
391 1005 201 30 sambandet
623 1005 127 29 mellan
783 1004 392 37 penninginkomsterna
1205 1003 64 29 och
1298 1002 265 37 möjligheterna
1592 1001 12 29 i

95 1057 100 39 fråga
216 1066 58 20 om
298 1056 352 39 varuförsörjningen
674 1056 76 29 icke
773 1055 154 30 vunnits.
951 1055 65 29 Det
1039 1055 38 29 är
1104 1053 287 39 utomordentligt
1415 1053 190 39 betydelse-

96 1108 92 34 fullt,
214 1110 50 27 att
288 1107 149 30 resultat
460 1107 45 40 på
529 1108 96 28 detta
653 1106 142 30 område
820 1106 138 39 uppnås
984 1113 124 31 genom
1133 1104 288 39 överläggningar
1447 1104 79 29 med
1551 1112 53 20 ar-

96 1159 316 29 betsmarknadens
440 1159 127 39 parter.

142 1209 93 30 Även
261 1219 43 20 en
330 1209 112 39 aldrig
471 1209 37 29 så
535 1208 209 39 fullständig
769 1206 395 39 inkomststabilisering
1190 1206 71 29 kan
1289 1206 90 29 dock
1405 1205 76 30 icke
1510 1205 95 29 över-

96 1260 130 39 brygga
246 1269 61 21 ens
328 1260 57 29 det
405 1260 186 29 bestående
613 1259 298 39 inflationsgapet.
935 1258 127 29 Utöver
1082 1258 41 29 de
1143 1257 64 29 här
1229 1265 89 21 ovan
1339 1255 147 30 berörda
1507 1263 99 31 gene-

97 1311 78 29 rellt
193 1311 177 30 verkande
393 1311 208 38 åtgärderna
620 1310 177 29 erfordras
815 1309 107 30 också
941 1309 95 29 såväl
1055 1308 79 30 med
1152 1308 106 29 tanke
1278 1307 45 40 på
1343 1316 44 21 en
1405 1306 138 39 lösning
1564 1315 42 20 av

97 1362 57 29 det
175 1362 154 30 aktuella
350 1361 210 38 kortsiktiga
580 1360 193 40 problemet
794 1369 75 20 som
890 1360 12 28 i
924 1359 100 39 fråga
1044 1368 56 20 om
1119 1358 193 40 problemet
1331 1358 45 39 på
1396 1357 118 39 längre
1537 1357 68 29 sikt

97 1422 43 20 en
162 1413 62 29 rad
246 1413 111 28 andra
382 1412 173 29 särskilda
579 1411 170 38 åtgärder.

142 1463 53 29 En
216 1462 305 38 överbalansering
541 1471 42 20 av
602 1461 173 39 budgeten
795 1461 102 38 utgör
916 1462 48 28 ett
985 1469 42 20 av
1050 1460 41 29 de
1111 1459 123 34 medel,
1257 1468 74 20 som
1351 1458 12 29 i
1382 1459 67 29 den
1468 1457 138 39 förelig-

100 1514 109 38 gande
234 1513 213 29 situationen
472 1512 84 29 böra
579 1511 182 40 tillgripas.
787 1511 134 30 Största
946 1510 219 40 sparsamhet
1188 1510 63 29 bör
1273 1510 175 38 iakttagas
1471 1509 12 29 i
1506 1508 99 39 fråga

99 1573 57 20 om
187 1565 132 28 statens
346 1563 155 39 utgifter.

143 1614 51 30 Av
212 1614 87 30 allra
319 1615 128 28 största
465 1613 175 39 betydelse
659 1614 48 33 är,
727 1614 51 28 att
798 1614 48 28 ett
866 1612 82 29 ökat
972 1611 172 40 sparande
1163 1611 160 29 kommer
1341 1610 53 29 till
1416 1610 111 29 stånd.
1548 1609 59 29 Ut-

99 1666 138 33 skottet,
260 1674 75 20 som
356 1664 146 39 tidigare
523 1663 194 30 framhållit
740 1663 305 38 nödvändigheten
1067 1662 118 33 härav,
1207 1661 60 30 vill
1289 1660 246 39 understryka,
1557 1661 50 28 att

99 1725 97 20 mera
223 1715 170 30 effektiva
422 1715 160 39 åtgärder
609 1715 45 28 än
682 1714 126 29 hittills
835 1714 166 38 vidtagna
1027 1714 60 28 äro
1114 1712 191 39 behövliga.
1334 1711 184 39 Samtidigt
1546 1710 60 30 vill

100 1767 170 29 utskottet
294 1766 200 33 framhålla,
520 1767 49 28 att
593 1774 43 20 en
661 1765 138 29 absolut
827 1763 255 39 förutsättning
1107 1763 54 29 för
1187 1764 49 28 att
1260 1764 47 28 ett
1331 1762 83 29 ökat
1438 1761 168 37 sparande

100 1817 88 29 skall
207 1817 120 28 kunna
346 1816 257 29 åstadkommas
624 1816 37 28 är
683 1817 48 27 att
753 1814 198 30 förtroende
974 1814 128 39 skapas
1124 1814 55 29 för
1200 1813 293 30 statsmakternas
1514 1812 94 29 fasta

99 1867 85 39 vilja
205 1867 65 29 och
294 1866 222 39 möjligheter
539 1868 49 27 att
612 1866 134 38 skydda
768 1865 287 39 penningvärdet.

144 1918 67 29 För
230 1919 50 27 att
298 1917 245 29 åstadkomma
560 1925 42 21 en
620 1915 270 38 neutralisering
909 1924 41 20 av
967 1914 403 39 köpkraftsöverskottet
1391 1913 111 29 måste
1521 1913 87 29 även

101 1968 109 29 andra
232 1967 113 30 medel
370 1968 197 37 övervägas.
594 1966 65 29 Om
685 1967 57 28 det
766 1966 122 29 därvid
914 1965 93 29 visar
1033 1965 51 38 sig
1109 1963 252 39 ofrånkomligt
1387 1964 79 28 med
1491 1972 42 20 en
1556 1964 52 37 yt-

100 2019 161 38 terligare
286 2017 474 38 konsumtionsbeskattning
789 2016 62 29 bör
876 2016 115 29 denna
1020 2015 38 29 så
1085 2015 184 33 utformas,
1296 2016 50 28 att
1371 2023 43 20 en
1440 2013 168 40 otymplig

100 2069 341 39 punktbeskattning
460 2068 44 39 på
522 2068 55 29 för
594 2067 260 40 produktionen
874 2067 64 29 och
958 2066 272 29 distributionen
1250 2065 132 38 viktiga
1402 2074 101 20 varor
1521 2064 88 29 und-

102 2120 107 29 vikes.

145 2170 58 29 Ett
219 2169 288 38 utomordentligt
524 2167 260 40 betydelsefullt
801 2168 112 29 medel
931 2169 10 28 i
958 2167 153 38 kampen
1127 2168 72 27 mot
1217 2175 42 20 en
1275 2166 152 29 hotande
1444 2165 164 29 inflation

102 2221 112 28 skulle
234 2229 42 20 en
298 2219 132 38 ökning
451 2229 42 19 av
513 2218 259 39 produktionen
795 2218 134 38 utgöra.
954 2217 177 38 Åtgärder,
1155 2225 74 20 som
1254 2217 122 28 kunna
1398 2216 105 29 verka
1523 2215 11 29 i
1557 2215 52 29 så-

101 2271 85 28 dant
211 2270 100 38 syfte,
336 2269 84 29 böra
447 2269 105 29 också
576 2268 167 38 vidtagas.

147 2321 51 28 En
221 2320 192 38 skyndsam
434 2319 146 37 översyn
602 2327 41 20 av
666 2317 381 38 skattelagstiftningen
1070 2316 61 29 bör
1154 2316 101 37 göras
1275 2315 11 29 i
1309 2315 114 29 avsikt
1445 2316 50 27 att
1517 2315 92 28 bort-

100 2371 81 37 taga
204 2370 108 29 sådan
336 2368 233 38 beskattning,
596 2377 73 20 som
694 2368 125 29 verkar
844 2366 290 33 konfiskatorisk,
1159 2364 447 40 produktionshämmande

100 2420 85 29 eller
207 2421 100 37 utgör
330 2421 47 27 ett
401 2419 75 29 icke
500 2418 166 29 önskvärt
690 2417 125 29 hinder
839 2418 174 37 gentemot
1037 2416 110 38 viljan
1171 2416 52 29 till
1250 2415 181 40 sparande.
