<?xml version="1.0" encoding="UTF-8"?>
<alto xmlns="http://www.loc.gov/standards/alto/ns-v3#" xmlns:xlink="http://www.w3.org/1999/xlink" xmlns:xsi="http://www.w3.org/2001/XMLSchema-instance" xsi:schemaLocation="http://www.loc.gov/standards/alto/ns-v3# http://www.loc.gov/alto/v3/alto-3-0.xsd">
	<Description>
		<MeasurementUnit>pixel</MeasurementUnit>
		<sourceImageInformation>
			<fileName>/tmp/tess_e9cxongs_input.PNG</fileName>
		</sourceImageInformation>
		<OCRProcessing ID="OCR_0">
			<ocrProcessingStep>
				<processingSoftware>
					<softwareName>tesseract 5.3.0</softwareName>
				</processingSoftware>
			</ocrProcessingStep>
		</OCRProcessing>
	</Description>
	<Layout>
		<Page WIDTH="1894" HEIGHT="2782" PHYSICAL_IMG_NR="0" ID="page_0">
			<PrintSpace HPOS="0" VPOS="0" WIDTH="1894" HEIGHT="2782">
				<ComposedBlock ID="cblock_0" HPOS="271" VPOS="159" WIDTH="1333" HEIGHT="36">
					<TextBlock ID="block_0" HPOS="271" VPOS="159" WIDTH="1333" HEIGHT="36">
						<TextLine ID="line_0" HPOS="271" VPOS="159" WIDTH="1333" HEIGHT="36">
							<String ID="string_0" HPOS="271" VPOS="163" WIDTH="112" HEIGHT="28" WC="0.95" CONTENT="Första"/><SP WIDTH="20" VPOS="163" HPOS="383"/>
							<String ID="string_1" HPOS="403" VPOS="163" WIDTH="202" HEIGHT="28" WC="0.96" CONTENT="kammarens"/><SP WIDTH="20" VPOS="163" HPOS="605"/>
							<String ID="string_2" HPOS="625" VPOS="163" WIDTH="162" HEIGHT="27" WC="0.93" CONTENT="allmänna"/><SP WIDTH="21" VPOS="163" HPOS="787"/>
							<String ID="string_3" HPOS="808" VPOS="162" WIDTH="332" HEIGHT="33" WC="0.90" CONTENT="beredningsutskotts"/><SP WIDTH="21" VPOS="162" HPOS="1140"/>
							<String ID="string_4" HPOS="1161" VPOS="161" WIDTH="162" HEIGHT="28" WC="0.96" CONTENT="utlåtande"/><SP WIDTH="21" VPOS="161" HPOS="1323"/>
							<String ID="string_5" HPOS="1344" VPOS="169" WIDTH="38" HEIGHT="18" WC="0.96" CONTENT="nr"/><SP WIDTH="19" VPOS="169" HPOS="1382"/>
							<String ID="string_6" HPOS="1401" VPOS="160" WIDTH="47" HEIGHT="28" WC="0.96" CONTENT="26."/><SP WIDTH="137" VPOS="160" HPOS="1448"/>
							<String ID="string_7" HPOS="1585" VPOS="159" WIDTH="19" HEIGHT="30" WC="0.96" CONTENT="3"/>
						</TextLine>
					</TextBlock>
				</ComposedBlock>
				<ComposedBlock ID="cblock_1" HPOS="116" VPOS="249" WIDTH="1492" HEIGHT="525">
					<TextBlock ID="block_1" HPOS="116" VPOS="249" WIDTH="1491" HEIGHT="148">
						<TextLine ID="line_1" HPOS="116" VPOS="249" WIDTH="1490" HEIGHT="40">
							<String ID="string_8" HPOS="116" VPOS="253" WIDTH="64" HEIGHT="29" WC="0.96" CONTENT="har"/><SP WIDTH="21" VPOS="253" HPOS="180"/>
							<String ID="string_9" HPOS="201" VPOS="252" WIDTH="176" HEIGHT="37" WC="0.96" CONTENT="upptagits"/><SP WIDTH="22" VPOS="252" HPOS="377"/>
							<String ID="string_10" HPOS="399" VPOS="261" WIDTH="40" HEIGHT="20" WC="0.96" CONTENT="av"/><SP WIDTH="20" VPOS="261" HPOS="439"/>
							<String ID="string_11" HPOS="459" VPOS="253" WIDTH="150" HEIGHT="29" WC="0.96" CONTENT="Förenta"/><SP WIDTH="19" VPOS="253" HPOS="609"/>
							<String ID="string_12" HPOS="628" VPOS="252" WIDTH="232" HEIGHT="29" WC="0.93" CONTENT="Nationernas"/><SP WIDTH="21" VPOS="252" HPOS="860"/>
							<String ID="string_13" HPOS="881" VPOS="252" WIDTH="194" HEIGHT="35" WC="0.92" CONTENT="transport-"/><SP WIDTH="21" VPOS="252" HPOS="1075"/>
							<String ID="string_14" HPOS="1096" VPOS="250" WIDTH="64" HEIGHT="31" WC="0.93" CONTENT="och"/><SP WIDTH="21" VPOS="250" HPOS="1160"/>
							<String ID="string_15" HPOS="1181" VPOS="249" WIDTH="425" HEIGHT="30" WC="0.91" CONTENT="kommunikationskom-"/>
						</TextLine>
						<TextLine ID="line_2" HPOS="117" VPOS="302" WIDTH="1490" HEIGHT="39">
							<String ID="string_16" HPOS="117" VPOS="307" WIDTH="146" HEIGHT="29" WC="0.96" CONTENT="mission"/><SP WIDTH="25" VPOS="307" HPOS="263"/>
							<String ID="string_17" HPOS="288" VPOS="307" WIDTH="64" HEIGHT="28" WC="0.96" CONTENT="och"/><SP WIDTH="25" VPOS="307" HPOS="352"/>
							<String ID="string_18" HPOS="377" VPOS="307" WIDTH="51" HEIGHT="29" WC="0.96" CONTENT="lär"/><SP WIDTH="25" VPOS="307" HPOS="428"/>
							<String ID="string_19" HPOS="453" VPOS="307" WIDTH="86" HEIGHT="29" WC="0.96" CONTENT="även"/><SP WIDTH="26" VPOS="307" HPOS="539"/>
							<String ID="string_20" HPOS="565" VPOS="306" WIDTH="142" HEIGHT="29" WC="0.95" CONTENT="komma"/><SP WIDTH="24" VPOS="306" HPOS="707"/>
							<String ID="string_21" HPOS="731" VPOS="307" WIDTH="51" HEIGHT="28" WC="0.96" CONTENT="att"/><SP WIDTH="25" VPOS="307" HPOS="782"/>
							<String ID="string_22" HPOS="807" VPOS="305" WIDTH="191" HEIGHT="30" WC="0.96" CONTENT="behandlas"/><SP WIDTH="26" VPOS="305" HPOS="998"/>
							<String ID="string_23" HPOS="1024" VPOS="304" WIDTH="44" HEIGHT="37" WC="0.96" CONTENT="på"/><SP WIDTH="26" VPOS="304" HPOS="1068"/>
							<String ID="string_24" HPOS="1094" VPOS="313" WIDTH="42" HEIGHT="21" WC="0.96" CONTENT="en"/><SP WIDTH="25" VPOS="313" HPOS="1136"/>
							<String ID="string_25" HPOS="1161" VPOS="303" WIDTH="258" HEIGHT="30" WC="0.93" CONTENT="internationell"/><SP WIDTH="26" VPOS="303" HPOS="1419"/>
							<String ID="string_26" HPOS="1445" VPOS="302" WIDTH="162" HEIGHT="38" WC="0.92" CONTENT="sjöfarts-"/>
						</TextLine>
						<TextLine ID="line_3" HPOS="118" VPOS="360" WIDTH="760" HEIGHT="37">
							<String ID="string_27" HPOS="118" VPOS="361" WIDTH="167" HEIGHT="36" WC="0.96" CONTENT="kongress"/><SP WIDTH="22" VPOS="361" HPOS="285"/>
							<String ID="string_28" HPOS="307" VPOS="360" WIDTH="11" HEIGHT="29" WC="0.70" CONTENT="i"/><SP WIDTH="20" VPOS="360" HPOS="318"/>
							<String ID="string_29" HPOS="338" VPOS="361" WIDTH="96" HEIGHT="35" WC="0.93" CONTENT="Haag"/><SP WIDTH="21" VPOS="361" HPOS="434"/>
							<String ID="string_30" HPOS="455" VPOS="360" WIDTH="238" HEIGHT="29" WC="0.91" CONTENT="instundande"/><SP WIDTH="21" VPOS="360" HPOS="693"/>
							<String ID="string_31" HPOS="714" VPOS="368" WIDTH="164" HEIGHT="21" WC="0.96" CONTENT="sommar."/>
						</TextLine>
					</TextBlock>
					<TextBlock ID="block_2" HPOS="118" VPOS="410" WIDTH="1490" HEIGHT="203">
						<TextLine ID="line_4" HPOS="162" VPOS="410" WIDTH="1446" HEIGHT="41">
							<String ID="string_32" HPOS="162" VPOS="414" WIDTH="52" HEIGHT="30" WC="0.96" CONTENT="Då"/><SP WIDTH="22" VPOS="414" HPOS="214"/>
							<String ID="string_33" HPOS="236" VPOS="414" WIDTH="123" HEIGHT="37" WC="0.96" CONTENT="frågan"/><SP WIDTH="23" VPOS="414" HPOS="359"/>
							<String ID="string_34" HPOS="382" VPOS="414" WIDTH="132" HEIGHT="30" WC="0.96" CONTENT="således"/><SP WIDTH="23" VPOS="414" HPOS="514"/>
							<String ID="string_35" HPOS="537" VPOS="413" WIDTH="178" HEIGHT="37" WC="0.96" CONTENT="upptagits"/><SP WIDTH="24" VPOS="413" HPOS="715"/>
							<String ID="string_36" HPOS="739" VPOS="413" WIDTH="9" HEIGHT="29" WC="0.96" CONTENT="i"/><SP WIDTH="24" VPOS="413" HPOS="748"/>
							<String ID="string_37" HPOS="772" VPOS="412" WIDTH="277" HEIGHT="30" WC="0.96" CONTENT="internationellt"/><SP WIDTH="23" VPOS="412" HPOS="1049"/>
							<String ID="string_38" HPOS="1072" VPOS="411" WIDTH="255" HEIGHT="37" WC="0.96" CONTENT="sammanhang"/><SP WIDTH="21" VPOS="411" HPOS="1327"/>
							<String ID="string_39" HPOS="1348" VPOS="410" WIDTH="64" HEIGHT="30" WC="0.96" CONTENT="och"/><SP WIDTH="23" VPOS="410" HPOS="1412"/>
							<String ID="string_40" HPOS="1435" VPOS="410" WIDTH="173" HEIGHT="30" WC="0.96" CONTENT="utskottet"/>
						</TextLine>
						<TextLine ID="line_5" HPOS="119" VPOS="464" WIDTH="1487" HEIGHT="38">
							<String ID="string_41" HPOS="119" VPOS="468" WIDTH="205" HEIGHT="30" WC="0.96" CONTENT="förutsätter"/><SP WIDTH="26" VPOS="468" HPOS="324"/>
							<String ID="string_42" HPOS="350" VPOS="468" WIDTH="143" HEIGHT="29" WC="0.96" CONTENT="svenskt"/><SP WIDTH="25" VPOS="468" HPOS="493"/>
							<String ID="string_43" HPOS="518" VPOS="468" WIDTH="78" HEIGHT="29" WC="0.96" CONTENT="stöd"/><SP WIDTH="27" VPOS="468" HPOS="596"/>
							<String ID="string_44" HPOS="623" VPOS="467" WIDTH="54" HEIGHT="30" WC="0.96" CONTENT="för"/><SP WIDTH="26" VPOS="467" HPOS="677"/>
							<String ID="string_45" HPOS="703" VPOS="476" WIDTH="41" HEIGHT="20" WC="0.96" CONTENT="en"/><SP WIDTH="27" VPOS="476" HPOS="744"/>
							<String ID="string_46" HPOS="771" VPOS="466" WIDTH="110" HEIGHT="30" WC="0.96" CONTENT="snabb"/><SP WIDTH="25" VPOS="466" HPOS="881"/>
							<String ID="string_47" HPOS="906" VPOS="466" WIDTH="64" HEIGHT="29" WC="0.96" CONTENT="och"/><SP WIDTH="27" VPOS="466" HPOS="970"/>
							<String ID="string_48" HPOS="997" VPOS="465" WIDTH="146" HEIGHT="31" WC="0.96" CONTENT="effektiv"/><SP WIDTH="27" VPOS="465" HPOS="1143"/>
							<String ID="string_49" HPOS="1170" VPOS="465" WIDTH="137" HEIGHT="37" WC="0.95" CONTENT="lösning"/><SP WIDTH="26" VPOS="465" HPOS="1307"/>
							<String ID="string_50" HPOS="1333" VPOS="465" WIDTH="38" HEIGHT="29" WC="0.96" CONTENT="är"/><SP WIDTH="25" VPOS="465" HPOS="1371"/>
							<String ID="string_51" HPOS="1396" VPOS="464" WIDTH="210" HEIGHT="37" WC="0.96" CONTENT="tidpunkten"/>
						</TextLine>
						<TextLine ID="line_6" HPOS="118" VPOS="518" WIDTH="1489" HEIGHT="41">
							<String ID="string_52" HPOS="118" VPOS="523" WIDTH="107" HEIGHT="36" WC="0.96" CONTENT="enligt"/><SP WIDTH="16" VPOS="523" HPOS="225"/>
							<String ID="string_53" HPOS="241" VPOS="522" WIDTH="188" HEIGHT="29" WC="0.96" CONTENT="utskottets"/><SP WIDTH="18" VPOS="522" HPOS="429"/>
							<String ID="string_54" HPOS="447" VPOS="521" WIDTH="142" HEIGHT="37" WC="0.96" CONTENT="mening"/><SP WIDTH="16" VPOS="521" HPOS="589"/>
							<String ID="string_55" HPOS="605" VPOS="531" WIDTH="48" HEIGHT="20" WC="0.95" CONTENT="nu"/><SP WIDTH="17" VPOS="531" HPOS="653"/>
							<String ID="string_56" HPOS="670" VPOS="521" WIDTH="75" HEIGHT="30" WC="0.96" CONTENT="icke"/><SP WIDTH="18" VPOS="521" HPOS="745"/>
							<String ID="string_57" HPOS="763" VPOS="520" WIDTH="143" HEIGHT="37" WC="0.95" CONTENT="lämplig"/><SP WIDTH="17" VPOS="520" HPOS="906"/>
							<String ID="string_58" HPOS="923" VPOS="521" WIDTH="51" HEIGHT="29" WC="0.96" CONTENT="att"/><SP WIDTH="17" VPOS="521" HPOS="974"/>
							<String ID="string_59" HPOS="991" VPOS="519" WIDTH="196" HEIGHT="38" WC="0.96" CONTENT="igångsätta"/><SP WIDTH="19" VPOS="519" HPOS="1187"/>
							<String ID="string_60" HPOS="1206" VPOS="520" WIDTH="65" HEIGHT="28" WC="0.96" CONTENT="den"/><SP WIDTH="18" VPOS="520" HPOS="1271"/>
							<String ID="string_61" HPOS="1289" VPOS="528" WIDTH="41" HEIGHT="20" WC="0.96" CONTENT="av"/><SP WIDTH="17" VPOS="528" HPOS="1330"/>
							<String ID="string_62" HPOS="1347" VPOS="518" WIDTH="260" HEIGHT="30" WC="0.96" CONTENT="motionärerna"/>
						</TextLine>
						<TextLine ID="line_7" HPOS="118" VPOS="576" WIDTH="411" HEIGHT="37">
							<String ID="string_63" HPOS="118" VPOS="577" WIDTH="149" HEIGHT="36" WC="0.96" CONTENT="begärda"/><SP WIDTH="20" VPOS="577" HPOS="267"/>
							<String ID="string_64" HPOS="287" VPOS="576" WIDTH="242" HEIGHT="36" WC="0.95" CONTENT="utredningen."/>
						</TextLine>
					</TextBlock>
					<TextBlock ID="block_3" HPOS="163" VPOS="628" WIDTH="557" HEIGHT="34">
						<TextLine ID="line_8" HPOS="163" VPOS="628" WIDTH="557" HEIGHT="34">
							<String ID="string_65" HPOS="163" VPOS="630" WIDTH="176" HEIGHT="30" WC="0.96" CONTENT="Utskottet"/><SP WIDTH="24" VPOS="630" HPOS="339"/>
							<String ID="string_66" HPOS="363" VPOS="630" WIDTH="203" HEIGHT="29" WC="0.96" CONTENT="hemställer"/><SP WIDTH="26" VPOS="630" HPOS="566"/>
							<String ID="string_67" HPOS="592" VPOS="628" WIDTH="128" HEIGHT="34" WC="0.96" CONTENT="därför,"/>
						</TextLine>
					</TextBlock>
					<TextBlock ID="block_4" HPOS="437" VPOS="679" WIDTH="1171" HEIGHT="95">
						<TextLine ID="line_9" HPOS="482" VPOS="679" WIDTH="1126" HEIGHT="39">
							<String ID="string_68" HPOS="482" VPOS="685" WIDTH="51" HEIGHT="29" WC="0.95" CONTENT="att"/><SP WIDTH="21" VPOS="685" HPOS="533"/>
							<String ID="string_69" HPOS="554" VPOS="683" WIDTH="134" HEIGHT="29" WC="0.96" CONTENT="motion"/><SP WIDTH="21" VPOS="683" HPOS="688"/>
							<String ID="string_70" HPOS="709" VPOS="691" WIDTH="42" HEIGHT="20" WC="0.95" CONTENT="nr"/><SP WIDTH="22" VPOS="691" HPOS="751"/>
							<String ID="string_71" HPOS="773" VPOS="682" WIDTH="62" HEIGHT="29" WC="0.96" CONTENT="123"/><SP WIDTH="22" VPOS="682" HPOS="835"/>
							<String ID="string_72" HPOS="857" VPOS="681" WIDTH="30" HEIGHT="37" WC="0.96" CONTENT="ej"/><SP WIDTH="25" VPOS="681" HPOS="887"/>
							<String ID="string_73" HPOS="912" VPOS="680" WIDTH="108" HEIGHT="30" WC="0.95" CONTENT="måtte"/><SP WIDTH="22" VPOS="680" HPOS="1020"/>
							<String ID="string_74" HPOS="1042" VPOS="681" WIDTH="51" HEIGHT="29" WC="0.96" CONTENT="till"/><SP WIDTH="23" VPOS="681" HPOS="1093"/>
							<String ID="string_75" HPOS="1116" VPOS="679" WIDTH="113" HEIGHT="38" WC="0.96" CONTENT="någon"/><SP WIDTH="23" VPOS="679" HPOS="1229"/>
							<String ID="string_76" HPOS="1252" VPOS="679" WIDTH="109" HEIGHT="30" WC="0.96" CONTENT="första"/><SP WIDTH="23" VPOS="679" HPOS="1361"/>
							<String ID="string_77" HPOS="1384" VPOS="679" WIDTH="224" HEIGHT="29" WC="0.95" CONTENT="kammarens"/>
						</TextLine>
						<TextLine ID="line_10" HPOS="437" VPOS="736" WIDTH="338" HEIGHT="38">
							<String ID="string_78" HPOS="437" VPOS="737" WIDTH="123" HEIGHT="37" WC="0.96" CONTENT="åtgärd"/><SP WIDTH="24" VPOS="737" HPOS="560"/>
							<String ID="string_79" HPOS="584" VPOS="736" WIDTH="191" HEIGHT="30" WC="0.96" CONTENT="föranleda."/>
						</TextLine>
					</TextBlock>
				</ComposedBlock>
				<ComposedBlock ID="cblock_2" HPOS="163" VPOS="834" WIDTH="914" HEIGHT="134">
					<TextBlock ID="block_5" HPOS="163" VPOS="834" WIDTH="914" HEIGHT="134">
						<TextLine ID="line_11" HPOS="163" VPOS="834" WIDTH="579" HEIGHT="37">
							<String ID="string_80" HPOS="163" VPOS="836" WIDTH="202" HEIGHT="31" WC="0.96" CONTENT="Stockholm"/><SP WIDTH="23" VPOS="836" HPOS="365"/>
							<String ID="string_81" HPOS="388" VPOS="836" WIDTH="64" HEIGHT="29" WC="0.96" CONTENT="den"/><SP WIDTH="22" VPOS="836" HPOS="452"/>
							<String ID="string_82" HPOS="474" VPOS="835" WIDTH="41" HEIGHT="30" WC="0.96" CONTENT="20"/><SP WIDTH="22" VPOS="835" HPOS="515"/>
							<String ID="string_83" HPOS="537" VPOS="835" WIDTH="89" HEIGHT="36" WC="0.96" CONTENT="april"/><SP WIDTH="23" VPOS="835" HPOS="626"/>
							<String ID="string_84" HPOS="649" VPOS="834" WIDTH="93" HEIGHT="30" WC="0.92" CONTENT="1950."/>
						</TextLine>
						<TextLine ID="line_12" HPOS="645" VPOS="932" WIDTH="432" HEIGHT="36">
							<String ID="string_85" HPOS="645" VPOS="932" WIDTH="48" HEIGHT="30" WC="0.95" CONTENT="På"/><SP WIDTH="24" VPOS="932" HPOS="693"/>
							<String ID="string_86" HPOS="717" VPOS="933" WIDTH="189" HEIGHT="29" WC="0.95" CONTENT="utskottets"/><SP WIDTH="23" VPOS="933" HPOS="906"/>
							<String ID="string_87" HPOS="929" VPOS="932" WIDTH="148" HEIGHT="36" WC="0.96" CONTENT="vägnar:"/>
						</TextLine>
					</TextBlock>
				</ComposedBlock>
				<ComposedBlock ID="cblock_3" HPOS="624" VPOS="1029" WIDTH="478" HEIGHT="31">
					<TextBlock ID="block_6" HPOS="624" VPOS="1029" WIDTH="478" HEIGHT="31">
						<TextLine ID="line_13" HPOS="624" VPOS="1029" WIDTH="478" HEIGHT="31">
							<String ID="string_88" HPOS="624" VPOS="1031" WIDTH="243" HEIGHT="29" WC="0.91" CONTENT="BERNHARD"/><SP WIDTH="25" VPOS="1031" HPOS="867"/>
							<String ID="string_89" HPOS="892" VPOS="1029" WIDTH="210" HEIGHT="30" WC="0.36" CONTENT="NÄSGAÅRD."/>
						</TextLine>
					</TextBlock>
				</ComposedBlock>
				<ComposedBlock ID="cblock_4" HPOS="121" VPOS="1252" WIDTH="1491" HEIGHT="132">
					<TextBlock ID="block_7" HPOS="121" VPOS="1252" WIDTH="1491" HEIGHT="132">
						<TextLine ID="line_14" HPOS="164" VPOS="1252" WIDTH="1448" HEIGHT="40">
							<String ID="string_90" HPOS="164" VPOS="1257" WIDTH="243" HEIGHT="30" WC="0.96" CONTENT="Närvarande:"/><SP WIDTH="29" VPOS="1257" HPOS="407"/>
							<String ID="string_91" HPOS="436" VPOS="1256" WIDTH="123" HEIGHT="29" WC="0.91" CONTENT="herrar"/><SP WIDTH="27" VPOS="1256" HPOS="559"/>
							<String ID="string_92" HPOS="586" VPOS="1254" WIDTH="167" HEIGHT="38" WC="0.91" CONTENT="Näsgård,"/><SP WIDTH="29" VPOS="1254" HPOS="753"/>
							<String ID="string_93" HPOS="782" VPOS="1254" WIDTH="188" HEIGHT="36" WC="0.96" CONTENT="Sandberg,"/><SP WIDTH="28" VPOS="1254" HPOS="970"/>
							<String ID="string_94" HPOS="998" VPOS="1253" WIDTH="107" HEIGHT="30" WC="0.96" CONTENT="Ernst"/><SP WIDTH="26" VPOS="1253" HPOS="1105"/>
							<String ID="string_95" HPOS="1131" VPOS="1253" WIDTH="161" HEIGHT="36" WC="0.94" CONTENT="Hjalmar"/><SP WIDTH="25" VPOS="1253" HPOS="1292"/>
							<String ID="string_96" HPOS="1317" VPOS="1252" WIDTH="151" HEIGHT="33" WC="0.93" CONTENT="Nilsson,"/><SP WIDTH="29" VPOS="1252" HPOS="1468"/>
							<String ID="string_97" HPOS="1497" VPOS="1252" WIDTH="115" HEIGHT="28" WC="0.92" CONTENT="Lund-"/>
						</TextLine>
						<TextLine ID="line_15" HPOS="121" VPOS="1297" WIDTH="1489" HEIGHT="42">
							<String ID="string_98" HPOS="121" VPOS="1303" WIDTH="101" HEIGHT="36" WC="0.91" CONTENT="qvist,"/><SP WIDTH="24" VPOS="1303" HPOS="222"/>
							<String ID="string_99" HPOS="246" VPOS="1302" WIDTH="256" HEIGHT="33" WC="0.96" CONTENT="Johannesson,"/><SP WIDTH="25" VPOS="1302" HPOS="502"/>
							<String ID="string_100" HPOS="527" VPOS="1301" WIDTH="77" HEIGHT="30" WC="0.96" CONTENT="Carl"/><SP WIDTH="26" VPOS="1301" HPOS="604"/>
							<String ID="string_101" HPOS="630" VPOS="1300" WIDTH="77" HEIGHT="29" WC="0.95" CONTENT="Eric"/><SP WIDTH="25" VPOS="1300" HPOS="707"/>
							<String ID="string_102" HPOS="732" VPOS="1300" WIDTH="175" HEIGHT="34" WC="0.17" CONTENT="Ericsson,"/><SP WIDTH="25" VPOS="1300" HPOS="907"/>
							<String ID="string_103" HPOS="932" VPOS="1299" WIDTH="211" HEIGHT="34" WC="0.96" CONTENT="Göransson,"/><SP WIDTH="24" VPOS="1299" HPOS="1143"/>
							<String ID="string_104" HPOS="1167" VPOS="1297" WIDTH="213" HEIGHT="34" WC="0.95" CONTENT="Hesselbom,"/><SP WIDTH="26" VPOS="1297" HPOS="1380"/>
							<String ID="string_105" HPOS="1406" VPOS="1297" WIDTH="82" HEIGHT="29" WC="0.93" CONTENT="Karl"/><SP WIDTH="25" VPOS="1297" HPOS="1488"/>
							<String ID="string_106" HPOS="1513" VPOS="1297" WIDTH="97" HEIGHT="29" WC="0.92" CONTENT="Pers-"/>
						</TextLine>
						<TextLine ID="line_16" HPOS="122" VPOS="1348" WIDTH="347" HEIGHT="36">
							<String ID="string_107" HPOS="122" VPOS="1357" WIDTH="62" HEIGHT="21" WC="0.96" CONTENT="son"/><SP WIDTH="25" VPOS="1357" HPOS="184"/>
							<String ID="string_108" HPOS="209" VPOS="1348" WIDTH="62" HEIGHT="29" WC="0.96" CONTENT="och"/><SP WIDTH="24" VPOS="1348" HPOS="271"/>
							<String ID="string_109" HPOS="295" VPOS="1348" WIDTH="174" HEIGHT="36" WC="0.96" CONTENT="Nyström."/>
						</TextLine>
					</TextBlock>
				</ComposedBlock>
			</PrintSpace>
		</Page>
	</Layout>
</alto>
