1902 2828
544 167 312 30 Bankoutskottets
877 168 179 30 utlåtande
1075 178 43 20 nr
1139 168 17 30 7
1176 170 39 30 år
1236 170 83 29 1968
1658 172 15 29 1

874 450 115 42 Nr
959 446 33 57 7

391 562 184 31 Utlåtande
601 563 12 30 i
635 563 189 41 anledning
848 573 42 21 av
915 564 172 31 motioner
1112 574 56 22 om
1195 566 187 41 utredning
1405 567 149 31 rörande
1580 568 98 30 kom-

586 635 191 22 munernas
802 627 251 40 investeringar
1077 629 64 29 och
1166 629 201 31 lånebehov.

224 735 26 32 I
265 735 220 30 motionerna
499 735 32 29 I:
544 733 64 31 478
624 743 43 21 av
681 735 81 30 herr
780 734 145 31 Torsten
940 735 202 31 Andersson
1159 745 45 22 m.
1217 736 39 41 fl.
1274 738 65 30 och
1355 738 46 30 II:
1417 737 63 31 838
1498 748 43 21 av
1556 739 121 30 herrar

190 789 152 29 Larsson
362 789 12 29 i
391 789 126 29 Luttra
534 789 66 29 och
617 788 152 31 Larsson
789 790 12 29 i
819 789 133 40 Borrby
971 790 211 36 hemställes,
1203 793 51 28 att
1271 791 189 41 riksdagen
1478 792 13 30 i
1511 793 166 30 skrivelse

187 843 53 29 till
261 842 127 40 Kungl.
410 842 106 40 Maj:t
538 843 109 30 måtte
668 843 142 30 anhålla
831 852 57 21 om
912 843 192 40 skyndsam
1125 845 188 41 utredning
1335 855 43 21 av
1398 847 276 30 kommunernas

188 897 344 40 investeringsbehov
548 897 65 30 och
629 897 182 41 planering
828 907 43 21 av
886 898 67 30 hur
971 898 57 30 det
1044 899 192 31 lånebehov
1252 900 54 29 för
1323 901 258 30 kommunerna
1599 910 76 22 som

190 951 308 40 undersökningen
520 952 133 30 utvisar
675 952 88 29 skall
785 952 123 30 kunna
926 952 211 40 tillgodoses.

830 1084 210 32 Motionerna

234 1166 136 30 Takten
386 1167 64 29 hos
467 1167 68 29 den
551 1167 229 29 kommunala
797 1167 192 39 expansion
1006 1176 76 21 som
1099 1169 56 39 ägt
1171 1177 81 21 rum
1269 1168 112 31 under
1400 1169 184 31 1960-talet
1600 1170 74 35 har,

190 1221 220 30 konstateras
436 1221 13 29 i
474 1221 228 35 motionerna,
730 1221 153 30 medfört
910 1223 95 28 stora
1030 1222 438 32 kommunalekonomiska
1494 1224 66 30 och
1587 1233 89 21 sam-

187 1274 324 30 hällsekonomiska
532 1275 167 39 problem.
722 1274 489 42 Kommuninvesteringarna,
1237 1285 75 22 som
1336 1278 82 29 ökat
1441 1278 147 40 kraftigt
1612 1287 64 21 un-

189 1328 60 29 der
274 1328 175 40 perioden,
476 1328 64 30 har
565 1329 53 29 till
642 1329 196 39 betydande
863 1329 56 30 del
944 1330 351 36 skattefinansierats,
1321 1331 108 30 vilket
1454 1331 153 31 medfört
1632 1342 45 20 en

189 1382 167 30 avsevärd
377 1382 150 40 höjning
548 1391 43 21 av
611 1383 68 29 den
700 1383 229 30 kommunala
950 1383 287 41 utdebiteringen.
1260 1384 251 41 Utvecklingen
1532 1386 144 30 bedöms

189 1445 75 21 som
286 1436 152 30 oroande
462 1437 142 29 särskilt
625 1437 81 29 med
727 1437 139 39 hänsyn
888 1437 53 30 till
964 1437 41 30 de
1027 1438 95 39 lägre
1144 1438 312 41 inkomsttagarna.

235 1490 304 40 Investeringarna
552 1491 89 34 sker,
656 1491 98 40 säger
768 1491 269 36 motionärerna,
1051 1493 88 29 utan
1151 1492 208 31 alternativa
1370 1493 122 40 planer
1506 1494 170 30 avseende

190 1544 325 30 totalkostnaderna
536 1544 60 30 vid
618 1545 192 39 expansion
832 1545 12 30 i
865 1545 109 30 redan
998 1546 266 30 överbefolkade
1287 1547 169 30 områden
1479 1548 82 29 eller
1585 1548 12 30 i
1620 1557 57 20 av-

189 1598 349 40 folkningsområden
562 1599 66 29 och
650 1599 147 29 tätorter
821 1608 42 21 av
886 1599 118 40 rimlig
1028 1600 140 30 storlek.
1192 1600 54 30 En
1271 1600 197 31 förbättrad
1492 1602 183 40 planering

191 1653 112 29 skulle
321 1661 39 31 ge
376 1653 113 30 bättre
507 1653 169 39 underlag
693 1653 55 30 för
764 1653 212 40 bedömning
993 1663 43 21 av
1053 1654 41 30 de
1111 1655 230 30 kommunala
1357 1655 320 41 investeringarnas

192 1707 140 39 slutliga
347 1707 111 29 effekt
475 1707 65 29 och
555 1708 182 29 motverka
753 1707 68 30 den
834 1708 182 39 ryckighet
1033 1717 75 21 som
1124 1709 259 30 kännetecknat
1400 1709 120 31 dessas
1535 1710 141 30 hittills-

188 1760 153 30 varande
365 1761 209 39 utveckling.
598 1761 55 30 En
675 1761 417 31 kommunalekonomisk
1114 1762 188 40 utredning
1325 1763 80 30 med
1430 1764 39 30 så
1490 1764 186 39 begränsat

190 1815 69 29 mål
280 1824 75 20 som
373 1815 67 29 den
457 1824 123 21 varom
600 1814 82 31 1966
702 1815 56 30 års
776 1815 144 40 riksdag
937 1816 179 30 hemställt
1134 1816 64 30 hos
1217 1815 126 41 Kungl.
1362 1817 107 39 Maj:t
1487 1818 189 30 betecknas

191 1877 75 21 som
292 1869 213 39 meningslös
533 1869 82 30 från
641 1869 68 30 den
736 1869 154 30 samlade
919 1870 455 31 samhällsverksamhetens
1403 1872 190 39 synpunkt.
1621 1872 55 29 En

190 1923 187 39 utredning
398 1923 149 30 rörande
569 1924 276 30 kommunernas
865 1924 254 39 investeringar
1139 1924 62 30 bör
1223 1924 150 31 omfatta
1394 1925 107 30 också
1521 1926 76 29 icke
1620 1935 55 20 ex-

188 1976 225 39 panderande
432 1977 220 30 kommuner.
673 1976 95 31 Även
787 1986 58 21 om
865 1978 101 30 dessa
987 1978 128 30 saknar
1136 1978 448 40 investeringsbenägenhet
1604 1980 72 29 kan

189 2030 41 29 de
253 2031 176 39 nämligen
450 2031 46 29 ha
519 2032 86 28 stort
627 2031 352 40 investeringsbehov.
1002 2031 211 40 Likvärdiga
1233 2032 442 40 utvecklingsmöjligheter

190 2084 62 29 bör
270 2084 127 39 skapas
414 2084 54 30 för
485 2084 70 30 alla
569 2086 99 38 typer
685 2094 43 20 av
743 2085 220 30 kommuner.

370 2215 272 42 Riksdagsbeslut
658 2217 84 31 1966
758 2228 56 20 om
829 2217 177 41 utredning
1021 2217 173 42 angående
1208 2217 261 32 kommunernas

771 2270 323 42 investeringsbehov

235 2352 200 40 Riksdagen
455 2353 110 30 beslöt
586 2354 13 29 i
620 2353 186 30 november
829 2353 83 30 1966
940 2353 132 35 (BaU:s
1094 2354 61 30 utl.
1178 2364 42 20 nr
1242 2354 59 35 45)
1329 2356 50 29 att
1400 2356 12 29 i
1435 2356 165 30 skrivelse
1622 2355 53 30 till

188 2405 128 41 Kungl.
341 2406 106 40 Maj:t
471 2407 127 40 begära
621 2416 44 21 en
689 2407 187 41 utredning
900 2417 44 21 av
966 2408 44 30 de
1033 2408 117 40 frågor
1176 2417 76 22 som
1277 2409 292 41 sammanhänger
1595 2410 80 30 med

189 2460 277 40 finansieringen
486 2470 42 21 av
547 2461 42 30 de
609 2461 266 40 expanderande
894 2462 276 31 kommunernas
1190 2463 263 40 investeringar.
1473 2463 68 30 Till
1562 2463 114 41 grund

191 2514 55 30 för
271 2515 149 29 beslutet
446 2514 56 40 låg
526 2516 126 38 ytterst
678 2516 172 29 motioner
877 2525 76 21 som
977 2516 145 30 berörde
1149 2516 379 41 kreditförsörjningen
1553 2518 53 29 till
1633 2518 42 29 de

190 2577 135 40 Bihang
345 2577 52 31 till
415 2577 205 41 riksdagens
639 2579 175 39 protokoll
834 2579 94 30 1968.
948 2579 20 30 8
987 2580 99 29 saml.
1106 2580 48 30 Nr
1175 2579 18 30 7
