2134 2649
623 215 207 41 Bevillnings-
843 208 166 52 Utskottets
1017 212 201 33 Betänkande
1240 212 63 31 N:o
1325 214 51 30 12.
1720 210 38 30 35

335 306 99 31 Emot
464 304 63 32 den
557 303 34 31 af
611 302 209 31 motionären
843 299 187 40 föreslagna
1057 297 238 40 inskränkning
1318 297 10 31 i
1356 295 232 33 besvärstiden
1612 294 64 34 kan
1703 294 99 32 likväl

204 357 63 32 den
306 355 233 41 betänklighet
575 357 98 37 göras
709 351 163 42 gällande,
903 354 48 29 att
975 350 62 32 den
1068 348 234 42 skattskyldige
1331 348 51 32 väl
1412 347 191 41 derigenom
1626 347 10 31 i
1660 346 145 33 flertalet

202 409 56 32 fall
284 409 104 31 skulle
412 408 132 32 komma
573 409 48 29 att
644 404 155 32 beröfvas
824 403 60 31 den
911 402 124 32 förmån
1065 401 64 32 han
1153 400 51 32 för
1227 399 205 33 närvarande
1461 399 145 41 åtnjuter
1629 401 49 29 att
1693 398 111 32 kunna

202 460 75 32 med
306 460 136 31 besvärs
485 456 183 34 anförande
695 455 104 41 dröja,
833 454 48 31 till
907 453 76 32 dess
1007 453 66 31 han
1101 453 154 39 mottagit
1278 451 48 32 sin
1357 450 205 32 debetsedel.
1606 450 120 31 Denna
1748 449 56 31 be-

202 511 187 40 tänklighet
426 510 61 32 har
524 508 173 33 Utskottet
731 508 109 30 ansett
878 505 109 31 kunna
1021 503 225 41 undanrödjas
1271 502 203 40 derigenom,
1501 504 48 29 att
1572 500 232 32 besvärstiden

202 563 202 31 bestämmes
428 562 52 31 för
502 561 99 31 länen
626 559 48 31 till
702 559 168 39 utgången
894 556 34 32 af
948 555 156 32 Februari
1128 554 120 32 månad
1273 553 62 32 och
1361 553 51 31 för
1432 552 209 33 Stockholms
1662 551 74 32 stad
1757 551 48 31 till

202 615 170 38 utgången
412 613 34 32 af
481 613 89 31 Mars
608 610 130 32 månad.
783 609 159 31 Deremot
977 607 92 31 torde
1098 606 40 32 de
1162 604 245 33 förberedande
1432 603 165 40 åtgärder,
1626 602 110 33 hvilka
1764 602 40 32 de

203 665 123 40 ingifna
363 664 162 32 besvären
563 662 92 33 skola
692 659 231 39 underkastas,
957 659 99 31 innan
1095 658 39 31 de
1159 656 158 33 insändas
1341 656 47 31 till
1419 656 278 37 Kammarrätten,
1721 657 83 28 utan

204 717 166 41 svårighet
407 716 106 32 kunna
542 713 196 33 medhinnas
766 711 105 32 under
894 711 115 40 loppet
1032 709 35 32 af
1088 720 38 21 en
1156 708 120 32 månad
1300 707 70 32 från
1395 706 245 32 besvärstidens
1670 707 135 38 utgång,

204 769 59 32 och
291 769 41 32 då
355 768 173 33 Utskottet
550 764 208 42 följaktligen
783 773 98 22 anser
905 762 39 31 de
969 761 34 32 af
1024 760 208 32 motionären
1252 759 50 32 för
1320 758 260 41 handlingarnes
1597 756 208 32 insändande

204 820 48 31 till
276 821 268 31 Kammarrätten
569 816 191 38 föreslagna
783 812 316 39 tidsbestämningar
1127 811 110 31 kunna
1260 809 185 33 bibehållas
1470 809 91 31 äfven
1583 819 52 21 om
1653 808 153 32 besvärs-

204 871 90 32 tiden
333 869 189 34 utsträckes
558 869 102 38 något
686 866 116 39 längre
837 867 40 29 än
910 863 207 32 motionären
1144 865 109 29 ansett
1275 860 160 41 lämpligt,
1459 860 145 32 kommer
1627 859 94 32 äfven
1751 870 57 21 en-

203 922 60 40 ligt
297 921 189 33 Utskottets
522 919 126 39 förslag
679 917 43 32 all
747 916 64 31 den
836 914 236 42 skyndsamhet
1094 913 75 32 med
1193 911 323 40 bevillningsmålens
1545 910 259 41 handläggning,

205 984 67 21 som
296 973 206 32 motionären
527 969 73 32 med
626 969 56 31 sitt
705 967 124 40 förslag
857 966 129 41 åsyftat,
1012 968 48 29 att
1087 965 140 40 uppnås.

336 1025 15 31 I
381 1019 345 37 öfverensstämmelse
755 1018 74 32 med
845 1017 83 32 hvad
943 1016 172 33 Utskottet
1131 1015 139 32 sålunda
1286 1013 109 32 anfört
1414 1012 193 33 hemställer
1621 1011 184 39 Utskottet,

707 1073 49 29 att
782 1069 202 40 Riksdagen,
1012 1067 75 32 med
1117 1066 92 32 bifall
1238 1066 47 31 till
1310 1065 179 37 motionen,
1514 1065 53 30 må
1590 1063 144 38 besluta,
1760 1065 50 29 att

606 1124 15 40 8
655 1124 38 30 70
728 1132 96 20 mom.
852 1124 13 27 1
896 1120 9 31 i
932 1117 352 41 Bevillnivgsstadgan
1308 1116 81 32 skall
1415 1115 127 32 erhålla
1566 1114 149 42 följande
1741 1113 66 32 för-

607 1172 149 34 ändrade
784 1172 144 41 lydelse:

702 1216 118 40 Öfver
842 1221 336 43 pröfningskomiténs
1201 1219 110 32 beslut
1334 1220 52 30 må
1410 1220 36 30 så
1471 1217 50 32 väl
1541 1217 31 32 af
1581 1217 144 32 kronans
1743 1226 67 21 om-

609 1276 76 38 bud,
710 1286 68 20 som
809 1274 35 32 af
866 1274 63 31 den
954 1272 251 41 skattskyldige,
1235 1270 133 32 anföras
1395 1269 130 38 besvär,
1551 1268 120 37 hvilka,
1700 1267 111 32 stälda

607 1327 48 32 till
689 1326 118 40 Kongl.
842 1325 277 36 Kammarrätten,
1157 1322 94 37 böra,
1287 1321 50 31 för
1368 1324 48 29 att
1443 1319 101 32 varda
1578 1319 48 31 till
1655 1319 155 41 pröfning

608 1381 175 38 upptagna,
818 1375 141 42 ingifvas
986 1375 46 31 till
1059 1373 115 42 Kongl.
1205 1373 116 41 Maj:ts
1348 1370 362 43 Befallningshafvande
1735 1370 13 31 1
1770 1369 42 32 lä-

607 1440 60 20 nen
699 1429 84 31 inom
810 1429 155 39 utgången
987 1425 41 42 af
1050 1425 159 32 Februari
1228 1424 127 40 månad,
1379 1423 54 32 och
1456 1421 54 38 för
1533 1421 188 32 Stockholms
1743 1420 72 32 stad

608 1480 47 31 till
691 1472 401 48 Öfverståthållareembetet
1122 1477 85 30 inom
1241 1477 155 39 utgången
1434 1471 39 43 af
1502 1473 96 31 Mars
1630 1472 119 32 månad
1766 1472 49 31 det

603 1530 191 42 påföljande
828 1532 74 29 året.
952 1521 96 48 Öfver
1081 1528 35 31 de
1154 1525 140 42 anförda
1330 1526 145 31 besvären
1511 1524 87 31 skola
1630 1523 183 32 utlåtanden

602 1581 85 41 från
721 1580 226 32 vederbörande
977 1578 165 41 infordras
1168 1579 38 30 så
1239 1577 190 40 skyndsamt,
1458 1577 45 30 att
1536 1575 154 40 besvären,
1719 1575 94 39 jemte

609 1632 242 32 vederbörandes
882 1631 182 31 utlåtanden
1096 1631 83 29 samt
1204 1628 35 31 de
1275 1627 230 41 upplysningar
1537 1626 53 31 och
1622 1625 189 40 erinringar,

607 1694 67 21 som
701 1683 145 31 besvären
868 1692 90 21 anses
977 1680 139 41 påkalla,
1144 1681 53 30 må
1218 1679 107 31 kunna
1347 1678 47 31 till
1415 1677 114 41 Kongl.
1554 1676 261 32 Kammarrätten

608 1735 155 32 insändas
783 1733 85 41 från
896 1732 114 41 Kongl.
1039 1731 119 41 Maj:ts
1186 1727 362 43 Befallningshafvande
1574 1728 13 30 i
1612 1727 91 32 länen
1731 1727 84 31 inom

608 1787 156 39 utgången
790 1782 40 43 af
854 1784 95 31 Mars
976 1784 119 30 månad
1120 1781 54 32 och
1194 1781 85 40 från
1311 1773 399 48 Öfverståthållareembetet
1731 1779 84 30 inom

612 1838 152 40 utgången
790 1833 39 44 af
854 1834 96 41 April
974 1834 119 32 månad
1118 1843 123 22 samma
1267 1833 56 39 år;
1357 1831 181 32 kommande
1560 1828 133 42 derefter
1714 1828 101 33 målen

611 1892 49 28 att
691 1889 4 30 i
730 1888 77 39 laga
842 1886 140 40 ordning
1012 1885 33 31 af
1070 1884 118 40 Kongl.
1219 1884 265 31 Kammarrätten
1514 1881 208 40 handläggas
1752 1879 63 32 och

612 1939 164 40 afgöras".

968 2056 78 30 15:0.

343 2142 189 32 Utskottets
561 2141 294 41 uppmärksamhet
887 2140 60 32 har
975 2139 106 31 blifvit
1109 2138 108 32 fästad
1242 2136 89 37 derå,
1360 2138 48 29 att
1433 2135 56 31 det
1516 2134 52 31 vid
1593 2134 223 40 Bevillnings-

212 2194 140 40 stadgan
386 2193 121 40 fogade
542 2192 159 32 formulär
730 2192 74 43 (N:o
836 2193 36 40 4)
906 2191 47 31 till
981 2188 271 42 taxeringslängd
1282 2187 91 31 öfver
1396 2185 115 38 sådan,
1535 2188 108 29 staten
1668 2185 148 40 tillhörig

212 2245 66 31 fast
307 2244 173 40 egendom,
509 2244 49 30 för
582 2243 132 32 hvilken
743 2242 180 40 bevillning
948 2241 103 39 enligt
1073 2240 15 41 $
1112 2243 18 28 2
1153 2241 10 30 i
1186 2237 345 40 Bevillningsstadgan
1557 2236 71 32 icke
1653 2236 163 40 erlägges,

212 2295 73 32 icke
322 2295 113 41 skiljer
470 2294 120 32 mellan
623 2293 339 42 jordbruksfastighet
990 2292 62 32 och
1081 2302 109 21 annan
1213 2288 170 41 fastighet.
1430 2288 51 32 Då
1505 2287 184 32 emellertid
1713 2287 104 40 enligt

1859 2139 141 24 Fornvulär

1883 2175 52 23 N:o
1954 2176 22 21 4.
