2129 2661
362 209 39 31 36
747 209 211 44 Bevillnings-
966 211 159 34 Utskottets
1154 212 201 36 Betänkande
1377 216 62 33 N:o
1468 219 52 31 12.

320 296 39 31 58
400 293 15 42 $
450 293 10 33 i
486 294 118 41 Kongl.
639 294 252 43 Förordningen
921 296 63 33 den
1014 299 37 31 21
1076 298 90 34 Mars
1192 302 79 31 1862
1297 312 51 21 om
1377 301 331 45 kommunalstyrelse
1736 307 44 39 på
1802 305 126 42 landet,

321 345 101 33 sådan
447 345 351 43 jordbruksfastighet,
834 347 51 33 för
912 348 133 34 hvilken
1079 349 179 44 bevillning
1288 353 28 41 ej
1347 354 165 42 erlägges,
1542 355 84 33 skall
1648 356 134 42 påföras
1806 357 123 43 fyrktal

320 397 86 33 efter
430 398 56 32 det
509 398 134 43 belopp,
671 410 81 29 som,
776 399 110 33 derest
911 400 176 42 bevillning
1110 402 51 33 för
1184 403 192 35 densamma
1400 407 105 41 enligt
1527 408 69 32 Art.
1621 408 31 32 II
1674 409 10 31 i
1706 409 222 40 Bevillnings-

320 449 141 42 stadgan
488 452 81 39 utgå
605 450 115 40 skulle,
748 452 43 41 på
818 452 106 41 grund
961 452 34 33 af
1027 455 288 41 taxeringsvärdet
1350 463 70 27 mot
1449 459 105 32 sådan
1583 459 179 43 bevillning
1799 473 126 28 svarar,

319 501 173 34 hvaremot
514 502 11 33 i
549 502 159 34 afseende
733 504 43 41 på
802 506 128 31 "annan
954 504 178 43 fastighet"
1158 510 232 33 motsvarande
1415 509 171 35 föreskrift
1609 512 72 33 icke
1705 512 105 34 finnes
1832 514 94 33 med-

320 553 109 40 delad,
464 557 37 29 är
535 554 57 32 det
628 555 51 32 för
713 555 449 44 kommunalbeskattningen
1192 560 37 32 at
1252 561 77 41 vigt,
1356 564 49 30 att
1430 573 39 21 en
1494 563 105 33 sådan
1623 564 163 33 åtskilnad
1811 561 113 49 göres,

320 605 61 33 och
405 605 50 33 får
483 606 133 33 derföre
640 606 172 34 Utskottet
834 607 186 42 hemställa,

819 662 49 30 att
906 660 144 33 berörda
1084 660 158 35 formulär
1273 665 54 31 må
1359 664 151 42 undergå
1545 666 105 33 sådan
1683 667 152 42 ändring,
1873 672 52 29 att

720 710 71 31 deri
825 710 157 41 uppföras
1020 712 164 33 särskilda
1220 714 173 33 kolumner
1419 715 52 32 för
1489 716 347 43 jordbruksfastighet
1860 719 63 32 och

718 760 51 33 för
792 771 110 24 annan
926 761 170 43 fastighet.

1073 885 82 30 16:0.

449 964 52 32 Då
537 964 85 33 först
656 966 105 32 sedan
799 967 214 33 statsverkets
1048 968 103 33 behof
1178 969 110 34 blifvit
1316 971 143 33 utredda
1485 972 62 32 och
1572 972 349 43 bevillningssumman

315 1014 163 41 bestämd,
517 1016 158 42 yttrande
703 1017 66 33 kan
797 1018 139 42 afgifvas
972 1020 172 41 angående
1180 1021 40 33 de
1249 1022 10 32 i
1281 1023 347 42 Bevillningsstadgan
1652 1029 168 38 upptagna
1842 1038 78 30 pro-

316 1069 90 29 cent-
430 1067 63 32 och
521 1067 226 44 sifferbelopp,
772 1069 149 34 kommer
942 1070 171 34 Utskottet
1136 1076 49 29 att
1208 1073 177 34 framdeles
1409 1075 106 32 under
1537 1076 192 40 riksdagens
1745 1078 77 41 lopp
1840 1082 82 37 göra

317 1117 62 33 den
403 1118 131 41 slutliga
556 1119 244 43 framställning
823 1122 10 32 i
856 1121 220 35 förevarande
1101 1127 108 38 ämne,
1235 1125 111 33 dertill
1369 1126 253 34 förhållandena
1644 1128 183 41 föranleda,
1840 1129 83 33 hvil-

316 1169 58 32 ket
396 1169 169 34 Utskottet
587 1171 50 32 får

716 1223 51 32 för
790 1223 187 42 Riksdagen
1002 1226 141 33 anmäla.

450 1322 190 34 Stockholm
666 1324 63 32 den
757 1328 36 29 16
822 1325 87 33 Mars
936 1330 89 30 1880.

916 1480 47 33 På
984 1480 189 34 Utskottets
1194 1486 142 38 vägnar:

976 1577 48 42 A.
1052 1579 54 42 H.
1133 1580 132 42 Fock.
