1884 2802
280 176 37 29 12
692 173 342 27 Jordbruksutskottets
1056 173 158 28 utlåtande
1236 182 35 18 nr
1291 175 47 26 33.

269 260 270 39 ifrågavarande
560 261 136 30 trakter
718 262 62 29 äro
799 261 124 30 stadda
943 261 12 30 i
973 261 136 30 tillväxt
1128 261 78 30 icke
1225 261 207 39 förebragts.
1455 261 65 32 Vid
1542 261 126 31 sådant
1688 262 69 30 för-

268 313 166 31 hållande
458 314 70 30 kan
557 314 170 30 utskottet
751 314 77 30 icke
856 314 139 31 biträda
1020 314 207 39 yrkandena
1253 314 12 31 i
1289 314 222 31 motionerna
1538 325 59 20 om
1623 314 135 39 upphä-

271 368 113 29 vande
411 377 43 20 av
479 367 259 39 fridlysningen
767 377 43 20 av
835 368 96 30 detta
958 368 92 38 djur.
1081 368 122 30 Skulle
1227 368 178 31 skadorna
1431 377 43 21 av
1500 369 65 29 örn
1592 368 22 31 å
1642 367 114 40 någon

269 421 94 29 trakt
386 420 93 31 bliva
501 421 203 35 avsevärda,
727 421 71 30 kan
817 421 205 36 emellertid,
1043 430 76 21 som
1139 421 170 30 utskottet
1330 421 162 30 erinrade
1513 421 59 30 vid
1596 422 81 29 1941
1702 421 56 31 års

270 473 152 39 riksdag,
448 473 407 39 jakträttsinnehavaren
876 473 135 31 erhålla
1034 474 125 38 Kungl.
1183 474 118 38 Maj:ts
1326 473 157 32 tillstånd
1508 477 51 27 att
1584 475 94 30 döda
1702 475 56 29 det

269 527 97 29 antal
386 526 119 39 dylika
529 527 91 39 djur,
643 536 76 21 som
741 527 57 30 för
819 526 126 31 sådant
966 526 166 31 ändamål
1152 528 127 38 prövas
1300 527 131 39 nödigt.

315 584 119 30 Under
459 583 226 40 åberopande
710 594 42 21 av
778 585 58 30 det
862 584 150 32 anförda
1039 585 204 30 hemställer
1267 585 179 36 utskottet,

622 690 38 30 A.
684 693 50 27 att
754 690 189 39 riksdagen
965 689 58 31 må
1041 690 10 30 i
1072 690 168 30 skrivelse
1262 690 53 30 till
1337 690 124 39 Kungl.
1482 690 100 39 Maj:t
1604 690 153 36 anmäla,

581 746 51 28 att
660 743 188 39 riksdagen
878 743 11 30 i
915 743 192 39 anledning
1136 753 44 20 av
1206 744 42 30 de
1275 743 133 40 förslag
1433 743 53 30 till
1514 744 158 30 ändrade
1702 744 56 30 be-

580 798 220 29 stämmelser
822 797 151 30 rörande
994 796 260 39 fridlysningen
1277 806 43 21 av
1341 797 104 38 björn
1466 798 66 29 och
1553 798 45 35 lo,
1619 806 77 21 som
1716 806 42 21 av

580 850 258 39 föredragande
865 849 187 31 statsrådet
1081 850 185 39 framlagts
1295 850 12 30 i
1337 850 233 30 förevarande
1599 849 159 40 proposi-

577 903 86 36 tion,
685 904 150 29 beslutat
857 903 124 39 avgiva
1004 904 58 29 det
1086 904 166 38 yttrande
1272 912 77 21 som
1371 902 190 31 innefattas
1587 903 12 30 i
1625 904 133 29 utskot-

579 960 66 26 tets
673 956 193 36 utlåtande;

625 1009 36 30 B.
688 1013 49 27 att
761 1009 224 31 motionerna
1011 1010 28 29 I:
1053 1010 75 35 212,
1158 1010 27 29 I:
1201 1010 63 30 216
1289 1010 68 30 och
1385 1010 45 30 II:
1445 1010 74 36 315,
1544 1010 11 30 i
1581 1010 69 30 den
1675 1009 83 31 mån

579 1064 44 29 de
644 1063 33 39 ej
702 1064 121 29 kunna
847 1072 102 21 anses
974 1063 192 30 besvarade
1191 1071 126 31 genom
1343 1064 67 30 vad
1432 1063 171 30 utskottet
1628 1063 130 35 anfört,

578 1116 80 31 icke
679 1116 59 31 må
759 1116 185 31 föranleda
964 1115 118 40 någon
1101 1116 207 39 riksdagens
1328 1116 133 39 åtgärd.

313 1213 204 30 Stockholm
540 1214 69 29 den
636 1214 37 28 11
696 1213 72 38 maj
796 1213 93 29 1943.

708 1308 48 31 På
774 1308 373 39 jordbruksutskottets
1167 1309 143 40 vägnar:

848 1415 37 31 L.
908 1411 269 35 TJÄLLGREN.

304 1707 52 24 Vid
377 1707 77 24 detta
477 1706 119 25 ärendes
617 1706 230 32 slutbehandling
871 1706 74 24 hava
965 1706 126 24 närvarit

302 1750 66 26 från
388 1751 121 25 första
527 1751 179 25 kammaren:
727 1751 99 24 herrar
842 1750 153 31 Tjällgren,
1016 1749 64 25 Carl
1097 1750 135 25 Edmund
1249 1750 147 32 Eriksson,
1417 1751 133 32 Granath,
1569 1751 189 31 Gabrielsson,

268 1786 98 30 Alfred
389 1786 172 31 Andersson,
585 1786 92 25 Jacob
702 1787 142 30 Hansson,
867 1787 121 25 friherre
1010 1786 163 25 Beck-Friis
1196 1787 54 24 och
1275 1786 129 25 Näslund
1428 1789 74 22 samt

303 1830 65 25 från
390 1832 114 24 andra
528 1832 179 24 kammaren:
732 1832 98 24 herrar
855 1831 164 25 Andersson
1041 1831 9 25 i
1071 1831 108 30 Löbbo,
1201 1831 165 25 Andersson
1387 1832 9 24 i
1416 1832 161 31 Tungelsta,
1604 1832 154 31 Gustafson

267 1867 9 24 i
298 1867 173 32 Vimmerby,
492 1867 135 24 Ericsson
646 1867 10 25 i
675 1867 126 32 Sörsjön,
822 1867 98 31 Mäler,
943 1867 164 31 Carlström,
1126 1867 147 25 Jacobson
1295 1868 54 25 och
1371 1867 123 26 Larsson
1514 1868 9 25 i
1543 1868 142 25 Karlstad.

875 2147 269 36 Reservation

311 2243 43 20 av
374 2234 80 30 herr
473 2235 185 36 Jacobson,
680 2234 114 30 vilken
814 2237 121 33 ansett,
956 2237 49 28 att
1021 2235 167 30 utskottet
1206 2235 79 31 bort
1303 2235 172 39 tillstyrka
1492 2235 99 31 bifall
1612 2235 51 31 till
1685 2245 71 21 mo-

266 2286 119 31 tionen
405 2288 44 30 II:
464 2288 73 30 315.

712 2531 92 21 Statens
817 2531 282 27 Reproduktionsanstalt,
1114 2531 135 22 Stockholm
1265 2531 52 22 1943

960 2566 100 22 77543
