1906 2822
417 145 239 31 Sammansatt
673 148 266 31 konstitutions-
956 151 63 28 och
1036 150 112 40 första
1167 152 209 39 lagutskotts
1605 157 38 29 19

674 202 219 31 betänkande
907 213 42 20 nr
965 204 15 30 1
997 204 39 31 år
1051 204 83 31 1967

161 279 192 40 översynen
381 290 42 20 av
451 282 316 31 ämbetsansvarets
795 284 222 41 omfattning.
1045 286 177 31 Utskottet
1250 289 156 29 ansluter
1435 289 50 40 sig
1513 290 128 30 härtill.

162 333 218 41 Prövningen
401 335 11 29 i
434 336 94 29 detta
550 337 254 40 sammanhang
824 338 111 31 måste
957 339 83 40 utgå
1060 340 81 30 från
1162 343 50 28 att
1233 342 155 30 nämnda
1408 343 234 41 begränsning

161 387 182 40 föreligger
366 389 64 30 och
453 392 50 27 att
526 390 78 30 dess
627 391 232 31 avskaffande
881 394 82 29 eller
985 394 243 31 bibehållande
1250 396 158 30 kommer
1431 399 50 28 att
1504 398 138 30 övervä-

161 448 59 32 gas
233 442 11 29 i
260 451 121 21 senare
396 444 266 40 sammanhang.

205 496 238 40 Utredningen
462 498 64 29 har
546 499 192 30 emellertid
758 500 104 30 också
883 502 252 35 understrukit,
1157 506 50 27 att
1227 504 56 30 det
1302 505 204 40 rättsskydd
1526 506 54 30 för
1601 506 40 30 de

157 550 159 29 enskilda
343 559 74 21 som
445 552 128 39 skapas
601 560 123 32 genom
751 554 477 42 taxeringsförfattningarna
1256 558 110 30 måste
1394 559 248 40 kompletteras

159 603 80 29 med
258 604 120 40 tillsyn
398 613 123 31 genom
541 606 51 30 JO
613 607 64 29 och
697 609 50 28 att
767 608 114 30 denna
900 609 121 40 tillsyn
1040 610 112 30 måste
1172 620 101 21 anses
1292 622 84 20 vara
1396 622 42 20 av
1458 616 70 27 stor
1547 614 93 39 bety-

160 657 92 29 delse
277 659 85 28 trots
388 660 48 29 att
460 659 290 37 befogenheterna
773 662 64 29 här
862 663 37 29 är
923 663 221 37 begränsade.
1169 665 52 29 En
1246 665 170 39 utökning
1439 676 42 21 av
1505 668 137 37 inspek-

158 711 364 31 tionsverksamheten
542 714 45 39 på
608 714 272 32 skatteområdet
900 717 63 29 bör
984 717 106 40 enligt
1111 719 250 40 utredningens
1382 721 142 40 mening
1544 721 97 30 kom-

159 774 58 20 ma
237 766 52 29 till
310 766 113 30 stånd.
444 767 67 30 För
532 770 50 27 att
602 769 181 39 tillgodose
804 770 94 30 detta
917 771 64 29 har
1002 772 232 40 utredningen
1253 774 45 29 bl.
1320 784 29 19 a.
1370 774 180 40 föreslagit
1571 776 70 29 sär-

159 818 115 30 skilda
292 821 197 38 personella
507 821 292 41 förstärkningar.
820 824 48 29 På
888 824 100 31 dessa
1006 825 101 40 ingår
1127 827 170 30 utskottet
1315 828 72 29 inte
1406 829 11 29 i
1438 829 94 30 detta
1553 839 87 20 sam-

159 873 179 40 manhang
355 876 86 27 utan
458 875 211 31 inskränker
687 877 51 39 sig
755 877 52 30 till
826 879 50 28 att
893 878 190 31 instämma
1099 880 12 29 i
1129 881 216 30 önskemålet
1363 891 56 21 om
1438 892 42 20 en
1497 884 144 29 intensi-

158 926 127 40 fiering
299 937 42 20 av
354 928 165 40 tillsynen
535 930 79 29 över
628 931 354 40 taxeringsväsendet.

200 1035 79 30 Med
297 1036 66 29 vad
383 1045 48 20 nu
451 1037 135 30 anförts
606 1038 64 29 har
690 1039 169 30 utskottet
880 1040 188 30 behandlat
1089 1042 249 40 utredningens
1360 1044 131 40 förslag
1512 1045 10 29 i
1544 1045 98 40 fråga

155 1097 58 21 om
241 1090 172 39 utökning
441 1100 42 20 av
511 1092 447 41 ombudsmannatillsynen
989 1096 80 29 över
1098 1095 93 30 olika
1221 1097 420 31 verksamhetsområden.

156 1143 64 29 Det
248 1143 148 30 återstår
425 1144 185 31 därutöver
639 1148 49 27 att
717 1148 151 37 granska
897 1148 41 30 de
966 1149 183 38 yrkanden
1176 1150 11 29 i
1217 1159 134 21 samma
1380 1151 158 41 riktning
1568 1162 74 20 som

156 1196 208 31 framställts
380 1198 11 29 i
405 1197 322 39 följdmotionerna,
743 1201 109 29 innan
868 1202 169 30 utskottet
1054 1203 70 29 kan
1140 1204 81 39 ingå
1237 1204 44 39 på
1298 1204 123 40 frågan
1439 1215 56 20 om
1513 1207 129 29 arbets-

156 1250 244 40 fördelningen
419 1253 128 29 mellan
568 1254 313 30 ombudsmännen.

201 1304 80 30 Som
306 1305 275 40 huvudpunkter
604 1307 11 29 i
642 1308 218 30 motionerna
886 1309 168 30 framstår
1080 1311 210 30 hemställan
1318 1321 57 21 om
1402 1315 50 27 att
1480 1314 162 30 ombuds-

155 1359 172 29 männens
352 1360 95 29 antal
473 1360 88 29 skall
586 1361 85 30 ökas
696 1362 81 29 från
800 1363 58 29 två
881 1363 52 30 till
958 1366 61 28 tre.
1046 1365 102 29 Detta
1172 1365 64 29 har
1261 1366 230 39 tillgodosetts
1519 1375 123 32 genom

156 1412 188 30 utskottets
368 1414 334 40 ställningstagande
724 1416 11 29 i
758 1416 114 30 denna
894 1417 109 39 fråga.
1027 1418 194 30 Därutöver
1245 1420 129 29 uttalar
1399 1420 51 40 sig
1473 1422 169 29 motionä-

155 1475 103 20 rerna
280 1466 54 29 för
357 1476 42 20 en
421 1468 173 40 utökning
617 1478 41 20 av
680 1469 165 40 tillsynen
868 1472 80 28 över
971 1472 467 42 kommunalförvaltningen
1463 1476 65 28 och
1550 1477 92 28 taxe-

155 1519 273 40 ringsväsendet.
454 1522 116 39 Enligt
596 1523 187 30 utskottets
809 1524 141 40 mening
975 1525 64 30 har
1064 1526 11 29 i
1100 1528 76 28 vart
1202 1527 62 29 fall
1290 1527 218 31 motionerna
1535 1530 30 28 I:
1580 1529 62 30 733

155 1574 63 28 och
241 1574 48 29 II:
305 1574 62 30 916
390 1575 98 29 blivit
510 1576 11 29 i
544 1576 186 30 huvudsak
752 1578 188 31 besvarade
964 1579 11 29 i
999 1580 87 29 även
1109 1580 101 30 dessa
1233 1581 95 30 delar
1353 1590 123 31 genom
1500 1583 67 30 vad
1590 1585 52 28 ut-

156 1627 128 30 skottet
303 1629 11 28 i
332 1628 56 30 det
407 1629 207 39 föregående
633 1631 117 30 anfört
769 1641 56 20 om
843 1632 126 40 vidgad
987 1633 120 40 tillsyn
1127 1635 79 29 över
1225 1635 246 31 vårdområdet
1490 1637 65 29 och
1576 1638 65 29 den

156 1682 306 40 specialreglerade
478 1684 466 42 kommunalförvaltningen
961 1688 11 28 i
989 1688 120 39 övrigt,
1128 1689 79 29 över
1224 1690 154 29 centrala
1396 1690 245 41 förvaltnings-

155 1736 252 39 myndigheter,
426 1737 141 30 särskilt
588 1738 130 30 sådana
738 1739 78 30 med
835 1741 346 39 tillsynsfunktioner
1200 1743 12 29 i
1231 1743 220 31 förhållande
1471 1745 53 29 till
1545 1745 96 29 kom-

155 1790 143 29 munala
324 1798 116 31 organ,
468 1791 64 29 och
558 1792 80 29 över
664 1793 352 39 taxeringsväsendet.
1044 1795 217 30 Motionerna
1288 1797 31 28 I:
1335 1796 62 30 734
1424 1798 64 28 och
1516 1798 47 29 II:
1578 1799 63 29 915

157 1843 112 39 syftar
286 1844 192 30 emellertid
494 1845 11 29 i
522 1845 70 30 viss
611 1846 82 29 mån
711 1847 127 39 längre.

201 1897 58 29 Ett
285 1898 141 29 område
452 1908 43 20 av
520 1899 475 42 kommunalförvaltningen,
1024 1912 75 20 som
1125 1904 170 30 utskottet
1321 1905 71 29 inte
1419 1905 114 30 berört
1561 1915 80 20 men

157 1958 75 21 som
253 1951 230 30 aktualiseras
504 1960 124 31 genom
649 1954 219 30 sistnämnda
888 1956 180 35 motioner,
1090 1957 38 29 är
1149 1957 65 29 den
1236 1958 226 30 kommunala
1484 1960 156 39 egenför-

158 2003 198 40 valtningen
382 2005 106 39 enligt
513 2006 360 41 kommunallagarna.
900 2009 130 29 Härom
1055 2010 62 30 bör
1142 2011 52 29 till
1220 2020 42 20 en
1287 2011 125 40 början
1438 2013 201 34 antecknas,

156 2057 51 29 att
226 2056 239 41 fullmäktiges
486 2060 65 28 och
571 2060 355 40 landstingsmötenas
946 2063 114 30 beslut
1080 2064 38 29 är
1139 2065 254 39 undandragna
1412 2066 87 30 JO:s
1521 2067 118 39 tillsyn

156 2110 52 29 till
229 2109 89 41 följd
339 2121 42 20 av
401 2112 132 30 dennas
553 2112 233 42 begränsning
807 2115 52 29 till
880 2117 49 28 att
950 2125 79 20 avse
1051 2117 122 30 endast
1194 2118 79 29 dem
1294 2128 75 20 som
1391 2120 36 29 är
1449 2121 190 29 underkas-

156 2164 79 28 tade
252 2164 80 29 fullt
349 2165 271 31 ämbetsansvar.
637 2167 237 40 Upphävande
890 2178 41 20 av
947 2170 114 30 denna
1077 2171 256 41 inskränkning
1348 2173 63 29 har
1428 2174 70 29 inte
1514 2174 126 40 ifråga-

157 2218 86 28 satts
269 2218 11 28 i
305 2218 227 30 motionerna.
560 2219 135 40 Frågan
721 2221 106 39 gäller
853 2222 148 30 sålunda
1027 2224 123 30 endast
1175 2225 274 31 kommunernas
1477 2229 163 37 styrelser

153 2288 44 3 —
229 2270 436 38 kommunalnämnderna,
699 2274 330 37 drätselkamrarna,
1064 2278 319 40 stadskollegierna,
1417 2281 223 39 kyrkoråden

155 2324 65 29 och
248 2325 240 40 landstingens
517 2326 368 41 förvaltningsutskott
912 2348 44 3 —
985 2333 90 27 samt
1104 2332 40 29 de
1174 2332 208 31 fakultativa
1411 2335 227 36 nämnderna,

156 2378 64 29 och
239 2378 101 30 dessa
359 2379 157 31 närmast
535 2380 11 29 i
565 2381 100 29 deras
685 2381 203 31 funktioner
909 2392 75 21 som
1002 2385 401 42 verkställighetsorgan.
1424 2389 66 29 Vid
1510 2399 42 19 en
1572 2391 67 28 dis-

155 2431 146 30 kussion
324 2441 57 20 om
405 2432 306 41 JO-inspektioner
735 2435 43 39 på
803 2436 157 31 området
984 2437 110 31 måste
1118 2439 56 30 det
1198 2439 154 37 beaktas,
1378 2443 49 28 att
1452 2443 114 30 denna
1589 2444 49 29 in-

157 2485 217 40 skränkning
397 2486 54 29 får
473 2487 258 30 konsekvenser
753 2498 42 20 av
815 2492 77 28 rent
914 2491 160 39 praktisk
1097 2495 52 27 art
1173 2501 123 31 genom
1319 2497 49 28 att
1391 2497 247 40 gransknings-
