1894 2844
308 170 17 30 2
699 167 292 33 Statsutskottets
1012 167 183 31 memorial
1216 167 52 30 Nr
1290 167 50 31 46.

262 246 208 31 kammaren
488 256 45 21 av
551 246 81 30 herr
650 246 44 31 K.
714 246 38 32 G.
772 246 181 32 Westman
971 256 44 21 m.
1034 245 38 36 fl.
1093 244 55 36 (nr
1167 243 51 37 65)
1238 244 64 31 och
1318 244 68 32 den
1404 243 115 32 audra
1536 248 95 26 inom
1649 243 114 31 andra

262 298 208 31 kammaren
491 308 46 20 av
558 298 81 30 herr
664 296 213 34 Österström
902 308 44 20 m.
969 298 38 35 fl.
1034 296 55 36 (nr
1110 296 72 36 202)
1205 295 110 32 bland
1335 296 121 35 annat,
1477 294 210 36 hemställts,
1710 297 54 28 att

262 361 45 20 av
329 350 164 37 anslaget
516 350 57 31 till
593 349 173 37 avlöning
791 350 54 30 till
868 349 165 36 personal
1055 349 58 32 vid
1141 349 119 30 staber
1286 348 63 31 och
1371 347 265 36 truppförband
1658 357 44 20 m.
1727 346 37 30 fl.

262 404 93 29 samt
377 412 47 22 av
445 401 250 37 vederbörliga
719 401 337 37 underhållsanslag
1078 402 112 30 måtte
1213 399 176 33 bestridas
1410 399 241 32 kostnaderna
1675 399 55 30 för
1754 398 11 30 i

264 453 178 33 motionen
463 454 155 36 angiven
638 453 166 37 personal
827 453 60 31 vid
910 452 172 32 Gotlands
1103 452 231 32 artillerikår.

303 505 272 32 Statsutskottet
598 505 89 32 hade
711 505 12 31 i
746 505 63 31 sitt
831 505 186 31 utlåtande
1040 515 42 20 nr
1105 505 37 31 37
1163 504 114 31 under
1299 504 159 36 punkten
1480 502 82 37 4:0),
1586 503 11 30 i
1620 503 66 30 den
1708 502 56 31 del

262 567 124 21 varom
410 567 50 22 nu
485 560 40 28 är
549 557 114 36 fråga,
685 557 192 36 hemställt,
901 558 53 29 att
977 556 193 37 riksdagen
1191 557 111 30 måtte
1324 555 80 31 med
1425 555 105 31 bifall
1553 554 56 31 till
1630 554 134 36 Kungl.

263 609 126 36 Maj:ts
408 609 137 37 förslag
562 609 64 31 och
643 609 79 31 med
740 608 125 37 avslag
883 609 20 30 å
920 608 102 31 såväl
1039 608 81 31 herr
1138 607 32 31 J.
1188 607 39 31 B.
1244 607 220 31 Johanssons
1481 616 44 21 m.
1545 606 37 31 fl.
1601 606 64 31 och
1682 606 82 30 herr

263 661 196 32 Lindmans
478 672 45 20 m.
543 662 38 30 fl.
600 661 175 31 motioner
797 661 43 34 (I:
855 662 18 29 5
892 661 65 31 och
975 661 53 31 IT:
1043 660 64 37 17),
1132 661 6 30 i
1158 660 71 31 vad
1249 660 41 31 de
1308 660 131 34 avsåge
1459 658 134 36 ökning
1614 667 44 21 av
1679 657 83 31 kad-

263 724 107 21 rarna
395 714 63 31 vid
485 713 170 32 Gotlands
680 713 243 31 infanterikår
949 713 64 31 och
1038 713 63 31 vid
1126 712 171 31 Gotlands
1323 711 232 35 artillerikår,
1582 720 75 21 som
1682 709 82 31 herr

263 766 45 30 K.
335 766 37 31 G.
400 765 203 32 Westmans
630 775 44 22 m.
703 765 39 31 fl.
771 766 64 30 och
861 765 83 31 herr
971 763 231 33 Österströms
1230 773 45 21 m.
1304 763 38 30 fl.
1369 762 176 31 motioner
1576 761 44 35 (I:
1637 761 36 31 65
1702 760 63 31 och

264 818 52 31 IT:
335 817 78 36 202),
437 818 12 30 i
476 817 70 31 vad
568 817 100 32 dessa
691 817 173 31 motioner
889 818 132 36 avsåge
1047 816 131 36 ökning
1204 826 45 20 av
1272 815 135 32 kadern
1431 814 62 31 vid
1518 813 170 32 Gotlands
1713 823 53 20 ar-

264 869 188 36 tillerikår,

304 922 73 32 dels
396 922 172 36 förklara,
587 924 52 30 att
658 922 41 31 de
719 932 45 21 av
784 922 194 35 riksdagen
997 922 56 30 för
1072 921 212 36 budgetåret
1303 917 169 42 1934/1935
1492 918 187 37 godkända
1698 919 69 29 sta-

264 976 101 29 terna
388 974 56 31 för
468 974 258 36 generalitetet,
750 973 455 36 arméfördelningsstaber,
1229 971 236 32 militärbefäl
1488 971 66 31 och
1578 969 189 37 inspektio-

263 1035 72 28 ner,
356 1026 380 36 kommendantskapet
758 1026 11 30 i
791 1025 130 36 Boden,
942 1024 448 37 rullföringsbefälhavare
1411 1023 81 32 med
1512 1022 175 36 biträden,
1709 1022 59 30 ba-

266 1078 256 37 taljonsläkare
547 1078 63 31 vid
636 1078 296 36 fältläkarkåren,
957 1077 236 36 krigsskolan,
1217 1076 193 37 ridskolan,
1436 1074 264 37 truppförband
1723 1083 41 21 av

264 1130 222 37 infanteriet,
512 1132 99 29 utom
637 1130 91 32 Svea
755 1129 163 37 livgarde
942 1130 67 31 och
1035 1129 89 32 Göta
1149 1129 173 36 livgarde,
1348 1127 264 37 truppförband
1637 1137 46 20 av
1708 1126 59 31 ka-

265 1182 163 31 valleriet
455 1182 65 31 och
546 1182 199 37 artilleriet,
773 1182 336 36 överstelöjtnanter
1135 1182 65 30 och
1225 1181 156 36 majorer
1407 1179 63 32 vid
1495 1179 269 35 kavallerirege-

264 1236 174 34 mentena,
464 1234 209 32 artilleriets
699 1234 160 31 fabriker
884 1234 64 31 och
973 1233 251 37 tyganstalter,
1249 1232 324 37 ingenjörkårerna
1597 1231 64 31 och
1687 1230 82 31 fält-

265 1286 278 37 telegrafkåren,
577 1286 191 31 officerare
803 1286 65 31 och
900 1285 309 32 underofficerare
1241 1284 81 32 med
1345 1284 204 32 vederlikar
1575 1294 44 21 m.
1647 1283 37 31 fl.
1709 1282 61 31 vid

266 1340 160 35 trängen,
452 1338 275 37 trängkårerna,
752 1337 388 37 garnisonssjukhusen
1163 1338 21 30 å
1208 1336 200 36 Karlsborg
1433 1336 66 31 och
1523 1336 13 30 i
1560 1335 131 35 Boden,
1716 1345 54 20 ar-

264 1392 98 30 méns
395 1390 337 37 sjuksköterskekår
766 1392 92 29 samt
890 1389 304 37 polispersonalen
1227 1389 11 30 i
1272 1388 121 32 Boden
1428 1388 64 31 och
1526 1388 20 31 å
1570 1387 199 36 Karlsborg

266 1443 99 31 skola
384 1443 12 31 i
417 1442 211 32 oförändrat
651 1442 101 32 skick
775 1442 97 36 gälla
892 1441 113 32 under
1026 1441 212 37 budgetåret
1258 1439 181 37 1935/1936,

304 1495 74 32 dels
399 1496 66 31 ock
488 1495 188 36 godkänna
697 1495 44 31 de
764 1494 60 31 vid
844 1493 391 37 statsrådsprotokollet
1257 1495 83 29 över
1363 1492 318 32 försvarsärenden
1703 1491 67 32 den

265 1548 19 29 4
304 1546 146 37 januari
474 1547 78 31 1935
575 1547 126 35 fogade
725 1546 135 36 förslag
883 1546 56 31 till
961 1547 113 30 stater
1097 1545 55 31 för
1175 1545 281 37 generalstaben,
1479 1544 291 35 artilleristaben,

266 1598 309 38 krigshögskolan,
602 1598 168 32 artilleri-
797 1599 65 31 och
887 1598 373 37 ingenjörhögskolan,
1285 1597 228 36 skjutskolan
1537 1597 56 31 för
1617 1596 153 31 infante-

268 1651 66 31 riet
352 1652 65 31 och
432 1651 224 36 kavalleriet,
674 1650 210 32 artilleriets
902 1649 211 38 skjutskola,
1130 1651 140 29 arméns
1287 1648 374 36 underofficersskola,
1680 1648 91 32 Svea

267 1702 172 38 livgarde,
474 1703 91 31 Göta
594 1703 174 36 livgarde,
800 1702 190 31 officerare
1022 1702 67 31 och
1119 1701 308 32 underofficerare
1458 1701 80 32 med
1569 1700 203 32 vederlikar

267 1765 43 21 m.
348 1755 37 31 fl.
423 1755 63 31 vid
521 1754 300 37 fortifikationen,
855 1753 346 32 intendenturkåren
1236 1755 93 30 samt
1355 1752 380 38 garnisonssjukhuset
1760 1754 11 29 i

269 1807 214 36 Stockholm,
501 1808 55 30 att
576 1807 95 36 gälla
693 1806 113 32 under
827 1806 214 37 budgetåret
1059 1804 179 42 1935/1936.

307 1859 18 32 I
357 1869 44 21 en
435 1859 65 32 vid
533 1858 191 32 utskottets
759 1858 186 32 utlåtande
970 1858 110 37 fogad
1102 1858 222 31 reservation
1348 1857 90 32 hade
1463 1857 82 32 herr
1570 1857 167 32 Carlsson
1761 1857 10 30 i

269 1910 110 33 Gävle
397 1921 45 22 m.
461 1911 40 37 fl.
521 1911 191 36 hemställt,
731 1912 56 30 att
804 1910 193 37 riksdagen
1015 1911 121 35 måtte,

308 1962 80 33 med
402 1963 108 31 bifall
525 1963 57 32 till
597 1963 102 31 såväl
714 1963 84 31 herr
814 1962 33 32 J.
864 1962 39 31 B.
946 1962 194 32 Johanssons
1156 1972 45 21 m.
1219 1962 39 31 fl.
1276 1962 63 31 och
1356 1962 82 31 herr
1455 1962 196 32 Lindmans
1669 1972 45 20 m.
1735 1962 37 30 fl.

268 2014 174 31 motioner
465 2013 46 36 (I:
526 2015 17 31 5
565 2015 64 31 och
649 2014 52 31 II:
716 2013 53 36 17)
794 2024 74 21 som
886 2014 84 31 herr
990 2014 46 32 K.
1059 2015 37 31 G.
1117 2013 201 33 Westmans
1339 2024 45 21 m.
1405 2014 39 31 fl.
1464 2014 66 31 och
1551 2014 82 31 herr
1655 2011 114 34 Öster-

268 2067 128 31 ströms
419 2077 45 20 m.
489 2067 37 31 fl.
549 2066 238 32 omförmälda
810 2066 175 31 motioner
1011 2065 97 36 (1:65
1132 2067 65 30 och
1220 2066 52 31 IT:
1286 2065 84 37 202),
1392 2066 171 36 samtliga
1585 2066 184 35 motioner,

268 2118 111 32 såvitt
400 2119 81 31 däri
503 2120 149 35 avsåges
671 2118 135 36 ökning
827 2128 46 21 av
891 2118 138 32 kadern
1050 2118 61 32 vid
1131 2118 171 32 Gotlands
1324 2118 233 36 artillerikår,
1578 2119 92 30 samt
1690 2118 79 30 med

270 2170 123 37 avslag
410 2172 21 30 å
448 2171 84 31 herr
550 2171 32 31 J.
599 2170 38 32 B.
681 2170 196 31 Johanssons
893 2180 45 21 m.
956 2170 38 32 fl.
1014 2170 65 31 och
1096 2170 82 31 herr
1195 2170 196 31 Lindmans
1408 2180 45 21 m.
1472 2171 39 30 fl.
1527 2170 243 37 nyssnämnda

269 2222 183 37 motioner,
475 2223 12 30 i
511 2223 69 31 vad
603 2222 181 31 desamma
806 2223 130 36 avsåge
957 2222 135 36 ökning
1113 2232 44 22 av
1180 2222 136 31 kadern
1339 2223 60 31 vid
1422 2222 173 32 Gotlands
1616 2222 154 31 infante-

269 2274 109 37 rikår,

308 2327 75 32 dels
401 2327 172 36 förklara,
592 2328 54 30 att
662 2328 43 30 de
725 2337 46 20 av
789 2326 193 36 riksdagen
1001 2327 57 30 för
1077 2327 212 36 budgetåret
1308 2326 170 36 1934/1935
1499 2326 187 37 godkända
1705 2328 69 30 sta-

270 2380 102 31 terna
396 2379 56 32 för
476 2378 257 37 generalitetet,
758 2378 453 37 arméfördelningsstaber,
1234 2378 238 32 militärbefäl
1496 2379 65 31 och
1584 2378 190 37 inspektio-

270 2441 72 28 ner,
362 2431 383 36 kommendantskapet
767 2431 12 30 i
800 2430 130 37 Boden,
952 2430 447 37 rullföringsbefälhavare
1420 2431 80 31 med
1521 2431 174 36 biträden,
1717 2430 57 31 ba-

271 2483 257 37 taljonsläkare
555 2483 60 32 vid
641 2483 296 36 fältläkarkåren,
960 2482 238 38 krigsskolan,
1223 2482 193 38 ridskolan,
1442 2482 263 39 truppförband
1729 2492 43 24 av
