1906 2806
444 162 396 32 Jordbruksutskottets
868 163 189 32 utlåtande
1085 163 53 31 Nr
1160 163 51 31 54.
1537 163 38 30 13

110 241 69 31 kan
203 241 165 31 utskottet
391 240 74 31 icke
488 240 96 31 finna
608 240 213 37 tillräckliga
843 241 75 31 skäl
942 241 168 36 föreligga
1133 241 55 32 för
1203 243 48 29 ett
1267 241 292 36 tillmötesgående
1574 253 45 19 av

109 293 42 30 de
174 293 12 30 i
208 293 219 31 motionerna
455 292 220 32 framställda
697 293 172 36 förslagen
893 303 55 21 om
972 293 155 36 lindring
1151 294 12 30 i
1187 294 173 30 villkoren
1382 294 53 30 för
1458 294 57 30 lån
1540 294 78 30 från

108 344 467 37 täckdikningslånefonden,
609 345 98 30 vilka
741 345 110 36 enligt
886 345 179 31 utskottets
1092 346 141 35 mening
1257 345 104 31 redan
1383 356 48 20 nu
1455 346 163 30 innebära

110 397 195 37 väsentliga
339 397 187 31 förmåner.
573 397 131 31 Härtill
738 398 165 34 kommer,
926 398 51 29 att
1001 397 56 31 det
1080 397 307 31 statsekonomiska
1410 398 91 35 läget
1523 398 96 35 inga-

109 450 109 31 lunda
248 449 163 37 inbjuder
434 450 56 31 till
513 449 220 37 företagande
755 460 46 20 av
824 449 170 37 åtgärder,
1018 449 202 36 varigenom
1243 451 111 30 staten
1376 450 112 31 skulle
1510 451 108 30 åsam-

109 503 62 30 kas
193 503 110 30 större
326 502 241 36 uppoffringar
589 504 45 28 än
658 511 73 22 som
754 502 119 30 kunna
896 511 99 21 anses
1017 502 281 37 oundgängligen
1322 502 228 37 nödvändiga.

152 554 120 32 Under
295 554 214 36 åberopande
534 564 45 20 av
602 554 57 31 det
682 554 146 31 anförda
851 554 197 31 hemställer
1070 555 173 36 utskottet,

555 651 51 29 att
630 649 225 31 förevarande
877 650 168 30 motioner
1066 650 135 30 II:187
1224 650 61 30 och
1312 652 60 29 196
1389 651 73 30 icke
1479 661 56 20 må
1551 651 66 29 för-

513 701 121 31 anleda
657 702 113 35 någon
795 701 201 36 riksdagens
1018 702 133 36 åtgärd.

151 797 200 31 Stockholm
375 797 64 30 den
465 797 17 29 3
507 796 70 36 maj
603 796 94 30 1927.

557 892 49 30 På
631 891 367 36 jordbruksutskottets
1022 894 145 34 vägnar:

731 986 36 32 O.
793 986 202 32 NILSSON.

143 1241 54 24 Vid
217 1241 76 24 detta
311 1240 118 25 ärendes
448 1240 230 31 slutbehandling
696 1241 71 23 hava
786 1241 135 23 närvarit:

142 1290 61 27 från
235 1294 108 23 första
366 1293 208 24 kammaren:
599 1293 97 23 herrar
716 1293 169 24 S$Sederholm,
906 1293 96 29 Norin,
1027 1293 183 24 Gabrielsson,
1234 1294 153 23 Andersson
1409 1295 6 21 i
1438 1294 173 30 Fältenborg,

106 1337 135 24 Eriksson
261 1337 9 23 i
290 1336 121 31 Ljusdal,
434 1338 99 30 Kropp,
552 1337 156 24 Alexander
727 1337 112 23 Nilsson
860 1336 53 23 och
937 1336 107 31 Vaifrid
1063 1336 147 29 Eriksson;
1230 1339 72 21 samt

143 1386 61 27 från
232 1389 106 24 andra
365 1389 209 24 kammaren:
603 1389 98 24 herrar
730 1389 110 24 Nilsson
863 1389 6 23 i
890 1386 98 33 Tånga,
1011 1389 97 24 Olsson
1139 1389 6 23 i
1177 1389 131 32 Broberg,
1328 1391 157 23 Johansson
1507 1391 7 22 i
1536 1390 76 30 Upp-

106 1434 104 30 mälby,
234 1434 91 26 Sköld,
340 1434 149 24 Pettersson
505 1434 6 23 i
528 1433 106 30 Bjälbo,
650 1433 165 31 Gustafsson
835 1434 3 22 i
854 1433 170 30 Vimmerby,
1041 1434 97 23 Olsson
1154 1433 6 23 i
1177 1433 210 31 Rödningsberg
1399 1434 50 23 och
1466 1434 142 29 Lindgren.

676 1724 361 38 Reservation

149 1846 44 20 av
222 1836 81 30 herr
326 1835 202 31 Alexander
552 1836 154 35 Nilsson,
732 1844 73 21 som
829 1837 116 29 ansett
967 1836 53 29 att
1043 1836 169 30 utskottet
1238 1836 77 30 bort
1339 1835 194 36 hemställa,
1557 1838 52 27 att

104 1887 192 37 riksdagen
319 1888 108 30 måtte
452 1887 144 36 vidtaga
620 1887 66 31 den
709 1887 154 36 ändring
887 1888 55 30 uti
965 1887 164 36 gällande
1152 1888 155 35 grunder
1331 1888 54 30 för
1407 1887 203 31 erhållande

103 1950 46 20 av
173 1940 61 30 lån
258 1949 43 21 ur
325 1939 477 37 täckdikningslånefonden,
819 1941 53 29 att
888 1939 166 36 samtliga
1071 1940 60 30 lån
1148 1940 99 30 skola
1263 1950 85 20 vara
1364 1940 246 35 amorterings-

104 1991 64 31 och
192 1991 171 31 räntefria
388 1991 40 31 de
452 1992 62 30 två
538 1992 110 30 första
672 1992 84 30 åren
779 1993 92 29 samt
895 1993 52 29 att
964 1991 40 31 de
1020 1992 100 31 skola
1136 1992 174 31 inbetalas
1327 1991 75 31 med
1419 2001 42 21 en
1478 1991 132 31 tionde-

103 2043 57 31 del
184 2044 12 29 i
220 2043 107 32 slutet
351 2053 44 21 av
421 2045 80 29 vart
525 2043 62 32 och
611 2044 49 30 ett
684 2053 45 20 av
754 2043 40 30 de
819 2043 108 36 därpå
951 2043 155 36 följande
1131 2044 40 30 10
1195 2045 93 29 åren.
