1830 2788
263 116 18 31 2
664 120 387 42 Jordbruksutskottets
1075 122 179 42 utlåtande
1275 133 44 22 nr
1340 125 30 41 2.

264 193 329 31 kontrollstationen
611 195 12 30 i
643 195 166 41 Kävlinge
828 197 117 31 finner
965 198 59 40 jag
1042 199 71 39 mig
1131 200 157 29 däremot
1307 200 11 29 i
1337 200 229 31 förevarande
1586 210 174 22 samman-

265 243 93 40 hang
377 244 74 31 icke
471 245 120 30 kunna
608 246 186 40 tillstyrka.
812 248 65 39 Jag
895 249 160 29 förordar
1075 250 157 34 sålunda,
1252 252 50 28 att
1322 250 53 31 för
1394 251 245 32 förstnämnda
1658 254 105 29 ända-

263 294 72 30 mål
353 295 88 30 skall
460 295 20 30 å
497 296 209 40 tilläggsstat
725 298 54 29 för
797 298 235 31 innevarande
1050 300 170 39 budgetår
1240 301 138 30 anvisas
1397 303 47 28 ett
1464 302 122 41 anslag
1603 312 43 22 av
1663 304 19 29 3
1696 303 63 30 500

263 345 160 31 kronor.»

310 420 183 31 Utskottet.
516 422 78 30 Med
616 422 205 31 biträdande
843 433 42 21 av
907 425 123 39 Kungl.
1053 425 124 40 Maj:ts
1202 427 260 41 framställning
1483 428 203 31 hemställer
1709 431 52 28 ut-

265 471 139 36 skottet,

324 544 2 2 :
621 525 51 28 att
694 524 187 41 riksdagen
902 527 58 29 må
981 527 52 28 till
1055 527 143 30 Diverse
1222 528 160 39 åtgärder
1404 530 44 39 på
1470 529 293 41 husdjursavelns

574 574 142 30 område
736 584 45 21 m.
803 585 46 20 m.
872 576 20 30 å
912 576 209 40 tilläggsstat
1143 578 30 29 II
1196 578 51 30 till
1268 579 190 30 riksstaten
1480 580 55 30 för
1558 581 204 39 budgetåret

574 624 149 37 1952/53
742 626 121 30 anvisa
882 628 48 28 ett
948 628 121 39 anslag
1086 637 44 22 av
1148 628 19 30 3
1182 629 62 30 500
1263 629 138 30 kronor.

692 761 39 34 F.
778 762 407 36 Veterinärväsendet
1210 776 50 22 m.
1287 776 48 22 m.

308 844 77 34 2:0)
416 846 36 28 11
476 854 29 21 a.
530 846 415 37 Veterinärinrättningen
970 849 10 28 i
1003 849 122 29 Skara:
1154 850 331 35 Byggnadsarbeten.
1511 852 116 30 Under
1651 853 113 30 denna

263 894 264 39 anslagsrubrik
547 895 184 32 anvisades
751 897 20 30 å
791 897 210 40 tilläggsstat
1021 900 29 29 II
1071 899 53 30 till
1144 899 190 31 riksstaten
1355 901 54 31 för
1429 902 205 40 budgetåret
1657 904 104 35 1946/

263 944 40 30 47
324 946 49 29 ett
390 946 355 42 reservationsanslag
763 957 42 21 av
823 948 38 29 61
879 948 62 31 500
961 949 129 31 kronor
1114 950 113 40 (prop.
1247 960 41 21 nr
1307 952 28 33 2,
1354 952 57 29 bil.
1431 953 28 33 6,
1479 962 31 30 p.
1530 953 34 36 3;
1585 963 26 20 r.
1631 954 70 30 skr.
1720 963 41 20 nr

265 995 72 34 15).
358 996 163 40 Anslaget
543 997 123 40 avsågs
688 1000 50 28 att
757 998 109 38 jämte
888 999 93 31 vissa
1001 1001 111 29 andra
1132 1002 111 29 medel
1264 1001 203 40 disponeras
1489 1003 65 35 för,
1575 1004 107 31 bland
1702 1014 59 21 an-

263 1048 70 33 nat,
353 1047 218 39 uppförande
591 1057 44 21 av
653 1050 49 28 ett
719 1048 211 32 bostadshus
951 1050 54 30 för
1024 1051 250 30 klinikchefen.
1296 1053 200 31 Sedermera
1515 1054 64 31 har
1601 1055 81 31 1951
1704 1056 56 29 års

263 1096 143 41 riksdag
429 1097 160 35 beslutat,
616 1100 51 28 att
692 1099 269 40 bostadsfrågan
987 1101 10 28 i
1023 1102 115 29 stället
1165 1102 89 30 skall
1279 1103 91 30 lösas
1396 1104 44 40 på
1466 1104 38 30 så
1530 1106 78 34 sätt,
1635 1108 50 28 att
1711 1106 50 29 in-

262 1146 218 40 rättningens
503 1147 284 42 huvudbyggnad
811 1150 90 30 skall
925 1153 215 29 restaureras
1166 1153 64 29 och
1254 1154 123 30 bostad
1400 1155 143 30 beredas
1570 1156 191 30 klinikche-

263 1197 58 30 fen
346 1198 11 29 i
382 1198 122 30 denna.
530 1200 14 29 I
569 1199 205 40 byggnaden
801 1200 90 30 skall
916 1202 87 30 även
1028 1203 176 30 anordnas
1229 1204 124 30 bostad
1378 1205 34 29 åt
1438 1207 47 28 ett
1511 1206 249 31 klinikbiträde

262 1250 91 27 samt
376 1249 351 38 expeditionslokaler
749 1260 44 20 m.
817 1260 45 21 m.
887 1251 54 31 för
964 1252 257 41 inrättningens
1245 1255 119 29 behov.
1388 1256 75 30 Den
1486 1258 274 40 sammanlagda,

261 1306 42 21 av
325 1300 239 37 nyssnämnda
588 1300 57 31 års
669 1301 142 41 riksdag
835 1302 184 39 godkända
1042 1303 198 31 kostnaden
1263 1305 54 30 för
1340 1307 420 40 restaureringsarbetena

261 1348 64 30 har
347 1349 187 31 beräknats
557 1350 54 30 till
637 1350 60 31 135
713 1351 61 30 000
798 1351 141 31 kronor.
963 1353 195 31 Härutöver
1182 1355 147 31 återstår
1353 1356 20 30 å
1396 1357 40 30 de
1460 1358 121 35 medel,
1606 1367 77 21 som
1705 1368 56 21 av-

261 1400 87 30 satts
382 1400 55 30 för
470 1400 267 41 ifrågavarande
771 1403 334 39 byggnadsarbeten,
1142 1415 42 20 en
1219 1406 230 40 odisponerad
1483 1408 202 43 behållning
1719 1419 42 21 av

263 1449 39 30 18
315 1450 65 31 250
407 1450 139 32 kronor.
575 1452 228 31 Beträffande
831 1454 68 30 den
926 1454 145 40 tidigare
1100 1456 258 40 behandlingen
1385 1467 42 21 av
1455 1460 144 31 ärendet
1626 1460 64 31 har
1717 1470 43 20 en

262 1502 158 31 närmare
436 1503 216 38 redogörelse
669 1505 145 30 lämnats
831 1506 10 28 i
861 1505 76 30 1951
955 1506 55 30 års
1028 1508 406 38 statsverksproposition
1456 1510 61 33 (IX
1533 1510 39 30 ht
1589 1521 26 21 s.
1633 1510 58 31 129
1707 1510 54 34 f.).

286 1551 374 41 Byggnadsstyrelsen
685 1553 86 34 (skr.
791 1555 86 35 29/9
899 1556 100 34 1952)
1022 1557 204 31 hemställer
1245 1558 72 30 dels
1337 1568 57 21 om
1412 1560 278 41 bemyndigande
1709 1564 49 28 att

259 1602 55 29 för
333 1602 236 42 restaurering
589 1613 43 21 av
652 1604 328 41 huvudbyggnaden
1001 1609 162 29 använda
1182 1608 130 39 jämväl
1334 1612 240 37 nyssnämnda
1594 1611 124 42 belopp
1739 1614 20 28 å

260 1651 39 30 18
313 1652 64 31 250
402 1653 138 36 kronor,
565 1654 74 31 dels
664 1657 50 28 att
739 1656 54 30 för
818 1665 136 22 samma
978 1658 164 30 ändamål
1167 1659 19 29 å
1210 1659 208 40 tilläggsstat
1443 1661 54 29 för
1523 1661 234 33 innevarande

259 1704 170 39 budgetår
453 1705 87 31 skall
566 1706 141 30 anvisas
730 1707 200 39 ytterligare
955 1708 39 29 62
1010 1708 62 30 000
1096 1709 141 30 kronor.

268 1780 135 31 Efter
421 1791 42 20 en
482 1783 162 29 närmare
663 1783 216 38 redogörelse
901 1784 54 29 för
976 1784 305 41 framställningen
1302 1787 101 30 anför
1425 1788 336 39 departementsche-

258 1831 60 40 fen
337 1831 167 40 följande.

268 1882 177 30 ”>Såsom
466 1883 155 39 framgår
640 1893 43 20 av
700 1884 370 40 byggnadsstyrelsens
1092 1887 261 40 framställning
1370 1888 64 30 har
1454 1889 195 39 betydande
1669 1899 88 21 mer-

257 1932 190 36 kostnader
463 1934 159 39 uppstått
645 1934 5 29 i
670 1935 169 30 samband
857 1936 80 29 med
955 1936 203 30 utförandet
1177 1946 43 21 av
1237 1937 266 40 ifrågavarande
1523 1940 233 40 reparations-

256 1983 142 38 arbeten
420 1983 53 30 till
494 1984 90 39 följd
607 1993 42 22 av
670 1985 191 30 inträffade
884 1986 270 40 prisstegringar
1176 1988 44 39 på
1242 1988 399 39 byggnadsmarknaden
1664 1993 91 28 samt

255 2028 93 36 vissa
368 2034 226 30 oförutsedda
617 2035 144 39 utgifter
782 2036 55 30 för
859 2036 415 40 förstärkningsarbeten.
1298 2039 192 39 Styrelsens
1511 2041 211 31 hemställan
1745 2043 10 29 i

255 2084 65 30 vad
342 2085 107 39 angår
470 2086 319 39 medelsanvisning
810 2087 56 29 för
887 2088 51 28 att
958 2088 101 29 täcka
1082 2088 318 40 prisstegringarna
1422 2100 101 30 synes
1545 2092 85 30 böra
1653 2092 101 31 bifal-

255 2135 72 30 las.
350 2135 66 30 Med
437 2136 146 40 hänsyn,
605 2136 100 30 bland
725 2131 114 55 annat,
872 2137 52 29 till
946 2140 50 27 att
1015 2138 147 30 behovet
1183 2149 42 20 av
1245 2140 41 29 de
1309 2141 149 39 angivna
1479 2143 274 39 förstärknings-

254 2186 164 30 arbetena
437 2186 244 30 framkommit
698 2187 88 30 först
805 2188 112 30 under
937 2189 407 39 restaureringsarbetets
1365 2192 88 39 gång
1471 2192 117 31 finner
1605 2193 61 40 jag
1683 2194 72 38 mig

254 2237 120 28 kunna
392 2236 134 30 biträda
544 2237 189 39 styrelsens
752 2238 211 30 hemställan
980 2240 85 29 även
1085 2240 10 28 i
1113 2240 114 30 denna
1245 2241 63 29 del.
1328 2242 51 30 Då
1394 2242 61 40 jag
1469 2243 77 30 icke
1563 2244 110 30 heller
1689 2244 63 30 har

254 2287 104 39 något
377 2288 50 28 att
446 2287 114 30 erinra
581 2289 74 28 mot
675 2289 50 28 att
744 2288 95 30 förut
859 2288 234 31 omförmälda
1114 2290 201 41 behållning
1335 2293 20 29 å
1377 2292 38 30 18
1430 2293 62 30 250
1513 2295 131 29 kronor
1664 2295 88 39 jäm-

253 2338 54 29 väl
329 2338 59 29 må
410 2338 203 39 disponeras
635 2338 55 30 för
712 2339 267 38 ifrågavarande
1003 2340 152 35 arbeten,
1181 2341 191 40 tillstyrker
1394 2344 60 39 jag
1476 2345 159 34 sålunda,
1659 2347 50 28 att
1731 2346 20 29 å

253 2388 208 39 tilläggsstat
478 2389 55 30 för
549 2389 236 30 innevarande
802 2389 169 40 budgetår
990 2391 140 30 anvisas
1149 2393 47 28 ett
1215 2393 121 39 anslag
1355 2402 42 22 av
1412 2395 200 39 ytterligare
1633 2395 40 30 62
1688 2396 63 29 000

251 2438 130 31 kronor
399 2439 53 29 till
471 2439 321 40 byggnadsarbeten
812 2440 56 30 vid
888 2440 270 40 inrättningen.»
1501 2467 2 2 .
