<?xml version="1.0" encoding="UTF-8"?>
<alto xmlns="http://www.loc.gov/standards/alto/ns-v3#" xmlns:xlink="http://www.w3.org/1999/xlink" xmlns:xsi="http://www.w3.org/2001/XMLSchema-instance" xsi:schemaLocation="http://www.loc.gov/standards/alto/ns-v3# http://www.loc.gov/alto/v3/alto-3-0.xsd">
	<Description>
		<MeasurementUnit>pixel</MeasurementUnit>
		<sourceImageInformation>
			<fileName>/tmp/tess_ugk91ws2_input.PNG</fileName>
		</sourceImageInformation>
		<OCRProcessing ID="OCR_0">
			<ocrProcessingStep>
				<processingSoftware>
					<softwareName>tesseract 5.3.0</softwareName>
				</processingSoftware>
			</ocrProcessingStep>
		</OCRProcessing>
	</Description>
	<Layout>
		<Page WIDTH="1932" HEIGHT="2848" PHYSICAL_IMG_NR="0" ID="page_0">
			<PrintSpace HPOS="0" VPOS="0" WIDTH="1932" HEIGHT="2848">
				<ComposedBlock ID="cblock_0" HPOS="645" VPOS="205" WIDTH="1004" HEIGHT="33">
					<TextBlock ID="block_0" HPOS="645" VPOS="205" WIDTH="1004" HEIGHT="33">
						<TextLine ID="line_0" HPOS="645" VPOS="205" WIDTH="1004" HEIGHT="33">
							<String ID="string_0" HPOS="645" VPOS="210" WIDTH="244" HEIGHT="28" WC="0.91" CONTENT="Bankoutskottets"/><SP WIDTH="23" VPOS="210" HPOS="889"/>
							<String ID="string_1" HPOS="912" VPOS="209" WIDTH="147" HEIGHT="27" WC="0.66" CONTENT="utlåtande"/><SP WIDTH="23" VPOS="209" HPOS="1059"/>
							<String ID="string_2" HPOS="1082" VPOS="209" WIDTH="48" HEIGHT="26" WC="0.92" CONTENT="Nr"/><SP WIDTH="21" VPOS="209" HPOS="1130"/>
							<String ID="string_3" HPOS="1151" VPOS="206" WIDTH="30" HEIGHT="29" WC="0.42" CONTENT="J3."/><SP WIDTH="454" VPOS="206" HPOS="1181"/>
							<String ID="string_4" HPOS="1635" VPOS="205" WIDTH="14" HEIGHT="29" WC="0.93" CONTENT="i"/>
						</TextLine>
					</TextBlock>
				</ComposedBlock>
				<ComposedBlock ID="cblock_1" HPOS="489" VPOS="594" WIDTH="1165" HEIGHT="139">
					<TextBlock ID="block_1" HPOS="489" VPOS="594" WIDTH="1165" HEIGHT="139">
						<TextLine ID="line_1" HPOS="844" VPOS="594" WIDTH="130" HEIGHT="40">
							<String ID="string_5" HPOS="844" VPOS="595" WIDTH="61" HEIGHT="39" WC="0.55" CONTENT="Nr"/><SP WIDTH="32" VPOS="595" HPOS="905"/>
							<String ID="string_6" HPOS="937" VPOS="594" WIDTH="37" HEIGHT="40" WC="0.79" CONTENT="3."/>
						</TextLine>
						<TextLine ID="line_2" HPOS="489" VPOS="693" WIDTH="1165" HEIGHT="40">
							<String ID="string_7" HPOS="489" VPOS="698" WIDTH="125" HEIGHT="27" WC="0.96" CONTENT="Ankom"/><SP WIDTH="23" VPOS="698" HPOS="614"/>
							<String ID="string_8" HPOS="637" VPOS="697" WIDTH="48" HEIGHT="28" WC="0.96" CONTENT="till"/><SP WIDTH="25" VPOS="697" HPOS="685"/>
							<String ID="string_9" HPOS="710" VPOS="697" WIDTH="187" HEIGHT="36" WC="0.95" CONTENT="riksdagens"/><SP WIDTH="25" VPOS="697" HPOS="897"/>
							<String ID="string_10" HPOS="922" VPOS="695" WIDTH="104" HEIGHT="28" WC="0.96" CONTENT="kansli"/><SP WIDTH="24" VPOS="695" HPOS="1026"/>
							<String ID="string_11" HPOS="1050" VPOS="695" WIDTH="62" HEIGHT="27" WC="0.96" CONTENT="den"/><SP WIDTH="24" VPOS="695" HPOS="1112"/>
							<String ID="string_12" HPOS="1136" VPOS="695" WIDTH="38" HEIGHT="27" WC="0.96" CONTENT="23"/><SP WIDTH="24" VPOS="695" HPOS="1174"/>
							<String ID="string_13" HPOS="1198" VPOS="694" WIDTH="128" HEIGHT="37" WC="0.96" CONTENT="januari"/><SP WIDTH="26" VPOS="694" HPOS="1326"/>
							<String ID="string_14" HPOS="1352" VPOS="694" WIDTH="78" HEIGHT="27" WC="0.95" CONTENT="1925"/><SP WIDTH="24" VPOS="694" HPOS="1430"/>
							<String ID="string_15" HPOS="1454" VPOS="693" WIDTH="40" HEIGHT="27" WC="0.95" CONTENT="kl."/><SP WIDTH="26" VPOS="693" HPOS="1494"/>
							<String ID="string_16" HPOS="1520" VPOS="694" WIDTH="17" HEIGHT="27" WC="0.93" CONTENT="3"/><SP WIDTH="25" VPOS="694" HPOS="1537"/>
							<String ID="string_17" HPOS="1562" VPOS="702" WIDTH="25" HEIGHT="19" WC="0.90" CONTENT="e."/><SP WIDTH="26" VPOS="702" HPOS="1587"/>
							<String ID="string_18" HPOS="1613" VPOS="702" WIDTH="41" HEIGHT="19" WC="0.91" CONTENT="m."/>
						</TextLine>
					</TextBlock>
				</ComposedBlock>
				<ComposedBlock ID="cblock_2" HPOS="462" VPOS="785" WIDTH="1192" HEIGHT="143">
					<TextBlock ID="block_2" HPOS="462" VPOS="785" WIDTH="1192" HEIGHT="143">
						<TextLine ID="line_3" HPOS="462" VPOS="785" WIDTH="1192" HEIGHT="51">
							<String ID="string_19" HPOS="462" VPOS="790" WIDTH="204" HEIGHT="45" WC="0.85" CONTENT="Utlåtande,"/><SP WIDTH="29" VPOS="790" HPOS="666"/>
							<String ID="string_20" HPOS="695" VPOS="789" WIDTH="14" HEIGHT="35" WC="0.95" CONTENT="i"/><SP WIDTH="28" VPOS="789" HPOS="709"/>
							<String ID="string_21" HPOS="737" VPOS="789" WIDTH="192" HEIGHT="47" WC="0.95" CONTENT="anledning"/><SP WIDTH="29" VPOS="789" HPOS="929"/>
							<String ID="string_22" HPOS="958" VPOS="801" WIDTH="45" HEIGHT="22" WC="0.96" CONTENT="av"/><SP WIDTH="20" VPOS="801" HPOS="1003"/>
							<String ID="string_23" HPOS="1023" VPOS="788" WIDTH="101" HEIGHT="35" WC="0.96" CONTENT="väckt"/><SP WIDTH="18" VPOS="788" HPOS="1124"/>
							<String ID="string_24" HPOS="1142" VPOS="786" WIDTH="130" HEIGHT="36" WC="0.93" CONTENT="motion"/><SP WIDTH="21" VPOS="786" HPOS="1272"/>
							<String ID="string_25" HPOS="1293" VPOS="786" WIDTH="184" HEIGHT="48" WC="0.90" CONTENT="angdende"/><SP WIDTH="19" VPOS="786" HPOS="1477"/>
							<String ID="string_26" HPOS="1496" VPOS="785" WIDTH="158" HEIGHT="45" WC="0.92" CONTENT="dyrtids-"/>
						</TextLine>
						<TextLine ID="line_4" HPOS="552" VPOS="837" WIDTH="1100" HEIGHT="52">
							<String ID="string_27" HPOS="552" VPOS="842" WIDTH="126" HEIGHT="47" WC="0.95" CONTENT="tillägg"/><SP WIDTH="29" VPOS="842" HPOS="678"/>
							<String ID="string_28" HPOS="707" VPOS="841" WIDTH="35" HEIGHT="35" WC="0.94" CONTENT="åt"/><SP WIDTH="30" VPOS="841" HPOS="742"/>
							<String ID="string_29" HPOS="772" VPOS="842" WIDTH="65" HEIGHT="34" WC="0.96" CONTENT="den"/><SP WIDTH="28" VPOS="842" HPOS="837"/>
							<String ID="string_30" HPOS="865" VPOS="841" WIDTH="60" HEIGHT="34" WC="0.95" CONTENT="hos"/><SP WIDTH="27" VPOS="841" HPOS="925"/>
							<String ID="string_31" HPOS="952" VPOS="840" WIDTH="191" HEIGHT="47" WC="0.95" CONTENT="riksdagen"/><SP WIDTH="28" VPOS="840" HPOS="1143"/>
							<String ID="string_32" HPOS="1171" VPOS="838" WIDTH="180" HEIGHT="48" WC="0.96" CONTENT="tillfälligt"/><SP WIDTH="20" VPOS="838" HPOS="1351"/>
							<String ID="string_33" HPOS="1371" VPOS="837" WIDTH="185" HEIGHT="36" WC="0.93" CONTENT="anställda"/><SP WIDTH="11" VPOS="837" HPOS="1556"/>
							<String ID="string_34" HPOS="1567" VPOS="849" WIDTH="85" HEIGHT="36" WC="0.93" CONTENT="per-"/>
						</TextLine>
						<TextLine ID="line_5" HPOS="551" VPOS="893" WIDTH="157" HEIGHT="35">
							<String ID="string_35" HPOS="551" VPOS="893" WIDTH="157" HEIGHT="35" WC="0.91" CONTENT="sonalen."/>
						</TextLine>
					</TextBlock>
				</ComposedBlock>
				<ComposedBlock ID="cblock_3" HPOS="151" VPOS="988" WIDTH="1506" HEIGHT="542">
					<TextBlock ID="block_3" HPOS="151" VPOS="988" WIDTH="1506" HEIGHT="451">
						<TextLine ID="line_6" HPOS="204" VPOS="988" WIDTH="1450" HEIGHT="47">
							<String ID="string_36" HPOS="204" VPOS="995" WIDTH="18" HEIGHT="31" WC="0.95" CONTENT="I"/><SP WIDTH="23" VPOS="995" HPOS="222"/>
							<String ID="string_37" HPOS="245" VPOS="1006" WIDTH="42" HEIGHT="21" WC="0.95" CONTENT="en"/><SP WIDTH="23" VPOS="1006" HPOS="287"/>
							<String ID="string_38" HPOS="310" VPOS="995" WIDTH="93" HEIGHT="31" WC="0.96" CONTENT="inom"/><SP WIDTH="24" VPOS="995" HPOS="403"/>
							<String ID="string_39" HPOS="427" VPOS="994" WIDTH="202" HEIGHT="41" WC="0.96" CONTENT="riksdagens"/><SP WIDTH="23" VPOS="994" HPOS="629"/>
							<String ID="string_40" HPOS="652" VPOS="993" WIDTH="107" HEIGHT="31" WC="0.96" CONTENT="första"/><SP WIDTH="22" VPOS="993" HPOS="759"/>
							<String ID="string_41" HPOS="781" VPOS="992" WIDTH="171" HEIGHT="31" WC="0.95" CONTENT="kammare"/><SP WIDTH="20" VPOS="992" HPOS="952"/>
							<String ID="string_42" HPOS="972" VPOS="991" WIDTH="107" HEIGHT="37" WC="0.96" CONTENT="väckt,"/><SP WIDTH="25" VPOS="991" HPOS="1079"/>
							<String ID="string_43" HPOS="1104" VPOS="991" WIDTH="52" HEIGHT="31" WC="0.95" CONTENT="till"/><SP WIDTH="23" VPOS="991" HPOS="1156"/>
							<String ID="string_44" HPOS="1179" VPOS="990" WIDTH="285" HEIGHT="31" WC="0.95" CONTENT="bankoutskottet"/><SP WIDTH="22" VPOS="990" HPOS="1464"/>
							<String ID="string_45" HPOS="1486" VPOS="988" WIDTH="168" HEIGHT="32" WC="0.96" CONTENT="hänvisad"/>
						</TextLine>
						<TextLine ID="line_7" HPOS="152" VPOS="1040" WIDTH="1501" HEIGHT="41">
							<String ID="string_46" HPOS="152" VPOS="1045" WIDTH="131" HEIGHT="32" WC="0.96" CONTENT="motion"/><SP WIDTH="23" VPOS="1045" HPOS="283"/>
							<String ID="string_47" HPOS="306" VPOS="1057" WIDTH="41" HEIGHT="19" WC="0.95" CONTENT="nr"/><SP WIDTH="22" VPOS="1057" HPOS="347"/>
							<String ID="string_48" HPOS="369" VPOS="1045" WIDTH="41" HEIGHT="31" WC="0.96" CONTENT="30"/><SP WIDTH="22" VPOS="1045" HPOS="410"/>
							<String ID="string_49" HPOS="432" VPOS="1045" WIDTH="62" HEIGHT="30" WC="0.95" CONTENT="har"/><SP WIDTH="22" VPOS="1045" HPOS="494"/>
							<String ID="string_50" HPOS="516" VPOS="1044" WIDTH="79" HEIGHT="31" WC="0.89" CONTENT="herr"/><SP WIDTH="23" VPOS="1044" HPOS="595"/>
							<String ID="string_51" HPOS="618" VPOS="1044" WIDTH="43" HEIGHT="31" WC="0.87" CONTENT="K."/><SP WIDTH="24" VPOS="1044" HPOS="661"/>
							<String ID="string_52" HPOS="685" VPOS="1043" WIDTH="32" HEIGHT="32" WC="0.87" CONTENT="J."/><SP WIDTH="24" VPOS="1043" HPOS="717"/>
							<String ID="string_53" HPOS="741" VPOS="1043" WIDTH="131" HEIGHT="31" WC="0.92" CONTENT="Ekman"/><SP WIDTH="21" VPOS="1043" HPOS="872"/>
							<String ID="string_54" HPOS="893" VPOS="1042" WIDTH="186" HEIGHT="38" WC="0.78" CONTENT="hemstiällt,"/><SP WIDTH="27" VPOS="1042" HPOS="1079"/>
							<String ID="string_55" HPOS="1106" VPOS="1043" WIDTH="68" HEIGHT="29" WC="0.90" CONTENT="»att"/><SP WIDTH="15" VPOS="1043" HPOS="1174"/>
							<String ID="string_56" HPOS="1189" VPOS="1040" WIDTH="181" HEIGHT="41" WC="0.96" CONTENT="riksdagen"/><SP WIDTH="18" VPOS="1040" HPOS="1370"/>
							<String ID="string_57" HPOS="1388" VPOS="1041" WIDTH="104" HEIGHT="30" WC="0.96" CONTENT="måtte"/><SP WIDTH="15" VPOS="1041" HPOS="1492"/>
							<String ID="string_58" HPOS="1507" VPOS="1040" WIDTH="146" HEIGHT="37" WC="0.95" CONTENT="besluta,"/>
						</TextLine>
						<TextLine ID="line_8" HPOS="153" VPOS="1090" WIDTH="1500" HEIGHT="48">
							<String ID="string_59" HPOS="153" VPOS="1098" WIDTH="49" HEIGHT="30" WC="0.93" CONTENT="att"/><SP WIDTH="33" VPOS="1098" HPOS="202"/>
							<String ID="string_60" HPOS="235" VPOS="1095" WIDTH="254" HEIGHT="43" WC="0.92" CONTENT="dyrtidstillägg"/><SP WIDTH="34" VPOS="1095" HPOS="489"/>
							<String ID="string_61" HPOS="523" VPOS="1095" WIDTH="87" HEIGHT="31" WC="0.95" CONTENT="skall"/><SP WIDTH="33" VPOS="1095" HPOS="610"/>
							<String ID="string_62" HPOS="643" VPOS="1094" WIDTH="109" HEIGHT="31" WC="0.96" CONTENT="under"/><SP WIDTH="32" VPOS="1094" HPOS="752"/>
							<String ID="string_63" HPOS="784" VPOS="1092" WIDTH="229" HEIGHT="33" WC="0.95" CONTENT="innevarande"/><SP WIDTH="34" VPOS="1092" HPOS="1013"/>
							<String ID="string_64" HPOS="1047" VPOS="1091" WIDTH="139" HEIGHT="42" WC="0.93" CONTENT="riksdag"/><SP WIDTH="32" VPOS="1091" HPOS="1186"/>
							<String ID="string_65" HPOS="1218" VPOS="1090" WIDTH="199" HEIGHT="39" WC="0.93" CONTENT="tillsvidare,"/><SP WIDTH="31" VPOS="1090" HPOS="1417"/>
							<String ID="string_66" HPOS="1448" VPOS="1090" WIDTH="91" HEIGHT="31" WC="0.96" CONTENT="intill"/><SP WIDTH="34" VPOS="1090" HPOS="1539"/>
							<String ID="string_67" HPOS="1573" VPOS="1090" WIDTH="80" HEIGHT="30" WC="0.95" CONTENT="dess"/>
						</TextLine>
						<TextLine ID="line_9" HPOS="152" VPOS="1140" WIDTH="1503" HEIGHT="45">
							<String ID="string_68" HPOS="152" VPOS="1146" WIDTH="214" HEIGHT="32" WC="0.96" CONTENT="annorlunda"/><SP WIDTH="32" VPOS="1146" HPOS="366"/>
							<String ID="string_69" HPOS="398" VPOS="1146" WIDTH="66" HEIGHT="30" WC="0.93" CONTENT="kan"/><SP WIDTH="23" VPOS="1146" HPOS="464"/>
							<String ID="string_70" HPOS="487" VPOS="1145" WIDTH="104" HEIGHT="31" WC="0.90" CONTENT="varda"/><SP WIDTH="33" VPOS="1145" HPOS="591"/>
							<String ID="string_71" HPOS="624" VPOS="1156" WIDTH="40" HEIGHT="19" WC="0.96" CONTENT="av"/><SP WIDTH="22" VPOS="1156" HPOS="664"/>
							<String ID="string_72" HPOS="686" VPOS="1143" WIDTH="182" HEIGHT="42" WC="0.96" CONTENT="riksdagen"/><SP WIDTH="32" VPOS="1143" HPOS="868"/>
							<String ID="string_73" HPOS="900" VPOS="1143" WIDTH="160" HEIGHT="38" WC="0.95" CONTENT="bestämt,"/><SP WIDTH="24" VPOS="1143" HPOS="1060"/>
							<String ID="string_74" HPOS="1084" VPOS="1144" WIDTH="81" HEIGHT="39" WC="0.96" CONTENT="utgå"/><SP WIDTH="33" VPOS="1144" HPOS="1165"/>
							<String ID="string_75" HPOS="1198" VPOS="1141" WIDTH="53" HEIGHT="31" WC="0.96" CONTENT="till"/><SP WIDTH="32" VPOS="1141" HPOS="1251"/>
							<String ID="string_76" HPOS="1283" VPOS="1141" WIDTH="42" HEIGHT="31" WC="0.96" CONTENT="de"/><SP WIDTH="28" VPOS="1141" HPOS="1325"/>
							<String ID="string_77" HPOS="1353" VPOS="1140" WIDTH="64" HEIGHT="32" WC="0.96" CONTENT="hos"/><SP WIDTH="36" VPOS="1140" HPOS="1417"/>
							<String ID="string_78" HPOS="1453" VPOS="1140" WIDTH="202" HEIGHT="41" WC="0.96" CONTENT="riksdagens"/>
						</TextLine>
						<TextLine ID="line_10" HPOS="151" VPOS="1191" WIDTH="1504" HEIGHT="46">
							<String ID="string_79" HPOS="151" VPOS="1197" WIDTH="141" HEIGHT="37" WC="0.96" CONTENT="kamrar,"/><SP WIDTH="26" VPOS="1197" HPOS="292"/>
							<String ID="string_80" HPOS="318" VPOS="1196" WIDTH="157" HEIGHT="41" WC="0.96" CONTENT="ständiga"/><SP WIDTH="35" VPOS="1196" HPOS="475"/>
							<String ID="string_81" HPOS="510" VPOS="1195" WIDTH="64" HEIGHT="32" WC="0.96" CONTENT="och"/><SP WIDTH="33" VPOS="1195" HPOS="574"/>
							<String ID="string_82" HPOS="607" VPOS="1194" WIDTH="170" HEIGHT="42" WC="0.96" CONTENT="tillfälliga"/><SP WIDTH="33" VPOS="1194" HPOS="777"/>
							<String ID="string_83" HPOS="810" VPOS="1194" WIDTH="133" HEIGHT="31" WC="0.96" CONTENT="utskott"/><SP WIDTH="34" VPOS="1194" HPOS="943"/>
							<String ID="string_84" HPOS="977" VPOS="1194" WIDTH="88" HEIGHT="31" WC="0.96" CONTENT="samt"/><SP WIDTH="34" VPOS="1194" HPOS="1065"/>
							<String ID="string_85" HPOS="1099" VPOS="1192" WIDTH="111" HEIGHT="31" WC="0.94" CONTENT="kansli"/><SP WIDTH="35" VPOS="1192" HPOS="1210"/>
							<String ID="string_86" HPOS="1245" VPOS="1191" WIDTH="170" HEIGHT="32" WC="0.96" CONTENT="anställda"/><SP WIDTH="33" VPOS="1191" HPOS="1415"/>
							<String ID="string_87" HPOS="1448" VPOS="1191" WIDTH="207" HEIGHT="40" WC="0.95" CONTENT="tjänstemän"/>
						</TextLine>
						<TextLine ID="line_11" HPOS="154" VPOS="1241" WIDTH="1501" HEIGHT="46">
							<String ID="string_88" HPOS="154" VPOS="1247" WIDTH="64" HEIGHT="31" WC="0.93" CONTENT="och"/><SP WIDTH="22" VPOS="1247" HPOS="218"/>
							<String ID="string_89" HPOS="240" VPOS="1246" WIDTH="234" HEIGHT="41" WC="0.92" CONTENT="vaktbetjänte"/><SP WIDTH="23" VPOS="1246" HPOS="474"/>
							<String ID="string_90" HPOS="497" VPOS="1245" WIDTH="107" HEIGHT="41" WC="0.96" CONTENT="enligt"/><SP WIDTH="23" VPOS="1245" HPOS="604"/>
							<String ID="string_91" HPOS="627" VPOS="1245" WIDTH="42" HEIGHT="31" WC="0.96" CONTENT="de"/><SP WIDTH="23" VPOS="1245" HPOS="669"/>
							<String ID="string_92" HPOS="692" VPOS="1245" WIDTH="158" HEIGHT="40" WC="0.96" CONTENT="grunder,"/><SP WIDTH="24" VPOS="1245" HPOS="850"/>
							<String ID="string_93" HPOS="874" VPOS="1255" WIDTH="75" HEIGHT="20" WC="0.96" CONTENT="som"/><SP WIDTH="23" VPOS="1255" HPOS="949"/>
							<String ID="string_94" HPOS="972" VPOS="1254" WIDTH="124" HEIGHT="31" WC="0.96" CONTENT="genom"/><SP WIDTH="23" VPOS="1254" HPOS="1096"/>
							<String ID="string_95" HPOS="1119" VPOS="1242" WIDTH="205" HEIGHT="41" WC="0.96" CONTENT="kungörelse"/><SP WIDTH="24" VPOS="1242" HPOS="1324"/>
							<String ID="string_96" HPOS="1348" VPOS="1241" WIDTH="66" HEIGHT="32" WC="0.96" CONTENT="den"/><SP WIDTH="18" VPOS="1241" HPOS="1414"/>
							<String ID="string_97" HPOS="1432" VPOS="1241" WIDTH="39" HEIGHT="32" WC="0.96" CONTENT="15"/><SP WIDTH="13" VPOS="1241" HPOS="1471"/>
							<String ID="string_98" HPOS="1484" VPOS="1241" WIDTH="76" HEIGHT="41" WC="0.96" CONTENT="juni"/><SP WIDTH="14" VPOS="1241" HPOS="1560"/>
							<String ID="string_99" HPOS="1574" VPOS="1241" WIDTH="81" HEIGHT="31" WC="0.96" CONTENT="1923"/>
						</TextLine>
						<TextLine ID="line_12" HPOS="153" VPOS="1291" WIDTH="1504" HEIGHT="46">
							<String ID="string_100" HPOS="153" VPOS="1297" WIDTH="183" HEIGHT="31" WC="0.96" CONTENT="fastställts"/><SP WIDTH="23" VPOS="1297" HPOS="336"/>
							<String ID="string_101" HPOS="359" VPOS="1297" WIDTH="52" HEIGHT="31" WC="0.93" CONTENT="för"/><SP WIDTH="22" VPOS="1297" HPOS="411"/>
							<String ID="string_102" HPOS="433" VPOS="1295" WIDTH="337" HEIGHT="42" WC="0.91" CONTENT="befattningshavare"/><SP WIDTH="23" VPOS="1295" HPOS="770"/>
							<String ID="string_103" HPOS="793" VPOS="1295" WIDTH="12" HEIGHT="30" WC="0.96" CONTENT="i"/><SP WIDTH="23" VPOS="1295" HPOS="805"/>
							<String ID="string_104" HPOS="828" VPOS="1296" WIDTH="131" HEIGHT="30" WC="0.96" CONTENT="statens"/><SP WIDTH="23" VPOS="1296" HPOS="959"/>
							<String ID="string_105" HPOS="982" VPOS="1294" WIDTH="109" HEIGHT="41" WC="0.96" CONTENT="tjänst"/><SP WIDTH="21" VPOS="1294" HPOS="1091"/>
							<String ID="string_106" HPOS="1112" VPOS="1293" WIDTH="58" HEIGHT="31" WC="0.96" CONTENT="vid"/><SP WIDTH="15" VPOS="1293" HPOS="1170"/>
							<String ID="string_107" HPOS="1185" VPOS="1293" WIDTH="75" HEIGHT="31" WC="0.96" CONTENT="icke"/><SP WIDTH="16" VPOS="1293" HPOS="1260"/>
							<String ID="string_108" HPOS="1276" VPOS="1292" WIDTH="173" HEIGHT="41" WC="0.96" CONTENT="reglerade"/><SP WIDTH="15" VPOS="1292" HPOS="1449"/>
							<String ID="string_109" HPOS="1464" VPOS="1291" WIDTH="90" HEIGHT="38" WC="0.95" CONTENT="verk,"/><SP WIDTH="15" VPOS="1291" HPOS="1554"/>
							<String ID="string_110" HPOS="1569" VPOS="1291" WIDTH="88" HEIGHT="31" WC="0.96" CONTENT="dock"/>
						</TextLine>
						<TextLine ID="line_13" HPOS="154" VPOS="1341" WIDTH="1503" HEIGHT="47">
							<String ID="string_111" HPOS="154" VPOS="1349" WIDTH="49" HEIGHT="29" WC="0.96" CONTENT="att"/><SP WIDTH="33" VPOS="1349" HPOS="203"/>
							<String ID="string_112" HPOS="236" VPOS="1347" WIDTH="59" HEIGHT="31" WC="0.96" CONTENT="det"/><SP WIDTH="32" VPOS="1347" HPOS="295"/>
							<String ID="string_113" HPOS="327" VPOS="1347" WIDTH="124" HEIGHT="41" WC="0.96" CONTENT="högsta"/><SP WIDTH="31" VPOS="1347" HPOS="451"/>
							<String ID="string_114" HPOS="482" VPOS="1346" WIDTH="139" HEIGHT="41" WC="0.93" CONTENT="belopp,"/><SP WIDTH="24" VPOS="1346" HPOS="621"/>
							<String ID="string_115" HPOS="645" VPOS="1347" WIDTH="19" HEIGHT="29" WC="0.92" CONTENT="å"/><SP WIDTH="22" VPOS="1347" HPOS="664"/>
							<String ID="string_116" HPOS="686" VPOS="1345" WIDTH="105" HEIGHT="31" WC="0.93" CONTENT="vilket"/><SP WIDTH="27" VPOS="1345" HPOS="791"/>
							<String ID="string_117" HPOS="818" VPOS="1344" WIDTH="255" HEIGHT="42" WC="0.88" CONTENT="dyrtidstillägg"/><SP WIDTH="23" VPOS="1344" HPOS="1073"/>
							<String ID="string_118" HPOS="1096" VPOS="1345" WIDTH="19" HEIGHT="29" WC="0.92" CONTENT="å"/><SP WIDTH="23" VPOS="1345" HPOS="1115"/>
							<String ID="string_119" HPOS="1138" VPOS="1342" WIDTH="253" HEIGHT="42" WC="0.92" CONTENT="sammanlagda"/><SP WIDTH="27" VPOS="1342" HPOS="1391"/>
							<String ID="string_120" HPOS="1418" VPOS="1342" WIDTH="204" HEIGHT="40" WC="0.91" CONTENT="avlöningen"/><SP WIDTH="23" VPOS="1342" HPOS="1622"/>
							<String ID="string_121" HPOS="1645" VPOS="1341" WIDTH="12" HEIGHT="30" WC="0.96" CONTENT="i"/>
						</TextLine>
						<TextLine ID="line_14" HPOS="153" VPOS="1393" WIDTH="1309" HEIGHT="46">
							<String ID="string_122" HPOS="153" VPOS="1394" WIDTH="266" HEIGHT="45" WC="0.91" CONTENT="riksdagstjänst"/><SP WIDTH="23" VPOS="1394" HPOS="419"/>
							<String ID="string_123" HPOS="442" VPOS="1396" WIDTH="64" HEIGHT="31" WC="0.93" CONTENT="och"/><SP WIDTH="24" VPOS="1396" HPOS="506"/>
							<String ID="string_124" HPOS="530" VPOS="1396" WIDTH="195" HEIGHT="40" WC="0.91" CONTENT="statstjänst"/><SP WIDTH="23" VPOS="1396" HPOS="725"/>
							<String ID="string_125" HPOS="748" VPOS="1397" WIDTH="54" HEIGHT="29" WC="0.96" CONTENT="må"/><SP WIDTH="21" VPOS="1397" HPOS="802"/>
							<String ID="string_126" HPOS="823" VPOS="1397" WIDTH="90" HEIGHT="39" WC="0.96" CONTENT="utgå,"/><SP WIDTH="25" VPOS="1397" HPOS="913"/>
							<String ID="string_127" HPOS="938" VPOS="1394" WIDTH="86" HEIGHT="31" WC="0.96" CONTENT="skall"/><SP WIDTH="24" VPOS="1394" HPOS="1024"/>
							<String ID="string_128" HPOS="1048" VPOS="1395" WIDTH="121" HEIGHT="40" WC="0.93" CONTENT="utgöra"/><SP WIDTH="25" VPOS="1395" HPOS="1169"/>
							<String ID="string_129" HPOS="1194" VPOS="1394" WIDTH="92" HEIGHT="37" WC="0.93" CONTENT="1,250"/><SP WIDTH="22" VPOS="1394" HPOS="1286"/>
							<String ID="string_130" HPOS="1308" VPOS="1393" WIDTH="154" HEIGHT="30" WC="0.95" CONTENT="kronor.»"/>
						</TextLine>
					</TextBlock>
					<TextBlock ID="block_4" HPOS="154" VPOS="1441" WIDTH="1503" HEIGHT="89">
						<TextLine ID="line_15" HPOS="207" VPOS="1441" WIDTH="1450" HEIGHT="47">
							<String ID="string_131" HPOS="207" VPOS="1447" WIDTH="218" HEIGHT="32" WC="0.95" CONTENT="Beträffande"/><SP WIDTH="37" VPOS="1447" HPOS="425"/>
							<String ID="string_132" HPOS="462" VPOS="1447" WIDTH="249" HEIGHT="41" WC="0.96" CONTENT="motiveringen"/><SP WIDTH="33" VPOS="1447" HPOS="711"/>
							<String ID="string_133" HPOS="744" VPOS="1446" WIDTH="52" HEIGHT="31" WC="0.96" CONTENT="för"/><SP WIDTH="33" VPOS="1446" HPOS="796"/>
							<String ID="string_134" HPOS="829" VPOS="1445" WIDTH="94" HEIGHT="32" WC="0.95" CONTENT="detta"/><SP WIDTH="32" VPOS="1445" HPOS="923"/>
							<String ID="string_135" HPOS="955" VPOS="1444" WIDTH="153" HEIGHT="42" WC="0.96" CONTENT="yrkande"/><SP WIDTH="33" VPOS="1444" HPOS="1108"/>
							<String ID="string_136" HPOS="1141" VPOS="1444" WIDTH="51" HEIGHT="31" WC="0.96" CONTENT="får"/><SP WIDTH="32" VPOS="1444" HPOS="1192"/>
							<String ID="string_137" HPOS="1224" VPOS="1443" WIDTH="171" HEIGHT="32" WC="0.96" CONTENT="utskottet"/><SP WIDTH="32" VPOS="1443" HPOS="1395"/>
							<String ID="string_138" HPOS="1427" VPOS="1442" WIDTH="144" HEIGHT="32" WC="0.93" CONTENT="hänvisa"/><SP WIDTH="33" VPOS="1442" HPOS="1571"/>
							<String ID="string_139" HPOS="1604" VPOS="1441" WIDTH="53" HEIGHT="31" WC="0.89" CONTENT="till"/>
						</TextLine>
						<TextLine ID="line_16" HPOS="154" VPOS="1498" WIDTH="185" HEIGHT="32">
							<String ID="string_140" HPOS="154" VPOS="1498" WIDTH="185" HEIGHT="32" WC="0.94" CONTENT="motionen."/>
						</TextLine>
					</TextBlock>
				</ComposedBlock>
				<ComposedBlock ID="cblock_4" HPOS="154" VPOS="1584" WIDTH="1506" HEIGHT="1021">
					<TextBlock ID="block_5" HPOS="154" VPOS="1584" WIDTH="1504" HEIGHT="300">
						<TextLine ID="line_17" HPOS="209" VPOS="1584" WIDTH="1449" HEIGHT="43">
							<String ID="string_141" HPOS="209" VPOS="1590" WIDTH="120" HEIGHT="32" WC="0.94" CONTENT="Såsom"/><SP WIDTH="27" VPOS="1590" HPOS="329"/>
							<String ID="string_142" HPOS="356" VPOS="1590" WIDTH="12" HEIGHT="31" WC="0.96" CONTENT="i"/><SP WIDTH="23" VPOS="1590" HPOS="368"/>
							<String ID="string_143" HPOS="391" VPOS="1589" WIDTH="175" HEIGHT="32" WC="0.92" CONTENT="motionen"/><SP WIDTH="36" VPOS="1589" HPOS="566"/>
							<String ID="string_144" HPOS="602" VPOS="1588" WIDTH="153" HEIGHT="37" WC="0.91" CONTENT="erinrats,"/><SP WIDTH="35" VPOS="1588" HPOS="755"/>
							<String ID="string_145" HPOS="790" VPOS="1587" WIDTH="113" HEIGHT="32" WC="0.96" CONTENT="beslöt"/><SP WIDTH="30" VPOS="1587" HPOS="903"/>
							<String ID="string_146" HPOS="933" VPOS="1587" WIDTH="83" HEIGHT="31" WC="0.96" CONTENT="1924"/><SP WIDTH="33" VPOS="1587" HPOS="1016"/>
							<String ID="string_147" HPOS="1049" VPOS="1588" WIDTH="55" HEIGHT="30" WC="0.95" CONTENT="års"/><SP WIDTH="33" VPOS="1588" HPOS="1104"/>
							<String ID="string_148" HPOS="1137" VPOS="1586" WIDTH="148" HEIGHT="41" WC="0.96" CONTENT="riksdag,"/><SP WIDTH="35" VPOS="1586" HPOS="1285"/>
							<String ID="string_149" HPOS="1320" VPOS="1587" WIDTH="49" HEIGHT="30" WC="0.93" CONTENT="att"/><SP WIDTH="33" VPOS="1587" HPOS="1369"/>
							<String ID="string_150" HPOS="1402" VPOS="1584" WIDTH="256" HEIGHT="43" WC="0.91" CONTENT="dyrtidstillägg"/>
						</TextLine>
						<TextLine ID="line_18" HPOS="155" VPOS="1636" WIDTH="1500" HEIGHT="44">
							<String ID="string_151" HPOS="155" VPOS="1641" WIDTH="110" HEIGHT="32" WC="0.96" CONTENT="skulle"/><SP WIDTH="23" VPOS="1641" HPOS="265"/>
							<String ID="string_152" HPOS="288" VPOS="1640" WIDTH="110" HEIGHT="32" WC="0.96" CONTENT="under"/><SP WIDTH="24" VPOS="1640" HPOS="398"/>
							<String ID="string_153" HPOS="422" VPOS="1651" WIDTH="129" HEIGHT="21" WC="0.96" CONTENT="samma"/><SP WIDTH="22" VPOS="1651" HPOS="551"/>
							<String ID="string_154" HPOS="573" VPOS="1642" WIDTH="55" HEIGHT="29" WC="0.95" CONTENT="års"/><SP WIDTH="16" VPOS="1642" HPOS="628"/>
							<String ID="string_155" HPOS="644" VPOS="1639" WIDTH="138" HEIGHT="41" WC="0.96" CONTENT="riksdag"/><SP WIDTH="16" VPOS="1639" HPOS="782"/>
							<String ID="string_156" HPOS="798" VPOS="1638" WIDTH="188" HEIGHT="32" WC="0.96" CONTENT="tillsvidare"/><SP WIDTH="17" VPOS="1638" HPOS="986"/>
							<String ID="string_157" HPOS="1003" VPOS="1639" WIDTH="81" HEIGHT="40" WC="0.96" CONTENT="utgå"/><SP WIDTH="16" VPOS="1639" HPOS="1084"/>
							<String ID="string_158" HPOS="1100" VPOS="1637" WIDTH="53" HEIGHT="31" WC="0.96" CONTENT="till"/><SP WIDTH="15" VPOS="1637" HPOS="1153"/>
							<String ID="string_159" HPOS="1168" VPOS="1637" WIDTH="62" HEIGHT="31" WC="0.96" CONTENT="här"/><SP WIDTH="14" VPOS="1637" HPOS="1230"/>
							<String ID="string_160" HPOS="1244" VPOS="1636" WIDTH="257" HEIGHT="42" WC="0.93" CONTENT="ifrågavarande"/><SP WIDTH="16" VPOS="1636" HPOS="1501"/>
							<String ID="string_161" HPOS="1517" VPOS="1636" WIDTH="138" HEIGHT="40" WC="0.92" CONTENT="tjänste-"/>
						</TextLine>
						<TextLine ID="line_19" HPOS="155" VPOS="1685" WIDTH="1500" HEIGHT="46">
							<String ID="string_162" HPOS="155" VPOS="1694" WIDTH="77" HEIGHT="29" WC="0.96" CONTENT="män"/><SP WIDTH="24" VPOS="1694" HPOS="232"/>
							<String ID="string_163" HPOS="256" VPOS="1691" WIDTH="64" HEIGHT="32" WC="0.93" CONTENT="och"/><SP WIDTH="23" VPOS="1691" HPOS="320"/>
							<String ID="string_164" HPOS="343" VPOS="1691" WIDTH="233" HEIGHT="40" WC="0.93" CONTENT="vaktbetjänte"/><SP WIDTH="24" VPOS="1691" HPOS="576"/>
							<String ID="string_165" HPOS="600" VPOS="1690" WIDTH="106" HEIGHT="41" WC="0.96" CONTENT="enligt"/><SP WIDTH="23" VPOS="1690" HPOS="706"/>
							<String ID="string_166" HPOS="729" VPOS="1689" WIDTH="42" HEIGHT="31" WC="0.96" CONTENT="de"/><SP WIDTH="23" VPOS="1689" HPOS="771"/>
							<String ID="string_167" HPOS="794" VPOS="1689" WIDTH="158" HEIGHT="41" WC="0.96" CONTENT="grunder,"/><SP WIDTH="25" VPOS="1689" HPOS="952"/>
							<String ID="string_168" HPOS="977" VPOS="1699" WIDTH="74" HEIGHT="21" WC="0.95" CONTENT="som"/><SP WIDTH="27" VPOS="1699" HPOS="1051"/>
							<String ID="string_169" HPOS="1078" VPOS="1699" WIDTH="123" HEIGHT="30" WC="0.96" CONTENT="genom"/><SP WIDTH="27" VPOS="1699" HPOS="1201"/>
							<String ID="string_170" HPOS="1228" VPOS="1687" WIDTH="204" HEIGHT="42" WC="0.95" CONTENT="kungörelse"/><SP WIDTH="17" VPOS="1687" HPOS="1432"/>
							<String ID="string_171" HPOS="1449" VPOS="1686" WIDTH="66" HEIGHT="31" WC="0.95" CONTENT="den"/><SP WIDTH="15" VPOS="1686" HPOS="1515"/>
							<String ID="string_172" HPOS="1530" VPOS="1686" WIDTH="39" HEIGHT="31" WC="0.95" CONTENT="15"/><SP WIDTH="11" VPOS="1686" HPOS="1569"/>
							<String ID="string_173" HPOS="1580" VPOS="1685" WIDTH="75" HEIGHT="41" WC="0.96" CONTENT="juni"/>
						</TextLine>
						<TextLine ID="line_20" HPOS="156" VPOS="1736" WIDTH="1500" HEIGHT="45">
							<String ID="string_174" HPOS="156" VPOS="1743" WIDTH="81" HEIGHT="31" WC="0.94" CONTENT="1923"/><SP WIDTH="22" VPOS="1743" HPOS="237"/>
							<String ID="string_175" HPOS="259" VPOS="1742" WIDTH="183" HEIGHT="32" WC="0.94" CONTENT="fastställts"/><SP WIDTH="22" VPOS="1742" HPOS="442"/>
							<String ID="string_176" HPOS="464" VPOS="1741" WIDTH="53" HEIGHT="31" WC="0.93" CONTENT="för"/><SP WIDTH="22" VPOS="1741" HPOS="517"/>
							<String ID="string_177" HPOS="539" VPOS="1739" WIDTH="336" HEIGHT="42" WC="0.91" CONTENT="befattningshavare"/><SP WIDTH="23" VPOS="1739" HPOS="875"/>
							<String ID="string_178" HPOS="898" VPOS="1739" WIDTH="11" HEIGHT="31" WC="0.95" CONTENT="i"/><SP WIDTH="24" VPOS="1739" HPOS="909"/>
							<String ID="string_179" HPOS="933" VPOS="1740" WIDTH="132" HEIGHT="30" WC="0.96" CONTENT="statens"/><SP WIDTH="23" VPOS="1740" HPOS="1065"/>
							<String ID="string_180" HPOS="1088" VPOS="1738" WIDTH="106" HEIGHT="42" WC="0.96" CONTENT="tjänst"/><SP WIDTH="15" VPOS="1738" HPOS="1194"/>
							<String ID="string_181" HPOS="1209" VPOS="1738" WIDTH="58" HEIGHT="31" WC="0.96" CONTENT="vid"/><SP WIDTH="19" VPOS="1738" HPOS="1267"/>
							<String ID="string_182" HPOS="1286" VPOS="1738" WIDTH="74" HEIGHT="31" WC="0.96" CONTENT="icke"/><SP WIDTH="16" VPOS="1738" HPOS="1360"/>
							<String ID="string_183" HPOS="1376" VPOS="1736" WIDTH="174" HEIGHT="42" WC="0.95" CONTENT="reglerade"/><SP WIDTH="16" VPOS="1736" HPOS="1550"/>
							<String ID="string_184" HPOS="1566" VPOS="1736" WIDTH="90" HEIGHT="38" WC="0.96" CONTENT="verk,"/>
						</TextLine>
						<TextLine ID="line_21" HPOS="155" VPOS="1787" WIDTH="1502" HEIGHT="46">
							<String ID="string_185" HPOS="155" VPOS="1793" WIDTH="87" HEIGHT="32" WC="0.96" CONTENT="dock"/><SP WIDTH="22" VPOS="1793" HPOS="242"/>
							<String ID="string_186" HPOS="264" VPOS="1794" WIDTH="51" HEIGHT="30" WC="0.96" CONTENT="att"/><SP WIDTH="22" VPOS="1794" HPOS="315"/>
							<String ID="string_187" HPOS="337" VPOS="1793" WIDTH="58" HEIGHT="30" WC="0.96" CONTENT="det"/><SP WIDTH="22" VPOS="1793" HPOS="395"/>
							<String ID="string_188" HPOS="417" VPOS="1792" WIDTH="124" HEIGHT="41" WC="0.96" CONTENT="högsta"/><SP WIDTH="21" VPOS="1792" HPOS="541"/>
							<String ID="string_189" HPOS="562" VPOS="1791" WIDTH="139" HEIGHT="41" WC="0.93" CONTENT="belopp,"/><SP WIDTH="18" VPOS="1791" HPOS="701"/>
							<String ID="string_190" HPOS="719" VPOS="1792" WIDTH="18" HEIGHT="29" WC="0.91" CONTENT="å"/><SP WIDTH="15" VPOS="1792" HPOS="737"/>
							<String ID="string_191" HPOS="752" VPOS="1790" WIDTH="105" HEIGHT="31" WC="0.93" CONTENT="vilket"/><SP WIDTH="15" VPOS="1790" HPOS="857"/>
							<String ID="string_192" HPOS="872" VPOS="1789" WIDTH="256" HEIGHT="42" WC="0.92" CONTENT="dyrtidstillägg"/><SP WIDTH="15" VPOS="1789" HPOS="1128"/>
							<String ID="string_193" HPOS="1143" VPOS="1791" WIDTH="19" HEIGHT="29" WC="0.91" CONTENT="å"/><SP WIDTH="16" VPOS="1791" HPOS="1162"/>
							<String ID="string_194" HPOS="1178" VPOS="1788" WIDTH="255" HEIGHT="41" WC="0.93" CONTENT="sammanlagda"/><SP WIDTH="19" VPOS="1788" HPOS="1433"/>
							<String ID="string_195" HPOS="1452" VPOS="1787" WIDTH="205" HEIGHT="40" WC="0.91" CONTENT="avlöningen"/>
						</TextLine>
						<TextLine ID="line_22" HPOS="154" VPOS="1838" WIDTH="1383" HEIGHT="46">
							<String ID="string_196" HPOS="154" VPOS="1844" WIDTH="12" HEIGHT="31" WC="0.92" CONTENT="i"/><SP WIDTH="23" VPOS="1844" HPOS="166"/>
							<String ID="string_197" HPOS="189" VPOS="1842" WIDTH="264" HEIGHT="42" WC="0.89" CONTENT="riksdagstjänst"/><SP WIDTH="23" VPOS="1842" HPOS="453"/>
							<String ID="string_198" HPOS="476" VPOS="1841" WIDTH="64" HEIGHT="32" WC="0.93" CONTENT="och"/><SP WIDTH="24" VPOS="1841" HPOS="540"/>
							<String ID="string_199" HPOS="564" VPOS="1841" WIDTH="197" HEIGHT="41" WC="0.91" CONTENT="statstjänst"/><SP WIDTH="22" VPOS="1841" HPOS="761"/>
							<String ID="string_200" HPOS="783" VPOS="1840" WIDTH="88" HEIGHT="42" WC="0.96" CONTENT="finge"/><SP WIDTH="24" VPOS="1840" HPOS="871"/>
							<String ID="string_201" HPOS="895" VPOS="1841" WIDTH="89" HEIGHT="40" WC="0.96" CONTENT="utgå,"/><SP WIDTH="25" VPOS="1841" HPOS="984"/>
							<String ID="string_202" HPOS="1009" VPOS="1839" WIDTH="110" HEIGHT="32" WC="0.96" CONTENT="skulle"/><SP WIDTH="23" VPOS="1839" HPOS="1119"/>
							<String ID="string_203" HPOS="1142" VPOS="1840" WIDTH="122" HEIGHT="40" WC="0.93" CONTENT="utgöra"/><SP WIDTH="24" VPOS="1840" HPOS="1264"/>
							<String ID="string_204" HPOS="1288" VPOS="1838" WIDTH="92" HEIGHT="37" WC="0.92" CONTENT="1,250"/><SP WIDTH="22" VPOS="1838" HPOS="1380"/>
							<String ID="string_205" HPOS="1402" VPOS="1838" WIDTH="135" HEIGHT="31" WC="0.96" CONTENT="kronor."/>
						</TextLine>
					</TextBlock>
					<TextBlock ID="block_6" HPOS="156" VPOS="1886" WIDTH="1502" HEIGHT="97">
						<TextLine ID="line_23" HPOS="207" VPOS="1886" WIDTH="1451" HEIGHT="45">
							<String ID="string_206" HPOS="207" VPOS="1893" WIDTH="219" HEIGHT="32" WC="0.96" CONTENT="Motionären"/><SP WIDTH="23" VPOS="1893" HPOS="426"/>
							<String ID="string_207" HPOS="449" VPOS="1892" WIDTH="62" HEIGHT="31" WC="0.96" CONTENT="har"/><SP WIDTH="22" VPOS="1892" HPOS="511"/>
							<String ID="string_208" HPOS="533" VPOS="1903" WIDTH="47" HEIGHT="20" WC="0.93" CONTENT="nu"/><SP WIDTH="23" VPOS="1903" HPOS="580"/>
							<String ID="string_209" HPOS="603" VPOS="1891" WIDTH="184" HEIGHT="38" WC="0.92" CONTENT="hemställt,"/><SP WIDTH="25" VPOS="1891" HPOS="787"/>
							<String ID="string_210" HPOS="812" VPOS="1892" WIDTH="49" HEIGHT="30" WC="0.96" CONTENT="att"/><SP WIDTH="24" VPOS="1892" HPOS="861"/>
							<String ID="string_211" HPOS="885" VPOS="1901" WIDTH="128" HEIGHT="20" WC="0.96" CONTENT="samma"/><SP WIDTH="24" VPOS="1901" HPOS="1013"/>
							<String ID="string_212" HPOS="1037" VPOS="1889" WIDTH="150" HEIGHT="42" WC="0.96" CONTENT="grunder"/><SP WIDTH="23" VPOS="1889" HPOS="1187"/>
							<String ID="string_213" HPOS="1210" VPOS="1889" WIDTH="110" HEIGHT="32" WC="0.96" CONTENT="skulle"/><SP WIDTH="20" VPOS="1889" HPOS="1320"/>
							<String ID="string_214" HPOS="1340" VPOS="1888" WIDTH="173" HEIGHT="41" WC="0.96" CONTENT="tillämpas"/><SP WIDTH="21" VPOS="1888" HPOS="1513"/>
							<String ID="string_215" HPOS="1534" VPOS="1886" WIDTH="124" HEIGHT="43" WC="0.96" CONTENT="jämväl"/>
						</TextLine>
						<TextLine ID="line_24" HPOS="156" VPOS="1942" WIDTH="532" HEIGHT="41">
							<String ID="string_216" HPOS="156" VPOS="1944" WIDTH="108" HEIGHT="32" WC="0.96" CONTENT="under"/><SP WIDTH="22" VPOS="1944" HPOS="264"/>
							<String ID="string_217" HPOS="286" VPOS="1942" WIDTH="231" HEIGHT="33" WC="0.96" CONTENT="innevarande"/><SP WIDTH="22" VPOS="1942" HPOS="517"/>
							<String ID="string_218" HPOS="539" VPOS="1942" WIDTH="149" HEIGHT="41" WC="0.96" CONTENT="riksdag."/>
						</TextLine>
					</TextBlock>
					<TextBlock ID="block_7" HPOS="156" VPOS="1988" WIDTH="1504" HEIGHT="197">
						<TextLine ID="line_25" HPOS="207" VPOS="1988" WIDTH="1450" HEIGHT="46">
							<String ID="string_219" HPOS="207" VPOS="1994" WIDTH="122" HEIGHT="32" WC="0.95" CONTENT="Under"/><SP WIDTH="33" VPOS="1994" HPOS="329"/>
							<String ID="string_220" HPOS="362" VPOS="1993" WIDTH="135" HEIGHT="32" WC="0.95" CONTENT="erinran"/><SP WIDTH="34" VPOS="1993" HPOS="497"/>
							<String ID="string_221" HPOS="531" VPOS="1995" WIDTH="59" HEIGHT="36" WC="0.96" CONTENT="att,"/><SP WIDTH="31" VPOS="1995" HPOS="590"/>
							<String ID="string_222" HPOS="621" VPOS="1994" WIDTH="44" HEIGHT="40" WC="0.96" CONTENT="på"/><SP WIDTH="33" VPOS="1994" HPOS="665"/>
							<String ID="string_223" HPOS="698" VPOS="1994" WIDTH="68" HEIGHT="29" WC="0.95" CONTENT="sätt"/><SP WIDTH="31" VPOS="1994" HPOS="766"/>
							<String ID="string_224" HPOS="797" VPOS="1992" WIDTH="2" HEIGHT="30" WC="0.95" CONTENT="i"/><SP WIDTH="23" VPOS="1992" HPOS="799"/>
							<String ID="string_225" HPOS="822" VPOS="1991" WIDTH="177" HEIGHT="32" WC="0.96" CONTENT="motionen"/><SP WIDTH="33" VPOS="1991" HPOS="999"/>
							<String ID="string_226" HPOS="1032" VPOS="1990" WIDTH="125" HEIGHT="41" WC="0.96" CONTENT="jämväl"/><SP WIDTH="32" VPOS="1990" HPOS="1157"/>
							<String ID="string_227" HPOS="1189" VPOS="1989" WIDTH="214" HEIGHT="38" WC="0.95" CONTENT="framhållits,"/><SP WIDTH="32" VPOS="1989" HPOS="1403"/>
							<String ID="string_228" HPOS="1435" VPOS="1989" WIDTH="13" HEIGHT="31" WC="0.95" CONTENT="i"/><SP WIDTH="32" VPOS="1989" HPOS="1448"/>
							<String ID="string_229" HPOS="1480" VPOS="1988" WIDTH="94" HEIGHT="41" WC="0.95" CONTENT="fråga"/><SP WIDTH="29" VPOS="1988" HPOS="1574"/>
							<String ID="string_230" HPOS="1603" VPOS="1998" WIDTH="54" HEIGHT="21" WC="0.96" CONTENT="om"/>
						</TextLine>
						<TextLine ID="line_26" HPOS="156" VPOS="2038" WIDTH="1504" HEIGHT="49">
							<String ID="string_231" HPOS="156" VPOS="2044" WIDTH="253" HEIGHT="43" WC="0.90" CONTENT="dyrtidstillägg"/><SP WIDTH="22" VPOS="2044" HPOS="409"/>
							<String ID="string_232" HPOS="431" VPOS="2045" WIDTH="35" HEIGHT="30" WC="0.93" CONTENT="åt"/><SP WIDTH="21" VPOS="2045" HPOS="466"/>
							<String ID="string_233" HPOS="487" VPOS="2042" WIDTH="336" HEIGHT="42" WC="0.92" CONTENT="befattningshavare"/><SP WIDTH="23" VPOS="2042" HPOS="823"/>
							<String ID="string_234" HPOS="846" VPOS="2042" WIDTH="11" HEIGHT="31" WC="0.96" CONTENT="i"/><SP WIDTH="24" VPOS="2042" HPOS="857"/>
							<String ID="string_235" HPOS="881" VPOS="2043" WIDTH="132" HEIGHT="30" WC="0.96" CONTENT="statens"/><SP WIDTH="23" VPOS="2043" HPOS="1013"/>
							<String ID="string_236" HPOS="1036" VPOS="2041" WIDTH="107" HEIGHT="41" WC="0.96" CONTENT="tjänst"/><SP WIDTH="22" VPOS="2041" HPOS="1143"/>
							<String ID="string_237" HPOS="1165" VPOS="2041" WIDTH="52" HEIGHT="31" WC="0.96" CONTENT="för"/><SP WIDTH="22" VPOS="2041" HPOS="1217"/>
							<String ID="string_238" HPOS="1239" VPOS="2039" WIDTH="229" HEIGHT="32" WC="0.96" CONTENT="innevarande"/><SP WIDTH="22" VPOS="2039" HPOS="1468"/>
							<String ID="string_239" HPOS="1490" VPOS="2038" WIDTH="170" HEIGHT="41" WC="0.96" CONTENT="budgetår"/>
						</TextLine>
						<TextLine ID="line_27" HPOS="156" VPOS="2088" WIDTH="1504" HEIGHT="49">
							<String ID="string_240" HPOS="156" VPOS="2095" WIDTH="88" HEIGHT="42" WC="0.96" CONTENT="gälla"/><SP WIDTH="34" VPOS="2095" HPOS="244"/>
							<String ID="string_241" HPOS="278" VPOS="2105" WIDTH="128" HEIGHT="21" WC="0.96" CONTENT="samma"/><SP WIDTH="22" VPOS="2105" HPOS="406"/>
							<String ID="string_242" HPOS="428" VPOS="2094" WIDTH="159" HEIGHT="42" WC="0.96" CONTENT="grunder,"/><SP WIDTH="25" VPOS="2094" HPOS="587"/>
							<String ID="string_243" HPOS="612" VPOS="2104" WIDTH="74" HEIGHT="21" WC="0.96" CONTENT="som"/><SP WIDTH="22" VPOS="2104" HPOS="686"/>
							<String ID="string_244" HPOS="708" VPOS="2093" WIDTH="185" HEIGHT="31" WC="0.95" CONTENT="innefattas"/><SP WIDTH="23" VPOS="2093" HPOS="893"/>
							<String ID="string_245" HPOS="916" VPOS="2092" WIDTH="11" HEIGHT="31" WC="0.93" CONTENT="i"/><SP WIDTH="24" VPOS="2092" HPOS="927"/>
							<String ID="string_246" HPOS="951" VPOS="2091" WIDTH="234" HEIGHT="32" WC="0.92" CONTENT="ovanberörda"/><SP WIDTH="22" VPOS="2091" HPOS="1185"/>
							<String ID="string_247" HPOS="1207" VPOS="2090" WIDTH="204" HEIGHT="42" WC="0.96" CONTENT="kungörelse"/><SP WIDTH="24" VPOS="2090" HPOS="1411"/>
							<String ID="string_248" HPOS="1435" VPOS="2089" WIDTH="66" HEIGHT="32" WC="0.96" CONTENT="den"/><SP WIDTH="25" VPOS="2089" HPOS="1501"/>
							<String ID="string_249" HPOS="1526" VPOS="2090" WIDTH="39" HEIGHT="30" WC="0.96" CONTENT="15"/><SP WIDTH="21" VPOS="2090" HPOS="1565"/>
							<String ID="string_250" HPOS="1586" VPOS="2088" WIDTH="74" HEIGHT="42" WC="0.96" CONTENT="juni"/>
						</TextLine>
						<TextLine ID="line_28" HPOS="158" VPOS="2141" WIDTH="1163" HEIGHT="44">
							<String ID="string_251" HPOS="158" VPOS="2146" WIDTH="89" HEIGHT="38" WC="0.96" CONTENT="1923,"/><SP WIDTH="24" VPOS="2146" HPOS="247"/>
							<String ID="string_252" HPOS="271" VPOS="2146" WIDTH="50" HEIGHT="30" WC="0.96" CONTENT="får"/><SP WIDTH="22" VPOS="2146" HPOS="321"/>
							<String ID="string_253" HPOS="343" VPOS="2145" WIDTH="170" HEIGHT="31" WC="0.96" CONTENT="utskottet"/><SP WIDTH="22" VPOS="2145" HPOS="513"/>
							<String ID="string_254" HPOS="535" VPOS="2144" WIDTH="172" HEIGHT="41" WC="0.96" CONTENT="tillstyrka"/><SP WIDTH="22" VPOS="2144" HPOS="707"/>
							<String ID="string_255" HPOS="729" VPOS="2143" WIDTH="97" HEIGHT="31" WC="0.96" CONTENT="bifall"/><SP WIDTH="22" VPOS="2143" HPOS="826"/>
							<String ID="string_256" HPOS="848" VPOS="2142" WIDTH="53" HEIGHT="32" WC="0.95" CONTENT="till"/><SP WIDTH="24" VPOS="2142" HPOS="901"/>
							<String ID="string_257" HPOS="925" VPOS="2142" WIDTH="112" HEIGHT="31" WC="0.95" CONTENT="denna"/><SP WIDTH="23" VPOS="2142" HPOS="1037"/>
							<String ID="string_258" HPOS="1060" VPOS="2141" WIDTH="261" HEIGHT="41" WC="0.96" CONTENT="framställning."/>
						</TextLine>
					</TextBlock>
					<TextBlock ID="block_8" HPOS="209" VPOS="2193" WIDTH="576" HEIGHT="38">
						<TextLine ID="line_29" HPOS="209" VPOS="2193" WIDTH="576" HEIGHT="38">
							<String ID="string_259" HPOS="209" VPOS="2196" WIDTH="179" HEIGHT="32" WC="0.96" CONTENT="Utskottet"/><SP WIDTH="23" VPOS="2196" HPOS="388"/>
							<String ID="string_260" HPOS="411" VPOS="2195" WIDTH="199" HEIGHT="31" WC="0.96" CONTENT="hemställer"/><SP WIDTH="23" VPOS="2195" HPOS="610"/>
							<String ID="string_261" HPOS="633" VPOS="2193" WIDTH="152" HEIGHT="38" WC="0.95" CONTENT="sålunda,"/>
						</TextLine>
					</TextBlock>
					<TextBlock ID="block_9" HPOS="422" VPOS="2248" WIDTH="1238" HEIGHT="299">
						<TextLine ID="line_30" HPOS="478" VPOS="2248" WIDTH="1182" HEIGHT="46">
							<String ID="string_262" HPOS="478" VPOS="2256" WIDTH="49" HEIGHT="29" WC="0.96" CONTENT="att"/><SP WIDTH="33" VPOS="2256" HPOS="527"/>
							<String ID="string_263" HPOS="560" VPOS="2252" WIDTH="193" HEIGHT="42" WC="0.96" CONTENT="riksdagen,"/><SP WIDTH="24" VPOS="2252" HPOS="753"/>
							<String ID="string_264" HPOS="777" VPOS="2252" WIDTH="78" HEIGHT="31" WC="0.96" CONTENT="med"/><SP WIDTH="33" VPOS="2252" HPOS="855"/>
							<String ID="string_265" HPOS="888" VPOS="2251" WIDTH="96" HEIGHT="32" WC="0.95" CONTENT="bifall"/><SP WIDTH="33" VPOS="2251" HPOS="984"/>
							<String ID="string_266" HPOS="1017" VPOS="2251" WIDTH="53" HEIGHT="31" WC="0.95" CONTENT="till"/><SP WIDTH="33" VPOS="2251" HPOS="1070"/>
							<String ID="string_267" HPOS="1103" VPOS="2250" WIDTH="221" HEIGHT="32" WC="0.95" CONTENT="förevarande"/><SP WIDTH="34" VPOS="2250" HPOS="1324"/>
							<String ID="string_268" HPOS="1358" VPOS="2249" WIDTH="141" HEIGHT="38" WC="0.94" CONTENT="motion,"/><SP WIDTH="29" VPOS="2249" HPOS="1499"/>
							<String ID="string_269" HPOS="1528" VPOS="2250" WIDTH="56" HEIGHT="30" WC="0.89" CONTENT="må"/><SP WIDTH="22" VPOS="2250" HPOS="1584"/>
							<String ID="string_270" HPOS="1606" VPOS="2248" WIDTH="54" HEIGHT="31" WC="0.89" CONTENT="be-"/>
						</TextLine>
						<TextLine ID="line_31" HPOS="424" VPOS="2299" WIDTH="1235" HEIGHT="46">
							<String ID="string_271" HPOS="424" VPOS="2305" WIDTH="100" HEIGHT="38" WC="0.96" CONTENT="sluta,"/><SP WIDTH="24" VPOS="2305" HPOS="524"/>
							<String ID="string_272" HPOS="548" VPOS="2306" WIDTH="50" HEIGHT="29" WC="0.93" CONTENT="att"/><SP WIDTH="34" VPOS="2306" HPOS="598"/>
							<String ID="string_273" HPOS="632" VPOS="2303" WIDTH="253" HEIGHT="42" WC="0.91" CONTENT="dyrtidstillägg"/><SP WIDTH="34" VPOS="2303" HPOS="885"/>
							<String ID="string_274" HPOS="919" VPOS="2302" WIDTH="86" HEIGHT="32" WC="0.96" CONTENT="skall"/><SP WIDTH="23" VPOS="2302" HPOS="1005"/>
							<String ID="string_275" HPOS="1028" VPOS="2302" WIDTH="110" HEIGHT="31" WC="0.96" CONTENT="under"/><SP WIDTH="26" VPOS="2302" HPOS="1138"/>
							<String ID="string_276" HPOS="1164" VPOS="2301" WIDTH="228" HEIGHT="32" WC="0.96" CONTENT="innevarande"/><SP WIDTH="22" VPOS="2301" HPOS="1392"/>
							<String ID="string_277" HPOS="1414" VPOS="2299" WIDTH="140" HEIGHT="42" WC="0.93" CONTENT="riksdag"/><SP WIDTH="22" VPOS="2299" HPOS="1554"/>
							<String ID="string_278" HPOS="1576" VPOS="2299" WIDTH="83" HEIGHT="31" WC="0.92" CONTENT="tills-"/>
						</TextLine>
						<TextLine ID="line_32" HPOS="422" VPOS="2350" WIDTH="1236" HEIGHT="44">
							<String ID="string_279" HPOS="422" VPOS="2355" WIDTH="126" HEIGHT="39" WC="0.96" CONTENT="vidare,"/><SP WIDTH="24" VPOS="2355" HPOS="548"/>
							<String ID="string_280" HPOS="572" VPOS="2355" WIDTH="91" HEIGHT="31" WC="0.96" CONTENT="intill"/><SP WIDTH="24" VPOS="2355" HPOS="663"/>
							<String ID="string_281" HPOS="687" VPOS="2354" WIDTH="80" HEIGHT="32" WC="0.96" CONTENT="dess"/><SP WIDTH="23" VPOS="2354" HPOS="767"/>
							<String ID="string_282" HPOS="790" VPOS="2353" WIDTH="215" HEIGHT="32" WC="0.96" CONTENT="annorlunda"/><SP WIDTH="21" VPOS="2353" HPOS="1005"/>
							<String ID="string_283" HPOS="1026" VPOS="2352" WIDTH="67" HEIGHT="32" WC="0.93" CONTENT="kan"/><SP WIDTH="22" VPOS="2352" HPOS="1093"/>
							<String ID="string_284" HPOS="1115" VPOS="2352" WIDTH="104" HEIGHT="32" WC="0.92" CONTENT="varda"/><SP WIDTH="22" VPOS="2352" HPOS="1219"/>
							<String ID="string_285" HPOS="1241" VPOS="2363" WIDTH="41" HEIGHT="20" WC="0.96" CONTENT="av"/><SP WIDTH="15" VPOS="2363" HPOS="1282"/>
							<String ID="string_286" HPOS="1297" VPOS="2351" WIDTH="182" HEIGHT="41" WC="0.96" CONTENT="riksdagen"/><SP WIDTH="21" VPOS="2351" HPOS="1479"/>
							<String ID="string_287" HPOS="1500" VPOS="2350" WIDTH="158" HEIGHT="38" WC="0.96" CONTENT="bestämt,"/>
						</TextLine>
						<TextLine ID="line_33" HPOS="424" VPOS="2401" WIDTH="1235" HEIGHT="46">
							<String ID="string_288" HPOS="424" VPOS="2408" WIDTH="80" HEIGHT="39" WC="0.96" CONTENT="utgå"/><SP WIDTH="16" VPOS="2408" HPOS="504"/>
							<String ID="string_289" HPOS="520" VPOS="2405" WIDTH="53" HEIGHT="32" WC="0.96" CONTENT="till"/><SP WIDTH="16" VPOS="2405" HPOS="573"/>
							<String ID="string_290" HPOS="589" VPOS="2405" WIDTH="43" HEIGHT="32" WC="0.96" CONTENT="de"/><SP WIDTH="16" VPOS="2405" HPOS="632"/>
							<String ID="string_291" HPOS="648" VPOS="2405" WIDTH="64" HEIGHT="32" WC="0.96" CONTENT="hos"/><SP WIDTH="15" VPOS="2405" HPOS="712"/>
							<String ID="string_292" HPOS="727" VPOS="2404" WIDTH="201" HEIGHT="41" WC="0.96" CONTENT="riksdagens"/><SP WIDTH="13" VPOS="2404" HPOS="928"/>
							<String ID="string_293" HPOS="941" VPOS="2403" WIDTH="142" HEIGHT="37" WC="0.96" CONTENT="kamrar,"/><SP WIDTH="15" VPOS="2403" HPOS="1083"/>
							<String ID="string_294" HPOS="1098" VPOS="2402" WIDTH="157" HEIGHT="42" WC="0.96" CONTENT="ständiga"/><SP WIDTH="13" VPOS="2402" HPOS="1255"/>
							<String ID="string_295" HPOS="1268" VPOS="2402" WIDTH="64" HEIGHT="32" WC="0.96" CONTENT="och"/><SP WIDTH="14" VPOS="2402" HPOS="1332"/>
							<String ID="string_296" HPOS="1346" VPOS="2401" WIDTH="168" HEIGHT="41" WC="0.96" CONTENT="tillfälliga"/><SP WIDTH="12" VPOS="2401" HPOS="1514"/>
							<String ID="string_297" HPOS="1526" VPOS="2401" WIDTH="133" HEIGHT="31" WC="0.96" CONTENT="utskott"/>
						</TextLine>
						<TextLine ID="line_34" HPOS="425" VPOS="2451" WIDTH="1233" HEIGHT="45">
							<String ID="string_298" HPOS="425" VPOS="2458" WIDTH="88" HEIGHT="30" WC="0.96" CONTENT="samt"/><SP WIDTH="32" VPOS="2458" HPOS="513"/>
							<String ID="string_299" HPOS="545" VPOS="2456" WIDTH="113" HEIGHT="31" WC="0.96" CONTENT="kansli"/><SP WIDTH="34" VPOS="2456" HPOS="658"/>
							<String ID="string_300" HPOS="692" VPOS="2454" WIDTH="169" HEIGHT="32" WC="0.96" CONTENT="anställda"/><SP WIDTH="32" VPOS="2454" HPOS="861"/>
							<String ID="string_301" HPOS="893" VPOS="2455" WIDTH="208" HEIGHT="41" WC="0.96" CONTENT="tjänstemän"/><SP WIDTH="34" VPOS="2455" HPOS="1101"/>
							<String ID="string_302" HPOS="1135" VPOS="2453" WIDTH="64" HEIGHT="32" WC="0.93" CONTENT="och"/><SP WIDTH="23" VPOS="2453" HPOS="1199"/>
							<String ID="string_303" HPOS="1222" VPOS="2453" WIDTH="233" HEIGHT="40" WC="0.91" CONTENT="vaktbetjänte"/><SP WIDTH="28" VPOS="2453" HPOS="1455"/>
							<String ID="string_304" HPOS="1483" VPOS="2451" WIDTH="106" HEIGHT="42" WC="0.96" CONTENT="enligt"/><SP WIDTH="27" VPOS="2451" HPOS="1589"/>
							<String ID="string_305" HPOS="1616" VPOS="2451" WIDTH="42" HEIGHT="31" WC="0.96" CONTENT="de"/>
						</TextLine>
						<TextLine ID="line_35" HPOS="424" VPOS="2501" WIDTH="1236" HEIGHT="46">
							<String ID="string_306" HPOS="424" VPOS="2507" WIDTH="158" HEIGHT="40" WC="0.95" CONTENT="grunder,"/><SP WIDTH="25" VPOS="2507" HPOS="582"/>
							<String ID="string_307" HPOS="607" VPOS="2517" WIDTH="73" HEIGHT="20" WC="0.95" CONTENT="som"/><SP WIDTH="34" VPOS="2517" HPOS="680"/>
							<String ID="string_308" HPOS="714" VPOS="2516" WIDTH="122" HEIGHT="31" WC="0.96" CONTENT="genom"/><SP WIDTH="34" VPOS="2516" HPOS="836"/>
							<String ID="string_309" HPOS="870" VPOS="2504" WIDTH="205" HEIGHT="42" WC="0.96" CONTENT="kungörelse"/><SP WIDTH="34" VPOS="2504" HPOS="1075"/>
							<String ID="string_310" HPOS="1109" VPOS="2504" WIDTH="66" HEIGHT="31" WC="0.96" CONTENT="den"/><SP WIDTH="25" VPOS="2504" HPOS="1175"/>
							<String ID="string_311" HPOS="1200" VPOS="2504" WIDTH="40" HEIGHT="31" WC="0.96" CONTENT="15"/><SP WIDTH="24" VPOS="2504" HPOS="1240"/>
							<String ID="string_312" HPOS="1264" VPOS="2503" WIDTH="75" HEIGHT="42" WC="0.95" CONTENT="juni"/><SP WIDTH="25" VPOS="2503" HPOS="1339"/>
							<String ID="string_313" HPOS="1364" VPOS="2503" WIDTH="79" HEIGHT="31" WC="0.96" CONTENT="1923"/><SP WIDTH="33" VPOS="2503" HPOS="1443"/>
							<String ID="string_314" HPOS="1476" VPOS="2501" WIDTH="184" HEIGHT="32" WC="0.96" CONTENT="fastställts"/>
						</TextLine>
					</TextBlock>
					<TextBlock ID="block_10" HPOS="208" VPOS="2561" WIDTH="1411" HEIGHT="44">
						<TextLine ID="line_36" HPOS="208" VPOS="2561" WIDTH="1411" HEIGHT="44">
							<String ID="string_315" HPOS="208" VPOS="2568" WIDTH="116" HEIGHT="37" WC="0.91" CONTENT="Bihang"/><SP WIDTH="25" VPOS="2568" HPOS="324"/>
							<String ID="string_316" HPOS="349" VPOS="2568" WIDTH="44" HEIGHT="28" WC="0.96" CONTENT="till"/><SP WIDTH="22" VPOS="2568" HPOS="393"/>
							<String ID="string_317" HPOS="415" VPOS="2568" WIDTH="168" HEIGHT="36" WC="0.96" CONTENT="riksdagens"/><SP WIDTH="19" VPOS="2568" HPOS="583"/>
							<String ID="string_318" HPOS="602" VPOS="2567" WIDTH="145" HEIGHT="37" WC="0.96" CONTENT="protokoll"/><SP WIDTH="22" VPOS="2567" HPOS="747"/>
							<String ID="string_319" HPOS="769" VPOS="2564" WIDTH="91" HEIGHT="31" WC="0.95" CONTENT="1925."/><SP WIDTH="46" VPOS="2564" HPOS="860"/>
							<String ID="string_320" HPOS="906" VPOS="2564" WIDTH="19" HEIGHT="30" WC="0.95" CONTENT="8"/><SP WIDTH="21" VPOS="2564" HPOS="925"/>
							<String ID="string_321" HPOS="946" VPOS="2566" WIDTH="81" HEIGHT="29" WC="0.91" CONTENT="saml."/><SP WIDTH="45" VPOS="2566" HPOS="1027"/>
							<String ID="string_322" HPOS="1072" VPOS="2563" WIDTH="23" HEIGHT="30" WC="0.93" CONTENT="3"/><SP WIDTH="22" VPOS="2563" HPOS="1095"/>
							<String ID="string_323" HPOS="1117" VPOS="2565" WIDTH="71" HEIGHT="37" WC="0.87" CONTENT="häft."/><SP WIDTH="35" VPOS="2565" HPOS="1188"/>
							<String ID="string_324" HPOS="1223" VPOS="2563" WIDTH="63" HEIGHT="40" WC="0.93" CONTENT="(Nr"/><SP WIDTH="22" VPOS="2563" HPOS="1286"/>
							<String ID="string_325" HPOS="1308" VPOS="2561" WIDTH="109" HEIGHT="41" WC="0.55" CONTENT="3—4.)"/><SP WIDTH="123" VPOS="2561" HPOS="1417"/>
							<String ID="string_326" HPOS="1540" VPOS="2571" WIDTH="40" HEIGHT="19" WC="0.94" CONTENT="130"/><SP WIDTH="13" VPOS="2571" HPOS="1580"/>
							<String ID="string_327" HPOS="1593" VPOS="2570" WIDTH="26" HEIGHT="19" WC="0.94" CONTENT="25"/>
						</TextLine>
					</TextBlock>
				</ComposedBlock>
				<ComposedBlock ID="cblock_5" HPOS="1717" VPOS="1599" WIDTH="130" HEIGHT="24">
					<TextBlock ID="block_11" HPOS="1717" VPOS="1599" WIDTH="130" HEIGHT="24">
						<TextLine ID="line_37" HPOS="1717" VPOS="1599" WIDTH="130" HEIGHT="24">
							<String ID="string_328" HPOS="1717" VPOS="1599" WIDTH="130" HEIGHT="24" WC="0.94" CONTENT="Utskottet."/>
						</TextLine>
					</TextBlock>
				</ComposedBlock>
			</PrintSpace>
		</Page>
	</Layout>
</alto>
