1864 2788
408 170 120 31 Andra
549 167 229 40 lagutskottets
799 163 171 32 utlåtande
994 174 40 20 nr
1055 165 20 28 3
1097 161 37 31 år
1154 162 80 29 1961
1548 152 18 30 9

82 283 166 32 Måhända
267 283 65 30 kan
351 282 81 31 även
450 279 106 32 andra
573 277 169 38 lösningar
759 275 126 31 tänkas.
905 274 84 29 Före
1009 271 55 31 det
1083 267 178 33 definitiva
1278 264 290 37 ställningstagan-

84 339 55 32 det
157 339 38 30 är
212 338 56 31 det
285 336 95 32 också
398 335 172 38 angeläget
588 336 49 27 att
656 333 62 36 äga
734 331 152 30 närmare
904 325 185 33 kännedom
1108 333 51 22 om
1177 322 40 31 de
1235 318 177 34 kostnader
1430 327 42 21 en
1489 315 80 32 änd-

85 394 76 37 ring
176 403 41 20 av
233 389 218 33 förevarande
467 388 71 39 slag
553 387 105 32 skulle
673 385 160 31 medföra.
851 382 124 32 Vidare
991 378 95 34 torde
1102 378 41 31 de
1159 373 267 35 administrativa
1441 372 128 37 frågor-

84 458 44 21 na
156 448 102 30 kräva
285 444 194 40 ytterligare
507 441 174 40 prövning.
712 439 77 34 Med
818 438 129 36 hänsyn
975 435 53 32 till
1056 433 65 31 vad
1150 430 138 33 sålunda
1317 428 130 32 anförts
1474 435 96 22 anser

85 503 50 37 sig
159 501 160 32 utskottet
342 500 79 30 böra
446 496 136 32 förorda
607 499 50 27 att
681 495 123 37 frågan
827 502 52 21 om
903 486 255 40 undanröjande
1180 495 41 21 av
1246 482 209 41 spärregelns
1478 480 93 31 verk-

87 557 120 38 ningar
226 554 140 32 utredes.
389 553 115 30 Härav
525 551 113 38 följer,
657 552 49 28 att
726 548 160 32 utskottet
907 546 68 30 inte
994 544 66 30 kan
1080 540 130 33 biträda
1230 538 206 32 motionerna
1456 536 30 30 I:
1509 535 62 30 499

87 611 60 31 och
165 611 47 30 II:
233 610 70 37 583,
328 609 5 30 i
351 608 65 31 den
431 607 78 31 mån
526 606 93 30 dessa
637 602 183 32 innehåller
836 599 148 40 yrkande
1002 608 52 21 om
1071 601 48 27 ett
1136 593 201 34 omedelbart
1353 589 219 39 borttagande

88 676 41 21 av
148 664 199 40 spärregeln.
369 659 196 33 Emellertid
584 660 39 30 är
642 658 55 31 det
718 656 102 37 enligt
841 655 177 31 utskottets
1037 650 133 39 mening
1188 648 174 39 angeläget
1380 650 53 28 att
1451 645 122 37 frågan

90 719 132 33 utredes
236 717 75 32 med
325 718 119 31 största
459 713 243 40 skyndsamhet,
718 712 35 31 så
769 714 50 27 att
834 709 124 38 förslag
973 708 64 30 kan
1054 705 184 38 föreläggas
1254 701 175 38 riksdagen
1444 702 130 29 snarast

89 774 141 39 möjligt.

132 856 114 32 Under
262 853 200 39 hänvisning
480 852 53 32 till
551 851 65 31 vad
634 849 141 32 sålunda
793 848 130 31 anförts
941 845 54 31 får
1014 844 159 31 utskottet
1191 839 180 38 hemställa,

451 908 40 31 A.
515 910 51 27 att
587 904 184 37 riksdagen,
793 902 75 31 med
888 900 97 32 bifall
1005 899 54 30 till
1079 896 205 33 motionerna
1304 895 29 29 I:
1359 893 60 30 279
1441 891 61 31 och
1523 890 49 31 II:

409 963 59 30 937
488 964 84 28 samt
592 961 11 30 i
621 958 180 37 anledning
820 966 41 21 av
878 955 205 31 motionerna
1103 952 29 30 I:
1154 951 60 30 499
1234 950 60 30 och
1312 948 47 30 II:
1383 946 71 38 583,
1473 945 102 31 måtte

410 1017 11 30 i
440 1015 156 33 skrivelse
614 1014 52 31 till
683 1011 125 39 Kungl.
828 1010 104 38 Maj:t
952 1007 132 32 anhålla
1102 1015 51 22 om
1171 1003 176 39 skyndsam
1366 999 182 38 utredning
1567 998 11 30 i

410 1072 88 37 syfte
520 1073 51 28 att
591 1067 119 33 bereda
730 1064 222 40 änkepension
973 1063 53 30 till
1047 1060 123 32 sådana
1192 1058 102 31 änkor
1314 1066 67 21 som
1402 1056 44 38 på
1467 1052 111 40 grund

411 1136 41 21 av
468 1124 110 38 tredje
593 1122 136 40 stycket,
747 1120 109 39 punkt
873 1119 27 38 3,
919 1119 106 30 första
1040 1115 175 38 meningen
1231 1113 11 30 i
1259 1108 319 40 övergångsbestäm-

410 1180 162 31 melserna
592 1177 52 31 till
664 1177 96 37 lagen
782 1174 64 31 den
867 1174 18 30 5
905 1172 67 38 maj
996 1170 82 31 1960
1099 1167 167 40 angående
1287 1164 143 39 ändring
1451 1165 12 30 i
1482 1162 97 39 lagen

412 1235 65 30 den
491 1233 41 31 29
547 1232 75 39 juni
637 1231 80 30 1946
732 1239 51 22 om
799 1224 304 42 folkpensionering
1116 1223 69 31 icke
1199 1232 47 21 nu
1258 1222 65 30 kan
1337 1218 124 33 erhålla
1475 1216 105 32 sådan

412 1288 151 40 pension;

454 1344 39 30 B.
517 1346 51 27 att
587 1340 204 32 motionerna
815 1338 29 30 I:
871 1336 60 31 369
953 1336 60 31 och
1035 1334 49 30 II:
1110 1332 60 31 428
1192 1331 70 31 icke
1283 1330 101 30 måtte
1407 1325 173 34 föranleda

413 1399 109 38 någon
543 1396 191 38 riksdagens
755 1392 128 39 åtgärd.

140 1510 187 33 Stockholm
348 1508 64 31 den
434 1507 39 30 21
497 1503 149 33 februari
669 1503 80 30 1961

536 1614 48 30 På
611 1610 106 33 andra
743 1609 231 39 lagutskottets
1001 1606 138 37 vägnar:

676 1692 126 31 AXEL
829 1688 177 34 STRAND

146 1835 64 31 Vid
233 1835 91 30 detta
346 1832 136 32 ärendes
507 1829 197 37 behandling
728 1828 60 30 har
811 1823 149 33 närvarit

145 1916 78 30 från
257 1915 157 30 första
448 1912 203 30 kammaren:
680 1909 118 30 herrar
823 1904 153 38 Strand”,
1002 1903 73 30 Nils
1102 1901 174 36 Elowsson,
1304 1898 84 30 Axel
1414 1896 173 35 Svensson,

104 1971 58 30 fru
192 1967 297 37 Hamrin-Thorell,
522 1964 116 31 fröken
669 1961 205 38 Nordström,
906 1959 116 30 herrar
1051 1956 82 30 Lars
1163 1954 150 36 Larsson,
1344 1949 153 38 Kaijsert
1529 1947 59 32 och

106 2025 160 30 Thorsten
288 2023 152 35 Larsson;

147 2105 78 30 från
256 2103 146 31 andra
431 2101 202 30 kammaren:
658 2098 116 30 herrar
795 2094 174 32 Anderson
989 2093 11 30 i
1023 2089 185 37 Sundsvall,
1230 2088 132 30 Nilsson
1383 2086 11 30 i
1415 2083 173 38 Göteborg,

105 2159 244 34 Rimmerforst,
374 2155 117 31 fröken
515 2152 240 36 Wetterström,
781 2149 58 31 fru
864 2146 202 39 Ekendahl:,
1092 2145 115 30 herrar
1230 2142 184 31 Johansson
1439 2139 11 30 i
1475 2137 115 33 Söder-

107 2213 90 40 tälje,
220 2212 200 31 Gustavsson
443 2211 11 29 i
476 2208 135 30 Alvesta
634 2205 59 31 och
716 2205 57 29 fru
796 2203 170 31 Svensson.

111 2524 17 17 »
143 2520 42 38 Ej
212 2517 206 33 närvarande
444 2515 56 32 vid
527 2513 202 32 utlåtandets
755 2509 172 41 justering.
