1880 2798
258 189 40 30 20
608 189 402 40 Bevillningsutskottets
1040 189 216 29 betänkande
1285 197 41 20 nr
1351 188 50 29 57.

260 274 109 29 nader
387 274 114 29 funnit
520 274 226 29 kommitténs
764 274 232 38 beräkningar
1016 274 118 29 hållna
1153 273 7 29 i
1178 273 168 29 överkant
1367 272 75 29 med
1460 271 176 38 åtskilliga
1656 271 102 29 10-tal

261 324 174 39 miljoner.
471 325 47 28 De
547 325 74 28 skäl
651 333 71 20 som
755 324 401 38 Landsorganisationen
1184 323 146 29 anförde
1360 332 72 20 som
1460 323 76 28 stöd
1564 322 54 29 för
1644 323 116 29 denna

262 374 55 28 sin
351 374 200 39 uppfattnig
585 383 90 25 vore,
708 374 105 30 såvitt
848 374 259 29 motionärerna
1140 374 116 29 kunde
1290 373 156 33 bedöma,
1479 372 76 29 icke
1590 371 170 39 orimliga.

261 424 58 29 Ett
337 427 106 27 annat
460 424 219 30 förhållande
696 434 80 20 vore
796 426 51 28 att
864 424 434 39 ortsavdragskommittén
1316 423 56 30 vid
1391 423 240 40 uppgörandet
1648 432 42 20 av
1708 422 55 29 sin

262 476 291 38 kostnadskalkyl
578 476 74 29 icke
677 476 101 38 vågat
804 477 82 37 göra
909 476 107 38 några
1041 475 233 38 beräkningar
1298 484 41 19 av
1363 474 64 29 hur
1451 474 137 38 mycket
1614 483 41 19 en
1679 474 82 28 ned-

261 528 91 36 gång
373 535 40 20 av
434 526 39 29 de
494 526 229 29 kommunala
744 525 232 30 restantierna
998 526 140 28 komme
1161 527 49 28 att
1233 524 126 39 betyda
1380 524 10 29 i
1412 524 183 29 minskade
1618 522 145 40 utgifter

260 576 56 29 för
343 577 215 29 statsverket.
598 577 78 29 Som
702 577 195 38 framginge
924 586 40 20 av
990 576 104 29 tabell
1120 576 38 29 N.
1187 576 41 39 på
1257 585 25 19 s.
1313 575 59 29 144
1400 575 10 28 i
1439 575 322 38 ortsavdragskom-

260 627 144 30 mitténs
425 627 218 29 betänkande
664 627 87 29 hade
772 627 233 38 utdebitering
1026 636 42 20 av
1089 627 127 29 allmän
1238 625 303 30 kommunalskatt
1562 625 64 29 och
1646 625 115 29 lands-

263 678 188 38 tingsskatt
478 677 54 30 för
561 678 37 29 år
629 677 81 30 1949
740 678 147 39 uppgått
914 678 51 29 till
997 677 118 33 15363,;
1142 677 164 38 miljoner
1334 677 138 28 kronor.
1502 676 66 29 Om
1595 685 82 20 man
1704 675 57 29 vid

260 737 43 20 en
326 728 192 39 beräkning
538 738 42 19 av
602 729 64 28 den
691 728 141 39 slutliga
857 728 287 29 skatteförlusten
1167 728 120 29 därvid
1314 729 122 36 antoge
1459 728 49 28 att
1531 727 115 29 denna
1668 728 93 27 stan-

261 779 90 29 nade
380 779 54 30 vid
464 779 146 38 ungefär
639 788 134 20 samma
802 779 129 29 storlek
959 787 74 20 som
1062 778 74 29 före
1164 777 385 30 källskattereformens
1577 776 185 30 införande

259 829 85 29 eller
367 829 159 39 omkring
549 829 19 29 4
592 831 141 37 procent
758 829 38 29 så
819 829 111 29 skulle
953 829 66 29 den
1046 829 140 38 slutliga
1210 828 288 30 skatteförlusten
1523 827 54 29 för
1602 828 160 28 kommu-

261 879 260 30 nalskatternas
547 880 270 29 vidkommande
841 880 121 39 belöpa
987 879 51 39 sig
1062 879 44 39 på
1130 881 9 28 i
1164 882 81 27 runt
1270 879 48 29 tal
1343 879 65 33 62,;
1430 878 165 39 miljoner
1621 879 141 28 kronor.

260 930 69 29 Om
354 939 79 20 man
457 930 106 30 också
588 930 110 29 skulle
722 930 190 29 förutsätta
935 931 49 28 att
1008 929 368 30 källskattereformen
1400 929 206 38 nedbringat
1630 930 134 28 restan-

264 981 112 29 lierna
394 981 50 29 till
464 981 133 29 hälften
621 981 81 29 eller
724 981 17 29 2
771 980 47 35 ZX,
842 980 110 30 skulle
974 981 66 29 den
1064 980 139 39 slutliga
1224 979 287 30 skatteförlusten
1533 979 92 30 ändå
1647 979 116 40 uppgå

260 1030 54 30 till
333 1032 79 28 över
429 1031 40 30 30
487 1031 163 39 miljoner
669 1031 140 29 kronor.
828 1032 74 28 Den
921 1031 150 38 höjning
1087 1040 42 20 av
1146 1031 249 38 ortsavdragen
1414 1039 73 20 som
1506 1039 48 20 nu
1574 1030 189 38 föresloges

262 1082 141 29 komme
426 1081 238 39 otvivelaktigt
687 1084 49 27 att
757 1082 192 38 nedbringa
969 1082 114 29 denna
1106 1090 137 20 summa
1263 1082 68 28 rätt
1353 1082 167 28 avsevärt.
1542 1081 50 29 Av
1612 1081 65 28 vad
1699 1080 65 29 här

264 1132 62 29 sist
348 1132 133 30 anförts
501 1133 105 28 borde
627 1141 80 20 man
729 1133 123 28 kunna
873 1132 104 38 draga
998 1133 67 28 den
1088 1132 188 29 slutsatsen
1299 1133 48 28 atl
1370 1141 41 19 en
1432 1131 148 39 höjning
1600 1141 42 19 av
1662 1131 102 29 barn-

263 1183 166 38 bidragen
455 1183 77 28 med
558 1182 41 30 40
625 1183 128 29 kronor
779 1182 76 30 icke
882 1183 139 28 komme
1048 1184 49 27 att
1126 1183 90 29 stöta
1239 1182 47 39 på
1310 1182 107 38 några
1443 1182 125 29 hinder
1595 1190 41 20 ur
1663 1182 101 28 stats-

261 1233 200 29 finansiella
481 1234 227 38 synpunkter.
730 1233 206 29 Reformens
956 1233 272 38 genomförande
1248 1233 105 29 borde
1373 1233 134 28 ändock
1527 1233 123 28 kunna
1670 1232 94 29 hålla

264 1284 53 38 sig
341 1283 93 30 inom
457 1284 62 28 den
543 1293 41 19 av
607 1283 123 39 Kungl.
754 1283 105 38 Maj:t
882 1283 197 29 beräknade
1103 1283 257 38 utgiftsramen.

306 1376 69 29 Fill
394 1376 74 29 stöd
487 1376 54 29 för
559 1377 41 28 de
620 1376 10 28 i
648 1376 40 29 de
708 1375 222 38 likalydande
949 1375 219 29 motionerna
1190 1375 30 28 I:
1234 1375 64 28 508
1316 1375 63 28 och
1398 1375 47 28 II:
1460 1375 64 28 606
1543 1375 221 29 framslälida

263 1427 203 39 yrkandena
488 1426 64 30 har
575 1427 135 29 anförts
733 1426 45 29 bl.
804 1435 29 20 a.
857 1426 166 38 följande.
1049 1426 52 28 En
1125 1425 149 39 höjning
1296 1435 41 20 av
1362 1426 40 28 de
1426 1426 228 29 kommunala
1678 1427 87 28 orts-

266 1478 173 38 avdragen
464 1477 194 29 framstode
688 1477 115 29 såsom
832 1477 10 28 i
868 1477 68 38 hög
961 1477 84 37 grad
1072 1476 203 30 motiverad.
1304 1476 48 29 De
1383 1485 46 19 nu
1458 1476 159 38 gällande
1645 1477 121 28 avdra-

265 1535 65 31 gen
350 1527 213 30 fastställdes
584 1527 10 28 i
615 1527 168 30 samband
807 1527 79 29 med
907 1527 288 37 genomförandet
1217 1536 41 20 av
1282 1526 82 29 1928
1387 1526 56 30 års
1463 1527 303 29 kommunalskat-

265 1578 102 38 telag.
393 1578 116 29 Redan
535 1578 66 29 den
628 1577 313 39 omständigheten,
968 1579 50 27 att
1046 1578 66 28 den
1139 1578 117 28 starka
1284 1577 157 39 nedgång
1469 1587 42 19 av
1535 1577 231 40 penningvär-

265 1629 69 33 det,
363 1637 72 21 som
462 1629 106 29 sedan
592 1629 80 28 dess
695 1629 55 37 ägt
776 1637 90 24 rum,
892 1628 74 29 icke
994 1628 124 28 vunnit
1144 1628 103 38 något
1273 1627 193 30 beaktande
1492 1628 81 29 med
1597 1629 168 28 avseende

265 1679 19 29 å
309 1679 190 38 avdragens
525 1679 140 33 storlek,
689 1681 82 36 gåve
795 1678 274 40 uppenbarligen
1094 1678 56 29 vid
1173 1679 150 32 handen,
1348 1680 49 28 att
1420 1687 42 20 en
1489 1678 150 39 höjning
1660 1679 107 29 därav

266 1730 77 29 icke
374 1729 91 39 finge
498 1729 120 29 ställas
647 1729 44 39 på
717 1729 201 30 framtiden.
947 1729 75 29 Den
1051 1729 236 38 föreliggande
1316 1728 122 40 frågan
1466 1738 80 20 vore
1579 1729 147 30 sålunda
1756 1729 10 29 i

266 1780 66 29 och
358 1780 55 29 för
437 1780 50 37 sig
511 1789 43 20 av
578 1779 221 30 brådskande
826 1781 113 28 natur.
969 1780 101 29 Detta
1098 1779 219 30 förhållande
1344 1780 103 29 borde
1473 1780 192 29 emellertid
1690 1780 76 29 icke

268 1830 181 30 föranleda
476 1832 45 28 ett
550 1830 251 29 eftersättande
827 1840 42 19 av
897 1830 163 39 behöriga
1086 1830 86 29 krav
1198 1830 43 39 på
1266 1839 42 20 en
1338 1830 276 39 ändamålsenlig
1638 1831 64 29 och
1730 1831 35 29 så

266 1880 98 39 långt
385 1880 133 39 möjligt
540 1881 185 29 bestående
745 1880 149 38 lösning.
916 1880 357 39 Ortsavdragsfrågan
1296 1881 116 28 kunde
1435 1880 75 30 icke
1532 1890 54 20 ses
1607 1881 159 29 isolerad.

267 1931 65 29 Det
357 1931 126 29 funnes
506 1932 85 28 även
617 1931 107 29 andra
747 1931 509 39 kommunalskattespörsmål,
1279 1931 112 29 vilkas
1414 1931 138 39 lösning
1574 1932 75 29 icke
1673 1932 95 39 läng-

268 1990 35 20 re
330 1982 115 28 kunde
468 1981 270 39 undanskjutas.
762 1982 53 28 En
839 1981 292 40 genomgripande
1153 1981 130 30 reform
1306 1982 44 39 på
1373 1982 65 29 den
1460 1982 229 30 kommunala
1714 1982 54 29 be-

269 2032 242 38 skattningens
535 2032 141 29 område
700 2032 88 29 hade
813 2032 105 29 sedan
945 2033 100 37 länge
1069 2032 82 30 stått
1176 2032 45 39 på
1244 2032 271 39 dagordningen.
1542 2033 76 29 Med
1641 2034 48 29 ett
1715 2040 53 31 ge-

269 2082 230 30 nomförande
520 2083 108 29 därav
648 2083 87 29 hade
756 2083 137 29 kunnat
913 2082 124 30 vinnas
1059 2092 43 20 en
1122 2083 170 38 reglering
1313 2092 41 20 av
1372 2083 41 29 de
1433 2083 228 30 kommunala
1681 2086 87 27 orts-

268 2132 172 39 avdragen
463 2133 10 28 i
494 2134 48 28 ett
567 2133 118 29 därför
709 2133 170 38 naturligt
902 2133 263 39 sammanhang.
1189 2133 119 39 Någon
1331 2133 199 39 ytterligare
1555 2134 212 29 tidsutdräkt

270 2183 88 29 hade
380 2183 199 39 därigenom
603 2183 206 40 näppeligen
831 2183 107 29 heller
962 2183 126 30 behövt
1113 2184 266 38 ifrågakomma.
1403 2184 264 40 Propositionen
1691 2186 77 37 toge

271 2233 175 39 nämligen
468 2233 88 30 sikte
579 2234 44 39 på
642 2236 49 28 att
714 2234 67 29 den
802 2234 197 38 föreslagna
1021 2243 69 30 nya
1109 2234 193 39 ordningen
1323 2234 75 30 icke
1418 2235 112 29 skulle
1550 2236 100 29 träda
1671 2235 10 29 i
1701 2235 68 29 till-

271 2284 180 39 lämpning
477 2284 121 29 förrän
623 2285 77 29 med
725 2284 174 39 ingången
925 2294 41 20 av
992 2284 38 29 år
1057 2285 93 29 1952.
1176 2285 47 29 De
1250 2285 225 30 kommunala
1502 2286 267 39 ortsavdragens

271 2335 220 39 upptagande
517 2335 52 29 till
596 2336 136 38 separat
755 2334 212 39 behandling
989 2335 89 29 hade
1103 2335 60 29 lett
1186 2335 51 29 till
1263 2337 48 28 ett
1339 2336 220 39 synnerligen
1583 2336 186 40 beklagligt

270 2385 312 39 undanskjutande
604 2394 42 20 av
665 2384 449 40 kommunalskattefrågan
1136 2385 10 29 i
1167 2387 85 28 stort
1273 2386 79 29 med
1373 2386 77 30 dess
1473 2386 38 30 så
1533 2387 237 30 utomordent-

270 2435 63 38 ligt
357 2436 191 38 trängande
572 2435 155 40 problem
757 2445 74 20 som
857 2435 463 40 fastighetsbeskattningen,
1348 2437 65 29 den
1440 2437 177 31 allmänna
1643 2439 128 28 skatte-

272 2485 244 40 utjämningen
541 2488 64 28 etc.
