1892 2798
281 169 39 29 42
641 171 403 40 Bevillningsutskottets
1068 174 217 31 betänkande
1306 184 44 21 nr
1369 175 52 30 57.

284 263 45 20 na
357 254 55 29 för
437 255 56 29 det
518 255 45 39 på
591 256 113 38 grund
730 265 42 21 av
797 258 418 40 ortsavdragsböjningen
1242 259 185 31 minskade
1454 261 331 40 skatteunderlaget.

285 303 103 31 Detta
411 304 282 40 bidragssystem,
718 306 115 30 såsom
860 307 45 30 då
928 308 158 39 gällande
1110 310 146 29 allenast
1280 310 56 30 för
1360 319 42 21 en
1426 312 138 38 mycket
1588 312 80 30 kort
1691 313 96 29 över-

283 353 171 40 gångstid,
475 355 60 30 bör
556 356 173 30 utformas
752 356 47 34 så,
822 359 50 28 att
893 358 65 29 den
978 368 41 20 av
1041 360 401 39 ortsavdragsreformen
1463 362 206 30 föranledda
1691 363 97 29 utde-

284 403 346 42 biteringsökningen
656 407 71 31 helt
753 407 209 31 elimineras.
989 409 128 40 Bidrag
1143 409 11 30 i
1180 411 346 30 överensstämmelse
1552 413 146 30 härmed
1724 414 63 29 bör

283 454 84 39 utgå
391 454 51 30 till
465 455 94 30 såväl
583 456 177 40 landsting
783 466 76 21 som
883 458 352 39 primärkommuner.

329 506 13 29 I
364 505 57 30 det
441 505 208 40 föregående
670 507 44 30 ha
736 507 136 31 berörts
892 508 146 31 allenast
1059 509 94 31 vissa
1173 510 127 40 frågor,
1322 511 93 31 vilka
1436 512 106 40 enligt
1563 513 61 30 vår
1645 513 141 39 mening

284 555 109 30 kräva
423 555 53 30 sin
505 556 148 40 lösning,
682 556 108 31 innan
820 559 400 39 ortsavdragsreformen
1249 562 118 29 träder
1396 562 10 29 i
1436 562 233 41 tillämpning.
1700 564 86 30 Här-

282 605 123 29 utöver
425 605 156 40 förtjäna
600 608 207 29 omnämnas
827 608 200 40 ytterligare
1047 619 44 21 en
1111 611 53 29 del
1186 611 183 40 spörsmål,
1392 621 74 21 som
1486 613 204 40 visserligen
1709 614 76 30 icke

283 656 64 38 äga
374 657 48 28 ett
448 656 70 30 lika
542 656 120 32 intimt
688 658 171 30 samband
884 660 78 29 med
988 661 115 30 denna
1129 662 129 29 reform
1284 671 81 22 men
1391 662 112 32 vilkas
1531 664 139 40 lösning
1696 665 89 29 dock

281 704 77 30 icke
383 706 60 29 bör
468 707 271 40 undanskjutas.
763 708 42 30 Vi
829 708 116 40 åsyfta
968 710 43 29 bl.
1037 719 30 21 a.
1092 711 42 30 de
1160 721 41 20 av
1224 712 560 41 kommunalskatteberedningen

280 753 216 31 behandlade
531 756 218 39 spörsmålen
783 758 150 30 rörande
966 760 250 40 överflyttning
1251 770 43 21 av
1318 762 176 39 uppgifter
1519 762 80 30 från
1623 764 160 30 kommu-

282 814 110 21 nerna
418 807 52 30 till
497 809 124 33 staten,
648 808 244 41 fördelningen
919 819 42 22 av
987 811 237 32 kostnaderna
1250 813 56 30 för
1333 813 92 31 vissa
1452 814 177 40 uppgifter
1656 816 129 29 mellan

281 857 117 29 staten
425 857 64 30 och
517 858 256 31 kommunerna
802 862 93 28 samt
923 861 65 29 den
1016 861 322 32 interkommunala
1366 864 270 40 beskattningen
1663 875 46 21 m.
1738 876 45 19 m.

281 907 166 30 ävensom
482 907 124 40 frågan
642 918 55 21 om
734 909 254 32 fortbeståndet
1024 921 42 21 av
1103 913 371 41 skattegrupperingen
1511 915 10 29 i
1558 916 227 39 dyrortshän-

280 957 138 30 seende.

325 1007 49 29 På
399 1008 110 38 grund
533 1018 43 20 av
600 1010 66 29 vad
691 1009 147 31 sålunda
863 1012 134 29 anförts
1021 1012 186 31 hemställa
1230 1013 43 34 vi,

635 1061 50 29 att
705 1059 187 41 riksdagen
914 1062 105 30 måtte
1039 1081 45 3 —
1103 1063 11 29 i
1135 1064 188 40 anledning
1344 1073 42 22 av
1405 1066 42 30 de
1467 1065 225 41 likalydande
1712 1076 73 21 mo-

590 1109 159 31 tionerna
778 1111 111 30 I:508
916 1112 63 30 och
1006 1113 46 29 II:
1068 1113 64 30 606
1159 1117 90 27 samt
1276 1115 179 30 motionen
1482 1117 46 29 II:
1545 1117 64 30 602
1634 1135 45 3 —
1704 1118 79 29 med

590 1160 256 39 godkännande
875 1171 42 21 av
945 1163 65 30 vad
1038 1164 171 30 utskottet
1237 1165 181 40 föreslagit
1445 1167 222 31 beträffande
1697 1170 87 28 orts-

589 1211 174 39 avdragen
790 1210 60 31 vid
878 1212 66 30 den
972 1213 227 31 kommunala
1227 1215 269 40 beskattningen
1525 1218 175 39 därjämte
1728 1218 56 30 be-

590 1261 92 30 sluta
710 1263 50 29 att
789 1261 10 30 i
830 1262 165 31 skrivelse
1022 1264 54 29 till
1106 1265 124 39 Kungl.
1261 1265 106 40 Maj:t
1396 1267 150 35 anhålla,
1577 1269 51 29 att
1657 1269 125 39 Kungl.

590 1311 104 39 Maj:t
715 1311 89 35 ville,
827 1313 81 30 med
928 1314 195 30 beaktande
1146 1324 41 21 av
1208 1316 41 29 de
1272 1317 218 39 synpunkter
1512 1326 76 21 som
1611 1327 88 21 ovan
1723 1328 60 21 an-

589 1361 99 34 förts,
712 1362 54 30 för
791 1363 81 30 1951
898 1363 56 30 års
975 1363 144 41 riksdag
1142 1365 195 40 framlägga
1359 1367 130 40 förslag
1511 1368 52 30 till
1586 1377 43 21 en
1652 1369 130 30 reform

587 1421 43 21 av
651 1413 66 29 den
739 1412 227 32 kommunala
987 1415 279 39 beskattningen,
1289 1417 219 30 omfattande
1530 1418 127 31 främst
1679 1427 104 32 grun-

588 1462 108 30 derna
717 1462 54 31 för
793 1463 68 30 den
882 1464 177 30 allmänna
1081 1465 361 41 skatteutjämningen
1465 1471 91 27 samt
1578 1469 123 39 frågan
1725 1479 56 21 om

588 1512 346 40 fastighetsskattens
955 1515 262 31 avskaffande.»
