2190 2628
408 145 38 32 12
794 142 361 43 Bevillningsutskottets
1179 139 207 33 Betänkande
1410 138 62 32 N:o
1495 139 30 31 6.

553 223 120 43 Kungl.
698 222 117 42 Maj:ts
835 220 134 42 förslag.
1402 215 167 34 Utskottets
1590 213 135 43 förslag.

1023 637 284 59 Förslag

1133 751 63 36 till

455 858 271 48 Förordning
754 855 231 50 angående
1014 852 195 42 särskild
1237 851 123 41 skatt
1389 849 27 41 å
1445 848 126 50 majs,
1600 846 176 42 använd
1804 846 74 40 vid

849 923 291 49 tillverkning
1168 920 52 41 af
1243 919 234 42 stärkelse.

363 1033 19 31 I
416 1032 88 41 Kap.
549 1031 63 33 Om
646 1030 178 40 rättighet
858 1029 54 32 att
946 1028 60 33 vid
1028 1027 238 38 tillverkning
1289 1024 40 33 af
1351 1023 179 33 stärkelse
1554 1021 161 33 använda
1738 1021 91 40 majs
1853 1028 46 23 m.
1922 1028 47 23 m.

1131 1193 16 32 1
1169 1190 42 47 8.

496 1283 74 36 Vid
610 1280 256 45 tillverkning
907 1279 42 35 af
987 1278 186 37 stärkelse
1215 1279 63 33 må
1317 1274 96 47 majs
1455 1274 86 35 icke
1577 1271 196 37 användas
1801 1270 13 36 i
1842 1282 129 24 annan

369 1336 165 46 ordning
562 1340 49 30 än
638 1334 14 35 i
681 1334 125 35 denna
833 1330 230 47 förordning
1090 1335 98 42 sägs.

497 1387 98 36 Lika
622 1386 89 36 med
737 1384 96 47 majs
866 1383 99 36 skall
994 1382 122 47 enligt
1144 1382 126 35 denna
1296 1377 229 47 förordning
1553 1387 109 25 anses
1689 1373 134 48 hvarje
1848 1378 123 41 ämne,

369 1452 80 24 som
477 1438 216 37 innehåller
719 1436 107 47 majs.

1134 1522 19 32 2
1186 1519 31 45 8.

499 1594 76 35 För
599 1591 108 47 majs,
729 1602 80 24 som
829 1589 196 36 användes
1044 1588 65 35 vid
1129 1585 255 46 tillverkning
1405 1583 41 36 af
1462 1582 197 45 stärkelse,
1681 1580 100 36 skall
1800 1580 175 47 erläggas

372 1659 47 24 en
460 1644 166 37 särskild
666 1643 109 36 skatt
815 1641 88 36 med
948 1640 77 36 fem
1066 1643 66 32 öre
1158 1638 62 36 för
1253 1636 134 47 hvarje
1415 1635 205 47 kilogram,
1650 1633 102 36 dock
1780 1635 60 33 att
1868 1632 108 35 skatt

372 1698 100 36 skall
499 1697 177 46 erläggas
703 1694 62 36 för
793 1693 117 36 minst
936 1691 232 37 femhundra
1195 1689 195 47 kilogram
1409 1687 129 47 majs
1527 1681 21 66 i
1561 1685 184 36 medeltal
1764 1684 61 36 för
1842 1683 134 47 hvarje

372 1748 178 48 helgfritt
586 1748 105 46 dygn
719 1745 42 36 af
795 1746 73 35 den
909 1744 71 45 tid,
1010 1743 123 36 under
1159 1742 161 36 hvilken
1347 1737 331 49 majsafverkning
1705 1739 51 45 på
1783 1736 129 47 grund
1939 1734 43 37 af

373 1799 302 38 tillståndsbevis
703 1801 64 32 må
796 1802 73 42 äga
896 1809 98 23 rum.

1136 1909 19 33 3
1187 1904 34 50 8.

508 1993 32 33 1.
596 1991 95 43 Den,
721 2000 82 24 som
830 1987 70 35 vill
926 1986 66 36 vid
1016 1985 255 46 tillverkning
1290 1983 41 37 af
1346 1982 186 37 stärkelse
1553 1980 179 37 använda
1749 1978 108 48 majs,
1879 1978 101 36 skall
2018 1960 5 4 |

376 2042 119 37 minst
526 2044 43 34 10
599 2042 122 46 dagar
748 2039 81 36 före
858 2039 85 45 den,
974 2038 49 36 då
1049 2035 379 49 majsafverkningen
1458 2039 43 30 är
1528 2032 132 37 afsedd
1688 2034 61 34 att
1774 2030 122 47 börja,
1916 2029 64 37 till

377 2094 139 47 Kungl.
559 2093 130 47 Maj:ts
729 2089 425 48 befallningshafvande
1183 2087 147 48 ingifva
1359 2085 171 47 skriftlig
1558 2083 180 37 anmälan
1767 2083 87 36 med
1881 2094 97 35 upp-

378 2145 75 48 gift
481 2158 77 24 om:

508 2197 36 46 a)
585 2195 199 37 fabrikens
824 2206 128 34 namn,
996 2194 66 35 det
1102 2192 123 46 ställe,
1269 2191 67 35 där
1376 2189 179 36 fabriken
1596 2193 43 30 är
1675 2187 176 47 belägen,
1880 2187 100 35 samt

378 2249 270 36 tillverkarens
676 2247 239 48 postadress;
