2223 2659
695 187 263 33 Statsutskottets
988 187 175 34 Utlåtande
1187 188 64 32 N:o
1273 191 46 30 11.
1748 190 16 31 1

906 806 86 41 N:o
1022 807 59 40 11.

735 963 77 29 Ank.
836 963 50 29 till
908 963 102 29 Riksd.
1034 964 97 29 kansli
1155 965 57 28 den
1237 966 38 27 10
1297 965 75 29 febr.
1398 966 90 35 1890,
1512 965 40 29 kl.
1577 967 18 27 8
1620 976 22 19 e.
1668 976 37 19 m.

416 1111 202 46 Utlåtande,
648 1112 183 48 angående
859 1111 369 49 Riksgäldskontorets
1249 1112 228 49 förvaltning
1505 1113 113 36 under
1647 1113 66 36 den
1738 1114 61 45 tid,

606 1176 75 24 som
721 1164 170 49 förflutit,
944 1164 109 36 sedan
1101 1164 260 50 ansvarsfrihet
1410 1171 118 30 senast
1574 1165 227 37 tillerkändes

600 1216 232 50 fullmägtige
859 1216 13 36 i
898 1217 160 35 nämnda
1086 1216 132 37 kontor.
1603 1216 55 49 (B.
1687 1216 60 49 A.)

313 1370 124 38 Sedan
468 1372 287 36 statsutskottet
782 1371 98 49 tagit
906 1371 216 37 kännedom
1152 1385 59 23 om
1233 1372 73 36 den
1327 1371 41 38 af
1384 1371 240 51 Riksdagens
1641 1375 40 34 år
1699 1374 96 36 1889

210 1423 228 37 församlade
475 1423 189 37 revisorer
701 1423 147 49 afgifna
881 1424 204 36 berättelse
1116 1437 59 23 om
1204 1424 289 50 granskningen
1521 1425 42 36 af
1587 1425 210 48 riksgälds-

208 1476 200 36 kontorets
442 1475 171 37 tillstånd
648 1476 71 36 och
747 1476 245 49 förvaltning,
1022 1476 154 37 hvilken
1205 1476 204 37 berättelse
1439 1476 55 37 till
1522 1477 189 37 utskottet
1738 1491 58 23 re-

209 1528 187 37 mitterats
426 1528 70 36 och
524 1528 115 37 bland
667 1528 220 37 kamrarneg
917 1529 207 36 ledamöter
1151 1529 12 36 i
1191 1529 109 49 tryck
1324 1529 177 47 utdelats,
1523 1535 96 31 samt
1638 1528 158 50 genom-

207 1580 74 36 läst
310 1580 46 36 de
385 1580 204 49 protokoll,
619 1580 128 36 hvilka
773 1580 125 37 blifvit
925 1581 69 36 hos
1016 1581 238 48 fullmägtige
1273 1581 11 36 i
1300 1581 372 49 riksgäldskontoret
1687 1582 110 37 förda

207 1631 99 37 efter
335 1632 73 37 den
439 1634 45 35 26
516 1632 217 49 september
763 1634 110 46 1889,
902 1633 86 36 med
1016 1633 154 36 hvilken
1191 1633 74 49 dag
1285 1633 259 37 revisorernes
1565 1634 231 48 protokolls-

206 1684 240 50 granskning
487 1684 158 48 slutade,
687 1684 57 36 till
778 1684 70 37 och
882 1684 86 37 med
997 1684 71 37 den
1099 1687 47 34 20
1170 1685 149 49 januari
1352 1687 108 46 1890,
1489 1688 20 33 å
1537 1686 154 36 hvilken
1720 1686 75 50 dag

206 1736 259 49 fullmägtiges
495 1736 205 37 berättelse
730 1736 56 37 till
814 1736 256 38 innevarande
1099 1737 157 49 riksdag
1284 1737 125 37 blifvit
1438 1737 183 49 afgifven,
1651 1738 57 36 får
1736 1744 57 31 ut-

206 1789 146 36 skottet
384 1802 50 23 nu
467 1788 175 37 meddela
675 1789 177 48 yttrande
882 1789 84 36 med
996 1789 206 48 anledning
1231 1790 40 35 af
1295 1789 173 48 berörda,
1500 1789 155 37 sålunda
1683 1790 110 37 verk-

204 1840 123 37 stälda
354 1840 250 50 granskning.

964 1947 69 34 1:0.

308 2051 192 47 Angående
526 2050 186 36 skilnaden
740 2050 132 36 mellan
900 2057 129 30 statens
1057 2051 144 50 utgifter
1223 2052 65 49 för
1307 2052 238 49 jernvägslån
1574 2054 59 35 och
1662 2060 129 30 statens

202 2103 187 35 inkomster
422 2103 75 35 dels
530 2101 46 48 af
600 2102 163 36 behållna
793 2103 229 48 trafikmedel,
1053 2103 74 36 dels
1156 2105 43 43 af
1222 2104 159 36 enskilda
1402 2105 388 50 jernvägsaktiebolags

202 2154 338 49 annuitetsliqvider.

305 2205 72 37 Till
405 2205 237 50 fullföljande
673 2206 41 36 af
739 2205 45 38 de
812 2205 12 37 i
854 2206 115 37 ofvan
997 2206 157 49 angifna
1182 2206 182 38 afseende
1384 2207 41 37 af
1441 2208 231 49 föregående
1694 2208 94 38 riks-

203 2258 138 48 dagars
378 2258 246 36 statsutskott
651 2258 173 37 lemnade
852 2258 197 49 uppgifter
1077 2259 57 36 får
1160 2259 188 37 utskottet
1377 2260 59 36 för
1464 2260 63 37 det
1558 2266 130 32 senast
1715 2262 73 36 till-

199 2310 253 49 ändagångna
480 2312 80 35 året
591 2312 96 35 1889
718 2310 172 37 meddela
918 2310 168 49 följande
1116 2310 140 38 siffror:

299 2370 64 30 Bih.
387 2371 47 29 till
454 2371 95 29 Riksd.
573 2372 78 29 Prot.
675 2369 93 32 1890.
813 2371 21 29 4
857 2371 87 30 Saml.
989 2371 18 29 1
1029 2372 71 37 Afd.
1139 2369 20 31 I
1181 2371 84 40 Häft.
1730 2372 15 31 1
