2222 2650
728 217 229 43 Lagutskottets
988 216 172 33 Utlåtande
1182 218 60 31 N:o
1268 219 48 30 61.
1734 216 42 30 33

355 297 82 39 Och
478 298 102 37 hvad
621 301 123 46 angår
783 298 256 49 vägskattens
1072 296 177 51 uppbörd
1277 309 138 37 genom
1447 295 376 49 kommunalnämnd,

226 353 43 34 så
310 350 67 37 har
418 351 145 47 förslag
605 350 132 37 derom
780 353 41 34 'så
859 349 159 51 nyligen
1060 362 81 24 som
1184 348 64 38 vid
1290 350 96 36 1896
1420 351 70 34 års
1532 348 160 49 riksdag
1721 347 100 37 varit

226 402 157 38 föremål
425 403 57 37 för
519 402 245 50 Riksdagens
798 402 195 51 pröfning,
1030 401 133 38 dervid
1191 401 211 37 detsamma
1431 401 33 49 ej
1495 400 125 38 blifvit
1648 401 43 37 af
1713 400 112 37 Riks-

227 454 125 51 dagen
381 460 169 44 antaget.

974 542 46 35 65
1051 540 33 50 8.

355 609 113 38 Hvad
496 609 42 37 af
560 609 88 37 herr
675 608 192 39 Lindblad
894 608 221 50 föreslagits
1136 621 61 24 om
1218 607 168 38 ändrade
1406 607 171 49 grunder
1605 607 57 38 för
1682 606 142 38 vinter-

226 661 324 51 väghållningens
593 662 217 49 utgörande
850 662 99 36 lärer
987 660 42 38 af
1066 660 220 50 anledning,
1316 673 83 24 som
1429 660 114 37 ofvan
1571 660 123 37 under
1724 662 47 35 60
1800 658 22 51 $

228 713 196 50 angifvits,
454 714 34 49 ej
514 713 151 51 påkalla
693 714 183 38 särskildt
903 713 154 50 yttrade
1085 713 42 37 af
1149 712 202 38 utskottet.

356 818 84 38 Den
468 817 58 38 uti

990 940 46 35 69
1066 937 20 50 8

228 1023 43 38 af
307 1023 87 38 herr
434 1024 158 37 Eliason
636 1024 63 37 vid
727 1024 177 38 sistlidne
932 1024 160 49 riksdag
1120 1023 219 50 föreslagia
1367 1022 180 50 ändring,
1578 1028 56 32 att
1664 1022 164 38 härads-

228 1080 77 33 rätt
334 1075 13 37 i
376 1076 127 37 stället
543 1076 58 37 för
642 1079 127 35 sågom
812 1075 123 50 enligt
976 1076 179 49 gällande
1193 1076 65 49 lag
1295 1075 242 48 Konungens
1574 1075 254 49 befallnings-

228 1127 190 38 hafvande
443 1128 136 49 skulle,
608 1128 129 37 derest
766 1128 47 38 de
843 1127 456 50 väghållningsskyldige
1327 1126 70 39 och
1419 1127 205 49 ploglagen
1647 1127 33 50 ej
1700 1128 129 36 kunna

228 1192 93 25 enas
350 1193 59 24 om
438 1180 269 49 ersättningen
735 1180 59 38 för
823 1179 445 49 vinterväghållningen,
1299 1179 211 37 bestämma
1538 1180 290 49 ersättningens

229 1231 152 50 belopp,
424 1232 75 37 kan
541 1233 190 36 utskottet
773 1233 33 48 ej
841 1232 165 48 förorda,
1036 1232 46 36 då
1117 1232 241 48 Konungens
1389 1230 438 51 befallningshafvande,

228 1283 158 37 hvilken
423 1284 69 37 har
533 1283 62 50 sig
636 1284 217 37 ombetrodt
894 1289 56 31 att
979 1284 211 36 bestämma
1220 1283 135 49 sjelfva
1380 1282 447 51 ploglagsindelningen,

229 1347 117 37 synes
374 1335 221 50 lämpligast
622 1336 131 37 kunna
782 1335 135 49 afgöra
944 1335 130 48 frågor
1102 1348 62 24 om
1193 1334 290 49 ersättningens
1511 1334 157 38 storlek.

358 1439 114 38 Hvad
513 1439 183 50 slutligen
739 1442 119 47 angår
899 1439 66 37 det
1007 1438 54 37 uti
1092 1438 88 37 herr
1213 1439 190 38 Janssons
1433 1438 143 37 motion
1604 1438 224 38 framstälda

229 1492 148 49 förslag
418 1505 59 24 om
508 1491 215 49 stadgande
752 1492 43 37 af
817 1496 76 32 rätt
918 1491 59 37 för
1006 1490 433 50 väghållningsdistrikt
1467 1496 55 31 att
1549 1490 157 50 upplåta
1736 1495 93 44 väg-

230 1543 239 38 underhållet
510 1547 48 47 på
591 1544 254 50 entreprenad
877 1565 51 6 —
957 1542 148 38 hvilket
1133 1543 147 49 förslag
1308 1543 190 38 förordats
1526 1543 113 37 äfven
1668 1543 12 36 i
1709 1542 119 38 andra

231 1609 50 24 nu
324 1595 151 50 afgifna
510 1596 187 37 motioner
724 1618 50 6 —
803 1608 113 29 anser
949 1596 60 49 sig
1037 1595 189 37 utskottet
1250 1596 32 48 ej
1312 1609 72 36 ega
1413 1594 84 39 skäl
1526 1595 194 49 tillstyrka
1749 1596 80 35 det-

230 1661 158 34 samma,
417 1648 49 37 då
494 1648 457 49 entreprenadsystemet,
981 1647 122 48 enligt
1131 1647 209 37 utskottets
1369 1642 129 59 tanke,
1514 1647 66 36 ide
1607 1647 95 36 allra
1718 1646 110 37 flesta

229 1699 67 38 fall
326 1699 221 48 säkerligen
577 1700 152 37 komme
757 1705 57 31 att
842 1699 111 37 ställa
982 1698 61 50 sig
1071 1699 138 47 dyrare
1230 1698 56 37 för
1307 1699 47 37 de
1370 1698 458 50 väghållningsskyldige

230 1756 48 32 än
308 1751 64 37 det
399 1751 124 49 enligt
551 1751 191 49 väglagen
769 1750 180 50 gällande
978 1755 188 43 systemet
1191 1763 60 23 om
1276 1750 336 50 vägunderhållets
1632 1751 39 35 in
1693 1756 136 31 natura

231 1804 216 47 utgörande
476 1802 42 37 af
540 1802 414 49 jordbruksfastighet,
984 1802 71 36 och
1083 1801 64 37 det
1175 1802 35 48 ej
1242 1815 115 36 synes
1386 1802 189 37 utskottet
1603 1801 131 49 billigt
1761 1807 68 43 att,

230 1855 67 37 der
340 1854 170 49 enhällig
543 1854 391 38 öfverenskommelse
964 1867 60 23 om
1054 1855 255 48 entreprenad
1337 1855 33 49 ej
1403 1855 74 36 kan
1506 1854 142 47 träffas,
1677 1854 77 37 låta
1784 1866 46 25 en

231 1906 189 47 majoritet
449 1906 104 38 inom
582 1906 197 38 distriktet
806 1906 134 49 tvinga
971 1905 239 37 minoriteten
1241 1913 55 31 att
1315 1907 126 37 betala
1461 1907 57 36 för
1534 1906 67 37 sitt
1617 1906 215 50 vägunder-

229 1958 77 37 håll
333 1959 12 36 i
373 1958 131 38 stället
528 1959 57 37 för
611 1965 56 31 att
696 1958 92 50 sjelf
811 1959 36 37 få
874 1957 209 38 verkställa
1112 1957 224 40 detsamma.

335 2164 287 49 Redogörelsen
651 2164 59 37 för
729 2164 47 37 de
797 2164 234 49 detaljerade
1047 2164 345 51 ändringsförslag,
1410 2177 81 23 som
1508 2163 53 36 uti
1579 2162 251 49 förevarande

232 2217 187 37 motioner
448 2218 123 35 finnas
599 2216 250 48 innefattade,
880 2217 70 37 har
978 2217 155 37 härmed
1163 2220 83 33 nått
1274 2216 68 36 sitt
1370 2216 89 47 slut,
1489 2215 69 36 och
1583 2215 65 36 det
1669 2218 163 33 återstår

234 2270 58 36 för
333 2269 191 36 utskottet
566 2274 55 31 att
662 2268 121 37 uttala
813 2268 72 48 sig,
916 2268 188 37 huruvida
1133 2271 129 46 någon
1292 2267 148 49 åtgärd,
1470 2267 70 36 och
1568 2266 12 37 i
1605 2267 137 36 sådant
1767 2266 65 37 fall

233 2320 172 48 hvilken,
422 2321 80 46 bör,
518 2320 12 36 i
546 2320 212 49 anledning
773 2319 42 37 af
825 2320 47 37 de
889 2320 223 37 framstälda
1129 2320 207 49 förslagen,
1354 2320 41 36 af
1406 2318 220 50 Riksdagen
1639 2318 192 49 vidtagas.

321 2380 75 32 Bih.
421 2380 50 32 till
492 2380 116 32 Biksd.
632 2380 89 32 Prot.
746 2381 95 31 1898.
888 2383 20 29 7
931 2380 99 32 Saml.
1055 2383 42 30 34
1123 2380 93 40 Häft.
1771 2378 17 30 d
