2208 2650
699 218 236 44 Lagutskottets
963 215 173 37 Utlåtande
1159 216 62 33 N:o
1244 216 47 31 61.
1724 215 38 31 17

213 299 170 39 deremot
422 298 191 51 uppställa
652 297 224 49 tillräckligt
915 296 206 48 korrektiv,
1151 307 87 25 vare
1267 295 59 49 sig
1354 308 89 24 man
1469 294 88 37 ville
1585 294 78 37 låta
1690 307 118 24 nuva-

212 352 115 38 rande
368 349 567 52 vägunderhållningsskyldige
963 348 39 38 in
1029 352 135 33 natura
1191 346 210 38 vidkännas
1430 346 64 38 det
1520 345 149 51 belopp,
1698 346 110 38 hvar-

213 404 84 37 med
340 403 427 50 entreprenadsumman
809 401 215 50 öfverstege
1066 400 41 37 af
1138 399 217 50 vägnämnd
1383 398 110 51 gjord
1520 398 287 50 uppskattning,

213 456 91 38 eller
344 469 88 24 man
472 455 87 38 ville
599 458 51 46 gå
690 454 57 38 till
786 458 101 45 väga
927 456 49 47 på
1017 457 54 33 ett
1110 451 178 38 liknande
1330 456 89 43 sätt,
1461 464 81 24 som
1571 451 13 36 i
1612 451 109 49 fråga
1748 464 60 24 om

213 507 529 51 skjutsningsskyldighetens
783 505 260 38 öfverlåtande
1084 517 140 36 genom
1265 503 248 50 entreprenad
1550 507 42 33 är
1619 502 189 50 stadgadt,

213 560 71 37 och
323 560 101 37 lärer
463 559 227 50 regeringen
726 557 82 38 icke
834 557 201 37 underlåta
1058 561 68 43 att,
1156 555 124 37 derest
1305 555 221 49 Riksdagen
1553 554 169 38 anhåller
1748 568 59 23 om

212 612 143 50 förslag
389 611 59 38 till
476 611 117 38 sådan
621 610 164 49 ändring
811 609 13 37 i
851 609 126 50 lagen,
1006 613 54 33 att
1087 607 64 37 det
1179 609 114 35 måtte
1320 607 142 37 tillåtas
1488 606 230 50 vägdistrikt
1742 606 66 38 be-

211 678 127 37 gagna
379 663 448 51 entreprenadsystemet,
868 667 92 44 taga
1000 660 13 37 i
1046 659 292 49 öfvervägande,
1368 658 128 38 hvilka
1523 658 287 39 bestämmelser

213 730 78 24 som
318 716 229 37 härutinnan
574 716 130 37 kunna
731 727 91 25 vara
849 712 257 50 erforderliga.

339 768 52 37 På
432 768 125 49 grund
596 767 120 47 häraf,
758 766 71 38 och
870 766 48 36 då
950 764 220 49 Riksdagen
1197 762 98 38 visat
1319 763 60 49 sig
1406 763 83 38 icke
1517 776 91 24 vara
1635 762 174 51 benägen

212 825 55 32 att
305 820 157 49 vidtaga
501 823 118 46 några
647 818 172 51 partiella
846 817 206 49 ändringar
1078 816 13 36 i
1118 814 245 38 förenämnda
1390 815 75 50 lag,
1495 815 71 37 och
1594 828 47 24 en
1670 815 139 37 allmän

211 872 164 38 revision
417 872 42 37 af
494 872 221 37 densamma
742 870 81 37 icke
849 870 101 37 lärer
977 869 127 36 kunna
1130 867 153 37 komma
1311 866 58 38 till
1398 866 119 49 stånd,
1547 866 87 38 med
1663 867 144 37 mindre

212 929 48 32 än
300 929 55 32 att
397 924 227 50 regeringen
661 922 229 50 framlägger
917 920 145 49 förslag
1085 919 142 48 derom,
1256 919 58 37 får
1336 919 71 50 jag
1434 919 196 38 vördsamt
1656 919 151 48 föreslå,

211 982 56 31 att
305 976 221 49 Riksdagen
566 978 117 35 måtte
716 974 57 37 till
800 974 140 50 Kongl.
970 973 107 49 Maj:t
1103 971 92 50 ingå
1223 970 84 37 med
1336 971 212 48 skrifvelse,
1578 971 63 37 det
1668 971 138 49 Kongl.

211 1029 108 49 Maj:t
345 1028 90 37 ville
463 1028 78 37 låta
567 1027 174 38 utarbeta
770 1026 69 37 och
867 1027 60 36 för
954 1024 221 49 Riksdagen
1201 1023 214 49 framlägga
1442 1023 145 49 förslag
1619 1022 58 38 till
1705 1023 104 37 såväl

211 1081 114 36 sådan
366 1079 161 51 ändring
565 1080 13 36 i
612 1079 114 49 lagen
753 1078 195 50 angående
977 1074 591 52 vägunderhållningsbesvärets
1596 1075 212 49 utgörande

210 1135 47 47 på
282 1132 129 37 landet
439 1132 73 38 den
540 1134 47 35 23
616 1131 160 37 oktober
806 1132 109 47 1891,
946 1134 55 32 att
1027 1128 64 38 det
1118 1130 116 35 måtte
1261 1126 130 38 kunna
1414 1127 205 49 tillstädjas
1638 1127 168 49 väghåll-

210 1184 266 50 ningsdistrikt
517 1189 55 32 att
609 1186 21 34 å
658 1182 175 49 offentlig
860 1182 157 37 auktion
1044 1179 185 38 öfverlåta
1256 1179 551 50 väghållningsskyldigheten,

210 1250 76 24 som
313 1238 63 35 ock
405 1238 119 47 öfriga
553 1237 46 46 af
623 1236 158 48 behofvet
806 1234 201 49 påkallade
1036 1233 205 47 ändringar
1269 1233 14 34 i
1309 1244 140 24 samma
1478 1233 92 48 lag.»

339 1495 83 38 Den
463 1495 41 37 af
527 1494 87 38 herr
639 1494 37 38 J.
706 1495 197 49 Bengtsson
931 1492 13 38 i
972 1491 170 52 Bjernalt
1170 1490 141 51 afgifna
1339 1490 154 49 motion,
1522 1504 62 24 n:o
1615 1491 59 47 96,
1704 1495 40 32 är
1771 1489 43 38 af

211 1547 169 50 följande
407 1546 164 51 lydelse:

337 1600 97 37 »Det
468 1599 148 49 ganska
644 1598 190 37 allmänna
862 1597 193 49 missnöje,
1085 1608 80 25 som
1193 1595 111 37 råder
1329 1594 79 44 med
1445 1599 55 32 ett
1526 1593 125 38 flertal
1679 1593 42 37 af
1742 1594 64 37 be-

212 1651 283 38 stämmelserna
513 1651 12 36 i
543 1651 115 49 lagen
682 1649 195 51 angående
896 1647 469 50 väghållningsbesvärets
1384 1646 211 50 utgörande
1614 1648 48 47 på
1680 1645 129 37 landet

212 1704 72 37 den
313 1706 47 35 23
391 1703 157 37 oktober
578 1704 109 46 1891,
716 1702 80 48 har,
825 1715 81 23 som
934 1700 150 47 bekant,
1113 1699 64 37 vid
1205 1699 45 37 de
1279 1704 151 32 senaste
1458 1698 248 48 riksdagarne
1733 1698 73 36 för-

212 1755 127 38 anledt
379 1755 92 36 flera
512 1754 188 37 motioner
741 1767 61 39 om
830 1752 265 48 förändringar
1123 1751 43 36 af
1190 1750 90 37 eller
1307 1750 137 48 tillägg
1469 1749 59 37 till
1564 1749 101 37 olika
1696 1762 110 36 para-

211 1808 126 49 grafer
376 1806 13 37 i
429 1806 165 36 nämnda
634 1805 75 49 lag.
764 1799 125 42 Åfven
917 1803 63 37 vid
1008 1802 253 38 innevarande
1288 1802 160 48 riksdag
1474 1800 81 37 lära
1583 1800 185 37 motioner
1795 1801 12 36 i

212 1860 130 36 sådant
383 1859 102 48 syfte
512 1858 117 37 blifva
657 1856 223 50 framlagda,
906 1855 72 38 och
1006 1855 210 37 detsamma
1242 1853 107 37 torde
1378 1853 67 36 allt
1472 1853 192 48 framgent
1692 1852 115 37 blifva

212 1911 115 48 fallet,
356 1910 58 37 till
442 1910 86 37 dess
556 1909 46 38 de
631 1909 157 37 allmänt
816 1908 125 37 kända
962 1907 295 49 olägenheterna
1274 1904 129 39 blifvit
1421 1918 138 35 genom
1580 1904 228 49 lagändring

212 1963 195 49 afhulpna.
463 1962 74 36 För
565 1961 77 37 min
670 1961 59 37 del
758 1961 65 37 vill
846 1961 71 49 jag
944 1958 154 38 härmed
1126 1958 104 49 gifva
1256 1957 150 50 uttryck
1435 1960 36 33 åt
1494 1957 45 37 de
1560 1956 245 49 önskningar,

213 2029 78 22 som
333 2014 115 37 bland
489 2013 100 37 mina
629 2013 284 36 kommittenter
949 2010 267 38 företrädesvis
1244 2015 93 43 göra
1366 2009 59 48 sig
1451 2008 178 49 gällande
1657 2008 12 36 i
1697 2008 108 48 fråga

213 2080 60 23 om
301 2066 206 48 ändringar
533 2065 41 36 af
596 2064 176 49 gällande
796 2063 150 49 väglag.
989 2063 120 36 Dessa
1129 2062 134 37 beröra
1282 2061 135 36 främst
1435 2060 169 49 följande
1624 2059 181 49 punkter:

338 2116 161 37 Jemlikt
540 2115 20 50 $&
607 2118 43 34 19
686 2116 41 36 af
751 2115 200 49 väglagen,
980 2114 153 36 hvilken
1163 2112 20 50 $
1212 2111 208 50 uppställer
1447 2111 198 48 undantag
1673 2111 82 36 från
1784 2113 21 34 8

214 2168 81 50 8&:ns
335 2167 206 47 föreskrift,
583 2172 56 31 att
679 2166 213 37 kostnaden
926 2165 58 36 för
1011 2164 199 37 underhåll
1237 2164 41 36 af
1299 2177 52 35 ny
1379 2168 86 43 väg,
1493 2162 98 36 intill
1619 2162 87 37 dess
1735 2162 72 36 den

213 2222 124 47 ingått
364 2220 12 36 i
404 2218 243 49 vägdelning,
676 2219 57 35 för
759 2216 197 39 underhåll
984 2216 40 36 af
1047 2216 67 36 bro
1142 2230 47 22 m.
1220 2228 47 23 m.
1297 2214 184 37 bestrides
1509 2228 44 22 ur
1580 2213 227 49 vägkassan,

214 2272 146 48 åligger
403 2271 63 36 det
503 2284 49 23 nu
581 2270 72 36 den
683 2269 90 37 eller
800 2269 45 37 de
873 2269 235 46 kommuner,
1138 2281 81 22 som
1249 2266 84 37 med
1362 2265 135 49 bidrag
1525 2266 40 35 af
1589 2264 219 38 statsmedel

302 2331 72 31 Bih.
400 2330 49 32 till
477 2329 107 32 Riksd.
610 2329 87 31 Prot.
725 2331 90 29 1898.
863 2331 20 28 7
909 2328 97 32 Saml.
1030 2328 41 31 34
1098 2326 90 39 Häft.
1746 2325 18 29 3
