1914 2828
556 179 285 32 Statsutskottets
857 182 178 30 utlåtande
1049 192 42 20 nr
1105 184 19 29 2
1138 184 39 30 år
1192 184 84 30 1970
1616 190 37 30 21

171 258 191 40 nedbringa
388 260 40 29 de
455 262 93 27 stora
574 261 188 30 kostnader
789 272 74 20 som
890 271 122 31 genom
1039 265 189 39 olyckorna
1254 267 148 29 drabbar
1429 268 40 29 de
1496 269 159 30 enskilda

171 311 64 29 och
259 312 193 31 samhället.
475 314 177 40 Förslaget
675 316 9 28 i
707 316 219 30 motionerna
948 318 28 29 1:
993 318 62 30 656
1079 319 63 29 och
1166 320 43 29 11:
1228 320 61 29 763
1312 330 56 20 om
1392 331 42 19 en
1455 323 200 39 ytterligare

171 366 223 40 uppräkning
413 376 42 21 av
473 368 155 40 anslaget
647 370 79 29 med
746 370 72 34 2,75
839 371 87 39 milj.
946 372 51 29 kr.
1018 372 110 30 måste
1147 382 101 21 anses
1267 374 167 30 innebära
1453 385 42 20 en
1516 377 138 39 godtag-

169 419 61 29 bar
254 420 193 40 avvägning
472 430 75 21 som
571 430 63 31 gav
659 425 173 38 utrymme
857 424 53 30 för
934 426 198 39 ytterligare
1157 427 129 30 55-60
1309 429 345 40 polismanstjänster

171 473 53 29 för
243 474 355 41 trafikövervakning.
617 477 52 28 En
687 478 198 39 ytterligare
904 479 165 40 vidgning
1087 490 41 19 av
1145 482 155 38 anslaget
1318 482 70 30 kan
1408 483 70 29 f.n.
1497 484 71 29 inte
1586 485 68 29 till-

170 528 170 38 styrkas.”

213 581 73 30 dels
305 582 57 29 det
381 583 118 39 stycke
517 584 10 29 i
546 584 188 31 utskottets
751 586 162 39 yttrande
931 587 44 39 på
995 597 24 19 s.
1051 588 5 29 7
1077 597 74 20 som
1169 589 119 39 börjar
1307 591 78 28 med
1404 591 86 29 ”Det
1509 592 144 29 ankom-

169 635 94 28 mer”
279 635 64 29 och
358 636 109 29 slutar
482 637 79 29 med
576 638 115 29 ”detta
705 639 122 29 ämne”
842 640 77 29 bort
932 640 45 29 ha
993 641 155 39 följande
1163 642 143 39 lydelse:

213 689 85 29 ”Det
317 689 205 30 ankommer
540 691 44 39 på
602 691 125 40 Kungl.
746 693 105 39 Maj:t
870 695 50 28 att
938 694 135 30 besluta
1092 704 56 20 om
1168 696 241 40 fördelningen
1429 707 41 20 av
1491 699 161 39 tjänster-

168 751 45 20 na
238 743 44 38 på
307 744 242 38 polisdistrikt.
575 745 175 31 Utskottet
777 747 203 31 förutsätter
1006 750 50 28 att
1082 749 121 30 därvid
1228 751 86 28 även
1339 751 143 30 beaktas
1508 753 41 29 de
1576 753 75 30 skäl

169 805 74 20 som
271 796 164 31 föranlett
463 799 169 29 utskottet
659 802 49 27 att
736 800 141 30 förorda
903 811 41 19 en
972 802 89 29 ökad
1089 804 326 40 medelsanvisning.
1443 805 110 40 Något
1581 807 70 29 sär-

169 849 81 30 skilt
274 851 179 30 uttalande
475 852 11 29 i
509 853 187 39 anledning
719 863 41 20 av
783 854 218 31 motionerna
1024 856 27 29 I:
1067 856 64 30 473
1154 857 65 29 och
1243 857 43 30 II:
1303 858 63 29 546
1389 859 37 29 är
1450 860 71 29 inte
1544 860 107 29 erfor-

168 904 154 39 derligt.”

212 958 71 28 dels
300 959 187 29 utskottets
500 959 210 31 hemställan
726 962 109 29 under
852 962 14 29 1
883 963 77 29 bort
973 963 45 29 ha
1032 963 156 40 följande
1203 965 143 39 lydelse:

530 1014 51 28 ”1.
607 1016 49 27 att
682 1015 187 40 riksdagen
897 1017 10 28 i
934 1017 188 40 anledning
1148 1027 42 20 av
1216 1018 125 40 Kungl.
1369 1020 123 39 Maj:ts
1520 1021 131 40 förslag

485 1067 65 29 och
572 1069 219 29 motionerna
812 1069 28 30 I:
856 1069 63 30 463
941 1070 65 29 och
1027 1071 45 29 II:
1088 1071 62 29 537
1174 1074 89 27 samt
1285 1073 78 29 med
1385 1073 98 30 bifall
1504 1074 53 29 till
1578 1084 72 19 mo-

488 1121 157 30 tionerna
675 1122 28 29 I:
720 1121 63 31 656
813 1123 64 29 och
909 1123 43 30 II:
971 1124 71 34 763,
1075 1125 160 39 samtliga
1266 1126 170 29 motioner
1468 1127 102 30 såvitt
1601 1137 48 20 nu

484 1174 38 29 är
551 1175 11 29 i
593 1175 107 39 fråga,
731 1176 51 29 till
811 1176 131 30 Lokala
971 1177 389 40 polisorganisationen:
1391 1180 259 40 Förvaltnings-

485 1228 188 30 kostnader
702 1229 53 29 för
784 1230 203 39 budgetåret
1018 1231 146 36 1970/71
1195 1233 139 29 anvisar
1363 1235 46 28 ett
1439 1234 210 39 förslagsan-

485 1282 73 38 slag
579 1291 42 20 av
642 1282 60 30 821
720 1283 61 29 000
796 1283 62 30 000
880 1284 62 34 kr.,
965 1294 105 20 varav
1093 1285 61 30 190
1168 1285 62 30 950
1246 1286 61 30 000
1330 1287 51 29 kr.
1405 1289 49 28 att
1476 1288 173 30 avräknas

485 1337 72 27 mot
572 1337 477 35 automobilskattemedlen,”

208 1440 30 29 b.
264 1440 121 30 herrar
407 1441 158 30 Bohman
592 1443 83 34 (m),
698 1443 137 40 Kaijser
863 1444 82 35 (m),
969 1446 242 30 Nordstrandh
1239 1447 68 34 (m)
1334 1448 64 29 och
1420 1449 228 30 Wennerfors

169 1494 69 34 (m)
258 1504 74 19 som
347 1504 101 21 anser
463 1498 49 27 att

208 1547 73 29 dels
306 1548 55 29 det
388 1549 117 39 stycke
529 1550 10 28 i
565 1551 187 30 utskottets
776 1553 161 38 yttrande
962 1553 43 39 på
1031 1562 24 20 s.
1090 1554 8 28 7
1125 1563 74 20 som
1224 1555 118 39 börjar
1367 1556 77 29 med
1469 1557 178 29 ”Polisens

164 1602 177 29 resurser”
356 1602 64 29 och
436 1603 109 29 slutar
559 1604 78 29 med
653 1605 236 30 ”behandlade
904 1607 116 29 delar”
1035 1607 76 30 bort
1125 1608 46 29 ha
1185 1608 156 39 följande
1356 1609 143 40 lydelse:

208 1655 149 30 ”Skälen
385 1656 53 29 för
466 1659 50 27 att
544 1658 67 29 öka
637 1658 152 39 polisens
817 1661 195 37 personella
1039 1670 154 21 resurser
1222 1663 119 29 utöver
1369 1663 125 39 Kungl.
1523 1665 124 38 Maj:ts

163 1708 131 39 förslag
322 1709 63 29 har
413 1710 54 29 väl
497 1711 285 31 dokumenterats
811 1714 10 28 i
850 1713 355 41 rikspolisstyrelsens
1234 1716 412 41 anslagsframställning.

164 1762 73 29 Den
257 1763 190 39 påbörjade
467 1765 353 30 narkotikaaktionen
840 1766 63 29 har
923 1768 89 28 visat
1032 1770 49 27 att
1102 1769 109 29 ökade
1232 1770 148 29 insatser
1401 1770 53 29 får
1475 1780 42 19 en
1538 1772 108 28 snabb

163 1815 64 29 och
254 1815 112 30 direkt
392 1817 136 29 mätbar
553 1818 369 41 brottsförebyggande
949 1821 120 29 effekt.
1096 1822 267 39 Möjligheterna
1388 1825 49 28 att
1463 1824 45 39 på
1533 1824 114 30 denna

164 1869 63 39 väg
245 1869 65 29 och
329 1877 124 31 genom
473 1872 49 28 att
542 1871 176 30 förstärka
737 1873 413 40 utredningspersonalen
1171 1876 155 39 fullfölja
1345 1877 196 30 insatserna
1561 1879 85 29 ökar

163 1922 214 30 förtroendet
399 1924 54 29 för
473 1925 274 30 rättsväsendets
768 1927 158 39 förmåga
947 1930 49 27 att
1018 1929 134 38 skydda
1173 1930 66 28 den
1260 1930 166 30 enskilde.
1449 1931 73 29 Den
1543 1933 10 28 i
1575 1941 71 20 mo-

165 1976 156 30 tionerna
346 1977 26 29 I:
389 1977 63 29 463
476 1978 64 29 och
563 1979 45 29 II:
625 1979 61 29 537
711 1980 184 30 förordade
919 1982 316 40 anslagsökningen
1259 1983 53 29 för
1336 1986 49 27 att
1409 1992 38 31 ge
1472 1987 174 37 utrymme

163 2030 53 29 för
238 2031 199 38 ytterligare
460 2031 62 30 300
545 2033 240 39 polistjänster
808 2034 64 29 och
894 2034 41 30 40
957 2035 304 40 biträdestjänster
1284 2037 70 30 kan
1377 2038 70 29 inte
1470 2040 176 28 motsvara

163 2083 40 29 de
228 2084 210 29 motiverade
463 2085 131 30 kraven
617 2086 43 39 på
684 2096 42 19 en
751 2087 145 30 effektiv
919 2090 172 37 personell
1115 2091 245 39 upprustning.
1387 2091 78 30 Som
1490 2092 120 30 anförs
1635 2094 10 28 i

162 2138 220 29 motionerna
402 2138 54 29 får
478 2139 65 29 den
565 2139 87 29 dock
674 2150 101 20 anses
796 2142 188 38 godtagbar
1005 2143 79 29 med
1105 2144 136 39 hänsyn
1264 2145 51 28 till
1336 2145 229 40 budgetläget.
1588 2147 58 29 Ut-

163 2191 128 30 skottet
312 2191 191 40 tillstyrker
523 2195 50 27 att
593 2194 155 38 anslaget
768 2195 138 30 anvisas
927 2196 105 39 enligt
1052 2197 236 39 beräkningen
1308 2199 10 29 i
1339 2198 41 30 de
1400 2200 154 29 nämnda
1574 2210 71 20 mo-

161 2245 191 29 tionerna.”

206 2298 73 29 dels
298 2299 55 28 det
374 2300 118 38 stycke
510 2300 10 29 i
540 2301 187 30 utskottets
745 2303 161 38 yttrande
924 2303 44 39 på
988 2313 24 19 s.
1042 2304 7 28 7
1071 2313 73 20 som
1163 2305 118 39 börjar
1300 2307 78 28 med
1398 2307 84 28 ”Det
1501 2308 144 28 ankom-

161 2352 93 29 mer”
270 2352 64 29 och
349 2353 110 29 slutar
473 2354 79 29 med
566 2354 116 30 ”detta
695 2355 123 30 ämne”
833 2356 76 30 bort
922 2356 46 30 ha
983 2357 155 39 följande
1153 2358 143 40 lydelse:

205 2406 86 29 ”Det
310 2406 205 30 ankommer
534 2408 44 38 på
596 2408 125 39 Kungl.
740 2409 104 39 Maj:t
864 2412 50 27 att
931 2410 136 30 besluta
1085 2421 56 20 om
1161 2412 241 40 fördelningen
1421 2423 42 20 av
1481 2414 164 39 tjänster-

161 2468 45 20 na
228 2459 43 39 på
295 2460 242 38 polisdistrikt.
561 2462 174 29 Utskottet
759 2463 204 30 förutsätter
986 2466 49 27 att
1059 2465 124 39 Kungl.
1207 2466 105 39 Maj:t
1336 2467 122 29 därvid
1480 2468 86 29 även
1589 2469 55 29 be-

161 2513 99 28 aktar
285 2513 65 29 vad
375 2514 10 28 i
410 2514 218 30 motionerna
654 2515 27 29 1:
698 2515 63 30 463
786 2516 62 29 och
876 2517 43 29 II:
936 2517 62 30 537
1024 2518 135 30 anförts
1184 2528 56 20 om
1265 2520 301 39 nödvändigheten
1595 2524 49 27 att
