1938 2844
309 158 19 30 6
703 159 119 33 Första
845 161 221 40 lagutskottets
1089 163 172 32 utlåtande
1284 164 53 31 Nr
1360 168 54 30 20.

307 236 152 32 havarna
482 237 11 31 i
517 238 105 41 fråga.
660 239 216 33 Beträffande
900 240 116 33 vidare
1037 241 65 32 den
1120 242 54 32 del
1190 253 43 22 av
1250 243 40 32 de
1307 244 198 42 prästerliga
1522 246 282 41 emeritilönerna,

307 300 73 21 som
413 290 11 31 i
457 290 98 42 lagen
579 291 197 34 betecknats
801 295 111 30 såsom
936 295 222 40 provisoriskt
1181 296 272 43 tilläggsbelopp,
1478 299 231 33 förekommer
1732 300 73 33 icke

306 343 11 31 i
341 344 253 40 propositionen
618 347 105 40 något
746 347 184 39 uttalande,
955 359 73 20 som
1053 349 139 39 utvisar,
1218 352 48 29 att
1290 350 121 32 sådant
1434 351 261 43 tilläggsbelopp
1719 353 85 33 skall

307 396 191 33 tillkomma
535 398 132 41 jämväl
703 399 391 43 domkyrkosyssloman.
1144 403 52 32 Av
1233 403 65 32 den
1330 404 193 42 föreslagna
1554 405 249 43 lagändringen

307 450 94 32 torde
435 450 133 34 likvisst
600 452 95 41 följa,
723 456 48 29 att
795 454 392 42 domkyrkosyssloman,
1212 458 38 30 så
1273 461 93 28 snart
1389 459 189 32 emeritilön
1603 460 202 33 överhuvud

306 503 137 33 beredes
476 504 137 40 honom,
647 506 131 41 jämväl
802 507 84 32 skall
911 508 182 33 bekomma
1117 510 222 40 provisoriskt
1362 511 259 43 tilläggsbelopp
1645 513 79 32 med
1749 514 56 32 det

305 556 10 32 i
340 556 99 42 lagen
464 558 148 41 angivna
633 559 134 42 belopp,
787 562 95 37 1,000
898 561 134 33 kronor.
1069 562 121 33 Därest
1206 563 186 33 emellertid
1409 565 394 43 domkyrkosyssloman,

306 611 112 31 såsom
451 612 244 33 förutvarande
729 614 177 32 statsrådet
935 615 163 32 Stadener
1121 617 124 39 anfört,
1271 617 108 33 skulle
1403 618 140 33 komma
1566 620 10 31 i
1601 620 202 41 åtnjutande

305 674 43 22 av
383 665 189 32 emeritilön
605 671 87 28 även
728 667 10 31 i
763 667 127 33 sådana
913 668 71 39 fall,
1010 669 43 32 då
1076 669 87 33 hans
1188 670 192 42 befattning
1404 672 142 33 allenast
1569 677 100 37 utgör
1692 685 42 21 en
1758 673 45 33 bi-

304 717 117 41 syssla,
458 718 67 32 kan
560 719 270 33 understundom
865 721 120 33 enbart
1014 723 56 31 det
1093 724 230 40 provisoriska
1345 725 295 43 tilläggsbeloppet
1664 727 140 32 komma

304 773 49 29 att
386 771 81 32 vida
501 773 170 41 överstiga
705 775 259 42 sammanlagda
998 776 158 42 beloppet
1189 788 43 22 av
1256 778 41 32 de
1321 778 365 42 avlöningsförmåner,
1711 781 91 32 dom-

304 823 370 43 kyrkosysslomannen
699 828 140 40 åtnjutit
862 829 109 32 under
994 829 53 32 sin
1071 830 115 41 tjänst.
1224 831 171 33 Utskottet
1419 833 68 31 kan
1511 834 54 31 för
1589 834 53 32 sin
1659 834 54 32 del
1728 834 74 33 icke

303 877 94 32 finna
420 889 41 21 en
486 879 95 41 dylik
605 881 194 42 anordning
821 882 151 42 lämplig.

348 931 48 32 På
419 933 112 40 grund
555 944 44 22 av
623 934 57 32 det
703 935 144 32 anförda
870 936 53 31 får
947 937 164 32 utskottet
1134 937 189 40 hemställa,

669 990 49 29 att
741 988 223 33 förevarande
987 991 212 40 proposition
1222 993 104 31 måtte
1350 1003 42 22 av
1417 992 181 43 riksdagen
1622 994 122 32 avslås.

349 1055 198 34 Stockholm
572 1058 65 32 den
663 1060 42 31 28
730 1059 149 33 februari
906 1061 93 32 1933.

750 1140 48 32 På
820 1141 108 31 första
951 1141 237 42 lagutskottets
1212 1148 141 36 vägnar:

896 1221 39 31 A.
963 1211 241 43 ÅKERMAN.

302 1491 55 25 Vid
377 1492 80 26 detta
476 1494 121 25 ärendes
617 1494 178 33 behandling
813 1495 38 26 ha
870 1496 140 25 närvarit:

334 1563 64 26 från
427 1565 113 25 första
568 1565 210 27 kammaren:
807 1567 99 25 herrar
935 1562 150 37 Åkerman,
1113 1567 147 27 Anderson
1288 1569 8 24 i
1323 1569 172 32 Hägelåkra,
1521 1569 149 33 Klefbeck,
1690 1570 107 33 Borell,

300 1607 110 27 Larson
429 1609 10 25 i
458 1610 129 31 Lerdala,
607 1610 122 27 Svenson
748 1611 9 25 i
776 1612 124 25 Eskhult
920 1613 54 24 och
994 1612 161 32 Bissmark;

333 1679 64 25 från
427 1680 107 26 andra
562 1682 210 25 kammaren:
792 1682 100 26 herrar
911 1682 160 33 Lindqvist,
1090 1683 116 26 Nilsson
1225 1684 10 24 i
1255 1684 111 26 Antnäs
1387 1685 54 25 och
1460 1684 36 27 K.
1517 1685 34 25 A.
1578 1685 152 33 Westman,
1749 1686 46 26 fru

301 1719 121 31 Östlund
442 1727 75 23 samt
535 1725 100 26 herrar
658 1725 98 27 Olsson
775 1726 9 25 i
803 1727 154 31 Rimforsa,
980 1727 97 26 Olsson
1096 1728 9 24 i
1124 1727 151 32 Mellerud,
1295 1728 73 34 Berg
1388 1729 55 26 och
1462 1729 109 26 Rudén.

676 2507 134 20 Stockholm
827 2508 70 24 1933,
916 2508 57 20 Ivar
991 2508 162 24 Heggströms
1170 2508 158 25 Boktryckeri
1344 2508 28 20 A.
1383 2508 29 20 B.

1007 2545 68 15 880557
