1936 2814
574 136 287 33 Statsutskottets
885 140 185 31 memorial
1095 140 51 32 Nr
1172 143 69 29 102.
1601 148 17 28 1

804 419 58 39 Nr
892 420 89 39 102.

681 526 107 23 Ankom
809 527 42 23 till
872 527 161 31 riksdagens
1055 528 88 24 kansli
1164 529 53 24 den
1239 532 30 22 10
1290 532 55 30 maj
1366 533 67 23 1929
1454 534 36 23 kl.
1513 535 9 22 1
1545 542 21 15 e.
1588 542 35 16 m.

258 613 185 33 Memorial
477 617 13 29 i
521 616 191 37 anledning
743 627 45 21 av
817 618 209 32 kamrarnas
1057 620 208 38 skiljaktiga
1299 622 114 32 beslut
1436 625 13 29 i
1471 625 102 37 fråga
1599 636 60 21 om

459 667 131 37 Kungl.
607 667 121 38 Maj:ts
751 671 221 35 proposition
995 671 181 36 angående
1198 673 296 36 efterskänkande
1509 686 45 22 av
1569 677 89 32 åter-

458 718 445 39 betalningsskyldigheten
927 722 223 37 beträffande
1174 724 56 32 till
1253 725 194 33 ledamöter
1462 737 45 22 av
1523 731 135 30 vatten-

457 771 257 36 fallsstyrelsen
738 773 147 37 oriktigt
908 774 173 32 utbetalta
1105 777 274 37 dyrtidstillägg.

1432 828 62 37 (4:e
1518 830 93 35 avd.)

190 897 64 32 Uti
281 908 43 21 en
353 899 58 31 till
435 899 190 37 riksdagen
649 900 66 31 den
740 902 40 30 15
804 902 158 31 februari
986 904 83 30 1929
1092 904 145 32 avlåten
1260 907 230 37 proposition,
1513 918 43 21 nr
1580 910 75 35 132,

146 949 124 31 vilken
297 950 184 32 hänvisats
505 951 57 31 till
585 952 280 32 statsutskottets
889 953 248 33 förberedande
1161 956 228 38 behandling,
1413 958 89 33 hade
1517 955 138 47 Kungl.

146 1000 114 37 Maj:t,
284 1002 112 31 under
418 1003 217 36 åberopande
659 1013 45 21 av
728 1005 260 35 propositionen
1013 1006 111 37 bilagt
1149 1007 129 37 utdrag
1301 1019 45 21 av
1369 1011 287 36 statsrådsproto-

146 1053 110 31 kollet
282 1055 84 29 över
389 1054 480 33 kommunikationsärenden
895 1057 55 31 för
975 1058 154 32 nämnda
1153 1059 79 37 dag,
1256 1060 187 38 föreslagit
1466 1062 189 38 riksdagen

146 1104 175 37 medgiva,
344 1107 54 30 att
420 1106 530 38 återbetalningsskyldigheten
972 1110 219 32 beträffande
1214 1112 96 31 vissa
1327 1113 58 31 till
1401 1113 192 33 ledamöter
1608 1126 46 21 av

145 1156 384 38 vattenfallsstyrelsen
552 1159 149 36 oriktigt
724 1160 173 31 utbetalta
920 1161 269 39 dyrtidstillägg
1212 1163 94 37 finge
1329 1165 254 33 efterskänkas.

188 1207 271 33 Statsutskottet
482 1210 89 32 hade
594 1211 12 30 i
630 1211 63 30 sitt
717 1211 181 32 utlåtande
922 1223 44 21 nr
989 1214 40 30 49
1053 1213 190 38 hemställt,
1267 1217 53 30 att
1339 1217 188 37 riksdagen
1543 1220 109 31 måtte

144 1259 176 37 medgiva,
344 1262 53 30 att
420 1262 530 37 återbetalningsskyldigheten
974 1265 216 33 beträffande
1214 1267 284 39 ifrågavarande,
1523 1270 8 31 i
1551 1272 101 30 stats-

145 1311 295 36 rådsprotokollet
463 1316 83 29 över
569 1315 480 33 kommunikationsärenden
1065 1317 68 31 den
1150 1319 40 30 15
1207 1319 159 32 februari
1382 1321 85 31 1929
1483 1318 168 45 angivna,

144 1363 58 31 till
226 1363 191 32 ledamöter
439 1374 46 22 av
510 1365 380 37 vattenfallsstyrelsen
914 1368 150 36 oriktigt
1080 1370 175 31 utbetalta
1271 1371 271 38 dyrtidstillägg
1557 1373 94 37 finge

144 1415 257 32 efterskänkas.

188 1466 69 32 Vid
289 1468 188 31 utskottets
509 1468 183 32 utlåtande
716 1480 63 21 var
802 1471 104 36 fogad
929 1481 44 21 en
997 1473 216 31 reservation
1235 1484 46 21 av
1305 1475 81 31 herr
1409 1475 38 32 P.
1472 1476 143 33 Nilsson
1639 1479 13 30 i

143 1518 142 37 Bonarp
317 1529 46 21 m.
392 1519 46 37 fl,
471 1520 101 31 vilka
605 1522 124 36 ansett,
763 1523 54 30 att
849 1523 171 32 utskottet
1055 1524 78 32 bort
1167 1525 188 33 hemställa
1387 1537 57 21 om
1476 1529 123 37 avslag
1630 1531 21 30 å

143 1569 137 38 Kungl.
304 1570 122 38 Maj:ts
449 1572 228 36 proposition.

186 1644 126 46 Enligt
344 1650 173 45 utskottet
544 1650 309 33 tillhandakomna
876 1653 323 37 protokollsutdrag
1222 1654 64 31 har
1310 1655 111 32 första
1445 1656 204 34 kammaren

142 1700 136 32 bifallit
310 1701 69 31 vad
411 1701 174 32 utskottet
613 1702 190 38 hemställt,
828 1706 157 30 varemot
1008 1705 110 31 andra
1142 1706 206 32 kammaren
1370 1708 156 37 avslagit
1549 1711 99 31 såväl

142 1752 189 32 utskottets
355 1753 213 32 hemställan
592 1763 73 22 som
688 1754 134 37 Kungl.
846 1755 120 37 Maj:ts
989 1757 218 36 proposition
1231 1758 12 31 i
1266 1761 130 29 ämnet.

184 1855 69 31 För
276 1855 115 33 denna
413 1857 121 36 frågas
556 1858 200 36 avgörande
779 1859 147 32 medelst
950 1868 201 28 gemensam
1166 1862 222 37 omröstning
1405 1863 56 31 får
1477 1864 171 33 utskottet

140 1907 130 32 föreslå
293 1908 157 37 följande
473 1909 416 37 voteringsproposition:

187 1959 105 36 »Den,
327 1970 74 22 som
429 1961 13 30 i
470 1960 113 32 likhet
615 1961 77 32 med
720 1962 110 32 första
852 1963 207 31 kammaren
1083 1964 79 37 vill,
1185 1966 53 30 att
1261 1966 190 37 riksdagen
1475 1968 56 31 må
1554 1969 93 31 med-

141 2010 94 37 giva,
260 2013 52 29 att
335 2013 529 37 återbetalningsskyldigheten
887 2015 218 32 beträffande
1128 2016 284 38 ifrågavarande,
1430 2019 12 31 i
1462 2021 185 31 statsråds-

139 2063 210 36 protokollet
383 2066 84 29 över
498 2065 482 34 kommunikationsärenden
1011 2067 66 31 den
1110 2069 40 30 15
1183 2069 154 32 februari
1369 2071 84 31 1929
1476 2072 169 36 angivna,

140 2115 58 30 till
230 2115 192 32 ledamöter
451 2126 46 21 av
521 2118 381 36 vattenfallsstyrelsen
926 2119 148 36 oriktigt
1098 2120 174 32 utbetalta
1295 2121 269 38 dyrtidstillägg
1588 2126 58 29 må

139 2167 254 37 efterskänkas,
418 2169 114 30 röstar

860 2257 61 35 Ja;

182 2340 85 37 Den,
291 2341 58 31 det
372 2341 32 36 ej
429 2342 78 36 vill,
532 2343 111 30 röstar

852 2429 84 38 Nej;

143 2523 109 32 Bihang
275 2525 40 24 till
337 2525 167 31 riksdagens
527 2526 143 30 protokoll
694 2527 75 25 1929.
813 2528 17 23 6
848 2529 80 28 saml...
968 2529 33 23 53
1021 2529 69 31 häft.
1129 2526 52 32 (Nr
1200 2527 70 31 102)
1593 2530 14 25 1
