2173 2560
413 171 39 27 26
843 165 292 37 Stats-Utskottets
1165 169 176 33 Utlåtande
1366 170 62 32 N:o
1451 175 41 28 10
1515 184 29 20 a.

360 264 50 24 I
1544 268 14 20 I
1765 264 6 33 i]
1895 269 38 29 TT

1545 316 2 4 ;
1568 307 117 27 Kronor.
1726 311 23 23 ö.
1766 303 14 41 '
1793 309 117 26 Kronor.
1925 303 14 41 |
1949 313 25 23 ö.

1708 348 1 10 i
1769 351 2 7 H

1707 359 2 14 I
1769 359 2 12 I

1318 417 198 45 Transport
1545 408 3 8 |
1597 422 106 41 1,100
1732 441 25 3 —
1793 424 192 41 21,550
1951 404 38 65 —

388 467 12 31 1
453 466 258 43 vaktmästare,
759 466 118 34 tillika
922 467 269 44 tjenstgörande
1238 466 111 36 såsom
1771 475 1 5 :
1933 485 1 3 |

486 491 336 74 laboratoriidräng,
857 517 146 35 arfvode
1035 550 253 5 soon
1388 553 139 4 fönodeonnnna
1633 523 139 49 750—
1820 533 166 41 1,850—

470 583 89 28 Anm.
585 583 28 28 1.
650 583 400 37 Tjenstgöringspenningar
1073 582 132 40 åtnjutas
1229 586 104 28 endast
1349 586 92 29 under
1457 582 92 54 verk-
1770 578 2 22 i

383 625 45 35 lig
451 625 211 36 tjenstgöring.

470 677 88 28 Anm.
582 677 29 28 2.
649 677 53 28 Om
727 675 96 38 någon
846 677 31 28 af
899 679 267 35 betjeningsstaten
1189 677 130 38 åtnjuter
1335 680 104 28 bostad
1452 675 97 61 jemte

385 719 161 37 vedbrand,
576 719 83 37 böra,
683 717 105 31 såvida
811 719 65 28 icke
901 720 85 28 dessa
1010 719 149 30 förmåner
1181 721 167 29 tillkomma
1371 722 103 28 honom
1499 720 50 30 så-

385 769 60 19 som
479 741 144 56 portvakt
652 742 81 47 eller
767 762 46 29 för
849 762 93 28 andra
976 760 180 38 åligganden
1191 764 118 28 utöfver
1334 764 138 36 tjensten,
1498 765 51 27 de-.

384 810 111 21 samma
530 803 48 28 till
615 806 44 25 ett
692 804 91 29 värde
807 804 33 27 af
864 805 59 28 150
948 804 109 29 kronor
1079 806 141 27 inräknas
1245 806 91 28 under
1359 807 86 28 lönen
1469 796 81 46 eller,

383 844 154 40 arfvodet;
573 845 53 28 och
662 844 89 36 utgår
785 844 37 30 då
856 847 85 29 lönen
978 847 45 28 för
1050 848 109 28 väbeln
1183 848 64 29 med
1272 848 60 29 650
1357 848 108 29 kronor
1489 849 60 35 och

383 868 154 47 arfvodet
548 887 46 29 för
617 887 225 30 vaktmästaren
868 889 65 28 med
958 890 60 27 600
1043 890 117 28 kronor.
1548 898 2 28 |
1710 904 62 26 od

356 959 4 44 |
1373 956 141 37 Summa
1557 940 1 7 =
1791 962 134 42 23,400
1939 981 46 4 —

494 1064 233 35 Beträffande
770 1066 67 33 den
879 1066 204 44 föreslagna
1123 1067 276 44 nedsättningen
1440 1069 39 33 af
1518 1070 163 42 anslaget
1713 1070 52 33 till
1799 1070 195 44 högskolan

357 1114 177 34 inhemtas
576 1115 40 34 af
654 1112 392 47 statsrådsprotokollet
1087 1115 75 47 (sid.
1207 1116 73 47 61),
1313 1121 55 31 att
1407 1119 12 33 i
1455 1119 87 44 följd
1571 1119 40 34 af
1619 1094 230 69 ÖSTEN
1877 1122 66 33 den
1975 1124 12 31 1

359 1163 161 36 Oktober
565 1167 97 33 1884
702 1167 208 34 verkstälda
952 1151 227 65 förflyttning
1210 1169 54 33 till
1294 1168 204 35 Stockholm
1528 1168 181 46 atskilliga
1738 1171 256 44 indragningar

358 1214 40 34 af
435 1215 128 35 hittills
604 1215 177 45 utgående
824 1217 171 35 arfvoden
1037 1219 139 34 kunnat
1216 1219 73 42 ske,
1332 1219 242 44 hvarigenom,
1604 1221 108 34 sedan
1742 1221 169 44 förslaget
1938 1223 54 33 till

357 1266 67 33 den
465 1276 71 33 nya
578 1269 118 32 staten
736 1267 198 44 uppgjorts,
965 1278 42 24 en
1045 1269 190 44 besparing
1276 1247 13 55 i
1330 1270 163 44 anslaget
1537 1271 39 33 af
1610 1272 107 40 1,980
1751 1272 131 34 kronor
1909 1283 82 33 upp-

356 1316 157 34 kommit.

493 1366 18 34 I
553 1368 164 34 afseende
745 1366 21 36 å
793 1367 536 45 ingvarteringsförhållandena
1357 1370 67 34 har
1451 1369 380 46 Arméförvaltningen
1859 1373 129 43 anfört,

359 1417 167 34 hurusom
567 1428 126 33 genom
734 1419 215 44 högskolans
988 1420 171 44 flyttning
1198 1421 55 33 till
1295 1419 204 36 Stockholm
1541 1422 64 33 den
1648 1423 22 33 å
1702 1422 208 45 Marieberg
1937 1423 54 34 för

358 1468 144 33 skolans
531 1468 90 43 chef,
650 1470 129 42 lärare,
808 1470 213 43 repetitörer
1049 1471 64 34 och
1142 1471 113 43 öfriga
1283 1472 164 42 personal
1471 1471 110 44 jemte
1610 1483 42 23 en
1681 1473 55 33 del
1765 1473 40 34 af
1826 1474 163 34 eleverna

358 1517 95 35 förut
495 1519 153 34 beredda
690 1520 248 44 inqvartering
974 1520 35 34 in
1038 1524 129 31 natura
1195 1522 90 33 hade
1313 1522 163 43 upphört.
1532 1522 54 34 En
1617 1522 87 45 följd
1733 1524 104 33 deraf
1860 1525 128 43 blefve,

358 1570 55 32 att
440 1569 81 34 hela
550 1570 67 33 den
645 1570 154 34 militära
828 1572 220 42 personalen,
1079 1572 63 34 allt
1170 1571 90 35 efter
1288 1582 72 24 som
1389 1572 66 34 den
1483 1573 91 33 hade
1603 1574 217 44 anställning
1847 1573 44 44 på
1918 1578 73 31 stat

358 1618 61 35 vid
459 1620 417 44 garnisonsregementen
917 1621 11 33 i
971 1620 205 36 Stockholm
1210 1623 84 33 eller
1322 1623 11 33 i
1361 1623 216 43 landsorten,
1607 1624 113 34 skulle
1748 1625 11 33 i
1788 1626 119 33 stället
1935 1625 54 34 för

357 1669 250 45 inqvartering
646 1671 37 33 in
722 1674 130 31 natura
893 1672 140 34 komma
1074 1673 12 33 i
1125 1670 210 47 ätnjutande
1369 1673 40 34 af
1434 1674 185 34 enahanda
1647 1675 175 34 kontanta
1850 1676 139 43 inqvar-

357 1719 340 45 teringsersättning
736 1719 81 36 från
861 1720 223 37 Stockholms
1124 1724 78 33 stad
1245 1724 85 34 eller
1358 1725 163 43 anslaget
1549 1724 53 34 till
1630 1725 358 45 inqvarteringskost-

357 1770 123 44 nader,
510 1781 73 24 som
610 1772 151 34 nämnde
788 1782 168 33 personer
984 1774 112 34 skulle
1124 1774 179 43 uppburit,
1333 1784 54 24 om
1415 1775 41 33 de
1484 1774 79 35 icke
1591 1776 97 34 varit
1715 1776 56 34 till
1794 1777 195 43 högskolan

357 1821 307 35 kommenderade.
720 1821 81 36 Den
843 1823 121 44 utgift,
1007 1834 72 24 som
1120 1822 148 36 sålunda
1309 1825 11 33 i
1361 1824 87 45 följd
1482 1825 41 34 af
1548 1827 441 44 npaturainqvarteringens

356 1871 231 43 upphörande
616 1873 136 34 komme
785 1876 55 31 att
868 1874 134 34 drabba
1030 1875 440 44 inqvarteringsanslaget,
1499 1877 203 34 beräknade
1733 1876 255 37 Arméförvalt-

357 1922 131 43 ningen
532 1923 99 33 skola
672 1924 12 33 i
724 1924 42 34 de
807 1924 74 43 fall,
924 1922 45 36 då
1009 1936 133 23 samma
1171 1926 125 43 anslag
1323 1926 136 42 komme
1488 1930 55 30 att
1571 1927 111 44 draga
1709 1928 277 60 inqvarterings-

356 1972 199 34 kostnaden
584 1973 55 34 för
666 1973 76 35 hela
770 1975 66 33 den
865 1975 11 33 i
904 1975 142 34 skolans
1075 1976 247 43 aflöningsstat
1340 1979 183 41 upptagna
1543 1977 307 45 militärpersonal,
1871 1977 117 46 uppgå

355 2022 55 34 till
441 2024 109 41 1,950
578 2024 141 34 kronor.

492 2073 126 35 Under
651 2074 141 35 erinran
821 2075 135 44 vidare,
987 2079 54 31 att
1069 2076 11 33 i
1107 2076 214 44 högskolans
1349 2078 238 34 omkostnads-
1617 2079 64 33 och
1709 2077 278 37 underhållsstat

356 2134 147 24 numera
531 2128 41 30 är
599 2124 168 44 uppfördt
795 2128 52 32 ett
875 2126 124 44 belopp
1029 2126 39 34 af
1094 2128 109 41 3,600
1232 2128 132 33 kronor
1388 2128 54 33 för
1461 2128 247 44 inqvartering
1729 2130 39 33 af
1784 2131 42 33 de
1845 2130 142 34 skolans

356 2175 129 43 elever,
515 2175 124 35 hvilka
667 2176 78 34 icke
773 2176 11 34 i
813 2176 64 35 och
905 2177 56 34 för
988 2177 53 34 sin
1069 2177 111 44 tjenst
1206 2175 142 46 åtnjuta
1375 2178 248 45 ingvartering
1650 2180 11 32 i
1683 2178 215 45 Stockholm,
1920 2180 65 34 har

354 2224 391 47 Arméförvaltningen,
789 2231 86 30 enär
916 2228 59 34 det
1015 2228 277 44 uppenbarligen
1333 2238 84 25 vore
1459 2231 132 33 rättast
1619 2232 54 32 att
1709 2230 275 44 inqvarterings-
