2218 2636
736 182 251 33 Statsutskottets
1016 183 166 32 Utlåtande
1206 184 60 31 N:o
1290 184 51 31 10.
1750 185 40 31 95

365 261 74 35 För
466 261 211 36 hvartdera
705 261 41 35 af
771 264 90 32 åren
893 263 97 34 1908
1021 261 71 36 och
1124 264 95 34 1909
1249 262 72 36 har
1343 262 221 48 Riksdagen
1584 266 22 33 å
1625 266 110 34 extra
1755 267 77 33 stat

234 312 62 35 till
336 312 170 48 lindring
547 312 43 36 af
625 313 371 36 fraktkostnaderna
1036 313 66 36 vid
1141 316 200 45 transport
1381 318 22 32 å
1440 314 168 48 järnväg
1649 315 41 36 af
1726 316 105 46 kalk,

234 364 294 47 kalkstensmjöl
570 365 72 35 och
683 365 147 47 märgel
870 365 60 35 för
965 365 248 46 jordbrukets
1240 366 120 36 behof
1384 369 123 34 såsom
1534 367 299 48 förslagsanslag

235 416 149 36 anvisat
412 419 59 34 ett
497 417 143 46 belopp
669 417 41 35 af
735 419 162 44 200,000
927 417 157 36 kronor.

362 469 57 34 Då
451 469 65 35 det
543 468 143 36 hittills
713 469 247 47 tillgängliga
989 470 274 46 statsanslaget
1290 471 121 35 under
1439 471 195 35 nästlidna
1663 474 43 33 år
1733 472 100 36 visat

234 520 58 47 sig
333 520 267 47 otillräckligt,
635 521 72 35 har
739 521 138 46 Kungl.
907 521 111 46 Maj:t
1045 521 209 45 hemställt,
1286 526 58 32 att
1372 535 47 23 en
1446 522 226 47 förhöjning
1700 524 43 35 af
1766 537 78 22 an-'

234 572 123 47 slaget
383 572 88 35 med
500 574 138 43 50,000
667 573 147 35 kronor
839 573 72 35 bör
939 578 74 41 äga
1040 585 97 24 rum.

363 624 202 36 Utskottet
609 624 72 36 har
727 627 127 33 ansett
895 625 74 35 den
1010 625 170 46 begärda
1222 625 195 48 ökningen
1460 626 41 35 af
1537 627 294 46 ifrågavarande

231 675 299 48 förslagsanslag
572 676 42 35 af
649 676 292 36 förhållandena
969 676 195 47 påkallad,
1194 678 152 35 hvadan
1373 679 197 35 utskottet
1597 679 232 46 hemställer,

764 782 60 33 att
843 780 218 47 Riksdagen
1085 784 73 42 må,
1180 781 58 35 för
1257 781 161 49 lindring
1438 783 46 45 af
1492 783 340 46 fraktkostnaderna

638 831 58 35 vid
725 836 180 43 transport
934 833 22 34 å
970 832 159 48 järnväg
1157 833 44 46 af
1223 833 94 44 kalk,
1338 833 263 47 kalkstensmjöl
1619 835 61 35 och
1698 836 135 46 märgel

632 883 62 47 för
712 883 231 47 jordbrukets
970 883 111 47 behof,
1109 887 50 44 på
1187 887 110 33 extra
1326 888 77 33 stat
1424 885 61 36 får
1504 889 43 32 år
1569 889 96 33 1910
1687 887 141 45 anvisa,

636 937 122 34 såsom
787 935 308 47 förslagsanslag,
1127 939 162 42 250,000
1318 937 156 36 kronor.

275 1119 313 51 Befrämjande
616 1119 51 41 af
691 1119 297 51 afsättningen
1018 1122 16 38 i
1062 1122 200 41 utlandet
1290 1124 51 39 af
1365 1124 137 41 alster
1530 1124 52 41 af
1606 1126 180 40 svenskt

322 1189 240 40 landtbruk
590 1189 82 40 och
701 1190 99 40 dess
828 1183 257 56 binäringar
1111 1191 230 41 äfvensom
1368 1192 383 52 fiskerinäringen.

362 1296 99 45 73:o)
489 1296 140 46 Kungl.
671 1296 111 47 Maj:t
815 1297 70 35 har
912 1299 123 34 under
1062 1299 127 46 punkt
1219 1302 45 33 75
1294 1300 199 47 föreslagit
1520 1302 220 46 Riksdagen
1769 1306 59 33 att

230 1351 49 43 på
319 1350 110 33 extra
469 1350 80 33 stat
585 1347 60 36 för
673 1351 44 32 år
748 1351 95 33 1910
874 1349 132 36 anvisa
1034 1353 58 33 ett
1121 1351 133 47 anslag
1283 1351 41 35 af
1349 1355 136 43 20,000
1515 1353 158 46 kronor,
1703 1356 60 34 att
1791 1355 41 35 af

228 1399 140 47 Kungl.
397 1399 111 47 Maj:t
536 1400 196 36 användas
751 1400 62 36 till
832 1401 262 47 befrämjande
1114 1402 43 36 af
1172 1402 213 48 afsättning
1403 1405 13 34 i
1434 1404 240 37 främmande
1693 1406 135 36 länder

230 1451 42 35 af
308 1451 116 35 alster
456 1451 42 35 af
521 1451 162 36 svenska
710 1452 255 37 landtbruket
994 1454 72 35 och
1094 1455 82 35 dess
1203 1455 226 47 binäringar
1457 1456 195 37 äfvensom
1679 1458 147 35 fiskeri-

229 1503 197 46 näringen.

358 1555 130 35 Under
510 1555 230 36 riksstatens
768 1556 133 46 sjunde
929 1556 237 37 hufvudtitel
1193 1558 72 35 har
1292 1558 60 36 för
1370 1560 116 36 hvart
1507 1560 72 36 och
1599 1564 57 32 ett
1677 1561 41 35 af
1733 1564 92 33 åren

232 1608 250 34 1897—1909
525 1610 51 43 på
617 1610 110 33 extra
764 1610 79 33 stat
870 1608 178 46 uppförts
1077 1612 58 33 ett
1163 1610 133 47 anslag
1324 1611 61 35 till
1413 1611 262 47 befrämjande
1705 1613 42 35 af
1771 1613 53 36 af-

229 1658 223 46 sättningen
480 1659 13 34 i
521 1658 238 37 främmande
787 1660 135 35 länder
950 1660 42 35 af
1016 1661 117 35 alster
1161 1661 42 35 af
1226 1663 138 34 svensk
1383 1664 167 35 industri
1571 1664 72 35 och
1663 1666 161 34 svenska

228 1709 192 47 näringar.
476 1710 117 35 Detta
635 1711 143 47 anslag,
821 1723 81 23 som
942 1711 60 35 för
1042 1712 115 35 hvart
1196 1713 71 35 och
1296 1717 57 32 ett
1381 1715 42 34 af
1447 1718 92 32 åren
1570 1718 252 34 1906—1909

227 1761 133 46 belöpt
401 1762 58 46 sig
499 1762 62 34 till
605 1765 135 42 20,000
783 1763 157 44 kronor,
983 1763 71 35 har
1095 1764 62 34 till
1185 1765 58 34 sin
1271 1766 274 46 väsentligaste
1575 1767 61 35 del
1664 1768 159 47 tagits
1804 1757 24 62 i

229 1813 167 46 anspråk
434 1813 61 35 för
531 1814 284 46 uppehållande
844 1814 42 35 af
910 1814 79 36 dels
1019 1827 46 22 en
1093 1815 270 47 mejeriagent-
1393 1817 72 36 och
1494 1818 328 37 landtbrukskon-

228 1864 349 47 sulentbefattning
617 1865 13 35 i
671 1866 189 46 England,
904 1866 78 35 dels
1016 1867 74 35 ock
1122 1879 46 23 en
1196 1868 299 48 fiskeriagentur
1521 1870 14 35 i
1562 1883 117 22 norra
1706 1872 116 45 Tysk-

228 1916 100 35 land.
384 1916 173 35 Allenast
586 1918 222 35 återstoden
837 1917 41 36 af
902 1918 186 47 anslaget,
1122 1922 109 43 1,500
1261 1921 157 46 kronor,
1447 1922 72 35 har
1547 1922 122 35 under
1689 1923 133 35 åtskil-

227 1966 78 46 liga
334 1970 42 32 år
403 1968 13 34 i
445 1969 278 46 sammanhang
751 1970 86 34 med
865 1969 268 48 fördelningen
1162 1971 41 35 af
1227 1972 174 46 anslaget
1429 1973 61 35 till
1518 1974 305 47 handelsstipen-

227 2018 81 35 dier
341 2019 187 35 tilldelats
561 2022 128 44 någon
724 2032 137 34 person
889 2021 61 35 för
978 2024 58 33 att
1064 2022 12 34 i
1104 2022 239 36 främmande
1371 2024 135 35 länder
1533 2025 119 35 verka
1680 2026 60 35 för
1770 2027 52 34 af-

227 2070 174 46 sättning
428 2071 42 34 af
494 2072 164 34 svenska
685 2072 295 36 industrialster.

354 2122 56 34 Då
452 2122 214 35 emellertid
710 2125 96 33 1908
850 2126 61 32 års
952 2124 181 46 Riksdag,
1176 2126 86 34 med
1303 2126 107 35 bifall
1438 2127 62 35 till
1527 2127 138 45 Kungl.
1695 2128 128 46 Maj:ts

226 2173 284 46 framställning
538 2173 12 35 i
580 2176 140 42 ämnet,
751 2174 59 35 för
839 2177 42 32 år
912 2177 96 34 1909
1038 2176 152 35 anvisat
1218 2177 188 35 särskilda
1435 2179 133 45 anslag
1587 2179 61 34 till
1668 2183 153 42 export-

226 2224 208 46 stipendier
454 2224 72 36 och
546 2225 60 34 till
627 2225 509 47 handelsstudiestipendier,
1159 2227 70 36 har
1245 2228 421 46 departementschefen
1683 2233 136 43 ansett,

1855 1310 189 32 Befrämjande

1855 1346 28 29 af
1902 1346 141 30 afsättnin-

1845 1387 49 23 gen
1910 1381 9 22 i
1931 1381 120 24 utlandet

1859 1416 32 29 af
1906 1415 81 24 alster
2005 1418 29 28 af

1852 1451 102 23 svenskt
1967 1450 74 31 jord-

1848 1485 63 23 bruk
1930 1486 46 23 och
1994 1487 59 23 dess

1873 1520 154 31 binäringar

1880 1556 131 29 äfvensom

1896 1590 96 30 fiskeri-

1880 1625 136 31 näringen.

1898 1661 91 46 [75]
