<?xml version="1.0" encoding="UTF-8"?>
<alto xmlns="http://www.loc.gov/standards/alto/ns-v3#" xmlns:xlink="http://www.w3.org/1999/xlink" xmlns:xsi="http://www.w3.org/2001/XMLSchema-instance" xsi:schemaLocation="http://www.loc.gov/standards/alto/ns-v3# http://www.loc.gov/alto/v3/alto-3-0.xsd">
	<Description>
		<MeasurementUnit>pixel</MeasurementUnit>
		<sourceImageInformation>
			<fileName>/tmp/tess_kqogyuee_input.PNG</fileName>
		</sourceImageInformation>
		<OCRProcessing ID="OCR_0">
			<ocrProcessingStep>
				<processingSoftware>
					<softwareName>tesseract 5.3.0</softwareName>
				</processingSoftware>
			</ocrProcessingStep>
		</OCRProcessing>
	</Description>
	<Layout>
		<Page WIDTH="2248" HEIGHT="2594" PHYSICAL_IMG_NR="0" ID="page_0">
			<PrintSpace HPOS="0" VPOS="0" WIDTH="2248" HEIGHT="2594">
				<ComposedBlock ID="cblock_0" HPOS="727" VPOS="191" WIDTH="1116" HEIGHT="43">
					<TextBlock ID="block_0" HPOS="727" VPOS="191" WIDTH="1116" HEIGHT="43">
						<TextLine ID="line_0" HPOS="727" VPOS="191" WIDTH="1116" HEIGHT="43">
							<String ID="string_0" HPOS="727" VPOS="192" WIDTH="240" HEIGHT="42" WC="0.88" CONTENT="Lagutskottets"/><SP WIDTH="33" VPOS="192" HPOS="967"/>
							<String ID="string_1" HPOS="1000" VPOS="191" WIDTH="175" HEIGHT="34" WC="0.95" CONTENT="Utlåtande"/><SP WIDTH="24" VPOS="191" HPOS="1175"/>
							<String ID="string_2" HPOS="1199" VPOS="191" WIDTH="64" HEIGHT="32" WC="0.95" CONTENT="N:o"/><SP WIDTH="25" VPOS="191" HPOS="1263"/>
							<String ID="string_3" HPOS="1288" VPOS="194" WIDTH="51" HEIGHT="28" WC="0.92" CONTENT="34."/><SP WIDTH="488" VPOS="194" HPOS="1339"/>
							<String ID="string_4" HPOS="1827" VPOS="195" WIDTH="16" HEIGHT="30" WC="0.73" CONTENT="7"/>
						</TextLine>
					</TextBlock>
				</ComposedBlock>
				<ComposedBlock ID="cblock_1" HPOS="220" VPOS="273" WIDTH="1630" HEIGHT="2030">
					<TextBlock ID="block_1" HPOS="222" VPOS="273" WIDTH="1628" HEIGHT="318">
						<TextLine ID="line_1" HPOS="222" VPOS="273" WIDTH="1624" HEIGHT="47">
							<String ID="string_5" HPOS="222" VPOS="275" WIDTH="140" HEIGHT="36" WC="0.92" CONTENT="nuftets"/><SP WIDTH="34" VPOS="275" HPOS="362"/>
							<String ID="string_6" HPOS="396" VPOS="275" WIDTH="68" HEIGHT="35" WC="0.96" CONTENT="och"/><SP WIDTH="28" VPOS="275" HPOS="464"/>
							<String ID="string_7" HPOS="492" VPOS="274" WIDTH="198" HEIGHT="37" WC="0.96" CONTENT="rättvisans"/><SP WIDTH="36" VPOS="274" HPOS="690"/>
							<String ID="string_8" HPOS="726" VPOS="274" WIDTH="156" HEIGHT="37" WC="0.96" CONTENT="domstol"/><SP WIDTH="29" VPOS="274" HPOS="882"/>
							<String ID="string_9" HPOS="911" VPOS="275" WIDTH="220" HEIGHT="35" WC="0.0" CONTENT="försvaras»."/><SP WIDTH="59" VPOS="275" HPOS="1131"/>
							<String ID="string_10" HPOS="1190" VPOS="273" WIDTH="88" HEIGHT="35" WC="0.95" CONTENT="Men"/><SP WIDTH="29" VPOS="273" HPOS="1278"/>
							<String ID="string_11" HPOS="1307" VPOS="273" WIDTH="56" HEIGHT="35" WC="0.95" CONTENT="för"/><SP WIDTH="30" VPOS="273" HPOS="1363"/>
							<String ID="string_12" HPOS="1393" VPOS="273" WIDTH="70" HEIGHT="35" WC="0.96" CONTENT="den"/><SP WIDTH="30" VPOS="273" HPOS="1463"/>
							<String ID="string_13" HPOS="1493" VPOS="275" WIDTH="145" HEIGHT="45" WC="0.96" CONTENT="gången"/><SP WIDTH="30" VPOS="275" HPOS="1638"/>
							<String ID="string_14" HPOS="1668" VPOS="276" WIDTH="178" HEIGHT="35" WC="0.96" CONTENT="stannade"/>
						</TextLine>
						<TextLine ID="line_2" HPOS="225" VPOS="326" WIDTH="1625" HEIGHT="50">
							<String ID="string_15" HPOS="225" VPOS="341" WIDTH="85" HEIGHT="23" WC="0.96" CONTENT="man"/><SP WIDTH="35" VPOS="341" HPOS="310"/>
							<String ID="string_16" HPOS="345" VPOS="328" WIDTH="63" HEIGHT="37" WC="0.96" CONTENT="vid"/><SP WIDTH="29" VPOS="328" HPOS="408"/>
							<String ID="string_17" HPOS="437" VPOS="331" WIDTH="53" HEIGHT="33" WC="0.96" CONTENT="att"/><SP WIDTH="29" VPOS="331" HPOS="490"/>
							<String ID="string_18" HPOS="519" VPOS="329" WIDTH="77" HEIGHT="36" WC="0.96" CONTENT="dels"/><SP WIDTH="30" VPOS="329" HPOS="596"/>
							<String ID="string_19" HPOS="626" VPOS="329" WIDTH="229" HEIGHT="47" WC="0.96" CONTENT="väsentligen"/><SP WIDTH="29" VPOS="329" HPOS="855"/>
							<String ID="string_20" HPOS="884" VPOS="329" WIDTH="182" HEIGHT="46" WC="0.96" CONTENT="begränsa"/><SP WIDTH="29" VPOS="329" HPOS="1066"/>
							<String ID="string_21" HPOS="1095" VPOS="327" WIDTH="139" HEIGHT="36" WC="0.96" CONTENT="antalet"/><SP WIDTH="27" VPOS="327" HPOS="1234"/>
							<String ID="string_22" HPOS="1261" VPOS="326" WIDTH="112" HEIGHT="44" WC="0.96" CONTENT="brott,"/><SP WIDTH="32" VPOS="326" HPOS="1373"/>
							<String ID="string_23" HPOS="1405" VPOS="327" WIDTH="56" HEIGHT="35" WC="0.96" CONTENT="för"/><SP WIDTH="29" VPOS="327" HPOS="1461"/>
							<String ID="string_24" HPOS="1490" VPOS="327" WIDTH="128" HEIGHT="36" WC="0.96" CONTENT="hvilka"/><SP WIDTH="31" VPOS="327" HPOS="1618"/>
							<String ID="string_25" HPOS="1649" VPOS="328" WIDTH="201" HEIGHT="37" WC="0.95" CONTENT="dödsstraff"/>
						</TextLine>
						<TextLine ID="line_3" HPOS="223" VPOS="381" WIDTH="1622" HEIGHT="49">
							<String ID="string_26" HPOS="223" VPOS="382" WIDTH="126" HEIGHT="35" WC="0.93" CONTENT="kunde"/><SP WIDTH="42" VPOS="382" HPOS="349"/>
							<String ID="string_27" HPOS="391" VPOS="382" WIDTH="277" HEIGHT="48" WC="0.91" CONTENT="ifrågakomma,"/><SP WIDTH="45" VPOS="382" HPOS="668"/>
							<String ID="string_28" HPOS="713" VPOS="383" WIDTH="69" HEIGHT="35" WC="0.94" CONTENT="och"/><SP WIDTH="38" VPOS="383" HPOS="782"/>
							<String ID="string_29" HPOS="820" VPOS="382" WIDTH="78" HEIGHT="36" WC="0.94" CONTENT="dels"/><SP WIDTH="35" VPOS="382" HPOS="898"/>
							<String ID="string_30" HPOS="933" VPOS="382" WIDTH="14" HEIGHT="35" WC="0.95" CONTENT="i"/><SP WIDTH="29" VPOS="382" HPOS="947"/>
							<String ID="string_31" HPOS="976" VPOS="382" WIDTH="105" HEIGHT="35" WC="0.95" CONTENT="dessa"/><SP WIDTH="29" VPOS="382" HPOS="1081"/>
							<String ID="string_32" HPOS="1110" VPOS="381" WIDTH="65" HEIGHT="35" WC="0.96" CONTENT="fall"/><SP WIDTH="28" VPOS="381" HPOS="1175"/>
							<String ID="string_33" HPOS="1203" VPOS="383" WIDTH="138" HEIGHT="34" WC="0.96" CONTENT="utsätta"/><SP WIDTH="29" VPOS="383" HPOS="1341"/>
							<String ID="string_34" HPOS="1370" VPOS="381" WIDTH="62" HEIGHT="35" WC="0.96" CONTENT="det"/><SP WIDTH="28" VPOS="381" HPOS="1432"/>
							<String ID="string_35" HPOS="1460" VPOS="383" WIDTH="117" HEIGHT="33" WC="0.93" CONTENT="såsom"/><SP WIDTH="32" VPOS="383" HPOS="1577"/>
							<String ID="string_36" HPOS="1609" VPOS="381" WIDTH="155" HEIGHT="37" WC="0.91" CONTENT="allenast"/><SP WIDTH="28" VPOS="381" HPOS="1764"/>
							<String ID="string_37" HPOS="1792" VPOS="386" WIDTH="53" HEIGHT="33" WC="0.96" CONTENT="ett"/>
						</TextLine>
						<TextLine ID="line_4" HPOS="224" VPOS="434" WIDTH="1620" HEIGHT="51">
							<String ID="string_38" HPOS="224" VPOS="435" WIDTH="214" HEIGHT="37" WC="0.96" CONTENT="alternativt"/><SP WIDTH="28" VPOS="435" HPOS="438"/>
							<String ID="string_39" HPOS="466" VPOS="437" WIDTH="107" HEIGHT="36" WC="0.96" CONTENT="straff"/><SP WIDTH="26" VPOS="437" HPOS="573"/>
							<String ID="string_40" HPOS="599" VPOS="437" WIDTH="114" HEIGHT="48" WC="0.93" CONTENT="jämte"/><SP WIDTH="29" VPOS="437" HPOS="713"/>
							<String ID="string_41" HPOS="742" VPOS="436" WIDTH="137" HEIGHT="36" WC="0.91" CONTENT="lifstids"/><SP WIDTH="30" VPOS="436" HPOS="879"/>
							<String ID="string_42" HPOS="909" VPOS="435" WIDTH="243" HEIGHT="37" WC="0.94" CONTENT="straffarbete."/><SP WIDTH="59" VPOS="435" HPOS="1152"/>
							<String ID="string_43" HPOS="1211" VPOS="434" WIDTH="226" HEIGHT="47" WC="0.67" CONTENT="Härigenom"/><SP WIDTH="31" VPOS="434" HPOS="1437"/>
							<String ID="string_44" HPOS="1468" VPOS="436" WIDTH="132" HEIGHT="46" WC="0.95" CONTENT="ansågs"/><SP WIDTH="29" VPOS="436" HPOS="1600"/>
							<String ID="string_45" HPOS="1629" VPOS="435" WIDTH="215" HEIGHT="46" WC="0.96" CONTENT="emellertid,"/>
						</TextLine>
						<TextLine ID="line_5" HPOS="226" VPOS="488" WIDTH="1621" HEIGHT="50">
							<String ID="string_46" HPOS="226" VPOS="492" WIDTH="116" HEIGHT="34" WC="0.92" CONTENT="såsom"/><SP WIDTH="27" VPOS="492" HPOS="342"/>
							<String ID="string_47" HPOS="369" VPOS="489" WIDTH="343" HEIGHT="49" WC="0.91" CONTENT="justitieministern"/><SP WIDTH="28" VPOS="489" HPOS="712"/>
							<String ID="string_48" HPOS="740" VPOS="490" WIDTH="147" HEIGHT="48" WC="0.96" CONTENT="yttrade"/><SP WIDTH="29" VPOS="490" HPOS="887"/>
							<String ID="string_49" HPOS="916" VPOS="490" WIDTH="119" HEIGHT="35" WC="0.93" CONTENT="under"/><SP WIDTH="28" VPOS="490" HPOS="1035"/>
							<String ID="string_50" HPOS="1063" VPOS="488" WIDTH="373" HEIGHT="47" WC="0.91" CONTENT="öfverläggningarna"/><SP WIDTH="28" VPOS="488" HPOS="1436"/>
							<String ID="string_51" HPOS="1464" VPOS="488" WIDTH="97" HEIGHT="36" WC="0.96" CONTENT="inom"/><SP WIDTH="26" VPOS="488" HPOS="1561"/>
							<String ID="string_52" HPOS="1587" VPOS="488" WIDTH="260" HEIGHT="49" WC="0.95" CONTENT="ridderskapet"/>
						</TextLine>
						<TextLine ID="line_6" HPOS="227" VPOS="542" WIDTH="1553" HEIGHT="49">
							<String ID="string_53" HPOS="227" VPOS="544" WIDTH="68" HEIGHT="36" WC="0.96" CONTENT="och"/><SP WIDTH="33" VPOS="544" HPOS="295"/>
							<String ID="string_54" HPOS="328" VPOS="544" WIDTH="121" HEIGHT="44" WC="0.91" CONTENT="adeln,"/><SP WIDTH="38" VPOS="544" HPOS="449"/>
							<String ID="string_55" HPOS="487" VPOS="547" WIDTH="73" HEIGHT="33" WC="0.88" CONTENT="»att"/><SP WIDTH="28" VPOS="547" HPOS="560"/>
							<String ID="string_56" HPOS="588" VPOS="547" WIDTH="53" HEIGHT="33" WC="0.96" CONTENT="ett"/><SP WIDTH="29" VPOS="547" HPOS="641"/>
							<String ID="string_57" HPOS="670" VPOS="547" WIDTH="92" HEIGHT="33" WC="0.96" CONTENT="stort"/><SP WIDTH="29" VPOS="547" HPOS="762"/>
							<String ID="string_58" HPOS="791" VPOS="547" WIDTH="80" HEIGHT="44" WC="0.96" CONTENT="steg"/><SP WIDTH="29" VPOS="547" HPOS="871"/>
							<String ID="string_59" HPOS="900" VPOS="556" WIDTH="85" HEIGHT="24" WC="0.96" CONTENT="vore"/><SP WIDTH="29" VPOS="556" HPOS="985"/>
							<String ID="string_60" HPOS="1014" VPOS="546" WIDTH="100" HEIGHT="44" WC="0.96" CONTENT="taget"/><SP WIDTH="27" VPOS="546" HPOS="1114"/>
							<String ID="string_61" HPOS="1141" VPOS="542" WIDTH="58" HEIGHT="36" WC="0.96" CONTENT="till"/><SP WIDTH="29" VPOS="542" HPOS="1199"/>
							<String ID="string_62" HPOS="1228" VPOS="542" WIDTH="253" HEIGHT="36" WC="0.93" CONTENT="dödsstraffets"/><SP WIDTH="30" VPOS="542" HPOS="1481"/>
							<String ID="string_63" HPOS="1511" VPOS="542" WIDTH="269" HEIGHT="37" WC="0.89" CONTENT="afskaffande»."/>
						</TextLine>
					</TextBlock>
					<TextBlock ID="block_2" HPOS="225" VPOS="595" WIDTH="1619" HEIGHT="104">
						<TextLine ID="line_7" HPOS="333" VPOS="595" WIDTH="1511" HEIGHT="49">
							<String ID="string_64" HPOS="333" VPOS="598" WIDTH="75" HEIGHT="36" WC="0.96" CONTENT="Det"/><SP WIDTH="27" VPOS="598" HPOS="408"/>
							<String ID="string_65" HPOS="435" VPOS="598" WIDTH="80" HEIGHT="35" WC="0.96" CONTENT="blef"/><SP WIDTH="25" VPOS="598" HPOS="515"/>
							<String ID="string_66" HPOS="540" VPOS="598" WIDTH="159" HEIGHT="35" WC="0.92" CONTENT="därefter"/><SP WIDTH="28" VPOS="598" HPOS="699"/>
							<String ID="string_67" HPOS="727" VPOS="597" WIDTH="356" HEIGHT="47" WC="0.91" CONTENT="benådningsrätten"/><SP WIDTH="29" VPOS="597" HPOS="1083"/>
							<String ID="string_68" HPOS="1112" VPOS="596" WIDTH="217" HEIGHT="36" WC="0.96" CONTENT="förbehållet"/><SP WIDTH="29" VPOS="596" HPOS="1329"/>
							<String ID="string_69" HPOS="1358" VPOS="599" WIDTH="55" HEIGHT="33" WC="0.96" CONTENT="att"/><SP WIDTH="28" VPOS="599" HPOS="1413"/>
							<String ID="string_70" HPOS="1441" VPOS="595" WIDTH="91" HEIGHT="36" WC="0.96" CONTENT="söka"/><SP WIDTH="29" VPOS="595" HPOS="1532"/>
							<String ID="string_71" HPOS="1561" VPOS="597" WIDTH="192" HEIGHT="47" WC="0.96" CONTENT="uppfostra"/><SP WIDTH="20" VPOS="597" HPOS="1753"/>
							<String ID="string_72" HPOS="1773" VPOS="597" WIDTH="71" HEIGHT="36" WC="0.96" CONTENT="den"/>
						</TextLine>
						<TextLine ID="line_8" HPOS="225" VPOS="650" WIDTH="1487" HEIGHT="49">
							<String ID="string_73" HPOS="225" VPOS="652" WIDTH="185" HEIGHT="36" WC="0.94" CONTENT="allmänna"/><SP WIDTH="29" VPOS="652" HPOS="410"/>
							<String ID="string_74" HPOS="439" VPOS="651" WIDTH="197" HEIGHT="48" WC="0.95" CONTENT="meningen"/><SP WIDTH="28" VPOS="651" HPOS="636"/>
							<String ID="string_75" HPOS="664" VPOS="650" WIDTH="59" HEIGHT="37" WC="0.96" CONTENT="till"/><SP WIDTH="30" VPOS="650" HPOS="723"/>
							<String ID="string_76" HPOS="753" VPOS="654" WIDTH="52" HEIGHT="33" WC="0.96" CONTENT="att"/><SP WIDTH="30" VPOS="654" HPOS="805"/>
							<String ID="string_77" HPOS="835" VPOS="663" WIDTH="47" HEIGHT="23" WC="0.96" CONTENT="en"/><SP WIDTH="27" VPOS="663" HPOS="882"/>
							<String ID="string_78" HPOS="909" VPOS="654" WIDTH="99" HEIGHT="44" WC="0.96" CONTENT="gång"/><SP WIDTH="29" VPOS="654" HPOS="1008"/>
							<String ID="string_79" HPOS="1037" VPOS="650" WIDTH="128" HEIGHT="36" WC="0.96" CONTENT="kunna"/><SP WIDTH="29" VPOS="650" HPOS="1165"/>
							<String ID="string_80" HPOS="1194" VPOS="653" WIDTH="84" HEIGHT="44" WC="0.96" CONTENT="taga"/><SP WIDTH="30" VPOS="653" HPOS="1278"/>
							<String ID="string_81" HPOS="1308" VPOS="650" WIDTH="100" HEIGHT="35" WC="0.96" CONTENT="detta"/><SP WIDTH="29" VPOS="650" HPOS="1408"/>
							<String ID="string_82" HPOS="1437" VPOS="652" WIDTH="81" HEIGHT="45" WC="0.95" CONTENT="steg"/><SP WIDTH="29" VPOS="652" HPOS="1518"/>
							<String ID="string_83" HPOS="1547" VPOS="650" WIDTH="86" HEIGHT="36" WC="0.95" CONTENT="fullt"/><SP WIDTH="28" VPOS="650" HPOS="1633"/>
							<String ID="string_84" HPOS="1661" VPOS="653" WIDTH="51" HEIGHT="33" WC="0.96" CONTENT="ut."/>
						</TextLine>
					</TextBlock>
					<TextBlock ID="block_3" HPOS="220" VPOS="703" WIDTH="1629" HEIGHT="1440">
						<TextLine ID="line_9" HPOS="333" VPOS="703" WIDTH="1516" HEIGHT="38">
							<String ID="string_85" HPOS="333" VPOS="705" WIDTH="19" HEIGHT="36" WC="0.93" CONTENT="I"/><SP WIDTH="30" VPOS="705" HPOS="352"/>
							<String ID="string_86" HPOS="382" VPOS="705" WIDTH="379" HEIGHT="36" WC="0.92" CONTENT="öfverensstämmelse"/><SP WIDTH="29" VPOS="705" HPOS="761"/>
							<String ID="string_87" HPOS="790" VPOS="705" WIDTH="151" HEIGHT="35" WC="0.96" CONTENT="härmed"/><SP WIDTH="29" VPOS="705" HPOS="941"/>
							<String ID="string_88" HPOS="970" VPOS="704" WIDTH="111" HEIGHT="36" WC="0.96" CONTENT="hafva"/><SP WIDTH="29" VPOS="704" HPOS="1081"/>
							<String ID="string_89" HPOS="1110" VPOS="703" WIDTH="109" HEIGHT="36" WC="0.96" CONTENT="också"/><SP WIDTH="28" VPOS="703" HPOS="1219"/>
							<String ID="string_90" HPOS="1247" VPOS="704" WIDTH="119" HEIGHT="35" WC="0.96" CONTENT="under"/><SP WIDTH="28" VPOS="704" HPOS="1366"/>
							<String ID="string_91" HPOS="1394" VPOS="706" WIDTH="89" HEIGHT="33" WC="0.91" CONTENT="åren"/><SP WIDTH="33" VPOS="706" HPOS="1483"/>
							<String ID="string_92" HPOS="1516" VPOS="705" WIDTH="263" HEIGHT="35" WC="0.89" CONTENT="1865—1899"/><SP WIDTH="30" VPOS="705" HPOS="1779"/>
							<String ID="string_93" HPOS="1809" VPOS="704" WIDTH="40" HEIGHT="36" WC="0.96" CONTENT="af"/>
						</TextLine>
						<TextLine ID="line_10" HPOS="229" VPOS="756" WIDTH="1615" HEIGHT="50">
							<String ID="string_94" HPOS="229" VPOS="761" WIDTH="73" HEIGHT="34" WC="0.92" CONTENT="109"/><SP WIDTH="45" VPOS="761" HPOS="302"/>
							<String ID="string_95" HPOS="347" VPOS="759" WIDTH="223" HEIGHT="36" WC="0.92" CONTENT="dödsdömde"/><SP WIDTH="42" VPOS="759" HPOS="570"/>
							<String ID="string_96" HPOS="612" VPOS="759" WIDTH="130" HEIGHT="35" WC="0.96" CONTENT="endast"/><SP WIDTH="47" VPOS="759" HPOS="742"/>
							<String ID="string_97" HPOS="789" VPOS="761" WIDTH="44" HEIGHT="33" WC="0.94" CONTENT="11"/><SP WIDTH="46" VPOS="761" HPOS="833"/>
							<String ID="string_98" HPOS="879" VPOS="757" WIDTH="125" HEIGHT="37" WC="0.92" CONTENT="blifvit"/><SP WIDTH="36" VPOS="757" HPOS="1004"/>
							<String ID="string_99" HPOS="1040" VPOS="757" WIDTH="191" HEIGHT="36" WC="0.92" CONTENT="afrättade."/><SP WIDTH="57" VPOS="757" HPOS="1231"/>
							<String ID="string_100" HPOS="1288" VPOS="756" WIDTH="57" HEIGHT="36" WC="0.94" CONTENT="Af"/><SP WIDTH="25" VPOS="756" HPOS="1345"/>
							<String ID="string_101" HPOS="1370" VPOS="757" WIDTH="160" HEIGHT="36" WC="0.95" CONTENT="särskild"/><SP WIDTH="29" VPOS="757" HPOS="1530"/>
							<String ID="string_102" HPOS="1559" VPOS="758" WIDTH="189" HEIGHT="48" WC="0.96" CONTENT="betydelse"/><SP WIDTH="29" VPOS="758" HPOS="1748"/>
							<String ID="string_103" HPOS="1777" VPOS="759" WIDTH="67" HEIGHT="35" WC="0.95" CONTENT="har"/>
						</TextLine>
						<TextLine ID="line_11" HPOS="225" VPOS="810" WIDTH="1620" HEIGHT="49">
							<String ID="string_104" HPOS="225" VPOS="813" WIDTH="68" HEIGHT="35" WC="0.96" CONTENT="här"/><SP WIDTH="36" VPOS="813" HPOS="293"/>
							<String ID="string_105" HPOS="329" VPOS="811" WIDTH="106" HEIGHT="46" WC="0.96" CONTENT="varit,"/><SP WIDTH="32" VPOS="811" HPOS="435"/>
							<String ID="string_106" HPOS="467" VPOS="824" WIDTH="56" HEIGHT="24" WC="0.93" CONTENT="om"/><SP WIDTH="30" VPOS="824" HPOS="523"/>
							<String ID="string_107" HPOS="553" VPOS="812" WIDTH="142" HEIGHT="47" WC="0.91" CONTENT="afgifna"/><SP WIDTH="27" VPOS="812" HPOS="695"/>
							<String ID="string_108" HPOS="722" VPOS="811" WIDTH="349" HEIGHT="47" WC="0.91" CONTENT="nådeansökningar"/><SP WIDTH="28" VPOS="811" HPOS="1071"/>
							<String ID="string_109" HPOS="1099" VPOS="810" WIDTH="126" HEIGHT="37" WC="0.96" CONTENT="blifvit"/><SP WIDTH="29" VPOS="810" HPOS="1225"/>
							<String ID="string_110" HPOS="1254" VPOS="811" WIDTH="97" HEIGHT="35" WC="0.96" CONTENT="inom"/><SP WIDTH="30" VPOS="811" HPOS="1351"/>
							<String ID="string_111" HPOS="1381" VPOS="811" WIDTH="132" HEIGHT="46" WC="0.96" CONTENT="högsta"/><SP WIDTH="29" VPOS="811" HPOS="1513"/>
							<String ID="string_112" HPOS="1542" VPOS="812" WIDTH="203" HEIGHT="35" WC="0.92" CONTENT="domstolen"/><SP WIDTH="29" VPOS="812" HPOS="1745"/>
							<String ID="string_113" HPOS="1774" VPOS="812" WIDTH="71" HEIGHT="35" WC="0.90" CONTENT="till-"/>
						</TextLine>
						<TextLine ID="line_12" HPOS="225" VPOS="865" WIDTH="1620" HEIGHT="48">
							<String ID="string_114" HPOS="225" VPOS="865" WIDTH="146" HEIGHT="48" WC="0.95" CONTENT="styrkta"/><SP WIDTH="42" VPOS="865" HPOS="371"/>
							<String ID="string_115" HPOS="413" VPOS="866" WIDTH="88" HEIGHT="35" WC="0.96" CONTENT="eller"/><SP WIDTH="41" VPOS="866" HPOS="501"/>
							<String ID="string_116" HPOS="542" VPOS="865" WIDTH="82" HEIGHT="36" WC="0.95" CONTENT="icke"/><SP WIDTH="56" VPOS="865" HPOS="624"/>
							<String ID="string_117" HPOS="680" VPOS="865" WIDTH="56" HEIGHT="36" WC="0.95" CONTENT="Af"/><SP WIDTH="36" VPOS="865" HPOS="736"/>
							<String ID="string_118" HPOS="772" VPOS="866" WIDTH="105" HEIGHT="35" WC="0.93" CONTENT="dessa"/><SP WIDTH="33" VPOS="866" HPOS="877"/>
							<String ID="string_119" HPOS="910" VPOS="865" WIDTH="98" HEIGHT="36" WC="0.90" CONTENT="elfva"/><SP WIDTH="29" VPOS="865" HPOS="1008"/>
							<String ID="string_120" HPOS="1037" VPOS="865" WIDTH="223" HEIGHT="35" WC="0.92" CONTENT="dödsdömde"/><SP WIDTH="30" VPOS="865" HPOS="1260"/>
							<String ID="string_121" HPOS="1290" VPOS="865" WIDTH="199" HEIGHT="35" WC="0.91" CONTENT="afrättades"/><SP WIDTH="29" VPOS="865" HPOS="1489"/>
							<String ID="string_122" HPOS="1518" VPOS="867" WIDTH="41" HEIGHT="33" WC="0.96" CONTENT="år"/><SP WIDTH="33" VPOS="867" HPOS="1559"/>
							<String ID="string_123" HPOS="1592" VPOS="867" WIDTH="100" HEIGHT="34" WC="0.96" CONTENT="1866"/><SP WIDTH="31" VPOS="867" HPOS="1692"/>
							<String ID="string_124" HPOS="1723" VPOS="866" WIDTH="122" HEIGHT="35" WC="0.65" CONTENT="Johan"/>
						</TextLine>
						<TextLine ID="line_13" HPOS="226" VPOS="918" WIDTH="1618" HEIGHT="48">
							<String ID="string_125" HPOS="226" VPOS="920" WIDTH="159" HEIGHT="45" WC="0.96" CONTENT="Magnus"/><SP WIDTH="42" VPOS="920" HPOS="385"/>
							<String ID="string_126" HPOS="427" VPOS="919" WIDTH="206" HEIGHT="36" WC="0.96" CONTENT="Johansson"/><SP WIDTH="43" VPOS="919" HPOS="633"/>
							<String ID="string_127" HPOS="676" VPOS="920" WIDTH="100" HEIGHT="46" WC="0.96" CONTENT="Borg"/><SP WIDTH="42" VPOS="920" HPOS="776"/>
							<String ID="string_128" HPOS="818" VPOS="920" WIDTH="68" HEIGHT="34" WC="0.96" CONTENT="och"/><SP WIDTH="28" VPOS="920" HPOS="886"/>
							<String ID="string_129" HPOS="914" VPOS="919" WIDTH="126" HEIGHT="35" WC="0.96" CONTENT="Petter"/><SP WIDTH="28" VPOS="919" HPOS="1040"/>
							<String ID="string_130" HPOS="1068" VPOS="918" WIDTH="137" HEIGHT="36" WC="0.96" CONTENT="Hedin."/><SP WIDTH="58" VPOS="918" HPOS="1205"/>
							<String ID="string_131" HPOS="1263" VPOS="918" WIDTH="145" HEIGHT="47" WC="0.96" CONTENT="Högsta"/><SP WIDTH="30" VPOS="918" HPOS="1408"/>
							<String ID="string_132" HPOS="1438" VPOS="918" WIDTH="204" HEIGHT="36" WC="0.96" CONTENT="domstolen"/><SP WIDTH="29" VPOS="918" HPOS="1642"/>
							<String ID="string_133" HPOS="1671" VPOS="919" WIDTH="95" HEIGHT="35" WC="0.93" CONTENT="hade"/><SP WIDTH="30" VPOS="919" HPOS="1766"/>
							<String ID="string_134" HPOS="1796" VPOS="920" WIDTH="48" HEIGHT="34" WC="0.89" CONTENT="af-"/>
						</TextLine>
						<TextLine ID="line_14" HPOS="226" VPOS="972" WIDTH="1615" HEIGHT="48">
							<String ID="string_135" HPOS="226" VPOS="973" WIDTH="125" HEIGHT="47" WC="0.96" CONTENT="styrkt"/><SP WIDTH="42" VPOS="973" HPOS="351"/>
							<String ID="string_136" HPOS="393" VPOS="972" WIDTH="213" HEIGHT="48" WC="0.96" CONTENT="benådning"/><SP WIDTH="41" VPOS="972" HPOS="606"/>
							<String ID="string_137" HPOS="647" VPOS="974" WIDTH="83" HEIGHT="34" WC="0.96" CONTENT="med"/><SP WIDTH="41" VPOS="974" HPOS="730"/>
							<String ID="string_138" HPOS="771" VPOS="973" WIDTH="193" HEIGHT="46" WC="0.94" CONTENT="undantag"/><SP WIDTH="42" VPOS="973" HPOS="964"/>
							<String ID="string_139" HPOS="1006" VPOS="972" WIDTH="41" HEIGHT="36" WC="0.96" CONTENT="af"/><SP WIDTH="37" VPOS="972" HPOS="1047"/>
							<String ID="string_140" HPOS="1084" VPOS="975" WIDTH="56" HEIGHT="32" WC="0.96" CONTENT="tre"/><SP WIDTH="39" VPOS="975" HPOS="1140"/>
							<String ID="string_141" HPOS="1179" VPOS="972" WIDTH="209" HEIGHT="43" WC="0.96" CONTENT="ledamöter,"/><SP WIDTH="32" VPOS="972" HPOS="1388"/>
							<String ID="string_142" HPOS="1420" VPOS="984" WIDTH="76" HEIGHT="23" WC="0.93" CONTENT="som"/><SP WIDTH="29" VPOS="984" HPOS="1496"/>
							<String ID="string_143" HPOS="1525" VPOS="972" WIDTH="206" HEIGHT="48" WC="0.91" CONTENT="tillstyrkte"/><SP WIDTH="28" VPOS="972" HPOS="1731"/>
							<String ID="string_144" HPOS="1759" VPOS="973" WIDTH="82" HEIGHT="35" WC="0.96" CONTENT="nåd."/>
						</TextLine>
						<TextLine ID="line_15" HPOS="225" VPOS="1025" WIDTH="1618" HEIGHT="48">
							<String ID="string_145" HPOS="225" VPOS="1027" WIDTH="113" HEIGHT="35" WC="0.96" CONTENT="Detta"/><SP WIDTH="34" VPOS="1027" HPOS="338"/>
							<String ID="string_146" HPOS="372" VPOS="1026" WIDTH="380" HEIGHT="47" WC="0.96" CONTENT="anmärkningsvärda"/><SP WIDTH="28" VPOS="1026" HPOS="752"/>
							<String ID="string_147" HPOS="780" VPOS="1026" WIDTH="240" HEIGHT="43" WC="0.95" CONTENT="förhållande,"/><SP WIDTH="32" VPOS="1026" HPOS="1020"/>
							<String ID="string_148" HPOS="1052" VPOS="1028" WIDTH="54" HEIGHT="33" WC="0.95" CONTENT="att"/><SP WIDTH="28" VPOS="1028" HPOS="1106"/>
							<String ID="string_149" HPOS="1134" VPOS="1026" WIDTH="99" HEIGHT="46" WC="0.96" CONTENT="Borg"/><SP WIDTH="29" VPOS="1026" HPOS="1233"/>
							<String ID="string_150" HPOS="1262" VPOS="1026" WIDTH="67" HEIGHT="35" WC="0.96" CONTENT="och"/><SP WIDTH="29" VPOS="1026" HPOS="1329"/>
							<String ID="string_151" HPOS="1358" VPOS="1025" WIDTH="129" HEIGHT="36" WC="0.93" CONTENT="Hedin"/><SP WIDTH="30" VPOS="1025" HPOS="1487"/>
							<String ID="string_152" HPOS="1517" VPOS="1025" WIDTH="212" HEIGHT="46" WC="0.91" CONTENT="afrättades,"/><SP WIDTH="32" VPOS="1025" HPOS="1729"/>
							<String ID="string_153" HPOS="1761" VPOS="1026" WIDTH="82" HEIGHT="36" WC="0.92" CONTENT="oak-"/>
						</TextLine>
						<TextLine ID="line_16" HPOS="225" VPOS="1078" WIDTH="1619" HEIGHT="49">
							<String ID="string_154" HPOS="225" VPOS="1080" WIDTH="81" HEIGHT="36" WC="0.90" CONTENT="tadt"/><SP WIDTH="28" VPOS="1080" HPOS="306"/>
							<String ID="string_155" HPOS="334" VPOS="1082" WIDTH="56" HEIGHT="33" WC="0.97" CONTENT="tre"/><SP WIDTH="29" VPOS="1082" HPOS="390"/>
							<String ID="string_156" HPOS="419" VPOS="1080" WIDTH="200" HEIGHT="35" WC="0.96" CONTENT="ledamöter"/><SP WIDTH="28" VPOS="1080" HPOS="619"/>
							<String ID="string_157" HPOS="647" VPOS="1080" WIDTH="14" HEIGHT="35" WC="0.96" CONTENT="i"/><SP WIDTH="29" VPOS="1080" HPOS="661"/>
							<String ID="string_158" HPOS="690" VPOS="1080" WIDTH="203" HEIGHT="35" WC="0.96" CONTENT="domstolen"/><SP WIDTH="29" VPOS="1080" HPOS="893"/>
							<String ID="string_159" HPOS="922" VPOS="1079" WIDTH="183" HEIGHT="47" WC="0.96" CONTENT="tillstyrkt"/><SP WIDTH="28" VPOS="1079" HPOS="1105"/>
							<String ID="string_160" HPOS="1133" VPOS="1080" WIDTH="84" HEIGHT="43" WC="0.96" CONTENT="nåd,"/><SP WIDTH="31" VPOS="1080" HPOS="1217"/>
							<String ID="string_161" HPOS="1248" VPOS="1079" WIDTH="160" HEIGHT="35" WC="0.96" CONTENT="berodde"/><SP WIDTH="29" VPOS="1079" HPOS="1408"/>
							<String ID="string_162" HPOS="1437" VPOS="1078" WIDTH="177" HEIGHT="49" WC="0.96" CONTENT="möjligen"/><SP WIDTH="30" VPOS="1078" HPOS="1614"/>
							<String ID="string_163" HPOS="1644" VPOS="1080" WIDTH="123" HEIGHT="46" WC="0.96" CONTENT="därpå,"/><SP WIDTH="23" VPOS="1080" HPOS="1767"/>
							<String ID="string_164" HPOS="1790" VPOS="1083" WIDTH="54" HEIGHT="32" WC="0.96" CONTENT="att"/>
						</TextLine>
						<TextLine ID="line_17" HPOS="224" VPOS="1132" WIDTH="1619" HEIGHT="49">
							<String ID="string_165" HPOS="224" VPOS="1136" WIDTH="47" HEIGHT="44" WC="0.96" CONTENT="på"/><SP WIDTH="43" VPOS="1136" HPOS="271"/>
							<String ID="string_166" HPOS="314" VPOS="1133" WIDTH="72" HEIGHT="35" WC="0.96" CONTENT="den"/><SP WIDTH="41" VPOS="1133" HPOS="386"/>
							<String ID="string_167" HPOS="427" VPOS="1133" WIDTH="104" HEIGHT="36" WC="0.96" CONTENT="tiden"/><SP WIDTH="42" VPOS="1133" HPOS="531"/>
							<String ID="string_168" HPOS="573" VPOS="1134" WIDTH="45" HEIGHT="35" WC="0.96" CONTENT="de"/><SP WIDTH="34" VPOS="1134" HPOS="618"/>
							<String ID="string_169" HPOS="652" VPOS="1134" WIDTH="112" HEIGHT="46" WC="0.96" CONTENT="högre"/><SP WIDTH="24" VPOS="1134" HPOS="764"/>
							<String ID="string_170" HPOS="788" VPOS="1132" WIDTH="206" HEIGHT="49" WC="0.96" CONTENT="juristerna"/><SP WIDTH="28" VPOS="1132" HPOS="994"/>
							<String ID="string_171" HPOS="1022" VPOS="1144" WIDTH="86" HEIGHT="24" WC="0.93" CONTENT="voro"/><SP WIDTH="29" VPOS="1144" HPOS="1108"/>
							<String ID="string_172" HPOS="1137" VPOS="1132" WIDTH="116" HEIGHT="47" WC="0.52" CONTENT="lifiiga"/><SP WIDTH="29" VPOS="1132" HPOS="1253"/>
							<String ID="string_173" HPOS="1282" VPOS="1133" WIDTH="211" HEIGHT="46" WC="0.96" CONTENT="anhängare"/><SP WIDTH="30" VPOS="1133" HPOS="1493"/>
							<String ID="string_174" HPOS="1523" VPOS="1133" WIDTH="41" HEIGHT="35" WC="0.96" CONTENT="af"/><SP WIDTH="26" VPOS="1133" HPOS="1564"/>
							<String ID="string_175" HPOS="1590" VPOS="1133" WIDTH="253" HEIGHT="36" WC="0.96" CONTENT="dödsstraffets"/>
						</TextLine>
						<TextLine ID="line_18" HPOS="225" VPOS="1185" WIDTH="1617" HEIGHT="48">
							<String ID="string_176" HPOS="225" VPOS="1186" WIDTH="229" HEIGHT="36" WC="0.90" CONTENT="afskaffande"/><SP WIDTH="29" VPOS="1186" HPOS="454"/>
							<String ID="string_177" HPOS="483" VPOS="1187" WIDTH="67" HEIGHT="35" WC="0.96" CONTENT="och"/><SP WIDTH="30" VPOS="1187" HPOS="550"/>
							<String ID="string_178" HPOS="580" VPOS="1187" WIDTH="123" HEIGHT="35" WC="0.96" CONTENT="därför"/><SP WIDTH="29" VPOS="1187" HPOS="703"/>
							<String ID="string_179" HPOS="732" VPOS="1186" WIDTH="221" HEIGHT="36" WC="0.96" CONTENT="åtminstone"/><SP WIDTH="29" VPOS="1186" HPOS="953"/>
							<String ID="string_180" HPOS="982" VPOS="1185" WIDTH="189" HEIGHT="47" WC="0.96" CONTENT="åtskilliga"/><SP WIDTH="29" VPOS="1185" HPOS="1171"/>
							<String ID="string_181" HPOS="1200" VPOS="1186" WIDTH="40" HEIGHT="34" WC="0.96" CONTENT="af"/><SP WIDTH="25" VPOS="1186" HPOS="1240"/>
							<String ID="string_182" HPOS="1265" VPOS="1186" WIDTH="81" HEIGHT="35" WC="0.94" CONTENT="dem"/><SP WIDTH="29" VPOS="1186" HPOS="1346"/>
							<String ID="string_183" HPOS="1375" VPOS="1186" WIDTH="106" HEIGHT="35" WC="0.93" CONTENT="alltid"/><SP WIDTH="18" VPOS="1186" HPOS="1481"/>
							<String ID="string_184" HPOS="1499" VPOS="1186" WIDTH="213" HEIGHT="47" WC="0.92" CONTENT="principielt"/><SP WIDTH="18" VPOS="1186" HPOS="1712"/>
							<String ID="string_185" HPOS="1730" VPOS="1199" WIDTH="112" HEIGHT="24" WC="0.92" CONTENT="reser-"/>
						</TextLine>
						<TextLine ID="line_19" HPOS="226" VPOS="1239" WIDTH="1613" HEIGHT="48">
							<String ID="string_186" HPOS="226" VPOS="1240" WIDTH="133" HEIGHT="36" WC="0.91" CONTENT="verade"/><SP WIDTH="37" VPOS="1240" HPOS="359"/>
							<String ID="string_187" HPOS="396" VPOS="1240" WIDTH="57" HEIGHT="47" WC="0.96" CONTENT="sig"/><SP WIDTH="32" VPOS="1240" HPOS="453"/>
							<String ID="string_188" HPOS="485" VPOS="1243" WIDTH="74" HEIGHT="32" WC="0.96" CONTENT="mot"/><SP WIDTH="30" VPOS="1243" HPOS="559"/>
							<String ID="string_189" HPOS="589" VPOS="1240" WIDTH="81" HEIGHT="35" WC="0.96" CONTENT="dess"/><SP WIDTH="29" VPOS="1240" HPOS="670"/>
							<String ID="string_190" HPOS="699" VPOS="1240" WIDTH="247" HEIGHT="47" WC="0.96" CONTENT="tillämpning."/><SP WIDTH="60" VPOS="1240" HPOS="946"/>
							<String ID="string_191" HPOS="1006" VPOS="1239" WIDTH="120" HEIGHT="35" WC="0.66" CONTENT="Sedan"/><SP WIDTH="28" VPOS="1239" HPOS="1126"/>
							<String ID="string_192" HPOS="1154" VPOS="1239" WIDTH="71" HEIGHT="35" WC="0.96" CONTENT="blir"/><SP WIDTH="29" VPOS="1239" HPOS="1225"/>
							<String ID="string_193" HPOS="1254" VPOS="1239" WIDTH="94" HEIGHT="35" WC="0.96" CONTENT="dock"/><SP WIDTH="29" VPOS="1239" HPOS="1348"/>
							<String ID="string_194" HPOS="1377" VPOS="1239" WIDTH="227" HEIGHT="47" WC="0.96" CONTENT="ställningen"/><SP WIDTH="29" VPOS="1239" HPOS="1604"/>
							<String ID="string_195" HPOS="1633" VPOS="1252" WIDTH="45" HEIGHT="23" WC="0.95" CONTENT="en"/><SP WIDTH="30" VPOS="1252" HPOS="1678"/>
							<String ID="string_196" HPOS="1708" VPOS="1252" WIDTH="131" HEIGHT="23" WC="0.96" CONTENT="annan."/>
						</TextLine>
						<TextLine ID="line_20" HPOS="227" VPOS="1291" WIDTH="1616" HEIGHT="47">
							<String ID="string_197" HPOS="227" VPOS="1294" WIDTH="112" HEIGHT="36" WC="0.96" CONTENT="Nästa"/><SP WIDTH="37" VPOS="1294" HPOS="339"/>
							<String ID="string_198" HPOS="376" VPOS="1294" WIDTH="65" HEIGHT="35" WC="0.96" CONTENT="fall"/><SP WIDTH="33" VPOS="1294" HPOS="441"/>
							<String ID="string_199" HPOS="474" VPOS="1293" WIDTH="197" HEIGHT="36" WC="0.96" CONTENT="inträffade"/><SP WIDTH="33" VPOS="1293" HPOS="671"/>
							<String ID="string_200" HPOS="704" VPOS="1296" WIDTH="114" HEIGHT="42" WC="0.96" CONTENT="1872,"/><SP WIDTH="32" VPOS="1296" HPOS="818"/>
							<String ID="string_201" HPOS="850" VPOS="1294" WIDTH="45" HEIGHT="35" WC="0.96" CONTENT="då"/><SP WIDTH="30" VPOS="1294" HPOS="895"/>
							<String ID="string_202" HPOS="925" VPOS="1292" WIDTH="85" HEIGHT="36" WC="0.96" CONTENT="Carl"/><SP WIDTH="30" VPOS="1292" HPOS="1010"/>
							<String ID="string_203" HPOS="1040" VPOS="1292" WIDTH="87" HEIGHT="36" WC="0.94" CONTENT="Otto"/><SP WIDTH="29" VPOS="1292" HPOS="1127"/>
							<String ID="string_204" HPOS="1156" VPOS="1291" WIDTH="217" HEIGHT="37" WC="0.90" CONTENT="Andersson"/><SP WIDTH="29" VPOS="1291" HPOS="1373"/>
							<String ID="string_205" HPOS="1402" VPOS="1293" WIDTH="216" HEIGHT="45" WC="0.90" CONTENT="afrättades;"/><SP WIDTH="33" VPOS="1293" HPOS="1618"/>
							<String ID="string_206" HPOS="1651" VPOS="1293" WIDTH="70" HEIGHT="35" WC="0.93" CONTENT="alla"/><SP WIDTH="28" VPOS="1293" HPOS="1721"/>
							<String ID="string_207" HPOS="1749" VPOS="1294" WIDTH="94" HEIGHT="35" WC="0.92" CONTENT="leda-"/>
						</TextLine>
						<TextLine ID="line_21" HPOS="226" VPOS="1346" WIDTH="1614" HEIGHT="53">
							<String ID="string_208" HPOS="226" VPOS="1351" WIDTH="164" HEIGHT="48" WC="0.92" CONTENT="möterna"/><SP WIDTH="38" VPOS="1351" HPOS="390"/>
							<String ID="string_209" HPOS="428" VPOS="1347" WIDTH="40" HEIGHT="35" WC="0.96" CONTENT="af"/><SP WIDTH="32" VPOS="1347" HPOS="468"/>
							<String ID="string_210" HPOS="500" VPOS="1347" WIDTH="131" HEIGHT="47" WC="0.96" CONTENT="högsta"/><SP WIDTH="29" VPOS="1347" HPOS="631"/>
							<String ID="string_211" HPOS="660" VPOS="1347" WIDTH="202" HEIGHT="35" WC="0.93" CONTENT="domstolen"/><SP WIDTH="30" VPOS="1347" HPOS="862"/>
							<String ID="string_212" HPOS="892" VPOS="1346" WIDTH="181" HEIGHT="48" WC="0.91" CONTENT="afstyrkte"/><SP WIDTH="29" VPOS="1346" HPOS="1073"/>
							<String ID="string_213" HPOS="1102" VPOS="1347" WIDTH="74" HEIGHT="34" WC="0.96" CONTENT="nåd"/><SP WIDTH="28" VPOS="1347" HPOS="1176"/>
							<String ID="string_214" HPOS="1204" VPOS="1349" WIDTH="101" HEIGHT="32" WC="0.96" CONTENT="utom"/><SP WIDTH="26" VPOS="1349" HPOS="1305"/>
							<String ID="string_215" HPOS="1331" VPOS="1346" WIDTH="251" HEIGHT="49" WC="0.96" CONTENT="justitierådet"/><SP WIDTH="30" VPOS="1346" HPOS="1582"/>
							<String ID="string_216" HPOS="1612" VPOS="1346" WIDTH="228" HEIGHT="37" WC="0.91" CONTENT="Olivecrona."/>
						</TextLine>
						<TextLine ID="line_22" HPOS="224" VPOS="1399" WIDTH="1619" HEIGHT="48">
							<String ID="string_217" HPOS="224" VPOS="1401" WIDTH="56" HEIGHT="36" WC="0.63" CONTENT="År"/><SP WIDTH="46" VPOS="1401" HPOS="280"/>
							<String ID="string_218" HPOS="326" VPOS="1402" WIDTH="100" HEIGHT="34" WC="0.87" CONTENT="1876"/><SP WIDTH="45" VPOS="1402" HPOS="426"/>
							<String ID="string_219" HPOS="471" VPOS="1401" WIDTH="201" HEIGHT="35" WC="0.87" CONTENT="afrättades"/><SP WIDTH="36" VPOS="1401" HPOS="672"/>
							<String ID="string_220" HPOS="708" VPOS="1400" WIDTH="139" HEIGHT="36" WC="0.96" CONTENT="Gustaf"/><SP WIDTH="26" VPOS="1400" HPOS="847"/>
							<String ID="string_221" HPOS="873" VPOS="1399" WIDTH="118" HEIGHT="36" WC="0.96" CONTENT="Adolf"/><SP WIDTH="24" VPOS="1399" HPOS="991"/>
							<String ID="string_222" HPOS="1015" VPOS="1399" WIDTH="178" HEIGHT="36" WC="0.93" CONTENT="Eriksson"/><SP WIDTH="29" VPOS="1399" HPOS="1193"/>
							<String ID="string_223" HPOS="1222" VPOS="1399" WIDTH="110" HEIGHT="48" WC="0.91" CONTENT="Hjert"/><SP WIDTH="29" VPOS="1399" HPOS="1332"/>
							<String ID="string_224" HPOS="1361" VPOS="1400" WIDTH="68" HEIGHT="35" WC="0.96" CONTENT="och"/><SP WIDTH="30" VPOS="1400" HPOS="1429"/>
							<String ID="string_225" HPOS="1459" VPOS="1399" WIDTH="146" HEIGHT="37" WC="0.95" CONTENT="Conrad"/><SP WIDTH="28" VPOS="1399" HPOS="1605"/>
							<String ID="string_226" HPOS="1633" VPOS="1400" WIDTH="210" HEIGHT="36" WC="0.95" CONTENT="Pettersson"/>
						</TextLine>
						<TextLine ID="line_23" HPOS="226" VPOS="1453" WIDTH="1616" HEIGHT="49">
							<String ID="string_227" HPOS="226" VPOS="1454" WIDTH="153" HEIGHT="45" WC="0.91" CONTENT="Tektor;"/><SP WIDTH="44" VPOS="1454" HPOS="379"/>
							<String ID="string_228" HPOS="423" VPOS="1454" WIDTH="130" HEIGHT="35" WC="0.95" CONTENT="endast"/><SP WIDTH="40" VPOS="1454" HPOS="553"/>
							<String ID="string_229" HPOS="593" VPOS="1453" WIDTH="251" HEIGHT="49" WC="0.96" CONTENT="justitierådet"/><SP WIDTH="39" VPOS="1453" HPOS="844"/>
							<String ID="string_230" HPOS="883" VPOS="1453" WIDTH="216" HEIGHT="36" WC="0.93" CONTENT="Olivecrona"/><SP WIDTH="29" VPOS="1453" HPOS="1099"/>
							<String ID="string_231" HPOS="1128" VPOS="1453" WIDTH="206" HEIGHT="48" WC="0.91" CONTENT="tillstyrkte"/><SP WIDTH="29" VPOS="1453" HPOS="1334"/>
							<String ID="string_232" HPOS="1363" VPOS="1454" WIDTH="83" HEIGHT="34" WC="0.96" CONTENT="nåd."/><SP WIDTH="61" VPOS="1454" HPOS="1446"/>
							<String ID="string_233" HPOS="1507" VPOS="1453" WIDTH="46" HEIGHT="36" WC="0.81" CONTENT="Så"/><SP WIDTH="30" VPOS="1453" HPOS="1553"/>
							<String ID="string_234" HPOS="1583" VPOS="1466" WIDTH="65" HEIGHT="23" WC="0.96" CONTENT="var"/><SP WIDTH="28" VPOS="1466" HPOS="1648"/>
							<String ID="string_235" HPOS="1676" VPOS="1453" WIDTH="69" HEIGHT="37" WC="0.93" CONTENT="ock"/><SP WIDTH="30" VPOS="1453" HPOS="1745"/>
							<String ID="string_236" HPOS="1775" VPOS="1454" WIDTH="67" HEIGHT="36" WC="0.92" CONTENT="för-"/>
						</TextLine>
						<TextLine ID="line_24" HPOS="224" VPOS="1496" WIDTH="1619" HEIGHT="54">
							<String ID="string_237" HPOS="224" VPOS="1507" WIDTH="189" HEIGHT="36" WC="0.92" CONTENT="hållandet"/><SP WIDTH="42" VPOS="1507" HPOS="413"/>
							<String ID="string_238" HPOS="455" VPOS="1509" WIDTH="112" HEIGHT="41" WC="0.96" CONTENT="1879,"/><SP WIDTH="32" VPOS="1509" HPOS="567"/>
							<String ID="string_239" HPOS="599" VPOS="1507" WIDTH="46" HEIGHT="36" WC="0.96" CONTENT="då"/><SP WIDTH="28" VPOS="1507" HPOS="645"/>
							<String ID="string_240" HPOS="673" VPOS="1506" WIDTH="149" HEIGHT="37" WC="0.96" CONTENT="Anders"/><SP WIDTH="28" VPOS="1506" HPOS="822"/>
							<String ID="string_241" HPOS="850" VPOS="1507" WIDTH="158" HEIGHT="35" WC="0.93" CONTENT="Larsson"/><SP WIDTH="29" VPOS="1507" HPOS="1008"/>
							<String ID="string_242" HPOS="1037" VPOS="1507" WIDTH="210" HEIGHT="35" WC="0.91" CONTENT="afrättades."/><SP WIDTH="58" VPOS="1507" HPOS="1247"/>
							<String ID="string_243" HPOS="1305" VPOS="1496" WIDTH="57" HEIGHT="46" WC="0.96" CONTENT="År"/><SP WIDTH="33" VPOS="1496" HPOS="1362"/>
							<String ID="string_244" HPOS="1395" VPOS="1508" WIDTH="101" HEIGHT="34" WC="0.93" CONTENT="1882"/><SP WIDTH="31" VPOS="1508" HPOS="1496"/>
							<String ID="string_245" HPOS="1527" VPOS="1507" WIDTH="200" HEIGHT="35" WC="0.92" CONTENT="afrättades"/><SP WIDTH="31" VPOS="1507" HPOS="1727"/>
							<String ID="string_246" HPOS="1758" VPOS="1506" WIDTH="85" HEIGHT="37" WC="0.93" CONTENT="Carl"/>
						</TextLine>
						<TextLine ID="line_25" HPOS="224" VPOS="1536" WIDTH="1619" HEIGHT="76">
							<String ID="string_247" HPOS="224" VPOS="1560" WIDTH="216" HEIGHT="36" WC="0.95" CONTENT="Andersson"/><SP WIDTH="29" VPOS="1560" HPOS="440"/>
							<String ID="string_248" HPOS="469" VPOS="1536" WIDTH="111" HEIGHT="60" WC="0.96" CONTENT="Sköld"/><SP WIDTH="30" VPOS="1536" HPOS="580"/>
							<String ID="string_249" HPOS="610" VPOS="1561" WIDTH="67" HEIGHT="35" WC="0.96" CONTENT="och"/><SP WIDTH="19" VPOS="1561" HPOS="677"/>
							<String ID="string_250" HPOS="696" VPOS="1561" WIDTH="122" HEIGHT="35" WC="0.96" CONTENT="Johan"/><SP WIDTH="29" VPOS="1561" HPOS="818"/>
							<String ID="string_251" HPOS="847" VPOS="1553" WIDTH="210" HEIGHT="52" WC="0.95" CONTENT="Österman;"/><SP WIDTH="31" VPOS="1553" HPOS="1057"/>
							<String ID="string_252" HPOS="1088" VPOS="1560" WIDTH="70" HEIGHT="35" WC="0.96" CONTENT="alla"/><SP WIDTH="30" VPOS="1560" HPOS="1158"/>
							<String ID="string_253" HPOS="1188" VPOS="1560" WIDTH="198" HEIGHT="35" WC="0.95" CONTENT="ledamöter"/><SP WIDTH="29" VPOS="1560" HPOS="1386"/>
							<String ID="string_254" HPOS="1415" VPOS="1560" WIDTH="41" HEIGHT="35" WC="0.96" CONTENT="af"/><SP WIDTH="24" VPOS="1560" HPOS="1456"/>
							<String ID="string_255" HPOS="1480" VPOS="1560" WIDTH="132" HEIGHT="52" WC="0.96" CONTENT="högsta"/><SP WIDTH="29" VPOS="1560" HPOS="1612"/>
							<String ID="string_256" HPOS="1641" VPOS="1560" WIDTH="202" HEIGHT="36" WC="0.95" CONTENT="domstolen"/>
						</TextLine>
						<TextLine ID="line_26" HPOS="224" VPOS="1612" WIDTH="1618" HEIGHT="50">
							<String ID="string_257" HPOS="224" VPOS="1614" WIDTH="185" HEIGHT="48" WC="0.91" CONTENT="afstyrkte"/><SP WIDTH="34" VPOS="1614" HPOS="409"/>
							<String ID="string_258" HPOS="443" VPOS="1614" WIDTH="73" HEIGHT="35" WC="0.96" CONTENT="nåd"/><SP WIDTH="33" VPOS="1614" HPOS="516"/>
							<String ID="string_259" HPOS="549" VPOS="1616" WIDTH="98" HEIGHT="33" WC="0.91" CONTENT="utom"/><SP WIDTH="36" VPOS="1616" HPOS="647"/>
							<String ID="string_260" HPOS="683" VPOS="1613" WIDTH="261" HEIGHT="48" WC="0.91" CONTENT="justitieråden"/><SP WIDTH="41" VPOS="1613" HPOS="944"/>
							<String ID="string_261" HPOS="985" VPOS="1612" WIDTH="174" HEIGHT="37" WC="0.41" CONTENT="OCarleson"/><SP WIDTH="29" VPOS="1612" HPOS="1159"/>
							<String ID="string_262" HPOS="1188" VPOS="1614" WIDTH="67" HEIGHT="35" WC="0.96" CONTENT="och"/><SP WIDTH="30" VPOS="1614" HPOS="1255"/>
							<String ID="string_263" HPOS="1285" VPOS="1613" WIDTH="229" HEIGHT="36" WC="0.94" CONTENT="Olivecrona."/><SP WIDTH="59" VPOS="1613" HPOS="1514"/>
							<String ID="string_264" HPOS="1573" VPOS="1602" WIDTH="56" HEIGHT="46" WC="0.95" CONTENT="År"/><SP WIDTH="32" VPOS="1602" HPOS="1629"/>
							<String ID="string_265" HPOS="1661" VPOS="1616" WIDTH="99" HEIGHT="33" WC="0.91" CONTENT="1887"/><SP WIDTH="33" VPOS="1616" HPOS="1760"/>
							<String ID="string_266" HPOS="1793" VPOS="1614" WIDTH="49" HEIGHT="35" WC="0.91" CONTENT="af-"/>
						</TextLine>
						<TextLine ID="line_27" HPOS="223" VPOS="1666" WIDTH="1618" HEIGHT="49">
							<String ID="string_267" HPOS="223" VPOS="1668" WIDTH="163" HEIGHT="35" WC="0.96" CONTENT="rättades"/><SP WIDTH="29" VPOS="1668" HPOS="386"/>
							<String ID="string_268" HPOS="415" VPOS="1667" WIDTH="83" HEIGHT="35" WC="0.96" CONTENT="Nils"/><SP WIDTH="27" VPOS="1667" HPOS="498"/>
							<String ID="string_269" HPOS="525" VPOS="1667" WIDTH="137" HEIGHT="51" WC="0.96" CONTENT="Petter"/><SP WIDTH="13" VPOS="1667" HPOS="662"/>
							<String ID="string_270" HPOS="675" VPOS="1668" WIDTH="211" HEIGHT="35" WC="0.96" CONTENT="Pettersson"/><SP WIDTH="28" VPOS="1668" HPOS="886"/>
							<String ID="string_271" HPOS="914" VPOS="1667" WIDTH="215" HEIGHT="46" WC="0.96" CONTENT="Hagström;"/><SP WIDTH="32" VPOS="1667" HPOS="1129"/>
							<String ID="string_272" HPOS="1161" VPOS="1667" WIDTH="70" HEIGHT="35" WC="0.92" CONTENT="alla"/><SP WIDTH="30" VPOS="1667" HPOS="1231"/>
							<String ID="string_273" HPOS="1261" VPOS="1666" WIDTH="184" HEIGHT="48" WC="0.91" CONTENT="afstyrkte"/><SP WIDTH="30" VPOS="1666" HPOS="1445"/>
							<String ID="string_274" HPOS="1475" VPOS="1667" WIDTH="72" HEIGHT="35" WC="0.96" CONTENT="nåd"/><SP WIDTH="20" VPOS="1667" HPOS="1547"/>
							<String ID="string_275" HPOS="1567" VPOS="1669" WIDTH="99" HEIGHT="33" WC="0.93" CONTENT="utom"/><SP WIDTH="17" VPOS="1669" HPOS="1666"/>
							<String ID="string_276" HPOS="1683" VPOS="1666" WIDTH="158" HEIGHT="49" WC="0.91" CONTENT="justitie-"/>
						</TextLine>
						<TextLine ID="line_28" HPOS="223" VPOS="1719" WIDTH="1619" HEIGHT="49">
							<String ID="string_277" HPOS="223" VPOS="1721" WIDTH="104" HEIGHT="35" WC="0.96" CONTENT="rådet"/><SP WIDTH="29" VPOS="1721" HPOS="327"/>
							<String ID="string_278" HPOS="356" VPOS="1720" WIDTH="228" HEIGHT="36" WC="0.93" CONTENT="Olivecrona."/><SP WIDTH="54" VPOS="1720" HPOS="584"/>
							<String ID="string_279" HPOS="638" VPOS="1709" WIDTH="56" HEIGHT="47" WC="0.96" CONTENT="År"/><SP WIDTH="33" VPOS="1709" HPOS="694"/>
							<String ID="string_280" HPOS="727" VPOS="1723" WIDTH="100" HEIGHT="33" WC="0.96" CONTENT="1890"/><SP WIDTH="31" VPOS="1723" HPOS="827"/>
							<String ID="string_281" HPOS="858" VPOS="1720" WIDTH="198" HEIGHT="52" WC="0.91" CONTENT="afrättades"/><SP WIDTH="29" VPOS="1720" HPOS="1056"/>
							<String ID="string_282" HPOS="1085" VPOS="1721" WIDTH="107" HEIGHT="34" WC="0.96" CONTENT="Anna"/><SP WIDTH="28" VPOS="1721" HPOS="1192"/>
							<String ID="string_283" HPOS="1220" VPOS="1720" WIDTH="231" HEIGHT="35" WC="0.96" CONTENT="Månsdotter"/><SP WIDTH="29" VPOS="1720" HPOS="1451"/>
							<String ID="string_284" HPOS="1480" VPOS="1720" WIDTH="13" HEIGHT="35" WC="0.96" CONTENT="i"/><SP WIDTH="29" VPOS="1720" HPOS="1493"/>
							<String ID="string_285" HPOS="1522" VPOS="1719" WIDTH="158" HEIGHT="49" WC="0.94" CONTENT="Yngsjö;"/><SP WIDTH="32" VPOS="1719" HPOS="1680"/>
							<String ID="string_286" HPOS="1712" VPOS="1721" WIDTH="130" HEIGHT="46" WC="0.96" CONTENT="högsta"/>
						</TextLine>
						<TextLine ID="line_29" HPOS="224" VPOS="1773" WIDTH="1616" HEIGHT="48">
							<String ID="string_287" HPOS="224" VPOS="1774" WIDTH="202" HEIGHT="35" WC="0.93" CONTENT="domstolen"/><SP WIDTH="30" VPOS="1774" HPOS="426"/>
							<String ID="string_288" HPOS="456" VPOS="1774" WIDTH="181" HEIGHT="47" WC="0.92" CONTENT="afstyrkte"/><SP WIDTH="30" VPOS="1774" HPOS="637"/>
							<String ID="string_289" HPOS="667" VPOS="1773" WIDTH="181" HEIGHT="46" WC="0.96" CONTENT="enhälligt"/><SP WIDTH="30" VPOS="1773" HPOS="848"/>
							<String ID="string_290" HPOS="878" VPOS="1774" WIDTH="81" HEIGHT="35" WC="0.96" CONTENT="nåd."/><SP WIDTH="47" VPOS="1774" HPOS="959"/>
							<String ID="string_291" HPOS="1006" VPOS="1762" WIDTH="55" HEIGHT="46" WC="0.95" CONTENT="År"/><SP WIDTH="33" VPOS="1762" HPOS="1061"/>
							<String ID="string_292" HPOS="1094" VPOS="1776" WIDTH="99" HEIGHT="33" WC="0.93" CONTENT="1893"/><SP WIDTH="32" VPOS="1776" HPOS="1193"/>
							<String ID="string_293" HPOS="1225" VPOS="1774" WIDTH="199" HEIGHT="35" WC="0.92" CONTENT="afrättades"/><SP WIDTH="29" VPOS="1774" HPOS="1424"/>
							<String ID="string_294" HPOS="1453" VPOS="1774" WIDTH="71" HEIGHT="35" WC="0.96" CONTENT="Per"/><SP WIDTH="19" VPOS="1774" HPOS="1524"/>
							<String ID="string_295" HPOS="1543" VPOS="1774" WIDTH="121" HEIGHT="36" WC="0.93" CONTENT="Johan"/><SP WIDTH="20" VPOS="1774" HPOS="1664"/>
							<String ID="string_296" HPOS="1684" VPOS="1774" WIDTH="156" HEIGHT="35" WC="0.91" CONTENT="Petters-"/>
						</TextLine>
						<TextLine ID="line_30" HPOS="223" VPOS="1803" WIDTH="1618" HEIGHT="72">
							<String ID="string_297" HPOS="223" VPOS="1839" WIDTH="66" HEIGHT="24" WC="0.96" CONTENT="son"/><SP WIDTH="28" VPOS="1839" HPOS="289"/>
							<String ID="string_298" HPOS="317" VPOS="1827" WIDTH="83" HEIGHT="36" WC="0.93" CONTENT="från"/><SP WIDTH="30" VPOS="1827" HPOS="400"/>
							<String ID="string_299" HPOS="430" VPOS="1827" WIDTH="162" HEIGHT="46" WC="0.90" CONTENT="Mossbo;"/><SP WIDTH="32" VPOS="1827" HPOS="592"/>
							<String ID="string_300" HPOS="624" VPOS="1827" WIDTH="70" HEIGHT="36" WC="0.96" CONTENT="alla"/><SP WIDTH="29" VPOS="1827" HPOS="694"/>
							<String ID="string_301" HPOS="723" VPOS="1803" WIDTH="184" HEIGHT="72" WC="0.91" CONTENT="afstyrkte"/><SP WIDTH="29" VPOS="1803" HPOS="907"/>
							<String ID="string_302" HPOS="936" VPOS="1827" WIDTH="74" HEIGHT="35" WC="0.96" CONTENT="nåd"/><SP WIDTH="29" VPOS="1827" HPOS="1010"/>
							<String ID="string_303" HPOS="1039" VPOS="1829" WIDTH="98" HEIGHT="33" WC="0.96" CONTENT="utom"/><SP WIDTH="27" VPOS="1829" HPOS="1137"/>
							<String ID="string_304" HPOS="1164" VPOS="1827" WIDTH="251" HEIGHT="48" WC="0.96" CONTENT="justitierådet"/><SP WIDTH="29" VPOS="1827" HPOS="1415"/>
							<String ID="string_305" HPOS="1444" VPOS="1826" WIDTH="163" HEIGHT="36" WC="0.95" CONTENT="Carlson."/><SP WIDTH="51" VPOS="1826" HPOS="1607"/>
							<String ID="string_306" HPOS="1658" VPOS="1827" WIDTH="69" HEIGHT="35" WC="0.91" CONTENT="Om"/><SP WIDTH="30" VPOS="1827" HPOS="1727"/>
							<String ID="string_307" HPOS="1757" VPOS="1840" WIDTH="84" HEIGHT="23" WC="0.94" CONTENT="man"/>
						</TextLine>
						<TextLine ID="line_31" HPOS="222" VPOS="1880" WIDTH="1618" HEIGHT="49">
							<String ID="string_308" HPOS="222" VPOS="1893" WIDTH="51" HEIGHT="23" WC="0.96" CONTENT="nu"/><SP WIDTH="42" VPOS="1893" HPOS="273"/>
							<String ID="string_309" HPOS="315" VPOS="1881" WIDTH="113" HEIGHT="35" WC="0.96" CONTENT="bland"/><SP WIDTH="43" VPOS="1881" HPOS="428"/>
							<String ID="string_310" HPOS="471" VPOS="1881" WIDTH="44" HEIGHT="35" WC="0.96" CONTENT="de"/><SP WIDTH="39" VPOS="1881" HPOS="515"/>
							<String ID="string_311" HPOS="554" VPOS="1881" WIDTH="224" HEIGHT="48" WC="0.96" CONTENT="justitieråd,"/><SP WIDTH="45" VPOS="1881" HPOS="778"/>
							<String ID="string_312" HPOS="823" VPOS="1893" WIDTH="76" HEIGHT="23" WC="0.96" CONTENT="som"/><SP WIDTH="45" VPOS="1893" HPOS="899"/>
							<String ID="string_313" HPOS="944" VPOS="1880" WIDTH="82" HEIGHT="35" WC="0.96" CONTENT="från"/><SP WIDTH="34" VPOS="1880" HPOS="1026"/>
							<String ID="string_314" HPOS="1060" VPOS="1881" WIDTH="67" HEIGHT="34" WC="0.96" CONTENT="och"/><SP WIDTH="29" VPOS="1881" HPOS="1127"/>
							<String ID="string_315" HPOS="1156" VPOS="1881" WIDTH="82" HEIGHT="34" WC="0.96" CONTENT="med"/><SP WIDTH="33" VPOS="1881" HPOS="1238"/>
							<String ID="string_316" HPOS="1271" VPOS="1883" WIDTH="100" HEIGHT="32" WC="0.96" CONTENT="1872"/><SP WIDTH="32" VPOS="1883" HPOS="1371"/>
							<String ID="string_317" HPOS="1403" VPOS="1883" WIDTH="116" HEIGHT="45" WC="0.96" CONTENT="yttrat"/><SP WIDTH="27" VPOS="1883" HPOS="1519"/>
							<String ID="string_318" HPOS="1546" VPOS="1881" WIDTH="56" HEIGHT="46" WC="0.96" CONTENT="sig"/><SP WIDTH="29" VPOS="1881" HPOS="1602"/>
							<String ID="string_319" HPOS="1631" VPOS="1892" WIDTH="56" HEIGHT="24" WC="0.92" CONTENT="om"/><SP WIDTH="31" VPOS="1892" HPOS="1687"/>
							<String ID="string_320" HPOS="1718" VPOS="1880" WIDTH="122" HEIGHT="36" WC="0.90" CONTENT="ofvan-"/>
						</TextLine>
						<TextLine ID="line_32" HPOS="221" VPOS="1933" WIDTH="1618" HEIGHT="48">
							<String ID="string_321" HPOS="221" VPOS="1935" WIDTH="161" HEIGHT="35" WC="0.93" CONTENT="nämnda"/><SP WIDTH="28" VPOS="1935" HPOS="382"/>
							<String ID="string_322" HPOS="410" VPOS="1935" WIDTH="167" HEIGHT="46" WC="0.92" CONTENT="afslagna"/><SP WIDTH="29" VPOS="1935" HPOS="577"/>
							<String ID="string_323" HPOS="606" VPOS="1934" WIDTH="340" HEIGHT="47" WC="0.92" CONTENT="nådansökningar,"/><SP WIDTH="31" VPOS="1934" HPOS="946"/>
							<String ID="string_324" HPOS="977" VPOS="1934" WIDTH="142" HEIGHT="35" WC="0.96" CONTENT="bortser"/><SP WIDTH="29" VPOS="1934" HPOS="1119"/>
							<String ID="string_325" HPOS="1148" VPOS="1934" WIDTH="81" HEIGHT="35" WC="0.97" CONTENT="från"/><SP WIDTH="25" VPOS="1934" HPOS="1229"/>
							<String ID="string_326" HPOS="1254" VPOS="1933" WIDTH="253" HEIGHT="48" WC="0.96" CONTENT="justitierådet"/><SP WIDTH="25" VPOS="1933" HPOS="1507"/>
							<String ID="string_327" HPOS="1532" VPOS="1933" WIDTH="229" HEIGHT="45" WC="0.88" CONTENT="Olivecrona,"/><SP WIDTH="23" VPOS="1933" HPOS="1761"/>
							<String ID="string_328" HPOS="1784" VPOS="1947" WIDTH="55" HEIGHT="23" WC="0.96" CONTENT="om"/>
						</TextLine>
						<TextLine ID="line_33" HPOS="221" VPOS="1986" WIDTH="1619" HEIGHT="49">
							<String ID="string_329" HPOS="221" VPOS="1988" WIDTH="154" HEIGHT="36" WC="0.96" CONTENT="hvilken"/><SP WIDTH="30" VPOS="1988" HPOS="375"/>
							<String ID="string_330" HPOS="405" VPOS="2001" WIDTH="84" HEIGHT="23" WC="0.96" CONTENT="man"/><SP WIDTH="29" VPOS="2001" HPOS="489"/>
							<String ID="string_331" HPOS="518" VPOS="1991" WIDTH="72" HEIGHT="42" WC="0.96" CONTENT="vet,"/><SP WIDTH="31" VPOS="1991" HPOS="590"/>
							<String ID="string_332" HPOS="621" VPOS="1992" WIDTH="53" HEIGHT="32" WC="0.96" CONTENT="att"/><SP WIDTH="29" VPOS="1992" HPOS="674"/>
							<String ID="string_333" HPOS="703" VPOS="1989" WIDTH="72" HEIGHT="34" WC="0.96" CONTENT="han"/><SP WIDTH="32" VPOS="1989" HPOS="775"/>
							<String ID="string_334" HPOS="807" VPOS="1988" WIDTH="40" HEIGHT="35" WC="0.96" CONTENT="af"/><SP WIDTH="24" VPOS="1988" HPOS="847"/>
							<String ID="string_335" HPOS="871" VPOS="1987" WIDTH="145" HEIGHT="48" WC="0.96" CONTENT="princip"/><SP WIDTH="21" VPOS="1987" HPOS="1016"/>
							<String ID="string_336" HPOS="1037" VPOS="1986" WIDTH="105" HEIGHT="36" WC="0.96" CONTENT="alltid"/><SP WIDTH="19" VPOS="1986" HPOS="1142"/>
							<String ID="string_337" HPOS="1161" VPOS="1988" WIDTH="233" HEIGHT="35" WC="0.96" CONTENT="reserverade"/><SP WIDTH="22" VPOS="1988" HPOS="1394"/>
							<String ID="string_338" HPOS="1416" VPOS="1987" WIDTH="56" HEIGHT="47" WC="0.96" CONTENT="sig"/><SP WIDTH="20" VPOS="1987" HPOS="1472"/>
							<String ID="string_339" HPOS="1492" VPOS="1991" WIDTH="74" HEIGHT="32" WC="0.96" CONTENT="mot"/><SP WIDTH="21" VPOS="1991" HPOS="1566"/>
							<String ID="string_340" HPOS="1587" VPOS="1988" WIDTH="253" HEIGHT="35" WC="0.96" CONTENT="dödsstraffets"/>
						</TextLine>
						<TextLine ID="line_34" HPOS="220" VPOS="2040" WIDTH="1621" HEIGHT="49">
							<String ID="string_341" HPOS="220" VPOS="2042" WIDTH="250" HEIGHT="47" WC="0.96" CONTENT="tillämpning,"/><SP WIDTH="38" VPOS="2042" HPOS="470"/>
							<String ID="string_342" HPOS="508" VPOS="2042" WIDTH="120" HEIGHT="35" WC="0.95" CONTENT="finner"/><SP WIDTH="39" VPOS="2042" HPOS="628"/>
							<String ID="string_343" HPOS="667" VPOS="2055" WIDTH="96" HEIGHT="31" WC="0.96" CONTENT="man,"/><SP WIDTH="40" VPOS="2055" HPOS="763"/>
							<String ID="string_344" HPOS="803" VPOS="2045" WIDTH="54" HEIGHT="32" WC="0.96" CONTENT="att"/><SP WIDTH="37" VPOS="2045" HPOS="857"/>
							<String ID="string_345" HPOS="894" VPOS="2042" WIDTH="131" HEIGHT="46" WC="0.96" CONTENT="högsta"/><SP WIDTH="34" VPOS="2042" HPOS="1025"/>
							<String ID="string_346" HPOS="1059" VPOS="2040" WIDTH="202" HEIGHT="37" WC="0.95" CONTENT="domstolen"/><SP WIDTH="29" VPOS="2040" HPOS="1261"/>
							<String ID="string_347" HPOS="1290" VPOS="2040" WIDTH="13" HEIGHT="36" WC="0.88" CONTENT="i"/><SP WIDTH="30" VPOS="2040" HPOS="1303"/>
							<String ID="string_348" HPOS="1333" VPOS="2041" WIDTH="71" HEIGHT="35" WC="0.96" CONTENT="alla"/><SP WIDTH="29" VPOS="2041" HPOS="1404"/>
							<String ID="string_349" HPOS="1433" VPOS="2041" WIDTH="107" HEIGHT="35" WC="0.96" CONTENT="dessa"/><SP WIDTH="29" VPOS="2041" HPOS="1540"/>
							<String ID="string_350" HPOS="1569" VPOS="2040" WIDTH="65" HEIGHT="36" WC="0.96" CONTENT="fall"/><SP WIDTH="28" VPOS="2040" HPOS="1634"/>
							<String ID="string_351" HPOS="1662" VPOS="2041" WIDTH="179" HEIGHT="48" WC="0.95" CONTENT="enhälligt"/>
						</TextLine>
						<TextLine ID="line_35" HPOS="222" VPOS="2094" WIDTH="891" HEIGHT="49">
							<String ID="string_352" HPOS="222" VPOS="2096" WIDTH="89" HEIGHT="35" WC="0.96" CONTENT="eller"/><SP WIDTH="28" VPOS="2096" HPOS="311"/>
							<String ID="string_353" HPOS="339" VPOS="2098" WIDTH="38" HEIGHT="33" WC="0.96" CONTENT="så"/><SP WIDTH="30" VPOS="2098" HPOS="377"/>
							<String ID="string_354" HPOS="407" VPOS="2096" WIDTH="88" HEIGHT="46" WC="0.96" CONTENT="godt"/><SP WIDTH="29" VPOS="2096" HPOS="495"/>
							<String ID="string_355" HPOS="524" VPOS="2108" WIDTH="75" HEIGHT="24" WC="0.94" CONTENT="som"/><SP WIDTH="31" VPOS="2108" HPOS="599"/>
							<String ID="string_356" HPOS="630" VPOS="2095" WIDTH="180" HEIGHT="47" WC="0.93" CONTENT="enhälligt"/><SP WIDTH="29" VPOS="2095" HPOS="810"/>
							<String ID="string_357" HPOS="839" VPOS="2095" WIDTH="163" HEIGHT="48" WC="0.92" CONTENT="afstyrkt"/><SP WIDTH="29" VPOS="2095" HPOS="1002"/>
							<String ID="string_358" HPOS="1031" VPOS="2094" WIDTH="82" HEIGHT="35" WC="0.96" CONTENT="nåd."/>
						</TextLine>
					</TextBlock>
					<TextBlock ID="block_4" HPOS="220" VPOS="2146" WIDTH="1622" HEIGHT="157">
						<TextLine ID="line_36" HPOS="330" VPOS="2146" WIDTH="1509" HEIGHT="50">
							<String ID="string_359" HPOS="330" VPOS="2149" WIDTH="46" HEIGHT="35" WC="0.95" CONTENT="Så"/><SP WIDTH="28" VPOS="2149" HPOS="376"/>
							<String ID="string_360" HPOS="404" VPOS="2149" WIDTH="85" HEIGHT="36" WC="0.95" CONTENT="kom"/><SP WIDTH="30" VPOS="2149" HPOS="489"/>
							<String ID="string_361" HPOS="519" VPOS="2152" WIDTH="40" HEIGHT="33" WC="0.96" CONTENT="år"/><SP WIDTH="33" VPOS="2152" HPOS="559"/>
							<String ID="string_362" HPOS="592" VPOS="2151" WIDTH="114" HEIGHT="44" WC="0.96" CONTENT="1900,"/><SP WIDTH="31" VPOS="2151" HPOS="706"/>
							<String ID="string_363" HPOS="737" VPOS="2150" WIDTH="46" HEIGHT="34" WC="0.96" CONTENT="då"/><SP WIDTH="30" VPOS="2150" HPOS="783"/>
							<String ID="string_364" HPOS="813" VPOS="2149" WIDTH="39" HEIGHT="35" WC="0.96" CONTENT="af"/><SP WIDTH="18" VPOS="2149" HPOS="852"/>
							<String ID="string_365" HPOS="870" VPOS="2149" WIDTH="83" HEIGHT="47" WC="0.96" CONTENT="fyra"/><SP WIDTH="20" VPOS="2149" HPOS="953"/>
							<String ID="string_366" HPOS="973" VPOS="2148" WIDTH="223" HEIGHT="34" WC="0.96" CONTENT="dödsdömda"/><SP WIDTH="20" VPOS="2148" HPOS="1196"/>
							<String ID="string_367" HPOS="1216" VPOS="2147" WIDTH="82" HEIGHT="36" WC="0.96" CONTENT="icke"/><SP WIDTH="22" VPOS="2147" HPOS="1298"/>
							<String ID="string_368" HPOS="1320" VPOS="2146" WIDTH="143" HEIGHT="37" WC="0.96" CONTENT="mindre"/><SP WIDTH="21" VPOS="2146" HPOS="1463"/>
							<String ID="string_369" HPOS="1484" VPOS="2153" WIDTH="46" HEIGHT="30" WC="0.96" CONTENT="än"/><SP WIDTH="19" VPOS="2153" HPOS="1530"/>
							<String ID="string_370" HPOS="1549" VPOS="2151" WIDTH="57" HEIGHT="33" WC="0.93" CONTENT="tre"/><SP WIDTH="21" VPOS="2151" HPOS="1606"/>
							<String ID="string_371" HPOS="1627" VPOS="2149" WIDTH="212" HEIGHT="44" WC="0.92" CONTENT="afrättades,"/>
						</TextLine>
						<TextLine ID="line_37" HPOS="221" VPOS="2200" WIDTH="1621" HEIGHT="49">
							<String ID="string_372" HPOS="221" VPOS="2202" WIDTH="187" HEIGHT="46" WC="0.96" CONTENT="nämligen"/><SP WIDTH="39" VPOS="2202" HPOS="408"/>
							<String ID="string_373" HPOS="447" VPOS="2203" WIDTH="170" HEIGHT="35" WC="0.91" CONTENT="Theodor"/><SP WIDTH="36" VPOS="2203" HPOS="617"/>
							<String ID="string_374" HPOS="653" VPOS="2202" WIDTH="123" HEIGHT="36" WC="0.93" CONTENT="Julius"/><SP WIDTH="40" VPOS="2202" HPOS="776"/>
							<String ID="string_375" HPOS="816" VPOS="2201" WIDTH="171" HEIGHT="46" WC="0.66" CONTENT="BSallroth,"/><SP WIDTH="40" VPOS="2201" HPOS="987"/>
							<String ID="string_376" HPOS="1027" VPOS="2200" WIDTH="91" HEIGHT="37" WC="0.96" CONTENT="Lars"/><SP WIDTH="38" VPOS="2200" HPOS="1118"/>
							<String ID="string_377" HPOS="1156" VPOS="2201" WIDTH="147" HEIGHT="36" WC="0.96" CONTENT="Nilsson"/><SP WIDTH="33" VPOS="2201" HPOS="1303"/>
							<String ID="string_378" HPOS="1336" VPOS="2201" WIDTH="83" HEIGHT="35" WC="0.92" CONTENT="från"/><SP WIDTH="29" VPOS="2201" HPOS="1419"/>
							<String ID="string_379" HPOS="1448" VPOS="2201" WIDTH="133" HEIGHT="48" WC="0.91" CONTENT="Hörup"/><SP WIDTH="44" VPOS="2201" HPOS="1581"/>
							<String ID="string_380" HPOS="1625" VPOS="2203" WIDTH="67" HEIGHT="35" WC="0.95" CONTENT="och"/><SP WIDTH="29" VPOS="2203" HPOS="1692"/>
							<String ID="string_381" HPOS="1721" VPOS="2202" WIDTH="121" HEIGHT="36" WC="0.96" CONTENT="Johan"/>
						</TextLine>
						<TextLine ID="line_38" HPOS="220" VPOS="2254" WIDTH="1622" HEIGHT="49">
							<String ID="string_382" HPOS="220" VPOS="2255" WIDTH="96" HEIGHT="47" WC="0.96" CONTENT="Filip"/><SP WIDTH="29" VPOS="2255" HPOS="316"/>
							<String ID="string_383" HPOS="345" VPOS="2255" WIDTH="208" HEIGHT="37" WC="0.95" CONTENT="Nordlund."/><SP WIDTH="59" VPOS="2255" HPOS="553"/>
							<String ID="string_384" HPOS="612" VPOS="2256" WIDTH="83" HEIGHT="36" WC="0.94" CONTENT="Den"/><SP WIDTH="30" VPOS="2256" HPOS="695"/>
							<String ID="string_385" HPOS="725" VPOS="2255" WIDTH="236" HEIGHT="44" WC="0.95" CONTENT="sistnämnde,"/><SP WIDTH="31" VPOS="2255" HPOS="961"/>
							<String ID="string_386" HPOS="992" VPOS="2254" WIDTH="154" HEIGHT="36" WC="0.93" CONTENT="hvilken"/><SP WIDTH="30" VPOS="2254" HPOS="1146"/>
							<String ID="string_387" HPOS="1176" VPOS="2256" WIDTH="20" HEIGHT="33" WC="0.92" CONTENT="å"/><SP WIDTH="28" VPOS="2256" HPOS="1196"/>
							<String ID="string_388" HPOS="1224" VPOS="2266" WIDTH="45" HEIGHT="25" WC="0.96" CONTENT="en"/><SP WIDTH="30" VPOS="2266" HPOS="1269"/>
							<String ID="string_389" HPOS="1299" VPOS="2255" WIDTH="136" HEIGHT="48" WC="0.93" CONTENT="ångbåt"/><SP WIDTH="29" VPOS="2255" HPOS="1435"/>
							<String ID="string_390" HPOS="1464" VPOS="2256" WIDTH="158" HEIGHT="38" WC="0.91" CONTENT="föröfvat"/><SP WIDTH="25" VPOS="2256" HPOS="1622"/>
							<String ID="string_391" HPOS="1647" VPOS="2256" WIDTH="71" HEIGHT="36" WC="0.96" CONTENT="fem"/><SP WIDTH="22" VPOS="2256" HPOS="1718"/>
							<String ID="string_392" HPOS="1740" VPOS="2255" WIDTH="102" HEIGHT="36" WC="0.96" CONTENT="mord"/>
						</TextLine>
					</TextBlock>
				</ComposedBlock>
			</PrintSpace>
		</Page>
	</Layout>
</alto>
