1888 2840
320 162 19 29 2
652 161 397 32 Jordbruksutskottets
1070 160 188 32 utlåtande
1281 161 53 31 Nr
1358 161 51 31 78.

276 239 80 32 med
376 238 235 37 iakttagande
631 249 47 22 av
698 239 45 32 de
764 249 49 21 av
833 238 393 37 departementschefen
1247 239 14 31 i
1281 239 392 37 statsrådsprotokollet
1697 242 84 29 över

276 290 282 32 finansärenden
579 290 57 32 för
655 290 71 32 den
750 291 18 31 3
789 290 146 37 januari
957 291 80 31 1934
1058 290 192 33 förordade
1273 290 188 32 villkoren.

89 392 137 47 Utskottet.
316 394 54 32 Då
393 395 108 31 ränta
524 395 22 31 å
569 394 70 36 lån,
663 404 126 22 varom
812 405 48 21 nu
884 397 40 29 är
948 395 116 36 fråga,
1087 394 63 32 bör
1173 396 91 35 utgå
1285 395 81 32 med
1387 404 140 22 samma
1548 396 233 35 procentsats,

275 455 76 22 som
374 446 115 37 gäller
513 445 231 33 beträffande
767 446 43 32 de
835 446 70 38 lån,
929 447 155 31 rörande
1105 446 101 32 vilka
1232 446 201 37 riksdagen,
1461 448 118 30 såsom
1602 456 95 22 ovan
1719 456 63 21 an-

277 499 100 36 tytts,
397 497 158 33 beslutat
572 498 168 37 medgiva
760 508 44 22 en
823 498 283 37 räntesänkning
1127 498 57 32 till
1204 499 54 31 44
1282 499 156 36 procent,
1460 498 166 32 förordar
1646 498 136 32 utskot-

277 551 52 31 tet
348 549 105 33 bifall
473 549 59 33 till
551 550 135 37 Kungl.
706 549 131 38 Maj:ts
857 550 137 36 förslag
1015 551 13 30 i
1048 560 49 21 nu
1117 549 236 32 förevarande
1373 550 184 32 avseende.
1597 550 185 32 Utskottet

277 601 206 32 hemställer
498 602 136 38 därför,

712 706 55 31 att
791 704 192 38 riksdagen
1006 705 13 31 i
1043 704 194 37 anledning
1263 715 47 21 av
1332 704 136 37 Kungl.
1491 704 129 37 Maj:ts
1644 704 138 37 förslag

678 758 96 30 samt
804 757 224 31 motionerna
1059 756 85 32 1:50
1177 756 66 32 och
1276 756 125 32 II:351
1431 757 61 30 må
1520 756 178 37 medgiva,
1728 757 55 30 att

681 808 230 32 beträffande
951 808 497 37 kraftledningslånefonden,
1490 808 291 37 hemslöjdslåne-

678 860 142 37 fonden,
848 860 262 33 kolonisternas
1136 861 181 31 kreaturs-
1346 861 66 32 och
1439 860 346 36 redskapslånefond

677 915 95 30 samt
806 914 135 30 statens
976 912 371 33 kalkbrukslånefond
1379 912 70 32 den
1485 912 118 37 årliga
1651 912 133 31 räntan

677 966 60 30 må
776 965 83 31 från
895 965 65 31 och
999 965 80 31 med
1115 964 68 32 den
1218 965 20 30 1
1274 964 68 37 juli
1378 964 81 32 1934
1498 964 203 32 tillsvidare
1731 964 53 31 ut-

673 1018 47 35 gå
739 1017 94 32 efter
851 1017 53 32 44
928 1018 157 36 procent,
1105 1017 81 31 med
1205 1015 236 39 iakttagande
1460 1026 48 22 av
1526 1016 44 32 de
1590 1027 47 21 av
1658 1015 126 38 depar-

671 1068 281 33 tementsehefen
981 1069 13 31 i
1024 1068 391 37 statsrådsprotokollet
1446 1070 86 29 över
1560 1067 222 32 finansären-

672 1120 71 32 den
763 1121 57 32 för
838 1120 69 32 den
927 1120 19 32 3
966 1120 146 37 januari
1132 1120 79 31 1934
1231 1119 190 32 förordade
1438 1119 189 33 villkoren.

320 1222 206 32 Stockholm
546 1223 66 31 den
631 1224 37 30 11
687 1223 75 37 maj
784 1224 87 33 1934.

714 1326 53 31 På
785 1326 386 36 jordbruksutskottets
1188 1328 155 34 vägnar:

832 1428 35 33 C.
913 1453 7 8 J.
968 1428 262 33 JOHANSSON.

324 1811 55 24 Vid
398 1810 77 25 detta
494 1810 117 25 ärendes
630 1810 231 32 slutbehandling
878 1810 71 24 hava
967 1810 138 24 närvarit:

326 1860 61 28 från
405 1864 112 24 första
536 1863 209 24 kammaren:
774 1863 97 24 herrar
888 1863 171 30 Sederholm,
1077 1863 106 30 August
1202 1862 122 30 Nilsson,
1345 1863 65 24 Carl
1428 1862 145 31 Eriksson,
1599 1862 186 30 Gabrielsson,

283 1907 135 28 Granath,
439 1907 149 31 Tjällgren,
607 1906 160 25 Lindmark
786 1906 54 25 och
858 1906 71 32 Elof
941 1907 177 27 Andersson;
1137 1908 73 22 samt

326 1956 61 28 från
417 1959 106 25 andra
551 1959 211 25 kammaren:
785 1959 99 24 herrar
905 1959 162 25 Johansson
1091 1959 9 23 i
1121 1958 169 32 Uppmälby,
1309 1958 132 25 Hedlund
1459 1959 10 23 i
1489 1958 92 29 Häste,
1602 1958 155 29 Gustafson
1776 1959 9 23 i

283 2003 165 31 Kasenberg,
476 2003 159 25 Andersson
662 2003 10 23 i
701 2002 109 30 Löbbo,
839 2003 161 28 Carlström,
1026 2002 151 32 Gustafson
1196 2003 9 23 i
1224 2002 174 31 Vimmerby,
1418 2002 131 25 Ericsson
1568 2003 8 23 i
1596 2002 116 31 Sörsjön
1729 2002 53 24 och

282 2048 134 24 Karlsson
435 2048 10 23 i
465 2046 161 25 Munkedal.

505 2490 110 19 841479.
659 2485 177 30 Stockholm,
859 2485 78 25 Isaac
960 2485 113 25 Marcus
1096 2484 375 32 Boktryckeri-Aktiebolag,
1497 2485 74 24 1934.
