1920 2788
435 140 390 30 Jordbruksutskottets
845 139 180 31 utlåtande
1045 148 43 21 nr
1108 139 41 30 19
1167 139 40 30 år
1227 138 84 30 1960
1582 138 41 31 33

781 303 179 34 Utskottet

166 402 190 37 Inledning.
390 402 263 31 Lantmäteriets
676 401 149 31 främsta
848 400 259 40 arbetsuppgift
1131 401 38 29 är
1193 402 51 28 att
1267 407 123 32 genom
1414 397 207 41 nybildning

123 462 42 21 av
191 452 206 39 fastigheter
423 452 84 30 eller
535 452 189 39 ändringar
750 452 12 30 i
787 452 68 29 den
882 450 184 40 befintliga
1093 448 414 41 fastighetsindelningen
1536 448 86 31 söka

122 502 134 31 erhålla
281 502 220 40 lämpligaste
527 502 181 40 indelning
734 511 42 21 av
800 501 112 40 dylikt
940 501 73 39 slag
1039 501 79 29 med
1144 500 139 39 hänsyn
1308 500 53 30 till
1387 500 43 30 de
1458 498 163 31 ändamål

122 553 117 30 vartill
262 552 146 31 marken
431 552 178 31 användes
632 552 84 30 eller
738 561 98 22 avses
859 551 191 31 användas.
1075 551 74 30 Inte
1172 550 109 30 minst
1304 550 42 31 de
1369 559 42 21 av
1434 548 188 32 statsmak-

122 605 102 28 terna
244 605 151 38 antagna
414 603 227 39 riktlinjerna
660 602 55 30 för
734 602 228 40 jordbrukets
982 601 65 30 och
1068 600 252 40 skogsbrukets
1340 598 282 40 rationalisering

123 654 166 29 ävensom
318 653 54 30 för
402 652 398 41 samhällsplaneringen
828 652 66 30 och
923 651 316 40 bostadspolitiken
1270 651 117 30 ställer
1416 650 92 39 höga
1535 649 88 30 krav

122 703 46 40 på
194 703 432 39 fastighetsindelningens
651 702 215 40 lämplighet.
893 702 79 30 Med
998 701 139 39 hänsyn
1163 701 120 30 härtill
1310 700 65 30 och
1401 700 54 30 till
1482 699 141 30 utveck-

122 753 119 40 lingen
264 753 12 30 i
300 753 111 40 övrigt
434 753 46 40 på
503 753 148 30 berörda
674 752 168 31 områden
866 752 66 30 har
957 751 200 41 anspråken
1182 751 46 40 på
1252 751 150 30 insatser
1427 750 82 30 från
1534 749 89 31 lant-

123 802 180 31 mäteriets
322 803 75 30 sida
414 805 150 38 stegrats
582 802 113 30 under
713 802 68 30 den
798 802 50 30 tid
867 811 76 21 som
962 801 154 31 förflutit
1136 801 107 30 sedan
1261 801 67 29 den
1346 799 204 31 nuvarande
1567 808 55 21 or-

123 853 243 40 ganisationen
388 854 217 30 fastställdes
627 853 39 30 år
691 853 94 30 1948.
807 852 161 40 Angivna
990 851 247 31 förhållanden
1260 850 65 30 och
1346 851 68 29 den
1437 850 113 30 under
1572 859 51 20 se-

124 913 84 21 nare
230 904 39 30 år
289 904 60 30 allt
369 903 222 31 kännbarare
611 903 134 31 bristen
766 903 45 40 på
829 902 160 30 utbildad
1009 902 163 40 personal
1193 901 65 30 har
1278 902 62 29 lett
1359 901 54 30 till
1434 902 51 29 att
1505 909 43 22 en
1569 909 53 21 ar-

123 953 200 32 betsbalans
346 953 236 41 uppkommit,
604 953 118 31 vilken
745 953 39 30 är
806 952 215 31 besvärande
1044 960 43 22 ur
1110 951 96 31 såväl
1230 951 131 31 allmän
1385 959 77 22 som
1484 949 138 32 enskild

124 1003 192 40 synpunkt.
345 1003 164 40 Uttryckt
538 1003 11 30 i
579 1002 285 31 arbetsmånader
894 1002 56 31 för
978 1002 46 30 all
1052 1002 164 40 personal
1245 1010 61 21 var
1336 1000 286 31 arbetsbalansen

123 1054 58 30 vid
202 1054 175 40 utgången
398 1063 43 21 av
460 1054 41 30 år
523 1053 82 31 1959
625 1054 73 29 inte
718 1053 136 30 mindre
876 1053 45 30 än
941 1062 41 20 ca
1005 1051 39 31 14
1058 1051 63 31 000
1142 1051 179 35 månader,
1342 1051 109 30 vilket
1472 1052 150 28 motsva-

125 1111 57 22 rar
206 1103 148 39 ungefär
378 1102 137 31 femton
539 1102 187 31 månaders
752 1101 268 42 sysselsättning
1045 1101 55 31 för
1124 1101 68 30 den
1217 1101 217 39 tillgängliga
1458 1108 166 32 persona-

119 1154 71 31 len.
213 1154 103 30 Detta
339 1153 193 40 arbetsläge
554 1163 103 21 anser
678 1153 170 30 utskottet
869 1171 45 4 —
936 1152 143 31 särskilt
1100 1152 81 30 med
1203 1151 138 40 hänsyn
1362 1151 54 30 till
1438 1152 51 29 att
1510 1150 112 30 ökade

123 1205 152 30 insatser
300 1204 80 30 från
405 1204 257 30 lantmäteriets
688 1204 77 30 sida
789 1203 160 31 kommer
974 1204 52 29 att
1051 1202 179 31 erfordras
1256 1201 55 30 för
1336 1201 69 30 den
1430 1199 194 41 angelägna

122 1256 93 38 yttre
239 1254 328 40 rationaliseringen
590 1264 42 20 av
653 1253 207 41 jordbruks-
882 1253 67 30 och
974 1252 314 40 skogsfastigheter
1310 1270 43 4 —
1375 1260 86 21 vara
1483 1250 140 40 mycket

122 1304 361 31 otillfredsställande.
504 1304 178 31 Utskottet
704 1304 117 30 finner
841 1304 58 30 det
920 1302 132 35 därför,
1075 1303 129 30 liksom
1225 1300 397 42 departementschefen,

123 1363 85 22 vara
226 1355 180 39 angeläget
424 1357 51 28 att
493 1354 162 40 åtgärder
672 1363 49 21 nu
739 1354 156 39 vidtages
913 1353 56 30 för
988 1355 51 28 att
1056 1352 202 40 ytterligare
1276 1351 241 31 effektivisera
1535 1351 89 30 lant-

124 1404 423 40 mäteriorganisationen.

170 1454 95 31 Även
297 1455 108 30 rikets
438 1455 180 29 allmänna
649 1453 185 31 kartverks
867 1452 298 40 arbetsuppgifter
1196 1452 66 30 har
1294 1451 111 30 under
1440 1450 184 30 1950-talet

126 1504 113 31 starkt
263 1504 187 41 påverkats
474 1513 44 21 av
541 1503 256 41 utvecklingen.
821 1503 105 31 Detta
949 1502 109 41 gäller
1081 1501 129 32 främst
1235 1499 276 33 ämbetsverkets
1535 1499 90 33 foto-

124 1554 271 41 grammetriska
411 1554 235 34 verksamhet,
666 1563 76 21 som
760 1553 45 41 på
822 1553 114 40 grund
956 1562 42 21 av
1017 1552 343 40 fotogrammetriens
1379 1551 246 39 landvinning-

124 1614 40 21 ar
179 1604 100 31 blivit
295 1614 42 21 av
352 1604 266 30 framträdande
635 1603 186 40 betydelse.
838 1603 127 30 Härtill
983 1603 160 29 kommer
1160 1604 51 28 att
1228 1601 252 41 upprättandet
1498 1610 42 21 av
1557 1601 67 30 den

125 1653 231 31 ekonomiska
376 1653 129 30 kartan
526 1655 38 29 är
587 1663 42 21 av
650 1655 74 28 stor
743 1653 74 30 vikt
839 1653 54 30 för
915 1651 241 41 samhälleliga
1178 1652 65 30 och
1265 1651 160 30 enskilda
1446 1650 178 40 uppgifter

125 1704 45 40 på
189 1703 179 36 områden,
390 1704 64 31 där
475 1706 49 28 ett
546 1703 135 36 sådant,
703 1703 184 40 detaljerat
908 1701 253 41 kartunderlag
1179 1701 190 30 erfordras.
1391 1701 161 39 Angivna
1571 1702 54 28 ut-

124 1755 161 39 veckling
307 1754 75 35 har,
407 1755 118 30 såsom
549 1753 386 41 departementschefen
961 1752 128 35 anfört,
1114 1751 154 31 medfört
1291 1751 93 31 vissa
1410 1750 214 40 svårigheter

125 1805 57 30 för
203 1805 201 30 kartverket
427 1807 51 28 att
500 1804 183 39 tillgodose
705 1803 164 31 anmälda
891 1803 113 30 behov
1026 1812 42 21 av
1090 1801 341 40 fotogrammetriskt
1453 1799 171 32 material.

125 1855 73 30 Mot
219 1855 230 39 bakgrunden
469 1854 110 30 härav
600 1855 38 29 är
658 1854 59 30 det
737 1853 106 39 enligt
864 1853 190 30 utskoltets
1076 1852 143 39 mening
1240 1861 42 20 av
1302 1851 146 30 behovet
1469 1850 155 40 påkallat

126 1907 51 28 att
199 1904 108 31 också
327 1905 93 29 vissa
441 1904 99 30 delar
561 1913 43 21 av
624 1903 219 31 kartverkets
866 1902 240 40 organisation
1130 1902 129 30 ändras
1281 1902 12 29 i
1315 1900 309 31 effektiviserande

126 1955 102 39 syfte.

170 2029 75 30 Vad
268 2029 107 39 angår
396 2029 69 30 den
487 2029 12 30 i
520 2028 263 41 propositionen
805 2029 179 38 upptagna
1007 2026 125 40 frågan
1155 2035 58 21 om
1237 2025 323 39 sammanslagning
1583 2033 42 21 av

126 2079 236 30 lantmäteriet
382 2079 66 29 och
469 2078 201 30 kartverket
690 2078 72 30 kan
782 2078 106 38 enligt
909 2076 171 31 utskottet
1101 2078 48 28 ett
1170 2076 117 30 flertal
1309 2075 75 31 skäl
1405 2075 144 30 anföras
1570 2074 55 30 för

126 2139 43 20 en
197 2129 110 30 sådan
335 2128 289 39 sammanföring.
652 2127 112 30 Bland
793 2130 106 27 annat
928 2127 113 30 skulle
1068 2126 206 39 härigenom
1302 2126 122 29 kunna
1451 2125 104 30 ernås
1582 2133 43 21 en

127 2179 120 39 slutlig
269 2178 137 39 lösning
429 2179 46 38 på
497 2179 42 29 de
562 2178 167 39 problem,
754 2186 74 21 som
852 2177 65 29 hör
941 2185 161 21 samman
1125 2176 79 29 med
1229 2178 50 27 att
1302 2175 89 30 båda
1416 2174 209 30 ämbetsver-

127 2229 68 29 ken
219 2229 11 29 i
255 2230 72 28 stor
350 2228 246 38 utsträckning
620 2227 97 29 utför
741 2226 346 39 fotogrammetriska
1111 2225 154 30 arbeten.
1291 2225 13 28 I
1329 2225 96 29 detta
1451 2233 175 21 samman-

126 2278 94 38 hang
241 2278 62 29 bör
323 2277 254 38 understrykas
597 2279 50 27 att
667 2277 68 29 den
755 2276 163 30 tekniska
939 2275 245 38 utvecklingen
1205 2275 96 29 inom
1322 2274 237 29 lantmäteriet
1580 2273 46 30 le-

126 2328 62 29 der
210 2327 52 30 till
285 2329 48 28 ett
356 2327 61 29 allt
439 2326 212 30 intensivare
674 2325 225 39 utnyttjande
922 2334 43 20 av
989 2324 334 39 fotogrammetrien.
1349 2323 122 30 Såsom
1494 2325 48 27 ett
1566 2332 60 20 an-

128 2379 60 28 nat
213 2377 75 29 skäl
311 2377 55 29 för
388 2386 43 20 en
456 2376 109 29 sådan
590 2375 323 38 sammanslagning
937 2383 75 21 som
1036 2383 84 29 nyss
1144 2375 143 28 nämnts
1311 2373 70 30 kan
1405 2373 144 39 angivas
1573 2381 53 21 ar-

156 2442 17 26 3
214 2443 112 30 Bihang
338 2441 47 25 till
395 2442 171 30 riksdagens
576 2441 149 31 protokoll
737 2441 74 24 1960.
833 2441 31 23 10
875 2440 85 24 saml.
980 2442 41 23 Nr
1040 2440 32 23 19
