2269 2734
512 195 20 33 2
686 194 117 34 Andra
826 195 206 34 Kammarens
1057 195 165 46 Tillfälliga
1249 197 127 33 Utskotts
1399 197 75 44 (N:o
1495 200 31 42 1)
1555 198 160 33 Utlåtande
1736 199 62 33 N:o
1821 201 31 30 5.

471 275 229 39 sommarbete,
715 274 286 43 planteringsland
1016 279 86 29 samt
1115 275 53 32 till
1183 275 61 33 och
1258 276 76 32 med
1349 277 224 42 boningsrum,
1589 278 216 42 hvarigenom
1821 278 55 32 det
1887 280 204 32 missförhål-

470 318 98 33 lande
591 318 108 33 skulle
723 318 116 32 kunna
860 322 129 38 uppstå,
1011 322 49 29 att
1081 320 240 33 innehafvaren
1336 320 36 32 af
1384 320 39 33 de
1439 321 155 32 förenade
1610 322 182 40 tjensterna
1806 323 150 41 uppbure
1973 324 118 31 mindre

470 363 58 31 lön
550 368 43 26 än
616 362 72 39 den,
712 372 73 22 som
818 362 118 32 endast
959 368 37 26 är
1019 363 197 40 skollärare;
1250 363 61 32 och
1343 363 176 34 Utskottet
1546 365 87 32 varit
1658 365 12 31 i
1696 365 131 32 tillfälle
1855 367 155 38 inhemta,
2041 371 49 27 att

472 405 179 33 osäkerhet
671 405 178 42 verkligen
871 409 56 39 egt
949 417 74 21 rum
1044 406 59 33 vid
1124 407 198 42 tolkningen
1348 407 36 32 af
1405 408 251 42 ifrågavarande
1685 408 189 42 stadgande,
1898 413 36 29 så
1955 410 51 33 får
2027 410 62 32 Ut-

472 449 127 33 skottet
620 449 172 34 vördsamt
813 449 130 39 föreslå,

673 496 50 30 att
744 492 195 43 Riksdagen
960 493 12 31 i
994 493 207 42 underdånig
1223 494 177 33 skrifvelse
1422 494 53 32 till
1496 494 123 42 Kongl.
1642 495 93 42 Maj:t
1756 498 104 30 måtte
1883 496 130 33 anhålla
2035 508 53 21 om

674 537 65 32 den
764 536 185 42 förklaring
980 537 54 31 till
1063 538 6 41 $
1092 537 20 32 6
1134 548 97 21 mom.
1255 537 19 32 7
1303 538 36 31 af
1368 538 120 42 nådiga
1521 537 147 43 Stadgan
1695 539 168 41 angående
1896 540 193 32 folkunder-

673 580 177 42 visningen
871 580 13 31 i
905 580 106 32 Riket
1033 580 64 33 den
1119 581 40 32 18
1181 581 82 32 Juni
1286 581 91 40 1842,
1402 585 49 29 att
1474 582 71 39 den,
1570 593 71 21 som
1661 583 196 33 inncehafver
1880 583 39 33 de
1933 583 154 33 förenade

673 623 175 33 klockare-
872 624 61 32 och
955 624 374 42 skolläraretjensterna,
1346 626 130 41 uppbär
1499 625 39 32 de
1557 626 51 31 för
1630 626 84 32 båda
1732 627 182 40 tjensterna
1933 628 156 41 anslagna

673 667 244 33 löneförmåner
945 668 203 40 oafkortade,
1173 671 36 29 så
1235 668 78 32 vida
1341 668 39 33 de
1409 670 27 41 ej
1465 669 218 33 tillsammans
1711 670 179 42 öfverstiga
1916 671 120 32 värdet
2058 671 35 32 af

673 711 115 32 femtio
811 714 124 29 tunnor
958 712 158 41 spanmål,
1148 712 184 32 oberäknadt
1353 714 366 42 naturaprestationerna,
1742 716 98 30 såsom
1863 715 136 38 husrum,
2021 715 68 32 ved-

674 756 109 36 brand,
807 754 122 42 kofoder
950 756 54 30 och
1023 756 274 41 planteringsland.

624 830 197 35 Stockholm
843 831 65 34 den
929 831 41 34 25
993 831 163 35 Februari
1178 832 90 32 1867.

1070 944 50 33 På
1141 944 192 33 Utskottets
1355 951 137 37 vägnar:

1160 1032 39 39 A.
1226 1032 38 39 H.
1292 1032 104 40 Fock.

1089 1112 166 30 Utskottets
1278 1112 196 31 Ordförande.

1208 1483 84 41 N:o
1318 1483 40 41 5.

1027 1674 80 29 Ank.
1130 1674 47 29 till
1199 1674 103 29 Riksd.
1325 1675 107 29 Kansli
1455 1675 27 27 d.
1507 1675 37 28 27
1568 1674 89 29 Febr.
1684 1675 88 35 1867,
1796 1674 40 29 kl.
1863 1676 12 26 1
1902 1685 23 18 e.
1949 1684 36 19 m.

677 1793 126 38 Andra
840 1794 231 36 Kammarens
1105 1794 194 46 Tillfälliga
1330 1794 152 36 Utskotts
1522 1794 85 45 (N:o
1634 1796 39 44 1)
1706 1794 185 36 Utlåtande
1917 1794 67 36 N:o
2012 1792 75 45 2,1

825 1855 187 45 anledning
1045 1840 46 58 af
1111 1856 100 34 väckt
1229 1854 140 45 förslag
1396 1855 116 35 derom
1538 1858 50 33 att
1613 1856 60 35 vid
1698 1855 41 35 de
1765 1855 124 43 skolor,
1915 1866 72 25 som
2014 1856 73 34 icke

826 1915 46 44 af
905 1926 87 35 egna
1030 1915 98 36 äldre
1164 1914 127 42 fonder
1329 1915 117 35 kunna
1485 1916 54 35 till
1556 1915 94 44 fullo
1678 1914 152 37 bestrida
1855 1915 233 35 kostnaderna

817 1974 68 45 för
903 1975 172 45 städning,
1094 1976 65 35 ved
1184 1976 61 35 och
1271 1975 77 45 ljus,
1369 1976 67 35 den
1461 1976 271 44 uppkommande
1753 1975 130 36 bristen
1902 1975 58 35 må
1971 1974 115 46 fyllas

826 2035 48 44 af
894 2036 41 36 de
960 2037 41 35 så
1027 2036 136 36 kallade
1190 2035 363 46 termins-afgifterna.

625 2169 59 34 Uti
706 2181 43 22 en
769 2170 54 33 till
844 2170 176 34 Utskottet
1034 2171 226 33 öfverlemnad
1281 2171 135 39 motion,
1433 2171 60 32 N:o
1510 2171 49 38 89,
1576 2171 139 32 föreslår
1730 2171 90 32 Herr
1841 2171 34 31 J.
1888 2171 35 31 J.
1935 2171 154 42 Magnell:

675 2218 58 34 att,
756 2214 52 32 till
829 2215 198 32 minskande
1050 2215 36 32 af
1103 2215 229 41 lärjungarnes
1354 2215 52 32 för
1426 2218 143 38 mången
1590 2215 173 32 kännbara
1775 2214 245 38 omkostnader,
2034 2213 55 32 det

675 2259 103 31 måtte
800 2258 201 33 bestämmas
1023 2261 57 36 att,
1105 2269 55 21 om
1182 2269 83 31 egna
1286 2258 139 32 kassans
1448 2258 104 41 öfriga
1573 2257 109 33 medel
1704 2258 28 41 ej
1756 2258 104 31 räcka
1880 2257 54 32 till
1956 2260 48 29 att
2016 2257 72 31 der-

674 2300 77 32 med
772 2301 141 33 bekosta
935 2302 40 33 de
998 2301 136 33 dermed
1156 2301 134 33 afsedda
1312 2301 204 38 ändamålen,
1540 2301 127 32 bristen
1688 2304 56 30 må
1764 2301 101 42 fyllas
1887 2300 36 33 af
1934 2300 153 32 termins-

675 2343 186 43 afgifterna.
