1870 2834
287 124 18 30 6
684 128 124 30 Första
830 128 236 36 lagutskottets
1089 128 176 31 utlåtande
1286 129 49 30 Nr
1359 130 49 29 18.

327 209 55 25 Vid
404 209 77 26 detta
505 210 119 24 ärendes
646 209 176 33 behandling
844 210 38 25 ha
904 209 137 26 närvarit:

324 259 67 26 från
428 260 134 25 första
599 260 177 25 kammaren:
805 261 99 24 herrar
931 257 151 34 Åkerman,
1110 261 147 31 Klefbeck,
1283 261 150 31 Velander,
1462 261 64 26 Otto
1557 262 152 32 Wangson,
1736 263 54 25 Ek-

292 304 131 30 strömer,
444 302 204 32 Henriksson",
669 303 137 25 Karlsson
830 303 8 24 i
861 303 138 32 Gillberga
1023 304 54 24 och
1101 304 106 25 Verner
1230 304 193 30 Andersson";

328 361 67 26 från
419 362 125 25 andra
568 362 177 25 kammaren:
772 363 100 24 herrar
897 363 129 31 Linnér",
1051 363 116 25 Nilsson
1193 363 9 24 i
1226 364 105 24 Antnäs
1358 364 53 24 och
1435 364 134 25 Hedlund
1594 363 9 25 i
1627 361 166 34 Östersund,

291 404 48 25 fru
358 402 119 28 Östlund
494 407 74 22 samt
584 405 98 24 herrar
700 405 102 25 Olsson
820 405 8 24 i
843 405 153 30 Rimforsa,
1014 405 143 33 Lindberg
1178 406 4 24 i
1198 405 114 31 Umeå",
1329 406 165 25 Johansson
1511 406 8 25 i
1535 407 72 24 Bro"
1626 407 54 24 och
1695 407 97 32 Berg”.

329 487 25 32 +)
379 488 35 32 Ej
433 489 178 24 närvarande
630 489 46 25 vid
696 488 175 26 utlåtandets
891 489 145 32 justering.

859 855 372 35 Reservation

340 961 43 21 av
408 952 120 30 herrar
552 947 184 44 Åkerman,
763 953 179 38 Klefbeck,
970 954 77 30 Otto
1076 954 174 37 Wangson
1272 955 68 29 och
1367 955 164 31 Hedlund
1556 955 11 30 i
1595 950 201 42 Östersund,

295 1002 59 31 fru
373 997 146 37 Östlund
537 1006 90 27 samt
640 1004 123 30 herrar
781 1004 173 38 Lindberg
979 1005 3 29 i
1000 1004 109 31 Umeå
1126 1006 67 29 och
1213 1006 97 37 Berg,
1328 1005 94 31 vilka
1440 1006 129 30 anfört:

342 1070 131 30 »Sedan
492 1070 114 36 någon
626 1071 49 30 tid
695 1071 145 30 tillbaka
862 1072 63 29 har
945 1081 82 21 man
1048 1072 11 30 i
1080 1072 150 31 avbidan
1251 1072 46 37 på
1319 1073 67 31 den
1408 1074 176 30 allmänna
1606 1074 190 36 strafflags-

293 1120 174 31 reformen
492 1121 124 30 beträtt
642 1122 41 30 de
708 1121 159 36 partiella
893 1122 231 31 reformernas
1151 1124 73 35 väg.
1274 1123 132 31 Därvid
1432 1124 45 30 ha
1504 1124 139 36 givetvis
1670 1125 126 30 utvalts

293 1170 178 37 områden,
496 1172 63 29 där
583 1172 144 30 behovet
752 1181 43 21 av
820 1172 202 37 lagändring
1047 1172 91 38 gjort
1163 1173 50 37 sig
1238 1175 149 29 starkast
1412 1174 158 36 gällande
1595 1175 65 30 och
1686 1175 111 30 tillika

293 1231 69 27 nya
389 1222 312 36 lagbestämmelser
727 1225 85 28 utan
839 1226 49 27 att
914 1223 172 36 föregripa
1112 1224 66 30 den
1205 1224 177 31 allmänna
1409 1225 174 30 reformen
1610 1225 187 36 lämpligen

292 1273 137 29 kunnat
446 1271 133 38 infogas
599 1272 10 31 i
628 1273 55 30 det
701 1274 203 29 nuvarande
923 1274 257 36 straffrättsliga
1199 1277 170 34 systemet.
1414 1274 120 31 Såsom
1554 1285 42 21 av
1615 1277 182 29 utskottets

293 1323 215 35 redogörelse
524 1323 154 36 framgår
695 1324 63 30 har
777 1324 123 36 Kungl.
920 1324 99 37 Maj:t
1036 1326 327 34 uppmärksammat
1380 1326 145 30 behovet
1544 1336 41 20 av
1604 1336 42 20 en
1664 1326 133 37 utvidg-

293 1372 85 37 ning
401 1383 42 20 av
465 1374 135 30 försöks
623 1374 235 30 straffbarhet.
908 1374 119 37 Någon
1050 1375 186 37 anledning
1260 1379 49 27 att
1332 1376 139 37 utbryta
1496 1377 66 30 den
1586 1376 11 31 i
1621 1377 177 30 motionen

294 1423 194 31 framförda
513 1424 231 37 detaljfrågan
769 1424 97 30 inom
891 1425 295 31 försöksområdet
1211 1426 51 30 till
1287 1426 149 31 särskild
1461 1427 210 36 behandling
1697 1437 100 27 synes

293 1483 56 21 oss
368 1474 75 30 icke
461 1474 173 37 föreligga.
677 1475 165 30 Tvärtom
861 1475 190 31 förefinnas
1070 1475 172 37 åtskilliga
1260 1477 313 36 brottskategorier,
1594 1478 62 30 där
1676 1479 121 29 avsak-

294 1525 116 29 naden
431 1534 41 21 av
493 1525 103 30 straff
616 1525 56 30 för
692 1525 120 31 försök
834 1526 97 30 torde
952 1526 73 30 förr
1045 1526 86 31 böra
1151 1528 339 35 uppmärksammas.

339 1575 15 29 I
381 1578 142 27 motsats
550 1575 51 31 till
627 1575 368 37 utskottsmajoriteten
1021 1577 121 30 kunna
1169 1577 33 30 vi
1229 1577 75 31 icke
1332 1577 99 31 finna
1458 1581 49 27 att
1534 1578 56 31 det
1617 1578 181 36 föreligger

294 1624 106 37 något
423 1627 159 29 närmare
607 1627 169 29 samband
801 1627 128 30 mellan
953 1627 310 31 menedsinstitutet
1287 1628 66 30 och
1378 1628 42 31 de
1443 1627 38 31 år
1507 1629 83 30 1935
1615 1628 183 31 tillkomna

294 1676 236 36 stadgandena
548 1676 11 30 i
580 1677 36 29 11
638 1677 78 36 kap.
737 1678 20 29 8
776 1675 20 40 $
816 1677 212 36 strafflagen,
1049 1677 93 31 vilka
1161 1687 79 22 avse
1259 1678 190 31 fridsbrott.
1493 1679 306 37 Förefintligheten

294 1735 43 22 av
356 1729 46 28 ett
420 1726 122 31 sådant
561 1727 169 30 samband
748 1728 64 30 har
831 1727 30 37 ej
882 1728 105 30 heller
1003 1728 107 36 gjorts
1128 1729 158 35 gällande
1304 1728 11 31 i
1333 1729 186 31 motionen.

340 1777 75 30 Den
432 1786 41 21 av
488 1778 368 37 utskottsmajoriteten
874 1778 193 37 föreslagna
1084 1779 248 36 utvidgningen
1350 1789 42 21 av
1410 1780 68 30 den
1494 1780 11 30 i
1522 1780 176 30 motionen
1716 1780 81 31 ifrå-

294 1830 133 33 gasatta
450 1827 256 37 lagstiftningen
729 1828 51 30 till
803 1831 49 27 att
875 1838 78 21 avse
976 1829 102 30 straff
1100 1829 131 37 jämväl
1254 1830 54 30 för
1330 1830 120 30 försök
1473 1833 47 27 att
1544 1830 114 31 förmå
1681 1840 119 21 annan

295 1879 46 29 än
367 1878 105 31 vittne
498 1881 48 28 att
572 1878 92 31 inför
690 1879 203 36 myndighet
920 1879 119 36 avgiva
1065 1879 126 37 oriktig
1216 1883 131 33 utsaga,
1375 1880 97 30 torde
1498 1881 54 30 för
1579 1881 110 36 övrigt
1715 1891 83 21 vara

294 1927 138 32 mindre
453 1928 142 37 lämplig
616 1929 107 30 redan
745 1929 46 36 på
814 1930 68 30 den
903 1930 120 35 grund,
1047 1932 49 28 att
1119 1931 204 35 spörsmålet
1346 1940 58 20 om
1427 1931 253 36 sanningsplikt
1703 1933 95 29 över-

294 1979 123 30 huvud
439 1979 56 30 vid
517 1979 189 37 avgivande
729 1989 43 21 av
794 1982 122 34 utsaga
938 1980 92 30 inför
1052 1980 160 37 offentlig
1234 1980 203 37 myndighet
1460 1982 95 29 ännu
1578 1981 75 31 icke
1676 1982 123 30 vunnit

295 2029 54 31 sin
373 2029 143 37 lösning.

340 2079 50 31 På
408 2080 110 36 grund
537 2089 42 21 av
597 2080 67 30 vad
683 2079 148 32 sålunda
850 2081 131 30 anförts
1001 2080 36 31 få
1056 2080 34 31 vi
1109 2081 192 36 hemställa,

650 2167 47 27 att
726 2164 227 31 förevarande
980 2164 133 31 motion
1141 2164 75 31 icke
1243 2164 105 32 måtte
1376 2165 51 30 till
1455 2165 113 37 någon
1596 2166 202 37 riksdagens

605 2213 120 37 åtgärd
752 2215 210 30 föranleda.»

519 2480 107 25 366537,
665 2480 176 30 Stockholm,
862 2481 80 24 Isaac
960 2481 113 25 Marcus
1092 2481 378 33 Boktryckeri-Aktiebolag,
1492 2483 75 24 1936.
