1888 2778
284 209 19 29 4
711 205 104 26 Andra
833 202 217 36 lagutskottets
1069 199 162 29 utlåtande
1248 208 39 19 nr
1305 200 46 26 26.

282 296 112 31 skulle
418 298 64 38 äga
506 295 222 40 tillämpning
751 295 19 30 å
793 294 95 39 varje
912 292 231 36 verksamhet,
1169 289 74 31 vari
1266 290 241 37 arbetstagare
1529 286 181 31 användes
1731 283 55 32 till

283 351 122 29 arbete
420 350 58 30 för
495 350 258 38 arbetsgivares
770 348 161 38 räkning.
949 346 123 31 Såsom
1090 346 76 29 skäl
1187 344 58 30 för
1262 344 118 37 lagens
1399 340 224 39 utformning
1639 340 10 29 i
1668 340 116 29 denna

286 404 55 29 del
361 404 138 38 yttrade
519 402 214 31 kommittén
752 402 45 29 bl.
819 411 29 20 a.
871 400 173 39 följande:

331 465 80 31 Med
435 465 139 38 hänsyn
598 464 52 30 till
674 464 69 29 den
766 461 294 39 allmängiltighet
1084 461 68 29 och
1177 457 226 39 omfattning,
1431 466 76 21 som
1531 465 84 20 man
1638 463 150 21 numera

284 509 60 31 vill
372 510 78 38 giva
478 509 35 31 åt
539 506 558 41 arbetarskyddslagstiftningen,
1124 505 68 29 och
1219 504 44 29 de
1289 503 86 29 krav
1404 501 46 39 på
1475 504 51 27 att
1552 501 117 29 denna
1696 499 90 29 skall

284 554 130 31 bereda
438 553 184 39 möjlighet
647 553 52 29 till
725 551 240 39 avhjälpande
989 560 43 20 av
1056 549 100 38 varje
1180 546 323 35 missförhållande,
1528 544 86 31 varå
1637 543 150 39 lagstift-

284 598 132 39 ningen
436 599 65 29 har
523 598 184 35 avseende,
729 599 135 28 oavsett
884 595 99 30 inom
1002 594 119 30 vilken
1141 593 226 30 verksamhet
1389 592 198 29 detsamma
1609 589 179 30 förekom-

285 653 85 26 mer,
387 644 67 29 har
467 643 212 30 kommittén
696 644 114 28 ansett
828 641 51 38 sig
896 641 87 29 böra
1000 638 131 31 föreslå
1148 647 43 21 en
1209 636 208 39 utvidgning
1436 645 42 20 av
1496 633 290 38 arbetarskydds-

286 688 121 38 lagens
431 685 401 40 tillämpningsområde.
860 685 132 29 Därvid
1018 684 66 29 har
1109 681 216 31 kommittén
1350 680 9 30 i
1387 680 94 38 syfte
1505 682 51 26 att
1582 677 135 31 erhålla
1745 685 43 21 en

285 732 232 39 allmängiltig
537 731 227 38 tillämpning
782 740 42 20 av
843 730 103 37 lagen
965 728 129 35 funnit,
1115 730 50 27 att
1188 727 42 29 de
1249 726 10 30 i
1280 727 102 36 lagen
1403 724 162 30 använda
1585 723 204 37 begreppen

289 777 169 29 »rörelse»
481 777 66 29 och
571 775 163 30 »särskilt
754 774 276 37 arbetsföretag»
1055 771 193 38 lämpligen
1268 771 86 29 böra
1374 769 149 30 ersättas
1543 768 81 29 med
1645 767 145 37 begrep-

284 825 60 34 pet
363 821 276 30 »verksamhet»>.
657 819 216 38 Härigenom
890 818 102 30 torde
1007 818 123 28 kravet
1147 815 45 39 på
1208 813 296 39 allmängiltighet
1518 813 78 29 bäst
1611 811 94 30 bliva
1721 810 69 30 till-

284 865 163 38 godosett
472 866 66 29 och
563 865 181 29 dessutom
768 863 133 35 vinnes,
930 865 50 27 att
1004 871 85 20 man
1112 861 32 38 ej
1169 860 156 29 behöver
1346 858 135 34 befara,
1507 860 50 26 att
1583 855 82 30 från
1688 856 104 37 lagen

286 911 170 29 uteslutes
472 909 117 39 någon
606 908 237 35 verksamhet,
864 906 84 31 varå
965 908 121 36 lagens
1102 903 227 39 tillämpning
1347 902 10 30 i
1376 901 143 31 särskilt
1535 900 64 30 fall
1615 901 73 28 kan
1706 908 84 21 vara

284 964 45 20 av
352 955 150 29 behovet
527 953 178 39 påkallad.
732 952 134 30 Genom
890 951 190 30 införande
1104 959 43 20 av
1171 947 438 38 verksamhetsbegreppet
1634 945 158 29 behöver

287 999 33 38 ej
339 999 111 30 heller
466 997 128 40 uppstå
611 998 141 34 tvekan,
771 996 176 30 huruvida
966 1004 43 20 en
1029 994 227 30 verksamhet
1273 993 40 28 är
1330 990 242 31 underkastad
1592 990 113 37 lagen,
1724 983 67 46 och

287 1044 113 31 skulle
416 1043 107 38 något
538 1044 73 37 slag
629 1052 43 20 av
688 1041 227 31 verksamhet
932 1040 211 33 tillkomma,
1161 1037 69 30 blir
1248 1038 67 29 den
1332 1034 233 32 automatiskt
1582 1032 209 39 inbegripen

288 1089 115 29 under
420 1088 112 38 lagen,
551 1086 122 31 såvida
691 1086 78 30 icke
787 1085 275 30 verksamheten
1078 1084 75 28 kan
1170 1081 172 30 hänföras
1360 1080 53 30 till
1432 1078 122 35 sådan,
1575 1087 76 20 som
1672 1078 41 29 är
1731 1086 60 20 un-

289 1134 178 37 dantagen
488 1131 80 30 från
587 1132 121 38 lagens
727 1129 237 39 tillämpning.

334 1193 81 30 Med
434 1190 188 32 införande
644 1198 42 21 av
708 1185 242 41 nyssnämnda
973 1184 156 38 begrepp
1152 1181 118 31 såsom
1292 1189 103 21 norm
1416 1179 60 30 för
1496 1179 122 37 lagens
1639 1176 152 37 tillämp-

289 1235 253 41 ningsområde
562 1233 117 39 följer,
702 1235 50 27 att
774 1232 104 37 lagen
899 1229 70 30 blir
992 1227 187 38 tillämplig
1202 1226 19 30 å
1245 1225 96 30 såväl
1364 1223 139 31 enskild
1527 1231 77 21 som
1627 1220 165 37 offentlig

292 1282 235 31 verksamhet.
556 1277 216 32 Kommunal
801 1276 66 29 och
894 1273 119 38 statlig
1038 1271 238 34 verksamhet,
1305 1279 75 20 som
1407 1268 125 30 endast
1559 1266 11 30 i
1595 1264 199 40 begränsad

292 1326 212 38 omfattning
522 1323 196 39 inbegripes
736 1321 110 30 under
865 1319 160 40 gällande
1045 1318 65 38 lag,
1130 1317 159 28 kommer
1307 1313 148 31 sålunda
1473 1315 49 27 att
1540 1312 71 29 helt
1629 1310 168 30 omfattas

291 1382 43 20 av
353 1372 68 30 den
439 1379 69 30 nya
526 1370 112 37 lagen.
657 1367 59 29 Ett
734 1366 130 29 villkor
881 1364 58 29 för
956 1364 121 37 lagens
1093 1359 227 39 tillämpning
1338 1359 40 29 är
1396 1355 207 36 emellertid,
1625 1357 51 28 att
1694 1354 99 29 verk-

293 1416 186 30 samheten
504 1415 40 29 är
567 1411 163 31 bestämd
755 1420 42 20 av
824 1411 48 28 ett
898 1406 227 32 förhållande
1149 1404 134 30 mellan
1307 1401 239 39 arbetsgivare
1570 1400 68 29 och
1664 1399 131 29 arbets-

293 1463 131 36 tagare.
448 1459 118 38 Lagen
590 1458 85 37 äger
695 1454 137 31 således
852 1452 109 38 enligt
983 1450 245 37 huvudregeln
1251 1448 79 29 icke
1354 1445 227 38 tillämpning
1602 1443 47 39 på
1670 1442 126 30 sådant

294 1505 75 39 slag
390 1513 43 21 av
454 1501 237 34 verksamhet,
715 1508 76 21 som
815 1498 32 38 ej
869 1497 145 29 beröres
1036 1505 42 20 av
1101 1497 49 27 ett
1174 1492 113 40 dylikt
1309 1488 356 33 arbetsförhållande.
1688 1487 108 29 Verk-

295 1549 149 34 samhet,
469 1557 76 21 som
570 1546 126 29 utövas
722 1553 42 21 av
791 1542 125 30 endast
941 1540 243 30 innehavaren
1210 1537 99 38 själv,
1336 1536 106 29 faller
1466 1532 226 40 följaktligen
1719 1531 78 30 icke

297 1594 114 30 under
429 1593 111 37 lagen.

340 1646 119 38 Enligt
480 1643 233 31 kommitténs
733 1640 143 38 mening
901 1639 195 38 inrymmes
1118 1636 115 30 under
1255 1635 191 38 begreppet
1470 1631 226 31 verksamhet
1719 1629 78 30 icke

296 1691 124 30 endast
442 1689 98 39 varje
558 1685 254 41 yrkesmässigt
831 1683 169 31 bedriven
1021 1681 226 30 verksamhet
1269 1682 87 27 utan
1376 1677 133 39 jämväl
1529 1678 110 27 annat
1661 1675 73 37 slag
1755 1682 44 21 av

296 1734 225 31 verksamhet
544 1733 85 30 eller
648 1731 131 35 arbete,
800 1730 67 29 och
889 1729 96 29 detta
1009 1727 88 29 även
1119 1735 60 20 om
1199 1723 274 31 verksamheten
1494 1721 84 29 eller
1600 1719 135 30 arbetet
1760 1718 42 29 är

299 1791 42 19 av
358 1779 138 31 relativt
512 1776 156 38 tillfällig
683 1777 115 28 natur.
816 1774 71 29 För
902 1775 50 27 att
968 1772 102 37 lagen
1086 1770 91 30 skall
1193 1778 85 20 vara
1295 1767 187 37 tillämplig
1498 1764 46 39 på
1560 1773 44 21 en
1621 1764 178 29 verksam-

298 1825 59 29 het
379 1823 205 30 förutsättes
607 1820 135 30 således
764 1818 88 35 icke,
877 1820 51 27 att
953 1815 273 31 verksamheten
1250 1812 89 30 skall
1363 1810 162 31 bedrivas
1548 1807 254 40 yrkesmässigt

299 1870 87 29 eHer
401 1867 115 31 såsom
534 1865 129 38 näring
681 1864 84 30 eller
780 1866 50 27 att
846 1863 69 29 den
933 1861 90 30 skall
1040 1860 46 29 ha
1103 1868 45 21 en
1163 1858 70 30 viss
1250 1855 217 38 omfattning
1483 1854 66 30 och
1566 1852 235 38 varaktighet.

298 1909 97 34 Även
412 1913 11 29 i
440 1913 57 29 det
514 1911 73 35 fall,
606 1909 46 31 då
669 1911 47 28 ett
734 1908 120 30 arbete
870 1907 42 29 är
927 1915 42 20 av
988 1901 282 33 förhållandevis
1288 1899 181 38 kortvarig
1487 1901 116 31 natur,
1620 1898 66 29 bör
1702 1896 98 30 arbe-

297 1956 296 39 tarskyddslagen
610 1954 11 30 i
639 1952 195 31 allmänhet
853 1952 65 37 äga
936 1947 237 39 tillämpning.
1193 1946 147 30 Särskilt
1359 1945 41 29 är
1418 1944 94 29 detta
1532 1952 43 20 av
1592 1941 181 39 betydelse
1791 1939 11 30 i

299 2001 104 39 fråga
423 2010 59 21 om
503 2001 122 36 lagens
642 1996 268 31 bestämmelser
929 1994 54 30 till
1001 1991 267 40 förebyggande
1287 1999 42 20 av
1352 1988 123 30 ohälsa
1496 1987 69 30 och
1584 1985 189 39 olycksfall
1793 1984 11 29 i

300 2046 133 30 arbete.

346 2103 75 29 Mot
440 2104 52 27 att
510 2099 118 31 införa
648 2097 192 37 begreppet
863 2091 227 31 verksamhet
1110 2090 68 29 har
1196 2088 80 30 icke
1295 2087 109 39 gjorts
1424 2084 117 39 någon
1564 2083 144 31 erinran
1729 2082 11 30 i
1761 2082 45 30 de

301 2146 203 40 yttranden,
528 2153 76 21 som
630 2140 148 39 avgivits
803 2138 53 31 till
879 2135 215 31 kommittén
1119 2135 85 28 över
1229 2133 57 29 det
1311 2130 230 39 preliminära
1565 2127 239 39 lagförslaget.

303 2192 101 30 Dock
431 2191 66 29 har
519 2187 216 38 ifrågasatts,
759 2182 177 31 huruvida
961 2180 108 30 bland
1093 2181 111 27 annat
1227 2179 48 27 ett
1297 2174 169 38 tillfälligt
1491 2172 316 40 byggnadsarbete,

303 2245 77 21 som
401 2235 163 30 bedreves
586 2241 43 20 av
650 2240 44 20 en
713 2227 136 31 enskild
869 2235 137 30 person,
1028 2223 117 30 kunde
1166 2230 101 22 anses
1290 2218 192 40 inbegripet
1501 2218 112 29 under
1635 2216 171 39 ifrågava-

303 2280 109 30 rande
436 2280 150 37 begrepp
612 2275 67 30 och
703 2283 58 20 om
787 2272 31 38 ej
843 2271 80 29 med
947 2270 139 37 hänsyn
1111 2266 120 31 härtill
1256 2264 174 39 uttrycket
1459 2263 152 29 »arbete>
1640 2260 167 39 möjligen

306 2334 84 21 vore
411 2321 218 39 lämpligare.
654 2319 80 30 Med
757 2318 66 29 den
846 2314 219 31 vidsträckta
1086 2310 174 39 tolkning,
1284 2319 75 20 som
1381 2307 213 30 kommittén
1617 2305 108 39 enligt
1749 2305 58 29 det

306 2378 93 21 ovan
422 2367 152 31 anförda
594 2362 153 33 föreslår
764 2362 88 29 böra
872 2359 96 39 givas
988 2359 192 37 begreppet
1202 2353 236 35 verksamhet,
1460 2361 105 21 anser
1584 2345 224 46 kommittén,

308 2416 50 27 att
376 2412 120 39 någon
511 2410 131 31 tvekan
660 2417 60 21 om
738 2409 50 28 att
805 2406 103 37 lagen
928 2404 85 37 äger
1030 2399 227 40 tillämpning
1277 2397 46 40 på
1339 2396 304 40 byggnadsarbete
1664 2395 12 29 i
1694 2393 114 39 dylikt

307 2458 65 30 fall
388 2457 79 30 icke
482 2455 156 30 behöver
654 2450 182 39 föreligga,
855 2449 168 29 förutsatt
1040 2449 50 27 att
1109 2445 136 30 arbetet
1262 2444 40 28 är
1318 2442 151 30 bestämt
1487 2450 43 20 av
1550 2443 48 27 ett
1616 2437 190 32 arbetsför-

308 2501 169 31 hållande
493 2500 10 30 i
522 2499 123 38 lagens
663 2495 154 38 mening.
