1926 2846
326 165 17 28 2
649 167 397 35 Jordbruksutskottets
1072 171 189 32 utlåtande
1287 174 53 30 Nr
1361 174 54 30 25.

282 240 117 33 slakta
420 244 209 31 annorledes
651 247 46 28 än
718 245 12 30 i
750 246 147 31 särskilt
919 247 56 30 för
996 248 205 32 ändamålet
1220 249 154 32 inrättat
1394 254 63 28 och
1479 253 56 30 till
1556 254 151 31 allmänt
1726 255 56 31 be-

282 287 188 34 gsagnande
508 287 164 35 upplåtet
712 288 172 33 slakthus.
936 290 212 33 Införandet
1177 293 21 30 å
1228 293 73 32 viss
1320 295 58 29 ort
1398 305 46 20 av
1464 295 318 39 köttbesiktnings-

281 331 93 28 samt
393 329 279 37 slakthustvång
691 334 40 28 är
752 332 170 33 beroende
942 344 46 21 av
1008 335 271 37 framställning
1299 337 81 31 från
1403 339 265 33 vederbörande
1687 342 93 31 kom-

281 372 145 31 munala
448 373 222 38 myndighet,
692 375 121 32 vilken
837 376 271 38 framställning
1128 381 130 33 prövas
1280 391 47 20 av
1351 380 132 38 Kungl.
1507 382 129 37 Maj:ts
1658 384 122 33 befall-

280 415 283 37 ningshavande,
584 428 74 21 som
679 419 124 31 vidare
823 419 66 31 har
909 422 53 30 att
982 422 148 31 utfärda
1151 424 236 35 erforderliga
1408 425 237 33 föreskrifter.
1685 428 17 30 I
1723 428 18 37 $
1763 431 20 29 6

280 469 46 20 av
349 460 156 32 nämnda
530 460 62 36 lag
614 462 146 35 stadgas
784 463 228 33 beträffande
1035 466 197 36 stämpling
1255 477 47 20 av
1326 468 194 37 besiktigat
1545 470 89 36 kött,
1661 472 82 36 dels,
1768 474 13 28 i

280 512 102 21 mom.
405 504 28 35 1,
456 506 53 29 att
531 505 130 31 sådant
684 505 87 38 kött,
794 516 74 21 som
889 508 61 31 vid
972 508 249 37 besiktningen
1245 511 118 31 finnes
1387 522 87 21 vara
1498 514 57 30 till
1578 515 201 31 människo-

284 545 80 31 föda
385 546 158 38 tjänligt,
564 548 92 31 skall
677 558 124 25 genom
822 551 188 32 åsättande
1030 562 47 21 av
1098 554 147 35 stämpel
1269 555 188 32 betecknas
1476 560 116 29 såsom
1612 554 171 45 godkänt,

281 589 82 37 dels,
389 590 5 30 i
415 600 101 22 mom.
535 592 28 35 2,
583 593 64 35 att,
668 593 45 30 då
732 593 61 31 vid
812 593 250 38 besiktningen
1081 598 182 31 anträffas
1281 598 88 37 kött,
1389 609 73 21 som
1483 600 92 33 först
1594 602 92 31 efter
1706 605 74 28 sär-

279 633 94 32 skild
395 633 219 38 behandling
635 636 71 31 kan
728 637 218 38 godkännas,
967 639 115 32 köttet
1106 641 101 35 skall,
1231 641 111 32 innan
1367 643 57 30 det
1447 645 182 36 stämplas,
1654 655 125 26 genom

283 677 393 36 besiktningsmannens
711 680 139 36 försorg
881 682 64 30 och
975 683 113 31 under
1119 684 90 32 hans
1230 685 156 31 kontroll
1407 687 161 36 undergå
1590 690 112 30 sådan
1724 689 54 32 be-

281 720 182 36 handling.
503 721 176 33 Närmare
699 724 261 32 bestämmelser
980 726 13 30 i
1012 729 120 30 ämnet
1152 730 61 28 äro
1233 729 109 35 givna
1363 730 12 30 i
1395 730 238 35 kungörelsen
1654 733 66 31 den
1740 735 39 29 10

279 763 144 31 oktober
443 765 78 30 1913
545 764 56 35 (nr
620 765 73 37 240)
715 768 79 31 med
814 769 177 32 särskilda
1013 771 227 31 föreskrifter
1260 782 56 21 om
1336 773 207 37 besiktning
1562 775 65 31 och
1648 778 131 34 stämp-

279 806 77 37 ling
374 818 46 20 av
441 808 77 31 kött
538 819 44 21 m.
603 819 46 22 m.
670 811 112 36 enligt
804 811 255 33 förutnämnda
1081 814 74 36 lag;
1178 815 62 30 och
1262 816 92 31 skall
1374 817 112 36 enligt
1508 818 115 31 denna
1644 819 133 36 kungö-

281 851 86 31 relse
386 851 108 32 bland
515 855 113 29 annat
648 855 173 35 stämplar
841 865 45 20 av
906 856 95 31 olika
1022 858 147 31 särskilt
1190 859 158 35 angivna
1369 862 192 30 utseenden
1580 859 200 44 användas,

279 894 234 32 allteftersom
533 896 114 32 köttet
668 899 40 28 är
728 899 54 30 att
803 898 153 32 hänföra
976 900 56 31 till
1053 911 66 21 ena
1140 902 85 31 eller
1245 903 114 31 andra
1381 914 46 20 av
1448 905 245 32 ovanberörda
1715 908 62 30 tva

278 937 78 36 slag
377 948 46 21 av
446 938 87 32 kött.
576 940 58 31 Av
655 941 156 32 motiven
834 943 57 30 till
914 943 281 35 ifrågavarande
1218 946 223 36 stadganden
1464 948 173 36 framgår,
1660 951 52 30 att
1734 950 45 31 de

278 981 95 31 olika
393 983 221 36 stämplarna
633 985 126 31 endast
777 986 115 30 skulle
912 997 87 21 vara
1019 989 157 31 avsedda
1196 990 53 30 att
1268 990 133 35 angiva
1421 1001 42 20 en
1481 991 192 37 hygienisk
1692 994 84 30 kva-

279 1024 333 39 litetsbestämning,
638 1028 157 32 däremot
821 1029 76 31 icke
922 1040 131 22 varans
1077 1031 270 33 handelsvärde.

317 1068 125 37 Enligt
460 1068 18 38 $
496 1070 18 30 9
532 1080 47 20 av
598 1071 234 32 förenämnda
851 1073 61 36 lag
928 1074 66 31 den
1013 1075 37 30 10
1068 1075 145 31 oktober
1232 1077 77 30 1913
1329 1077 214 33 tillkommer
1564 1080 58 31 det
1642 1075 134 46 Kunegl.

280 1112 106 36 Maj:t
403 1114 55 29 att
476 1114 148 31 utfärda
643 1115 225 32 föreskrifter
886 1118 152 31 rörande
1056 1119 156 31 kontroll
1228 1130 46 20 av
1291 1121 88 35 kött,
1397 1132 73 21 som
1489 1122 136 33 införes
1643 1124 12 30 i
1674 1124 101 31 riket.

276 1156 272 32 Bestämmelser
581 1158 11 30 i
626 1159 97 31 detta
756 1162 101 29 ämne
889 1161 93 31 hava
1004 1162 182 32 utfärdats
1208 1173 125 25 genom
1355 1165 66 30 den
1443 1176 45 20 av
1509 1167 264 31 motionärerna

276 1200 237 32 omförmälda
533 1201 257 37 förordningen
808 1214 46 20 av
872 1204 66 31 den
956 1205 38 30 30
1012 1207 197 34 september
1227 1207 77 31 1921
1324 1206 57 36 (nr
1399 1207 71 37 581)
1490 1211 185 34 angående
1692 1211 82 31 kon-

277 1244 83 30 troll
377 1244 61 31 vid
456 1244 148 32 införsel
623 1246 56 30 till
696 1246 94 31 riket
806 1257 46 20 av
869 1248 186 31 köttvaror
1072 1250 64 30 och
1154 1250 162 38 djurfett,
1334 1251 121 32 vilken
1474 1253 214 36 förordning
1705 1256 69 29 trä-

277 1283 60 34 der
358 1287 11 31 i
390 1287 99 32 kraft
510 1289 66 30 den
595 1290 18 29 1
632 1289 67 36 juli
719 1290 87 31 1922.
846 1290 18 31 I
884 1291 224 33 sistnämnda
1130 1294 211 36 förordning
1358 1295 66 31 har
1444 1296 162 36 inryckts
1626 1297 148 31 bestäm-

275 1331 106 30 melse
406 1331 132 37 därom,
562 1333 55 30 att
640 1333 96 31 vissa
761 1334 56 30 till
840 1334 148 32 införsel
1013 1337 189 34 godkända
1225 1337 187 32 köttvaror
1436 1339 98 31 skola
1560 1340 112 32 förses
1696 1342 78 31 med

277 1374 148 35 stämpel
443 1375 252 32 innehållande
712 1378 99 30 ordet
843 1378 166 36 »import».
1045 1377 215 35 Ändamaälet
1276 1382 80 31 med
1375 1382 114 31 denna
1507 1384 152 36 stämpel
1675 1385 100 31 torde

276 1417 135 35 Jämväl
428 1418 152 32 allenast
595 1430 89 20 vara
701 1418 54 33 alt
771 1422 134 35 angiva
923 1432 41 21 en
981 1423 375 37 velerinärhygienisk
1373 1425 227 36 bestämning
1614 1429 90 29 utan
1720 1429 48 29 att

275 1470 83 22 avse
380 1471 42 21 en
442 1462 195 37 gradering
657 1474 45 20 av
722 1474 132 21 varans
875 1465 270 33 handelsvärde.

314 1504 190 36 Härjämte
529 1506 63 30 vill
614 1507 173 32 utskottet
811 1508 118 31 erinra
954 1519 55 21 om
1032 1510 196 31 innehållet
1250 1511 12 30 i
1286 1512 237 35 kungörelsen
1547 1514 67 31 den
1638 1515 38 29 14
1699 1515 73 35 mal

279 1548 73 30 1920
381 1547 55 35 (nr
459 1548 71 35 191)
557 1551 184 34 angående
767 1551 95 31 vissa
887 1552 265 32 bestämmelser
1177 1555 150 31 rörande
1353 1556 148 31 införsel
1527 1557 57 30 till
1610 1558 93 31 riket
1726 1568 44 20 av

277 1591 191 32 idisslande
490 1593 83 36 djur
594 1594 64 30 och
680 1594 89 31 svin.
811 1594 18 30 I
852 1595 221 32 sistnämnda
1095 1597 211 35 kungörelse
1328 1599 199 37 förordnas,
1548 1602 54 29 att
1624 1601 147 32 införsel

275 1635 56 30 till
352 1635 91 31 riket
464 1646 46 20 av
530 1636 193 32 idisslande
744 1637 83 36 djur
847 1638 85 31 eller
953 1639 80 30 svin
1054 1641 59 29 må
1133 1640 200 32 tillsvidare
1354 1644 69 33 äga
1444 1653 79 20 rum
1544 1644 152 31 allenast
1716 1645 56 30 till

276 1678 184 38 Göteborg,
478 1679 254 37 Hälsingborg,
751 1680 133 32 Malmö
903 1682 85 31 eller
1006 1683 205 31 Stockholm
1229 1687 92 29 samt
1339 1686 113 31 under
1471 1687 132 31 villkor
1623 1689 53 30 att
1693 1688 79 36 dju-

275 1732 60 21 ren
375 1723 91 30 efter
508 1724 268 35 genomgången
817 1725 418 38 karantänsbehandling
1275 1729 217 31 omedelbart
1522 1731 206 32 nedslaktas
1762 1732 8 29 i

273 1766 186 35 offentligt
478 1767 163 31 slakthus
660 1767 12 30 i
692 1767 242 36 importorten.

312 1808 124 32 Såsom
461 1810 97 31 förut
582 1811 155 32 erinrats
760 1812 66 30 har
849 1812 53 30 uti
927 1813 257 36 förordningen
1206 1815 67 31 den
1296 1815 38 31 30
1358 1817 195 35 september
1578 1818 78 30 1921
1679 1820 92 31 med-

273 1852 113 32 delats
417 1853 196 37 föreskrift,
647 1856 54 29 att
733 1855 95 31 vissa
862 1856 56 30 till
942 1856 148 32 införsel
1114 1858 188 34 godkända
1325 1860 187 31 köttvaror
1535 1861 99 31 skola
1659 1862 112 31 förses

272 1897 78 31 med
368 1898 159 35 stämpel,
546 1898 252 32 innehållande
815 1900 100 30 ordet
932 1900 141 36 import.
1112 1901 286 33 Motionärernas
1417 1904 271 36 framställning
1705 1907 65 34 går

273 1941 39 29 ut
331 1942 45 34 på
396 1941 53 30 att
469 1941 100 36 dylik
589 1942 151 36 stämpel
759 1942 114 32 skulle
893 1943 195 36 anbringas
1108 1944 135 36 jämväl
1262 1947 22 30 a
1302 1946 78 31 kött
1400 1957 45 20 av
1465 1948 95 31 vissa
1582 1948 94 37 djur,
1696 1959 71 21 som

272 1984 12 29 i
302 1983 149 32 levande
472 1984 165 32 tillstånd
656 1985 133 32 införes
810 1985 56 31 till
887 1986 91 31 riket
998 1988 64 30 och
1083 1988 90 31 först
1193 1989 65 30 här
1278 1990 216 32 nedslaktas.

311 2027 160 32 Förlidet
494 2029 41 30 år
558 2028 75 36 har,
657 2030 115 30 såsom
792 2030 262 32 motionärerna
1080 2032 211 36 framhållit,
1316 2035 61 33 ägt
1399 2044 80 20 rum
1502 2044 44 21 en
1569 2035 203 36 betydande

272 2070 131 36 import
425 2081 45 20 av
492 2071 193 37 slaktdjur,
706 2073 158 35 speciellt
888 2074 79 30 svin
989 2074 138 35 jämväl
1150 2076 12 29 i
1184 2075 149 33 levande
1356 2077 174 32 tillstånd.
1573 2078 111 37 Dylik
1707 2080 61 30 im-

272 2115 79 33 port
374 2115 94 31 lärer
490 2118 90 28 även
602 2116 113 30 under
737 2116 242 32 innevarande
1002 2118 50 36 år,
1076 2120 39 29 så
1137 2121 100 28 snart
1260 2119 175 36 sjöfarten
1457 2121 149 32 kommit
1628 2123 12 30 i
1664 2120 104 43 gång,

272 2168 87 20 vara
379 2159 55 29 att
454 2160 119 30 molse.
614 2158 73 32 Vid
707 2160 127 31 sådant
855 2160 225 33 förhållande
1102 2162 119 31 finner
1241 2163 173 31 utskottet
1434 2165 58 30 det
1514 2166 182 37 önskvärt,
1714 2169 54 29 att

272 2203 89 29 iven
384 2201 112 32 köttet
519 2213 45 20 av
587 2201 239 37 importerade
847 2203 148 32 levarde
1018 2204 94 37 djur,
1135 2206 12 30 i
1169 2206 111 31 likhet
1303 2207 79 31 med
1405 2208 58 30 det
1483 2208 87 38 kött,
1593 2220 75 20 som
1689 2210 78 31 här-

270 2244 96 32 leder
392 2245 56 35 sig
473 2246 82 30 från
583 2246 11 30 i
620 2246 248 35 exportlandet
895 2247 160 32 slaktade
1083 2248 93 38 djur,
1203 2250 111 31 förses
1340 2251 78 31 med
1444 2251 223 38 beteckning,
1694 2264 71 21 som

270 2298 111 25 anger
400 2289 76 31 dess
493 2299 191 26 ursprung.
722 2290 132 31 Tillika
872 2301 103 26 synes
993 2292 174 31 utskottet
1196 2303 42 21 en
1257 2294 100 36 dylik
1374 2296 204 35 anordning
1595 2298 56 30 stå
1668 2297 12 30 i
1699 2298 65 35 god

270 2331 189 37 samklang
478 2332 78 31 med
578 2333 66 31 den
665 2333 148 31 strävan
834 2334 12 30 i
867 2334 205 38 allmänhet,
1093 2346 74 20 som
1187 2346 147 22 numera
1357 2340 63 32 gör
1441 2338 56 36 sig
1517 2339 176 38 gällande,
1713 2343 54 29 att

270 2384 106 22 varor
400 2376 99 31 skola
524 2376 170 36 försäljas
716 2378 78 30 med
819 2377 114 36 riktig
956 2379 422 37 ursprungsbeteckning.
1422 2381 126 36 Någon
1573 2384 195 36 gradering

269 2429 46 19 av
336 2428 131 22 varans
487 2419 260 32 handelsvärde
768 2420 114 32 skulle
903 2421 154 35 givetvis
1078 2422 77 32 icke
1175 2423 12 30 i
1208 2424 63 31 och
1293 2425 55 30 för
1369 2425 57 35 sig
1445 2436 102 22 avses
1567 2437 126 25 genom
1714 2429 53 30 så-

269 2462 71 31 dan
358 2462 222 37 beteckning,
599 2464 89 29 utan
709 2464 98 31 torde
825 2475 132 21 varans
977 2466 275 37 värdesättning
1268 2467 99 32 bliva
1386 2468 171 33 beroende
1577 2481 46 20 av
1641 2471 125 37 köpar-
