1898 2848
86 252 198 27 universitetet

131 288 8 25 i
160 288 82 25 Lund

135 330 94 43 [101.]

98 385 89 33 jämte
207 394 35 17 en
263 386 8 25 i

85 424 96 23 ämnet
198 422 85 25 väckt

125 458 117 26 motion.

310 175 43 31 54
761 177 281 32 Statsutskottets
1061 180 175 30 utlåtande
1256 182 50 28 Nr
1324 185 25 27 8.

354 255 15 31 I
402 255 167 33 samband
598 257 141 32 härmed
763 258 62 32 har
848 259 164 33 utskottet
1036 260 49 32 till
1110 261 209 43 behandling
1342 264 148 32 förehaft
1514 276 42 21 en
1581 266 93 32 inom
1699 268 107 33 andra

309 308 200 33 kammaren
545 321 42 21 av
620 310 76 32 herr
723 311 41 32 ÅA.
793 313 157 32 Thomson
974 314 101 32 väckt
1100 316 129 31 motion
1254 314 53 42 (II:
1326 315 86 43 338),
1437 319 71 31 vari
1532 319 199 40 hemställts,
1758 325 48 29 att

309 362 180 41 riksdagen
514 365 104 30 måtte
642 381 42 3 —
708 365 80 31 med
812 365 146 42 ändring
982 378 43 21 av
1049 368 66 32 vad
1132 368 128 42 Kungl.
1280 370 96 41 Maj:t
1392 371 176 42 föreslagit
1583 373 10 31 i
1610 375 195 31 statsverks-

308 416 266 40 propositionen,
605 418 137 31 åttonde
766 418 228 40 huvudtiteln,
1020 421 111 40 punkt
1157 423 60 31 101
1244 440 43 3 —
1310 423 132 33 besluta
1465 428 49 29 att
1537 427 55 31 för
1614 426 192 34 beredande

309 479 42 22 av
374 469 194 41 ytterligare
593 471 109 31 medel
726 471 50 32 till
802 472 40 32 de
866 472 11 31 i
902 476 109 29 staten
1036 475 53 31 för
1113 476 232 33 universitetet
1374 478 4 31 i
1403 478 99 32 Lund
1521 479 108 32 under
1645 480 161 33 rubriken

312 522 136 41 »anslag
472 523 50 31 till
547 524 151 32 materiel
722 536 44 20 m.
792 536 65 21 m.»
886 530 177 38 upptagna
1087 528 294 42 anslagsposterna
1405 533 53 30 för
1482 531 199 43 budgetåret
1706 533 100 41 1932/

311 576 83 31 1933
424 576 127 41 bevilja
576 580 45 28 ett
645 580 92 29 extra
761 580 346 42 reservationsanslag
1130 593 42 21 av
1199 584 140 38 147,000
1364 584 134 40 kronor,
1523 589 49 28 att
1595 589 82 39 utgå
1701 588 105 40 enligt

309 629 40 32 de
373 635 156 27 närmare
553 630 263 41 bestämmelser,
841 632 127 42 Kungl.
996 634 98 41 Maj:t
1117 635 67 32 kan
1209 637 93 31 finna
1326 637 123 42 skäligt
1473 639 165 33 meddela.

353 728 117 32 Under
503 728 41 32 de
577 739 115 22 senare
721 731 80 30 åren
825 730 88 33 hava
937 732 119 41 anslag
1080 733 50 31 till
1153 734 168 33 växlande
1344 735 123 43 belopp
1492 738 150 32 anvisats
1666 739 51 31 till
1740 740 65 31 för-

308 781 177 41 stärkning
518 792 42 22 av
593 783 315 42 materielanslagen
931 785 51 31 till
1007 786 90 32 vissa
1119 787 229 33 institutioner
1372 789 58 32 vid
1454 790 118 33 Lunds
1595 792 208 33 universitet.

308 834 65 32 Till
396 845 41 21 en
472 834 122 42 början
629 837 214 32 motsvarade
867 838 162 41 anslagen
1054 839 10 31 i
1089 843 82 29 stort
1194 844 64 29 sett
1282 842 40 31 de
1346 843 77 31 från
1447 844 233 33 universitetet
1703 846 101 31 fram-

307 888 101 40 lagda
447 888 138 32 kraven.
633 889 52 31 Då
724 890 56 32 det
819 891 186 32 emellertid
1045 892 154 40 befanns,
1235 898 49 28 att
1323 896 247 33 universitetets
1606 899 198 32 reservfond

308 941 114 32 kunde
457 942 147 41 uppvisa
637 954 40 20 en
713 944 267 33 förhållandevis
1016 946 67 41 god
1119 947 171 42 ställning,
1320 951 122 40 ansågs
1467 951 232 33 universitetet
1723 952 82 32 böra

308 995 78 32 med
421 1006 41 20 en
498 996 132 31 mindre
666 996 54 32 del
756 997 141 42 bidraga
925 999 198 32 förmedelst
1147 1002 326 33 reseryfondsmedel
1497 1004 50 31 till
1571 1005 166 32 täckande
1761 1017 43 21 av

307 1048 292 33 institutionernas
634 1050 107 32 ökade
777 1051 248 34 medelsbehov.
1075 1053 74 32 Den
1181 1055 223 42 väsentligare
1440 1057 96 32 delen
1572 1069 43 21 av
1639 1058 165 42 ifrågava-

308 1101 103 33 rande
434 1102 183 33 kostnader
640 1103 79 31 kom
745 1104 184 32 emellertid
954 1108 48 29 att
1026 1106 69 32 vila
1119 1109 42 39 på
1185 1109 209 32 statsverket.

353 1164 65 32 För
452 1164 199 42 budgetåret
679 1164 187 42 1926/1927
892 1167 88 33 hade
1004 1169 77 31 från
1105 1170 249 33 universitetets
1378 1172 73 32 sida
1475 1173 180 33 beräknats
1680 1176 53 31 för
1756 1175 47 31 in-

308 1217 254 33 stitutionernas
586 1219 255 32 merkostnader
864 1223 46 29 ett
933 1222 229 42 sammanlagt
1184 1223 124 42 belopp
1325 1235 43 22 av
1384 1226 121 38 81,655
1522 1228 133 31 kronor.
1674 1224 128 50 Kungl.

308 1271 97 40 Maj:t
440 1272 148 41 föreslog
623 1272 60 32 hos
719 1273 181 41 riksdagen
934 1278 46 28 ett
1016 1275 119 42 anslag
1157 1287 43 22 av
1224 1278 121 38 60,000
1369 1279 135 40 kronor,
1529 1280 114 32 vilken
1668 1292 136 22 summa

307 1324 192 41 riksdagen,
535 1325 11 31 i
581 1325 166 32 samband
782 1326 78 32 med
895 1327 57 32 sitt
988 1328 118 41 avslag
1138 1331 20 30 å
1181 1330 127 42 Kungl.
1335 1332 113 41 Maj:ts
1472 1333 128 42 förslag
1624 1345 54 21 om
1704 1336 99 37 3,415

307 1377 125 32 kronor
466 1379 112 31 såsom
615 1379 187 41 ersättning
837 1380 50 31 till
920 1382 242 32 reservfonden
1186 1384 54 31 för
1263 1384 90 33 vissa
1376 1386 50 31 till
1449 1387 129 32 fonden
1602 1388 202 33 hädanefter

308 1431 29 41 ej
363 1431 169 41 ingående
556 1432 120 36 medel,
700 1432 104 41 höjde
828 1433 51 32 till
903 1435 122 37 63,000
1049 1435 133 33 kronor.

352 1485 65 31 För
451 1484 209 42 budgetåren
687 1487 200 38 1927/1928,
914 1486 189 43 1928/1929
1128 1490 62 32 och
1217 1492 189 33 1929/1930
1429 1493 87 32 hade
1540 1495 77 31 från
1642 1496 161 32 universi-

307 1540 97 30 tetets
439 1538 74 32 sida
548 1538 179 33 beräknats
763 1540 54 32 för
851 1541 194 33 ändamålet
1073 1542 122 43 belopp
1219 1555 43 22 av
1286 1545 141 42 tillhopa
1452 1547 122 38 82,800
1597 1548 134 40 kronor,
1757 1561 46 21 re-

308 1591 150 41 spektive
488 1592 122 38 92,050
634 1592 124 32 kronor
782 1593 63 32 och
872 1595 141 38 105,100
1038 1596 132 33 kronor.
1218 1597 16 32 I
1258 1598 149 42 enlighet
1430 1600 78 31 med
1533 1601 127 41 Kungl.
1688 1603 114 40 Maj:ts

307 1644 127 41 förslag
468 1644 169 42 beviljade
670 1646 181 42 riksdagen
886 1648 54 31 för
974 1651 46 29 ett
1044 1652 75 29 vart
1142 1661 41 21 av
1209 1652 104 41 sagda
1337 1652 164 42 budgetår
1524 1665 132 22 samma
1678 1655 124 43 belopp

308 1708 72 22 som
405 1699 53 31 för
481 1698 201 42 budgetåret
708 1698 187 42 1926/1927
921 1701 79 32 eller
1024 1702 98 32 alltså
1146 1704 121 38 63,000
1291 1705 132 33 kronor.

353 1751 64 32 För
451 1751 200 42 budgetåret
688 1751 187 37 1930/1931
910 1753 210 35 beräknades
1153 1757 77 31 från
1254 1758 249 34 universitetets
1527 1761 74 32 sida
1624 1762 177 32 institutio-

306 1815 122 21 nernas
464 1805 255 32 merkostnader
743 1806 51 32 till
818 1810 45 28 ett
887 1809 229 41 sammanlagt
1139 1809 122 43 belopp
1286 1823 42 21 av
1355 1814 139 38 109,183
1520 1815 125 32 kronor
1668 1817 42 31 33
1735 1821 65 28 öre.

306 1858 16 31 I
354 1858 150 41 enlighet
536 1859 77 32 med
639 1859 126 42 Kungl.
792 1860 114 41 Maj:ts
929 1862 130 41 förslag
1081 1863 10 31 i
1116 1867 114 29 ämnet
1254 1866 161 33 anvisade
1439 1867 180 43 riksdagen
1644 1870 53 31 för
1720 1869 82 32 bud-

305 1913 127 39 getåret
458 1913 188 34 1930/1931
672 1913 53 32 för
748 1913 62 32 här
833 1914 261 42 ifrågavarande
1110 1917 158 33 ändamål
1286 1922 46 29 ett
1348 1923 94 29 extra
1458 1922 344 43 reservationsanslag

306 1975 42 21 av
375 1966 142 37 103,000
541 1965 132 33 kronor.

349 2018 135 32 Jämväl
508 2019 54 32 för
586 2019 199 41 budgetåret
811 2020 199 41 1931/1932,
1037 2024 53 31 för
1113 2024 114 33 vilken
1252 2026 48 31 tid
1324 2027 292 34 institutionernas
1641 2031 160 32 merkost-

305 2071 104 32 nader
443 2071 182 33 beräknats
660 2073 49 31 till
747 2075 142 38 110,750
922 2075 135 41 kronor,
1090 2077 62 32 har
1175 2078 181 43 riksdagen
1380 2081 53 32 för
1456 2082 62 31 här
1540 2078 261 52 ifrågavarande

305 2125 159 32 ändamål
487 2126 134 32 anvisat
645 2130 46 28 ett
714 2127 123 42 belopp
862 2139 42 22 av
931 2130 142 39 103,000
1096 2131 133 33 kronor.

349 2179 65 32 För
447 2178 199 42 budgetåret
677 2181 188 39 1932/1933
899 2182 89 33 hava
1017 2184 293 34 institutionernas
1341 2188 256 34 merkostnader
1621 2190 179 33 beräknats

303 2231 51 32 till
380 2233 142 38 127,185
546 2233 133 32 kronor.
727 2234 90 32 Från
842 2236 250 33 universitetets
1116 2239 73 32 sida
1212 2240 180 42 föreligger
1415 2242 116 33 vidare
1555 2254 41 21 en
1620 2245 180 31 framställ-

303 2285 84 41 ning
411 2297 56 20 om
491 2287 239 41 förhöjningar
754 2299 43 21 av
822 2289 70 31 dels
917 2290 249 34 universitetets
1190 2293 168 33 ordinarie
1377 2296 329 43 reparationsanslag
1721 2298 79 32 med

303 2339 120 38 33,900
447 2339 125 32 kronor
595 2341 62 31 och
681 2341 71 32 dels
777 2341 75 33 dess
877 2343 170 33 ordinarie
1071 2348 92 29 extra
1186 2346 242 44 utgiftsanslag
1451 2350 78 31 med
1549 2352 99 37 8,000
1664 2351 134 33 kronor.

346 2392 117 41 Enligt
486 2404 44 21 av
554 2394 502 44 universitetsmyndigheterna
1080 2399 191 42 framlagda
1295 2400 227 44 beräkningar
1545 2404 108 32 skulle
1677 2415 123 22 reserv-

302 2445 127 33 fonden
463 2447 55 32 för
549 2447 197 42 budgetåret
772 2448 189 43 1931/1932
991 2451 141 33 komma
1155 2456 48 29 att
1227 2454 112 33 utvisa
1363 2458 46 29 ett
1433 2456 200 33 underskott
1657 2459 19 30 å
1700 2459 97 38 5,737

301 2499 125 32 kronor
449 2501 42 30 43
518 2505 65 28 öre.
1176 2530 2 2 e
