1896 2852
566 151 278 30 Statsutskottets
864 150 176 30 utlåtande
1061 149 48 30 Nr
1128 152 25 27 8.
1568 151 39 31 81

113 235 125 40 styrka,
265 236 150 30 varemot
431 234 164 31 utskottet
610 233 73 32 icke
700 244 98 21 anser
815 232 55 32 det
887 231 222 41 erforderligt,
1127 234 48 28 att
1188 231 257 41 anslagsposten
1459 230 50 32 till
1525 233 87 30 tvätt

114 288 62 32 och
193 288 102 38 linne,
321 287 218 40 renhållning
563 290 87 28 samt
673 286 266 41 vattenavgifter
963 287 20 30 å
1007 286 121 38 25,000
1144 285 125 31 kronor
1285 285 82 31 ökas
1384 284 78 32 med
1479 295 72 21 mer
1568 290 43 26 än

114 343 99 37 3,000
237 341 123 32 kronor
384 340 49 32 till
458 341 121 38 28,000
604 340 133 38 kronor,
762 339 96 32 alltså
883 340 99 37 2,000
1006 339 124 31 kronor
1154 338 132 32 mindre
1308 343 42 26 än
1368 337 127 42 Kungl.
1514 338 98 40 Maj:t

114 395 183 41 föreslagit.
345 394 15 32 I
396 393 336 33 överensstämmelse
768 393 142 32 härmed
945 392 61 32 bör
1030 392 145 41 ändring
1199 392 57 31 ske
1280 391 11 32 i
1316 391 56 32 det
1396 402 42 22 av
1463 391 148 41 departe-

115 449 234 31 mentschefen
372 447 193 42 framlagda
588 447 161 41 förslaget
772 446 50 32 till
847 445 298 33 omkostnadsstat.
1173 445 121 32 Denna
1318 445 155 32 kommer
1489 445 59 32 vid
1565 456 46 20 nu

114 503 150 40 angivna
298 501 213 33 förhållande
546 504 49 29 att
630 501 87 31 sluta
752 502 44 39 på
834 500 141 38 153,500
1011 499 133 37 kronor,
1180 498 77 32 med
1281 498 104 32 vilket
1408 498 123 41 belopp
1557 498 56 32 det

115 561 93 27 extra
224 555 299 42 förslagsanslaget
538 555 49 31 till
604 554 240 32 omkostnader
857 555 53 30 för
922 553 184 32 institutets
1120 552 216 32 verksamhet
1349 553 53 31 för
1414 552 200 41 budgetåret

117 610 190 38 1932/1933
320 609 61 32 bör
393 612 177 38 upptagas.
593 608 179 32 Gentemot
785 607 161 41 förslaget
960 618 55 20 om
1029 610 47 28 ett
1089 609 94 29 extra
1196 606 118 41 anslag
1327 607 19 30 å
1359 606 119 39 15,500
1489 606 124 32 kronor

114 663 50 32 till
189 667 93 28 extra
305 663 219 31 lärarkrafter
547 663 53 31 för
624 662 198 40 budgetåret
849 661 188 36 1932/1933
1063 660 61 31 har
1149 660 161 31 utskottet
1326 659 84 32 intet
1426 662 48 29 att
1492 659 118 32 erinra.

162 717 74 32 Vad
271 717 147 31 härefter
453 717 107 39 angår
595 715 55 32 det
673 716 10 30 i
713 715 174 31 motionen
911 714 43 31 II:
969 715 64 31 326
1058 713 214 32 framställda
1294 713 168 40 yrkandet
1486 724 56 20 om
1567 716 46 28 ett

115 774 94 28 extra
244 770 118 41 anslag
385 771 20 30 å
428 770 102 38 4,800
554 769 124 32 kronor
702 769 54 31 för
780 767 212 33 anställande
1017 778 42 21 av
1083 769 59 30 två
1165 766 365 32 kontrollantbiträden
1554 766 58 33 vid

114 823 358 38 tandläkarinstitutet,
498 822 171 32 förefaller
693 822 56 31 det
773 822 172 37 utskottet,
972 832 73 20 som
1070 831 55 21 om
1151 819 163 42 åtskilligt
1337 819 108 32 skulle
1469 820 68 31 tala
1560 820 53 32 för

115 881 47 28 att
197 878 65 31 den
298 878 10 31 i
344 877 174 31 motionen
555 875 227 33 omförmälda
805 875 193 32 kontrollen
1023 879 80 28 över
1128 874 40 32 de
1192 873 205 32 studerande
1422 874 63 31 och
1509 874 10 31 i
1544 873 68 33 viss

116 933 80 30 mån
220 936 86 27 även
330 936 79 27 över
433 930 212 42 patienterna
669 940 79 21 vore
772 940 42 21 av
838 929 146 32 behovet
1008 928 167 41 påkallad.
1225 928 52 31 Då
1301 927 55 32 det
1373 927 187 32 emellertid
1577 932 36 27 är

115 986 97 40 fråga
247 996 55 21 om
338 995 42 21 en
415 995 46 30 ny
498 983 201 42 anordning,
733 983 114 32 vilken
871 982 55 33 väl
951 982 94 32 torde
1070 982 140 31 komma
1233 981 108 32 under
1364 980 214 33 bedömande
1602 981 10 31 i

115 1039 167 32 samband
307 1038 77 32 med
407 1037 66 32 den
499 1038 53 31 för
576 1037 210 33 närvarande
804 1036 176 42 pågående
996 1034 424 42 sakkunnigutredningen
1437 1034 175 42 angående

115 1093 185 31 institutets
324 1091 300 40 omorganisation,
649 1101 98 21 anser
771 1090 51 41 sig
845 1090 164 31 utskottet
1032 1089 74 31 icke
1130 1089 119 31 kunna
1271 1088 138 32 förorda
1425 1088 119 41 anslag
1559 1089 54 31 för

115 1146 194 32 ändamålet
343 1146 11 31 i
389 1145 66 32 den
492 1144 218 41 omfattning,
745 1143 212 32 motionären
982 1143 153 41 påyrkat.
1184 1142 67 32 För
1274 1144 48 29 att
1346 1141 187 33 emellertid
1558 1153 54 20 an-

116 1200 190 41 ordningen
338 1201 57 29 må
427 1199 120 31 kunna
579 1198 187 32 försöksvis
799 1202 122 36 prövas
946 1196 64 32 och
1035 1196 274 32 erfarenheterna
1332 1195 106 32 därav
1461 1195 151 42 tillgodo-

115 1259 98 36 göras
246 1253 58 32 vid
337 1264 41 21 en
412 1252 160 33 blivande
596 1251 288 41 omorganisation
909 1250 60 32 vill
992 1250 164 31 utskottet
1178 1248 135 39 föreslå,
1338 1252 49 28 att
1410 1251 47 30 ett
1480 1248 133 33 mindre

116 1308 132 41 belopp,
286 1306 174 42 nämligen
494 1307 98 36 2,000
624 1306 136 38 kronor,
785 1304 112 32 ställes
922 1304 51 32 till
997 1303 205 41 förfogande
1226 1304 54 31 för
1304 1302 203 32 ändamålet.
1555 1302 57 33 Ut-

116 1362 124 31 skottet
264 1361 60 32 vill
347 1360 98 32 alltså
468 1362 44 39 på
537 1360 55 31 det
616 1362 99 29 sättet
739 1359 169 40 tillstyrka
933 1358 175 31 motionen
1132 1357 42 31 II:
1190 1357 74 38 326,
1290 1359 48 29 att
1362 1356 163 32 utskottet
1548 1357 64 31 för-

116 1415 109 39 ordar,
259 1417 49 30 att
340 1414 181 41 riksdagen
556 1413 49 32 till
635 1411 343 34 kontrollantbiträde
1002 1411 58 32 vid
1084 1410 349 32 tandläkarinstitutet
1456 1410 54 31 för
1532 1409 81 33 bud-

117 1470 127 40 getåret
271 1466 188 40 1932/1933
485 1467 135 32 anvisar
644 1469 46 29 ett
714 1469 94 29 extra
831 1465 120 41 anslag
975 1475 42 21 av
1043 1465 98 38 2,000
1165 1464 134 31 kronor:

164 1521 275 32 Vidkommande
473 1520 211 32 motionerna
717 1519 25 32 I:
759 1520 62 31 152
846 1519 63 32 och
933 1518 42 32 II:
992 1519 61 30 321
1081 1517 170 32 betraktar
1274 1517 163 31 utskottet
1461 1516 55 32 det
1540 1527 73 21 som

116 1587 42 20 en
192 1574 215 42 synnerligen
442 1573 110 41 viktig
584 1573 256 41 angelägenhet,
872 1575 47 28 att
943 1570 448 33 tandläkarstuderandenas
1416 1570 197 31 studiekost-

117 1629 105 31 nader
245 1631 131 29 snarast
400 1627 135 41 möjligt
559 1626 204 41 nedbringas
787 1626 64 31 och
876 1625 40 32 de
941 1635 43 22 av
1011 1625 82 31 1931
1120 1626 53 29 års
1195 1623 137 41 riksdag
1348 1623 156 41 påtalade
1521 1623 92 32 miss-

116 1682 261 32 förhållandena
400 1680 79 32 med
504 1680 164 32 avseende
692 1682 20 29 å
736 1680 89 32 vissa
849 1678 316 40 lärarersättningar
1188 1677 58 33 vid
1268 1677 347 32 tandläkarinstitutet

119 1739 82 29 utan
226 1735 157 42 uppskov
407 1734 219 41 undanröjas.
675 1733 78 32 Med
778 1733 134 41 hänsyn
936 1732 52 32 till
1013 1732 121 31 sakens
1162 1730 190 42 angelägna
1379 1730 236 32 beskaffenhet

118 1790 61 31 har
212 1789 170 37 utskottet,
417 1799 73 20 som
527 1793 154 26 närmare
716 1787 85 41 tagit
835 1786 54 32 del
913 1797 42 21 av
980 1786 55 31 det
1059 1785 10 31 i
1095 1785 212 31 motionerna
1330 1784 189 41 åberopade
1543 1784 71 31 sak-

118 1841 323 42 kunnigutlåtandet
477 1852 42 21 av
555 1841 64 32 den
653 1841 19 31 3
708 1840 176 32 december
923 1840 96 37 1931,
1056 1838 115 32 funnit
1206 1838 51 41 sig
1289 1837 81 32 böra
1404 1837 110 32 bortse
1538 1838 76 30 från

118 1897 41 31 de
194 1895 278 41 betänkligheter,
509 1906 73 20 som
618 1894 96 40 eljest
749 1895 108 30 måste
893 1896 93 28 möta
1022 1896 72 27 mot
1117 1895 47 28 ett
1188 1891 326 41 ställningstagande
1537 1891 77 31 från

119 1950 198 40 riksdagens
352 1948 73 32 sida
460 1948 51 31 till
546 1951 47 28 ett
616 1946 333 41 sakkunnigförslag,
975 1956 73 21 som
1073 1950 92 26 ännu
1190 1945 72 31 icke
1285 1944 98 32 blivit
1407 1945 84 30 efter
1515 1944 99 31 erfor-

118 2003 107 41 derlig
257 2001 188 41 beredning
469 2002 52 30 för
545 2000 181 41 riksdagen
751 1999 161 41 framlagt
936 2001 45 39 på
1005 1998 227 41 vederbörligt
1255 2000 75 35 sätt,
1356 2000 88 28 samt
1467 1996 60 33 vill
1551 1997 63 31 för-

118 2056 92 38 orda,
244 2060 47 27 att
327 2055 181 41 riksdagen
545 2055 60 31 hos
630 2053 127 42 Kungl.
784 2053 98 41 Maj:t
905 2057 61 37 gör
990 2051 253 41 framställning
1267 2062 55 20 om
1347 2050 268 41 genomförande

119 2110 102 31 redan
257 2110 75 31 från
365 2109 62 31 och
462 2108 78 32 med
564 2108 121 32 läsåret
712 2107 218 32 1932—1933
956 2117 41 21 av
1023 2106 40 31 de
1088 2106 8 30 i
1123 2104 386 41 sakkunnigutlåtandet
1532 2104 83 31 före-

119 2163 118 41 slagna
262 2162 201 41 åtgärderna
488 2163 53 30 för
565 2161 255 40 nedbringande
845 2159 41 33 av
904 2160 41 31 de
963 2158 220 33 studerandes
1201 2157 303 39 studiekostnader,
1522 2157 10 31 i
1550 2157 64 31 den

121 2219 77 29 mån
236 2216 91 31 detta
361 2216 83 31 låter
480 2216 51 39 sig
564 2220 89 35 göra,
691 2218 81 27 utan
810 2216 47 29 att
893 2215 106 38 några
1027 2211 182 32 kostnader
1233 2211 109 31 direkt
1367 2210 78 32 eller
1470 2210 145 31 indirekt

119 2271 105 30 härav
250 2269 191 31 föranledas
466 2269 53 30 för
543 2268 209 31 statsverket.
791 2267 51 30 Då
867 2267 40 31 de
932 2265 193 41 föreslagna
1141 2264 260 33 lärararvodena
1418 2274 101 30 synas
1537 2263 78 31 rela-

120 2323 62 31 tivt
215 2322 82 40 högt
331 2321 201 38 beräknade,
566 2320 93 32 torde
684 2320 211 40 skäligheten
920 2329 42 21 av
987 2318 176 31 desamma
1185 2317 82 31 böra
1291 2316 167 41 ingående
1482 2321 132 36 prövas,

121 2376 8 30 i
164 2376 87 39 syfte
276 2377 47 28 att
348 2375 118 39 uppnå
490 2372 335 33 överensstämmelse
851 2371 77 32 med
954 2371 40 31 de
1019 2370 148 41 grunder
1191 2381 72 20 som
1288 2369 172 40 tillämpas
1485 2369 8 30 i
1519 2370 97 39 fråga

120 2439 53 20 om
201 2427 186 39 ersättning
412 2427 52 30 för
489 2437 112 20 annan
627 2425 238 32 motsvarande
890 2424 247 39 undervisning
1161 2423 55 31 vid
1242 2425 21 28 t.
1290 2433 48 20 ex.
1365 2422 155 31 tekniska
1538 2422 77 39 hög-

120 2481 118 31 skolan
264 2480 61 31 och
351 2480 236 39 gymnastiska
611 2478 303 32 centralinstitutet.

170 2543 108 31 Bihang
301 2543 41 24 till
363 2542 160 32 riksdagens
542 2541 132 33 protokoll
700 2542 71 24 1932.
809 2542 16 23 6
845 2540 78 25 saml.
961 2542 17 21 8
998 2539 69 31 häft.
1108 2538 55 26 (Nr
1181 2537 39 31 8)
1565 2537 15 23 6
