1896 2848
287 173 42 32 30
740 174 281 32 Statsutskottets
1040 177 175 30 utlåtande
1234 178 50 30 Nr
1303 182 25 27 8.

607 256 242 32 ovannämnda
882 257 131 32 motion
1046 255 37 43 (I:
1111 256 83 43 145),
1228 260 11 31 i
1272 260 66 32 vad
1371 260 66 33 den
1471 262 117 41 skiljer
1621 263 52 41 sig
1706 265 76 32 från

606 308 127 42 Kungl.
769 309 114 42 Maj:ts
913 311 140 41 förslag,
1078 312 50 31 till
1152 313 214 33 omedelbara
1390 315 393 44 iståndsättningsåtgär-

606 361 59 32 der
688 363 19 30 å
724 362 90 32 vissa
830 362 458 42 byggnadsminnesmärken
1305 368 53 31 för
1374 367 200 42 budgetåret
1592 369 189 41 1932/1933

606 416 118 32 anvisa
748 419 47 29 ett
818 420 94 29 extra
936 419 345 42 reservationsanslag
1305 432 42 22 av
1373 423 120 38 10,000
1517 423 134 33 kronor.

54 512 98 32 Ökade
171 518 94 26 medel
294 508 16 64 —
330 517 85 44 69:0)
440 521 127 42 Kungl.
600 522 98 41 Maj:t
722 523 62 31 har
808 521 121 44 (punkt
953 522 53 43 68)
1031 526 175 42 föreslagit
1229 527 181 43 riksdagen
1433 532 49 29 att
1505 531 54 31 för
1582 530 201 42 budgetåret

53 553 212 27 tillavlönande
383 574 3 8 I
522 577 9 8 -
966 578 5 6 s

64 597 37 18 av
113 590 144 25 icke-ordi-
287 574 188 36 1992/1933
501 586 109 21 såsom
636 579 93 29 extra
752 577 120 42 anslag
895 589 133 22 anvisa:

60 625 79 40 narie
165 626 101 48 befatt-
330 627 70 32 dels
424 628 50 31 till
499 628 188 34 beredande
711 641 43 22 av
778 631 107 32 ökade
909 632 111 32 medel
1044 632 51 33 till
1118 633 190 34 avlönande
1332 646 41 22 av
1390 636 257 34 icke-ordinarie
1662 638 119 34 befatt-

61 662 192 61 ningshavare
284 680 230 42 ningshavare
537 682 59 32 vid
619 683 198 40 vitterhets-,
841 685 151 32 historie-
1009 686 63 32 och
1089 687 402 35 antikvitetsakademien
1507 692 123 38 47,350
1645 692 135 40 kronor,

77 728 166 50 hetsakade-
330 734 70 32 dels
430 735 64 32 ock
522 735 51 32 till
595 736 151 42 tillfällig
769 738 131 41 ökning
922 749 43 22 av
990 739 220 33 akademiens
1234 741 241 34 arbetskrafter
1501 745 119 38 11,850
1644 746 135 33 kronor.

114 768 85 26 mien;
329 787 236 43 Utredningen
590 791 180 32 återfinnes
793 793 21 30 å
837 792 60 32 sid.
924 793 132 32 96—99
1080 794 11 31 i
1115 795 375 42 statsrådsprotokollet.

122 811 72 43 [68.]

327 868 67 32 För
427 868 200 43 budgetåret
663 869 188 37 1931/1932
885 874 100 40 utgår
1013 873 71 32 dels
1108 874 51 32 till
1182 874 189 34 beredande
1395 887 43 23 av
1461 878 109 33 ökade
1594 879 111 32 medel
1728 880 51 32 till

281 921 191 34 avlönande
496 934 43 21 av
561 923 255 34 icke-ordinarie
839 925 337 43 befattningshavare
1194 928 58 33 vid
1269 930 202 33 akademien
1487 934 47 29 ett
1549 936 94 28 extra
1659 933 121 42 anslag

282 985 43 22 av
348 976 122 38 45,450
494 976 133 40 kronor,
652 977 70 33 dels
747 979 63 31 ock
833 979 51 31 till
907 979 151 42 tillfällig
1081 981 128 42 ökning
1233 993 42 22 av
1300 983 217 34 akademiens
1537 985 242 34 arbetskrafter

281 1030 47 30 ett
356 1032 93 29 extra
472 1030 119 42 anslag
614 1041 43 22 av
682 1032 120 38 11,850
825 1033 133 32 kronor.
1007 1034 201 42 Höjningen
1232 1046 44 22 av
1298 1037 239 33 förstnämnda
1561 1039 119 42 anslag
1699 1041 79 32 med

283 1083 97 37 1,900
412 1083 126 32 kronor
560 1083 51 32 till
633 1086 122 37 47,350
779 1086 125 32 kronor
927 1097 98 23 avser
1048 1090 49 29 att
1120 1088 123 33 bereda
1266 1090 179 42 möjlighet
1468 1092 52 32 till
1543 1093 234 42 författnings-

281 1135 111 42 enliga
415 1136 232 43 ålderstillägg
670 1140 34 30 åt
728 1138 41 33 de
792 1140 77 31 från
894 1140 154 42 anslaget
1072 1141 166 34 avlönade
1262 1143 375 43 befattningshavarna.

325 1216 181 39 Utskottet,
536 1228 72 22 som
632 1218 73 32 icke
729 1219 63 32 har
815 1221 104 40 något
942 1223 49 30 att
1015 1221 110 32 erinra
1149 1226 72 29 mot
1237 1223 127 42 Kungl.
1383 1225 115 41 Maj:ts
1522 1227 137 42 förslag,
1684 1228 92 32 hem-

279 1269 121 40 ställer,

644 1319 48 29 att
724 1317 181 42 riksdagen
938 1320 57 30 må
1028 1320 54 31 för
1105 1320 200 42 budgetåret
1331 1323 188 39 1932/1933
1545 1326 112 31 såsom
1682 1329 94 29 extra

600 1370 118 41 anslag
742 1371 131 32 anvisa:

643 1420 30 43 a)
704 1423 50 32 till
786 1423 191 34 beredande
1001 1436 43 22 av
1069 1426 106 33 ökade
1200 1427 109 33 medel
1333 1429 51 32 till
1407 1430 192 33 avlönande
1623 1442 43 22 av
1689 1433 85 32 icke-

599 1476 168 33 ordinarie
791 1477 338 42 befattningshavare
1152 1480 58 32 vid
1234 1481 196 41 vitterhets-,
1455 1484 151 33 historie-
1630 1486 63 32 och
1718 1498 56 21 an-

597 1530 356 33 tikvitetsakademien
977 1533 123 38 47,350
1123 1533 134 40 kronor,

641 1580 32 44 b)
704 1584 50 31 till
778 1584 150 43 tillfällig
951 1586 131 42 ökning
1100 1598 43 22 av
1159 1588 218 34 akademiens
1394 1591 242 34 arbetskrafter
1654 1595 119 37 11,850

596 1637 133 32 kronor.

74 1735 150 51 Resekost-
323 1739 84 44 70:o0)
432 1742 128 42 Kungl.
598 1743 97 42 Maj:t
729 1745 63 31 har
826 1742 121 44 (punkt
983 1744 54 43 69)
1062 1748 173 41 föreslagit
1259 1749 181 43 riksdagen
1464 1754 48 29 att
1536 1752 50 32 till
1610 1754 161 32 resekost-

53 1783 102 60 JAG:
174 1785 53 25 och
275 1795 97 32 nads-
396 1796 63 32 och
482 1797 452 43 traktamentsersättningar
957 1801 34 30 åt
1015 1800 336 43 befattningshavare
1375 1804 58 32 vid
1457 1805 196 41 vitterhets-,
1671 1808 100 32 histo-

66 1819 190 27 raktaments-

56 1856 193 32 ersättningar
275 1848 58 32 rie-
369 1849 63 32 och
467 1850 399 33 antikvitetsakademien
902 1855 88 29 samt
1017 1853 300 34 riksantikvariens
1342 1857 128 32 ombud
1493 1860 55 30 för
1571 1859 200 42 budgetåret

54 1890 143 68 Hingstar
202 1894 44 59 ne
277 1900 188 42 1932/1933
490 1904 120 32 anvisa
633 1907 47 29 ett
703 1907 94 29 extra
820 1906 345 42 reservationsanslag
1188 1919 43 21 av
1248 1910 120 37 25,000
1384 1911 125 32 kronor
1525 1915 49 29 att
1590 1916 82 38 utgå
1688 1915 11 31 i
1716 1926 53 21 en-

71 1961 48 26 vid
138 1963 95 25 vitter-
273 1955 108 41 lighet
404 1956 78 32 med
507 1957 41 32 de
571 1962 155 27 närmare
750 1957 263 41 bestämmelser,
1039 1960 127 42 Kungl.
1192 1961 98 41 Maj:t
1315 1965 55 29 må
1393 1964 94 32 finna
1510 1969 73 38 gott
1601 1967 166 34 meddela.

66 1996 167 41 hetsakade-
320 2009 235 42 Utredningen
579 2011 179 32 återfinnes
783 2013 19 30 å
826 2012 60 32 sid.
913 2013 155 33 99—100
1092 2014 11 31 i
1125 2015 375 42 statsrådsprotokollet.

49 2040 77 18 milen
149 2042 36 18 m.
205 2043 37 17 m.

111 2075 77 43 [69.]
318 2089 66 33 För
408 2089 199 42 budgetåret
632 2089 189 42 1931/1932
846 2094 98 39 utgår
967 2094 54 31 för
1045 2094 193 33 ändamålet
1262 2099 46 29 ett
1332 2100 93 29 extra
1441 2099 267 44 förslagsanslag
1724 2113 43 22 av

273 2143 121 38 35,000
418 2143 133 32 kronor.

317 2196 382 42 Departementschefen
724 2198 62 32 har
809 2198 212 34 beträffande
1046 2201 56 31 det
1124 2202 53 32 för
1201 2202 199 42 budgetåret
1426 2204 188 42 1932/1933
1640 2208 126 32 äskade

271 2249 151 42 anslaget
445 2251 116 32 anfört
584 2251 105 32 bland
713 2255 119 29 annat:

315 2312 115 42 Enligt
464 2314 68 32 vad
564 2314 59 41 jag
654 2314 178 39 inhämtat,
857 2316 177 41 uppgingo
1059 2318 185 41 utgifterna
1267 2320 54 31 för
1344 2321 61 31 här
1427 2322 261 42 ifrågavarande
1713 2325 52 32 be-

270 2357 311 41 fattningshavares
605 2370 90 21 resor
718 2359 109 32 under
850 2360 201 41 budgetåret
1080 2364 182 38 1930/1931
1290 2364 50 32 till
1364 2366 121 38 34,253
1509 2368 133 32 kronor.
1676 2369 16 31 I
1708 2380 56 21 an-

269 2400 140 43 ledning
432 2413 43 22 av
500 2403 41 32 de
564 2414 68 30 nya
655 2404 300 33 bestämmelserna
979 2417 56 21 om
1061 2405 423 47 resekostnadsersättning
1500 2413 95 31 torde
1611 2413 153 42 anslaget

270 2446 117 32 kunna
421 2448 123 32 sänkas
580 2448 77 32 med
695 2450 96 37 1,200
825 2449 133 40 kronor,
984 2452 167 39 varjämte
1175 2452 77 32 med
1277 2454 133 42 hänsyn
1434 2456 50 31 till
1508 2457 255 41 anslagsbelast-

269 2491 128 41 ningen
430 2492 110 32 under
567 2492 200 42 budgetåret
793 2493 186 37 1930/1931
1006 2496 192 42 ytterligare
1223 2509 41 20 en
1288 2499 170 42 sänkning
1482 2511 42 22 av
1550 2502 64 32 800
1638 2502 127 33 kronor
