1900 2856
562 159 280 31 Statsutskottets
862 160 176 30 utlåtande
1057 160 50 29 Nr
1126 163 25 27 8.
1542 161 60 31 127

107 240 134 39 skottet,
266 251 73 21 som
367 241 107 32 under
498 243 153 40 punkten
679 243 61 31 143
765 243 62 31 här
851 253 89 21 ovan
964 242 118 32 biträtt
1105 242 393 41 departementschefens
1522 253 81 29 upp-

106 294 151 41 fattning
281 294 211 33 beträffande
527 295 152 32 nämnda
701 296 532 41 gymnastiklärarbefattningar,
1257 295 59 32 vill
1340 295 111 32 erinra
1476 306 55 20 om
1556 299 48 28 att

106 347 106 41 enligt
247 348 181 31 utskottets
463 348 127 42 förslag
624 349 108 31 under
764 360 133 20 samma
921 350 111 40 punkt
1055 349 193 41 ytterligare
1272 359 41 21 en
1338 348 200 41 minskning
1562 359 41 21 av

107 401 274 32 medelsbehovet
414 402 228 40 uppkommer
675 404 19 29 å
718 403 121 37 21,500
863 403 133 31 kronor.
1045 402 126 31 Siffran
1196 403 177 37 8,754,330
1398 402 123 31 kronor
1544 402 61 31 bör

106 454 98 32 alltså
239 455 152 31 minskas
425 455 78 32 med
528 456 121 38 21,500
672 456 134 38 kronor,
834 456 118 32 varvid
977 455 141 33 erhålles
1143 458 46 29 ett
1213 455 122 42 belopp
1360 466 42 22 av
1428 456 176 38 8,132,830

106 507 134 39 kronor,
277 519 74 21 som
380 508 108 32 skulle
513 512 170 29 motsvara
707 509 276 33 medelsbehovet
1007 511 19 30 å
1050 509 56 32 det
1130 509 168 32 ordinarie
1323 509 280 32 reservationsan-

106 561 107 41 slaget
247 561 50 33 till
333 562 41 32 de
409 562 174 33 allmänna
606 563 197 32 läroverken
828 563 110 32 under
960 563 200 41 budgetåret
1187 561 197 37 1932/1933.
1434 562 64 32 Om
1523 573 79 21 man

105 614 124 33 liksom
265 615 374 42 departementschefen
674 617 123 31 räknar
831 617 80 32 med
939 620 48 28 att
1011 628 42 21 av
1078 616 275 33 medelsbehovet
1376 617 54 31 för
1454 616 151 32 nämnda

105 668 167 42 budgetår
306 672 48 29 ett
388 669 124 42 belopp
548 681 42 21 av
628 671 141 38 154,330
796 671 127 31 kronor
946 670 164 32 bestrides
1135 670 142 32 medelst
1301 672 19 29 å
1344 670 153 41 anslaget
1521 671 82 30 före-

105 722 132 41 fintliga
261 723 253 39 reservationer,
538 724 196 41 varigenom
761 725 111 31 såsom
902 735 42 21 en
968 723 343 42 säkerhetsmarginal
1335 724 121 38 90,000
1481 724 123 31 kronor

106 786 42 22 av
183 777 289 31 reservationerna
507 777 107 32 skulle
638 779 131 37 återstå,
796 777 61 32 bör
881 778 56 31 det
960 777 168 32 ordinarie
1153 777 378 41 reservationsanslaget
1554 777 50 31 till

105 829 42 32 de
171 829 174 33 allmänna
368 830 199 33 läroverken
590 831 10 31 i
625 831 180 32 riksstaten
830 832 54 31 för
907 831 200 41 budgetåret
1134 832 188 35 1932/1933
1344 832 164 40 uppföras
1526 830 77 33 med

106 886 46 29 ett
176 883 122 42 belopp
323 895 43 21 av
391 882 243 42 (8,732,830
605 878 24 52 —
649 886 140 37 154,330
802 882 52 44 =)
880 886 178 37 8,578,500
1082 885 124 31 kronor
1231 884 79 33 eller
1334 885 122 38 21,500
1480 885 123 31 kronor

105 937 133 32 mindre
262 942 44 27 än
330 938 129 41 Kungl.
485 939 98 40 Maj:t
606 938 183 41 föreslagit.

151 990 68 33 Vid
254 991 98 32 bifall
387 991 51 32 till
472 992 67 32 vad
574 992 163 32 utskottet
771 992 175 32 hemställt
975 992 109 32 under
1107 992 194 41 punkterna
1328 993 72 37 143,
1429 993 72 37 145,
1529 993 72 37 146,

108 1045 61 31 147
205 1045 63 31 och
306 1045 62 31 148
405 1045 108 32 skulle
548 1046 388 41 reservationsanslaget,
973 1056 73 21 som
1071 1056 47 21 nu
1142 1048 100 38 utgör
1265 1046 179 38 8,420,000
1467 1045 134 38 kronor,

104 1097 133 33 behöva
272 1098 82 32 ökas
390 1099 78 31 med
493 1099 143 39 326,465
660 1099 124 32 kronor
807 1099 51 31 till
883 1099 177 38 8,746,465
1085 1099 133 31 kronor.
1268 1099 131 31 Genom
1425 1102 49 28 att
1497 1098 105 32 ansla-

104 1155 66 37 get,
206 1153 44 39 på
286 1155 66 29 sätt
387 1152 163 32 utskottet
582 1163 80 31 nyss
693 1153 163 38 förordat,
881 1153 55 31 för
958 1152 200 42 budgetåret
1184 1150 189 43 1932/1933
1397 1152 205 32 bestämmes

104 1204 51 32 till
186 1206 177 37 8,578,500
387 1205 126 32 kronor
536 1206 217 41 möjliggöres
778 1217 42 21 en
845 1206 200 41 minskning
1068 1216 43 22 av
1135 1206 152 41 anslaget
1311 1206 78 31 med
1414 1203 188 42 (8,746,465

104 1275 36 4 —
159 1259 177 38 8,578,500
349 1256 52 43 =)
439 1260 139 38 167,965
617 1260 126 32 kronor
777 1260 81 32 eller
893 1271 132 21 samma
1059 1259 134 42 belopp,
1230 1270 73 22 som
1339 1259 128 41 Kungl.
1505 1259 97 41 Maj:t

104 1312 109 32 under
242 1312 113 32 denna
379 1313 112 41 punkt
513 1313 157 42 upptagit
694 1315 111 30 såsom
830 1314 65 32 den
921 1324 145 27 summa,
1092 1313 140 32 varmed
1256 1313 201 41 minskning
1480 1324 42 21 av
1546 1313 56 32 det

104 1366 168 32 ordinarie
306 1367 379 41 reservationsanslaget
716 1367 67 32 kan
808 1368 68 31 ske.
925 1367 217 32 Beträffande
1166 1367 245 41 dispositionen
1435 1378 43 21 av
1502 1378 99 21 ovan-

104 1420 152 31 nämnda
288 1421 208 32 reservation
526 1423 20 30 å
574 1422 121 38 90,000
718 1421 126 32 kronor
868 1421 162 32 hänvisar
1054 1421 162 32 utskottet
1239 1420 51 33 till
1314 1421 66 31 vad
1405 1421 162 32 utskottet
1590 1421 11 31 i

104 1472 56 33 det
184 1473 153 41 följande
362 1474 100 32 anför
485 1474 108 32 under
616 1475 154 40 punkten
797 1475 73 31 151.

149 1526 172 33 Utskottet
344 1527 195 32 hemställer
561 1527 107 39 alltså,

470 1584 48 29 att
550 1581 181 41 riksdagen
765 1583 58 30 må
855 1582 10 31 i
899 1581 150 41 enlighet
1079 1581 78 32 med
1181 1580 128 41 Kungl.
1336 1581 114 40 Maj:ts
1474 1580 128 42 förslag

426 1634 135 32 minska
593 1634 55 33 det
681 1634 168 32 ordinarie
883 1634 379 41 reservationsanslaget
1290 1634 49 31 till
1363 1634 42 32 de
1428 1634 173 32 allmänna

425 1687 198 33 läroverken
647 1688 78 32 med
752 1689 142 38 167,965
919 1688 132 32 kronor.

149 1794 68 31 Vid
241 1794 97 32 bifall
361 1795 51 32 till
436 1795 66 33 vad
527 1796 162 32 utskottet
712 1796 108 32 under
844 1796 193 41 punkterna
1064 1793 116 42 143:0),
1209 1793 117 42 145:0),
1346 1792 117 43 146:0),
1483 1793 116 43 147:0),

106 1846 106 42 148:0)
237 1849 63 31 och
326 1846 109 43 149:0)
458 1849 171 41 tillstyrkt,
654 1850 154 31 kommer
832 1850 57 31 det
913 1849 166 32 ordinarie
1102 1849 376 41 reservationsanslaget
1494 1849 49 31 till
1560 1849 40 31 de

103 1902 175 32 allmänna
300 1902 210 38 läroverken,
535 1914 46 20 nu
607 1904 177 37 8,420,000
808 1903 134 38 kronor,
968 1906 49 28 att
1041 1903 82 31 ökas
1147 1903 79 31 med
1252 1903 142 37 158,500
1411 1903 124 31 kronor
1550 1902 50 32 till

104 1956 177 37 8,578,500
305 1955 134 32 kronor.

151 2068 105 43 150:0)
290 2071 127 41 Kungl.
455 2071 97 40 Maj:t
582 2072 61 31 har
667 2069 122 43 (punkt
815 2069 73 42 148)
914 2071 173 40 föreslagit
1110 2071 180 41 riksdagen
1315 2074 49 29 att
1388 2072 134 31 minska
1546 2072 55 32 det
1620 2067 204 41 Ålderstillägg

103 2124 168 32 ordinarie
296 2124 299 42 förslagsanslaget
618 2125 49 31 till
693 2125 230 41 ålderstillägg
939 2127 34 29 åt
989 2125 288 41 lärarpersonalen
1295 2125 57 31 vid
1371 2125 40 31 de
1428 2125 171 32 allmänna

102 2177 208 39 läroverken,
345 2189 48 20 nu
430 2179 172 38 1,247,000
636 2179 133 37 kronor,
795 2179 76 31 med
899 2179 119 37 27,000
1043 2179 125 31 kronor
1191 2178 49 31 till
1267 2180 175 37 1,220,000
1466 2179 131 31 kronor.

148 2231 235 40 Utredningen
408 2232 179 31 återfinnes
612 2233 19 30 å
655 2231 60 32 sid.
742 2233 176 30 335—336
943 2232 10 31 1
978 2231 375 41 statsrådsprotokollet.

147 2310 146 31 Berörda
327 2310 338 41 anslagsminskning
699 2311 61 31 har
792 2311 191 41 föreslagits
1015 2311 77 31 med
1117 2312 134 39 hänsyn
1276 2311 49 31 till
1350 2310 70 33 dels
1445 2312 90 32 vissa
1557 2323 42 21 av

102 2363 320 40 skolöverstyrelsen
455 2363 188 41 framlagda
667 2363 237 42 beräkningar,
930 2364 71 31 dels
1026 2364 60 31 ock
1113 2364 64 31 den
1202 2364 237 32 konstaterade
1463 2365 136 31 medels-

102 2418 169 38 åtgången
297 2416 108 32 under
428 2416 40 32 de
493 2420 130 28 senaste
648 2416 218 41 budgetåren.

1634 2111 29 25 åt
1683 2112 135 31 lärarper-

1631 2147 117 25 sonalen
1770 2147 47 25 vid

1628 2182 34 25 de
1678 2183 145 24 allmänna

1638 2218 177 25 läroverken.

1679 2260 94 42 [148]
