1894 2854
568 159 280 31 Statsutskottets
868 161 177 29 utlåtande
1064 160 51 31 Nr
1133 164 25 26 8.
1548 165 62 31 157

114 241 78 32 med
220 242 82 30 1927
329 243 52 29 års
407 241 154 40 riksdags
585 240 109 32 beslut
718 241 176 41 angående
918 244 127 29 statens
1070 242 189 32 successiva
1284 243 227 41 övertagande
1535 245 77 31 från

113 295 63 31 och
209 294 79 32 med
321 294 64 32 den
422 296 15 30 1
472 294 136 41 januari
639 295 83 31 1928
747 305 42 21 av
814 295 41 31 de
880 295 223 32 kommunala
1126 296 242 41 gymnasierna
1390 297 11 31 i
1426 297 187 41 Södertälje

113 348 62 32 och
199 348 199 32 Eskilstuna
422 348 63 32 och
510 347 64 33 den
599 348 222 32 kommunala
844 349 287 41 gymnasielinjen
1146 349 58 32 vid
1222 350 103 41 högre
1342 350 174 32 allmänna
1532 351 82 31 läro-

112 402 117 32 verket
252 401 10 31 i
288 401 107 32 Ystad
419 404 89 29 samt
531 402 77 31 från
631 402 64 31 och
720 401 76 33 med
821 402 65 32 den
897 397 24 52 1
943 402 65 41 juli
1024 403 83 31 1928
1125 414 42 21 av
1180 403 42 32 de
1235 403 223 32 kommunala
1474 415 140 30 gymna-

113 456 111 31 sierna
257 455 10 31 i
300 455 116 40 Eksjö,
442 454 190 33 Uddevalla
656 455 63 32 och
744 455 135 32 Skövde
903 456 63 32 och
992 456 65 32 den
1081 456 224 33 kommunala
1327 458 288 40 gymnasielinjen

114 509 58 32 vid
195 509 105 41 högre
324 508 175 33 allmänna
522 508 189 33 läroverket
733 509 11 31 i
769 509 216 33 Hudiksvall.

161 562 115 33 Under
309 562 109 41 punkt
455 563 62 30 177
552 573 42 21 av
625 563 85 31 1930
734 564 53 30 års
811 563 138 32 åttonde
973 563 195 32 huvudtitel
1191 564 147 41 föreslog
1362 564 128 42 Kungl.
1516 565 98 40 Maj:t

115 616 182 41 riksdagen
321 620 48 28 att
393 616 53 31 för
470 615 199 42 budgetåret
695 614 186 37 1930/1931
908 617 54 31 för
986 617 194 32 ändamålet
1204 618 118 32 anvisa
1342 621 46 29 ett
1405 622 94 28 extra
1515 629 99 22 reser-

114 669 255 41 vationsanslag
403 680 42 22 av
483 670 97 38 7,125
613 670 132 31 kronor.
795 671 52 31 Av
872 670 92 32 detta
987 670 124 42 belopp
1135 673 126 39 avsågo
1289 672 95 38 1,125
1410 672 125 32 kronor
1558 672 57 32 det

115 723 222 31 kommunala
360 723 192 40 gymnasiet
576 723 10 31 i
610 723 117 40 Eksjö,
752 723 105 32 vilket
881 723 51 32 till
958 722 41 41 !/s
1024 724 108 32 skulle
1156 724 109 32 under
1280 725 150 32 nämnda
1447 725 168 41 budgetår

114 777 138 32 kvarstå
288 778 111 30 såsom
424 776 224 38 kommunalt,
674 779 88 29 samt
787 778 98 37 6,000
909 777 126 32 kronor
1059 778 56 31 det
1139 778 222 32 kommunala
1387 779 193 40 gymnasiet
1604 779 9 31 i

113 830 222 32 Söderhamn.

158 884 120 32 Såsom
311 889 155 27 närmare
501 885 151 40 framgår
684 895 42 20 av
759 885 110 40 punkt
905 885 62 32 196
1001 896 43 20 av
1073 886 81 31 1931
1181 887 53 30 års
1259 886 137 31 åttonde
1421 886 192 33 huvudtitel

113 938 77 32 blev
207 939 121 40 frågan
342 948 56 21 om
411 937 41 32 de
466 937 157 42 grunder,
638 948 72 21 som
724 937 104 32 borde
841 938 172 41 tillämpas
1026 939 55 31 för
1092 941 47 29 ett
1158 939 293 41 understödjande
1464 951 43 21 av
1522 940 92 31 kom-

115 991 139 32 munala
278 991 204 41 gymnasier,
508 991 142 32 föremål
674 992 54 31 för
752 1002 41 21 en
817 992 168 41 ingående
1009 992 173 42 prövning
1205 993 58 32 vid
1291 994 84 31 1930
1399 995 53 30 års
1465 993 147 41 riksdag.

114 1046 15 31 I
154 1045 149 41 enlighet
336 1045 77 31 med
439 1045 40 31 de
505 1045 176 41 principer,
707 1047 34 29 åt
764 1045 93 32 vilka
881 1045 183 42 riksdagen
1087 1046 10 31 i
1122 1046 53 32 sin
1200 1046 160 33 skrivelse
1385 1047 65 32 den
1476 1048 41 31 23
1542 1047 69 40 maj

118 1100 95 37 1930,
243 1110 40 20 nr
307 1100 74 37 267,
406 1109 67 30 gav
498 1099 144 40 uttryck,
668 1098 201 39 bestämdes,
895 1102 49 28 att
968 1098 56 33 det
1048 1099 223 33 kommunala
1294 1101 193 40 gymnasiet
1510 1101 11 31 i
1545 1100 68 32 Mo-

114 1152 69 32 tala
215 1152 108 32 skulle
347 1151 129 33 erhålla
500 1152 268 32 statsunderstöd
793 1153 76 31 från
894 1153 380 41 reservationsanslaget
1297 1153 51 32 till
1371 1154 185 32 understöd
1581 1156 34 30 åt

115 1206 224 32 kommunala
372 1205 204 42 gymnasier.
624 1205 182 41 Samtidigt
838 1206 151 32 uttalade
1022 1206 193 42 riksdagen,
1241 1210 48 29 att
1313 1207 55 32 det
1392 1207 223 32 kommunala

113 1260 192 41 gymnasiet
337 1260 11 31 i
380 1259 147 42 Lidingö
560 1277 42 2 —
635 1270 73 21 som
742 1259 107 33 under
882 1271 41 20 en
948 1260 89 41 följd
1061 1271 42 22 av
1127 1262 37 30 år
1188 1261 132 32 erhållit
1344 1261 271 33 statsunderstöd

113 1315 77 30 från
223 1313 66 32 den
322 1313 10 32 i
357 1313 377 41 reservationsanslaget
757 1313 47 31 till
830 1313 313 42 privatläroverken
1167 1314 167 42 ingående
1358 1315 256 42 anslagsposten

112 1367 51 32 till
187 1367 103 41 högre
314 1378 88 30 goss-
427 1367 63 32 och
515 1367 186 31 samskolor
725 1385 42 2 —
792 1367 108 32 skulle
924 1368 174 32 överföras
1121 1368 51 31 till
1196 1368 151 42 anslaget
1363 1369 51 31 till
1430 1369 184 32 understöd

113 1423 34 30 åt
170 1420 223 32 kommunala
416 1421 203 41 gymnasier.
668 1421 196 41 Riksdagen
894 1422 86 31 fäste
1005 1422 10 30 i
1040 1421 92 32 detta
1156 1423 252 41 sammanhang
1432 1423 181 41 uppmärk-

115 1475 177 31 samheten
326 1476 44 39 på
393 1478 49 27 att
466 1474 57 31 det
546 1474 223 32 kommunala
792 1474 193 41 gymnasiet
1008 1475 11 31 i
1043 1474 113 39 Eslöv,
1183 1486 73 20 som
1281 1475 179 33 ävenledes
1485 1476 129 41 åtnjöte

113 1527 186 33 understöd
322 1529 77 29 från
423 1527 447 41 privatläroverksanslaget,
896 1528 77 31 från
999 1528 61 32 och
1078 1528 78 32 med
1173 1528 66 32 den
1260 1531 14 29 1
1292 1529 64 40 juli
1375 1530 82 31 1931
1477 1530 138 31 komme

112 1582 10 30 i
148 1592 132 21 samma
304 1581 73 41 läge
402 1591 73 21 som
501 1580 42 32 de
566 1580 88 32 båda
678 1592 88 20 ovan
791 1581 151 31 nämnda
966 1581 252 41 gymnasierna,
1243 1582 10 31 i
1278 1582 56 32 det
1357 1585 49 29 att
1430 1582 65 32 den
1513 1584 102 30 förut-

112 1634 151 32 varande
290 1633 224 33 kommunala
539 1633 246 33 mellanskolan
809 1634 10 31 i
844 1634 113 39 Eslöv,
983 1635 79 32 med
1086 1635 115 32 vilken
1225 1636 192 40 gymnasiet
1441 1636 174 32 därstädes

112 1700 80 21 vore
216 1689 142 37 förenat,
384 1688 44 32 då
451 1687 70 32 helt
545 1688 181 41 överginge
750 1688 50 31 till
824 1691 48 29 att
896 1699 82 21 vara
1002 1700 42 20 en
1060 1692 126 28 statens
1204 1689 172 32 realskola.
1418 1690 196 41 Riksdagen

113 1743 190 38 förutsatte,
329 1744 47 30 att
402 1741 92 32 detta
518 1741 213 32 förhållande
759 1742 180 32 beaktades
955 1742 59 32 vid
1032 1742 245 32 förberedande
1299 1754 42 21 av
1357 1743 258 41 anslagsäskan-

114 1796 88 31 dena
226 1795 49 32 till
302 1796 82 31 1931
411 1797 54 30 års
490 1795 145 41 riksdag.

158 1850 16 30 I
198 1849 338 32 överensstämmelse
559 1849 78 32 med
662 1849 66 32 vad
752 1849 142 32 sålunda
919 1850 132 31 anförts
1075 1850 148 41 föreslog
1247 1850 126 41 Kungl.
1393 1851 99 39 Maj:t
1508 1850 108 32 under

114 1903 111 41 punkt
252 1904 61 31 196
338 1914 42 20 av
407 1904 82 30 1931
517 1904 53 30 års
587 1903 137 31 åttonde
740 1903 193 31 huvudtitel
954 1904 81 30 1931
1055 1905 53 30 års
1125 1903 138 41 riksdag
1280 1908 48 27 att
1345 1905 53 30 för
1414 1904 201 41 budgetåret

114 1954 191 37 1931/1932
341 1956 118 31 anvisa
496 1956 53 31 för
572 1957 61 30 här
649 1956 261 41 ifrågavarande
935 1956 160 31 ändamål
1128 1958 122 36 34,000
1283 1957 135 38 kronor,
1443 1968 43 21 av
1509 1957 106 32 vilket

114 2009 123 41 belopp
262 2009 209 32 beräknades
496 2009 53 31 för
572 2009 222 31 kommunala
817 2009 242 41 gymnasierna
1083 2010 10 30 i
1118 2009 211 32 Söderhamn
1356 2011 99 36 6,000
1479 2011 134 37 kronor,

113 2062 145 41 Lidingö
286 2063 117 37 10,000
428 2063 133 37 kronor,
588 2062 125 32 Motala
740 2063 117 36 10,000
882 2063 125 31 kronor
1031 2063 63 31 och
1112 2063 102 31 Eslöv
1232 2064 97 36 8,000
1346 2063 132 31 kronor.
1514 2064 101 31 Detta

113 2116 129 41 Kungl.
269 2117 114 40 Maj:ts
408 2116 129 40 förslag
560 2116 75 31 blev
660 2127 43 21 av
728 2116 180 41 riksdagen
933 2116 140 32 bifallet.

158 2170 73 31 Hos
263 2169 127 41 Kungl.
417 2170 98 40 Maj:t
539 2170 61 31 har
624 2170 161 40 styrelsen
811 2171 53 30 för
888 2170 120 31 Eslövs
1033 2170 224 31 kommunala
1280 2171 217 40 gymnasium
1524 2171 90 31 hem-

114 2223 100 37 ställt,
247 2226 47 28 att
330 2223 126 40 Kungl.
497 2223 97 40 Maj:t
631 2225 102 29 måtte
767 2228 105 35 pröva
908 2223 62 31 och
998 2224 50 30 för
1075 2224 83 31 1932
1184 2225 53 29 års
1263 2224 137 40 riksdag
1423 2224 189 41 framlägga

114 2276 128 40 förslag
265 2277 9 30 1
300 2277 119 40 frågan
445 2288 56 19 om
526 2276 128 39 förhöjt
675 2276 270 31 statsunderstöd
962 2278 33 29 åt
1013 2276 120 31 sådant
1150 2277 216 31 kommunalt
1383 2277 229 40 gymnasium,

115 2340 72 20 som
213 2334 37 26 är
273 2329 185 31 förbundet
482 2329 77 31 med
584 2340 40 20 en
650 2332 125 28 statens
801 2329 174 31 realskola.

158 2382 73 31 Hos
259 2381 124 41 Kungl.
412 2382 98 40 Maj:t
534 2382 61 31 har
620 2381 113 32 vidare
758 2382 161 39 styrelsen
941 2383 54 30 för
1012 2382 127 31 Motala
1156 2382 222 32 kommunala
1397 2394 70 20 sam
1479 2394 135 29 gymna-

115 2437 89 30 sium
230 2435 151 38 anhållit,
407 2438 49 28 att
481 2435 125 41 Kungl.
634 2435 98 39 Maj:t
756 2437 103 29 måtte
884 2440 81 35 göra
993 2435 252 41 framställning
1269 2435 49 31 till
1348 2437 82 30 1932
1456 2437 54 30 års
1534 2436 79 31 riks-

115 2489 66 40 dag
205 2500 56 20 om
286 2488 145 40 höjning
455 2499 42 21 av
522 2488 151 40 anslaget
697 2488 46 31 till
773 2488 222 31 kommunala
1012 2489 205 39 gymnasier,
1234 2488 176 39 grundade
1427 2490 44 39 på
1488 2492 126 28 statens
