1886 2852
549 148 281 30 Statsutskottets
849 148 178 30 utlåtande
1045 149 51 29 Nr
1114 151 25 26 8.
1531 148 61 31 183

144 232 66 32 För
245 231 200 41 budgetåret
482 228 189 43 1931/1932
706 231 101 40 utgår
830 230 53 32 för
907 229 194 32 ändamålet
1125 231 46 30 ett
1194 231 95 29 extra
1312 227 282 34 reservationsan-

99 286 73 41 slag
195 296 42 22 av
266 286 138 37 138,000
428 285 134 31 kronor.

144 338 329 42 Skolöverstyrelsen
497 338 62 31 har
582 336 183 40 hemställt,
791 339 48 29 att
863 347 133 22 samma
1019 336 123 41 belopp
1162 337 103 30 måtte
1289 335 137 33 anvisas
1443 336 54 31 för
1512 334 81 33 bud-

98 395 127 39 getåret
251 390 198 43 1932/1933.

143 447 133 32 Statens
309 444 379 43 organisationsnämnd
717 445 61 31 har
801 444 130 41 avgivit
954 443 158 42 yttrande
1135 444 11 31 i
1169 444 98 40 fråga
1290 453 56 22 om
1370 442 224 33 förevarande

97 500 118 42 anslag
238 500 63 32 och
325 499 120 33 därvid
469 499 126 32 anfört:

144 581 50 32 De
218 580 343 41 utbildningskurser,
585 590 118 22 varom
727 579 63 32 här
813 583 36 30 är
873 579 106 41 fråga,
1005 583 57 27 äro
1085 577 206 33 tvivelsutan
1315 588 43 21 av
1383 577 66 32 den
1472 579 122 30 största

102 626 170 41 betydelse
301 626 53 31 för
378 624 286 41 möjliggörandet
688 634 43 22 av
755 626 47 30 ett
826 627 64 28 rätt
914 623 218 41 utnyttjande
1156 633 43 22 av
1223 621 369 42 fortsättningsskolan.

101 671 59 31 Att
182 670 70 32 helt
268 669 135 33 inställa
419 670 164 31 kurserna
599 679 98 22 anser
714 668 424 42 organisationsnämnden
1155 667 115 32 därför
1287 667 72 32 icke
1376 666 82 32 böra
1473 667 121 40 ifråga-

102 716 149 31 komma.
299 714 198 32 Emellertid
521 724 111 31 synas,
657 716 84 29 utan
765 715 113 39 någon
903 712 222 33 avsevärdare
1148 712 180 41 olägenhet
1351 712 54 31 för
1421 711 173 32 undervis-

101 760 145 42 ningens
269 759 219 38 bedrivande,
514 759 89 32 vissa
619 758 289 41 inskränkningar
923 758 11 31 i
951 757 180 32 kursernas
1148 756 91 32 antal
1255 756 63 32 och
1335 756 123 32 storlek
1476 756 118 31 kunna

99 806 59 31 ske
182 805 205 32 åtminstone
411 803 110 32 under
543 805 104 39 något
671 802 80 33 eller
774 804 106 39 några
904 804 37 30 år
966 803 135 31 framåt.
1149 801 125 32 Vidare
1298 812 100 30 synes
1415 800 180 42 möjlighet

99 849 165 42 föreligga
287 852 47 29 att
358 849 239 31 åstadkomma
620 849 115 40 någon
758 847 221 41 nedsättning
1003 857 42 22 av
1069 846 245 42 stipendiernas
1338 845 135 32 storlek.
1510 845 16 32 I
1543 845 50 32 be-

98 894 178 33 traktande
310 905 43 21 av
388 893 57 32 det
480 893 105 41 sagda
608 893 62 31 har
694 891 424 42 organisationsnämnden
1141 892 85 31 efter
1249 890 207 33 verkställda
1478 890 115 32 beräk-

99 939 122 41 ningar
255 939 117 31 funnit
407 938 52 41 sig
493 938 73 31 icke
600 937 82 33 böra
717 937 178 41 tillstyrka,
921 939 48 29 att
992 935 261 42 ifrågavarande
1276 935 120 42 anslag
1419 936 54 31 för
1496 938 98 29 nästa

99 983 166 43 budgetår
288 986 167 39 upptages
479 982 51 32 till
553 982 105 41 högre
681 981 124 42 belopp
829 986 44 27 än
898 982 122 39 88,000
1044 981 132 32 kronor.

141 1064 384 42 Departementschefen
548 1063 62 32 har
634 1064 115 31 anfört
771 1062 167 41 följande:

142 1136 16 32 I
181 1135 224 33 betraktande
429 1146 43 21 av
497 1146 46 20 nu
567 1134 150 32 rådande
741 1133 240 33 förhållanden
1005 1134 61 31 och
1091 1133 78 32 med
1192 1133 135 41 hänsyn
1350 1132 51 32 till
1417 1132 67 33 vad
1501 1142 92 31 orga-

98 1180 340 33 nisationsnämnden
462 1180 114 31 anfört
599 1179 131 41 nödgas
752 1179 60 41 jag
834 1178 137 32 förorda
988 1188 40 21 en
1047 1178 170 41 sänkning
1233 1188 42 22 av
1287 1177 120 32 hittills
1424 1176 169 42 utgående

100 1226 119 41 anslag
242 1225 50 32 till
315 1224 262 42 ifrågavarande
600 1224 128 32 kurser.
775 1224 66 31 För
864 1223 287 32 nästkommande
1175 1222 166 41 budgetår
1363 1221 60 33 vill
1446 1222 60 40 jag
1522 1221 72 32 där-

100 1272 62 38 för,
196 1271 11 31 i
231 1270 150 41 enlighet
404 1269 80 33 med
508 1268 442 42 organisationsnämndens
974 1267 137 42 förslag,
1135 1266 168 42 tillstyrka
1328 1269 46 30 ett
1397 1266 51 32 till
1472 1267 122 37 88,000

100 1316 125 32 kronor
249 1315 150 32 minskat
424 1314 119 41 anslag
566 1315 53 31 för
643 1312 203 33 ändamålet.
895 1313 65 32 Det
976 1312 94 32 torde
1087 1312 185 32 ankomma
1287 1313 45 40 på
1349 1311 127 42 Kungl.
1495 1311 99 41 Maj:t

101 1363 49 29 att
172 1359 157 33 meddela
352 1359 256 33 bestämmelser
631 1358 144 33 rörande
798 1358 170 41 anslagets
992 1357 210 42 disposition.

143 1459 180 38 Utskottet,
348 1468 75 22 som
447 1457 74 32 icke
544 1457 62 32 har
629 1458 104 39 något
756 1458 49 30 att
827 1456 112 32 erinra
961 1458 72 29 mot
1056 1455 127 41 Kungl.
1209 1455 115 40 Maj:ts
1347 1454 137 41 förslag,
1501 1454 92 32 hem-

95 1512 122 39 ställer,

460 1567 49 29 att
531 1563 183 41 riksdagen
739 1564 56 30 må
819 1562 50 32 till
892 1562 333 41 utbildningskurser
1247 1562 55 31 för
1316 1560 108 33 lärare
1439 1560 60 33 vid
1514 1561 79 32 fort-

418 1616 284 43 sättningsskolor
725 1616 118 33 anvisa
867 1616 54 32 för
943 1615 200 42 budgetåret
1167 1614 190 38 1932/1933
1374 1617 47 29 ett
1437 1616 94 30 extra
1547 1625 46 21 re-

420 1670 310 41 servationsanslag
765 1681 42 21 av
843 1670 121 38 $88,000
998 1669 125 32 kronor
1156 1671 50 29 att
1228 1670 83 40 utgå
1334 1668 106 41 enligt
1463 1667 128 41 Kungl.

417 1725 116 41 Maj:ts
568 1723 258 34 bestämmande
862 1723 63 32 och
960 1725 45 39 på
1028 1723 41 32 de
1092 1722 132 39 villkor,
1249 1721 127 42 Kungl.
1403 1721 99 41 Maj:t
1524 1721 69 32 kan

414 1779 94 31 finna
532 1781 72 39 gott
627 1777 197 33 föreskriva.

142 1902 108 44 201:0)
297 1904 28 32 I-
348 1903 151 42 enlighet
534 1903 79 32 med
637 1902 128 41 Kungl.
791 1902 115 40 Maj:ts
929 1901 129 41 förslag
1081 1898 121 44 (punkt
1228 1897 73 44 198)
1325 1899 196 32 hemställer
1544 1902 48 29 ut-

95 1959 133 38 skottet,

462 2012 48 30 att
534 2009 181 41 riksdagen
740 2010 65 36 må,
830 2008 11 32 i
865 2008 107 31 likhet
996 2007 77 32 med
1099 2007 65 32 vad
1187 2007 54 31 för
1263 2006 232 32 innevarande
1510 2005 82 32 bud-

419 2065 95 40 getår
537 2065 57 39 ägt
618 2073 86 28 rum,
730 2061 50 32 till
804 2061 207 42 provisorisk
1035 2059 386 42 avlöningsförbättring
1436 2061 33 30 åt
1486 2059 106 32 lärare

419 2117 58 33 vid
501 2116 104 42 högre
631 2115 194 39 folkskolor,
850 2118 48 29 att
917 2116 83 39 utgå
1015 2114 105 42 enligt
1136 2124 131 22 samma
1283 2113 158 42 grunder,
1459 2124 74 21 som
1550 2124 42 22 av

419 2170 179 41 riksdagen
633 2169 163 33 beslutats
830 2170 53 31 för
915 2168 199 41 budgetåret
1148 2168 199 37 1929/1930,
1381 2166 127 41 bevilja
1540 2168 53 30 för

419 2223 199 41 budgetåret
656 2220 188 37 1932/1933
880 2225 47 29 ett
961 2224 95 29 extra
1089 2220 266 42 förslagsanslag
1381 2231 44 22 av
1451 2221 142 38 100,000

416 2278 133 30 kronor.

1626 1898 180 26 Provisorisk

1638 1934 160 32 avlönings-

1612 1969 172 31 förbättring
1796 1969 29 26 åt

1639 2004 91 26 lärare
1750 2005 47 25 vid

1629 2040 88 31 högre
1738 2041 68 25 folk-

1666 2076 104 26 skolor.

1671 2118 95 43 [198.]
