<?xml version="1.0" encoding="UTF-8"?>
<alto xmlns="http://www.loc.gov/standards/alto/ns-v3#" xmlns:xlink="http://www.w3.org/1999/xlink" xmlns:xsi="http://www.w3.org/2001/XMLSchema-instance" xsi:schemaLocation="http://www.loc.gov/standards/alto/ns-v3# http://www.loc.gov/alto/v3/alto-3-0.xsd">
	<Description>
		<MeasurementUnit>pixel</MeasurementUnit>
		<sourceImageInformation>
			<fileName>/tmp/tess_9a9ozol1_input.PNG</fileName>
		</sourceImageInformation>
		<OCRProcessing ID="OCR_0">
			<ocrProcessingStep>
				<processingSoftware>
					<softwareName>tesseract 5.3.0</softwareName>
				</processingSoftware>
			</ocrProcessingStep>
		</OCRProcessing>
	</Description>
	<Layout>
		<Page WIDTH="1898" HEIGHT="2848" PHYSICAL_IMG_NR="0" ID="page_0">
			<PrintSpace HPOS="0" VPOS="0" WIDTH="1898" HEIGHT="2848">
				<ComposedBlock ID="cblock_0" HPOS="46" VPOS="1358" WIDTH="211" HEIGHT="282">
					<TextBlock ID="block_0" HPOS="46" VPOS="1358" WIDTH="211" HEIGHT="282">
						<TextLine ID="line_0" HPOS="75" VPOS="1358" WIDTH="160" HEIGHT="26">
							<String ID="string_0" HPOS="75" VPOS="1358" WIDTH="160" HEIGHT="26" WC="0.96" CONTENT="Underhåll"/>
						</TextLine>
						<TextLine ID="line_1" HPOS="56" VPOS="1394" WIDTH="192" HEIGHT="25">
							<String ID="string_1" HPOS="56" VPOS="1394" WIDTH="54" HEIGHT="24" WC="0.93" CONTENT="och"/><SP WIDTH="8" VPOS="1394" HPOS="110"/>
							<String ID="string_2" HPOS="118" VPOS="1394" WIDTH="130" HEIGHT="25" WC="0.92" CONTENT="förökan-"/>
						</TextLine>
						<TextLine ID="line_2" HPOS="78" VPOS="1429" WIDTH="150" HEIGHT="26">
							<String ID="string_3" HPOS="78" VPOS="1429" WIDTH="34" HEIGHT="25" WC="0.96" CONTENT="de"/><SP WIDTH="21" VPOS="1429" HPOS="112"/>
							<String ID="string_4" HPOS="133" VPOS="1437" WIDTH="36" HEIGHT="18" WC="0.96" CONTENT="av"/><SP WIDTH="22" VPOS="1437" HPOS="169"/>
							<String ID="string_5" HPOS="191" VPOS="1430" WIDTH="37" HEIGHT="25" WC="0.96" CONTENT="de"/>
						</TextLine>
						<TextLine ID="line_3" HPOS="46" VPOS="1465" WIDTH="211" HEIGHT="26">
							<String ID="string_6" HPOS="46" VPOS="1465" WIDTH="91" HEIGHT="25" WC="0.91" CONTENT="under"/><SP WIDTH="24" VPOS="1465" HPOS="137"/>
							<String ID="string_7" HPOS="161" VPOS="1466" WIDTH="96" HEIGHT="25" WC="0.91" CONTENT="vitter-"/>
						</TextLine>
						<TextLine ID="line_4" HPOS="68" VPOS="1501" WIDTH="168" HEIGHT="26">
							<String ID="string_8" HPOS="68" VPOS="1501" WIDTH="168" HEIGHT="26" WC="0.92" CONTENT="hetsakade-"/>
						</TextLine>
						<TextLine ID="line_5" HPOS="60" VPOS="1536" WIDTH="183" HEIGHT="27">
							<String ID="string_9" HPOS="60" VPOS="1536" WIDTH="92" HEIGHT="25" WC="0.92" CONTENT="miens"/><SP WIDTH="20" VPOS="1536" HPOS="152"/>
							<String ID="string_10" HPOS="172" VPOS="1537" WIDTH="71" HEIGHT="26" WC="0.89" CONTENT="inse-"/>
						</TextLine>
						<TextLine ID="line_6" HPOS="53" VPOS="1572" WIDTH="197" HEIGHT="26">
							<String ID="string_11" HPOS="53" VPOS="1572" WIDTH="71" HEIGHT="25" WC="0.96" CONTENT="ende"/><SP WIDTH="21" VPOS="1572" HPOS="124"/>
							<String ID="string_12" HPOS="145" VPOS="1573" WIDTH="105" HEIGHT="25" WC="0.96" CONTENT="ställda"/>
						</TextLine>
						<TextLine ID="line_7" HPOS="52" VPOS="1608" WIDTH="197" HEIGHT="32">
							<String ID="string_13" HPOS="52" VPOS="1608" WIDTH="197" HEIGHT="32" WC="0.95" CONTENT="samlingarna"/>
						</TextLine>
					</TextBlock>
				</ComposedBlock>
				<ComposedBlock ID="cblock_1" HPOS="44" VPOS="1695" WIDTH="213" HEIGHT="100">
					<TextBlock ID="block_1" HPOS="44" VPOS="1695" WIDTH="213" HEIGHT="100">
						<TextLine ID="line_8" HPOS="59" VPOS="1695" WIDTH="186" HEIGHT="33">
							<String ID="string_14" HPOS="59" VPOS="1695" WIDTH="88" HEIGHT="33" WC="0.96" CONTENT="jämte"/><SP WIDTH="21" VPOS="1695" HPOS="147"/>
							<String ID="string_15" HPOS="168" VPOS="1698" WIDTH="49" HEIGHT="25" WC="0.96" CONTENT="två"/><SP WIDTH="19" VPOS="1698" HPOS="217"/>
							<String ID="string_16" HPOS="236" VPOS="1698" WIDTH="9" HEIGHT="25" WC="0.96" CONTENT="i"/>
						</TextLine>
						<TextLine ID="line_9" HPOS="44" VPOS="1734" WIDTH="213" HEIGHT="25">
							<String ID="string_17" HPOS="44" VPOS="1735" WIDTH="96" HEIGHT="23" WC="0.96" CONTENT="ämnet"/><SP WIDTH="15" VPOS="1735" HPOS="140"/>
							<String ID="string_18" HPOS="155" VPOS="1734" WIDTH="102" HEIGHT="25" WC="0.96" CONTENT="väckta"/>
						</TextLine>
						<TextLine ID="line_10" HPOS="74" VPOS="1769" WIDTH="150" HEIGHT="26">
							<String ID="string_19" HPOS="74" VPOS="1769" WIDTH="150" HEIGHT="26" WC="0.96" CONTENT="motioner."/>
						</TextLine>
					</TextBlock>
				</ComposedBlock>
				<ComposedBlock ID="cblock_2" HPOS="68" VPOS="2195" WIDTH="164" HEIGHT="68">
					<TextBlock ID="block_2" HPOS="68" VPOS="2195" WIDTH="164" HEIGHT="68">
						<TextLine ID="line_11" HPOS="68" VPOS="2195" WIDTH="164" HEIGHT="27">
							<String ID="string_20" HPOS="68" VPOS="2195" WIDTH="164" HEIGHT="27" WC="0.96" CONTENT="Utskottets"/>
						</TextLine>
						<TextLine ID="line_12" HPOS="78" VPOS="2232" WIDTH="144" HEIGHT="31">
							<String ID="string_21" HPOS="78" VPOS="2232" WIDTH="144" HEIGHT="31" WC="0.96" CONTENT="yttrande."/>
						</TextLine>
					</TextBlock>
				</ComposedBlock>
				<ComposedBlock ID="cblock_3" HPOS="289" VPOS="142" WIDTH="1043" HEIGHT="37">
					<TextBlock ID="block_3" HPOS="289" VPOS="142" WIDTH="1043" HEIGHT="37">
						<TextLine ID="line_13" HPOS="289" VPOS="142" WIDTH="1043" HEIGHT="37">
							<String ID="string_22" HPOS="289" VPOS="142" WIDTH="41" HEIGHT="31" WC="0.95" CONTENT="26"/><SP WIDTH="414" VPOS="142" HPOS="330"/>
							<String ID="string_23" HPOS="744" VPOS="142" WIDTH="280" HEIGHT="32" WC="0.89" CONTENT="Statsutskottets"/><SP WIDTH="19" VPOS="142" HPOS="1024"/>
							<String ID="string_24" HPOS="1043" VPOS="146" WIDTH="177" HEIGHT="30" WC="0.96" CONTENT="utlåtande"/><SP WIDTH="19" VPOS="146" HPOS="1220"/>
							<String ID="string_25" HPOS="1239" VPOS="146" WIDTH="51" HEIGHT="33" WC="0.96" CONTENT="Nr"/><SP WIDTH="18" VPOS="146" HPOS="1290"/>
							<String ID="string_26" HPOS="1308" VPOS="150" WIDTH="24" HEIGHT="26" WC="0.96" CONTENT="8."/>
						</TextLine>
					</TextBlock>
				</ComposedBlock>
				<ComposedBlock ID="cblock_4" HPOS="282" VPOS="230" WIDTH="1502" HEIGHT="691">
					<TextBlock ID="block_4" HPOS="287" VPOS="230" WIDTH="1497" HEIGHT="98">
						<TextLine ID="line_14" HPOS="287" VPOS="230" WIDTH="1497" HEIGHT="44">
							<String ID="string_27" HPOS="287" VPOS="230" WIDTH="124" HEIGHT="32" WC="0.96" CONTENT="kronor"/><SP WIDTH="23" VPOS="230" HPOS="411"/>
							<String ID="string_28" HPOS="434" VPOS="231" WIDTH="50" HEIGHT="31" WC="0.96" CONTENT="till"/><SP WIDTH="25" VPOS="231" HPOS="484"/>
							<String ID="string_29" HPOS="509" VPOS="232" WIDTH="202" HEIGHT="40" WC="0.95" CONTENT="förfogande"/><SP WIDTH="25" VPOS="232" HPOS="711"/>
							<String ID="string_30" HPOS="736" VPOS="244" WIDTH="42" HEIGHT="21" WC="0.96" CONTENT="av"/><SP WIDTH="24" VPOS="244" HPOS="778"/>
							<String ID="string_31" HPOS="802" VPOS="233" WIDTH="121" HEIGHT="33" WC="0.96" CONTENT="chefen"/><SP WIDTH="24" VPOS="233" HPOS="923"/>
							<String ID="string_32" HPOS="947" VPOS="235" WIDTH="54" HEIGHT="31" WC="0.96" CONTENT="för"/><SP WIDTH="16" VPOS="235" HPOS="1001"/>
							<String ID="string_33" HPOS="1017" VPOS="235" WIDTH="102" HEIGHT="32" WC="0.96" CONTENT="rikets"/><SP WIDTH="17" VPOS="235" HPOS="1119"/>
							<String ID="string_34" HPOS="1136" VPOS="236" WIDTH="173" HEIGHT="32" WC="0.91" CONTENT="allmänna"/><SP WIDTH="16" VPOS="236" HPOS="1309"/>
							<String ID="string_35" HPOS="1325" VPOS="237" WIDTH="158" HEIGHT="33" WC="0.91" CONTENT="kartverk"/><SP WIDTH="17" VPOS="237" HPOS="1483"/>
							<String ID="string_36" HPOS="1500" VPOS="239" WIDTH="53" HEIGHT="31" WC="0.96" CONTENT="för"/><SP WIDTH="16" VPOS="239" HPOS="1553"/>
							<String ID="string_37" HPOS="1569" VPOS="239" WIDTH="215" HEIGHT="35" WC="0.96" CONTENT="bestridande"/>
						</TextLine>
						<TextLine ID="line_15" HPOS="287" VPOS="283" WIDTH="1152" HEIGHT="45">
							<String ID="string_38" HPOS="287" VPOS="294" WIDTH="42" HEIGHT="21" WC="0.96" CONTENT="av"/><SP WIDTH="24" VPOS="294" HPOS="329"/>
							<String ID="string_39" HPOS="353" VPOS="283" WIDTH="41" HEIGHT="32" WC="0.96" CONTENT="de"/><SP WIDTH="27" VPOS="283" HPOS="394"/>
							<String ID="string_40" HPOS="421" VPOS="284" WIDTH="79" HEIGHT="32" WC="0.93" CONTENT="med"/><SP WIDTH="28" VPOS="284" HPOS="500"/>
							<String ID="string_41" HPOS="528" VPOS="284" WIDTH="227" HEIGHT="42" WC="0.92" CONTENT="längdbasens"/><SP WIDTH="28" VPOS="284" HPOS="755"/>
							<String ID="string_42" HPOS="783" VPOS="287" WIDTH="207" HEIGHT="41" WC="0.96" CONTENT="upplåtande"/><SP WIDTH="25" VPOS="287" HPOS="990"/>
							<String ID="string_43" HPOS="1015" VPOS="289" WIDTH="162" HEIGHT="32" WC="0.96" CONTENT="förenade"/><SP WIDTH="24" VPOS="289" HPOS="1177"/>
							<String ID="string_44" HPOS="1201" VPOS="290" WIDTH="238" HEIGHT="34" WC="0.96" CONTENT="kostnaderna."/>
						</TextLine>
					</TextBlock>
					<TextBlock ID="block_5" HPOS="282" VPOS="337" WIDTH="1502" HEIGHT="527">
						<TextLine ID="line_16" HPOS="331" VPOS="337" WIDTH="1453" HEIGHT="50">
							<String ID="string_45" HPOS="331" VPOS="337" WIDTH="433" HEIGHT="41" WC="0.89" CONTENT="Organisationsnämnden"/><SP WIDTH="32" VPOS="337" HPOS="764"/>
							<String ID="string_46" HPOS="796" VPOS="340" WIDTH="62" HEIGHT="31" WC="0.95" CONTENT="har"/><SP WIDTH="35" VPOS="340" HPOS="858"/>
							<String ID="string_47" HPOS="893" VPOS="341" WIDTH="179" HEIGHT="39" WC="0.96" CONTENT="meddelat,"/><SP WIDTH="37" VPOS="341" HPOS="1072"/>
							<String ID="string_48" HPOS="1109" VPOS="345" WIDTH="57" HEIGHT="36" WC="0.96" CONTENT="att,"/><SP WIDTH="30" VPOS="345" HPOS="1166"/>
							<String ID="string_49" HPOS="1196" VPOS="343" WIDTH="104" HEIGHT="32" WC="0.93" CONTENT="sedan"/><SP WIDTH="36" VPOS="343" HPOS="1300"/>
							<String ID="string_50" HPOS="1336" VPOS="344" WIDTH="209" HEIGHT="33" WC="0.91" CONTENT="kartverkets"/><SP WIDTH="28" VPOS="344" HPOS="1545"/>
							<String ID="string_51" HPOS="1573" VPOS="345" WIDTH="167" HEIGHT="42" WC="0.91" CONTENT="längdbas"/><SP WIDTH="25" VPOS="345" HPOS="1740"/>
							<String ID="string_52" HPOS="1765" VPOS="350" WIDTH="19" HEIGHT="29" WC="0.93" CONTENT="å"/>
						</TextLine>
						<TextLine ID="line_17" HPOS="287" VPOS="382" WIDTH="1497" HEIGHT="57">
							<String ID="string_53" HPOS="287" VPOS="382" WIDTH="109" HEIGHT="40" WC="0.96" CONTENT="Öland"/><SP WIDTH="25" VPOS="382" HPOS="396"/>
							<String ID="string_54" HPOS="421" VPOS="390" WIDTH="107" HEIGHT="33" WC="0.96" CONTENT="ställts"/><SP WIDTH="24" VPOS="390" HPOS="528"/>
							<String ID="string_55" HPOS="552" VPOS="391" WIDTH="50" HEIGHT="32" WC="0.96" CONTENT="till"/><SP WIDTH="23" VPOS="391" HPOS="602"/>
							<String ID="string_56" HPOS="625" VPOS="392" WIDTH="285" HEIGHT="34" WC="0.96" CONTENT="kommissionens"/><SP WIDTH="24" VPOS="392" HPOS="910"/>
							<String ID="string_57" HPOS="934" VPOS="395" WIDTH="202" HEIGHT="41" WC="0.96" CONTENT="förfogande"/><SP WIDTH="24" VPOS="395" HPOS="1136"/>
							<String ID="string_58" HPOS="1160" VPOS="397" WIDTH="55" HEIGHT="31" WC="0.96" CONTENT="för"/><SP WIDTH="23" VPOS="397" HPOS="1215"/>
							<String ID="string_59" HPOS="1238" VPOS="407" WIDTH="88" HEIGHT="22" WC="0.96" CONTENT="ovan"/><SP WIDTH="25" VPOS="407" HPOS="1326"/>
							<String ID="string_60" HPOS="1351" VPOS="398" WIDTH="149" HEIGHT="41" WC="0.96" CONTENT="angivna"/><SP WIDTH="23" VPOS="398" HPOS="1500"/>
							<String ID="string_61" HPOS="1523" VPOS="399" WIDTH="169" HEIGHT="40" WC="0.93" CONTENT="ändamål,"/><SP WIDTH="15" VPOS="399" HPOS="1692"/>
							<String ID="string_62" HPOS="1707" VPOS="401" WIDTH="77" HEIGHT="31" WC="0.92" CONTENT="den-"/>
						</TextLine>
						<TextLine ID="line_18" HPOS="286" VPOS="444" WIDTH="1497" HEIGHT="42">
							<String ID="string_63" HPOS="286" VPOS="455" WIDTH="131" HEIGHT="21" WC="0.95" CONTENT="samma"/><SP WIDTH="24" VPOS="455" HPOS="417"/>
							<String ID="string_64" HPOS="441" VPOS="444" WIDTH="119" HEIGHT="32" WC="0.95" CONTENT="endast"/><SP WIDTH="23" VPOS="444" HPOS="560"/>
							<String ID="string_65" HPOS="583" VPOS="448" WIDTH="47" HEIGHT="29" WC="0.96" CONTENT="ett"/><SP WIDTH="23" VPOS="448" HPOS="630"/>
							<String ID="string_66" HPOS="653" VPOS="445" WIDTH="80" HEIGHT="33" WC="0.96" CONTENT="eller"/><SP WIDTH="23" VPOS="445" HPOS="733"/>
							<String ID="string_67" HPOS="756" VPOS="450" WIDTH="104" HEIGHT="28" WC="0.96" CONTENT="annat"/><SP WIDTH="23" VPOS="450" HPOS="860"/>
							<String ID="string_68" HPOS="883" VPOS="449" WIDTH="37" HEIGHT="30" WC="0.96" CONTENT="år"/><SP WIDTH="23" VPOS="449" HPOS="920"/>
							<String ID="string_69" HPOS="943" VPOS="447" WIDTH="136" HEIGHT="33" WC="0.96" CONTENT="besökts"/><SP WIDTH="23" VPOS="447" HPOS="1079"/>
							<String ID="string_70" HPOS="1102" VPOS="459" WIDTH="43" HEIGHT="23" WC="0.93" CONTENT="av"/><SP WIDTH="24" VPOS="459" HPOS="1145"/>
							<String ID="string_71" HPOS="1169" VPOS="450" WIDTH="468" HEIGHT="34" WC="0.91" CONTENT="kommissionsmedlemmar"/><SP WIDTH="11" VPOS="450" HPOS="1637"/>
							<String ID="string_72" HPOS="1648" VPOS="454" WIDTH="76" HEIGHT="31" WC="0.96" CONTENT="från"/><SP WIDTH="19" VPOS="454" HPOS="1724"/>
							<String ID="string_73" HPOS="1743" VPOS="454" WIDTH="40" HEIGHT="32" WC="0.96" CONTENT="de"/>
						</TextLine>
						<TextLine ID="line_19" HPOS="286" VPOS="497" WIDTH="1497" HEIGHT="50">
							<String ID="string_74" HPOS="286" VPOS="498" WIDTH="116" HEIGHT="40" WC="0.95" CONTENT="övriga"/><SP WIDTH="30" VPOS="498" HPOS="402"/>
							<String ID="string_75" HPOS="432" VPOS="497" WIDTH="173" HEIGHT="40" WC="0.95" CONTENT="länderna,"/><SP WIDTH="33" VPOS="497" HPOS="605"/>
							<String ID="string_76" HPOS="638" VPOS="500" WIDTH="116" HEIGHT="31" WC="0.96" CONTENT="varför"/><SP WIDTH="34" VPOS="500" HPOS="754"/>
							<String ID="string_77" HPOS="788" VPOS="501" WIDTH="224" HEIGHT="33" WC="0.96" CONTENT="förevarande"/><SP WIDTH="30" VPOS="501" HPOS="1012"/>
							<String ID="string_78" HPOS="1042" VPOS="502" WIDTH="54" HEIGHT="32" WC="0.96" CONTENT="del"/><SP WIDTH="31" VPOS="502" HPOS="1096"/>
							<String ID="string_79" HPOS="1127" VPOS="513" WIDTH="42" HEIGHT="22" WC="0.96" CONTENT="av"/><SP WIDTH="25" VPOS="513" HPOS="1169"/>
							<String ID="string_80" HPOS="1194" VPOS="504" WIDTH="152" HEIGHT="41" WC="0.96" CONTENT="anslaget"/><SP WIDTH="35" VPOS="504" HPOS="1346"/>
							<String ID="string_81" HPOS="1381" VPOS="505" WIDTH="30" HEIGHT="40" WC="0.96" CONTENT="ej"/><SP WIDTH="37" VPOS="505" HPOS="1411"/>
							<String ID="string_82" HPOS="1448" VPOS="505" WIDTH="96" HEIGHT="32" WC="0.96" CONTENT="alltid"/><SP WIDTH="23" VPOS="505" HPOS="1544"/>
							<String ID="string_83" HPOS="1567" VPOS="506" WIDTH="102" HEIGHT="41" WC="0.96" CONTENT="tagits"/><SP WIDTH="24" VPOS="506" HPOS="1669"/>
							<String ID="string_84" HPOS="1693" VPOS="507" WIDTH="11" HEIGHT="31" WC="0.91" CONTENT="i"/><SP WIDTH="24" VPOS="507" HPOS="1704"/>
							<String ID="string_85" HPOS="1728" VPOS="518" WIDTH="55" HEIGHT="21" WC="0.91" CONTENT="an-"/>
						</TextLine>
						<TextLine ID="line_20" HPOS="285" VPOS="551" WIDTH="1498" HEIGHT="50">
							<String ID="string_86" HPOS="285" VPOS="551" WIDTH="110" HEIGHT="41" WC="0.94" CONTENT="språk."/><SP WIDTH="48" VPOS="551" HPOS="395"/>
							<String ID="string_87" HPOS="443" VPOS="551" WIDTH="51" HEIGHT="32" WC="0.96" CONTENT="De"/><SP WIDTH="33" VPOS="551" HPOS="494"/>
							<String ID="string_88" HPOS="527" VPOS="554" WIDTH="46" HEIGHT="36" WC="0.94" CONTENT="år,"/><SP WIDTH="34" VPOS="554" HPOS="573"/>
							<String ID="string_89" HPOS="607" VPOS="552" WIDTH="42" HEIGHT="32" WC="0.97" CONTENT="då"/><SP WIDTH="26" VPOS="552" HPOS="649"/>
							<String ID="string_90" HPOS="675" VPOS="554" WIDTH="36" HEIGHT="30" WC="0.96" CONTENT="så"/><SP WIDTH="25" VPOS="554" HPOS="711"/>
							<String ID="string_91" HPOS="736" VPOS="553" WIDTH="96" HEIGHT="39" WC="0.96" CONTENT="skett,"/><SP WIDTH="26" VPOS="553" HPOS="832"/>
							<String ID="string_92" HPOS="858" VPOS="554" WIDTH="62" HEIGHT="32" WC="0.96" CONTENT="har"/><SP WIDTH="33" VPOS="554" HPOS="920"/>
							<String ID="string_93" HPOS="953" VPOS="555" WIDTH="56" HEIGHT="32" WC="0.96" CONTENT="det"/><SP WIDTH="33" VPOS="555" HPOS="1009"/>
							<String ID="string_94" HPOS="1042" VPOS="556" WIDTH="186" HEIGHT="32" WC="0.94" CONTENT="emellertid"/><SP WIDTH="33" VPOS="556" HPOS="1228"/>
							<String ID="string_95" HPOS="1261" VPOS="557" WIDTH="86" HEIGHT="32" WC="0.96" CONTENT="visat"/><SP WIDTH="24" VPOS="557" HPOS="1347"/>
							<String ID="string_96" HPOS="1371" VPOS="558" WIDTH="61" HEIGHT="41" WC="0.96" CONTENT="sig,"/><SP WIDTH="25" VPOS="558" HPOS="1432"/>
							<String ID="string_97" HPOS="1457" VPOS="561" WIDTH="48" HEIGHT="30" WC="0.96" CONTENT="att"/><SP WIDTH="25" VPOS="561" HPOS="1505"/>
							<String ID="string_98" HPOS="1530" VPOS="559" WIDTH="156" HEIGHT="42" WC="0.96" CONTENT="beloppet"/><SP WIDTH="23" VPOS="559" HPOS="1686"/>
							<String ID="string_99" HPOS="1709" VPOS="560" WIDTH="74" HEIGHT="33" WC="0.96" CONTENT="icke"/>
						</TextLine>
						<TextLine ID="line_21" HPOS="284" VPOS="604" WIDTH="1499" HEIGHT="51">
							<String ID="string_100" HPOS="284" VPOS="604" WIDTH="154" HEIGHT="41" WC="0.90" CONTENT="förslagit"/><SP WIDTH="32" VPOS="604" HPOS="438"/>
							<String ID="string_101" HPOS="470" VPOS="605" WIDTH="50" HEIGHT="32" WC="0.96" CONTENT="till"/><SP WIDTH="24" VPOS="605" HPOS="520"/>
							<String ID="string_102" HPOS="544" VPOS="606" WIDTH="165" HEIGHT="32" WC="0.95" CONTENT="täckande"/><SP WIDTH="25" VPOS="606" HPOS="709"/>
							<String ID="string_103" HPOS="734" VPOS="618" WIDTH="42" HEIGHT="21" WC="0.96" CONTENT="av"/><SP WIDTH="24" VPOS="618" HPOS="776"/>
							<String ID="string_104" HPOS="800" VPOS="607" WIDTH="40" HEIGHT="32" WC="0.96" CONTENT="de"/><SP WIDTH="24" VPOS="607" HPOS="840"/>
							<String ID="string_105" HPOS="864" VPOS="608" WIDTH="192" HEIGHT="39" WC="0.96" CONTENT="kostnader,"/><SP WIDTH="25" VPOS="608" HPOS="1056"/>
							<String ID="string_106" HPOS="1081" VPOS="610" WIDTH="53" HEIGHT="31" WC="0.96" CONTENT="för"/><SP WIDTH="23" VPOS="610" HPOS="1134"/>
							<String ID="string_107" HPOS="1157" VPOS="610" WIDTH="93" HEIGHT="32" WC="0.96" CONTENT="vilka"/><SP WIDTH="25" VPOS="610" HPOS="1250"/>
							<String ID="string_108" HPOS="1275" VPOS="611" WIDTH="55" HEIGHT="32" WC="0.96" CONTENT="det"/><SP WIDTH="23" VPOS="611" HPOS="1330"/>
							<String ID="string_109" HPOS="1353" VPOS="615" WIDTH="135" HEIGHT="29" WC="0.94" CONTENT="avsetts."/><SP WIDTH="48" VPOS="615" HPOS="1488"/>
							<String ID="string_110" HPOS="1536" VPOS="613" WIDTH="79" HEIGHT="32" WC="0.96" CONTENT="Med"/><SP WIDTH="33" VPOS="613" HPOS="1615"/>
							<String ID="string_111" HPOS="1648" VPOS="614" WIDTH="135" HEIGHT="41" WC="0.96" CONTENT="hänsyn"/>
						</TextLine>
						<TextLine ID="line_22" HPOS="284" VPOS="657" WIDTH="1499" HEIGHT="48">
							<String ID="string_112" HPOS="284" VPOS="657" WIDTH="49" HEIGHT="32" WC="0.95" CONTENT="till"/><SP WIDTH="24" VPOS="657" HPOS="333"/>
							<String ID="string_113" HPOS="357" VPOS="658" WIDTH="41" HEIGHT="32" WC="0.95" CONTENT="de"/><SP WIDTH="25" VPOS="658" HPOS="398"/>
							<String ID="string_114" HPOS="423" VPOS="658" WIDTH="256" HEIGHT="42" WC="0.96" CONTENT="upplysningar,"/><SP WIDTH="26" VPOS="658" HPOS="679"/>
							<String ID="string_115" HPOS="705" VPOS="671" WIDTH="73" HEIGHT="21" WC="0.96" CONTENT="som"/><SP WIDTH="24" VPOS="671" HPOS="778"/>
							<String ID="string_116" HPOS="802" VPOS="660" WIDTH="144" HEIGHT="33" WC="0.96" CONTENT="sålunda"/><SP WIDTH="23" VPOS="660" HPOS="946"/>
							<String ID="string_117" HPOS="969" VPOS="662" WIDTH="147" HEIGHT="33" WC="0.96" CONTENT="lämnats"/><SP WIDTH="23" VPOS="662" HPOS="1116"/>
							<String ID="string_118" HPOS="1139" VPOS="663" WIDTH="12" HEIGHT="32" WC="0.96" CONTENT="i"/><SP WIDTH="23" VPOS="663" HPOS="1151"/>
							<String ID="string_119" HPOS="1174" VPOS="664" WIDTH="98" HEIGHT="41" WC="0.96" CONTENT="fråga"/><SP WIDTH="24" VPOS="664" HPOS="1272"/>
							<String ID="string_120" HPOS="1296" VPOS="675" WIDTH="56" HEIGHT="21" WC="0.95" CONTENT="om"/><SP WIDTH="25" VPOS="675" HPOS="1352"/>
							<String ID="string_121" HPOS="1377" VPOS="665" WIDTH="54" HEIGHT="32" WC="0.95" CONTENT="det"/><SP WIDTH="24" VPOS="665" HPOS="1431"/>
							<String ID="string_122" HPOS="1455" VPOS="666" WIDTH="120" HEIGHT="39" WC="0.96" CONTENT="behov,"/><SP WIDTH="26" VPOS="666" HPOS="1575"/>
							<String ID="string_123" HPOS="1601" VPOS="678" WIDTH="74" HEIGHT="21" WC="0.96" CONTENT="som"/><SP WIDTH="29" VPOS="678" HPOS="1675"/>
							<String ID="string_124" HPOS="1704" VPOS="668" WIDTH="79" HEIGHT="31" WC="0.96" CONTENT="med"/>
						</TextLine>
						<TextLine ID="line_23" HPOS="283" VPOS="711" WIDTH="1499" HEIGHT="49">
							<String ID="string_125" HPOS="283" VPOS="711" WIDTH="203" HEIGHT="32" WC="0.92" CONTENT="sistberörda"/><SP WIDTH="24" VPOS="711" HPOS="486"/>
							<String ID="string_126" HPOS="510" VPOS="712" WIDTH="53" HEIGHT="32" WC="0.96" CONTENT="del"/><SP WIDTH="24" VPOS="712" HPOS="563"/>
							<String ID="string_127" HPOS="587" VPOS="723" WIDTH="43" HEIGHT="22" WC="0.96" CONTENT="av"/><SP WIDTH="23" VPOS="723" HPOS="630"/>
							<String ID="string_128" HPOS="653" VPOS="713" WIDTH="223" HEIGHT="33" WC="0.96" CONTENT="förevarande"/><SP WIDTH="25" VPOS="713" HPOS="876"/>
							<String ID="string_129" HPOS="901" VPOS="715" WIDTH="119" HEIGHT="42" WC="0.96" CONTENT="anslag"/><SP WIDTH="22" VPOS="715" HPOS="1020"/>
							<String ID="string_130" HPOS="1042" VPOS="716" WIDTH="205" HEIGHT="41" WC="0.96" CONTENT="tillgodoses,"/><SP WIDTH="26" VPOS="716" HPOS="1247"/>
							<String ID="string_131" HPOS="1273" VPOS="718" WIDTH="61" HEIGHT="32" WC="0.93" CONTENT="har"/><SP WIDTH="24" VPOS="718" HPOS="1334"/>
							<String ID="string_132" HPOS="1358" VPOS="719" WIDTH="424" HEIGHT="41" WC="0.90" CONTENT="organisationsnämnden"/>
						</TextLine>
						<TextLine ID="line_24" HPOS="283" VPOS="765" WIDTH="1499" HEIGHT="49">
							<String ID="string_133" HPOS="283" VPOS="765" WIDTH="182" HEIGHT="41" WC="0.96" CONTENT="föreslagit,"/><SP WIDTH="26" VPOS="765" HPOS="465"/>
							<String ID="string_134" HPOS="491" VPOS="769" WIDTH="48" HEIGHT="28" WC="0.96" CONTENT="att"/><SP WIDTH="26" VPOS="769" HPOS="539"/>
							<String ID="string_135" HPOS="565" VPOS="766" WIDTH="151" HEIGHT="42" WC="0.93" CONTENT="anslaget"/><SP WIDTH="28" VPOS="766" HPOS="716"/>
							<String ID="string_136" HPOS="744" VPOS="768" WIDTH="121" HEIGHT="32" WC="0.92" CONTENT="sänkes"/><SP WIDTH="28" VPOS="768" HPOS="865"/>
							<String ID="string_137" HPOS="893" VPOS="769" WIDTH="79" HEIGHT="32" WC="0.96" CONTENT="med"/><SP WIDTH="28" VPOS="769" HPOS="972"/>
							<String ID="string_138" HPOS="1000" VPOS="771" WIDTH="65" HEIGHT="31" WC="0.96" CONTENT="500"/><SP WIDTH="26" VPOS="771" HPOS="1065"/>
							<String ID="string_139" HPOS="1091" VPOS="770" WIDTH="125" HEIGHT="33" WC="0.96" CONTENT="kronor"/><SP WIDTH="24" VPOS="770" HPOS="1216"/>
							<String ID="string_140" HPOS="1240" VPOS="771" WIDTH="109" HEIGHT="32" WC="0.96" CONTENT="under"/><SP WIDTH="22" VPOS="771" HPOS="1349"/>
							<String ID="string_141" HPOS="1371" VPOS="773" WIDTH="247" HEIGHT="41" WC="0.96" CONTENT="förutsättning"/><SP WIDTH="24" VPOS="773" HPOS="1618"/>
							<String ID="string_142" HPOS="1642" VPOS="776" WIDTH="49" HEIGHT="30" WC="0.93" CONTENT="att"/><SP WIDTH="23" VPOS="776" HPOS="1691"/>
							<String ID="string_143" HPOS="1714" VPOS="774" WIDTH="68" HEIGHT="32" WC="0.92" CONTENT="det-"/>
						</TextLine>
						<TextLine ID="line_25" HPOS="282" VPOS="820" WIDTH="831" HEIGHT="44">
							<String ID="string_144" HPOS="282" VPOS="829" WIDTH="132" HEIGHT="21" WC="0.93" CONTENT="samma"/><SP WIDTH="23" VPOS="829" HPOS="414"/>
							<String ID="string_145" HPOS="437" VPOS="820" WIDTH="162" HEIGHT="40" WC="0.92" CONTENT="uppföres"/><SP WIDTH="25" VPOS="820" HPOS="599"/>
							<String ID="string_146" HPOS="624" VPOS="822" WIDTH="113" HEIGHT="30" WC="0.91" CONTENT="såsom"/><SP WIDTH="25" VPOS="822" HPOS="737"/>
							<String ID="string_147" HPOS="762" VPOS="822" WIDTH="351" HEIGHT="42" WC="0.90" CONTENT="reservationsanslag."/>
						</TextLine>
					</TextBlock>
					<TextBlock ID="block_6" HPOS="326" VPOS="872" WIDTH="1452" HEIGHT="49">
						<TextLine ID="line_26" HPOS="326" VPOS="872" WIDTH="1452" HEIGHT="49">
							<String ID="string_148" HPOS="326" VPOS="872" WIDTH="166" HEIGHT="32" WC="0.92" CONTENT="Häremot"/><SP WIDTH="23" VPOS="872" HPOS="492"/>
							<String ID="string_149" HPOS="515" VPOS="873" WIDTH="61" HEIGHT="31" WC="0.93" CONTENT="har"/><SP WIDTH="24" VPOS="873" HPOS="576"/>
							<String ID="string_150" HPOS="600" VPOS="873" WIDTH="376" HEIGHT="41" WC="0.89" CONTENT="departementschefen"/><SP WIDTH="23" VPOS="873" HPOS="976"/>
							<String ID="string_151" HPOS="999" VPOS="876" WIDTH="165" HEIGHT="33" WC="0.96" CONTENT="förklarat"/><SP WIDTH="24" VPOS="876" HPOS="1164"/>
							<String ID="string_152" HPOS="1188" VPOS="877" WIDTH="52" HEIGHT="41" WC="0.96" CONTENT="sig"/><SP WIDTH="23" VPOS="877" HPOS="1240"/>
							<String ID="string_153" HPOS="1263" VPOS="878" WIDTH="73" HEIGHT="32" WC="0.96" CONTENT="icke"/><SP WIDTH="25" VPOS="878" HPOS="1336"/>
							<String ID="string_154" HPOS="1361" VPOS="879" WIDTH="89" HEIGHT="33" WC="0.96" CONTENT="hava"/><SP WIDTH="23" VPOS="879" HPOS="1450"/>
							<String ID="string_155" HPOS="1473" VPOS="881" WIDTH="104" HEIGHT="40" WC="0.96" CONTENT="något"/><SP WIDTH="16" VPOS="881" HPOS="1577"/>
							<String ID="string_156" HPOS="1593" VPOS="882" WIDTH="50" HEIGHT="29" WC="0.96" CONTENT="att"/><SP WIDTH="16" VPOS="882" HPOS="1643"/>
							<String ID="string_157" HPOS="1659" VPOS="880" WIDTH="119" HEIGHT="33" WC="0.96" CONTENT="erinra."/>
						</TextLine>
					</TextBlock>
				</ComposedBlock>
				<ComposedBlock ID="cblock_5" HPOS="281" VPOS="942" WIDTH="1500" HEIGHT="363">
					<TextBlock ID="block_7" HPOS="281" VPOS="942" WIDTH="1500" HEIGHT="363">
						<TextLine ID="line_27" HPOS="326" VPOS="942" WIDTH="1455" HEIGHT="50">
							<String ID="string_158" HPOS="326" VPOS="942" WIDTH="181" HEIGHT="41" WC="0.96" CONTENT="Utskottet,"/><SP WIDTH="26" VPOS="942" HPOS="507"/>
							<String ID="string_159" HPOS="533" VPOS="954" WIDTH="72" HEIGHT="22" WC="0.96" CONTENT="som"/><SP WIDTH="24" VPOS="954" HPOS="605"/>
							<String ID="string_160" HPOS="629" VPOS="944" WIDTH="74" HEIGHT="32" WC="0.96" CONTENT="icke"/><SP WIDTH="24" VPOS="944" HPOS="703"/>
							<String ID="string_161" HPOS="727" VPOS="945" WIDTH="62" HEIGHT="32" WC="0.96" CONTENT="har"/><SP WIDTH="22" VPOS="945" HPOS="789"/>
							<String ID="string_162" HPOS="811" VPOS="947" WIDTH="105" HEIGHT="40" WC="0.96" CONTENT="något"/><SP WIDTH="23" VPOS="947" HPOS="916"/>
							<String ID="string_163" HPOS="939" VPOS="949" WIDTH="49" HEIGHT="29" WC="0.96" CONTENT="att"/><SP WIDTH="23" VPOS="949" HPOS="988"/>
							<String ID="string_164" HPOS="1011" VPOS="947" WIDTH="110" HEIGHT="32" WC="0.95" CONTENT="erinra"/><SP WIDTH="24" VPOS="947" HPOS="1121"/>
							<String ID="string_165" HPOS="1145" VPOS="950" WIDTH="73" HEIGHT="30" WC="0.96" CONTENT="mot"/><SP WIDTH="23" VPOS="950" HPOS="1218"/>
							<String ID="string_166" HPOS="1241" VPOS="948" WIDTH="129" HEIGHT="42" WC="0.94" CONTENT="Kungl."/><SP WIDTH="26" VPOS="948" HPOS="1370"/>
							<String ID="string_167" HPOS="1396" VPOS="949" WIDTH="114" HEIGHT="41" WC="0.96" CONTENT="Maj:ts"/><SP WIDTH="24" VPOS="949" HPOS="1510"/>
							<String ID="string_168" HPOS="1534" VPOS="950" WIDTH="138" HEIGHT="42" WC="0.93" CONTENT="förslag,"/><SP WIDTH="17" VPOS="950" HPOS="1672"/>
							<String ID="string_169" HPOS="1689" VPOS="951" WIDTH="92" HEIGHT="32" WC="0.92" CONTENT="hem-"/>
						</TextLine>
						<TextLine ID="line_28" HPOS="281" VPOS="995" WIDTH="121" HEIGHT="40">
							<String ID="string_170" HPOS="281" VPOS="995" WIDTH="121" HEIGHT="40" WC="0.96" CONTENT="ställer,"/>
						</TextLine>
						<TextLine ID="line_29" HPOS="645" VPOS="1051" WIDTH="1135" HEIGHT="41">
							<String ID="string_171" HPOS="645" VPOS="1053" WIDTH="49" HEIGHT="29" WC="0.96" CONTENT="att"/><SP WIDTH="23" VPOS="1053" HPOS="694"/>
							<String ID="string_172" HPOS="717" VPOS="1051" WIDTH="182" HEIGHT="41" WC="0.95" CONTENT="riksdagen"/><SP WIDTH="24" VPOS="1051" HPOS="899"/>
							<String ID="string_173" HPOS="923" VPOS="1054" WIDTH="58" HEIGHT="30" WC="0.96" CONTENT="må"/><SP WIDTH="23" VPOS="1054" HPOS="981"/>
							<String ID="string_174" HPOS="1004" VPOS="1054" WIDTH="54" HEIGHT="31" WC="0.96" CONTENT="för"/><SP WIDTH="22" VPOS="1054" HPOS="1058"/>
							<String ID="string_175" HPOS="1080" VPOS="1053" WIDTH="217" HEIGHT="34" WC="0.96" CONTENT="bestridande"/><SP WIDTH="24" VPOS="1053" HPOS="1297"/>
							<String ID="string_176" HPOS="1321" VPOS="1066" WIDTH="42" HEIGHT="21" WC="0.96" CONTENT="av"/><SP WIDTH="17" VPOS="1066" HPOS="1363"/>
							<String ID="string_177" HPOS="1380" VPOS="1056" WIDTH="229" HEIGHT="32" WC="0.96" CONTENT="kostnaderna"/><SP WIDTH="23" VPOS="1056" HPOS="1609"/>
							<String ID="string_178" HPOS="1632" VPOS="1057" WIDTH="54" HEIGHT="32" WC="0.91" CONTENT="för"/><SP WIDTH="17" VPOS="1057" HPOS="1686"/>
							<String ID="string_179" HPOS="1703" VPOS="1057" WIDTH="77" HEIGHT="33" WC="0.89" CONTENT="Sve-"/>
						</TextLine>
						<TextLine ID="line_30" HPOS="599" VPOS="1104" WIDTH="1181" HEIGHT="45">
							<String ID="string_180" HPOS="599" VPOS="1104" WIDTH="87" HEIGHT="41" WC="0.92" CONTENT="riges"/><SP WIDTH="17" VPOS="1104" HPOS="686"/>
							<String ID="string_181" HPOS="703" VPOS="1105" WIDTH="199" HEIGHT="42" WC="0.94" CONTENT="anslutning"/><SP WIDTH="24" VPOS="1105" HPOS="902"/>
							<String ID="string_182" HPOS="926" VPOS="1106" WIDTH="51" HEIGHT="32" WC="0.96" CONTENT="till"/><SP WIDTH="22" VPOS="1106" HPOS="977"/>
							<String ID="string_183" HPOS="999" VPOS="1106" WIDTH="66" HEIGHT="33" WC="0.93" CONTENT="den"/><SP WIDTH="23" VPOS="1106" HPOS="1065"/>
							<String ID="string_184" HPOS="1088" VPOS="1107" WIDTH="333" HEIGHT="42" WC="0.91" CONTENT="baltisk-geodetiska"/><SP WIDTH="16" VPOS="1107" HPOS="1421"/>
							<String ID="string_185" HPOS="1437" VPOS="1110" WIDTH="269" HEIGHT="33" WC="0.93" CONTENT="kommissionen"/><SP WIDTH="15" VPOS="1110" HPOS="1706"/>
							<String ID="string_186" HPOS="1721" VPOS="1122" WIDTH="59" HEIGHT="21" WC="0.91" CONTENT="un-"/>
						</TextLine>
						<TextLine ID="line_31" HPOS="599" VPOS="1157" WIDTH="1180" HEIGHT="49">
							<String ID="string_187" HPOS="599" VPOS="1157" WIDTH="59" HEIGHT="32" WC="0.96" CONTENT="der"/><SP WIDTH="24" VPOS="1157" HPOS="658"/>
							<String ID="string_188" HPOS="682" VPOS="1159" WIDTH="37" HEIGHT="30" WC="0.96" CONTENT="år"/><SP WIDTH="26" VPOS="1159" HPOS="719"/>
							<String ID="string_189" HPOS="745" VPOS="1159" WIDTH="84" HEIGHT="31" WC="0.95" CONTENT="1932"/><SP WIDTH="20" VPOS="1159" HPOS="829"/>
							<String ID="string_190" HPOS="849" VPOS="1159" WIDTH="63" HEIGHT="32" WC="0.96" CONTENT="och"/><SP WIDTH="24" VPOS="1159" HPOS="912"/>
							<String ID="string_191" HPOS="936" VPOS="1160" WIDTH="54" HEIGHT="32" WC="0.95" CONTENT="för"/><SP WIDTH="23" VPOS="1160" HPOS="990"/>
							<String ID="string_192" HPOS="1013" VPOS="1161" WIDTH="90" HEIGHT="32" WC="0.95" CONTENT="vissa"/><SP WIDTH="23" VPOS="1161" HPOS="1103"/>
							<String ID="string_193" HPOS="1126" VPOS="1161" WIDTH="11" HEIGHT="31" WC="0.96" CONTENT="i"/><SP WIDTH="24" VPOS="1161" HPOS="1137"/>
							<String ID="string_194" HPOS="1161" VPOS="1161" WIDTH="167" HEIGHT="33" WC="0.95" CONTENT="samband"/><SP WIDTH="24" VPOS="1161" HPOS="1328"/>
							<String ID="string_195" HPOS="1352" VPOS="1163" WIDTH="141" HEIGHT="32" WC="0.96" CONTENT="därmed"/><SP WIDTH="23" VPOS="1163" HPOS="1493"/>
							<String ID="string_196" HPOS="1516" VPOS="1164" WIDTH="139" HEIGHT="32" WC="0.93" CONTENT="stående"/><SP WIDTH="23" VPOS="1164" HPOS="1655"/>
							<String ID="string_197" HPOS="1678" VPOS="1165" WIDTH="101" HEIGHT="41" WC="0.92" CONTENT="utgif-"/>
						</TextLine>
						<TextLine ID="line_32" HPOS="599" VPOS="1211" WIDTH="1179" HEIGHT="43">
							<String ID="string_198" HPOS="599" VPOS="1214" WIDTH="50" HEIGHT="29" WC="0.96" CONTENT="ter"/><SP WIDTH="25" VPOS="1214" HPOS="649"/>
							<String ID="string_199" HPOS="674" VPOS="1212" WIDTH="52" HEIGHT="31" WC="0.96" CONTENT="för"/><SP WIDTH="16" VPOS="1212" HPOS="726"/>
							<String ID="string_200" HPOS="742" VPOS="1211" WIDTH="199" HEIGHT="42" WC="0.93" CONTENT="budgetåret"/><SP WIDTH="26" VPOS="1211" HPOS="941"/>
							<String ID="string_201" HPOS="967" VPOS="1212" WIDTH="189" HEIGHT="42" WC="0.92" CONTENT="1932/1933"/><SP WIDTH="18" VPOS="1212" HPOS="1156"/>
							<String ID="string_202" HPOS="1174" VPOS="1215" WIDTH="119" HEIGHT="32" WC="0.96" CONTENT="anvisa"/><SP WIDTH="16" VPOS="1215" HPOS="1293"/>
							<String ID="string_203" HPOS="1309" VPOS="1218" WIDTH="47" HEIGHT="29" WC="0.96" CONTENT="ett"/><SP WIDTH="23" VPOS="1218" HPOS="1356"/>
							<String ID="string_204" HPOS="1379" VPOS="1219" WIDTH="94" HEIGHT="29" WC="0.93" CONTENT="extra"/><SP WIDTH="24" VPOS="1219" HPOS="1473"/>
							<String ID="string_205" HPOS="1497" VPOS="1217" WIDTH="281" HEIGHT="33" WC="0.91" CONTENT="reservationsan-"/>
						</TextLine>
						<TextLine ID="line_33" HPOS="598" VPOS="1264" WIDTH="420" HEIGHT="41">
							<String ID="string_206" HPOS="598" VPOS="1264" WIDTH="74" HEIGHT="41" WC="0.96" CONTENT="slag"/><SP WIDTH="22" VPOS="1264" HPOS="672"/>
							<String ID="string_207" HPOS="694" VPOS="1275" WIDTH="44" HEIGHT="22" WC="0.93" CONTENT="av"/><SP WIDTH="25" VPOS="1275" HPOS="738"/>
							<String ID="string_208" HPOS="763" VPOS="1266" WIDTH="97" HEIGHT="37" WC="0.91" CONTENT="2,375"/><SP WIDTH="24" VPOS="1266" HPOS="860"/>
							<String ID="string_209" HPOS="884" VPOS="1266" WIDTH="134" HEIGHT="32" WC="0.96" CONTENT="kronor."/>
						</TextLine>
					</TextBlock>
				</ComposedBlock>
				<ComposedBlock ID="cblock_6" HPOS="276" VPOS="1349" WIDTH="1502" HEIGHT="315">
					<TextBlock ID="block_8" HPOS="276" VPOS="1349" WIDTH="1502" HEIGHT="255">
						<TextLine ID="line_34" HPOS="322" VPOS="1349" WIDTH="1455" HEIGHT="49">
							<String ID="string_210" HPOS="322" VPOS="1349" WIDTH="86" HEIGHT="43" WC="0.69" CONTENT="60:0)"/><SP WIDTH="48" VPOS="1349" HPOS="408"/>
							<String ID="string_211" HPOS="456" VPOS="1352" WIDTH="127" HEIGHT="42" WC="0.95" CONTENT="Kungl."/><SP WIDTH="36" VPOS="1352" HPOS="583"/>
							<String ID="string_212" HPOS="619" VPOS="1352" WIDTH="99" HEIGHT="41" WC="0.96" CONTENT="Maj:t"/><SP WIDTH="23" VPOS="1352" HPOS="718"/>
							<String ID="string_213" HPOS="741" VPOS="1353" WIDTH="62" HEIGHT="32" WC="0.96" CONTENT="har"/><SP WIDTH="24" VPOS="1353" HPOS="803"/>
							<String ID="string_214" HPOS="827" VPOS="1351" WIDTH="123" HEIGHT="44" WC="0.96" CONTENT="(punkt"/><SP WIDTH="24" VPOS="1351" HPOS="950"/>
							<String ID="string_215" HPOS="974" VPOS="1352" WIDTH="53" HEIGHT="43" WC="0.95" CONTENT="59)"/><SP WIDTH="24" VPOS="1352" HPOS="1027"/>
							<String ID="string_216" HPOS="1051" VPOS="1355" WIDTH="174" HEIGHT="42" WC="0.96" CONTENT="föreslagit"/><SP WIDTH="26" VPOS="1355" HPOS="1225"/>
							<String ID="string_217" HPOS="1251" VPOS="1356" WIDTH="180" HEIGHT="42" WC="0.96" CONTENT="riksdagen"/><SP WIDTH="25" VPOS="1356" HPOS="1431"/>
							<String ID="string_218" HPOS="1456" VPOS="1360" WIDTH="49" HEIGHT="30" WC="0.96" CONTENT="att"/><SP WIDTH="22" VPOS="1360" HPOS="1505"/>
							<String ID="string_219" HPOS="1527" VPOS="1359" WIDTH="137" HEIGHT="32" WC="0.96" CONTENT="minska"/><SP WIDTH="24" VPOS="1359" HPOS="1664"/>
							<String ID="string_220" HPOS="1688" VPOS="1360" WIDTH="56" HEIGHT="32" WC="0.96" CONTENT="det"/><SP WIDTH="23" VPOS="1360" HPOS="1744"/>
							<String ID="string_221" HPOS="1767" VPOS="1361" WIDTH="10" HEIGHT="31" WC="0.96" CONTENT="i"/>
						</TextLine>
						<TextLine ID="line_35" HPOS="277" VPOS="1405" WIDTH="1500" HEIGHT="50">
							<String ID="string_222" HPOS="277" VPOS="1405" WIDTH="182" HEIGHT="32" WC="0.91" CONTENT="riksstaten"/><SP WIDTH="35" VPOS="1405" HPOS="459"/>
							<String ID="string_223" HPOS="494" VPOS="1405" WIDTH="107" HEIGHT="33" WC="0.95" CONTENT="under"/><SP WIDTH="24" VPOS="1405" HPOS="601"/>
							<String ID="string_224" HPOS="625" VPOS="1405" WIDTH="118" HEIGHT="33" WC="0.92" CONTENT="rubrik"/><SP WIDTH="33" VPOS="1405" HPOS="743"/>
							<String ID="string_225" HPOS="776" VPOS="1407" WIDTH="207" HEIGHT="40" WC="0.86" CONTENT="Vitterhets-,"/><SP WIDTH="25" VPOS="1407" HPOS="983"/>
							<String ID="string_226" HPOS="1008" VPOS="1408" WIDTH="150" HEIGHT="33" WC="0.92" CONTENT="historie-"/><SP WIDTH="24" VPOS="1408" HPOS="1158"/>
							<String ID="string_227" HPOS="1182" VPOS="1410" WIDTH="64" HEIGHT="31" WC="0.93" CONTENT="och"/><SP WIDTH="24" VPOS="1410" HPOS="1246"/>
							<String ID="string_228" HPOS="1270" VPOS="1410" WIDTH="400" HEIGHT="35" WC="0.91" CONTENT="antikvitetsakademien"/><SP WIDTH="25" VPOS="1410" HPOS="1670"/>
							<String ID="string_229" HPOS="1695" VPOS="1425" WIDTH="82" HEIGHT="30" WC="0.93" CONTENT="upp-"/>
						</TextLine>
						<TextLine ID="line_36" HPOS="276" VPOS="1458" WIDTH="1502" HEIGHT="44">
							<String ID="string_230" HPOS="276" VPOS="1458" WIDTH="97" HEIGHT="33" WC="0.96" CONTENT="förda"/><SP WIDTH="24" VPOS="1458" HPOS="373"/>
							<String ID="string_231" HPOS="397" VPOS="1459" WIDTH="168" HEIGHT="32" WC="0.93" CONTENT="ordinarie"/><SP WIDTH="24" VPOS="1459" HPOS="565"/>
							<String ID="string_232" HPOS="589" VPOS="1460" WIDTH="380" HEIGHT="42" WC="0.90" CONTENT="reservationsanslaget"/><SP WIDTH="23" VPOS="1460" HPOS="969"/>
							<String ID="string_233" HPOS="992" VPOS="1462" WIDTH="50" HEIGHT="31" WC="0.96" CONTENT="till"/><SP WIDTH="24" VPOS="1462" HPOS="1042"/>
							<String ID="string_234" HPOS="1066" VPOS="1462" WIDTH="181" HEIGHT="32" WC="0.96" CONTENT="underhåll"/><SP WIDTH="24" VPOS="1462" HPOS="1247"/>
							<String ID="string_235" HPOS="1271" VPOS="1464" WIDTH="63" HEIGHT="31" WC="0.93" CONTENT="och"/><SP WIDTH="23" VPOS="1464" HPOS="1334"/>
							<String ID="string_236" HPOS="1357" VPOS="1465" WIDTH="188" HEIGHT="33" WC="0.92" CONTENT="förökande"/><SP WIDTH="13" VPOS="1465" HPOS="1545"/>
							<String ID="string_237" HPOS="1558" VPOS="1477" WIDTH="44" HEIGHT="22" WC="0.96" CONTENT="av"/><SP WIDTH="13" VPOS="1477" HPOS="1602"/>
							<String ID="string_238" HPOS="1615" VPOS="1466" WIDTH="41" HEIGHT="33" WC="0.96" CONTENT="de"/><SP WIDTH="13" VPOS="1466" HPOS="1656"/>
							<String ID="string_239" HPOS="1669" VPOS="1468" WIDTH="109" HEIGHT="31" WC="0.96" CONTENT="under"/>
						</TextLine>
						<TextLine ID="line_37" HPOS="276" VPOS="1512" WIDTH="1501" HEIGHT="47">
							<String ID="string_240" HPOS="276" VPOS="1512" WIDTH="219" HEIGHT="32" WC="0.93" CONTENT="akademiens"/><SP WIDTH="23" VPOS="1512" HPOS="495"/>
							<String ID="string_241" HPOS="518" VPOS="1512" WIDTH="159" HEIGHT="33" WC="0.92" CONTENT="inseende"/><SP WIDTH="25" VPOS="1512" HPOS="677"/>
							<String ID="string_242" HPOS="702" VPOS="1513" WIDTH="121" HEIGHT="32" WC="0.96" CONTENT="ställda"/><SP WIDTH="24" VPOS="1513" HPOS="823"/>
							<String ID="string_243" HPOS="847" VPOS="1514" WIDTH="195" HEIGHT="42" WC="0.96" CONTENT="samlingar,"/><SP WIDTH="26" VPOS="1514" HPOS="1042"/>
							<String ID="string_244" HPOS="1068" VPOS="1526" WIDTH="47" HEIGHT="21" WC="0.93" CONTENT="nu"/><SP WIDTH="27" VPOS="1526" HPOS="1115"/>
							<String ID="string_245" HPOS="1142" VPOS="1517" WIDTH="119" HEIGHT="38" WC="0.91" CONTENT="18,000"/><SP WIDTH="24" VPOS="1517" HPOS="1261"/>
							<String ID="string_246" HPOS="1285" VPOS="1517" WIDTH="134" HEIGHT="40" WC="0.95" CONTENT="kronor,"/><SP WIDTH="25" VPOS="1517" HPOS="1419"/>
							<String ID="string_247" HPOS="1444" VPOS="1519" WIDTH="78" HEIGHT="32" WC="0.93" CONTENT="med"/><SP WIDTH="14" VPOS="1519" HPOS="1522"/>
							<String ID="string_248" HPOS="1536" VPOS="1520" WIDTH="99" HEIGHT="39" WC="0.92" CONTENT="6,000"/><SP WIDTH="17" VPOS="1520" HPOS="1635"/>
							<String ID="string_249" HPOS="1652" VPOS="1520" WIDTH="125" HEIGHT="33" WC="0.96" CONTENT="kronor"/>
						</TextLine>
						<TextLine ID="line_38" HPOS="276" VPOS="1565" WIDTH="351" HEIGHT="39">
							<String ID="string_250" HPOS="276" VPOS="1565" WIDTH="50" HEIGHT="32" WC="0.93" CONTENT="till"/><SP WIDTH="25" VPOS="1565" HPOS="326"/>
							<String ID="string_251" HPOS="351" VPOS="1567" WIDTH="119" HEIGHT="37" WC="0.90" CONTENT="12,000"/><SP WIDTH="25" VPOS="1567" HPOS="470"/>
							<String ID="string_252" HPOS="495" VPOS="1566" WIDTH="132" HEIGHT="33" WC="0.96" CONTENT="kronor."/>
						</TextLine>
					</TextBlock>
					<TextBlock ID="block_9" HPOS="321" VPOS="1619" WIDTH="1073" HEIGHT="45">
						<TextLine ID="line_39" HPOS="321" VPOS="1619" WIDTH="1073" HEIGHT="45">
							<String ID="string_253" HPOS="321" VPOS="1619" WIDTH="236" HEIGHT="42" WC="0.96" CONTENT="Utredningen"/><SP WIDTH="24" VPOS="1619" HPOS="557"/>
							<String ID="string_254" HPOS="581" VPOS="1620" WIDTH="180" HEIGHT="32" WC="0.93" CONTENT="återfinnes"/><SP WIDTH="25" VPOS="1620" HPOS="761"/>
							<String ID="string_255" HPOS="786" VPOS="1622" WIDTH="19" HEIGHT="30" WC="0.92" CONTENT="å"/><SP WIDTH="24" VPOS="1622" HPOS="805"/>
							<String ID="string_256" HPOS="829" VPOS="1621" WIDTH="60" HEIGHT="32" WC="0.95" CONTENT="sid."/><SP WIDTH="28" VPOS="1621" HPOS="889"/>
							<String ID="string_257" HPOS="917" VPOS="1623" WIDTH="41" HEIGHT="30" WC="0.95" CONTENT="89"/><SP WIDTH="25" VPOS="1623" HPOS="958"/>
							<String ID="string_258" HPOS="983" VPOS="1622" WIDTH="11" HEIGHT="31" WC="0.93" CONTENT="i"/><SP WIDTH="25" VPOS="1622" HPOS="994"/>
							<String ID="string_259" HPOS="1019" VPOS="1623" WIDTH="375" HEIGHT="41" WC="0.89" CONTENT="statsrådsprotokollet."/>
						</TextLine>
					</TextBlock>
				</ComposedBlock>
				<ComposedBlock ID="cblock_7" HPOS="275" VPOS="1690" WIDTH="1501" HEIGHT="464">
					<TextBlock ID="block_10" HPOS="276" VPOS="1690" WIDTH="1500" HEIGHT="361">
						<TextLine ID="line_40" HPOS="320" VPOS="1690" WIDTH="1455" HEIGHT="49">
							<String ID="string_260" HPOS="320" VPOS="1690" WIDTH="16" HEIGHT="32" WC="0.95" CONTENT="I"/><SP WIDTH="32" VPOS="1690" HPOS="336"/>
							<String ID="string_261" HPOS="368" VPOS="1690" WIDTH="168" HEIGHT="33" WC="0.95" CONTENT="samband"/><SP WIDTH="23" VPOS="1690" HPOS="536"/>
							<String ID="string_262" HPOS="559" VPOS="1691" WIDTH="142" HEIGHT="32" WC="0.95" CONTENT="härmed"/><SP WIDTH="24" VPOS="1691" HPOS="701"/>
							<String ID="string_263" HPOS="725" VPOS="1692" WIDTH="62" HEIGHT="31" WC="0.96" CONTENT="har"/><SP WIDTH="24" VPOS="1692" HPOS="787"/>
							<String ID="string_264" HPOS="811" VPOS="1692" WIDTH="163" HEIGHT="32" WC="0.96" CONTENT="utskottet"/><SP WIDTH="23" VPOS="1692" HPOS="974"/>
							<String ID="string_265" HPOS="997" VPOS="1693" WIDTH="50" HEIGHT="32" WC="0.96" CONTENT="till"/><SP WIDTH="24" VPOS="1693" HPOS="1047"/>
							<String ID="string_266" HPOS="1071" VPOS="1693" WIDTH="211" HEIGHT="44" WC="0.93" CONTENT="behandling"/><SP WIDTH="22" VPOS="1693" HPOS="1282"/>
							<String ID="string_267" HPOS="1304" VPOS="1696" WIDTH="149" HEIGHT="32" WC="0.91" CONTENT="förehaft"/><SP WIDTH="23" VPOS="1696" HPOS="1453"/>
							<String ID="string_268" HPOS="1476" VPOS="1699" WIDTH="58" HEIGHT="31" WC="0.96" CONTENT="två"/><SP WIDTH="23" VPOS="1699" HPOS="1534"/>
							<String ID="string_269" HPOS="1557" VPOS="1698" WIDTH="218" HEIGHT="41" WC="0.95" CONTENT="likalydande"/>
						</TextLine>
						<TextLine ID="line_41" HPOS="276" VPOS="1744" WIDTH="1500" HEIGHT="41">
							<String ID="string_270" HPOS="276" VPOS="1744" WIDTH="176" HEIGHT="39" WC="0.95" CONTENT="motioner,"/><SP WIDTH="36" VPOS="1744" HPOS="452"/>
							<String ID="string_271" HPOS="488" VPOS="1745" WIDTH="131" HEIGHT="38" WC="0.96" CONTENT="väckta,"/><SP WIDTH="30" VPOS="1745" HPOS="619"/>
							<String ID="string_272" HPOS="649" VPOS="1745" WIDTH="67" HEIGHT="32" WC="0.96" CONTENT="den"/><SP WIDTH="24" VPOS="1745" HPOS="716"/>
							<String ID="string_273" HPOS="740" VPOS="1756" WIDTH="63" HEIGHT="21" WC="0.96" CONTENT="ena"/><SP WIDTH="23" VPOS="1756" HPOS="803"/>
							<String ID="string_274" HPOS="826" VPOS="1746" WIDTH="94" HEIGHT="32" WC="0.95" CONTENT="inom"/><SP WIDTH="24" VPOS="1746" HPOS="920"/>
							<String ID="string_275" HPOS="944" VPOS="1747" WIDTH="106" HEIGHT="32" WC="0.96" CONTENT="första"/><SP WIDTH="24" VPOS="1747" HPOS="1050"/>
							<String ID="string_276" HPOS="1074" VPOS="1747" WIDTH="199" HEIGHT="33" WC="0.96" CONTENT="kammaren"/><SP WIDTH="25" VPOS="1747" HPOS="1273"/>
							<String ID="string_277" HPOS="1298" VPOS="1760" WIDTH="42" HEIGHT="22" WC="0.96" CONTENT="av"/><SP WIDTH="23" VPOS="1760" HPOS="1340"/>
							<String ID="string_278" HPOS="1363" VPOS="1750" WIDTH="78" HEIGHT="32" WC="0.92" CONTENT="herr"/><SP WIDTH="25" VPOS="1750" HPOS="1441"/>
							<String ID="string_279" HPOS="1466" VPOS="1751" WIDTH="41" HEIGHT="32" WC="0.90" CONTENT="K."/><SP WIDTH="30" VPOS="1751" HPOS="1507"/>
							<String ID="string_280" HPOS="1537" VPOS="1752" WIDTH="39" HEIGHT="31" WC="0.91" CONTENT="G."/><SP WIDTH="35" VPOS="1752" HPOS="1576"/>
							<String ID="string_281" HPOS="1611" VPOS="1752" WIDTH="165" HEIGHT="33" WC="0.96" CONTENT="Westman"/>
						</TextLine>
						<TextLine ID="line_42" HPOS="276" VPOS="1795" WIDTH="1500" HEIGHT="51">
							<String ID="string_282" HPOS="276" VPOS="1809" WIDTH="43" HEIGHT="20" WC="0.92" CONTENT="m."/><SP WIDTH="26" VPOS="1809" HPOS="319"/>
							<String ID="string_283" HPOS="345" VPOS="1798" WIDTH="31" HEIGHT="31" WC="0.92" CONTENT="fl."/><SP WIDTH="26" VPOS="1798" HPOS="376"/>
							<String ID="string_284" HPOS="402" VPOS="1795" WIDTH="37" HEIGHT="43" WC="0.91" CONTENT="(I:"/><SP WIDTH="15" VPOS="1795" HPOS="439"/>
							<String ID="string_285" HPOS="454" VPOS="1795" WIDTH="77" HEIGHT="43" WC="0.91" CONTENT="228)"/><SP WIDTH="24" VPOS="1795" HPOS="531"/>
							<String ID="string_286" HPOS="555" VPOS="1798" WIDTH="63" HEIGHT="32" WC="0.96" CONTENT="och"/><SP WIDTH="24" VPOS="1798" HPOS="618"/>
							<String ID="string_287" HPOS="642" VPOS="1798" WIDTH="66" HEIGHT="32" WC="0.96" CONTENT="den"/><SP WIDTH="25" VPOS="1798" HPOS="708"/>
							<String ID="string_288" HPOS="733" VPOS="1799" WIDTH="106" HEIGHT="32" WC="0.96" CONTENT="andra"/><SP WIDTH="23" VPOS="1799" HPOS="839"/>
							<String ID="string_289" HPOS="862" VPOS="1800" WIDTH="94" HEIGHT="31" WC="0.96" CONTENT="inom"/><SP WIDTH="25" VPOS="1800" HPOS="956"/>
							<String ID="string_290" HPOS="981" VPOS="1800" WIDTH="105" HEIGHT="32" WC="0.96" CONTENT="andra"/><SP WIDTH="24" VPOS="1800" HPOS="1086"/>
							<String ID="string_291" HPOS="1110" VPOS="1801" WIDTH="199" HEIGHT="33" WC="0.95" CONTENT="kammaren"/><SP WIDTH="16" VPOS="1801" HPOS="1309"/>
							<String ID="string_292" HPOS="1325" VPOS="1814" WIDTH="43" HEIGHT="22" WC="0.96" CONTENT="av"/><SP WIDTH="16" VPOS="1814" HPOS="1368"/>
							<String ID="string_293" HPOS="1384" VPOS="1804" WIDTH="116" HEIGHT="32" WC="0.93" CONTENT="herrar"/><SP WIDTH="19" VPOS="1804" HPOS="1500"/>
							<String ID="string_294" HPOS="1519" VPOS="1805" WIDTH="35" HEIGHT="32" WC="0.93" CONTENT="T."/><SP WIDTH="27" VPOS="1805" HPOS="1554"/>
							<String ID="string_295" HPOS="1581" VPOS="1805" WIDTH="195" HEIGHT="41" WC="0.95" CONTENT="Wijkander"/>
						</TextLine>
						<TextLine ID="line_43" HPOS="276" VPOS="1849" WIDTH="1498" HEIGHT="48">
							<String ID="string_296" HPOS="276" VPOS="1851" WIDTH="62" HEIGHT="32" WC="0.92" CONTENT="och"/><SP WIDTH="33" VPOS="1851" HPOS="338"/>
							<String ID="string_297" HPOS="371" VPOS="1852" WIDTH="40" HEIGHT="31" WC="0.92" CONTENT="E."/><SP WIDTH="31" VPOS="1852" HPOS="411"/>
							<String ID="string_298" HPOS="442" VPOS="1851" WIDTH="185" HEIGHT="33" WC="0.92" CONTENT="Lithander"/><SP WIDTH="23" VPOS="1851" HPOS="627"/>
							<String ID="string_299" HPOS="650" VPOS="1849" WIDTH="53" HEIGHT="43" WC="0.95" CONTENT="(II:"/><SP WIDTH="16" VPOS="1849" HPOS="703"/>
							<String ID="string_300" HPOS="719" VPOS="1850" WIDTH="86" HEIGHT="43" WC="0.95" CONTENT="212),"/><SP WIDTH="25" VPOS="1850" HPOS="805"/>
							<String ID="string_301" HPOS="830" VPOS="1853" WIDTH="72" HEIGHT="32" WC="0.96" CONTENT="vari"/><SP WIDTH="24" VPOS="1853" HPOS="902"/>
							<String ID="string_302" HPOS="926" VPOS="1854" WIDTH="201" HEIGHT="41" WC="0.96" CONTENT="föreslagits,"/><SP WIDTH="26" VPOS="1854" HPOS="1127"/>
							<String ID="string_303" HPOS="1153" VPOS="1858" WIDTH="48" HEIGHT="29" WC="0.96" CONTENT="att"/><SP WIDTH="24" VPOS="1858" HPOS="1201"/>
							<String ID="string_304" HPOS="1225" VPOS="1856" WIDTH="180" HEIGHT="41" WC="0.96" CONTENT="riksdagen"/><SP WIDTH="25" VPOS="1856" HPOS="1405"/>
							<String ID="string_305" HPOS="1430" VPOS="1859" WIDTH="103" HEIGHT="31" WC="0.96" CONTENT="måtte"/><SP WIDTH="25" VPOS="1859" HPOS="1533"/>
							<String ID="string_306" HPOS="1558" VPOS="1859" WIDTH="136" HEIGHT="32" WC="0.96" CONTENT="minska"/><SP WIDTH="25" VPOS="1859" HPOS="1694"/>
							<String ID="string_307" HPOS="1719" VPOS="1860" WIDTH="55" HEIGHT="32" WC="0.96" CONTENT="det"/>
						</TextLine>
						<TextLine ID="line_44" HPOS="276" VPOS="1904" WIDTH="1498" HEIGHT="43">
							<String ID="string_308" HPOS="276" VPOS="1904" WIDTH="166" HEIGHT="32" WC="0.93" CONTENT="ordinarie"/><SP WIDTH="39" VPOS="1904" HPOS="442"/>
							<String ID="string_309" HPOS="481" VPOS="1905" WIDTH="377" HEIGHT="42" WC="0.90" CONTENT="reservationsanslaget"/><SP WIDTH="35" VPOS="1905" HPOS="858"/>
							<String ID="string_310" HPOS="893" VPOS="1906" WIDTH="50" HEIGHT="32" WC="0.96" CONTENT="till"/><SP WIDTH="36" VPOS="1906" HPOS="943"/>
							<String ID="string_311" HPOS="979" VPOS="1908" WIDTH="179" HEIGHT="32" WC="0.96" CONTENT="underhåll"/><SP WIDTH="35" VPOS="1908" HPOS="1158"/>
							<String ID="string_312" HPOS="1193" VPOS="1909" WIDTH="63" HEIGHT="31" WC="0.93" CONTENT="och"/><SP WIDTH="36" VPOS="1909" HPOS="1256"/>
							<String ID="string_313" HPOS="1292" VPOS="1910" WIDTH="187" HEIGHT="33" WC="0.91" CONTENT="förökande"/><SP WIDTH="35" VPOS="1910" HPOS="1479"/>
							<String ID="string_314" HPOS="1514" VPOS="1922" WIDTH="42" HEIGHT="22" WC="0.96" CONTENT="av"/><SP WIDTH="36" VPOS="1922" HPOS="1556"/>
							<String ID="string_315" HPOS="1592" VPOS="1912" WIDTH="41" HEIGHT="32" WC="0.94" CONTENT="de"/><SP WIDTH="33" VPOS="1912" HPOS="1633"/>
							<String ID="string_316" HPOS="1666" VPOS="1913" WIDTH="108" HEIGHT="32" WC="0.96" CONTENT="under"/>
						</TextLine>
						<TextLine ID="line_45" HPOS="276" VPOS="1957" WIDTH="1497" HEIGHT="46">
							<String ID="string_317" HPOS="276" VPOS="1957" WIDTH="217" HEIGHT="33" WC="0.93" CONTENT="akademiens"/><SP WIDTH="36" VPOS="1957" HPOS="493"/>
							<String ID="string_318" HPOS="529" VPOS="1958" WIDTH="159" HEIGHT="32" WC="0.92" CONTENT="inseende"/><SP WIDTH="36" VPOS="1958" HPOS="688"/>
							<String ID="string_319" HPOS="724" VPOS="1959" WIDTH="121" HEIGHT="32" WC="0.96" CONTENT="ställda"/><SP WIDTH="35" VPOS="1959" HPOS="845"/>
							<String ID="string_320" HPOS="880" VPOS="1960" WIDTH="195" HEIGHT="42" WC="0.96" CONTENT="samlingar,"/><SP WIDTH="36" VPOS="1960" HPOS="1075"/>
							<String ID="string_321" HPOS="1111" VPOS="1972" WIDTH="47" HEIGHT="21" WC="0.92" CONTENT="nu"/><SP WIDTH="40" VPOS="1972" HPOS="1158"/>
							<String ID="string_322" HPOS="1198" VPOS="1963" WIDTH="119" HEIGHT="38" WC="0.91" CONTENT="18,000"/><SP WIDTH="35" VPOS="1963" HPOS="1317"/>
							<String ID="string_323" HPOS="1352" VPOS="1963" WIDTH="134" HEIGHT="40" WC="0.96" CONTENT="kronor,"/><SP WIDTH="37" VPOS="1963" HPOS="1486"/>
							<String ID="string_324" HPOS="1523" VPOS="1965" WIDTH="79" HEIGHT="32" WC="0.93" CONTENT="med"/><SP WIDTH="28" VPOS="1965" HPOS="1602"/>
							<String ID="string_325" HPOS="1630" VPOS="1965" WIDTH="143" HEIGHT="33" WC="0.90" CONTENT="allenast"/>
						</TextLine>
						<TextLine ID="line_46" HPOS="276" VPOS="2011" WIDTH="623" HEIGHT="40">
							<String ID="string_326" HPOS="276" VPOS="2012" WIDTH="97" HEIGHT="37" WC="0.90" CONTENT="2,000"/><SP WIDTH="24" VPOS="2012" HPOS="373"/>
							<String ID="string_327" HPOS="397" VPOS="2011" WIDTH="125" HEIGHT="32" WC="0.95" CONTENT="kronor"/><SP WIDTH="23" VPOS="2011" HPOS="522"/>
							<String ID="string_328" HPOS="545" VPOS="2011" WIDTH="50" HEIGHT="32" WC="0.93" CONTENT="till"/><SP WIDTH="27" VPOS="2011" HPOS="595"/>
							<String ID="string_329" HPOS="622" VPOS="2013" WIDTH="120" HEIGHT="38" WC="0.90" CONTENT="16,000"/><SP WIDTH="24" VPOS="2013" HPOS="742"/>
							<String ID="string_330" HPOS="766" VPOS="2013" WIDTH="133" HEIGHT="32" WC="0.96" CONTENT="kronor."/>
						</TextLine>
					</TextBlock>
					<TextBlock ID="block_11" HPOS="275" VPOS="2065" WIDTH="1498" HEIGHT="89">
						<TextLine ID="line_47" HPOS="319" VPOS="2065" WIDTH="1454" HEIGHT="50">
							<String ID="string_331" HPOS="319" VPOS="2065" WIDTH="216" HEIGHT="32" WC="0.96" CONTENT="Beträffande"/><SP WIDTH="24" VPOS="2065" HPOS="535"/>
							<String ID="string_332" HPOS="559" VPOS="2065" WIDTH="41" HEIGHT="32" WC="0.96" CONTENT="de"/><SP WIDTH="24" VPOS="2065" HPOS="600"/>
							<String ID="string_333" HPOS="624" VPOS="2076" WIDTH="43" HEIGHT="22" WC="0.97" CONTENT="av"/><SP WIDTH="25" VPOS="2076" HPOS="667"/>
							<String ID="string_334" HPOS="692" VPOS="2066" WIDTH="251" HEIGHT="33" WC="0.96" CONTENT="motionärerna"/><SP WIDTH="23" VPOS="2066" HPOS="943"/>
							<String ID="string_335" HPOS="966" VPOS="2067" WIDTH="51" HEIGHT="32" WC="0.96" CONTENT="till"/><SP WIDTH="24" VPOS="2067" HPOS="1017"/>
							<String ID="string_336" HPOS="1041" VPOS="2068" WIDTH="74" HEIGHT="32" WC="0.96" CONTENT="stöd"/><SP WIDTH="24" VPOS="2068" HPOS="1115"/>
							<String ID="string_337" HPOS="1139" VPOS="2069" WIDTH="54" HEIGHT="31" WC="0.96" CONTENT="för"/><SP WIDTH="21" VPOS="2069" HPOS="1193"/>
							<String ID="string_338" HPOS="1214" VPOS="2069" WIDTH="96" HEIGHT="33" WC="0.96" CONTENT="deras"/><SP WIDTH="18" VPOS="2069" HPOS="1310"/>
							<String ID="string_339" HPOS="1328" VPOS="2071" WIDTH="253" HEIGHT="42" WC="0.92" CONTENT="framställning"/><SP WIDTH="15" VPOS="2071" HPOS="1581"/>
							<String ID="string_340" HPOS="1596" VPOS="2073" WIDTH="177" HEIGHT="42" WC="0.91" CONTENT="andragna"/>
						</TextLine>
						<TextLine ID="line_48" HPOS="275" VPOS="2117" WIDTH="959" HEIGHT="37">
							<String ID="string_341" HPOS="275" VPOS="2117" WIDTH="116" HEIGHT="33" WC="0.96" CONTENT="skälen"/><SP WIDTH="23" VPOS="2117" HPOS="391"/>
							<String ID="string_342" HPOS="414" VPOS="2119" WIDTH="55" HEIGHT="31" WC="0.96" CONTENT="får"/><SP WIDTH="24" VPOS="2119" HPOS="469"/>
							<String ID="string_343" HPOS="493" VPOS="2119" WIDTH="163" HEIGHT="32" WC="0.96" CONTENT="utskottet"/><SP WIDTH="23" VPOS="2119" HPOS="656"/>
							<String ID="string_344" HPOS="679" VPOS="2119" WIDTH="145" HEIGHT="33" WC="0.96" CONTENT="hänvisa"/><SP WIDTH="24" VPOS="2119" HPOS="824"/>
							<String ID="string_345" HPOS="848" VPOS="2120" WIDTH="50" HEIGHT="32" WC="0.96" CONTENT="till"/><SP WIDTH="24" VPOS="2120" HPOS="898"/>
							<String ID="string_346" HPOS="922" VPOS="2121" WIDTH="174" HEIGHT="32" WC="0.96" CONTENT="motionen"/><SP WIDTH="24" VPOS="2121" HPOS="1096"/>
							<String ID="string_347" HPOS="1120" VPOS="2121" WIDTH="24" HEIGHT="32" WC="0.54" CONTENT="I:"/><SP WIDTH="17" VPOS="2121" HPOS="1144"/>
							<String ID="string_348" HPOS="1161" VPOS="2123" WIDTH="73" HEIGHT="31" WC="0.54" CONTENT="228."/>
						</TextLine>
					</TextBlock>
				</ComposedBlock>
				<ComposedBlock ID="cblock_8" HPOS="273" VPOS="2198" WIDTH="1498" HEIGHT="311">
					<TextBlock ID="block_12" HPOS="273" VPOS="2198" WIDTH="1498" HEIGHT="151">
						<TextLine ID="line_49" HPOS="318" VPOS="2198" WIDTH="1453" HEIGHT="50">
							<String ID="string_349" HPOS="318" VPOS="2198" WIDTH="173" HEIGHT="32" WC="0.96" CONTENT="Utskottet"/><SP WIDTH="36" VPOS="2198" HPOS="491"/>
							<String ID="string_350" HPOS="527" VPOS="2199" WIDTH="108" HEIGHT="32" WC="0.96" CONTENT="finner"/><SP WIDTH="35" VPOS="2199" HPOS="635"/>
							<String ID="string_351" HPOS="670" VPOS="2199" WIDTH="52" HEIGHT="41" WC="0.96" CONTENT="sig"/><SP WIDTH="31" VPOS="2199" HPOS="722"/>
							<String ID="string_352" HPOS="753" VPOS="2199" WIDTH="73" HEIGHT="32" WC="0.96" CONTENT="icke"/><SP WIDTH="33" VPOS="2199" HPOS="826"/>
							<String ID="string_353" HPOS="859" VPOS="2200" WIDTH="82" HEIGHT="32" WC="0.96" CONTENT="böra"/><SP WIDTH="23" VPOS="2200" HPOS="941"/>
							<String ID="string_354" HPOS="964" VPOS="2201" WIDTH="53" HEIGHT="32" WC="0.96" CONTENT="för"/><SP WIDTH="24" VPOS="2201" HPOS="1017"/>
							<String ID="string_355" HPOS="1041" VPOS="2201" WIDTH="260" HEIGHT="42" WC="0.96" CONTENT="ifrågavarande"/><SP WIDTH="24" VPOS="2201" HPOS="1301"/>
							<String ID="string_356" HPOS="1325" VPOS="2204" WIDTH="159" HEIGHT="32" WC="0.96" CONTENT="ändamål"/><SP WIDTH="22" VPOS="2204" HPOS="1484"/>
							<String ID="string_357" HPOS="1506" VPOS="2206" WIDTH="138" HEIGHT="32" WC="0.95" CONTENT="förorda"/><SP WIDTH="23" VPOS="2206" HPOS="1644"/>
							<String ID="string_358" HPOS="1667" VPOS="2207" WIDTH="104" HEIGHT="41" WC="0.96" CONTENT="högre"/>
						</TextLine>
						<TextLine ID="line_50" HPOS="274" VPOS="2251" WIDTH="1497" HEIGHT="50">
							<String ID="string_359" HPOS="274" VPOS="2251" WIDTH="117" HEIGHT="42" WC="0.95" CONTENT="anslag"/><SP WIDTH="35" VPOS="2251" HPOS="391"/>
							<String ID="string_360" HPOS="426" VPOS="2257" WIDTH="44" HEIGHT="27" WC="0.96" CONTENT="än"/><SP WIDTH="36" VPOS="2257" HPOS="470"/>
							<String ID="string_361" HPOS="506" VPOS="2263" WIDTH="73" HEIGHT="21" WC="0.96" CONTENT="som"/><SP WIDTH="35" VPOS="2263" HPOS="579"/>
							<String ID="string_362" HPOS="614" VPOS="2263" WIDTH="43" HEIGHT="22" WC="0.96" CONTENT="av"/><SP WIDTH="36" VPOS="2263" HPOS="657"/>
							<String ID="string_363" HPOS="693" VPOS="2253" WIDTH="127" HEIGHT="41" WC="0.94" CONTENT="Kungl."/><SP WIDTH="38" VPOS="2253" HPOS="820"/>
							<String ID="string_364" HPOS="858" VPOS="2254" WIDTH="98" HEIGHT="41" WC="0.91" CONTENT="Maj:t"/><SP WIDTH="28" VPOS="2254" HPOS="956"/>
							<String ID="string_365" HPOS="984" VPOS="2255" WIDTH="112" HEIGHT="32" WC="0.90" CONTENT="äskats"/><SP WIDTH="25" VPOS="2255" HPOS="1096"/>
							<String ID="string_366" HPOS="1121" VPOS="2256" WIDTH="62" HEIGHT="32" WC="0.96" CONTENT="och"/><SP WIDTH="26" VPOS="2256" HPOS="1183"/>
							<String ID="string_367" HPOS="1209" VPOS="2256" WIDTH="68" HEIGHT="32" WC="0.96" CONTENT="kan"/><SP WIDTH="24" VPOS="2256" HPOS="1277"/>
							<String ID="string_368" HPOS="1301" VPOS="2257" WIDTH="115" HEIGHT="33" WC="0.96" CONTENT="därför"/><SP WIDTH="23" VPOS="2257" HPOS="1416"/>
							<String ID="string_369" HPOS="1439" VPOS="2259" WIDTH="31" HEIGHT="40" WC="0.96" CONTENT="ej"/><SP WIDTH="26" VPOS="2259" HPOS="1470"/>
							<String ID="string_370" HPOS="1496" VPOS="2259" WIDTH="167" HEIGHT="42" WC="0.93" CONTENT="tillstyrka"/><SP WIDTH="24" VPOS="2259" HPOS="1663"/>
							<String ID="string_371" HPOS="1687" VPOS="2261" WIDTH="84" HEIGHT="32" WC="0.92" CONTENT="före-"/>
						</TextLine>
						<TextLine ID="line_51" HPOS="273" VPOS="2303" WIDTH="735" HEIGHT="46">
							<String ID="string_372" HPOS="273" VPOS="2305" WIDTH="151" HEIGHT="32" WC="0.96" CONTENT="nämnda"/><SP WIDTH="24" VPOS="2305" HPOS="424"/>
							<String ID="string_373" HPOS="448" VPOS="2306" WIDTH="167" HEIGHT="32" WC="0.95" CONTENT="motioner"/><SP WIDTH="22" VPOS="2306" HPOS="615"/>
							<String ID="string_374" HPOS="637" VPOS="2303" WIDTH="37" HEIGHT="43" WC="0.82" CONTENT="(I:"/><SP WIDTH="16" VPOS="2303" HPOS="674"/>
							<String ID="string_375" HPOS="690" VPOS="2307" WIDTH="64" HEIGHT="31" WC="0.96" CONTENT="228"/><SP WIDTH="25" VPOS="2307" HPOS="754"/>
							<String ID="string_376" HPOS="779" VPOS="2307" WIDTH="63" HEIGHT="32" WC="0.95" CONTENT="och"/><SP WIDTH="23" VPOS="2307" HPOS="842"/>
							<String ID="string_377" HPOS="865" VPOS="2308" WIDTH="43" HEIGHT="31" WC="0.93" CONTENT="II:"/><SP WIDTH="16" VPOS="2308" HPOS="908"/>
							<String ID="string_378" HPOS="924" VPOS="2305" WIDTH="84" HEIGHT="44" WC="0.95" CONTENT="212)."/>
						</TextLine>
					</TextBlock>
					<TextBlock ID="block_13" HPOS="318" VPOS="2358" WIDTH="518" HEIGHT="41">
						<TextLine ID="line_52" HPOS="318" VPOS="2358" WIDTH="518" HEIGHT="41">
							<String ID="string_379" HPOS="318" VPOS="2358" WIDTH="172" HEIGHT="33" WC="0.96" CONTENT="Utskottet"/><SP WIDTH="23" VPOS="2358" HPOS="490"/>
							<String ID="string_380" HPOS="513" VPOS="2359" WIDTH="195" HEIGHT="33" WC="0.96" CONTENT="hemställer"/><SP WIDTH="23" VPOS="2359" HPOS="708"/>
							<String ID="string_381" HPOS="731" VPOS="2360" WIDTH="105" HEIGHT="39" WC="0.95" CONTENT="alltså,"/>
						</TextLine>
					</TextBlock>
					<TextBlock ID="block_14" HPOS="593" VPOS="2414" WIDTH="1178" HEIGHT="95">
						<TextLine ID="line_53" HPOS="637" VPOS="2414" WIDTH="1134" HEIGHT="48">
							<String ID="string_382" HPOS="637" VPOS="2416" WIDTH="49" HEIGHT="29" WC="0.96" CONTENT="att"/><SP WIDTH="33" VPOS="2416" HPOS="686"/>
							<String ID="string_383" HPOS="719" VPOS="2414" WIDTH="180" HEIGHT="41" WC="0.96" CONTENT="riksdagen"/><SP WIDTH="33" VPOS="2414" HPOS="899"/>
							<String ID="string_384" HPOS="932" VPOS="2417" WIDTH="66" HEIGHT="37" WC="0.96" CONTENT="må,"/><SP WIDTH="35" VPOS="2417" HPOS="998"/>
							<String ID="string_385" HPOS="1033" VPOS="2416" WIDTH="77" HEIGHT="31" WC="0.96" CONTENT="med"/><SP WIDTH="36" VPOS="2416" HPOS="1110"/>
							<String ID="string_386" HPOS="1146" VPOS="2416" WIDTH="97" HEIGHT="32" WC="0.93" CONTENT="bifall"/><SP WIDTH="34" VPOS="2416" HPOS="1243"/>
							<String ID="string_387" HPOS="1277" VPOS="2417" WIDTH="49" HEIGHT="32" WC="0.96" CONTENT="till"/><SP WIDTH="24" VPOS="2417" HPOS="1326"/>
							<String ID="string_388" HPOS="1350" VPOS="2418" WIDTH="127" HEIGHT="42" WC="0.95" CONTENT="Kungl."/><SP WIDTH="27" VPOS="2418" HPOS="1477"/>
							<String ID="string_389" HPOS="1504" VPOS="2419" WIDTH="114" HEIGHT="41" WC="0.96" CONTENT="Maj:ts"/><SP WIDTH="24" VPOS="2419" HPOS="1618"/>
							<String ID="string_390" HPOS="1642" VPOS="2421" WIDTH="129" HEIGHT="41" WC="0.96" CONTENT="förslag"/>
						</TextLine>
						<TextLine ID="line_54" HPOS="593" VPOS="2467" WIDTH="1177" HEIGHT="42">
							<String ID="string_391" HPOS="593" VPOS="2470" WIDTH="88" HEIGHT="28" WC="0.96" CONTENT="samt"/><SP WIDTH="33" VPOS="2470" HPOS="681"/>
							<String ID="string_392" HPOS="714" VPOS="2467" WIDTH="79" HEIGHT="32" WC="0.95" CONTENT="med"/><SP WIDTH="32" VPOS="2467" HPOS="793"/>
							<String ID="string_393" HPOS="825" VPOS="2468" WIDTH="118" HEIGHT="41" WC="0.93" CONTENT="avslag"/><SP WIDTH="34" VPOS="2468" HPOS="943"/>
							<String ID="string_394" HPOS="977" VPOS="2471" WIDTH="20" HEIGHT="30" WC="0.93" CONTENT="å"/><SP WIDTH="23" VPOS="2471" HPOS="997"/>
							<String ID="string_395" HPOS="1020" VPOS="2469" WIDTH="77" HEIGHT="32" WC="0.96" CONTENT="herr"/><SP WIDTH="25" VPOS="2469" HPOS="1097"/>
							<String ID="string_396" HPOS="1122" VPOS="2470" WIDTH="194" HEIGHT="33" WC="0.93" CONTENT="Westmans"/><SP WIDTH="24" VPOS="2470" HPOS="1316"/>
							<String ID="string_397" HPOS="1340" VPOS="2482" WIDTH="44" HEIGHT="22" WC="0.92" CONTENT="m."/><SP WIDTH="26" VPOS="2482" HPOS="1384"/>
							<String ID="string_398" HPOS="1410" VPOS="2472" WIDTH="31" HEIGHT="32" WC="0.96" CONTENT="fl."/><SP WIDTH="27" VPOS="2472" HPOS="1441"/>
							<String ID="string_399" HPOS="1468" VPOS="2477" WIDTH="162" HEIGHT="28" WC="0.96" CONTENT="ävensom"/><SP WIDTH="24" VPOS="2477" HPOS="1630"/>
							<String ID="string_400" HPOS="1654" VPOS="2474" WIDTH="116" HEIGHT="33" WC="0.95" CONTENT="herrar"/>
						</TextLine>
					</TextBlock>
				</ComposedBlock>
			</PrintSpace>
		</Page>
	</Layout>
</alto>
