1864 2784
431 177 119 30 Andra
570 176 246 40 lagutskottets
836 174 179 30 utlåtande
1034 183 42 20 nr
1097 174 39 29 14
1156 174 39 29 år
1216 172 82 30 1957
1569 170 39 29 37

123 259 115 29 arbete
258 259 62 29 bör
343 258 35 29 få
400 256 181 39 tillgripas,
604 264 104 30 synes
729 255 56 29 det
806 255 70 38 mig
898 253 175 39 knappast
1094 250 231 38 erforderligt,
1349 252 50 28 att
1421 249 190 39 utrymmet

123 313 54 29 för
200 311 253 39 övertidsuttag
477 311 97 37 göres
599 310 111 28 större
734 309 44 29 än
802 307 54 30 för
880 305 228 31 närvarande.
1144 305 65 30 Det
1231 304 118 30 kunde
1373 304 11 29 i
1409 303 38 30 så
1471 303 60 29 fall
1555 302 56 29 be-

123 366 105 34 faras,
251 367 49 28 att
323 365 131 29 sådana
476 372 161 31 grupper,
661 371 74 21 som
757 361 107 29 redan
887 370 47 20 nu
956 360 64 29 har
1041 358 140 40 mycket
1203 358 132 30 övertid
1357 357 65 30 och
1446 356 131 30 således
1600 355 11 30 i

122 420 106 38 högre
252 419 84 39 grad
360 419 44 28 än
429 417 109 30 andra
562 417 71 29 kan
658 416 100 38 sägas
781 424 83 20 vara
887 415 12 28 i
922 414 110 29 behov
1056 422 42 20 av
1121 421 43 20 en
1189 410 421 38 arbetstidsförkortning,

123 474 94 39 finge
242 473 83 30 ökat
350 471 281 31 övertidsarbete.
657 470 123 30 Denna
803 469 221 30 konsekvens
1050 467 117 29 finner
1192 467 58 38 jag
1275 466 72 29 inte
1373 465 198 39 godtagbar.
1599 463 13 29 I

122 527 58 30 det
203 529 93 28 stora
318 526 153 30 flertalet
493 525 60 29 fall
574 524 99 30 torde
696 523 159 40 gällande
878 520 417 32 övertidsbestämmelser
1317 519 121 39 medge
1461 520 48 28 ett
1530 517 83 30 ökat

123 581 253 38 övertidsuttag
396 580 11 29 i
428 578 219 30 förhållande
668 577 53 30 till
740 577 66 29 vad
826 585 76 21 som
922 585 48 20 nu
990 575 189 38 tillämpas,
1200 583 56 20 om
1278 573 37 29 så
1336 572 112 30 skulle
1468 572 73 29 visa
1562 571 51 38 sig

123 634 175 39 behövligt
319 633 89 29 efter
431 631 268 39 förkortningen
720 639 41 21 av
783 630 67 29 den
871 628 174 30 ordinarie
1068 626 224 31 arbetstiden.

168 691 64 39 Jag
251 691 71 28 kan
342 689 134 30 således
495 689 70 29 inte
585 687 177 39 tillstyrka
781 686 115 39 någon
915 685 147 39 höjning
1082 693 42 20 av
1143 682 285 40 lagstiftningens
1448 680 166 31 övertids-

125 744 164 30 maxima.
322 742 235 31 Önskemålen
578 751 57 20 om
659 740 173 39 sänkning
855 749 41 20 av
918 739 101 29 dessa
1039 737 155 30 maxima
1216 738 38 28 är
1275 737 11 29 i
1308 736 65 29 och
1395 735 55 30 för
1472 735 49 38 sig
1544 734 70 29 för-

126 798 143 39 ståeliga
291 806 80 20 men
392 796 59 40 jag
474 804 101 21 anser
596 795 72 39 mig
689 795 11 29 i
722 793 202 30 nuvarande
946 793 74 38 läge
1041 792 71 29 inte
1134 790 109 30 heller
1264 790 123 29 kunna
1409 788 140 30 förorda
1571 796 43 21 en

125 852 96 38 dylik
240 850 133 39 åtgärd.

170 962 58 30 Ett
255 961 171 40 spörsmål
451 959 223 30 beträffande
701 956 448 32 arbetskraftssituationen
1175 955 88 29 efter
1288 964 43 20 en
1357 952 259 30 arbetstidsför-

125 1016 167 39 kortning
309 1015 107 38 gäller
443 1012 333 32 förhållandet
801 1011 175 30 mellan
1002 1009 239 30 arbetstid
1268 1008 82 29 och
1377 1005 238 31 driftstid.

127 1069 148 30 Särskilt
297 1069 55 29 för
374 1066 307 34 trafikväsendets,
705 1065 171 30 handelns
900 1065 64 29 och
988 1063 109 29 andra
1122 1061 316 39 servicenäringars
1460 1059 157 29 vidkom-

127 1123 126 29 mande
272 1123 64 28 har
355 1122 58 29 det
432 1120 224 34 framhållits,
676 1122 51 27 att
747 1118 267 39 förkortningen
1034 1126 41 20 av
1095 1115 214 30 arbetstiden
1328 1115 72 29 inte
1419 1114 70 29 kan
1510 1112 106 39 följas

128 1187 42 20 av
187 1186 43 20 en
247 1175 246 31 motsvarande
511 1174 234 39 begränsning
764 1183 41 19 av
822 1173 67 29 den
907 1172 60 33 tid,
986 1170 111 30 under
1114 1170 118 29 vilken
1250 1169 102 29 dessa
1370 1167 164 39 näringar
1552 1167 64 28 har

128 1233 51 27 att
197 1229 270 30 tillhandahålla
486 1227 237 30 allmänheten
744 1227 75 29 sina
838 1226 161 39 tjänster.
1030 1224 167 29 Tvärtom
1217 1231 102 21 anses
1338 1222 68 29 den
1426 1220 110 30 ökade
1556 1219 61 29 fri-

129 1285 96 29 tiden
241 1284 11 29 i
269 1284 71 29 viss
357 1282 213 39 omfattning
587 1282 144 29 komma
749 1282 49 28 att
816 1279 169 33 medföra,
1005 1280 49 27 att
1071 1277 123 29 kravet
1211 1276 45 40 på
1275 1275 128 31 service
1422 1274 109 30 under
1549 1274 68 29 den

128 1338 113 38 lediga
265 1337 97 29 tiden
387 1337 234 32 accentueras,
648 1333 210 40 exempelvis
883 1333 66 29 vad
976 1331 105 40 gäller
1107 1330 184 39 möjlighet
1317 1330 51 29 att
1394 1328 147 30 förrätta
1566 1327 52 29 in-

128 1392 81 39 köp.

174 1443 249 38 Otvivelaktigt
449 1441 182 39 föreligger
657 1441 64 29 här
746 1442 48 28 ett
819 1437 230 34 förhållande,
1076 1446 75 20 som
1176 1436 71 29 kan
1272 1436 144 29 komma
1441 1436 50 28 att
1517 1433 102 30 ställa

130 1498 134 38 företag
286 1497 65 29 och
372 1495 235 39 inrättningar
630 1503 43 21 av
695 1493 93 30 olika
811 1493 83 39 slag,
918 1492 177 29 allmänna
1120 1498 75 21 som
1218 1488 169 34 enskilda,
1411 1487 93 30 inför
1526 1487 93 29 vissa

131 1551 223 38 svårigheter.
385 1550 92 29 Utan
495 1551 49 27 att
563 1549 162 29 närmare
744 1547 121 29 kunna
884 1546 42 39 gå
944 1546 36 28 in
997 1545 45 39 på
1060 1544 102 29 dessa
1182 1542 171 40 spörsmål
1373 1541 59 30 vill
1449 1541 59 39 jag
1526 1540 93 29 fästa

131 1603 360 41 uppmärksamheten
506 1602 43 40 på
564 1611 43 21 en
622 1602 55 29 del
693 1601 166 33 faktorer,
876 1609 74 20 som
965 1599 71 29 kan
1050 1597 128 30 tänkas
1194 1596 132 39 ägnade
1343 1597 50 28 att
1408 1594 142 39 bidraga
1565 1593 54 30 till

131 1661 51 27 att
198 1657 260 39 svårigheterna
474 1655 195 31 övervinns.
697 1655 74 29 Vad
787 1653 142 30 särskilt
945 1652 107 39 angår
1068 1651 57 29 det
1142 1650 62 30 fall
1220 1652 50 27 att
1286 1647 333 40 femdagarsveckan

131 1711 112 30 skulle
265 1711 48 29 bli
335 1719 97 20 mera
454 1709 146 30 allmänt
623 1707 289 30 förekommande
934 1706 64 29 har
1020 1704 111 30 under
1154 1702 383 38 remissbehandlingen
1560 1709 60 21 an-

131 1768 85 36 tytts
238 1764 230 39 möjligheten
490 1765 50 27 att
561 1763 96 29 inom
679 1762 93 29 vissa
793 1760 191 30 branscher
1007 1758 115 30 såsom
1146 1755 386 41 bilreparationsfacket
1555 1754 65 29 och

131 1828 44 20 en
192 1819 54 29 del
264 1818 110 29 andra
393 1815 300 31 servicebetonade
712 1814 303 38 hantverksyrken
1033 1811 158 30 anordna
1209 1812 48 28 ett
1274 1810 214 39 joursystem
1507 1808 53 29 för
1579 1807 42 29 de

132 1872 94 29 olika
248 1871 180 38 företagen
449 1870 12 29 i
483 1869 116 29 facket
620 1869 97 29 inom
739 1870 48 27 ett
807 1867 87 29 visst
916 1864 214 40 geografiskt
1152 1863 152 29 område.
1339 1863 65 28 Det
1428 1871 100 30 synes
1550 1861 71 38 mig

132 1925 72 29 inte
222 1925 166 29 uteslutet
406 1925 50 27 att
473 1924 85 28 även
576 1922 54 29 för
647 1922 93 29 vissa
758 1921 71 38 slag
848 1929 41 20 av
906 1917 314 32 varudistribution
1238 1926 42 20 en
1299 1916 110 29 sådan
1427 1914 194 38 anordning

134 1978 112 29 skulle
273 1977 148 39 erbjuda
448 1986 43 20 en
518 1974 225 39 framkomlig
769 1975 74 37 väg.
872 1973 13 29 I
913 1972 126 38 många
1067 1970 62 29 fall
1156 1970 98 29 torde
1282 1967 341 31 arbetstidsförkort-

134 2032 138 38 ningen,
297 2040 80 20 vare
404 2030 50 38 sig
479 2030 66 29 den
571 2028 184 39 förlängda
780 2026 144 30 fritiden
948 2025 159 29 kommer
1133 2023 264 39 arbetstagarna
1422 2021 52 30 till
1499 2021 87 39 godo
1611 2019 11 29 i

135 2086 92 28 form
248 2094 41 20 av
310 2083 308 39 femdagarsvecka
639 2082 83 29 eller
742 2081 43 39 på
806 2082 108 28 annat
936 2080 77 32 sätt,
1035 2079 143 28 komma
1199 2079 50 27 att
1271 2076 76 30 föra
1368 2075 79 30 med
1470 2075 49 38 sig
1540 2074 83 29 ökat

134 2139 111 29 behov
262 2147 40 20 av
319 2137 214 29 arbetskraft
550 2136 54 29 för
622 2137 50 28 att
690 2132 398 32 serviceverksamheten
1107 2130 88 29 skall
1213 2130 121 29 kunna
1351 2128 160 30 bedrivas
1527 2128 11 28 i
1556 2127 68 29 den

134 2191 223 38 omfattning,
381 2199 75 20 som
478 2189 255 29 allmänhetens
754 2187 109 29 behov
886 2186 147 29 fordrar.
1056 2185 12 28 I
1090 2184 72 29 inte
1184 2183 173 39 obetydlig
1380 2180 244 39 utsträckning

135 2245 52 28 lär
210 2244 57 29 det
289 2243 123 29 därvid
435 2243 47 28 bli
507 2242 96 38 fråga
627 2251 57 19 om
708 2238 312 31 deltidsanställda.
1056 2236 227 31 Beträffande
1308 2234 212 30 arbetskraft
1544 2233 80 28 med

136 2296 181 30 önskemål
335 2306 57 19 om
410 2295 239 38 deltidsljänst
667 2294 71 28 kan
755 2293 56 29 det
829 2295 111 30 antas,
959 2293 49 27 att
1026 2300 42 19 en
1086 2289 71 29 viss
1175 2288 202 39 outnyttjad
1396 2296 115 20 reserv
1528 2286 97 29 finns

137 2352 49 28 alt
206 2349 106 39 tillgå,
332 2349 126 29 främst
476 2348 104 29 bland
600 2347 41 29 de
661 2347 86 38 gifta
766 2346 207 28 kvinnorna.
1004 2344 69 28 När
1092 2343 58 28 det
1169 2342 106 39 gäller
1294 2341 182 38 lösningen
1496 2348 40 20 av
1556 2348 70 20 ser-

136 2402 307 38 vicenäringarnas
465 2400 155 39 problem
643 2409 102 29 synes
767 2399 56 29 det
845 2398 106 29 också
972 2397 75 29 värt
1069 2397 50 28 att
1141 2395 125 29 beakta
1288 2396 51 27 att
1361 2392 265 39 lagstiftningen

137 2456 107 39 enligt
262 2455 166 38 förslaget
447 2455 53 29 får
518 2454 183 39 dispositiv
719 2452 177 29 karaktär.
927 2450 210 38 Härigenom
1155 2448 81 34 kan,
1255 2457 56 20 om
1330 2448 164 38 parterna
1513 2444 112 31 skulle

138 2510 99 29 finna
259 2509 57 30 det
339 2507 292 39 ändamålsenligt
655 2507 54 29 för
732 2508 49 27 att
804 2504 181 40 tillgodose
1008 2512 42 21 en
1072 2502 72 30 viss
1168 2500 274 39 servicenärings
1466 2498 161 40 speciella
