<?xml version="1.0" encoding="UTF-8"?>
<alto xmlns="http://www.loc.gov/standards/alto/ns-v3#" xmlns:xlink="http://www.w3.org/1999/xlink" xmlns:xsi="http://www.w3.org/2001/XMLSchema-instance" xsi:schemaLocation="http://www.loc.gov/standards/alto/ns-v3# http://www.loc.gov/alto/v3/alto-3-0.xsd">
	<Description>
		<MeasurementUnit>pixel</MeasurementUnit>
		<sourceImageInformation>
			<fileName>/tmp/tess_yesbpvz__input.PNG</fileName>
		</sourceImageInformation>
		<OCRProcessing ID="OCR_0">
			<ocrProcessingStep>
				<processingSoftware>
					<softwareName>tesseract 5.3.0</softwareName>
				</processingSoftware>
			</ocrProcessingStep>
		</OCRProcessing>
	</Description>
	<Layout>
		<Page WIDTH="1860" HEIGHT="2782" PHYSICAL_IMG_NR="0" ID="page_0">
			<PrintSpace HPOS="0" VPOS="0" WIDTH="1860" HEIGHT="2782">
				<ComposedBlock ID="cblock_0" HPOS="426" VPOS="183" WIDTH="1178" HEIGHT="39">
					<TextBlock ID="block_0" HPOS="426" VPOS="183" WIDTH="1178" HEIGHT="39">
						<TextLine ID="line_0" HPOS="426" VPOS="183" WIDTH="1178" HEIGHT="39">
							<String ID="string_0" HPOS="426" VPOS="183" WIDTH="118" HEIGHT="30" WC="0.93" CONTENT="Andra"/><SP WIDTH="20" VPOS="183" HPOS="544"/>
							<String ID="string_1" HPOS="564" VPOS="183" WIDTH="246" HEIGHT="39" WC="0.90" CONTENT="lagutskottets"/><SP WIDTH="21" VPOS="183" HPOS="810"/>
							<String ID="string_2" HPOS="831" VPOS="183" WIDTH="179" HEIGHT="30" WC="0.96" CONTENT="utlåtande"/><SP WIDTH="20" VPOS="183" HPOS="1010"/>
							<String ID="string_3" HPOS="1030" VPOS="193" WIDTH="42" HEIGHT="20" WC="0.96" CONTENT="nr"/><SP WIDTH="21" VPOS="193" HPOS="1072"/>
							<String ID="string_4" HPOS="1093" VPOS="184" WIDTH="40" HEIGHT="29" WC="0.96" CONTENT="14"/><SP WIDTH="19" VPOS="184" HPOS="1133"/>
							<String ID="string_5" HPOS="1152" VPOS="184" WIDTH="39" HEIGHT="29" WC="0.94" CONTENT="år"/><SP WIDTH="21" VPOS="184" HPOS="1191"/>
							<String ID="string_6" HPOS="1212" VPOS="184" WIDTH="82" HEIGHT="29" WC="0.96" CONTENT="1957"/><SP WIDTH="272" VPOS="184" HPOS="1294"/>
							<String ID="string_7" HPOS="1566" VPOS="184" WIDTH="38" HEIGHT="29" WC="0.95" CONTENT="15"/>
						</TextLine>
					</TextBlock>
				</ComposedBlock>
				<ComposedBlock ID="cblock_1" HPOS="765" VPOS="378" WIDTH="189" HEIGHT="104">
					<TextBlock ID="block_1" HPOS="765" VPOS="378" WIDTH="189" HEIGHT="104">
						<TextLine ID="line_1" HPOS="765" VPOS="378" WIDTH="189" HEIGHT="42">
							<String ID="string_8" HPOS="765" VPOS="378" WIDTH="189" HEIGHT="42" WC="0.95" CONTENT="Förslag"/>
						</TextLine>
						<TextLine ID="line_2" HPOS="833" VPOS="451" WIDTH="53" HEIGHT="31">
							<String ID="string_9" HPOS="833" VPOS="451" WIDTH="53" HEIGHT="31" WC="0.96" CONTENT="till"/>
						</TextLine>
					</TextBlock>
				</ComposedBlock>
				<ComposedBlock ID="cblock_2" HPOS="156" VPOS="536" WIDTH="1402" HEIGHT="128">
					<TextBlock ID="block_2" HPOS="156" VPOS="536" WIDTH="1402" HEIGHT="128">
						<TextLine ID="line_3" HPOS="810" VPOS="536" WIDTH="97" HEIGHT="48">
							<String ID="string_10" HPOS="810" VPOS="536" WIDTH="97" HEIGHT="48" WC="0.96" CONTENT="Lag"/>
						</TextLine>
						<TextLine ID="line_4" HPOS="156" VPOS="619" WIDTH="1402" HEIGHT="45">
							<String ID="string_11" HPOS="156" VPOS="631" WIDTH="56" HEIGHT="19" WC="0.96" CONTENT="om"/><SP WIDTH="23" VPOS="631" HPOS="212"/>
							<String ID="string_12" HPOS="235" VPOS="619" WIDTH="141" HEIGHT="43" WC="0.95" CONTENT="ändring"/><SP WIDTH="23" VPOS="619" HPOS="376"/>
							<String ID="string_13" HPOS="399" VPOS="621" WIDTH="12" HEIGHT="30" WC="0.95" CONTENT="i"/><SP WIDTH="23" VPOS="621" HPOS="411"/>
							<String ID="string_14" HPOS="434" VPOS="620" WIDTH="272" HEIGHT="42" WC="0.95" CONTENT="arbetstidslagen"/><SP WIDTH="21" VPOS="620" HPOS="706"/>
							<String ID="string_15" HPOS="727" VPOS="620" WIDTH="54" HEIGHT="31" WC="0.96" CONTENT="för"/><SP WIDTH="22" VPOS="620" HPOS="781"/>
							<String ID="string_16" HPOS="803" VPOS="620" WIDTH="249" HEIGHT="42" WC="0.95" CONTENT="detaljhandeln"/><SP WIDTH="22" VPOS="620" HPOS="1052"/>
							<String ID="string_17" HPOS="1074" VPOS="620" WIDTH="64" HEIGHT="31" WC="0.96" CONTENT="den"/><SP WIDTH="23" VPOS="620" HPOS="1138"/>
							<String ID="string_18" HPOS="1161" VPOS="620" WIDTH="43" HEIGHT="32" WC="0.96" CONTENT="18"/><SP WIDTH="20" VPOS="620" HPOS="1204"/>
							<String ID="string_19" HPOS="1224" VPOS="620" WIDTH="64" HEIGHT="42" WC="0.96" CONTENT="juli"/><SP WIDTH="16" VPOS="620" HPOS="1288"/>
							<String ID="string_20" HPOS="1304" VPOS="621" WIDTH="84" HEIGHT="31" WC="0.96" CONTENT="1942"/><SP WIDTH="17" VPOS="621" HPOS="1388"/>
							<String ID="string_21" HPOS="1405" VPOS="622" WIDTH="58" HEIGHT="42" WC="0.95" CONTENT="(nr"/><SP WIDTH="15" VPOS="622" HPOS="1463"/>
							<String ID="string_22" HPOS="1478" VPOS="620" WIDTH="80" HEIGHT="44" WC="0.96" CONTENT="652)"/>
						</TextLine>
					</TextBlock>
				</ComposedBlock>
				<ComposedBlock ID="cblock_3" HPOS="112" VPOS="717" WIDTH="1490" HEIGHT="309">
					<TextBlock ID="block_3" HPOS="112" VPOS="717" WIDTH="1490" HEIGHT="309">
						<TextLine ID="line_5" HPOS="155" VPOS="717" WIDTH="1447" HEIGHT="41">
							<String ID="string_23" HPOS="155" VPOS="717" WIDTH="212" HEIGHT="39" WC="0.96" CONTENT="Härigenom"/><SP WIDTH="26" VPOS="717" HPOS="367"/>
							<String ID="string_24" HPOS="393" VPOS="718" WIDTH="185" HEIGHT="30" WC="0.96" CONTENT="förordnas"/><SP WIDTH="23" VPOS="718" HPOS="578"/>
							<String ID="string_25" HPOS="601" VPOS="718" WIDTH="223" HEIGHT="30" WC="0.95" CONTENT="beträffande"/><SP WIDTH="26" VPOS="718" HPOS="824"/>
							<String ID="string_26" HPOS="850" VPOS="718" WIDTH="290" HEIGHT="40" WC="0.95" CONTENT="arbetstidslagen"/><SP WIDTH="27" VPOS="718" HPOS="1140"/>
							<String ID="string_27" HPOS="1167" VPOS="719" WIDTH="53" HEIGHT="29" WC="0.96" CONTENT="för"/><SP WIDTH="26" VPOS="719" HPOS="1220"/>
							<String ID="string_28" HPOS="1246" VPOS="718" WIDTH="263" HEIGHT="40" WC="0.96" CONTENT="detaljhandeln"/><SP WIDTH="25" VPOS="718" HPOS="1509"/>
							<String ID="string_29" HPOS="1534" VPOS="718" WIDTH="68" HEIGHT="29" WC="0.96" CONTENT="den"/>
						</TextLine>
						<TextLine ID="line_6" HPOS="115" VPOS="771" WIDTH="1487" HEIGHT="41">
							<String ID="string_30" HPOS="115" VPOS="771" WIDTH="40" HEIGHT="31" WC="0.96" CONTENT="18"/><SP WIDTH="14" VPOS="771" HPOS="155"/>
							<String ID="string_31" HPOS="169" VPOS="772" WIDTH="68" HEIGHT="39" WC="0.93" CONTENT="juli"/><SP WIDTH="17" VPOS="772" HPOS="237"/>
							<String ID="string_32" HPOS="254" VPOS="772" WIDTH="106" HEIGHT="35" WC="0.87" CONTENT="1942!,"/><SP WIDTH="17" VPOS="772" HPOS="360"/>
							<String ID="string_33" HPOS="377" VPOS="772" WIDTH="74" HEIGHT="30" WC="0.96" CONTENT="dels"/><SP WIDTH="15" VPOS="772" HPOS="451"/>
							<String ID="string_34" HPOS="466" VPOS="774" WIDTH="50" HEIGHT="28" WC="0.96" CONTENT="att"/><SP WIDTH="17" VPOS="774" HPOS="516"/>
							<String ID="string_35" HPOS="533" VPOS="773" WIDTH="38" HEIGHT="29" WC="0.94" CONTENT="12"/><SP WIDTH="18" VPOS="773" HPOS="571"/>
							<String ID="string_36" HPOS="589" VPOS="772" WIDTH="16" HEIGHT="37" WC="0.56" CONTENT="8"/><SP WIDTH="21" VPOS="772" HPOS="605"/>
							<String ID="string_37" HPOS="626" VPOS="773" WIDTH="14" HEIGHT="29" WC="0.63" CONTENT="1"/><SP WIDTH="18" VPOS="773" HPOS="640"/>
							<String ID="string_38" HPOS="658" VPOS="781" WIDTH="105" HEIGHT="21" WC="0.96" CONTENT="mom."/><SP WIDTH="17" VPOS="781" HPOS="763"/>
							<String ID="string_39" HPOS="780" VPOS="772" WIDTH="89" HEIGHT="31" WC="0.96" CONTENT="skall"/><SP WIDTH="16" VPOS="772" HPOS="869"/>
							<String ID="string_40" HPOS="885" VPOS="773" WIDTH="160" HEIGHT="39" WC="0.96" CONTENT="upphöra"/><SP WIDTH="16" VPOS="773" HPOS="1045"/>
							<String ID="string_41" HPOS="1061" VPOS="774" WIDTH="50" HEIGHT="28" WC="0.96" CONTENT="att"/><SP WIDTH="16" VPOS="774" HPOS="1111"/>
							<String ID="string_42" HPOS="1127" VPOS="772" WIDTH="101" HEIGHT="40" WC="0.95" CONTENT="gälla,"/><SP WIDTH="16" VPOS="772" HPOS="1228"/>
							<String ID="string_43" HPOS="1244" VPOS="772" WIDTH="73" HEIGHT="30" WC="0.96" CONTENT="dels"/><SP WIDTH="16" VPOS="772" HPOS="1317"/>
							<String ID="string_44" HPOS="1333" VPOS="774" WIDTH="51" HEIGHT="29" WC="0.96" CONTENT="att"/><SP WIDTH="16" VPOS="774" HPOS="1384"/>
							<String ID="string_45" HPOS="1400" VPOS="772" WIDTH="20" HEIGHT="30" WC="0.96" CONTENT="4"/><SP WIDTH="15" VPOS="772" HPOS="1420"/>
							<String ID="string_46" HPOS="1435" VPOS="773" WIDTH="64" HEIGHT="30" WC="0.96" CONTENT="och"/><SP WIDTH="16" VPOS="773" HPOS="1499"/>
							<String ID="string_47" HPOS="1515" VPOS="773" WIDTH="18" HEIGHT="30" WC="0.96" CONTENT="5"/><SP WIDTH="19" VPOS="773" HPOS="1533"/>
							<String ID="string_48" HPOS="1552" VPOS="772" WIDTH="50" HEIGHT="38" WC="0.86" CONTENT="$$,"/>
						</TextLine>
						<TextLine ID="line_7" HPOS="114" VPOS="825" WIDTH="1488" HEIGHT="41">
							<String ID="string_49" HPOS="114" VPOS="825" WIDTH="89" HEIGHT="37" WC="0.81" CONTENT="782"/><SP WIDTH="17" VPOS="825" HPOS="203"/>
							<String ID="string_50" HPOS="220" VPOS="835" WIDTH="105" HEIGHT="21" WC="0.96" CONTENT="mom."/><SP WIDTH="17" VPOS="835" HPOS="325"/>
							<String ID="string_51" HPOS="342" VPOS="828" WIDTH="91" HEIGHT="28" WC="0.96" CONTENT="samt"/><SP WIDTH="18" VPOS="828" HPOS="433"/>
							<String ID="string_52" HPOS="451" VPOS="826" WIDTH="39" HEIGHT="30" WC="0.96" CONTENT="10"/><SP WIDTH="17" VPOS="826" HPOS="490"/>
							<String ID="string_53" HPOS="507" VPOS="827" WIDTH="64" HEIGHT="29" WC="0.96" CONTENT="och"/><SP WIDTH="19" VPOS="827" HPOS="571"/>
							<String ID="string_54" HPOS="590" VPOS="826" WIDTH="36" HEIGHT="29" WC="0.94" CONTENT="11"/><SP WIDTH="23" VPOS="826" HPOS="626"/>
							<String ID="string_55" HPOS="649" VPOS="825" WIDTH="38" HEIGHT="38" WC="0.70" CONTENT="88"/><SP WIDTH="18" VPOS="825" HPOS="687"/>
							<String ID="string_56" HPOS="705" VPOS="826" WIDTH="99" HEIGHT="31" WC="0.96" CONTENT="skola"/><SP WIDTH="15" VPOS="826" HPOS="804"/>
							<String ID="string_57" HPOS="819" VPOS="826" WIDTH="134" HEIGHT="30" WC="0.96" CONTENT="erhålla"/><SP WIDTH="16" VPOS="826" HPOS="953"/>
							<String ID="string_58" HPOS="969" VPOS="826" WIDTH="133" HEIGHT="30" WC="0.96" CONTENT="ändrad"/><SP WIDTH="17" VPOS="826" HPOS="1102"/>
							<String ID="string_59" HPOS="1119" VPOS="826" WIDTH="130" HEIGHT="40" WC="0.96" CONTENT="lydelse"/><SP WIDTH="16" VPOS="826" HPOS="1249"/>
							<String ID="string_60" HPOS="1265" VPOS="826" WIDTH="45" HEIGHT="40" WC="0.96" CONTENT="på"/><SP WIDTH="17" VPOS="826" HPOS="1310"/>
							<String ID="string_61" HPOS="1327" VPOS="827" WIDTH="69" HEIGHT="29" WC="0.96" CONTENT="sätt"/><SP WIDTH="16" VPOS="827" HPOS="1396"/>
							<String ID="string_62" HPOS="1412" VPOS="826" WIDTH="113" HEIGHT="30" WC="0.92" CONTENT="nedan"/><SP WIDTH="17" VPOS="826" HPOS="1525"/>
							<String ID="string_63" HPOS="1542" VPOS="836" WIDTH="60" HEIGHT="20" WC="0.92" CONTENT="an-"/>
						</TextLine>
						<TextLine ID="line_8" HPOS="113" VPOS="879" WIDTH="1488" HEIGHT="39">
							<String ID="string_64" HPOS="113" VPOS="879" WIDTH="105" HEIGHT="39" WC="0.96" CONTENT="gives,"/><SP WIDTH="17" VPOS="879" HPOS="218"/>
							<String ID="string_65" HPOS="235" VPOS="879" WIDTH="73" HEIGHT="30" WC="0.96" CONTENT="dels"/><SP WIDTH="18" VPOS="879" HPOS="308"/>
							<String ID="string_66" HPOS="326" VPOS="881" WIDTH="50" HEIGHT="28" WC="0.95" CONTENT="att"/><SP WIDTH="16" VPOS="881" HPOS="376"/>
							<String ID="string_67" HPOS="392" VPOS="880" WIDTH="11" HEIGHT="29" WC="0.95" CONTENT="i"/><SP WIDTH="29" VPOS="880" HPOS="403"/>
							<String ID="string_68" HPOS="432" VPOS="880" WIDTH="7" HEIGHT="30" WC="0.96" CONTENT="3"/><SP WIDTH="18" VPOS="880" HPOS="439"/>
							<String ID="string_69" HPOS="457" VPOS="880" WIDTH="64" HEIGHT="30" WC="0.96" CONTENT="och"/><SP WIDTH="18" VPOS="880" HPOS="521"/>
							<String ID="string_70" HPOS="539" VPOS="879" WIDTH="19" HEIGHT="30" WC="0.96" CONTENT="6"/><SP WIDTH="20" VPOS="879" HPOS="558"/>
							<String ID="string_71" HPOS="578" VPOS="879" WIDTH="49" HEIGHT="38" WC="0.95" CONTENT="$$,"/><SP WIDTH="20" VPOS="879" HPOS="627"/>
							<String ID="string_72" HPOS="647" VPOS="879" WIDTH="16" HEIGHT="30" WC="0.96" CONTENT="7"/><SP WIDTH="22" VPOS="879" HPOS="663"/>
							<String ID="string_73" HPOS="685" VPOS="879" WIDTH="16" HEIGHT="37" WC="0.50" CONTENT="8"/><SP WIDTH="21" VPOS="879" HPOS="701"/>
							<String ID="string_74" HPOS="722" VPOS="880" WIDTH="14" HEIGHT="29" WC="0.84" CONTENT="I"/><SP WIDTH="20" VPOS="880" HPOS="736"/>
							<String ID="string_75" HPOS="756" VPOS="880" WIDTH="65" HEIGHT="29" WC="0.95" CONTENT="och"/><SP WIDTH="17" VPOS="880" HPOS="821"/>
							<String ID="string_76" HPOS="838" VPOS="880" WIDTH="19" HEIGHT="30" WC="0.91" CONTENT="3"/><SP WIDTH="18" VPOS="880" HPOS="857"/>
							<String ID="string_77" HPOS="875" VPOS="888" WIDTH="117" HEIGHT="27" WC="0.91" CONTENT="mom.,"/><SP WIDTH="18" VPOS="888" HPOS="992"/>
							<String ID="string_78" HPOS="1010" VPOS="880" WIDTH="19" HEIGHT="30" WC="0.93" CONTENT="9"/><SP WIDTH="20" VPOS="880" HPOS="1029"/>
							<String ID="string_79" HPOS="1049" VPOS="879" WIDTH="15" HEIGHT="37" WC="0.78" CONTENT="$"/><SP WIDTH="20" VPOS="879" HPOS="1064"/>
							<String ID="string_80" HPOS="1084" VPOS="879" WIDTH="18" HEIGHT="30" WC="0.92" CONTENT="2"/><SP WIDTH="18" VPOS="879" HPOS="1102"/>
							<String ID="string_81" HPOS="1120" VPOS="889" WIDTH="117" HEIGHT="27" WC="0.91" CONTENT="mom.,"/><SP WIDTH="21" VPOS="889" HPOS="1237"/>
							<String ID="string_82" HPOS="1258" VPOS="880" WIDTH="37" HEIGHT="29" WC="0.92" CONTENT="12"/><SP WIDTH="21" VPOS="880" HPOS="1295"/>
							<String ID="string_83" HPOS="1316" VPOS="879" WIDTH="15" HEIGHT="37" WC="0.48" CONTENT="$"/><SP WIDTH="20" VPOS="879" HPOS="1331"/>
							<String ID="string_84" HPOS="1351" VPOS="880" WIDTH="19" HEIGHT="29" WC="0.95" CONTENT="2"/><SP WIDTH="18" VPOS="880" HPOS="1370"/>
							<String ID="string_85" HPOS="1388" VPOS="889" WIDTH="105" HEIGHT="21" WC="0.96" CONTENT="mom."/><SP WIDTH="18" VPOS="889" HPOS="1493"/>
							<String ID="string_86" HPOS="1511" VPOS="881" WIDTH="90" HEIGHT="28" WC="0.96" CONTENT="samt"/>
						</TextLine>
						<TextLine ID="line_9" HPOS="114" VPOS="932" WIDTH="1487" HEIGHT="37">
							<String ID="string_87" HPOS="114" VPOS="932" WIDTH="37" HEIGHT="30" WC="0.96" CONTENT="17"/><SP WIDTH="19" VPOS="932" HPOS="151"/>
							<String ID="string_88" HPOS="170" VPOS="932" WIDTH="16" HEIGHT="37" WC="0.78" CONTENT="8"/><SP WIDTH="16" VPOS="932" HPOS="186"/>
							<String ID="string_89" HPOS="202" VPOS="933" WIDTH="109" HEIGHT="29" WC="0.93" CONTENT="orden"/><SP WIDTH="16" VPOS="933" HPOS="311"/>
							<String ID="string_90" HPOS="327" VPOS="933" WIDTH="254" HEIGHT="30" WC="0.38" CONTENT="»&gt;arbetsrådet»"/><SP WIDTH="18" VPOS="933" HPOS="581"/>
							<String ID="string_91" HPOS="599" VPOS="934" WIDTH="66" HEIGHT="29" WC="0.96" CONTENT="och"/><SP WIDTH="17" VPOS="934" HPOS="665"/>
							<String ID="string_92" HPOS="682" VPOS="944" WIDTH="15" HEIGHT="17" WC="0.92" CONTENT="&gt;"/><SP WIDTH="19" VPOS="944" HPOS="697"/>
							<String ID="string_93" HPOS="716" VPOS="933" WIDTH="254" HEIGHT="30" WC="0.68" CONTENT="arbetsrådets»&gt;"/><SP WIDTH="20" VPOS="933" HPOS="970"/>
							<String ID="string_94" HPOS="990" VPOS="933" WIDTH="97" HEIGHT="30" WC="0.95" CONTENT="skola"/><SP WIDTH="15" VPOS="933" HPOS="1087"/>
							<String ID="string_95" HPOS="1102" VPOS="934" WIDTH="149" HEIGHT="29" WC="0.96" CONTENT="ersättas"/><SP WIDTH="15" VPOS="934" HPOS="1251"/>
							<String ID="string_96" HPOS="1266" VPOS="934" WIDTH="79" HEIGHT="29" WC="0.96" CONTENT="med"/><SP WIDTH="15" VPOS="934" HPOS="1345"/>
							<String ID="string_97" HPOS="1360" VPOS="933" WIDTH="109" HEIGHT="30" WC="0.93" CONTENT="orden"/><SP WIDTH="17" VPOS="933" HPOS="1469"/>
							<String ID="string_98" HPOS="1486" VPOS="933" WIDTH="115" HEIGHT="30" WC="0.91" CONTENT="»arbe-"/>
						</TextLine>
						<TextLine ID="line_10" HPOS="112" VPOS="986" WIDTH="1489" HEIGHT="40">
							<String ID="string_99" HPOS="112" VPOS="986" WIDTH="382" HEIGHT="40" WC="0.86" CONTENT="tarskyddsstyrelsen»"/><SP WIDTH="18" VPOS="986" HPOS="494"/>
							<String ID="string_100" HPOS="512" VPOS="987" WIDTH="65" HEIGHT="30" WC="0.93" CONTENT="och"/><SP WIDTH="18" VPOS="987" HPOS="577"/>
							<String ID="string_101" HPOS="595" VPOS="986" WIDTH="519" HEIGHT="40" WC="0.48" CONTENT="»arbetarskyddsstyrelsens»&gt;»,"/><SP WIDTH="17" VPOS="986" HPOS="1114"/>
							<String ID="string_102" HPOS="1131" VPOS="986" WIDTH="73" HEIGHT="31" WC="0.96" CONTENT="dels"/><SP WIDTH="18" VPOS="986" HPOS="1204"/>
							<String ID="string_103" HPOS="1222" VPOS="987" WIDTH="63" HEIGHT="29" WC="0.96" CONTENT="ock"/><SP WIDTH="17" VPOS="987" HPOS="1285"/>
							<String ID="string_104" HPOS="1302" VPOS="989" WIDTH="50" HEIGHT="27" WC="0.95" CONTENT="att"/><SP WIDTH="16" VPOS="989" HPOS="1352"/>
							<String ID="string_105" HPOS="1368" VPOS="987" WIDTH="12" HEIGHT="29" WC="0.95" CONTENT="i"/><SP WIDTH="16" VPOS="987" HPOS="1380"/>
							<String ID="string_106" HPOS="1396" VPOS="987" WIDTH="100" HEIGHT="39" WC="0.96" CONTENT="lagen"/><SP WIDTH="17" VPOS="987" HPOS="1496"/>
							<String ID="string_107" HPOS="1513" VPOS="986" WIDTH="88" HEIGHT="30" WC="0.96" CONTENT="skall"/>
						</TextLine>
					</TextBlock>
				</ComposedBlock>
				<ComposedBlock ID="cblock_4" HPOS="111" VPOS="1039" WIDTH="1285" HEIGHT="40">
					<TextBlock ID="block_4" HPOS="111" VPOS="1039" WIDTH="1285" HEIGHT="40">
						<TextLine ID="line_11" HPOS="111" VPOS="1039" WIDTH="1285" HEIGHT="40">
							<String ID="string_108" HPOS="111" VPOS="1039" WIDTH="136" HEIGHT="30" WC="0.96" CONTENT="införas"/><SP WIDTH="17" VPOS="1039" HPOS="247"/>
							<String ID="string_109" HPOS="264" VPOS="1049" WIDTH="43" HEIGHT="20" WC="0.96" CONTENT="en"/><SP WIDTH="16" VPOS="1049" HPOS="307"/>
							<String ID="string_110" HPOS="323" VPOS="1049" WIDTH="46" HEIGHT="30" WC="0.96" CONTENT="ny"/><SP WIDTH="15" VPOS="1049" HPOS="369"/>
							<String ID="string_111" HPOS="384" VPOS="1040" WIDTH="174" HEIGHT="39" WC="0.96" CONTENT="paragraf,"/><SP WIDTH="17" VPOS="1040" HPOS="558"/>
							<String ID="string_112" HPOS="575" VPOS="1040" WIDTH="194" HEIGHT="30" WC="0.96" CONTENT="betecknad"/><SP WIDTH="16" VPOS="1040" HPOS="769"/>
							<String ID="string_113" HPOS="785" VPOS="1039" WIDTH="19" HEIGHT="30" WC="0.95" CONTENT="4"/><SP WIDTH="17" VPOS="1039" HPOS="804"/>
							<String ID="string_114" HPOS="821" VPOS="1051" WIDTH="19" HEIGHT="21" WC="0.95" CONTENT="a"/><SP WIDTH="19" VPOS="1051" HPOS="840"/>
							<String ID="string_115" HPOS="859" VPOS="1040" WIDTH="28" HEIGHT="37" WC="0.39" CONTENT="8,"/><SP WIDTH="17" VPOS="1040" HPOS="887"/>
							<String ID="string_116" HPOS="904" VPOS="1049" WIDTH="43" HEIGHT="21" WC="0.96" CONTENT="av"/><SP WIDTH="15" VPOS="1049" HPOS="947"/>
							<String ID="string_117" HPOS="962" VPOS="1040" WIDTH="114" HEIGHT="30" WC="0.96" CONTENT="nedan"/><SP WIDTH="16" VPOS="1040" HPOS="1076"/>
							<String ID="string_118" HPOS="1092" VPOS="1040" WIDTH="148" HEIGHT="39" WC="0.96" CONTENT="angiven"/><SP WIDTH="16" VPOS="1040" HPOS="1240"/>
							<String ID="string_119" HPOS="1256" VPOS="1040" WIDTH="140" HEIGHT="39" WC="0.96" CONTENT="lydelse."/>
						</TextLine>
					</TextBlock>
				</ComposedBlock>
				<ComposedBlock ID="cblock_5" HPOS="273" VPOS="1147" WIDTH="396" HEIGHT="39">
					<TextBlock ID="block_5" HPOS="273" VPOS="1147" WIDTH="396" HEIGHT="39">
						<TextLine ID="line_12" HPOS="273" VPOS="1147" WIDTH="396" HEIGHT="39">
							<String ID="string_120" HPOS="273" VPOS="1147" WIDTH="224" HEIGHT="33" WC="0.95" CONTENT="(Nuvarande"/><SP WIDTH="25" VPOS="1147" HPOS="497"/>
							<String ID="string_121" HPOS="522" VPOS="1147" WIDTH="147" HEIGHT="39" WC="0.95" CONTENT="lydelse)"/>
						</TextLine>
					</TextBlock>
				</ComposedBlock>
				<ComposedBlock ID="cblock_6" HPOS="1047" VPOS="1147" WIDTH="392" HEIGHT="40">
					<TextBlock ID="block_6" HPOS="1047" VPOS="1147" WIDTH="392" HEIGHT="40">
						<TextLine ID="line_13" HPOS="1047" VPOS="1147" WIDTH="392" HEIGHT="40">
							<String ID="string_122" HPOS="1047" VPOS="1147" WIDTH="225" HEIGHT="40" WC="0.95" CONTENT="(Föreslagen"/><SP WIDTH="20" VPOS="1147" HPOS="1272"/>
							<String ID="string_123" HPOS="1292" VPOS="1147" WIDTH="147" HEIGHT="40" WC="0.95" CONTENT="lydelse)"/>
						</TextLine>
					</TextBlock>
				</ComposedBlock>
				<ComposedBlock ID="cblock_7" HPOS="820" VPOS="1209" WIDTH="70" HEIGHT="38">
					<TextBlock ID="block_7" HPOS="820" VPOS="1209" WIDTH="70" HEIGHT="38">
						<TextLine ID="line_14" HPOS="820" VPOS="1209" WIDTH="70" HEIGHT="38">
							<String ID="string_124" HPOS="820" VPOS="1209" WIDTH="70" HEIGHT="38" WC="0.87" CONTENT="48."/>
						</TextLine>
					</TextBlock>
				</ComposedBlock>
				<ComposedBlock ID="cblock_8" HPOS="108" VPOS="1262" WIDTH="722" HEIGHT="733">
					<TextBlock ID="block_8" HPOS="110" VPOS="1262" WIDTH="720" HEIGHT="254">
						<TextLine ID="line_15" HPOS="156" VPOS="1262" WIDTH="674" HEIGHT="39">
							<String ID="string_125" HPOS="156" VPOS="1262" WIDTH="243" HEIGHT="39" WC="0.96" CONTENT="Arbetsgivare"/><SP WIDTH="21" VPOS="1262" HPOS="399"/>
							<String ID="string_126" HPOS="420" VPOS="1262" WIDTH="58" HEIGHT="30" WC="0.96" CONTENT="må"/><SP WIDTH="19" VPOS="1262" HPOS="478"/>
							<String ID="string_127" HPOS="497" VPOS="1263" WIDTH="75" HEIGHT="30" WC="0.96" CONTENT="icke"/><SP WIDTH="22" VPOS="1263" HPOS="572"/>
							<String ID="string_128" HPOS="594" VPOS="1263" WIDTH="162" HEIGHT="30" WC="0.91" CONTENT="använda"/><SP WIDTH="21" VPOS="1263" HPOS="756"/>
							<String ID="string_129" HPOS="777" VPOS="1272" WIDTH="53" HEIGHT="20" WC="0.91" CONTENT="ar-"/>
						</TextLine>
						<TextLine ID="line_16" HPOS="111" VPOS="1316" WIDTH="718" HEIGHT="40">
							<String ID="string_130" HPOS="111" VPOS="1316" WIDTH="197" HEIGHT="39" WC="0.91" CONTENT="betstagare"/><SP WIDTH="30" VPOS="1316" HPOS="308"/>
							<String ID="string_131" HPOS="338" VPOS="1316" WIDTH="53" HEIGHT="30" WC="0.96" CONTENT="till"/><SP WIDTH="31" VPOS="1316" HPOS="391"/>
							<String ID="string_132" HPOS="422" VPOS="1317" WIDTH="115" HEIGHT="29" WC="0.96" CONTENT="arbete"/><SP WIDTH="32" VPOS="1317" HPOS="537"/>
							<String ID="string_133" HPOS="569" VPOS="1317" WIDTH="111" HEIGHT="29" WC="0.96" CONTENT="under"/><SP WIDTH="31" VPOS="1317" HPOS="680"/>
							<String ID="string_134" HPOS="711" VPOS="1317" WIDTH="118" HEIGHT="39" WC="0.96" CONTENT="längre"/>
						</TextLine>
						<TextLine ID="line_17" HPOS="111" VPOS="1369" WIDTH="718" HEIGHT="35">
							<String ID="string_135" HPOS="111" VPOS="1369" WIDTH="62" HEIGHT="34" WC="0.96" CONTENT="tid,"/><SP WIDTH="20" VPOS="1369" HPOS="173"/>
							<String ID="string_136" HPOS="193" VPOS="1371" WIDTH="112" HEIGHT="28" WC="0.93" CONTENT="raster"/><SP WIDTH="19" VPOS="1371" HPOS="305"/>
							<String ID="string_137" HPOS="324" VPOS="1370" WIDTH="187" HEIGHT="34" WC="0.92" CONTENT="oräknade,"/><SP WIDTH="21" VPOS="1370" HPOS="511"/>
							<String ID="string_138" HPOS="532" VPOS="1371" WIDTH="44" HEIGHT="28" WC="0.96" CONTENT="än"/><SP WIDTH="20" VPOS="1371" HPOS="576"/>
							<String ID="string_139" HPOS="596" VPOS="1370" WIDTH="41" HEIGHT="30" WC="0.96" CONTENT="48"/><SP WIDTH="20" VPOS="1370" HPOS="637"/>
							<String ID="string_140" HPOS="657" VPOS="1369" WIDTH="143" HEIGHT="30" WC="0.96" CONTENT="timmar"/><SP WIDTH="18" VPOS="1369" HPOS="800"/>
							<String ID="string_141" HPOS="818" VPOS="1369" WIDTH="11" HEIGHT="29" WC="0.96" CONTENT="i"/>
						</TextLine>
						<TextLine ID="line_18" HPOS="110" VPOS="1423" WIDTH="719" HEIGHT="39">
							<String ID="string_142" HPOS="110" VPOS="1423" WIDTH="144" HEIGHT="29" WC="0.91" CONTENT="veckan."/><SP WIDTH="40" VPOS="1423" HPOS="254"/>
							<String ID="string_143" HPOS="294" VPOS="1423" WIDTH="223" HEIGHT="30" WC="0.91" CONTENT="Arbetstiden"/><SP WIDTH="38" VPOS="1423" HPOS="517"/>
							<String ID="string_144" HPOS="555" VPOS="1423" WIDTH="57" HEIGHT="30" WC="0.95" CONTENT="må"/><SP WIDTH="39" VPOS="1423" HPOS="612"/>
							<String ID="string_145" HPOS="651" VPOS="1423" WIDTH="31" HEIGHT="39" WC="0.95" CONTENT="ej"/><SP WIDTH="43" VPOS="1423" HPOS="682"/>
							<String ID="string_146" HPOS="725" VPOS="1423" WIDTH="104" HEIGHT="39" WC="0.92" CONTENT="något"/>
						</TextLine>
						<TextLine ID="line_19" HPOS="111" VPOS="1476" WIDTH="514" HEIGHT="40">
							<String ID="string_147" HPOS="111" VPOS="1476" WIDTH="94" HEIGHT="40" WC="0.96" CONTENT="dygn"/><SP WIDTH="18" VPOS="1476" HPOS="205"/>
							<String ID="string_148" HPOS="223" VPOS="1477" WIDTH="172" HEIGHT="39" WC="0.96" CONTENT="överstiga"/><SP WIDTH="21" VPOS="1477" HPOS="395"/>
							<String ID="string_149" HPOS="416" VPOS="1476" WIDTH="38" HEIGHT="30" WC="0.96" CONTENT="10"/><SP WIDTH="19" VPOS="1476" HPOS="454"/>
							<String ID="string_150" HPOS="473" VPOS="1477" WIDTH="152" HEIGHT="29" WC="0.96" CONTENT="timmar."/>
						</TextLine>
					</TextBlock>
					<TextBlock ID="block_9" HPOS="154" VPOS="1529" WIDTH="263" HEIGHT="31">
						<TextLine ID="line_20" HPOS="154" VPOS="1529" WIDTH="263" HEIGHT="31">
							<String ID="string_151" HPOS="154" VPOS="1529" WIDTH="26" HEIGHT="30" WC="0.93" CONTENT="Å"/><SP WIDTH="20" VPOS="1529" HPOS="180"/>
							<String ID="string_152" HPOS="200" VPOS="1529" WIDTH="217" HEIGHT="31" WC="0.96" CONTENT="arbetsställe"/>
						</TextLine>
					</TextBlock>
					<TextBlock ID="block_10" HPOS="108" VPOS="1583" WIDTH="721" HEIGHT="412">
						<TextLine ID="line_21" HPOS="155" VPOS="1583" WIDTH="674" HEIGHT="40">
							<String ID="string_153" HPOS="155" VPOS="1583" WIDTH="227" HEIGHT="30" WC="0.96" CONTENT="Beträffande"/><SP WIDTH="18" VPOS="1583" HPOS="382"/>
							<String ID="string_154" HPOS="400" VPOS="1584" WIDTH="235" HEIGHT="39" WC="0.92" CONTENT="arbetstagare"/><SP WIDTH="17" VPOS="1584" HPOS="635"/>
							<String ID="string_155" HPOS="652" VPOS="1585" WIDTH="20" HEIGHT="29" WC="0.90" CONTENT="å"/><SP WIDTH="18" VPOS="1585" HPOS="672"/>
							<String ID="string_156" HPOS="690" VPOS="1583" WIDTH="139" HEIGHT="39" WC="0.91" CONTENT="försälj-"/>
						</TextLine>
						<TextLine ID="line_22" HPOS="110" VPOS="1637" WIDTH="718" HEIGHT="39">
							<String ID="string_157" HPOS="110" VPOS="1637" WIDTH="216" HEIGHT="39" WC="0.92" CONTENT="ningsställe,"/><SP WIDTH="24" VPOS="1637" HPOS="326"/>
							<String ID="string_158" HPOS="350" VPOS="1646" WIDTH="76" HEIGHT="21" WC="0.96" CONTENT="som"/><SP WIDTH="21" VPOS="1646" HPOS="426"/>
							<String ID="string_159" HPOS="447" VPOS="1637" WIDTH="11" HEIGHT="30" WC="0.74" CONTENT="1"/><SP WIDTH="21" VPOS="1637" HPOS="458"/>
							<String ID="string_160" HPOS="479" VPOS="1637" WIDTH="90" HEIGHT="39" WC="0.96" CONTENT="regel"/><SP WIDTH="22" VPOS="1637" HPOS="569"/>
							<String ID="string_161" HPOS="591" VPOS="1637" WIDTH="112" HEIGHT="30" WC="0.96" CONTENT="hålles"/><SP WIDTH="22" VPOS="1637" HPOS="703"/>
							<String ID="string_162" HPOS="725" VPOS="1637" WIDTH="103" HEIGHT="39" WC="0.96" CONTENT="öppet"/>
						</TextLine>
						<TextLine ID="line_23" HPOS="110" VPOS="1690" WIDTH="719" HEIGHT="40">
							<String ID="string_163" HPOS="110" VPOS="1690" WIDTH="96" HEIGHT="30" WC="0.93" CONTENT="såväl"/><SP WIDTH="24" VPOS="1690" HPOS="206"/>
							<String ID="string_164" HPOS="230" VPOS="1690" WIDTH="196" HEIGHT="40" WC="0.92" CONTENT="söckendag"/><SP WIDTH="23" VPOS="1690" HPOS="426"/>
							<String ID="string_165" HPOS="449" VPOS="1700" WIDTH="75" HEIGHT="21" WC="0.92" CONTENT="som"/><SP WIDTH="23" VPOS="1700" HPOS="524"/>
							<String ID="string_166" HPOS="547" VPOS="1691" WIDTH="78" HEIGHT="29" WC="0.92" CONTENT="sön-"/><SP WIDTH="22" VPOS="1691" HPOS="625"/>
							<String ID="string_167" HPOS="647" VPOS="1691" WIDTH="64" HEIGHT="29" WC="0.92" CONTENT="och"/><SP WIDTH="24" VPOS="1691" HPOS="711"/>
							<String ID="string_168" HPOS="735" VPOS="1690" WIDTH="94" HEIGHT="39" WC="0.92" CONTENT="helg-"/>
						</TextLine>
						<TextLine ID="line_24" HPOS="109" VPOS="1744" WIDTH="719" HEIGHT="39">
							<String ID="string_169" HPOS="109" VPOS="1744" WIDTH="78" HEIGHT="39" WC="0.96" CONTENT="dag,"/><SP WIDTH="28" VPOS="1744" HPOS="187"/>
							<String ID="string_170" HPOS="215" VPOS="1744" WIDTH="89" HEIGHT="30" WC="0.96" CONTENT="skall"/><SP WIDTH="25" VPOS="1744" HPOS="304"/>
							<String ID="string_171" HPOS="329" VPOS="1744" WIDTH="11" HEIGHT="30" WC="0.96" CONTENT="i"/><SP WIDTH="27" VPOS="1744" HPOS="340"/>
							<String ID="string_172" HPOS="367" VPOS="1744" WIDTH="115" HEIGHT="30" WC="0.96" CONTENT="stället"/><SP WIDTH="26" VPOS="1744" HPOS="482"/>
							<String ID="string_173" HPOS="508" VPOS="1744" WIDTH="54" HEIGHT="30" WC="0.96" CONTENT="för"/><SP WIDTH="24" VPOS="1744" HPOS="562"/>
							<String ID="string_174" HPOS="586" VPOS="1744" WIDTH="68" HEIGHT="30" WC="0.95" CONTENT="vad"/><SP WIDTH="27" VPOS="1744" HPOS="654"/>
							<String ID="string_175" HPOS="681" VPOS="1744" WIDTH="10" HEIGHT="29" WC="0.96" CONTENT="i"/><SP WIDTH="27" VPOS="1744" HPOS="691"/>
							<String ID="string_176" HPOS="718" VPOS="1744" WIDTH="110" HEIGHT="29" WC="0.96" CONTENT="första"/>
						</TextLine>
						<TextLine ID="line_25" HPOS="108" VPOS="1797" WIDTH="719" HEIGHT="40">
							<String ID="string_177" HPOS="108" VPOS="1797" WIDTH="65" HEIGHT="30" WC="0.96" CONTENT="och"/><SP WIDTH="17" VPOS="1797" HPOS="173"/>
							<String ID="string_178" HPOS="190" VPOS="1797" WIDTH="111" HEIGHT="30" WC="0.96" CONTENT="andra"/><SP WIDTH="17" VPOS="1797" HPOS="301"/>
							<String ID="string_179" HPOS="318" VPOS="1797" WIDTH="167" HEIGHT="40" WC="0.96" CONTENT="styckena"/><SP WIDTH="17" VPOS="1797" HPOS="485"/>
							<String ID="string_180" HPOS="502" VPOS="1797" WIDTH="139" HEIGHT="39" WC="0.96" CONTENT="stadgas"/><SP WIDTH="17" VPOS="1797" HPOS="641"/>
							<String ID="string_181" HPOS="658" VPOS="1797" WIDTH="100" HEIGHT="39" WC="0.96" CONTENT="gälla,"/><SP WIDTH="18" VPOS="1797" HPOS="758"/>
							<String ID="string_182" HPOS="776" VPOS="1798" WIDTH="51" HEIGHT="28" WC="0.96" CONTENT="att"/>
						</TextLine>
						<TextLine ID="line_26" HPOS="108" VPOS="1849" WIDTH="719" HEIGHT="40">
							<String ID="string_183" HPOS="108" VPOS="1850" WIDTH="215" HEIGHT="29" WC="0.96" CONTENT="arbetstiden"/><SP WIDTH="36" VPOS="1850" HPOS="323"/>
							<String ID="string_184" HPOS="359" VPOS="1851" WIDTH="76" HEIGHT="29" WC="0.96" CONTENT="icke"/><SP WIDTH="36" VPOS="1851" HPOS="435"/>
							<String ID="string_185" HPOS="471" VPOS="1850" WIDTH="57" HEIGHT="30" WC="0.96" CONTENT="må"/><SP WIDTH="35" VPOS="1850" HPOS="528"/>
							<String ID="string_186" HPOS="563" VPOS="1850" WIDTH="173" HEIGHT="39" WC="0.75" CONTENT="överstiga"/><SP WIDTH="36" VPOS="1850" HPOS="736"/>
							<String ID="string_187" HPOS="772" VPOS="1849" WIDTH="55" HEIGHT="30" WC="0.95" CONTENT="för"/>
						</TextLine>
						<TextLine ID="line_27" HPOS="108" VPOS="1902" WIDTH="717" HEIGHT="40">
							<String ID="string_188" HPOS="108" VPOS="1903" WIDTH="93" HEIGHT="39" WC="0.96" CONTENT="dygn"/><SP WIDTH="22" VPOS="1903" HPOS="201"/>
							<String ID="string_189" HPOS="223" VPOS="1903" WIDTH="38" HEIGHT="29" WC="0.96" CONTENT="10"/><SP WIDTH="19" VPOS="1903" HPOS="261"/>
							<String ID="string_190" HPOS="280" VPOS="1903" WIDTH="142" HEIGHT="29" WC="0.96" CONTENT="timmar"/><SP WIDTH="18" VPOS="1903" HPOS="422"/>
							<String ID="string_191" HPOS="440" VPOS="1903" WIDTH="65" HEIGHT="29" WC="0.96" CONTENT="och"/><SP WIDTH="19" VPOS="1903" HPOS="505"/>
							<String ID="string_192" HPOS="524" VPOS="1903" WIDTH="53" HEIGHT="29" WC="0.96" CONTENT="för"/><SP WIDTH="19" VPOS="1903" HPOS="577"/>
							<String ID="string_193" HPOS="596" VPOS="1903" WIDTH="58" HEIGHT="29" WC="0.96" CONTENT="två"/><SP WIDTH="17" VPOS="1903" HPOS="654"/>
							<String ID="string_194" HPOS="671" VPOS="1903" WIDTH="126" HEIGHT="29" WC="0.96" CONTENT="veckor"/><SP WIDTH="18" VPOS="1903" HPOS="797"/>
							<String ID="string_195" HPOS="815" VPOS="1902" WIDTH="10" HEIGHT="29" WC="0.96" CONTENT="i"/>
						</TextLine>
						<TextLine ID="line_28" HPOS="109" VPOS="1956" WIDTH="319" HEIGHT="39">
							<String ID="string_196" HPOS="109" VPOS="1956" WIDTH="90" HEIGHT="39" WC="0.96" CONTENT="följd"/><SP WIDTH="19" VPOS="1956" HPOS="199"/>
							<String ID="string_197" HPOS="218" VPOS="1957" WIDTH="41" HEIGHT="28" WC="0.96" CONTENT="96"/><SP WIDTH="19" VPOS="1957" HPOS="259"/>
							<String ID="string_198" HPOS="278" VPOS="1957" WIDTH="150" HEIGHT="29" WC="0.96" CONTENT="timmar."/>
						</TextLine>
					</TextBlock>
				</ComposedBlock>
				<GraphicalElement ID="cblock_9" HPOS="454" VPOS="1547" WIDTH="323" HEIGHT="4"></GraphicalElement >
				<ComposedBlock ID="cblock_10" HPOS="141" VPOS="2516" WIDTH="699" HEIGHT="32">
					<TextBlock ID="block_11" HPOS="141" VPOS="2516" WIDTH="699" HEIGHT="32">
						<TextLine ID="line_29" HPOS="141" VPOS="2516" WIDTH="699" HEIGHT="32">
							<String ID="string_199" HPOS="141" VPOS="2516" WIDTH="8" HEIGHT="15" WC="0.93" CONTENT="1"/><SP WIDTH="22" VPOS="2516" HPOS="149"/>
							<String ID="string_200" HPOS="171" VPOS="2517" WIDTH="115" HEIGHT="24" WC="0.95" CONTENT="Senaste"/><SP WIDTH="20" VPOS="2517" HPOS="286"/>
							<String ID="string_201" HPOS="306" VPOS="2517" WIDTH="104" HEIGHT="31" WC="0.96" CONTENT="lydelse"/><SP WIDTH="22" VPOS="2517" HPOS="410"/>
							<String ID="string_202" HPOS="432" VPOS="2524" WIDTH="35" HEIGHT="18" WC="0.96" CONTENT="av"/><SP WIDTH="21" VPOS="2524" HPOS="467"/>
							<String ID="string_203" HPOS="488" VPOS="2517" WIDTH="56" HEIGHT="30" WC="0.29" CONTENT="10"/><SP WIDTH="-10" VPOS="2517" HPOS="544"/>
							<String ID="string_204" HPOS="534" VPOS="2512" WIDTH="16" HEIGHT="41" WC="0.29" CONTENT="$"/><SP WIDTH="16" VPOS="2512" HPOS="550"/>
							<String ID="string_205" HPOS="566" VPOS="2523" WIDTH="27" HEIGHT="18" WC="0.97" CONTENT="se"/><SP WIDTH="21" VPOS="2523" HPOS="593"/>
							<String ID="string_206" HPOS="614" VPOS="2517" WIDTH="61" HEIGHT="24" WC="0.95" CONTENT="SFS"/><SP WIDTH="22" VPOS="2517" HPOS="675"/>
							<String ID="string_207" HPOS="697" VPOS="2517" WIDTH="75" HEIGHT="24" WC="0.0" CONTENT="1945:"/><SP WIDTH="9" VPOS="2517" HPOS="772"/>
							<String ID="string_208" HPOS="781" VPOS="2518" WIDTH="59" HEIGHT="24" WC="0.0" CONTENT="270."/>
						</TextLine>
					</TextBlock>
				</ComposedBlock>
				<ComposedBlock ID="cblock_11" HPOS="884" VPOS="1263" WIDTH="718" HEIGHT="253">
					<TextBlock ID="block_12" HPOS="884" VPOS="1263" WIDTH="718" HEIGHT="253">
						<TextLine ID="line_30" HPOS="930" VPOS="1263" WIDTH="672" HEIGHT="40">
							<String ID="string_209" HPOS="930" VPOS="1263" WIDTH="243" HEIGHT="40" WC="0.96" CONTENT="Arbetsgivare"/><SP WIDTH="21" VPOS="1263" HPOS="1173"/>
							<String ID="string_210" HPOS="1194" VPOS="1263" WIDTH="57" HEIGHT="30" WC="0.94" CONTENT="må"/><SP WIDTH="20" VPOS="1263" HPOS="1251"/>
							<String ID="string_211" HPOS="1271" VPOS="1264" WIDTH="76" HEIGHT="29" WC="0.96" CONTENT="icke"/><SP WIDTH="21" VPOS="1264" HPOS="1347"/>
							<String ID="string_212" HPOS="1368" VPOS="1263" WIDTH="160" HEIGHT="30" WC="0.93" CONTENT="använda"/><SP WIDTH="21" VPOS="1263" HPOS="1528"/>
							<String ID="string_213" HPOS="1549" VPOS="1272" WIDTH="53" HEIGHT="20" WC="0.92" CONTENT="ar-"/>
						</TextLine>
						<TextLine ID="line_31" HPOS="884" VPOS="1317" WIDTH="717" HEIGHT="40">
							<String ID="string_214" HPOS="884" VPOS="1318" WIDTH="195" HEIGHT="39" WC="0.91" CONTENT="betstagare"/><SP WIDTH="31" VPOS="1318" HPOS="1079"/>
							<String ID="string_215" HPOS="1110" VPOS="1317" WIDTH="53" HEIGHT="30" WC="0.95" CONTENT="till"/><SP WIDTH="31" VPOS="1317" HPOS="1163"/>
							<String ID="string_216" HPOS="1194" VPOS="1317" WIDTH="116" HEIGHT="30" WC="0.95" CONTENT="arbete"/><SP WIDTH="31" VPOS="1317" HPOS="1310"/>
							<String ID="string_217" HPOS="1341" VPOS="1317" WIDTH="111" HEIGHT="29" WC="0.96" CONTENT="under"/><SP WIDTH="31" VPOS="1317" HPOS="1452"/>
							<String ID="string_218" HPOS="1483" VPOS="1317" WIDTH="118" HEIGHT="39" WC="0.96" CONTENT="längre"/>
						</TextLine>
						<TextLine ID="line_32" HPOS="885" VPOS="1370" WIDTH="716" HEIGHT="35">
							<String ID="string_219" HPOS="885" VPOS="1371" WIDTH="61" HEIGHT="34" WC="0.96" CONTENT="tid,"/><SP WIDTH="25" VPOS="1371" HPOS="946"/>
							<String ID="string_220" HPOS="971" VPOS="1372" WIDTH="111" HEIGHT="28" WC="0.93" CONTENT="raster"/><SP WIDTH="25" VPOS="1372" HPOS="1082"/>
							<String ID="string_221" HPOS="1107" VPOS="1371" WIDTH="188" HEIGHT="34" WC="0.91" CONTENT="oräknade,"/><SP WIDTH="27" VPOS="1371" HPOS="1295"/>
							<String ID="string_222" HPOS="1322" VPOS="1371" WIDTH="45" HEIGHT="29" WC="0.95" CONTENT="än"/><SP WIDTH="26" VPOS="1371" HPOS="1367"/>
							<String ID="string_223" HPOS="1393" VPOS="1370" WIDTH="41" HEIGHT="29" WC="0.96" CONTENT="45"/><SP WIDTH="25" VPOS="1370" HPOS="1434"/>
							<String ID="string_224" HPOS="1459" VPOS="1370" WIDTH="142" HEIGHT="30" WC="0.96" CONTENT="timmar"/>
						</TextLine>
						<TextLine ID="line_33" HPOS="884" VPOS="1423" WIDTH="717" HEIGHT="39">
							<String ID="string_225" HPOS="884" VPOS="1425" WIDTH="11" HEIGHT="28" WC="0.96" CONTENT="i"/><SP WIDTH="28" VPOS="1425" HPOS="895"/>
							<String ID="string_226" HPOS="923" VPOS="1424" WIDTH="143" HEIGHT="29" WC="0.93" CONTENT="veckan."/><SP WIDTH="30" VPOS="1424" HPOS="1066"/>
							<String ID="string_227" HPOS="1096" VPOS="1423" WIDTH="222" HEIGHT="30" WC="0.92" CONTENT="Arbetstiden"/><SP WIDTH="30" VPOS="1423" HPOS="1318"/>
							<String ID="string_228" HPOS="1348" VPOS="1423" WIDTH="58" HEIGHT="29" WC="0.96" CONTENT="må"/><SP WIDTH="28" VPOS="1423" HPOS="1406"/>
							<String ID="string_229" HPOS="1434" VPOS="1423" WIDTH="31" HEIGHT="39" WC="0.96" CONTENT="ej"/><SP WIDTH="32" VPOS="1423" HPOS="1465"/>
							<String ID="string_230" HPOS="1497" VPOS="1423" WIDTH="104" HEIGHT="39" WC="0.96" CONTENT="något"/>
						</TextLine>
						<TextLine ID="line_34" HPOS="885" VPOS="1476" WIDTH="522" HEIGHT="40">
							<String ID="string_231" HPOS="885" VPOS="1478" WIDTH="93" HEIGHT="38" WC="0.96" CONTENT="dygn"/><SP WIDTH="21" VPOS="1478" HPOS="978"/>
							<String ID="string_232" HPOS="999" VPOS="1476" WIDTH="172" HEIGHT="40" WC="0.96" CONTENT="överstiga"/><SP WIDTH="24" VPOS="1476" HPOS="1171"/>
							<String ID="string_233" HPOS="1195" VPOS="1476" WIDTH="38" HEIGHT="30" WC="0.96" CONTENT="10"/><SP WIDTH="22" VPOS="1476" HPOS="1233"/>
							<String ID="string_234" HPOS="1255" VPOS="1476" WIDTH="152" HEIGHT="30" WC="0.96" CONTENT="timmar."/>
						</TextLine>
					</TextBlock>
				</ComposedBlock>
				<ComposedBlock ID="cblock_12" HPOS="804" VPOS="1529" WIDTH="211" HEIGHT="30">
					<TextBlock ID="block_13" HPOS="804" VPOS="1529" WIDTH="211" HEIGHT="30">
						<TextLine ID="line_35" HPOS="804" VPOS="1529" WIDTH="211" HEIGHT="30">
							<String ID="string_235" HPOS="804" VPOS="1530" WIDTH="36" HEIGHT="29" WC="0.95" CONTENT="11"/><SP WIDTH="22" VPOS="1530" HPOS="840"/>
							<String ID="string_236" HPOS="862" VPOS="1529" WIDTH="153" HEIGHT="30" WC="0.96" CONTENT="timmar."/>
						</TextLine>
					</TextBlock>
				</ComposedBlock>
				<ComposedBlock ID="cblock_13" HPOS="881" VPOS="1582" WIDTH="720" HEIGHT="624">
					<TextBlock ID="block_14" HPOS="883" VPOS="1582" WIDTH="718" HEIGHT="456">
						<TextLine ID="line_36" HPOS="928" VPOS="1582" WIDTH="673" HEIGHT="40">
							<String ID="string_237" HPOS="928" VPOS="1583" WIDTH="228" HEIGHT="30" WC="0.96" CONTENT="Beträffande"/><SP WIDTH="41" VPOS="1583" HPOS="1156"/>
							<String ID="string_238" HPOS="1197" VPOS="1583" WIDTH="235" HEIGHT="39" WC="0.93" CONTENT="arbetstagare"/><SP WIDTH="41" VPOS="1583" HPOS="1432"/>
							<String ID="string_239" HPOS="1473" VPOS="1582" WIDTH="19" HEIGHT="30" WC="0.90" CONTENT="å"/><SP WIDTH="41" VPOS="1582" HPOS="1492"/>
							<String ID="string_240" HPOS="1533" VPOS="1582" WIDTH="68" HEIGHT="30" WC="0.90" CONTENT="för-"/>
						</TextLine>
						<TextLine ID="line_37" HPOS="886" VPOS="1636" WIDTH="715" HEIGHT="40">
							<String ID="string_241" HPOS="886" VPOS="1637" WIDTH="286" HEIGHT="39" WC="0.91" CONTENT="säljningsställe,"/><SP WIDTH="18" VPOS="1637" HPOS="1172"/>
							<String ID="string_242" HPOS="1190" VPOS="1646" WIDTH="74" HEIGHT="20" WC="0.96" CONTENT="som"/><SP WIDTH="17" VPOS="1646" HPOS="1264"/>
							<String ID="string_243" HPOS="1281" VPOS="1637" WIDTH="11" HEIGHT="30" WC="0.96" CONTENT="i"/><SP WIDTH="15" VPOS="1637" HPOS="1292"/>
							<String ID="string_244" HPOS="1307" VPOS="1636" WIDTH="93" HEIGHT="40" WC="0.95" CONTENT="regel"/><SP WIDTH="16" VPOS="1636" HPOS="1400"/>
							<String ID="string_245" HPOS="1416" VPOS="1636" WIDTH="109" HEIGHT="30" WC="0.93" CONTENT="hålles"/><SP WIDTH="16" VPOS="1636" HPOS="1525"/>
							<String ID="string_246" HPOS="1541" VPOS="1637" WIDTH="60" HEIGHT="39" WC="0.93" CONTENT="öp-"/>
						</TextLine>
						<TextLine ID="line_38" HPOS="883" VPOS="1689" WIDTH="718" HEIGHT="41">
							<String ID="string_247" HPOS="883" VPOS="1692" WIDTH="58" HEIGHT="38" WC="0.96" CONTENT="pet"/><SP WIDTH="31" VPOS="1692" HPOS="941"/>
							<String ID="string_248" HPOS="972" VPOS="1690" WIDTH="93" HEIGHT="31" WC="0.93" CONTENT="såväl"/><SP WIDTH="31" VPOS="1690" HPOS="1065"/>
							<String ID="string_249" HPOS="1096" VPOS="1691" WIDTH="196" HEIGHT="38" WC="0.92" CONTENT="söckendag"/><SP WIDTH="30" VPOS="1691" HPOS="1292"/>
							<String ID="string_250" HPOS="1322" VPOS="1699" WIDTH="76" HEIGHT="21" WC="0.88" CONTENT="som"/><SP WIDTH="31" VPOS="1699" HPOS="1398"/>
							<String ID="string_251" HPOS="1429" VPOS="1691" WIDTH="77" HEIGHT="29" WC="0.88" CONTENT="sön-"/><SP WIDTH="29" VPOS="1691" HPOS="1506"/>
							<String ID="string_252" HPOS="1535" VPOS="1689" WIDTH="66" HEIGHT="30" WC="0.96" CONTENT="och"/>
						</TextLine>
						<TextLine ID="line_39" HPOS="884" VPOS="1743" WIDTH="717" HEIGHT="40">
							<String ID="string_253" HPOS="884" VPOS="1744" WIDTH="157" HEIGHT="39" WC="0.96" CONTENT="helgdag,"/><SP WIDTH="22" VPOS="1744" HPOS="1041"/>
							<String ID="string_254" HPOS="1063" VPOS="1744" WIDTH="89" HEIGHT="29" WC="0.96" CONTENT="skall"/><SP WIDTH="20" VPOS="1744" HPOS="1152"/>
							<String ID="string_255" HPOS="1172" VPOS="1745" WIDTH="11" HEIGHT="28" WC="0.96" CONTENT="i"/><SP WIDTH="21" VPOS="1745" HPOS="1183"/>
							<String ID="string_256" HPOS="1204" VPOS="1744" WIDTH="115" HEIGHT="29" WC="0.96" CONTENT="stället"/><SP WIDTH="20" VPOS="1744" HPOS="1319"/>
							<String ID="string_257" HPOS="1339" VPOS="1743" WIDTH="55" HEIGHT="30" WC="0.96" CONTENT="för"/><SP WIDTH="20" VPOS="1743" HPOS="1394"/>
							<String ID="string_258" HPOS="1414" VPOS="1743" WIDTH="66" HEIGHT="30" WC="0.96" CONTENT="vad"/><SP WIDTH="21" VPOS="1743" HPOS="1480"/>
							<String ID="string_259" HPOS="1501" VPOS="1744" WIDTH="10" HEIGHT="29" WC="0.93" CONTENT="i"/><SP WIDTH="20" VPOS="1744" HPOS="1511"/>
							<String ID="string_260" HPOS="1531" VPOS="1743" WIDTH="70" HEIGHT="30" WC="0.92" CONTENT="för-"/>
						</TextLine>
						<TextLine ID="line_40" HPOS="885" VPOS="1795" WIDTH="714" HEIGHT="40">
							<String ID="string_261" HPOS="885" VPOS="1798" WIDTH="54" HEIGHT="27" WC="0.96" CONTENT="sta"/><SP WIDTH="14" VPOS="1798" HPOS="939"/>
							<String ID="string_262" HPOS="953" VPOS="1796" WIDTH="64" HEIGHT="30" WC="0.96" CONTENT="och"/><SP WIDTH="17" VPOS="1796" HPOS="1017"/>
							<String ID="string_263" HPOS="1034" VPOS="1796" WIDTH="109" HEIGHT="29" WC="0.96" CONTENT="andra"/><SP WIDTH="18" VPOS="1796" HPOS="1143"/>
							<String ID="string_264" HPOS="1161" VPOS="1796" WIDTH="165" HEIGHT="39" WC="0.96" CONTENT="styckena"/><SP WIDTH="17" VPOS="1796" HPOS="1326"/>
							<String ID="string_265" HPOS="1343" VPOS="1796" WIDTH="140" HEIGHT="38" WC="0.96" CONTENT="stadgas"/><SP WIDTH="16" VPOS="1796" HPOS="1483"/>
							<String ID="string_266" HPOS="1499" VPOS="1795" WIDTH="100" HEIGHT="39" WC="0.95" CONTENT="gälla,"/>
						</TextLine>
						<TextLine ID="line_41" HPOS="884" VPOS="1848" WIDTH="716" HEIGHT="39">
							<String ID="string_267" HPOS="884" VPOS="1851" WIDTH="51" HEIGHT="27" WC="0.96" CONTENT="att"/><SP WIDTH="19" VPOS="1851" HPOS="935"/>
							<String ID="string_268" HPOS="954" VPOS="1849" WIDTH="212" HEIGHT="29" WC="0.96" CONTENT="arbetstiden"/><SP WIDTH="19" VPOS="1849" HPOS="1166"/>
							<String ID="string_269" HPOS="1185" VPOS="1849" WIDTH="75" HEIGHT="29" WC="0.96" CONTENT="icke"/><SP WIDTH="19" VPOS="1849" HPOS="1260"/>
							<String ID="string_270" HPOS="1279" VPOS="1849" WIDTH="57" HEIGHT="29" WC="0.96" CONTENT="må"/><SP WIDTH="19" VPOS="1849" HPOS="1336"/>
							<String ID="string_271" HPOS="1355" VPOS="1848" WIDTH="171" HEIGHT="39" WC="0.95" CONTENT="överstiga"/><SP WIDTH="19" VPOS="1848" HPOS="1526"/>
							<String ID="string_272" HPOS="1545" VPOS="1848" WIDTH="55" HEIGHT="29" WC="0.95" CONTENT="för"/>
						</TextLine>
						<TextLine ID="line_42" HPOS="884" VPOS="1900" WIDTH="716" HEIGHT="41">
							<String ID="string_273" HPOS="884" VPOS="1902" WIDTH="92" HEIGHT="39" WC="0.96" CONTENT="dygn"/><SP WIDTH="21" VPOS="1902" HPOS="976"/>
							<String ID="string_274" HPOS="997" VPOS="1902" WIDTH="38" HEIGHT="29" WC="0.96" CONTENT="10"/><SP WIDTH="19" VPOS="1902" HPOS="1035"/>
							<String ID="string_275" HPOS="1054" VPOS="1902" WIDTH="142" HEIGHT="29" WC="0.96" CONTENT="timmar"/><SP WIDTH="18" VPOS="1902" HPOS="1196"/>
							<String ID="string_276" HPOS="1214" VPOS="1902" WIDTH="64" HEIGHT="29" WC="0.95" CONTENT="och"/><SP WIDTH="19" VPOS="1902" HPOS="1278"/>
							<String ID="string_277" HPOS="1297" VPOS="1901" WIDTH="55" HEIGHT="30" WC="0.96" CONTENT="för"/><SP WIDTH="18" VPOS="1901" HPOS="1352"/>
							<String ID="string_278" HPOS="1370" VPOS="1901" WIDTH="58" HEIGHT="30" WC="0.96" CONTENT="två"/><SP WIDTH="18" VPOS="1901" HPOS="1428"/>
							<String ID="string_279" HPOS="1446" VPOS="1901" WIDTH="124" HEIGHT="30" WC="0.96" CONTENT="veckor"/><SP WIDTH="19" VPOS="1901" HPOS="1570"/>
							<String ID="string_280" HPOS="1589" VPOS="1900" WIDTH="11" HEIGHT="29" WC="0.96" CONTENT="i"/>
						</TextLine>
						<TextLine ID="line_43" HPOS="884" VPOS="1954" WIDTH="716" HEIGHT="40">
							<String ID="string_281" HPOS="884" VPOS="1955" WIDTH="89" HEIGHT="39" WC="0.96" CONTENT="följd"/><SP WIDTH="24" VPOS="1955" HPOS="973"/>
							<String ID="string_282" HPOS="997" VPOS="1955" WIDTH="10" HEIGHT="29" WC="0.96" CONTENT="i"/><SP WIDTH="21" VPOS="1955" HPOS="1007"/>
							<String ID="string_283" HPOS="1028" VPOS="1954" WIDTH="213" HEIGHT="40" WC="0.95" CONTENT="genomsnitt"/><SP WIDTH="23" VPOS="1954" HPOS="1241"/>
							<String ID="string_284" HPOS="1264" VPOS="1955" WIDTH="41" HEIGHT="30" WC="0.81" CONTENT="45"/><SP WIDTH="26" VPOS="1955" HPOS="1305"/>
							<String ID="string_285" HPOS="1331" VPOS="1955" WIDTH="140" HEIGHT="28" WC="0.95" CONTENT="timmar"/><SP WIDTH="23" VPOS="1955" HPOS="1471"/>
							<String ID="string_286" HPOS="1494" VPOS="1954" WIDTH="11" HEIGHT="29" WC="0.90" CONTENT="i"/><SP WIDTH="22" VPOS="1954" HPOS="1505"/>
							<String ID="string_287" HPOS="1527" VPOS="1963" WIDTH="73" HEIGHT="20" WC="0.90" CONTENT="vec-"/>
						</TextLine>
						<TextLine ID="line_44" HPOS="883" VPOS="2008" WIDTH="81" HEIGHT="30">
							<String ID="string_288" HPOS="883" VPOS="2008" WIDTH="81" HEIGHT="30" WC="0.96" CONTENT="kan."/>
						</TextLine>
					</TextBlock>
					<TextBlock ID="block_15" HPOS="881" VPOS="2060" WIDTH="719" HEIGHT="146">
						<TextLine ID="line_45" HPOS="931" VPOS="2060" WIDTH="669" HEIGHT="40">
							<String ID="string_289" HPOS="931" VPOS="2061" WIDTH="111" HEIGHT="30" WC="0.96" CONTENT="Vecka"/><SP WIDTH="22" VPOS="2061" HPOS="1042"/>
							<String ID="string_290" HPOS="1064" VPOS="2061" WIDTH="130" HEIGHT="29" WC="0.96" CONTENT="räknas"/><SP WIDTH="21" VPOS="2061" HPOS="1194"/>
							<String ID="string_291" HPOS="1215" VPOS="2061" WIDTH="79" HEIGHT="39" WC="0.96" CONTENT="från"/><SP WIDTH="23" VPOS="2061" HPOS="1294"/>
							<String ID="string_292" HPOS="1317" VPOS="2060" WIDTH="63" HEIGHT="30" WC="0.96" CONTENT="och"/><SP WIDTH="23" VPOS="2060" HPOS="1380"/>
							<String ID="string_293" HPOS="1403" VPOS="2060" WIDTH="79" HEIGHT="30" WC="0.93" CONTENT="med"/><SP WIDTH="21" VPOS="2060" HPOS="1482"/>
							<String ID="string_294" HPOS="1503" VPOS="2060" WIDTH="97" HEIGHT="29" WC="0.92" CONTENT="mån-"/>
						</TextLine>
						<TextLine ID="line_46" HPOS="883" VPOS="2113" WIDTH="716" HEIGHT="40">
							<String ID="string_295" HPOS="883" VPOS="2114" WIDTH="66" HEIGHT="39" WC="0.96" CONTENT="dag"/><SP WIDTH="25" VPOS="2114" HPOS="949"/>
							<String ID="string_296" HPOS="974" VPOS="2114" WIDTH="81" HEIGHT="30" WC="0.96" CONTENT="eller"/><SP WIDTH="24" VPOS="2114" HPOS="1055"/>
							<String ID="string_297" HPOS="1079" VPOS="2122" WIDTH="117" HEIGHT="21" WC="0.96" CONTENT="annan"/><SP WIDTH="27" VPOS="2122" HPOS="1196"/>
							<String ID="string_298" HPOS="1223" VPOS="2114" WIDTH="75" HEIGHT="39" WC="0.96" CONTENT="dag,"/><SP WIDTH="24" VPOS="2114" HPOS="1298"/>
							<String ID="string_299" HPOS="1322" VPOS="2123" WIDTH="75" HEIGHT="20" WC="0.96" CONTENT="som"/><SP WIDTH="28" VPOS="2123" HPOS="1397"/>
							<String ID="string_300" HPOS="1425" VPOS="2113" WIDTH="174" HEIGHT="39" WC="0.96" CONTENT="tillämpas"/>
						</TextLine>
						<TextLine ID="line_47" HPOS="881" VPOS="2167" WIDTH="323" HEIGHT="39">
							<String ID="string_301" HPOS="881" VPOS="2168" WIDTH="57" HEIGHT="38" WC="0.96" CONTENT="för"/><SP WIDTH="22" VPOS="2168" HPOS="938"/>
							<String ID="string_302" HPOS="960" VPOS="2167" WIDTH="244" HEIGHT="30" WC="0.96" CONTENT="arbetsstället."/>
						</TextLine>
					</TextBlock>
				</ComposedBlock>
				<ComposedBlock ID="cblock_14" HPOS="881" VPOS="2277" WIDTH="719" HEIGHT="205">
					<TextBlock ID="block_16" HPOS="881" VPOS="2277" WIDTH="719" HEIGHT="205">
						<TextLine ID="line_48" HPOS="1183" VPOS="2277" WIDTH="117" HEIGHT="36">
							<String ID="string_303" HPOS="1183" VPOS="2278" WIDTH="18" HEIGHT="28" WC="0.71" CONTENT="4"/><SP WIDTH="26" VPOS="2278" HPOS="1201"/>
							<String ID="string_304" HPOS="1227" VPOS="2287" WIDTH="18" HEIGHT="20" WC="0.40" CONTENT="a"/><SP WIDTH="25" VPOS="2287" HPOS="1245"/>
							<String ID="string_305" HPOS="1270" VPOS="2277" WIDTH="30" HEIGHT="36" WC="0.40" CONTENT="$."/>
						</TextLine>
						<TextLine ID="line_49" HPOS="927" VPOS="2337" WIDTH="673" HEIGHT="40">
							<String ID="string_306" HPOS="927" VPOS="2339" WIDTH="91" HEIGHT="29" WC="0.96" CONTENT="Från"/><SP WIDTH="22" VPOS="2339" HPOS="1018"/>
							<String ID="string_307" HPOS="1040" VPOS="2339" WIDTH="41" HEIGHT="29" WC="0.96" CONTENT="de"/><SP WIDTH="23" VPOS="2339" HPOS="1081"/>
							<String ID="string_308" HPOS="1104" VPOS="2338" WIDTH="284" HEIGHT="39" WC="0.96" CONTENT="begränsningar,"/><SP WIDTH="23" VPOS="2338" HPOS="1388"/>
							<String ID="string_309" HPOS="1411" VPOS="2347" WIDTH="73" HEIGHT="20" WC="0.93" CONTENT="som"/><SP WIDTH="23" VPOS="2347" HPOS="1484"/>
							<String ID="string_310" HPOS="1507" VPOS="2337" WIDTH="93" HEIGHT="30" WC="0.91" CONTENT="stad-"/>
						</TextLine>
						<TextLine ID="line_50" HPOS="881" VPOS="2390" WIDTH="718" HEIGHT="40">
							<String ID="string_311" HPOS="881" VPOS="2401" WIDTH="62" HEIGHT="29" WC="0.91" CONTENT="gas"/><SP WIDTH="17" VPOS="2401" HPOS="943"/>
							<String ID="string_312" HPOS="960" VPOS="2392" WIDTH="10" HEIGHT="29" WC="0.83" CONTENT="i"/><SP WIDTH="15" VPOS="2392" HPOS="970"/>
							<String ID="string_313" HPOS="985" VPOS="2392" WIDTH="18" HEIGHT="29" WC="0.83" CONTENT="4"/><SP WIDTH="15" VPOS="2392" HPOS="1003"/>
							<String ID="string_314" HPOS="1018" VPOS="2391" WIDTH="30" HEIGHT="37" WC="0.92" CONTENT="$,"/><SP WIDTH="17" VPOS="2391" HPOS="1048"/>
							<String ID="string_315" HPOS="1065" VPOS="2391" WIDTH="57" HEIGHT="29" WC="0.96" CONTENT="må"/><SP WIDTH="15" VPOS="2391" HPOS="1122"/>
							<String ID="string_316" HPOS="1137" VPOS="2393" WIDTH="119" HEIGHT="37" WC="0.96" CONTENT="avsteg"/><SP WIDTH="13" VPOS="2393" HPOS="1256"/>
							<String ID="string_317" HPOS="1269" VPOS="2391" WIDTH="101" HEIGHT="39" WC="0.96" CONTENT="göras"/><SP WIDTH="16" VPOS="2391" HPOS="1370"/>
							<String ID="string_318" HPOS="1386" VPOS="2400" WIDTH="122" HEIGHT="29" WC="0.93" CONTENT="genom"/><SP WIDTH="18" VPOS="2400" HPOS="1508"/>
							<String ID="string_319" HPOS="1526" VPOS="2390" WIDTH="73" HEIGHT="29" WC="0.92" CONTENT="kol-"/>
						</TextLine>
						<TextLine ID="line_51" HPOS="884" VPOS="2444" WIDTH="714" HEIGHT="38">
							<String ID="string_320" HPOS="884" VPOS="2444" WIDTH="210" HEIGHT="36" WC="0.91" CONTENT="lektivavtal,"/><SP WIDTH="31" VPOS="2444" HPOS="1094"/>
							<String ID="string_321" HPOS="1125" VPOS="2454" WIDTH="75" HEIGHT="19" WC="0.93" CONTENT="som"/><SP WIDTH="31" VPOS="2454" HPOS="1200"/>
							<String ID="string_322" HPOS="1231" VPOS="2444" WIDTH="19" HEIGHT="29" WC="0.92" CONTENT="å"/><SP WIDTH="30" VPOS="2444" HPOS="1250"/>
							<String ID="string_323" HPOS="1280" VPOS="2444" WIDTH="318" HEIGHT="38" WC="0.92" CONTENT="arbetstagarsidan"/>
						</TextLine>
					</TextBlock>
				</ComposedBlock>
			</PrintSpace>
		</Page>
	</Layout>
</alto>
