1898 2816
264 150 19 30 2
700 149 254 32 Statsutskottets
977 150 168 32 utlåtande
1168 151 55 31 Nr
1245 154 75 28 146.

308 231 94 29 extra
426 229 62 31 och
512 228 235 33 vikarierande
772 228 155 42 kvinnlig
952 229 224 33 ämneslärare
1201 230 123 32 arvode
1344 232 19 30 å
1380 232 99 37 3,000
1495 232 131 38 kronor,
1646 232 113 33 därest

262 282 69 32 hon
356 282 114 41 avlagt
494 282 41 31 de
559 281 158 32 examina
742 282 62 32 och
828 293 94 31 prov,
948 293 73 21 som
1046 283 168 32 erfordras
1232 284 54 31 för
1301 283 199 42 behörighet
1517 285 50 32 till
1583 285 176 41 adjunkts-

262 336 106 41 tjänst
392 335 57 33 vid
475 335 141 32 allmänt
639 335 165 39 läroverk,
830 335 96 41 eljest
951 337 97 38 2,600
1072 337 134 39 kronor,
1232 338 54 31 för
1309 339 36 30 år
1368 338 135 40 räknat;

306 388 234 33 vikarierande
564 388 289 33 ämneslärarinna
877 390 124 32 arvode
1026 392 18 29 å
1068 391 98 38 3,000
1191 391 134 39 kronor,
1350 391 112 32 därest
1484 392 70 32 hon
1578 392 114 42 avlagt
1716 393 41 32 de

261 442 158 32 examina
454 442 64 32 och
541 453 94 30 prov,
661 453 74 21 som
760 442 166 32 erfordras
951 444 54 31 för
1027 443 200 41 behörighet
1251 444 49 31 till
1324 444 271 42 adjunktstjänst
1619 446 58 32 vid
1701 446 56 31 all-

260 498 96 29 mänt
390 495 165 39 läroverk,
591 495 125 33 arvode
752 497 20 30 å
796 496 98 38 2,600
918 496 135 39 kronor,
1078 496 110 33 därest
1213 497 69 32 hon
1306 498 114 41 avlagt
1445 498 41 32 de
1510 499 157 32 examina
1691 500 65 31 och

260 559 84 31 prov
368 559 74 21 som
466 548 168 32 erfordras
659 550 54 30 för
736 548 199 42 behörighet
959 549 51 32 till
1034 550 492 43 ämneslärarinnebefattning,
1544 553 94 40 eljest
1656 554 100 37 2,400

259 603 134 38 kronor,
418 603 54 31 för
496 604 36 29 år
556 603 137 38 räknat;

303 658 93 30 extra
431 655 79 33 eller
544 655 236 34 vikarierande
808 656 129 42 manlig
961 657 330 42 övningsskollärare
1315 658 124 33 arvode
1464 660 19 30 å
1509 660 97 38 2,800
1630 660 126 32 kronor

257 710 54 31 för
335 711 37 30 år
395 709 138 40 räknat;

302 765 94 29 extra
420 762 79 33 eller
521 762 235 33 vikarierande
780 763 156 41 kvinnlig
960 764 328 41 övningsskollärare
1312 766 123 32 arvode
1460 767 20 31 å
1504 767 98 38 2,400
1619 767 134 39 kronor,

257 817 57 31 för
335 817 37 31 år
395 816 135 38 räknat;

301 872 50 30 att
374 870 122 41 högsta
519 869 362 42 pensionsunderlaget
905 870 87 36 skall
1015 881 84 26 vara

301 924 54 31 för
378 923 131 41 manlig
532 923 147 41 adjunkt
702 924 101 38 4,000
826 924 142 39 kronor;

300 977 58 31 för
377 976 158 42 kvinnlig
558 977 146 40 adjunkt
729 978 99 38 3,000
852 977 138 40 kronor;

300 1033 49 28 att
373 1030 356 41 övningsskollärarna
753 1030 95 32 skola
872 1035 63 37 äga
960 1031 207 42 delaktighet
1191 1032 11 31 i
1227 1035 125 29 statens
1377 1033 294 41 pensionsanstalt,

301 1083 68 32 dels
402 1084 54 32 ock
487 1083 171 41 medgiva,
694 1086 50 31 att
772 1084 127 41 Kungl.
926 1084 98 41 Maj:t
1047 1087 56 33 må
1126 1085 139 33 utfärda
1290 1086 39 33 de
1354 1086 185 43 ändringar
1561 1087 11 32 i
1595 1088 158 42 gällande

254 1136 254 37 bestämmelser
541 1137 144 36 rörande
717 1136 87 37 löne-
828 1137 64 34 och
915 1138 330 42 pensionsreglering
1267 1139 55 33 för
1343 1139 327 42 lärarpersonalerna
1693 1142 60 34 vid

253 1190 105 41 högre
381 1189 374 40 lärarinneseminariet,
781 1190 41 32 de
846 1190 173 37 allmänna
1034 1183 199 45 läroverken
1250 1192 64 33 och
1329 1193 421 41 folkskoleseminarierna,

255 1253 73 22 som
353 1244 56 31 må
432 1242 194 36 föranledas
651 1254 42 25 av
716 1254 51 25 nu
788 1244 213 32 framställda
1025 1244 135 42 förslag.

299 1296 236 41 Utredningen
559 1297 180 35 återfinnes
764 1298 20 30 å
807 1297 60 33 sid.
896 1299 82 31 1—7
1003 1298 12 31 i
1039 1298 189 42 åberopade
1253 1300 340 45 statsrådsprotokoll.

298 1402 66 32 Det
398 1413 48 23 nu
481 1403 192 41 framlagda
707 1404 160 42 förslaget
901 1405 63 32 har
998 1405 53 32 sin
1084 1406 112 41 grund
1220 1406 11 32 i
1256 1406 41 36 de
1320 1409 80 30 utav
1427 1408 84 32 1927
1537 1409 53 31 års
1614 1408 138 42 riksdag

253 1456 128 32 fattade
404 1456 154 32 besluten
582 1456 143 33 rörande
750 1458 286 41 omorganisation
1060 1470 42 22 av
1126 1459 56 32 det
1206 1460 104 42 högre
1327 1460 237 36 skolväsendet
1580 1461 62 32 och
1659 1461 92 35 inne-

252 1509 61 32 bär
346 1509 119 43 tillägg
499 1509 52 36 till
586 1510 66 32 den
687 1511 54 31 för
775 1510 288 43 lärarpersonalen
1086 1512 59 33 vid
1168 1513 106 41 högre
1297 1513 363 36 lärarinneseminariet
1683 1515 67 42 gäl-

251 1562 101 33 lande.
375 1563 339 42 löneförfattningen,
738 1564 13 32 i
774 1565 88 40 syfte
886 1565 71 36 dels
981 1568 48 31 att
1051 1566 112 33 införa
1186 1566 332 35 lönebestämmelser
1534 1569 53 31 för
1603 1568 148 41 adjunkt

252 1616 64 34 och
340 1617 54 31 för
417 1619 94 31 extra
535 1617 225 33 ämneslärare
785 1618 62 32 och
871 1619 309 33 ämneslärarinnor
1204 1623 89 30 samt
1315 1621 54 32 för
1392 1621 135 33 lärarna
1549 1622 9 31 i
1584 1622 66 33 den
1664 1622 86 36 folk-

251 1669 104 39 skola,
381 1681 72 20 som
478 1670 106 42 enligt
607 1671 198 41 riksdagens
829 1671 109 33 beslut
963 1672 85 34 skall
1071 1676 176 39 upprättas
1272 1674 58 33 vid
1345 1675 195 35 seminariet
1555 1675 11 32 i
1582 1675 167 36 samband

251 1723 79 32 med
358 1723 208 43 indragning
590 1735 42 22 av
656 1725 272 34 normalskolans
951 1726 110 42 lägsta
1082 1727 138 39 klasser,
1247 1727 70 33 dels
1341 1731 49 29 att
1413 1728 223 42 komplettera
1660 1729 89 32 löne-

250 1776 301 34 bestämmelserna
574 1778 54 32 för
651 1778 234 35 vikarierande
910 1779 223 33 ämneslärare
1158 1781 64 32 och
1247 1781 318 33 ämneslärarinnor.

295 1830 173 41 Förslaget
503 1841 56 21 om
583 1831 296 33 löneförmånerna
902 1833 53 31 för
978 1833 233 33 vikarierande
1236 1834 63 32 och
1323 1838 93 29 extra
1440 1835 106 32 lärare
1569 1835 58 32 vid
1643 1836 105 41 högre

250 1883 365 34 lärarinneseminariet
650 1887 68 30 står
755 1885 11 31 i
794 1886 333 33 överensstämmelse
1152 1887 80 33 med
1259 1888 40 31 de
1324 1888 137 43 förslag,
1489 1899 73 22 som
1588 1890 53 31 för
1664 1892 84 29 mot-

250 1937 165 32 svarande
450 1937 156 41 personal
641 1938 58 32 vid
724 1938 42 37 de
801 1939 172 33 allmänna
1007 1940 197 33 läroverken
1240 1940 107 34 under
1382 1942 230 41 nästföljande
1637 1943 111 40 punkt

249 1990 187 42 framlagts.

294 2043 125 33 Vidare
441 2044 151 39 föreslås,
617 2048 48 29 att
688 2045 133 33 lärarna
844 2046 59 35 vid
926 2046 67 33 den
1015 2047 177 39 folkskola,
1218 2059 74 22 som
1316 2048 84 32 skall
1424 2052 175 38 upprättas
1623 2049 10 31 i
1658 2050 89 41 syfte

249 2099 48 30 att
332 2097 94 40 tjäna
460 2108 74 21 som
568 2099 242 41 övningsskola
844 2100 53 31 för
932 2100 208 34 seminariets
1165 2101 119 39 elever,
1309 2101 11 32 i
1343 2101 326 43 löneförfattningen
1693 2103 54 32 be-

248 2150 140 33 tecknas
419 2162 73 22 som
526 2151 328 42 övningsskollärare
887 2153 63 32 och
974 2154 11 31 i
1008 2153 244 34 löneavseende
1275 2155 188 40 jämställas
1487 2156 79 35 med
1590 2156 156 41 övnings-

248 2203 208 33 skollärarna
491 2205 58 32 vid
585 2208 126 30 statens
747 2206 371 35 folkskoleseminarier.

294 2257 118 32 Såsom
436 2258 250 33 konsekvenser
710 2269 43 23 av
776 2259 161 42 förslaget
960 2260 151 42 påkallas
1134 2261 75 32 icke
1233 2261 84 33 blott
1340 2262 221 41 jämkningar
1584 2263 11 31 i
1618 2274 47 21 nu
1690 2273 56 22 an-

247 2310 105 41 givna
383 2311 191 33 avseenden
607 2312 13 35 i
653 2312 225 42 kungörelsen
910 2313 66 32 den
1006 2315 41 30 22
1070 2314 64 41 juli
1161 2316 85 30 1918
1272 2315 174 43 angående
1469 2315 88 34 löne-
1581 2316 62 32 och
1667 2327 79 30 pen-

247 2364 261 42 sionsreglering
539 2366 54 32 för
627 2365 287 42 lärarpersonalen
947 2367 58 32 vid
1038 2367 103 42 högre
1164 2368 365 35 lärarinneseminariet
1553 2372 80 29 utan
1658 2375 87 26 även

248 2417 183 42 ändringar
465 2418 11 31 i
513 2419 90 32 vissa
638 2420 107 31 andra
773 2420 190 36 avseenden
988 2421 92 32 såväl
1107 2421 11 31 i
1144 2432 134 22 samma
1302 2422 200 42 kungörelse
1527 2434 71 21 som
1624 2428 86 27 även
1734 2424 11 30 i

248 2470 41 32 de
313 2481 131 22 samma
469 2472 66 40 dag
559 2473 180 32 utfärdade
763 2473 238 33 motsvarande
1018 2474 265 42 kungörelserna
1299 2476 141 32 rörande
1457 2476 288 42 lärarpersonalen
