1902 2830
271 150 20 29 4
737 151 233 28 Statsutskottets
992 151 152 28 utlåtande
1167 151 43 28 Nr
1236 153 67 26 165.

276 230 50 33 De
341 234 50 29 tre
406 230 425 39 sakkunnigberedningar,
850 242 68 20 som
935 230 126 38 sysslat
1077 230 74 33 med
1169 230 219 32 förevarande
1405 235 104 34 ämne,
1526 236 155 27 ävensom
1698 236 81 27 nära

276 293 65 26 nog
366 281 258 38 undantagslöst
651 281 39 32 de
717 281 103 32 hörda
847 280 278 39 myndigheterna
1153 285 57 28 äro
1238 281 60 32 ock
1325 293 75 20 ense
1427 293 51 20 om
1505 281 140 32 behovet
1671 293 42 20 av
1741 294 38 20 en

274 332 188 32 omedelbar
483 332 135 32 reform.

321 382 75 32 Vad
411 382 150 32 härefter
575 382 107 38 angår
698 382 38 32 de
751 386 50 28 tre
817 382 91 32 olika
925 382 129 38 förslag
1071 382 54 32 till
1140 382 239 39 organisation,
1396 394 68 20 som
1481 394 44 20 nu
1542 382 168 38 föreligga
1727 382 53 32 till

274 432 175 39 prövning,
470 432 88 32 lärer
579 433 84 32 1925
685 433 54 32 års
762 432 141 39 förslag,
925 433 106 31 såsom
1052 432 61 33 ock
1133 436 131 35 antytts
1283 433 11 31 i
1316 433 93 32 förut
1429 433 175 38 återgivna
1624 434 157 38 yttrande

277 483 52 32 till
351 483 369 38 statsrådsprotokollet
741 483 61 32 den
823 484 41 32 26
885 483 62 38 juli
970 484 94 38 1927,
1086 495 137 20 numera
1244 483 73 33 icke
1339 483 88 39 fylla
1448 484 38 32 de
1507 483 96 40 krav,
1626 496 69 20 som
1718 484 61 32 den

276 534 119 33 snabbt
415 534 197 38 fortgående
631 534 237 38 utvecklingen
888 534 156 33 medfört.

320 585 53 32 En
392 585 228 38 vrganisation
638 585 12 31 i
669 584 148 39 enlighet
835 585 74 32 med
931 586 82 31 1927
1032 585 55 32 års
1108 584 131 39 förslag
1257 585 105 32 måste
1382 585 149 32 däremot
1549 596 96 21 anses
1664 585 12 31 i
1696 589 83 28 stort

277 639 63 29 sett
366 647 82 21 vara
475 635 111 39 ägnad
614 639 51 29 att
690 635 159 38 avhjälpa
877 647 45 20 nu
951 635 214 38 förefintliga
1194 635 317 33 missförhållanden
1539 636 61 32 och
1628 636 150 32 medföra

273 685 86 38 goda
383 685 212 38 möjligheter
618 686 55 31 till
698 697 38 21 en
759 685 315 33 tillfredsställande
1098 686 147 32 kontroll
1269 687 19 31 å
1311 687 215 37 vägmedlens
1552 687 227 37 användning.

277 736 74 32 Med
372 736 61 32 den
454 736 193 38 föreslagna
667 737 270 37 organisationen
957 737 61 32 har
1037 736 186 33 emellertid
1244 736 212 39 förknippats
1477 749 38 20 en
1538 737 96 38 långt
1654 737 125 38 gående

274 786 290 33 decentralisation
593 787 11 32 i
634 787 99 38 fråga
761 799 52 20 om
843 787 181 32 ärendenas
1053 787 214 38 behandling,
1296 787 112 32 vilken
1437 788 11 31 i
1477 788 92 32 vissa
1599 788 179 38 yttranden

276 841 99 29 mötts
389 838 73 32 med
477 838 115 32 starka
607 849 175 27 gensagor,
796 837 164 38 varjämte
976 838 37 32 de
1027 838 74 32 med
1116 838 182 38 förslagets
1314 838 259 38 genomförande
1589 838 189 32 förbundna

275 887 223 33 kostnaderna
517 888 106 32 måste
642 888 106 32 väcka
767 888 278 38 betänkligheter.

323 940 83 31 1928
422 939 54 31 års
492 938 131 38 förslag
640 939 62 32 är
695 934 21 47 i
720 938 177 33 huvudsak
914 939 108 38 byggt
1039 939 43 38 på
1100 940 84 31 1927
1203 939 54 32 års
1275 939 141 37 förslag.
1455 939 66 32 Det
1538 939 139 32 innebär
1694 951 83 20 sam-

276 1001 51 20 ma
348 989 211 38 möjligheter
579 989 54 32 till
653 1002 38 19 en
712 989 317 32 tillfredsställande
1048 989 147 32 kontroll
1216 990 19 31 å
1256 989 213 38 vägmedlens
1491 989 286 39 ändamålsenliga

275 1040 225 38 användning,
522 1039 107 33 vilket
650 1040 37 37 ju
709 1040 105 32 måste
837 1051 97 21 anses
956 1051 81 21 vara
1060 1039 307 33 huvudändamålet
1389 1040 73 33 med
1486 1040 62 32 den
1571 1040 207 38 ifrågasatta

276 1090 334 38 omorganisationen.
653 1090 225 32 Beträffande
898 1090 343 39 decentralisationen,
1260 1102 77 21 vars
1358 1090 143 33 väntade
1524 1090 149 33 fördelar
1693 1091 12 31 i
1725 1091 54 32 det

276 1140 122 33 hittills
423 1141 97 32 förda
543 1140 286 39 meningsutbytet
862 1141 165 32 måhända
1051 1141 102 38 något
1178 1140 236 40 överskattats,
1438 1142 61 37 går
1524 1142 84 32 1928
1634 1142 54 31 års
1712 1142 65 32 för-

273 1189 74 40 slag
365 1203 38 20 en
423 1190 184 40 medelväg,
627 1191 11 32 i
658 1191 54 32 det
731 1194 51 29 att
800 1190 165 39 förslaget
984 1191 200 32 därutinnan
1203 1191 72 33 icke
1294 1197 60 33 gör
1373 1192 103 32 andra
1494 1192 189 33 avvikelser
1702 1193 76 31 från

273 1252 44 21 nu
331 1241 156 39 gällande
503 1242 142 38 ordning
661 1246 41 28 än
717 1253 68 20 som
799 1241 113 32 kunna
925 1242 74 32 med
1013 1241 156 33 säkerhet
1183 1242 174 33 förväntas
1371 1242 91 33 bliva
1476 1243 117 32 enbart
1608 1243 54 32 till
1678 1255 99 26 gagn.

273 1290 49 34 På
346 1292 109 37 grund
480 1304 42 28 av
546 1292 62 32 den
632 1292 54 32 för
710 1292 262 38 vägingenjören
996 1292 207 38 ifrågasatta
1227 1293 316 40 avlöningsformen,
1568 1293 114 32 vilken
1706 1294 72 32 med

274 1342 131 39 hänsyn
425 1343 54 31 till
499 1342 193 39 föreslagna
712 1343 195 32 restriktiva
927 1343 249 32 bestämmelser
1194 1343 74 32 icke
1286 1343 67 32 kan
1373 1355 95 21 anses
1489 1343 159 32 innebära
1669 1344 108 38 någon

277 1393 75 32 fara
373 1393 53 32 för
445 1393 279 39 vägingenjörens
746 1393 291 39 självständighet,
1057 1394 62 32 har
1140 1394 56 32 det
1216 1394 89 32 visat
1326 1394 52 38 sig
1399 1394 132 38 möjligt
1551 1398 52 28 att
1625 1394 94 32 finna
1739 1406 38 20 en

275 1444 84 32 både
388 1444 146 32 effektiv
564 1444 60 32 och
652 1444 246 38 jämförelsevis
927 1444 98 38 billig
1055 1445 87 31 form
1173 1445 54 31 för
1257 1444 519 39 vägingenjörsorganisationen.

278 1494 241 39 Huvudparten
539 1506 42 21 av
601 1495 39 32 de
659 1495 272 39 anmärkningar,
951 1507 68 20 som
1040 1495 123 32 riktats
1184 1499 68 28 mot
1272 1497 82 31 1927
1376 1496 53 31 års
1451 1495 140 39 förslag,
1610 1496 93 32 torde
1723 1507 53 27 ge-

276 1556 73 20 nom
371 1545 38 32 de
429 1545 11 32 1
463 1546 84 32 1928
569 1546 54 32 års
646 1545 129 39 förslag
794 1545 164 38 vidtagna
978 1545 317 33 modifikationerna
1316 1546 87 32 hava
1425 1546 159 33 förfallit.

320 1595 53 33 Då
395 1597 84 31 1928
499 1596 55 32 års
575 1596 130 38 förslag
727 1607 98 27 synes
846 1597 43 37 på
910 1600 47 28 ett
976 1596 316 32 tillfredsställande
1314 1600 68 28 sätt
1403 1597 176 38 tillgodose
1601 1597 39 32 de
1662 1596 114 38 behov,

277 1658 67 20 som
364 1658 45 20 nu
427 1651 80 33 göra
527 1658 39 20 en
587 1647 283 37 omorganisation
889 1647 195 39 trängande,
1104 1647 61 32 och
1186 1651 82 28 även
1288 1647 12 32 i
1321 1647 111 38 övrigt
1451 1647 88 32 lärer
1558 1647 159 33 innebära
1738 1660 39 20 en

276 1697 64 37 god
363 1697 60 32 och
444 1696 246 39 jämförelsevis
714 1696 98 39 billig
835 1697 132 38 lösning
990 1709 42 20 av
1054 1697 221 33 förevarande
1299 1698 110 38 fråga,
1433 1698 55 32 får
1509 1698 58 38 jag
1590 1698 186 38 tillstyrka,

276 1751 50 28 att
352 1748 91 32 detta
470 1747 130 39 förslag
625 1747 117 39 lägges
767 1747 55 33 till
847 1748 110 38 grund
984 1748 52 32 för
1062 1748 282 38 omorganisation
1371 1760 42 20 av
1440 1748 62 32 den
1529 1749 141 38 statliga
1697 1753 78 34 väg-

276 1798 322 33 administrationen.
639 1797 116 33 Såsom
772 1810 43 20 av
835 1799 84 32 1928
938 1799 53 31 års
1009 1798 213 38 sakkunniga
1241 1798 217 41 framhållits,
1476 1799 61 32 har
1555 1799 61 32 den
1637 1799 139 32 sålunda

277 1848 176 33 förordade
469 1848 269 38 organisationen
754 1849 61 32 den
833 1848 160 39 fördelen,
1009 1852 51 29 att
1075 1861 39 20 en
1131 1849 170 38 övergång
1316 1861 79 20 vare
1413 1849 52 39 sig
1481 1849 54 32 till
1553 1850 61 32 den
1632 1862 41 19 av
1692 1851 83 31 1927

276 1899 54 32 års
352 1898 212 39 sakkunniga
585 1899 193 38 föreslagna
798 1899 270 38 organisationen
1088 1899 81 32 eller
1189 1899 55 33 till
1266 1900 61 32 den
1349 1900 11 31 i
1382 1901 83 31 1922
1487 1901 54 31 års
1564 1900 212 38 väglagsför-

275 1949 74 38 slag
368 1950 146 37 angivna
533 1949 74 33 icke
628 1953 104 29 möter
753 1950 219 38 svårigheter.

320 2000 193 38 Förslagets
540 2000 259 38 genomförande
827 2000 208 39 förutsätter,
1063 2004 51 29 att
1141 2001 61 32 den
1230 2001 191 32 nuvarande
1449 2001 326 39 distriktsorganisa-

275 2050 109 32 tionen
405 2050 59 32 och
483 2050 326 38 vägkonsulenterna
829 2051 184 32 försvinna.
1056 2051 76 32 Med
1151 2051 181 39 anledning
1351 2052 104 31 härav
1475 2052 154 32 inställer
1649 2052 52 38 sig
1722 2052 55 32 det

276 2100 206 39 spörsmålet,
500 2101 86 31 huru
605 2101 39 32 de
663 2101 176 38 uppgifter
858 2101 215 32 beträffande
1094 2101 39 32 de
1153 2101 152 33 enskilda
1324 2102 225 38 järnvägarna
1569 2103 61 32 och
1649 2106 127 28 vatten-

275 2151 349 40 byggnadsväsendet,
653 2151 93 32 vilka
774 2151 124 33 hittills
927 2151 111 39 ålegat
1068 2152 433 40 distriktstjänstemännen,
1533 2153 95 32 skola
1659 2153 116 38 fyllas.

275 2200 174 39 Därjämte
472 2201 168 39 föreligga
663 2206 82 28 även
766 2202 91 32 vissa
880 2202 117 38 frågor
1018 2203 138 32 rörande
1178 2202 247 39 överflyttning
1446 2204 76 31 från
1543 2204 232 38 järnvägssty-

277 2252 104 32 relsen
407 2252 54 32 till
484 2257 80 33 väg-
588 2252 61 32 och
674 2252 460 39 vattenbyggnadsstyrelsen
1160 2266 43 20 av
1227 2254 142 32 ärenden
1395 2254 138 32 rörande
1559 2254 39 32 de
1624 2254 152 32 enskilda

274 2302 237 39 Järnvägarna.
555 2302 68 33 Vid
645 2303 230 38 övervägande
896 2303 105 32 härav
1022 2315 99 27 synes
1144 2304 11 31 i
1179 2304 220 32 förevarande
1422 2305 240 38 sammanhang
1684 2305 11 32 i
1718 2305 57 32 hu-

275 2353 130 32 vudsak
423 2353 142 33 allenast
583 2353 79 32 böra
678 2353 157 38 vidtagas
855 2354 39 32 de
912 2354 167 39 åtgärder,
1098 2366 69 20 som
1186 2354 170 33 erfordras
1377 2355 53 32 för
1448 2359 51 29 att
1516 2367 146 27 anpassa
1681 2367 94 27 orga-

275 2403 185 32 nisationen
484 2404 13 32 i
522 2404 96 32 dessa
644 2403 93 33 delar
763 2404 87 32 efter
875 2404 61 32 den
963 2404 193 39 föreslagna
1183 2405 220 38 omdaningen
1429 2418 41 20 av
1495 2407 279 37 vägadministra-

273 2453 141 32 tionen.»
