1860 2776
251 173 17 29 2
567 170 126 29 Första
711 169 244 39 lagutskottets
975 168 179 30 utlåtande
1171 177 42 20 nr
1231 168 19 28 9
1268 168 38 29 år
1325 167 85 29 1956

246 251 142 34 nämnd,
413 251 142 29 varmed
581 259 99 21 avses
707 249 94 30 såväl
826 247 458 40 länsnykterhetsnämnder
1311 256 75 20 som
1412 246 116 30 lokala
1554 246 182 33 nämnder,

248 305 90 30 skall
371 304 251 39 ofördröjligen
657 304 206 28 underrätta
896 301 352 40 polismyndigheten,
1283 300 44 30 då
1361 300 111 30 sådan
1506 299 233 40 omprövning

247 366 100 30 synes
372 357 205 38 erforderlig
601 356 53 29 till
681 355 89 39 följd
795 365 42 19 av
859 354 277 30 vederbörandes
1162 353 332 29 alkoholmissbruk.
1520 352 126 30 Vidare
1671 352 65 29 har

244 410 359 38 medicinalstyrelsen
626 417 126 31 genom
776 408 153 29 cirkulär
954 408 92 38 ålagt
1071 406 339 39 sjukvårdsläkarna
1433 406 58 29 vid
1516 405 220 38 sinnessjuk-

245 464 111 28 husen
381 464 65 28 och
472 463 145 29 läkarna
642 463 58 28 vid
724 461 229 30 kommunala
977 460 169 30 vårdhem
1171 459 55 30 för
1252 459 227 38 sinnessjuka
1504 460 60 32 att,
1590 458 44 29 då
1659 467 77 29 per-

246 526 111 25 soner,
375 526 76 20 som
467 515 142 40 intagits
624 516 46 39 på
686 515 101 29 dessa
803 514 162 39 sjukhus,
983 514 118 29 finnas
1117 513 76 29 icke
1210 513 84 29 böra
1309 513 117 28 betros
1443 512 79 29 med
1539 513 50 28 att
1604 511 131 29 inneha

246 569 222 39 skjutvapen,
496 569 205 29 underrätta
726 567 341 40 polismyndigheten
1093 567 12 28 i
1131 566 68 29 den
1226 567 63 32 ort,
1317 565 63 29 där
1408 565 67 29 den
1502 565 141 39 intagne
1670 565 64 28 har

246 623 58 29 sitt
322 622 162 30 hemvist.

288 676 48 29 De
354 674 378 39 tillståndsbeviljande
750 674 299 39 myndigheterna,
1068 673 33 29 d.
1119 682 31 20 v.
1170 682 26 20 s.
1214 672 297 39 polismyndighet
1529 680 90 30 resp.
1639 671 96 29 över-

242 728 346 35 ståthållarämbetet,
618 728 100 30 skola
746 727 106 39 enligt
881 727 41 29 39
955 726 14 36 $
1000 725 366 40 vapenförordningen
1397 724 77 30 föra
1502 724 145 38 register
1677 724 54 29 för

243 782 211 38 anteckning
479 791 41 20 av
543 781 178 39 uppgifter
745 780 148 29 rörande
918 780 152 29 ärenden
1096 788 75 20 som
1197 787 98 20 avses
1319 779 12 28 i
1354 777 378 40 vapenförordningen.

244 836 13 29 I
283 837 102 29 dessa
410 835 144 40 register
580 835 97 29 föras
704 834 221 39 fortlöpande
952 833 253 38 anteckningar
1232 832 150 29 rörande
1410 832 169 28 inkomna
1607 831 127 29 ansök-

244 888 123 39 ningar
388 898 58 20 om
466 887 158 30 tillstånd
645 889 51 28 att
716 886 129 30 inneha
866 887 64 28 och
952 886 109 29 ändra
1083 894 112 30 vapen
1222 884 46 34 (5,
1291 885 29 33 9,
1344 884 36 29 11
1405 885 65 28 och
1492 883 39 29 41
1558 883 55 37 $$)
1642 884 91 28 samt

243 941 161 30 förvärva
431 940 234 30 ammunition
698 940 68 34 (21,
793 940 39 29 25
861 940 64 28 och
953 939 38 28 41
1023 938 56 37 $$)
1113 939 165 29 ävensom
1304 937 150 30 rörande
1481 936 252 40 polismyndig-

241 995 121 29 hetens
385 994 115 30 beslut
521 994 11 29 i
554 994 102 29 dessa
679 992 162 30 ärenden.
865 992 126 29 Vidare
1015 991 192 30 antecknas
1230 991 114 29 beslut
1366 999 58 21 om
1447 989 219 30 återkallelse
1690 998 42 20 av

241 1048 157 29 tillstånd
429 1057 74 20 som
530 1056 83 30 nyss
643 1048 94 37 sagts
765 1047 63 28 och
857 1045 127 29 förbud
1011 1047 73 27 mot
1113 1044 142 29 fortsatt
1282 1044 153 29 innehav
1463 1053 42 20 av
1533 1043 198 29 deklarerat

240 1110 110 29 vapen
373 1102 65 28 och
462 1100 142 30 därmed
629 1099 346 38 sammanhängande
999 1097 162 40 åtgärder
1190 1097 144 34 (14—17
1360 1097 65 29 och
1449 1096 40 29 27
1517 1096 56 37 $$)
1601 1096 128 30 liksom

238 1154 113 29 beslut
379 1163 58 20 om
466 1153 210 29 utfärdande
705 1162 43 20 av
775 1154 75 37 nytt
877 1151 193 30 tillstånds-
1097 1151 83 29 eller
1208 1150 335 29 deklarationsbevis
1578 1149 57 33 (20
1665 1149 64 29 och

239 1207 41 29 24
308 1207 70 37 88).
405 1208 13 28 I
444 1207 158 38 registret
627 1206 136 29 införas
787 1205 117 29 vidare
931 1203 269 40 länsstyrelsens
1225 1203 114 30 beslut
1364 1203 11 29 i
1401 1203 153 29 ärenden
1579 1202 150 30 rörande

240 1261 68 29 rätt
329 1263 50 27 att
399 1260 84 30 idka
502 1260 127 29 handel
650 1259 80 29 med
750 1268 111 30 vapen
887 1258 58 33 (28
965 1258 64 29 och
1050 1257 41 30 30
1116 1257 56 37 88)
1199 1257 82 29 eller
1301 1256 117 30 införa
1438 1265 112 30 vapen
1570 1256 65 29 och
1658 1264 71 20 am-

238 1313 175 30 munition
441 1313 56 33 (35
522 1313 34 36 $)
583 1314 92 28 samt
695 1312 93 29 vissa
809 1311 283 33 underrättelser,
1116 1319 76 21 som
1213 1310 152 29 lämnats
1386 1309 343 39 polismyndigheten

240 1367 141 38 jämlikt
400 1366 312 29 bestämmelserna
731 1366 11 28 i
763 1365 18 29 8
805 1365 14 36 3
843 1365 18 29 2
882 1373 116 25 mom.,
1021 1364 50 34 13,
1094 1363 40 30 18
1155 1364 66 28 och
1242 1363 41 29 29
1306 1362 37 37 $$
1368 1364 91 28 samt
1480 1362 40 29 36
1545 1362 15 36 $
1583 1362 16 29 7
1623 1371 106 19 mom.

237 1419 374 39 vapenförordningen,
641 1419 45 29 bl.
718 1428 29 20 a.
778 1418 147 29 sålunda
955 1416 359 39 nykterhetsnämnds
1345 1415 166 29 anmälan
1541 1424 73 20 som
1645 1424 84 29 nyss

238 1475 102 37 sagts.
362 1473 94 29 Även
475 1473 92 29 vissa
587 1472 111 29 andra
719 1471 176 39 uppgifter
915 1480 42 20 av
976 1470 176 39 betydelse
1173 1469 55 30 för
1249 1471 50 28 att
1319 1468 185 30 förhindra
1524 1470 50 27 att
1594 1468 134 39 olämp-

237 1527 67 38 liga
322 1535 167 30 personer
507 1525 132 30 erhålla
657 1525 260 39 vapenlicenser
937 1523 191 30 antecknas
1147 1523 12 29 i
1178 1522 170 40 registret.

281 1580 12 28 I
310 1579 402 39 polismyndigheternas
730 1578 143 39 register
890 1577 82 39 ingå
988 1577 195 39 vapenkort
1200 1576 64 29 och
1284 1585 25 20 s.
1327 1576 34 28 k.
1380 1575 192 38 spärrkort.
1590 1575 137 38 Vapen-

235 1633 124 29 korten
376 1634 153 37 upptaga
543 1650 44 2 —
602 1631 156 30 förutom
774 1631 369 39 vapeninnehavarens
1160 1638 118 25 namn,
1296 1628 74 30 titel
1388 1628 82 29 eller
1486 1628 95 39 yrke,
1598 1627 129 39 kyrko-

235 1685 261 39 bokföringsort
517 1686 64 28 och
602 1684 201 39 postadress
826 1686 91 27 samt
939 1683 184 30 födelsetid
1144 1700 45 3 —
1210 1682 176 29 ansökans
1408 1681 166 35 innehåll,
1596 1680 131 30 beträf-

236 1739 103 29 fande
364 1739 212 38 skjutvapen
599 1739 88 28 även
711 1737 137 39 uppgift
871 1746 58 20 om
951 1738 146 37 vapnets
1121 1735 208 39 beteckning
1353 1735 65 29 och
1442 1734 144 34 kaliber,
1610 1734 115 29 beslut

234 1793 10 28 i
269 1792 188 39 anledning
483 1792 106 29 därav
614 1791 80 29 med
720 1790 192 39 angivande
938 1799 42 20 av
1005 1789 167 39 tidpunkt
1198 1789 64 29 och
1288 1787 167 35 innehåll,
1481 1796 163 21 nummer
1670 1786 55 29 för

235 1845 284 34 tillståndsbevis,
547 1844 170 29 inkomna
745 1843 253 30 meddelanden
1026 1843 65 29 och
1120 1842 108 29 därav
1256 1841 207 30 föranledda
1490 1840 114 29 beslut
1634 1841 92 28 samt

234 1899 252 38 anteckningar
508 1907 56 20 om
588 1897 164 30 ändamål
776 1897 78 29 med
877 1896 144 39 beviljat
1043 1895 267 39 vapeninnehav
1332 1895 65 28 och
1421 1903 57 20 om
1502 1893 223 30 överlåtelser

233 1961 44 20 m.
295 1962 44 19 m.
358 1952 241 39 Spärrkorten,
618 1960 76 20 som
711 1960 78 20 avse
805 1959 167 30 personer
987 1949 94 30 vilka
1097 1949 108 39 enligt
1222 1948 165 30 anmälan
1403 1947 53 29 till
1472 1946 252 40 polismyndig-

232 2005 103 29 heten
351 2005 77 29 icke
444 2005 83 29 böra
542 2004 117 29 betros
675 2004 79 29 med
771 2005 49 27 att
835 2003 130 29 inneha
982 2002 212 39 skjutvapen
1211 2003 90 28 samt
1319 2000 132 30 sådana
1467 2000 112 30 vilkas
1595 2008 129 31 vapen-

232 2058 152 29 innehav
403 2057 203 30 återkallats
626 2057 84 29 eller
731 2066 74 20 som
826 2056 191 39 förbjudits
1036 2055 131 30 inneha
1186 2063 122 30 vapen,
1330 2055 154 38 upptaga
1503 2071 44 3 —
1567 2053 156 29 förutom

231 2110 276 30 vederbörandes
536 2119 118 25 namn,
683 2110 75 29 titel
787 2109 82 29 eller
896 2109 96 39 yrke,
1022 2107 377 40 kyrkobokföringsort
1427 2107 65 29 och
1520 2106 204 39 postadress

233 2166 88 27 samt
347 2163 185 30 födelsetid
557 2182 38 2 —
626 2162 191 30 innehållet
844 2172 41 20 av
911 2161 256 38 anmälningar,
1196 2169 74 21 som
1296 2159 188 30 inkommit
1510 2161 24 27 t.
1561 2168 51 20 ex.
1640 2158 82 30 från

230 2217 116 29 läkare
372 2217 83 29 eller
480 2216 349 39 nykterhetsnämnd,
856 2217 91 27 samt
971 2215 114 29 beslut
1110 2224 58 20 om
1194 2213 219 30 återkallelse
1438 2213 83 29 eller
1545 2212 177 30 meddelat

231 2270 125 29 förbud
380 2272 74 28 mot
475 2270 275 38 vapeninnehav.
774 2269 232 39 Spärrkorten
1028 2268 99 39 tjäna
1149 2267 77 29 icke
1249 2268 108 28 annat
1381 2266 90 39 syfte
1494 2267 46 28 än
1562 2268 50 27 att
1634 2265 86 34 visa,

230 2326 50 27 att
301 2324 151 29 särskild
472 2323 186 39 utredning
679 2323 148 29 rörande
846 2321 278 30 vederbörandes
1144 2320 198 40 personliga
1361 2319 287 30 kvalifikationer
1669 2327 53 20 er-

231 2377 147 29 fordras.
399 2377 67 29 Om
486 2377 56 29 det
561 2376 99 30 blivit
680 2375 245 39 tillförlitligen
946 2376 117 34 utrett,
1085 2376 50 28 att
1155 2373 125 30 hinder
1300 2373 75 29 icke
1396 2373 118 39 längre
1535 2371 185 39 föreligger

230 2432 50 28 att
297 2430 97 30 betro
414 2430 257 29 vederbörande
690 2429 80 29 med
789 2430 49 28 att
857 2428 131 30 inneha
1005 2436 122 31 vapen,
1146 2427 201 29 makuleras
1368 2426 226 39 spärrkortet.

272 2484 67 29 För
362 2482 223 40 registrering
608 2482 11 29 i
643 2481 226 39 kortregister
893 2481 205 29 underrätta
1122 2479 383 40 polismyndigheterna
1528 2477 192 39 länsbyrån
