1864 2784
121 159 49 29 Nr
194 160 108 29 9—10
442 158 125 30 Första
586 158 245 39 lagutskottets
851 158 179 30 utlåtande
1047 167 42 20 nr
1107 158 19 29 9
1144 157 39 30 år
1202 157 84 30 1956
1597 157 15 29 1

803 502 122 40 Nr
888 498 39 55 9

323 614 184 30 Utlåtande
525 613 11 29 i
552 613 189 39 anledning
757 622 42 21 av
817 613 102 29 väckt
935 613 133 29 motion
1085 621 56 21 om
1158 612 212 39 anteckning
1386 612 20 29 å
1422 611 191 40 personakt

520 685 43 20 av
580 675 275 40 vapeninnehav.

168 784 124 29 Första
309 783 229 39 lagutskottet
554 783 65 29 har
636 782 52 30 till
705 782 213 39 behandling
935 781 155 30 förehaft
1107 790 43 21 en
1167 781 96 30 inom
1280 781 111 30 andra
1407 781 208 29 kammaren

124 837 113 34 väckt,
260 836 52 30 till
334 836 194 39 lagutskott
549 836 172 30 hänvisad
744 835 144 35 motion,
911 845 42 20 nr
976 834 74 36 285,
1073 844 43 21 av
1136 835 82 29 herr
1239 834 242 40 Rimmerfors.
1513 834 6 29 I
1543 843 72 20 mo-

124 890 119 30 tionen
259 889 212 35 hemställes,
490 891 72 28 »att
579 889 188 39 riksdagen
784 889 57 29 må
857 889 136 29 besluta
1009 898 58 20 om
1084 890 48 28 ett
1149 888 125 30 sådant
1290 888 118 39 tillägg
1425 888 53 29 till
1494 888 120 39 lagens

126 943 263 30 bestämmelser
406 953 57 20 om
481 943 213 39 anteckning
711 943 20 29 å
748 942 201 39 personakt,
968 943 51 29 att
1037 941 265 40 vapeninnehav
1319 941 63 30 där
1400 941 58 29 må
1476 941 141 29 anteck-

127 1006 73 26 nas,
218 999 90 28 samt
324 999 50 27 att
389 997 172 29 utskottet
576 996 108 30 måtte
700 996 156 30 utforma
872 995 130 40 förslag
1018 995 53 30 till
1087 995 121 29 härför
1224 995 228 38 erforderliga
1466 994 151 30 bestäm-

126 1051 158 29 melser»>.

170 1103 227 30 Beträffande
419 1103 121 30 skälen
562 1103 55 30 för
638 1102 239 30 motionärens
896 1101 213 30 hemställan
1129 1101 55 30 får
1205 1102 170 29 utskottet
1394 1101 149 29 hänvisa
1564 1100 52 29 till

126 1157 188 32 motionen.

659 1271 158 31 Gällande
833 1270 248 32 bestämmelser

130 1345 345 39 Vapenregistrering

173 1415 217 39 Skjutvapen
411 1416 64 29 och
497 1414 236 30 ammunition
755 1416 60 28 äro
836 1414 260 30 underkastade
1117 1413 153 29 kontroll
1292 1413 80 29 från
1393 1413 58 29 det
1472 1412 147 29 allmän-

129 1479 63 21 nas
213 1470 76 29 sida
309 1477 124 31 genom
453 1469 313 29 bestämmelserna
787 1469 11 28 i
820 1467 364 39 vapenförordningen
1207 1476 42 20 av
1270 1467 67 29 den
1361 1466 39 29 10
1421 1466 79 39 juni
1524 1464 95 36 1949,

128 1522 12 28 i
158 1522 57 30 det
233 1524 51 27 att
303 1522 142 29 särskilt
462 1521 161 30 tillstånd
641 1520 177 30 erfordras
838 1520 55 30 för
912 1522 50 28 att
981 1520 36 29 få
1035 1519 131 30 inneha
1185 1519 221 39 skjutvapen.
1425 1519 117 38 Enligt
1561 1518 18 29 5
1602 1517 15 37 $

131 1576 14 28 1
165 1585 105 20 mom.
287 1576 11 29 i
315 1574 252 39 förordningen
583 1575 64 28 har
664 1574 67 29 den
749 1583 76 20 som
841 1573 59 30 vill
919 1573 161 30 förvärva
1097 1572 212 39 skjutvapen
1326 1572 82 30 eller
1427 1572 116 29 såsom
1560 1571 59 29 lån

129 1628 82 30 eller
233 1629 101 38 eljest
354 1628 130 30 inneha
506 1628 126 29 sådant
652 1629 51 28 att
723 1628 64 29 hos
808 1626 342 40 polismyndigheten
1171 1626 12 29 i
1204 1626 68 29 den
1292 1627 64 33 ort,
1378 1626 63 29 där
1462 1626 72 28 han
1554 1625 65 29 har

130 1682 60 30 sitt
205 1681 161 35 hemvist,
383 1682 86 29 söka
486 1681 159 29 tillstånd
662 1683 50 27 att
727 1680 132 30 inneha
874 1681 137 38 vapnet.
1029 1680 78 29 Med
1123 1679 151 30 hemvist
1291 1688 98 20 avses
1406 1679 108 38 enligt
1530 1678 19 29 2
1564 1687 19 20 a
1602 1677 15 37 $

129 1735 251 39 förordningen
403 1734 424 40 kyrkobokföringsorten
850 1734 83 29 eller
956 1733 55 30 för
1035 1733 30 39 ej
1092 1734 64 28 här
1180 1732 287 39 kyrkobokförda
1490 1732 130 29 bosätt-

130 1788 214 39 ningsorten.
366 1788 67 29 För
455 1788 68 29 den
545 1797 76 20 som
641 1787 64 30 har
728 1787 60 30 sitt
809 1786 151 30 hemvist
982 1786 10 29 i
1015 1786 203 29 Stockholm
1240 1786 107 39 gäller
1369 1785 89 30 dock
1480 1786 51 28 att
1552 1784 68 29 till-

130 1841 103 30 stånd
254 1842 89 29 skall
364 1842 103 29 sökas
487 1842 65 28 hos
572 1840 432 30 överståthållarämbetet.
1024 1839 174 29 Tillstånd
1218 1838 89 30 skall
1327 1838 168 30 likaledes
1516 1838 104 29 sökas

130 1895 64 29 hos
214 1895 102 30 dessa
335 1894 254 39 myndigheter,
610 1894 45 29 då
674 1893 125 39 någon,
821 1902 75 20 som
917 1900 124 31 genom
1062 1901 61 20 arv
1142 1892 82 29 eller
1244 1893 207 28 testamente
1472 1891 84 29 eller
1575 1890 46 40 på

130 1948 113 39 grund
262 1957 42 20 av
321 1947 158 38 giftorätt
499 1946 178 30 förvärvat
696 1946 222 39 skjutvapen,
937 1945 59 29 vill
1014 1945 130 29 inneha
1162 1945 105 29 detta.
1286 1944 93 30 även
1398 1944 54 30 för
1471 1944 149 38 ändring

132 2010 41 21 av
192 2010 112 30 vapen
324 2000 127 30 liksom
472 2000 55 29 för
548 1999 141 30 förvärv
709 2009 42 20 av
771 1998 235 30 ammunition
1028 2007 75 21 som
1123 1997 167 30 omfattas
1311 2007 42 20 av
1372 1997 250 40 vapenförord-

131 2055 148 39 ningens
305 2054 263 29 bestämmelser
595 2053 177 30 erfordras
799 2052 159 30 tillstånd
989 2052 56 29 (11
1077 2051 15 37 $
1120 2052 65 29 och
1211 2051 38 29 21
1281 2051 49 37 $).
1358 2050 68 30 Om
1452 2051 67 29 den
1547 2060 77 20 som

132 2107 139 30 erhållit
294 2106 157 30 tillstånd
474 2108 51 27 att
546 2106 130 29 inneha
697 2114 113 31 vapen
833 2104 197 30 sedermera
1052 2103 227 40 ådagalägger
1302 2103 132 30 sådana
1456 2103 167 39 egenska-

132 2169 72 30 per,
229 2162 51 28 att
304 2160 71 29 han
399 2160 75 29 icke
498 2159 119 31 vidare
642 2159 62 29 bör
729 2158 116 30 betros
871 2158 78 29 med
975 2159 51 28 att
1049 2157 130 29 inneha
1205 2157 211 38 skjutvapen
1441 2157 58 29 må
1524 2165 99 30 nyss-

133 2213 153 30 nämnda
309 2212 243 39 myndigheter
574 2211 143 39 jämlikt
742 2211 39 29 14
808 2211 15 36 8
848 2210 170 30 återkalla
1042 2209 194 30 tillståndet
1259 2211 50 27 att
1331 2209 129 30 inneha
1483 2210 138 38 vapnet.

132 2266 103 29 Detta
260 2265 58 29 må
344 2267 85 28 även
456 2264 70 34 ske,
553 2265 44 29 då
623 2263 351 39 vapeninnehavaren
1001 2263 52 28 till
1080 2262 89 38 följd
1196 2271 42 20 av
1263 2262 176 38 sjukdom,
1467 2262 156 29 alkohol-

133 2318 176 29 missbruk
329 2318 81 29 eller
427 2317 113 39 dylikt
558 2317 116 29 finnes
691 2316 166 39 olämplig
874 2318 50 27 att
941 2316 129 29 inneha
1087 2317 127 37 vapnet
1231 2315 82 29 eller
1330 2315 43 28 då
1391 2315 101 38 eljest
1511 2314 111 38 skälig

134 2371 188 39 anledning
344 2370 235 29 förekommer
601 2369 127 29 därtill.

179 2426 66 29 För
276 2427 51 27 att
358 2424 291 39 myndigheterna
681 2423 98 29 skola
810 2422 106 29 vinna
948 2422 199 29 kännedom
1180 2430 56 20 om
1269 2423 50 27 att
1352 2420 272 40 vapentillstånd

134 2478 119 29 kunna
275 2478 83 29 böra
379 2477 185 38 omprövas
586 2477 38 28 är
645 2476 10 29 i
679 2476 37 29 13
740 2475 15 37 8
779 2475 363 38 vapenförordningen
1165 2474 146 38 stadgat,
1333 2475 50 28 att
1405 2474 219 38 nykterhets-

138 2541 135 38 Bihang
292 2540 52 29 till
361 2539 205 38 riksdagens
587 2538 175 39 protokoll
783 2538 93 28 1956.
897 2538 18 27 9
935 2537 99 29 saml.
1059 2536 12 29 1
1094 2537 75 28 avd.
1190 2536 47 28 Nr
1256 2536 108 28 9-—10
