1874 2776
276 156 40 31 14
610 155 298 36 Statsutskottets
925 158 185 35 utlåtande
1128 172 43 21 nr
1189 162 66 31 129
1274 160 39 34 år
1331 163 85 31 1961

277 233 64 34 och
357 234 199 34 ovissheten
573 236 149 33 rörande
739 235 189 36 framtiden
945 237 76 34 icke
1037 250 48 22 nu
1103 239 87 34 böra
1206 244 39 29 ta
1261 239 163 35 definitiv
1440 241 165 43 ställning
1622 242 53 34 till
1693 242 68 34 den

276 286 196 43 föreslagna
496 287 292 36 kombinationen
815 302 46 21 av
886 289 290 44 befattningarna
1202 304 75 22 som
1304 292 240 36 föreståndare
1571 295 61 34 vid
1660 296 100 33 semi-

276 340 113 34 nariet
405 340 65 34 och
487 340 236 35 studierektor
739 342 59 34 vid
815 343 68 34 den
898 343 192 35 teoretiska
1106 344 447 45 fortsättningsskollinjen.
1569 348 70 33 För
1656 352 104 31 nästa

274 392 90 34 läsår
384 394 101 33 torde
506 393 122 44 frågan
650 395 124 34 härom
795 396 86 34 böra
901 397 40 33 så
961 397 52 34 till
1035 397 82 34 vida
1139 398 110 34 hållas
1271 402 126 40 öppen,
1419 405 56 29 att
1494 400 133 43 Kungl.
1648 401 112 43 Maj:t

275 446 58 33 må
351 446 89 34 efter
459 446 128 44 förslag
606 460 46 21 av
670 448 333 43 skolöverstyrelsen
1023 455 38 29 ta
1080 450 268 43 ifrågavarande
1369 454 170 41 spörsmål
1559 454 112 34 under
1691 455 68 34 för-

275 504 88 37 nyat
386 501 244 41 övervägande
654 501 11 33 i
688 501 93 43 syfte
804 507 56 29 att
884 503 237 43 åvägabringa
1145 504 68 34 den
1238 505 196 44 anordning
1457 518 75 22 som
1556 506 55 35 för
1633 511 126 32 närva-

274 552 107 34 rande
399 552 72 34 kan
490 553 159 34 befinnas
670 566 86 22 vara
775 555 276 44 ändamålsenlig
1068 557 66 34 och
1154 557 78 35 från
1250 558 94 35 olika
1363 559 221 43 synpunkter
1603 561 156 44 lämplig.

319 605 188 35 Utskottet
521 607 114 33 finner
649 607 62 34 det
725 608 11 33 i
751 608 220 35 motionerna
986 609 196 44 framlagda
1197 611 166 43 förslaget
1377 612 76 34 icke
1469 613 86 34 böra
1570 614 54 34 till
1640 626 119 23 annan

272 658 202 44 riksdagens
496 660 124 42 åtgärd
642 660 182 36 föranleda
845 665 45 31 än
913 668 56 29 att
989 664 186 43 riksdagen
1197 665 11 34 i
1230 665 164 35 skrivelse
1417 667 52 33 till
1491 667 133 43 Kungl.
1646 667 112 43 Maj:t

271 714 96 40 giver
384 713 53 33 till
454 712 118 35 känna
591 714 70 34 vad
679 715 178 34 utskottet
875 716 12 34 i
905 716 188 44 anledning
1111 729 46 22 av
1174 718 220 35 motionerna
1412 719 30 34 I:
1456 723 67 32 400
1542 721 66 34 och
1625 721 51 34 II:
1690 724 67 31 487

272 764 129 35 anfört.

316 818 123 34 Under
455 818 317 44 kapitalbudgeten
791 820 63 34 har
872 822 133 42 Kungl.
1024 822 112 43 Maj:t
1155 822 190 44 föreslagit,
1365 829 56 30 att
1442 829 118 32 staten
1579 826 90 35 skall
1688 827 69 35 för-

272 873 109 32 värva
400 871 285 36 Charlottendals
704 873 169 41 skolhem,
890 875 66 34 och
974 876 111 34 under
1101 876 231 36 förevarande
1348 879 117 42 punkt
1481 878 159 36 förordas
1659 884 97 31 över-

271 923 172 45 flyttning
463 937 45 22 av
529 925 234 36 skolhemmet
784 928 21 33 å
824 928 154 43 Mogård
1000 928 77 35 från
1098 930 66 34 och
1185 931 82 34 med
1289 931 210 43 budgetåret
1523 933 156 43 1961/62
1703 935 53 34 till

272 977 279 35 Charlottendal.
580 979 7 33 I
607 980 221 35 motionerna
848 981 30 33 I:
893 985 42 30 92
956 982 66 34 och
1041 982 50 34 II:
1108 986 65 31 117
1194 995 89 22 reses
1304 983 76 35 icke
1400 985 116 43 någon
1536 986 221 44 invändning

268 1036 76 28 mot
363 1036 136 29 statens
518 1034 238 41 övertagande
777 1046 45 22 av
843 1034 280 43 Charlottendal,
1144 1049 81 22 men
1245 1037 260 36 motionärerna
1524 1039 157 44 påyrkar
1700 1044 56 30 att

269 1083 232 35 skolhemmet
520 1085 69 34 tills
610 1086 121 35 vidare
752 1087 86 34 skall
859 1088 117 34 drivas
996 1090 81 33 med
1096 1091 206 33 nuvarande
1322 1091 192 35 vårdform.

312 1137 57 33 Av
384 1137 256 44 handlingarna
656 1139 11 34 i
685 1141 144 34 ärendet
845 1140 166 44 framgår,
1029 1147 54 29 att
1102 1143 286 35 Charlottendals
1405 1145 158 34 skolhem
1581 1149 39 31 är
1637 1152 118 29 avsett

269 1188 54 36 för
342 1190 267 35 särskoleelever
628 1193 82 34 med
730 1194 103 33 svåra
852 1193 111 41 talfel,
982 1194 54 34 för
1056 1194 96 35 vilka
1172 1196 110 43 enligt
1301 1196 101 43 lagen
1423 1211 58 21 om
1502 1195 254 52 undervisning

268 1243 65 33 och
359 1244 88 34 vård
474 1256 46 22 av
545 1244 94 35 vissa
663 1246 165 42 psykiskt
854 1246 212 36 efterblivna
1092 1254 166 30 ansvaret
1286 1249 111 35 åvilar
1422 1251 236 44 landstingen.
1685 1253 69 35 Vid

268 1295 122 35 skolan
410 1297 204 34 undervisas
633 1298 238 35 innevarande
892 1300 92 34 läsår
1004 1304 41 31 13
1066 1301 124 35 elever.
1210 1302 57 34 Av
1287 1303 101 34 dessa
1407 1302 75 42 har,
1502 1316 76 23 som
1599 1304 156 45 framgår

268 1361 45 22 av
332 1349 376 44 medicinalstyrelsens
730 1353 179 42 yttrande,
931 1354 51 34 tio
1005 1366 43 22 en
1070 1355 131 34 allmän
1223 1355 146 43 psykisk
1390 1356 272 37 efterblivenhet
1685 1359 68 35 för-

266 1407 99 29 utom
392 1403 203 36 varierande
621 1404 130 35 former
777 1418 45 22 av
847 1406 109 36 talfel.
982 1407 56 34 De
1064 1412 53 30 tre
1143 1408 122 43 övriga
1290 1422 104 30 synes
1418 1410 31 44 ej
1478 1423 85 22 vara
1588 1412 165 43 psykiskt

266 1455 212 35 efterblivna
492 1469 81 22 men
587 1457 48 34 ha
651 1458 202 43 betydande
870 1459 317 44 språkstörningar.

311 1509 122 43 Enligt
449 1510 69 34 vad
533 1510 179 35 utskottet
728 1511 178 35 inhämtat
923 1513 110 34 skulle
1050 1526 46 22 av
1111 1514 268 43 ifrågavarande
1397 1521 135 30 tretton
1550 1518 114 34 elever
1681 1519 71 35 fem

266 1562 110 34 under
399 1563 69 34 alla
490 1562 244 36 förhållanden
757 1565 46 34 ha
826 1565 186 36 utskrivits
1036 1566 79 35 från
1138 1567 124 35 skolan
1286 1569 11 34 i
1321 1569 66 34 och
1411 1571 81 34 med
1517 1571 101 35 detta
1642 1572 109 35 läsårs

266 1615 81 39 slut,
362 1615 108 35 bland
486 1617 80 33 dem
580 1618 65 33 två
659 1630 47 21 av
720 1618 43 34 de
778 1623 52 29 tre
846 1619 124 40 elever,
986 1632 75 22 som
1077 1620 31 43 ej
1126 1633 104 31 synes
1247 1634 86 22 vara
1347 1622 165 44 psykiskt
1528 1624 223 36 efterblivna.

264 1667 57 34 Av
339 1669 121 42 övriga
480 1670 78 33 åtta
576 1670 115 34 elever
706 1671 160 34 kommer
883 1684 57 29 en,
959 1685 76 22 som
1055 1674 30 43 ej
1107 1674 108 34 heller
1234 1687 102 31 synes
1357 1688 87 22 vara
1462 1676 165 44 psykiskt
1647 1678 103 35 efter-

264 1720 128 42 bliven,
410 1727 57 29 att
484 1723 164 43 erbjudas
666 1724 94 43 plats
777 1726 47 42 på
841 1727 253 41 specialskolan
1111 1727 55 34 för
1184 1729 65 33 tal-
1267 1729 65 34 och
1349 1729 271 37 hörselskadade
1638 1732 11 34 i
1667 1731 83 35 Öre-

263 1773 62 35 bro
343 1775 66 34 och
427 1775 54 43 sju
499 1777 113 33 elever
629 1777 11 34 i
658 1782 57 29 att
733 1778 143 35 beredas
894 1779 94 43 plats
1005 1781 48 41 på
1069 1781 65 34 två
1151 1781 173 35 särskolor
1340 1783 12 33 i
1370 1782 222 37 Stockholms
1611 1785 138 40 närhet,

263 1827 64 34 där
348 1828 148 43 tillgång
515 1829 113 34 finnes
652 1830 54 34 till
729 1831 194 35 medicinsk
945 1833 150 42 expertis
1119 1834 66 33 och
1209 1834 53 34 till
1286 1835 258 44 talpedagoger.
1569 1835 101 37 Även
1695 1839 55 34 för

263 1880 42 34 de
328 1880 71 34 fem
421 1881 114 35 elever
556 1894 76 23 som
655 1883 89 34 skall
766 1884 177 35 utskrivas
966 1885 65 35 har
1053 1886 333 44 skolöverstyrelsen
1410 1888 171 36 förberett
1604 1891 145 45 lämplig

261 1933 187 44 placering.

304 1987 56 33 Av
380 1987 87 34 flera
487 1989 314 43 remissyttranden
822 1990 165 44 framgår,
1009 1997 55 30 att
1084 1993 117 35 behov
1221 2006 99 23 anses
1341 1994 166 45 föreligga
1528 2009 45 21 av
1594 2003 54 30 ett
1668 2010 79 22 cen-

259 2040 85 34 tralt
367 2040 138 44 beläget
529 2042 158 35 skolhem
710 2044 81 34 med
814 2044 86 43 högt
922 2045 229 36 kvalificerad
1175 2047 186 35 foniatrisk
1384 2050 66 33 och
1472 2050 195 35 medicinsk
1691 2064 55 21 ex-

259 2093 107 42 pertis
386 2093 55 34 för
460 2094 213 45 behandling
693 2108 45 22 av
759 2097 87 34 barn
864 2099 82 34 med
965 2111 109 30 grava
1094 2100 279 43 talsvårigheter;
1396 2102 268 37 Charlottendal
1686 2117 60 22 an-

259 2158 52 22 ses
332 2147 90 33 dock
441 2149 81 33 med
543 2149 63 34 sitt
625 2149 219 43 geografiska
864 2151 76 43 läge
961 2152 75 34 icke
1056 2153 162 43 lämpligt
1239 2159 55 30 att
1314 2154 54 35 för
1387 2155 191 36 framtiden
1598 2157 148 43 fungera

258 2211 75 22 som
353 2200 140 35 sådant.

303 2256 285 36 Charlottendals
609 2258 142 44 uppgift
772 2272 75 22 som
867 2260 412 45 undersökningscentral
1301 2265 111 40 torde,
1433 2266 107 42 enligt
1562 2268 71 34 vad
1654 2267 90 34 skol-

257 2310 255 42 överstyrelsen
532 2310 206 42 framhållit,
757 2314 81 34 med
858 2313 111 35 fördel
990 2315 122 34 kunna
1132 2319 185 41 övertagas
1338 2330 46 22 av
1404 2319 109 43 något
1533 2320 82 34 eller
1635 2321 109 42 några

257 2362 309 36 särskoleinternat
586 2364 11 34 i
617 2365 172 34 närheten
811 2378 45 22 av
877 2366 205 36 Stockholm
1104 2369 81 34 eller
1206 2382 117 22 annan
1344 2377 56 29 ort
1421 2373 81 34 med
1523 2373 147 43 tillgång
1690 2374 52 34 till
