1912 2796
504 146 416 36 Berillningsutskottets
941 147 223 32 betänkande
1183 150 51 30 Nr
1258 151 29 28 5.
1589 163 7 17 i

143 222 215 36 velocipeder,
394 223 109 31 vilket
537 223 84 31 hade
653 224 53 30 sin
735 225 113 35 grund
871 224 84 37 däri,
979 227 51 29 att
1052 225 56 31 det
1130 226 71 31 ofta
1224 237 66 25 nog
1314 228 72 30 icke
1412 238 77 20 vore
1512 229 134 36 möjligt

142 267 51 29 att
220 266 104 35 skilja
347 266 301 36 motorcykeldelar
671 267 79 30 från
774 268 275 35 velocipeddelar.
1095 269 55 30 En
1173 271 171 35 sänkning
1367 281 42 20 av
1434 271 107 31 tullen
1564 273 21 29 å
1608 272 39 30 de

143 309 92 31 förra
259 309 140 31 delarna
423 311 113 35 syntes
559 310 115 30 därför
696 321 44 20 av
765 311 222 31 tulltekniska
1011 313 73 30 skäl
1108 313 265 36 nödvändigtvis
1389 314 81 31 böra
1486 315 160 36 medföra,

141 354 53 29 att
226 355 88 28 även
348 353 110 30 tullen
491 354 21 29 å
545 353 40 31 de
619 363 116 21 senare
759 355 12 29 i
794 356 239 30 motsvarande
1068 356 83 35 grad
1186 358 144 35 sänktes,
1362 367 41 21 en
1432 358 119 35 åtgärd
1575 369 70 21 som

141 396 186 31 emellertid
351 397 76 30 med
451 397 134 36 hänsyn
608 398 51 29 till
678 398 109 30 andra
809 398 207 36 berättigade
1032 400 166 30 intressen
1214 401 72 30 icke
1302 401 99 31 borde
1417 401 227 36 ifrågasättas.

142 440 78 30 Med
244 440 134 35 hänsyn
401 440 55 30 till
480 440 143 31 anförda
646 441 287 36 omständigheter
956 445 113 34 syntes
1092 443 55 31 det
1170 454 84 20 vara
1277 445 167 35 lämpligt,
1460 448 50 28 att
1525 448 121 28 motor-

141 483 118 36 cyklar
283 484 12 29 i
318 483 113 31 stället
455 484 52 30 för
531 484 181 36 stycketull
735 486 123 30 åsattes
881 486 179 31 värdetull.
1106 487 191 31 Tullsatsen
1322 488 98 31 borde
1444 489 202 31 bestämmas

141 527 54 29 till
220 527 40 30 15
286 529 29 30 &
342 537 43 20 av
410 527 129 36 värdet,
563 528 31 30 d.
619 538 32 20 v.
676 538 24 21 s.
725 528 65 31 den
807 531 216 34 procentsats,
1039 540 71 20 som
1127 530 65 31 den
1210 532 196 31 nuvarande
1422 533 223 36 stycketullen

139 571 106 35 avsåg
268 571 52 29 att
344 572 182 34 motsvara,
550 571 59 30 och
635 572 116 30 vilken
775 574 185 35 väsentligt
983 573 198 37 understege
1204 575 64 30 den
1292 576 178 33 värdetull,
1487 586 70 20 som
1578 577 11 30 i
1606 577 40 30 de

140 613 95 31 flesta
270 614 119 31 länder
413 614 76 31 med
513 615 81 35 högt
617 616 183 30 utvecklad
824 617 359 36 motorcykelindustri
1206 620 105 29 asatts
1333 620 145 30 artikeln
1502 621 11 29 i
1538 621 105 35 fråga.

140 657 209 37 Härigenom
373 658 110 31 skulle
506 659 229 36 motorcyklar
760 660 134 31 komma
919 663 50 28 att
992 661 106 36 draga
1114 672 128 21 samma
1259 663 135 31 tullsats
1410 673 70 21 som
1496 666 149 29 automo-

139 701 86 31 biler
248 701 61 31 och
332 701 107 31 andra
456 702 236 31 motordrivna
708 703 131 31 fordon.
878 705 99 30 Detta
992 706 113 35 syntes
1121 707 182 30 motiverat
1318 709 86 28 även
1421 707 76 31 med
1514 708 130 36 hänsyn

139 745 54 29 till
217 746 61 34 att,
302 745 138 35 jämlikt
464 746 243 35 förordningen
724 748 175 34 angående
915 748 288 36 automobilskatt,
1220 751 227 35 motorcyklar
1463 761 43 19 av
1524 752 120 35 vanlig

138 788 124 30 storlek
286 788 10 29 i
322 788 400 36 beskattningsavseende
760 791 164 30 räknades
951 792 108 29 såsom
1087 793 235 30 automobiler.
1368 794 135 30 Sådana
1525 797 120 28 motor-

136 831 129 37 cyklar,
290 841 70 20 som
385 841 80 21 vore
489 832 155 30 försedda
668 833 75 31 med
767 833 154 36 sidvagn,
946 844 79 21 vore
1048 835 52 30 för
1124 837 114 34 övrigt
1261 836 101 31 redan
1379 837 174 31 likställda
1568 838 75 30 med

135 874 226 31 automobiler
384 877 88 28 iven
496 876 12 29 i
525 876 489 37 tullbehandlingshänseende,
1032 879 11 29 i
1059 878 55 31 det
1130 881 50 29 att
1196 879 171 31 desamma
1382 881 137 35 jämlikt
1535 882 109 30 beslut

136 928 45 20 av
205 918 368 36 generaltullstyrelsen
597 919 293 32 tullbehandlades
913 922 109 34 enligt
1039 922 120 30 rubrik
1177 923 99 30 1098:
1301 924 142 35 Fordon,
1460 925 29 34 ej
1507 925 136 30 särskilt

137 961 161 35 nämnda,
323 961 75 31 med
422 962 67 30 tull
512 973 43 19 av
580 963 40 29 15
646 970 24 26 3
703 974 43 19 av
771 965 130 30 värdet.

179 1056 158 31 Rörande
361 1057 166 31 införseln
551 1058 55 30 till
619 1057 141 37 Sverige
776 1069 44 20 av
838 1060 136 36 färdiga
990 1062 321 35 motorvelocipeder
1327 1063 260 32 nedannämnda
1604 1066 38 29 år

136 1108 62 30 har
222 1109 164 31 utskottet
410 1110 173 30 inhämtat
607 1110 151 36 följande
782 1112 188 36 uppgifter:

290 1162 35 29 År
1074 1175 71 22 Antal
1388 1177 78 22 Värde

1406 1213 43 22 kr.

269 1247 80 30 1018
383 1272 297 5 ooooeeeres
534 1243 63 45 anses
602 1272 78 5 sasson
711 1274 46 4 Kiosk
776 1243 27 45 sd
820 1276 3 2 een
864 1276 68 3 esenann
962 1243 15 45 a
997 1276 23 3 sn
1102 1253 61 30 461
1373 1255 136 35 276,600

270 1300 79 30 1918
374 1301 200 36 (minimum
609 1312 45 19 av
689 1304 79 28 åren
809 1304 223 36 1914—1923)
1122 1305 40 30 22
1395 1307 114 34 15,923

268 1352 81 30 1920
372 1353 205 35 (maximum
619 1365 14 15 >»
724 1376 5 5 >
806 1355 224 38 1914--1923)
1066 1356 94 35 53,975
1339 1359 169 34 3,415,086

266 1404 283 30 1924
962 1433 14 3 -
1016 1433 13 3 -
1069 1410 93 34 1,149
1373 1411 135 36 989,119

267 1456 80 30 1925
372 1457 215 35 (preliminär
612 1459 145 37 uppgift)
787 1484 46 3 ...
908 1485 122 3 ooo
1068 1461 94 35 2,289

176 1559 126 30 Vidare
337 1560 63 30 har
429 1561 164 30 utskottet
617 1562 184 35 inhämtat,
825 1565 51 28 att
899 1564 93 30 inom
1017 1565 141 35 Sverige
1181 1576 39 19 ar
1246 1567 81 29 1924
1354 1584 10 3 —
1416 1567 55 31 det
1494 1569 82 29 sista
1600 1579 39 19 ar

131 1611 52 30 för
206 1611 110 31 vilket
340 1612 175 36 uppgifter
539 1613 113 30 finnas
667 1614 224 37 tillgängliga
908 1616 92 30 inom
1017 1617 359 37 kommerskollegium
1394 1636 32 3 —
1445 1620 193 32 tillverkats

130 1662 62 31 523
217 1664 141 36 stycken
383 1665 322 37 motorvelocipeder
729 1668 76 30 med
830 1670 48 29 ett
900 1669 232 36 sammanlagt
1156 1670 103 31 värde
1283 1682 44 19 av
1352 1671 136 36 337,323
1513 1673 125 31 kronor

127 1717 92 29 samt
243 1716 95 30 delar
362 1717 55 30 till
442 1718 322 36 motorvelocipeder
787 1720 56 30 till
866 1722 47 29 ett
938 1722 104 30 värde
1065 1732 44 20 av
1135 1723 137 34 140,043
1297 1724 132 30 kronor.

171 1819 396 38 Bevillningsutskottet,
591 1832 72 20 som
688 1823 59 30 vid
773 1823 252 37 behandlingen
1049 1836 44 19 av
1117 1826 225 32 förevarande
1365 1829 128 30 motion
1509 1830 125 30 anlitat

127 1870 207 36 byråchefen
357 1873 13 29 i
394 1874 375 36 generaltullstyrelsen
797 1876 37 30 T.
859 1876 106 30 Alsén
989 1878 109 29 såsom
1123 1878 207 37 sakkunnig,
1354 1880 62 30 har
1441 1881 116 31 funnit
1580 1882 53 31 det

126 1933 46 19 av
195 1924 212 31 motionären
439 1926 175 35 påpekade
637 1927 327 37 missförhållandet,
998 1931 51 29 att
1084 1930 58 30 vid
1177 1931 127 35 import
1337 1942 44 20 av
1416 1934 90 29 vissa
1540 1934 95 30 delar

126 1974 56 30 till
205 1976 324 36 motorvelocipeder
554 1978 55 30 det
632 1979 263 37 sammanlagda
919 1981 223 37 tullbeloppet
1167 1983 53 29 för
1243 1983 140 31 delarna
1407 1985 52 30 till
1484 1995 42 21 en
1547 1986 88 31 velo-

124 2027 97 35 ciped
255 2027 69 31 blir
358 2028 104 36 högre
497 2032 44 28 än
574 2030 109 31 tullen
719 2032 52 29 för
805 2041 43 21 en
871 2033 114 36 färdig
1018 2034 147 36 maskin,
1188 2035 140 35 påkalla
1352 2037 146 36 ändring
1522 2039 11 28 i
1557 2038 79 31 tull-

125 2080 115 29 taxan.
284 2080 55 30 Av
364 2091 87 20 ovan
470 2082 182 36 återgivna
669 2083 227 31 tulltekniska
912 2085 75 30 skäl
1011 2086 68 30 kan
1112 2087 97 35 dylik
1243 2088 148 36 ändring
1415 2089 73 31 icke
1511 2091 124 29 vinnas

124 2139 122 27 genom
281 2132 175 37 sänkning
487 2144 45 19 av
561 2134 222 32 tullsatserna
807 2136 53 30 för
883 2137 267 36 ifrågavarande
1185 2139 103 31 delar.
1336 2140 66 31 Vid
1426 2141 121 32 sådant
1571 2143 65 30 för-

124 2183 163 31 hållande
321 2185 61 30 och
408 2186 76 30 med
510 2186 134 37 hänsyn
668 2188 55 30 till
748 2188 40 30 de
812 2189 187 36 väsentligt
1021 2190 94 31 olika
1147 2192 183 36 prislägen,
1355 2194 10 29 i
1391 2194 94 30 vilka
1514 2197 121 28 motor-

124 2235 210 36 velocipeder
374 2247 145 21 numera
554 2239 222 36 förekomma,
812 2241 62 30 har
909 2242 164 31 utskottet
1105 2246 112 28 ansett
1251 2245 52 34 sig
1339 2245 77 31 böra
1459 2247 174 35 tillstyrka

123 2286 100 30 bifall
258 2288 56 30 till
349 2289 231 31 motionärens
615 2291 129 36 förslag
780 2302 54 20 om
865 2294 166 35 återgång
1063 2295 54 29 till
1151 2295 64 31 den
1243 2296 178 36 värdetull,
1447 2308 70 20 som
1543 2299 92 30 förut

121 2338 89 36 gällt
226 2339 53 30 för
295 2340 138 36 färdiga
449 2343 334 36 motorvelocipeder.
810 2342 203 38 Ändringen
1030 2347 11 29 i
1059 2347 173 31 tulltaxan
1256 2358 99 26 synes
1372 2350 163 30 utskottet
1552 2351 78 30 böra

121 2391 99 30 träda
244 2392 11 28 i
281 2392 94 30 kraft
399 2396 135 28 snarast
557 2395 137 35 möjligt
720 2396 110 30 under
854 2397 235 32 innevarande
1112 2399 175 36 budgetår.

1698 1067 124 22 Stofistik

1694 1839 132 23 Hitskottet.
