1907 2835
418 178 118 30 Andra
557 178 246 36 lagutskottets
824 178 178 30 utlåtande
1023 187 42 21 nr
1083 179 42 30 47
1144 178 39 30 år
1204 178 83 31 1967
1580 179 15 29 7

113 269 88 29 dock
227 269 85 29 utan
339 270 52 28 att
416 268 76 30 leda
519 268 52 30 till
597 268 143 37 positivt
766 268 157 29 resultat.
950 268 233 30 Tveksamhet
1209 267 223 31 beträffande
1459 268 137 30 kassor-

112 322 63 21 nas
198 314 69 28 rätt
291 314 50 28 att
363 314 81 36 utge
467 312 108 30 sådan
598 312 193 38 ersättning
814 313 52 29 till
890 312 179 37 företagen
1093 312 97 30 torde
1213 312 123 30 härvid
1359 313 45 29 ha
1427 313 91 29 varit
1542 322 55 21 av-

112 359 163 37 görande.

156 412 13 28 I
188 411 169 30 samband
376 412 77 29 med
471 412 153 29 nämnda
642 411 286 38 överläggningar
945 411 121 37 gjorde
1083 411 205 37 föreningen
1304 429 45 3 —
1365 411 44 37 på
1426 411 171 37 grundval

112 466 41 20 av
179 456 188 30 kontakter
392 457 78 29 med
496 457 48 29 ett
570 456 94 29 antal
692 455 134 39 företag
852 465 74 20 som
952 455 126 32 träffat
1103 456 357 30 överenskommelser
1484 473 45 4 —
1555 464 41 21 en

112 501 309 37 överslagsmässig
451 501 119 37 kalkyl
600 500 222 31 beträffande
852 500 198 38 företagens
1081 500 292 37 självkostnader.
1403 501 110 29 Dessa
1542 501 56 30 be-

113 546 173 30 räknades
304 545 55 30 för
376 545 236 30 innevarande
629 545 38 30 år
684 546 141 29 komma
842 547 50 28 att
909 546 10 29 i
936 545 213 38 genomsnitt
1165 545 115 37 uppgå
1297 545 53 30 till
1368 545 102 37 drygt
1489 544 38 30 10
1546 545 51 29 kr.

113 600 60 28 per
198 591 151 30 anställd
374 591 63 29 och
462 590 48 30 år.
535 590 66 30 Till
627 591 94 29 detta
746 591 157 29 kommer
927 592 163 29 närmare
1115 590 17 30 2
1148 590 62 30 000
1236 590 51 29 kr.
1313 589 11 30 i
1349 589 249 38 engångskost-

113 636 109 29 nader
243 634 54 30 för
319 635 107 37 inköp
448 636 65 28 och
535 635 217 30 installation
776 645 40 19 av
839 636 65 29 den
928 637 200 35 apparatur,
1152 645 74 20 som
1249 636 104 29 krävs
1376 635 55 30 för
1453 635 145 30 telefon-

113 680 217 37 mottagning
351 679 44 37 på
417 680 75 29 icke
514 680 168 30 arbetstid
711 680 101 34 (utan
835 680 109 30 sådan
966 680 350 37 telefonmottagning
1339 680 158 30 kommer
1519 680 77 30 med

114 725 41 30 de
174 734 68 28 nya
261 724 310 31 bestämmelserna
591 734 42 20 en
653 726 72 29 stor
746 725 52 30 del
820 734 40 21 av
881 725 378 37 sjukanmälningarna
1279 726 51 29 att
1349 725 42 38 gå
1411 725 115 29 direkt
1546 724 52 30 till

114 769 363 38 försäkringskassan,
504 770 107 29 vilket
638 769 136 31 medför
803 771 50 28 att
881 769 178 38 företagen
1088 770 76 31 icke
1191 771 70 29 kan
1289 771 229 37 tillgodogöra
1547 771 51 37 sig

113 815 41 30 de
184 814 186 37 viktigaste
402 814 154 30 fördelar
588 823 74 21 som
695 815 210 30 samarbetet
937 815 195 36 erbjuder).
1165 815 65 30 Vid
1263 815 334 37 överläggningarna

112 859 148 38 begärde
288 859 217 37 föreningen,
535 860 50 29 att
614 858 417 38 riksförsäkringsverket
1061 860 112 29 skulle
1203 860 288 30 rekommendera
1522 860 76 29 kas-

113 913 104 21 sorna
240 905 51 29 att
313 904 73 30 dels
408 904 145 30 bekosta
577 905 190 36 apparatur
790 903 54 31 för
867 904 361 37 telefonmottagning,
1253 905 72 29 dels
1348 905 131 29 ersätta
1502 904 96 30 cirka

112 949 101 30 halva
229 949 196 29 kostnaden
440 948 54 30 för
509 948 188 37 företagets
712 948 281 31 administrativa
1008 949 202 36 merarbete,
1224 949 120 30 varvid
1361 949 236 37 ersättningen

114 994 89 30 dock
226 994 106 29 borde
356 993 82 37 utgå
463 993 88 29 efter
575 993 172 37 generella
771 993 151 37 grunder
947 993 64 30 och
1036 994 140 29 baseras
1201 993 44 37 på
1271 1002 41 21 en
1337 993 261 37 genomsnittlig

112 1038 195 37 beräkning
323 1047 41 20 av
380 1037 196 30 kostnaden
591 1046 60 28 per
668 1037 222 30 årsanställd.
908 1037 51 29 En
977 1037 108 30 sådan
1102 1036 370 38 kostnadsfördelning
1488 1037 111 30 måste

114 1092 102 21 anses
236 1082 83 30 fullt
339 1082 121 37 skälig.
481 1081 269 38 Möjligheterna
771 1083 50 28 att
841 1082 131 29 erhålla
994 1091 41 20 en
1055 1082 70 29 viss
1147 1082 193 37 ersättning
1361 1081 79 30 från
1462 1082 136 29 kassor-

114 1137 45 21 na
185 1128 70 29 kan
280 1126 106 31 också
412 1126 208 30 förutsättas
647 1126 158 30 medföra
833 1127 50 28 att
909 1127 48 30 ett
983 1126 83 29 ökat
1093 1126 94 29 antal
1215 1125 134 38 företag
1377 1126 114 30 skulle
1516 1135 81 20 vara

114 1172 117 37 villiga
249 1173 50 28 att
315 1171 81 37 ingå
412 1171 357 30 överenskommelser
786 1180 41 19 av
845 1170 136 37 angivet
999 1171 82 36 slag.

763 1278 190 33 Utskottet

159 1342 65 30 Vid
259 1341 183 32 årsskiftet
475 1342 123 31 trädde
631 1341 192 38 väsentliga
856 1341 189 38 ändringar
1077 1342 11 29 i
1120 1340 96 31 kraft
1248 1341 96 30 inom
1376 1339 221 38 sjukförsäk-

116 1395 374 39 ringslagstiftningen.
534 1394 243 39 Ändringarna
820 1395 145 31 innebar
1008 1397 51 29 att
1100 1394 284 39 karensdagarna
1427 1394 171 38 slopades,

116 1450 366 38 sjukpenningskalan
525 1450 192 37 utbyggdes
760 1450 66 29 och
869 1449 410 38 sjukpenningbeloppen
1320 1448 136 37 höjdes.
1499 1448 99 30 Riks-

115 1504 343 38 försäkringsverket
488 1504 66 30 har
586 1504 303 31 rekommenderat
921 1503 393 38 försäkringskassorna
1344 1505 52 29 att
1425 1503 12 30 i
1467 1503 132 30 anslut-

114 1559 85 37 ning
230 1559 54 30 till
316 1558 66 30 den
414 1558 183 38 företagna
628 1558 244 38 utbyggnaden
905 1567 42 21 av
976 1557 246 38 försäkringen
1252 1556 220 32 intensifiera
1502 1556 97 38 sjuk-

115 1612 210 31 kontrollen.
358 1612 112 30 Bland
503 1612 41 30 de
577 1612 131 30 former
741 1621 74 21 som
848 1612 120 29 därvid
1001 1611 143 32 särskilt
1174 1612 63 30 bör
1267 1611 332 37 uppmärksammas

116 1667 38 30 är
189 1666 183 38 förfrågan
406 1666 64 31 hos
506 1666 234 37 arbetsgivare
774 1675 56 21 om
865 1666 192 30 anställdas
1091 1665 218 30 frånvarotid
1342 1665 81 30 från
1456 1664 142 32 arbetet.

116 1720 270 38 Arbetsgivaren
414 1720 38 30 är
481 1720 107 37 enligt
615 1720 100 37 lagen
742 1729 56 21 om
827 1720 129 29 allmän
984 1719 200 38 försäkring
1211 1719 137 38 skyldig
1374 1721 50 29 att
1450 1719 53 31 till
1530 1718 69 31 för-

115 1774 270 38 säkringskassa
411 1774 118 29 lämna
553 1773 140 38 uppgift
717 1773 55 30 för
796 1774 210 37 namngiven
1030 1782 127 28 person
1181 1774 149 30 rörande
1353 1773 246 30 förhållanden

117 1837 76 22 som
224 1829 38 29 är
293 1837 43 21 av
364 1827 178 38 betydelse
572 1827 55 30 för
658 1828 117 37 lagens
806 1827 223 38 tillämpning
1057 1827 65 31 och
1152 1828 38 29 är
1219 1826 133 32 således
1382 1827 138 37 skyldig
1550 1828 50 29 att

116 1882 187 31 medverka
332 1882 58 30 vid
421 1881 109 32 sådan
560 1882 163 30 kontroll.
753 1881 127 31 Utöver
909 1891 48 21 nu
987 1882 149 38 angivna
1165 1882 271 30 kontrollmetod
1465 1881 135 31 rekom-

116 1937 184 30 menderar
335 1936 417 38 riksförsäkringsverket
786 1936 171 31 kassorna
990 1937 51 30 att
1082 1953 45 3 —
1169 1936 80 31 från
1294 1935 95 31 såväl
1432 1935 169 31 kontroll-

116 1991 65 30 och
224 1990 484 38 rationaliseringssynpunkt
748 1990 55 30 för
843 1990 171 31 kassorna
1055 1999 74 21 som
1169 1990 80 30 från
1289 1990 312 37 servicesynpunkt

118 2045 55 30 för
199 2045 42 31 de
267 2044 206 31 försäkrade
497 2062 46 3 —
567 2044 110 31 träffa
702 2044 338 32 överenskommelse
1064 2045 78 31 med
1168 2045 244 37 arbetsgivare,
1437 2053 75 23 som
1535 2045 65 30 har

117 2099 134 31 ordnad
281 2099 399 37 personalredovisning,
711 2101 50 28 att
790 2098 259 38 arbetsgivaren
1077 2099 11 30 i
1117 2098 173 38 egenskap
1320 2108 41 21 av
1389 2098 128 31 ombud
1546 2099 55 30 för

119 2153 130 30 kassan
271 2153 90 30 skall
382 2154 35 29 ta
438 2155 93 29 emot
551 2152 98 38 sjuk-
669 2153 64 30 och
753 2153 258 30 friskanmälan
1031 2152 80 31 från
1131 2153 41 31 de
1191 2153 174 30 anställda
1385 2153 65 30 och
1468 2153 133 30 vidare-

118 2207 165 31 befordra
328 2207 292 38 anmälningarna
663 2207 52 30 till
760 2207 139 30 kassan.
944 2206 428 39 Riksförsäkringsverket
1414 2207 187 31 tillhanda-

118 2261 111 31 håller
256 2260 173 31 formulär
456 2261 53 30 till
537 2260 109 31 sådan
673 2261 347 31 överenskommelse.
1048 2261 219 31 Formuläret
1292 2261 194 31 innehåller
1511 2261 45 31 bl.
1571 2270 29 21 a.

120 2315 225 38 anvisningar
379 2324 56 22 om
470 2316 50 30 att
553 2315 110 38 dagen
696 2315 55 30 för
784 2316 65 30 den
882 2316 190 29 anställdes
1105 2314 250 38 sjukanmälan
1387 2316 52 30 till
1472 2316 130 30 arbets-

119 2370 142 37 givaren
297 2369 129 31 räknas
463 2378 75 22 som
574 2369 376 37 sjukanmälningsdag
984 2370 53 29 till
1072 2369 139 36 kassan,
1246 2370 50 31 att
1330 2370 66 31 den
1431 2370 171 30 anställde

121 2422 92 38 själv
237 2423 66 30 har
330 2425 51 29 att
406 2423 93 31 tillse
526 2424 51 30 att
603 2423 199 37 läkarintyg
828 2423 158 31 kommer
1011 2423 130 31 kassan
1169 2424 50 30 till
1244 2423 118 31 handa
1387 2424 64 30 när
1476 2423 126 32 sådant

121 2478 98 37 intyg
245 2477 176 31 erfordras
449 2480 90 29 samt
566 2479 50 28 att
640 2478 111 30 under
776 2478 61 34 tid,
863 2477 43 30 då
931 2478 258 37 arbetsgivaren
1213 2478 65 30 har
1303 2479 116 36 stängt
1441 2478 66 30 och
1530 2479 72 29 inte

119 2531 65 30 har
217 2531 151 31 särskild
402 2531 196 38 anordning
630 2531 54 30 för
717 2531 224 38 mottagande
973 2541 41 20 av
1046 2531 250 37 sjukanmälan
1328 2531 80 31 från
1439 2531 162 36 anställd,
