1882 2780
253 179 43 29 22
612 176 297 36 Statsutskottets
931 179 186 34 utlåtande
1139 191 42 22 nr
1204 182 44 31 87
1272 180 40 33 år
1335 183 90 31 1958

255 260 56 28 ort
328 255 65 34 och
410 255 91 34 läsår
517 255 54 34 för
588 257 63 32 två
667 257 183 34 terminers
868 257 174 35 lärarkurs
1060 259 81 33 med
1161 263 40 29 12
1220 259 178 43 deltagare
1416 260 65 34 blir
1499 261 102 34 alltså
1619 265 41 30 55
1676 265 66 31 960

254 307 141 34 kronor.

300 362 126 33 Första
446 363 162 33 kursåret
626 363 105 34 krävs
751 363 139 42 speciell
910 364 204 43 utrustning
1133 365 53 33 för
1205 365 222 34 lärarkursen
1445 367 47 42 på
1511 366 68 34 den
1597 368 47 41 på
1664 380 78 21 var-

254 414 85 33 dera
362 415 186 34 kursorten
573 416 172 42 upplåtna
770 416 356 43 fysikinstitutionen.
1150 418 132 33 Härför
1307 418 173 35 beräknas
1505 431 43 21 en
1574 420 167 42 engångs-

254 467 155 34 kostnad
428 480 45 21 av
493 471 43 30 30
551 472 66 30 000
635 469 128 33 kronor
781 481 63 30 per
861 469 214 35 institution.

298 523 217 42 Avlöningar
535 523 53 34 till
609 526 42 30 24
672 523 10 33 i
702 523 261 34 lärarkurserna
983 523 210 43 deltagande
1214 524 379 43 gymnasieingenjörer
1612 525 129 34 läsåret

256 575 157 43 1958/59
435 576 63 34 bör
518 576 173 34 beräknas
711 576 109 43 enligt
841 576 11 33 i
871 576 119 43 kungl.
1011 576 86 34 brev
1118 577 68 33 den
1207 581 20 29 8
1247 577 71 42 maj
1344 581 87 30 1953
1452 577 53 34 för
1525 578 215 34 lärarkandi-

253 628 104 34 dater
384 628 60 34 vid
470 628 163 44 praktisk
660 629 176 34 lärarkurs
865 630 152 42 angivna
1044 642 150 22 normer.
1221 629 102 35 Efter
1351 631 166 42 lönegrad
1544 630 47 34 Af
1606 634 40 31 14
1675 631 66 34 blir

253 681 102 34 detta
374 685 65 30 362
453 685 67 31 780
538 683 140 34 kronor.

298 738 57 33 De
375 737 113 34 totala
507 736 239 35 kostnaderna
767 735 54 34 för
842 736 68 33 den
929 735 197 43 föreslagna
1146 735 339 43 lärarutbildningen
1506 737 66 34 blir
1592 737 149 33 sålunda

251 790 113 34 under
395 789 211 43 budgetåret
639 788 155 43 1958/59
826 792 20 30 2
864 793 32 32 X
914 792 41 30 55
971 792 65 30 960
1051 791 36 35 +
1103 792 20 30 2
1140 793 32 32 X
1190 792 43 31 30
1248 792 66 31 000
1329 791 36 36 +
1382 792 65 30 362
1462 792 65 31 780
1542 802 36 15 =
1594 793 64 31 534
1674 793 66 31 700

251 843 141 34 kronor.

763 951 465 53 Remissyttranden

293 1066 94 36 Över
405 1067 166 43 förslaget
590 1068 64 33 har
672 1067 201 34 infordrade
893 1068 209 33 utlåtanden
1123 1067 152 44 avgivits
1295 1080 46 22 av
1360 1069 269 39 statskontoret,
1649 1069 89 33 skol-

247 1121 268 42 överstyrelsen,
539 1121 255 43 överstyrelsen
820 1121 54 33 för
897 1121 317 42 yrkesutbildning,
1238 1122 257 42 överstyrelsen
1518 1121 54 34 för
1596 1122 42 33 de
1663 1122 75 33 tek-

246 1172 103 35 niska
372 1173 245 43 högskolorna,
640 1178 134 29 statens
797 1174 214 34 lönenämnd
1035 1179 93 29 samt
1151 1175 171 42 styrelsen
1346 1174 54 34 för
1422 1175 285 42 lärarhögskolan
1728 1175 10 33 i

247 1226 218 34 Stockholm.

292 1282 344 43 Skolöverstyrelsen
656 1282 113 34 finner
791 1284 39 33 så
851 1283 120 34 starka
993 1284 75 33 skäl
1090 1284 73 33 tala
1185 1284 54 33 för
1259 1296 44 22 en
1324 1283 271 35 koncentration
1617 1296 45 22 av
1683 1289 55 29 ut-

248 1334 203 44 bildningen
469 1335 53 34 till
540 1336 64 33 två
620 1335 176 41 terminer,
814 1341 55 29 att
886 1337 255 42 överstyrelsen
1159 1337 157 33 biträder
1333 1337 177 42 förslaget.

293 1386 266 45 Överstyrelsen
578 1389 56 41 för
652 1389 306 42 yrkesutbildning
979 1389 225 43 ifrågasätter
1225 1402 58 22 om
1304 1390 76 33 icke
1402 1390 43 34 de
1466 1390 163 34 tekniska
1649 1391 88 33 läro-

246 1441 149 34 verkens
418 1441 122 34 kurser
562 1442 11 33 i
597 1442 211 34 matematik
831 1442 66 34 och
920 1442 93 43 fysik
1033 1443 72 33 kan
1129 1455 99 22 anses
1253 1455 86 21 vara
1363 1444 38 33 så
1424 1443 234 41 omfattande,
1683 1448 55 29 att

246 1494 307 42 kompletterande
574 1495 256 34 ämnesstudier
850 1498 38 31 är
908 1495 215 43 överflödiga
1143 1496 53 34 för
1215 1497 320 33 lärarverksamhet
1555 1497 60 34 vid
1634 1497 104 42 prak-

246 1546 96 34 tiska
374 1547 189 34 realskolor
595 1548 65 34 och
692 1548 266 34 enhetsskolans
990 1549 238 42 högstadium,
1261 1549 249 35 företrädesvis
1542 1550 94 34 klass
1670 1554 68 39 9y.

245 1599 116 34 Detta
383 1600 106 42 gäller
512 1599 147 35 framför
682 1601 62 33 allt
766 1602 198 34 läroämnet
985 1602 223 34 matematik.
1230 1602 233 34 Beträffande
1486 1603 251 34 inträdesford-

245 1651 165 44 ringarna
424 1652 201 35 framhåller
640 1655 267 42 överstyrelsen,
922 1660 54 29 att
991 1655 68 34 den
1073 1655 197 43 föreslagna
1285 1655 249 35 kvalificerade
1549 1656 187 42 praktiken

245 1717 59 22 om
322 1705 109 34 minst
448 1707 63 33 två
529 1707 39 33 år
585 1706 62 34 bör
664 1707 46 33 ha
727 1706 177 43 fullgjorts
921 1707 88 34 efter
1027 1708 128 43 avlagd
1172 1708 336 43 ingenjörsexamen.

290 1757 268 36 Statskontoret
581 1771 99 22 anser
703 1765 55 29 att
780 1759 167 44 förslaget
969 1761 30 42 ej
1025 1761 64 34 bör
1111 1761 118 43 läggas
1251 1761 53 34 till
1327 1762 114 42 grund
1464 1762 54 34 för
1540 1763 163 42 åtgärder
1726 1763 10 34 i

245 1813 133 32 ämnet.
403 1810 273 36 Ämbetsverket
699 1813 171 42 åberopar
895 1813 136 41 härvid,
1058 1819 56 29 att
1139 1815 257 42 överstyrelsen
1422 1815 53 34 för
1500 1816 236 42 yrkesutbild-

244 1862 86 44 ning
349 1864 186 43 ifrågasatt
556 1865 152 34 behovet
729 1878 46 21 av
794 1867 307 42 kompletterande
1122 1868 268 34 ämnesstudier.

292 1916 75 34 Det
390 1917 174 34 förefaller
588 1919 170 41 styrelsen
781 1919 57 42 för
860 1920 286 42 lärarhögskolan
1168 1921 12 34 i
1201 1921 209 35 Stockholm
1433 1921 81 43 föga
1538 1922 197 35 ändamåls-

246 1969 122 43 enligt,
383 1975 55 29 att
453 1971 461 43 undervisningstimmarna
929 1972 10 34 i
954 1973 197 43 pedagogik
1166 1974 120 43 brytes
1302 1987 42 21 ur
1358 1975 61 33 det
1434 1978 110 30 större
1560 1987 175 23 samman-

244 2021 145 43 hanget.
405 2022 129 44 Någon
551 2023 116 35 direkt
683 2024 228 44 samordning
926 2025 81 34 med
1023 2026 306 43 lärarhögskolans
1346 2026 122 43 övriga
1484 2028 252 43 undervisning

246 2077 40 31 är
303 2075 176 43 nämligen
498 2075 74 35 inte
590 2076 121 44 möjlig
729 2082 55 29 att
802 2078 215 43 genomföra.
1035 2079 129 34 Vidare
1183 2083 38 31 är
1238 2080 305 43 lärarhögskolans
1561 2081 173 34 ordinarie

245 2127 113 35 lärare
379 2127 11 34 i
410 2128 197 43 pedagogik
628 2128 81 36 fullt
729 2131 207 41 sysselsatta
956 2131 11 33 i
987 2132 305 42 lärarhögskolans
1314 2145 86 30 egen
1421 2133 211 43 utbildning.
1653 2134 81 43 Sty-

245 2180 113 34 relsen
385 2181 186 42 avstyrker
597 2182 117 34 därför
741 2183 178 43 förslaget,
946 2189 55 29 att
1027 2185 287 42 lärarhögskolan
1342 2186 87 34 skall
1456 2187 279 42 omhändertaga

245 2232 246 44 utbildningen
509 2234 11 33 i
536 2234 196 44 pedagogik
748 2236 66 33 och
832 2236 143 34 föreslår
991 2237 11 34 i
1020 2238 130 40 stället,
1168 2243 55 29 att
1240 2239 493 43 pedagogikundervisningen

246 2285 216 43 organiseras
492 2299 46 21 av
567 2287 238 36 kursledaren.

293 2339 265 45 Överstyrelsen
580 2341 55 42 för
657 2342 42 33 de
724 2342 163 34 tekniska
909 2343 235 42 högskolorna
1166 2343 114 34 finner
1302 2345 48 41 på
1372 2345 113 42 grund
1510 2358 45 21 av
1578 2346 156 33 rådande

244 2394 341 34 lokalförhållanden
614 2395 59 34 vid
703 2395 182 34 Chalmers
914 2396 163 34 tekniska
1105 2397 169 42 högskola
1302 2397 104 43 ingen
1434 2398 183 42 möjlighet
1645 2398 88 35 före-

244 2446 93 43 ligga
364 2452 56 29 att
446 2447 52 34 dit
525 2447 157 43 förlägga
707 2449 117 41 någon
851 2449 56 33 del
933 2461 45 22 av
1003 2449 352 44 lärarutbildningen.
1382 2450 264 43 Överstyrelsen
1673 2464 60 22 av-

245 2500 141 41 styrker
404 2499 118 34 därför
539 2500 99 34 bifall
656 2501 52 33 till
726 2500 168 44 förslaget
912 2501 11 34 i
942 2502 114 34 denna
1075 2502 67 34 del.
