1884 2794
285 144 111 28 Första
414 145 201 26 kammarens
644 143 142 28 andra
816 144 159 32 tillfälliga
994 144 134 27 utskotts
1148 143 162 28 utlåtande
1330 152 39 18 nr
1388 143 46 27 11.
1595 144 15 25 7

118 223 100 33 detta
235 223 79 33 leda
334 224 53 32 till
405 235 44 22 en
467 224 144 41 mycket
631 224 184 32 önskvärd
833 224 153 41 höjning
1005 234 45 22 av
1069 223 379 33 bostadsstandarden.
1469 223 68 32 Det
1557 222 51 31 in-

122 272 110 29 tresse
255 269 59 32 för
337 269 197 42 utvidgade
557 269 320 40 bostadspolitiska
902 269 164 37 insatser,
1092 278 79 22 som
1195 268 46 41 på
1266 278 126 22 senare
1417 267 53 32 tid
1495 267 113 32 visats

120 314 83 32 från
222 314 207 42 företagens
449 314 87 38 sida,
556 314 115 33 måste
692 314 153 42 givetvis
864 313 121 33 hälsas
1003 314 84 32 med
1107 312 321 33 tillfredsställelse.
1450 312 53 32 De
1522 322 86 31 nyss

118 359 161 41 antydda
307 359 280 42 olägenheterna
614 360 88 41 göra
732 359 58 32 det
819 359 94 32 dock
939 359 142 32 mindre
1109 358 164 41 lämpligt
1302 361 53 29 att
1384 356 73 33 helt
1486 356 122 33 lämna

120 406 117 32 denna
256 406 65 32 sak
339 406 35 32 åt
395 406 58 32 det
473 405 141 41 privata
633 404 205 33 initiativet.
869 404 78 32 Den
966 404 68 32 bör
1051 403 197 32 behandlas
1267 413 78 22 som
1363 405 51 30 ett
1434 402 57 32 led
1509 402 12 31 i
1540 402 68 32 den

119 450 182 33 allmänna
322 450 335 41 bostadspolitiken.
691 449 416 42 Landsorganisationen
1128 449 225 36 förutsätter,
1375 450 54 30 att
1452 447 59 32 det
1533 456 76 31 spe-

119 495 102 33 ciella
241 495 173 41 problem,
435 505 80 22 som
535 495 92 32 dock
646 494 195 42 föreligger
860 494 46 40 på
925 494 96 32 vissa
1041 493 266 37 industriorter,
1328 493 66 32 där
1414 492 100 32 såväl
1535 502 73 31 sys-

119 540 512 42 selsättningsmöjligheterna
649 549 79 23 som
745 539 245 32 tomtmarken
1006 538 197 32 behärskas
1219 548 44 22 av
1279 541 50 29 ett
1346 537 93 33 enda
1454 537 153 41 företag,

119 586 150 32 beaktas
289 586 12 31 i
320 585 283 33 bostadssociala
624 584 259 42 utredningens
904 584 156 32 väntade
1081 583 310 32 slutbetänkande.
1426 582 123 32 Skulle
1570 582 39 32 så

120 631 78 32 icke
214 641 87 22 vara
318 630 111 38 fallet,
448 631 103 32 torde
567 640 43 22 en
627 629 254 41 särutredning
899 628 194 33 eventuellt
1110 638 87 22 vara
1215 627 225 41 erforderlig.

167 676 235 32 Beträffande
419 675 68 32 den
504 678 79 29 rent
599 675 110 31 akuta
728 674 67 31 och
811 674 84 31 med
910 672 353 33 krisförhållandena
1281 672 327 41 sammanhängan-

119 720 45 32 de
190 720 288 32 bostadsbristen
506 719 45 41 på
577 719 96 32 vissa
702 721 98 29 orter
828 718 124 32 kunna
980 717 109 32 också
1117 717 177 32 särskilda
1322 717 170 41 åtgärder
1519 726 89 22 vara

118 764 224 32 omedelbart
360 764 199 41 påkallade.
578 763 218 41 Visserligen
815 763 124 41 lägger
955 762 398 41 matcerialknappheten
1371 761 130 32 hinder
1518 761 13 31 i
1548 762 60 31 vä-

122 819 67 30 gon
212 809 60 31 för
294 812 50 29 ett
368 809 151 32 allmänt
543 808 242 33 avskaffande
808 818 44 22 av
878 808 43 32 de
945 807 248 41 föreliggande
1218 806 282 42 svårigheterna.
1525 805 82 33 Men

119 854 46 40 på
184 854 96 32 vissa
300 857 98 29 orter
415 874 46 2 —
479 853 79 33 icke
576 853 111 32 minst
708 853 137 32 smärre
866 852 256 32 industriorter
1140 872 46 3 —--
1205 861 108 31 synas
1332 850 277 33 förhållandena

122 899 45 31 ha
190 898 104 32 blivit
320 898 145 32 särskilt
491 898 116 37 svåra,
631 897 179 32 beroende
834 897 45 40 på
904 897 184 32 bristande
1113 896 131 33 enskilt
1269 896 85 33 eller
1379 895 229 32 kommunalt

119 943 168 32 initiativ.
309 943 68 31 Det
397 942 117 33 måste
535 942 153 42 givetvis
709 951 88 22 vara
818 943 99 30 svårt
939 944 53 29 att
1014 941 152 32 centralt
1188 941 205 32 överblicka
1414 940 96 41 läget
1531 940 13 31 i
1566 940 41 32 de

119 987 97 32 olika
236 990 155 34 orterna,
411 997 83 22 men
514 988 58 31 det
590 987 67 31 bör
676 986 94 32 ändå
789 987 210 40 övervägas,
1020 996 60 21 om
1098 986 79 32 icke
1196 986 59 32 det
1274 985 119 33 lokala
1412 985 194 32 initiativet

120 1041 131 31 genom
270 1031 95 32 olika
384 1031 170 41 åtgärder
573 1031 91 32 skall
683 1031 123 31 kunna
826 1031 204 31 förstärkas
1049 1031 11 31 i
1079 1030 133 33 sådana
1232 1030 65 32 fall
1316 1030 66 32 där
1401 1030 58 32 det
1480 1029 129 32 hittills

120 1076 94 32 visat
230 1076 52 41 sig
298 1086 87 22 vara
402 1076 145 32 särskilt
564 1075 244 41 otillräckligt.

708 1236 158 33 Motion
895 1246 46 23 nr
967 1237 52 32 21.

165 1324 303 41 Socialstyrelsen
496 1324 69 32 har
591 1325 116 31 redan
736 1325 350 40 uppmärksammat
1114 1324 157 31 behovet
1299 1334 44 21 av
1372 1334 46 21 en
1446 1323 164 31 bostads-

120 1369 280 41 undersökning
421 1370 60 31 för
504 1369 254 40 landsbygden
782 1369 67 31 och
874 1369 185 40 planerar,
1084 1369 121 31 såsom
1229 1369 93 31 även
1346 1367 229 32 framhållits
1598 1368 11 31 i

120 1414 187 41 yttrandet
326 1415 88 31 över
431 1415 190 31 motionen
640 1424 45 21 nr
702 1414 31 36 4,
754 1416 51 30 att
825 1414 54 31 till
898 1413 131 41 Kungl.
1049 1413 112 40 Maj:t
1182 1413 130 40 avgiva
1333 1412 277 40 fraraställning

122 1459 85 32 med
229 1458 139 41 förslag
389 1469 62 22 om
473 1469 45 22 en
542 1458 139 32 allmän
704 1459 164 31 bostads-
891 1459 68 31 och
982 1458 271 40 hyresräkning
1275 1457 130 32 hösten
1429 1456 96 38 1945,
1550 1467 59 21 av-

122 1504 134 32 seende
296 1503 95 32 både
431 1503 207 41 landsbygd
677 1503 68 32 och
787 1503 320 32 stadssamhällen.
1161 1502 185 41 Styrelsen
1376 1502 70 31 har
1475 1503 94 30 även
1599 1502 11 31 i

124 1549 189 32 utlåtande
336 1549 71 31 den
429 1548 41 32 12
493 1548 151 41 januari
667 1548 85 32 1945
774 1550 88 30 över
882 1546 505 42 befolkningsutredningens
1409 1546 201 32 framställ-

122 1594 89 40 ning
230 1594 85 31 med
335 1593 141 41 förslag
497 1604 60 21 om
578 1593 242 41 folkräkning
842 1593 71 32 den
933 1593 36 31 31
999 1593 196 32 december
1216 1592 84 31 1945
1323 1591 143 33 anmält
1488 1592 121 32 denna

119 1639 57 31 sin
198 1639 129 32 avsikt.

167 1685 144 32 Främst
333 1686 190 32 erfordras
547 1696 43 22 en
613 1685 140 32 allmän
777 1685 233 41 inventering
1033 1695 45 22 av
1100 1684 84 33 hela
1207 1684 192 32 beståndet
1423 1694 45 22 av
1491 1684 120 32 bostä-

122 1732 67 33 der
210 1732 68 32 och
301 1731 311 37 bostadshushåll,
635 1730 96 33 både
755 1731 11 31 i
790 1729 310 33 stadssamhällen
1124 1730 68 31 och
1217 1729 21 32 å
1262 1729 265 40 landsbygden,
1552 1728 58 32 för

120 1776 337 34 stadssamhällena
494 1776 246 32 kombinerad
776 1775 86 32 med
899 1785 46 22 en
971 1774 140 32 allmän
1137 1773 281 42 hyresräkning.
1456 1773 56 31 En
1537 1773 74 31 viss

122 1821 241 40 samordning
384 1821 88 31 med
495 1831 45 21 en
563 1820 243 41 folkräkning
829 1819 119 32 skulle
973 1829 89 22 vara
1087 1829 45 21 av
1156 1818 130 37 värde;
1312 1818 191 31 formerna
1528 1817 83 32 här-

122 1868 60 31 för
198 1868 134 39 prövas
348 1866 60 32 för
424 1865 235 32 närvarande
676 1865 12 31 i
705 1864 150 32 samråd
871 1864 87 32 med
975 1863 252 41 beredningen
1244 1863 60 32 för
1320 1862 291 41 folkräkningen

122 1912 71 31 den
211 1911 40 30 31
273 1910 196 32 december
486 1909 95 32 1945.
599 1909 100 32 Mcra
719 1908 176 41 utförliga
914 1908 191 40 uppgifter
1122 1918 60 21 om
1201 1907 149 32 särskilt
1368 1907 243 31 bostädernas

124 1955 152 33 kvalitet
304 1955 67 31 och
398 1955 318 31 bostadsvanorna
747 1954 46 30 än
823 1953 54 37 de,
906 1963 79 21 som
1013 1953 126 31 kunna
1167 1952 187 31 inhämtas
1381 1951 65 31 vid
1474 1961 44 21 en
1547 1951 64 31 all-

122 2002 88 30 män
227 2000 168 40 räkning,
412 1999 163 32 behövas
592 1999 121 31 också.
733 1998 134 40 Dylika
886 1997 191 41 uppgifter
1093 1997 89 32 böra
1201 1997 126 31 kunna
1346 1996 162 32 erhållas
1525 1996 85 32 med

123 2045 107 41 hjälp
257 2055 45 21 av
327 2044 252 33 husbesökare
604 2044 63 31 vid
693 2042 486 40 intensivundersökningar
1205 2042 20 31 å
1253 2044 48 29 ctt
1327 2040 285 41 representativt

123 2090 106 32 urval
255 2100 44 21 av
324 2089 183 32 bostäder.
535 2089 54 32 Då
616 2088 125 41 dylika
769 2087 323 40 undersökningar
1128 2088 64 30 äro
1229 2086 382 35 kostnadskrävande,

124 2134 116 32 måste
270 2134 143 31 urvalet
443 2133 173 41 planeras
645 2133 47 40 på
722 2133 132 31 sådant
884 2134 81 35 sätt,
995 2135 51 29 att
1076 2131 234 40 tillförlitliga
1341 2130 272 41 upplysningar

125 2180 125 30 kunna
277 2178 161 32 erhållas
464 2188 45 21 ur
533 2178 135 31 minsta
694 2177 156 40 möjliga
876 2176 183 32 material.
1110 2176 139 31 ITärför
1273 2186 88 21 vore
1389 2175 222 32 åtminstone

122 2224 96 31 vissa
240 2222 283 32 huvudresultat
543 2233 44 20 ur
607 2222 68 31 den
698 2221 190 32 allmänna
909 2220 358 40 bostadsräkningen
1287 2219 224 36 värdefulla,
1531 2229 81 21 var-

126 2269 57 30 för
206 2266 532 40 intensivundersökningarna
767 2265 201 40 lämpligen
994 2265 89 31 böra
1110 2265 186 31 anordnas
1320 2264 64 31 vid
1410 2274 45 21 en
1481 2273 130 22 scnare

125 2312 183 40 tidpunkt.

169 2356 273 31 Motionärerna
462 2355 47 31 ha
531 2356 91 30 även
645 2354 102 32 tänkt
768 2355 53 39 sig
841 2365 43 20 en
906 2353 103 41 dylik
1028 2354 255 31 kombination
1304 2364 45 21 av
1369 2353 141 32 allmän
1530 2354 82 31 räk-

124 2402 88 39 ning
234 2400 67 31 och
325 2399 269 41 representativ
618 2398 441 40 intensivundersökning
1082 2399 59 31 för
1164 2398 274 40 landsbygdens
1463 2398 69 31 del.
1558 2398 54 31 De

125 2446 215 39 ifrågasätta
369 2443 218 37 emellertid,
615 2454 59 21 om
704 2443 79 32 icke
814 2443 485 40 intensivundersökningen
1328 2443 68 31 bör
1423 2452 190 31 upprepas

123 2490 107 39 varje
252 2489 91 32 eller
377 2491 183 29 vartannat
583 2488 50 36 år,
655 2487 107 40 varje
785 2494 95 34 sång
901 2487 99 31 inom
1024 2490 48 29 ett
1094 2489 77 38 nytt
1194 2487 105 31 urval
1323 2497 45 21 av
1391 2487 223 32 kommuner
