1902 2792
626 146 264 30 Statsutskottets
912 148 166 29 utlåtande
1101 158 39 19 nr
1160 150 48 29 93.
1636 149 21 31 3

820 403 60 41 Nr
912 404 66 41 93.

462 510 194 37 Utlåtande
700 513 15 35 i
758 513 195 50 anledning
999 527 45 23 av
1084 515 135 50 Kungl.
1263 516 130 49 Maj:ts
1428 518 224 48 proposition

560 572 183 48 angående
762 573 129 50 anslag
900 575 66 48 för
980 575 207 49 budgetåret
1201 576 171 37 1948/49
1386 577 56 36 till
1455 579 196 48 ersättning

553 632 67 48 för
658 632 135 37 skador
833 634 146 36 vållade
1019 648 45 23 av
1098 649 173 35 personer
1297 649 75 24 som
1400 638 135 36 avvikit
1555 639 95 48 från

558 693 97 35 vissa
684 694 174 36 anstalter
876 695 118 48 jämte
1020 695 15 36 i
1060 701 119 31 ämnet
1204 697 128 36 väckta
1358 698 182 37 motioner.

1427 756 61 42 (3:e
1510 756 87 43 avd.)

194 839 19 32 I
235 840 263 42 propositionen
521 853 42 20 nr
585 843 39 31 87
640 843 62 32 har
716 843 127 43 Kungl.
859 845 107 42 Maj:t,
983 846 110 32 under
1108 846 218 43 åberopande
1342 860 41 20 av
1402 849 109 42 bilagt
1525 850 124 43 utdrag

141 901 41 21 av
206 891 383 42 statsrådsprotokollet
611 895 80 31 över
714 895 258 33 socialärenden
988 897 53 31 för
1057 897 66 32 den
1139 898 41 32 20
1194 898 152 33 februari
1364 900 90 38 1948,
1470 901 178 42 föreslagit

141 941 184 42 riksdagen
359 944 51 30 att
442 943 53 31 till
527 943 205 42 Ersättning
764 946 54 31 för
849 946 125 32 skador
1006 948 133 32 vållade
1171 959 42 21 av
1234 960 167 31 personer
1423 961 74 21 som
1521 952 126 32 avvikit

141 991 74 32 från
249 992 94 32 vissa
376 994 166 31 anstalter
568 994 52 32 för
642 995 204 42 budgetåret
870 997 136 32 1948/49
1029 998 109 32 under
1160 999 103 32 femte
1286 1000 220 32 huvudtiteln
1529 1002 118 32 anvisa

140 1043 50 30 ett
212 1042 269 44 förslagsanslag
504 1056 41 20 av
567 1045 94 32 5000
682 1046 136 32 kronor.

192 1126 19 31 I
232 1127 68 31 fem
324 1128 169 32 särskilda
515 1129 172 32 motioner
709 1130 57 40 (II:
780 1131 49 38 84,
848 1132 69 37 139,
935 1132 70 39 221,
1022 1132 61 32 276
1100 1133 64 31 och
1180 1134 72 40 279)
1269 1134 54 31 till
1340 1136 80 31 1947
1436 1137 55 30 års
1507 1136 140 43 riksdag

140 1176 235 33 behandlades
397 1179 118 41 frågan
539 1190 56 21 om
619 1181 191 42 ersättning
831 1192 41 21 av
895 1182 171 32 allmänna
1088 1183 112 33 medel
1216 1184 54 32 till
1285 1196 175 30 personer,
1478 1197 74 21 som
1568 1187 78 32 lidit

139 1227 106 32 skada
266 1239 124 30 genom
413 1230 119 41 åtgärd
555 1241 40 21 av
617 1231 57 31 vid
698 1231 265 42 sinnessjukhus
987 1234 83 31 eller
1091 1234 93 32 vissa
1203 1235 107 32 andra
1326 1236 166 32 anstalter
1506 1237 139 43 intagen

138 1278 83 32 eller
243 1280 81 30 över
346 1279 117 33 huvud
486 1282 94 40 taget
602 1292 122 30 genom
747 1282 163 42 brottslig
931 1284 151 42 gärning.

191 1329 199 42 Riksdagen
423 1331 143 32 anförde
598 1332 178 39 (skrivelse
810 1345 41 19 nr
872 1334 72 42 475)
977 1334 12 31 i
1023 1335 187 43 anledning
1235 1348 41 20 av
1298 1339 215 31 motionerna
1535 1339 45 32 bl.
1604 1351 39 27 a.,

138 1381 49 29 att
220 1379 184 42 riksdagen
437 1381 81 31 fann
553 1382 58 31 det
632 1382 12 31 i
667 1394 42 19 en
732 1394 41 20 av
795 1384 216 32 motionerna
1033 1385 57 41 (II:
1104 1386 72 41 279)
1198 1387 189 41 framlagda
1408 1388 163 42 förslaget
1594 1392 50 29 att

140 1430 193 41 ersättning
367 1431 86 31 skall
485 1431 117 32 kunna
624 1434 82 40 utgå
728 1445 41 19 av
792 1435 202 31 statsmedel
1016 1435 53 32 för
1092 1436 114 38 skada,
1232 1448 74 20 som
1329 1438 167 41 tillfogats
1520 1451 122 30 genom

138 1479 163 42 brottslig
325 1481 151 41 gärning,
501 1493 80 20 vara
602 1484 74 30 värt
698 1483 202 33 beaktande.
945 1485 49 31 På
1016 1486 143 31 anförda
1182 1487 74 31 skäl
1278 1488 82 31 fann
1384 1488 53 41 sig
1459 1489 183 42 riksdagen

138 1530 192 32 emellertid
352 1531 74 32 icke
449 1532 130 32 beredd
601 1535 50 29 att
674 1533 135 41 påkalla
831 1535 186 42 utredning
1039 1536 12 31 i
1067 1538 123 30 ämnet.
1225 1537 163 33 Härefter
1403 1540 141 31 anförde
1560 1541 82 32 riks-

133 1579 119 42 dagen.

189 1647 19 31 I
241 1648 116 41 övriga
389 1649 171 32 motioner
592 1650 61 32 har
687 1652 192 42 ersättning
901 1664 41 20 av
964 1654 171 31 allmänna
1164 1654 112 32 medel
1299 1655 196 42 ifrågasatts
1518 1658 123 32 endast

138 1689 212 33 beträffande
374 1692 126 31 skador
521 1693 133 31 vållade
671 1705 40 19 av
728 1694 136 39 sådana,
883 1706 73 21 som
973 1698 58 29 äro
1048 1696 140 41 intagna
1203 1699 44 39 på
1264 1697 267 43 sinnessjukhus
1547 1711 42 21 m.
1606 1700 32 32 fl.

138 1733 175 37 anstalter,
338 1733 83 31 eller
448 1737 91 38 rymt
561 1735 83 31 eller
666 1736 191 32 försöksvis
880 1738 180 32 utskrivits
1083 1739 158 32 därifrån.
1287 1740 99 32 Efter
1408 1742 170 40 prövning
1600 1754 40 20 av

135 1773 127 42 Kungl.
287 1775 98 41 Maj:t
407 1776 11 31 i
441 1777 92 40 varje
568 1778 138 31 särskilt
739 1779 59 30 fall
822 1779 61 31 har
906 1781 190 40 ersättning
1118 1781 53 31 för
1193 1781 116 41 dylika
1332 1783 125 31 skador
1479 1784 125 32 hittills
1627 1785 11 31 i

134 1816 71 31 viss
240 1818 206 40 omfattning
479 1819 193 32 tillerkänts
697 1820 245 33 skadelidande
965 1823 78 30 med
1066 1823 175 32 anlitande
1264 1835 41 20 av
1327 1825 120 41 anslag
1470 1826 53 31 till
1546 1829 94 29 extra

133 1858 150 40 utgifter.
330 1859 118 41 Enligt
481 1861 201 40 riksdagens
709 1863 139 40 mening
870 1863 63 31 bör
957 1875 41 19 en
1021 1865 185 41 utredning
1229 1877 40 19 av
1292 1866 103 32 dessa
1417 1868 221 40 ersättnings-

135 1900 171 40 spörsmål
330 1902 212 31 omedelbart
564 1903 142 31 inledas.
749 1904 145 42 Förslag
916 1905 53 31 till
992 1906 209 32 åtminstone
1225 1908 234 40 provisoriska
1482 1911 157 40 åtgärder

133 1941 53 31 för
219 1944 50 29 att
302 1945 83 28 utan
418 1944 176 31 anlitande
617 1956 40 19 av
680 1945 66 31 den
780 1947 262 42 nödfallsutväg,
1068 1959 72 20 som
1165 1951 94 29 extra
1282 1951 285 40 utgiftsanslagen
1592 1964 45 20 er-

133 1983 114 40 bjuda,
273 1985 202 41 möjliggöra
509 1987 190 41 ersättning
733 1999 39 19 av
807 1990 201 30 statsmedel
1036 1991 5 29 i
1066 1991 180 31 ömmande
1284 1992 59 31 fall
1377 2004 40 19 av
1451 1994 124 31 skador
1597 2006 40 19 av

131 2025 61 31 här
225 2029 111 28 avsett
370 2028 73 40 slag
475 2028 63 31 bör
571 2040 55 19 om
650 2030 133 41 möjligt
806 2031 190 41 föreläggas
1020 2032 104 32 redan
1148 2035 99 29 nästa
1270 2036 55 29 års
1347 2035 148 41 riksdag.
1541 2036 95 32 Riks-

131 2068 110 40 dagen
275 2071 37 28 är
339 2069 29 40 ej
392 2070 129 31 beredd
545 2073 58 35 att,
628 2073 113 30 såsom
766 2073 161 41 påyrkats
950 2074 11 30 i
984 2074 92 31 vissa
1099 2076 179 38 motioner,
1302 2077 105 31 redan
1430 2089 47 20 nu
1500 2078 136 32 besluta

132 2121 54 19 om
222 2111 148 30 särskild
404 2112 315 42 medelsanvisning
751 2115 53 31 för
828 2116 187 31 skadornas
1039 2118 205 31 ersättande.
1290 2118 86 32 Tills
1399 2119 116 32 vidare
1538 2121 97 31 torde

131 2152 101 31 alltså
256 2152 66 31 den
346 2155 103 39 utväg
471 2154 84 31 böra
578 2156 132 37 anlitas,
736 2168 73 19 som
834 2158 162 41 anslagen
1021 2158 52 31 till
1096 2162 94 28 extra
1213 2160 141 41 utgifter
1377 2161 151 41 erbjuda.

184 2234 121 32 Under
328 2236 218 41 åberopande
570 2249 40 19 av
632 2239 65 31 vad
720 2240 145 31 sålunda
888 2242 130 30 anförts
1041 2243 116 30 anhöll
1180 2243 181 40 riksdagen
1378 2255 54 20 om
1450 2245 185 42 utredning

131 2294 41 19 av
195 2284 116 40 frågan
336 2296 54 20 om
414 2287 192 41 ersättning
629 2299 39 19 av
691 2289 172 32 allmänna
886 2291 112 30 medel
1021 2292 52 30 för
1096 2292 133 37 skador,
1254 2294 132 30 vållade
1402 2305 40 20 av
1458 2306 174 30 personer,

130 2333 90 31 vilka
243 2336 58 29 äro
326 2335 82 31 eller
430 2337 87 30 varit
539 2337 140 41 intagna
702 2341 43 38 på
770 2340 264 41 sinnessjukhus
1058 2353 42 20 m.
1124 2342 31 31 fl.
1180 2343 175 32 anstalter.

180 2384 83 32 Med
292 2386 186 41 anledning
501 2399 39 19 av
563 2388 202 41 riksdagens
788 2391 148 30 nämnda
959 2391 164 32 skrivelse
1146 2393 61 30 har
1229 2393 93 31 inom
1344 2394 289 42 justitiedeparte-

128 2436 129 30 mentet
280 2436 178 41 företagits
481 2437 71 31 viss
575 2439 193 41 utredning,
792 2441 146 31 varefter
960 2441 206 32 hithörande
1189 2444 114 40 frågor
1325 2445 196 40 ytterligare
1542 2447 90 30 över-
