2222 2616
666 141 339 39 -Bankoutskottets
1033 143 189 34 utlåtande
1251 144 55 33 Nr
1326 145 52 32 31.
1759 149 18 31 7

215 217 167 36 nämnda
411 217 75 48 dag
514 217 306 39 hemförlovades
855 223 48 46 på
930 222 124 47 grund
1084 235 46 23 av
1159 222 169 50 tillfällig
1356 224 188 48 sjukdom.
1602 226 129 38 Under
1759 229 59 36 sin

215 268 97 36 fasta
353 269 235 50 anställning
629 284 68 23 var
738 270 75 37 han
850 272 119 37 under
1000 275 45 34 12
1075 273 119 50 dagar
1223 274 73 37 den
1328 277 148 35 16—27
1508 278 94 48 april
1635 281 96 35 1911
1762 280 56 37 in-

214 318 88 50 lagd
344 324 48 45 på
432 321 153 37 flottans
626 323 162 48 sjukhus
830 324 11 35 i
880 323 233 39 Karlskrona
1141 326 58 36 för
1228 328 267 45 lungsjukdom,
1526 343 130 24 varom
1686 332 131 37 veder-

217 371 164 38 börande
411 373 293 48 sjukhusläkare
733 375 11 35 i
773 375 155 49 avgivet
956 376 112 49 intyg
1094 383 121 43 yttrat
1243 378 184 49 följande:

347 443 37 29 »2
413 442 46 31 kl.
492 443 200 36 sjömannen
717 444 58 31 vid
800 444 18 31 3
842 446 224 36 matr.-komp.
1092 447 62 31 672
1178 447 113 32 Didon
1316 448 163 33 vårdades
1501 451 43 36 på
1568 451 137 33 flottans
1728 454 89 36 sjuk-

212 484 64 31 hus
299 485 53 31 för
376 486 175 36 hemoptys
576 487 155 41 16/,—2?7/,
757 488 94 31 1911.
897 489 96 31 Hade
1019 489 53 41 !5/,
1096 490 59 31 vid
1179 492 60 30 två
1263 492 165 32 särskilda
1452 494 161 32 tillfällen
1626 496 111 32 hostat
1748 508 68 26 upp

212 527 59 32 vid
293 538 76 26 pass
395 527 37 43 !/,
458 530 77 31 liter
558 531 138 36 ljusrött
719 531 78 31 blod
820 532 107 36 enligt
950 543 82 26 egen
1056 534 150 36 uppgift;
1230 535 30 36 ej
1285 535 70 31 förr
1380 536 110 32 hostat
1514 538 87 37 blod,
1614 549 79 21 men
1706 540 110 32 hostat

211 572 12 29 i
247 571 18 31 3
289 572 172 32 månader.
509 574 95 31 Efter
627 575 191 31 inkomsten
846 577 20 29 å
889 576 175 36 sjukhuset
1087 578 104 36 ingen
1215 578 115 37 blodig
1354 580 240 38 upphostning.
1641 583 175 37 'Tempera-

210 616 99 31 turen
332 616 130 32 afebril.
511 616 69 42 ?7/,;:
613 618 86 36 Inga
734 619 240 37 förändringar
1008 621 12 30 i
1052 621 170 37 lungorna
1246 623 118 31 kunna
1388 624 216 33 konstateras.
1652 627 165 33 Utskrevs

210 658 85 32 frisk
321 658 85 42 ?7/,.»

340 720 130 38 Under
497 721 415 52 krigstjänstgöringen
941 727 41 33 år
1012 726 98 35 1915
1141 726 234 37 förklarades
1395 727 126 38 Didon
1536 743 141 35 genom
1693 732 123 37 läkar-

210 771 121 49 betyg
360 772 72 37 den
461 775 49 34 24
539 774 153 48 augusti
720 775 165 37 nämnda
920 778 40 34 år
987 790 91 23 vara
1106 779 48 47 på
1182 778 126 47 grund
1336 792 47 23 av
1412 782 270 45 hjärtsjukdom
1711 784 12 36 i
1752 784 62 37 be-

208 823 77 36 hov
326 837 47 23 av
414 825 290 49 tjänstledighet
746 827 70 36 och
856 840 67 23 var
957 841 47 24 av
1033 828 123 37 denna
1185 830 208 50 anledning
1421 833 244 47 permitterad
1694 836 124 37 under

208 874 104 37 tiden
342 877 46 34 31
420 876 258 49 augusti—30
708 879 222 48 september.

335 926 125 37 Didon
497 928 127 49 intogs
658 929 223 48 sedermera,
919 931 179 49 omkring
1133 933 46 35 10
1210 935 40 34 år
1279 933 95 37 efter
1403 935 62 36 det
1492 937 322 49 lungsjukdomen

207 977 120 37 under
375 980 358 49 anställningstiden
775 982 61 36 vid
879 983 135 36 flottan
1049 989 152 44 yppats,
1244 985 73 36 den
1355 987 45 35 19
1429 988 206 37 november
1666 992 96 35 1921
1793 994 21 33 å

206 1030 295 37 länssanatoriet
528 1031 12 36 i
570 1031 214 49 Sundsvall,
826 1048 88 23 vars
956 1035 218 37 överläkare
1216 1036 133 38 härom
1378 1038 13 36 i
1420 1040 156 48 avgivet
1604 1041 113 50 intyg
1751 1056 61 23 an-

208 1081 74 36 fört
310 1082 186 49 följande:

339 1151 55 31 »F.
429 1152 31 31 d.
497 1153 50 30 1:a
581 1154 90 31 klass
705 1154 132 37 sjöman
861 1156 87 31 Karl
984 1156 89 36 Aug.
1108 1157 113 31 Didon
1256 1158 163 32 vårdades
1453 1161 20 29 å
1507 1161 258 33 länssanatoriet
1799 1165 12 30 i

205 1194 185 31 Sundsvall
424 1195 107 31 under
558 1197 93 31 tiden
688 1197 67 41 9/,,
793 1198 184 42 1921—1/,
1008 1200 83 30 1922
1116 1201 54 30 för
1193 1201 63 31 tbe.
1280 1202 162 37 pulmon.,
1467 1203 91 32 Stad.
1583 1205 56 31 III
1662 1206 150 37 (oläsligt

204 1237 72 38 ord)
294 1240 26 25 +
358 1238 254 33 Neurasthenia.
668 1241 112 31 Didon
816 1252 145 26 uppgav,
995 1244 50 30 att
1075 1244 69 30 han
1167 1244 13 30 i
1203 1244 210 33 barndomen
1437 1246 75 32 haft
1536 1249 116 30 vatten
1676 1249 12 30 i
1711 1246 98 45 lung-

204 1281 131 36 säcken,
371 1291 77 22 men
486 1282 79 36 eljes
599 1284 91 31 varit
713 1284 82 31 fullt
817 1285 64 37 kry
903 1286 72 31 tills
999 1286 67 31 han
1090 1287 64 31 den
1180 1286 54 41 !5/,
1260 1288 84 31 1911
1368 1290 154 36 plötsligt
1545 1291 66 31 fick
1635 1292 175 33 blodhosta

203 1326 61 35 (c:a
298 1335 40 20 en
373 1325 178 37 kaffekopp
586 1327 98 37 blod).
731 1328 80 31 Han
845 1329 113 36 intogs
991 1329 42 31 då
1067 1331 43 35 på
1139 1330 137 32 flottans
1299 1332 144 36 sjukhus
1466 1334 12 30 i
1502 1333 222 39 Karlskrona,
1749 1337 63 31 där

203 1368 68 30 han
295 1368 163 32 vårdades
481 1370 12 30 i
518 1371 40 29 14
582 1370 114 37 dagar.
740 1371 109 32 Sedan
874 1382 61 21 var
959 1373 67 31 han
1049 1374 72 30 åter
1145 1374 12 30 i
1181 1374 81 31 fullt
1285 1375 111 32 arbete
1420 1377 60 30 och
1504 1377 109 32 kände
1636 1379 52 36 sig
1712 1380 97 37 frisk,

203 1412 71 30 tills
300 1412 68 31 han
392 1412 63 31 den
482 1412 37 41 ?/;
547 1414 82 31 1921
654 1415 66 30 fick
744 1424 41 22 en
809 1425 47 27 ny
879 1418 67 29 stor
971 1417 186 37 hämoptys,
1182 1418 101 31 sedan
1307 1418 72 32 dess
1402 1420 94 36 dålig
1519 1421 76 31 med
1618 1422 121 32 feber.»

331 1472 82 37 Hos
455 1473 141 49 Kungl.
640 1474 112 49 Maj:t
793 1476 127 37 anhöll
957 1477 126 36 Didon
1112 1478 12 36 i
1153 1479 169 36 ansökan
1351 1479 73 38 den
1453 1483 21 34 2
1509 1481 165 38 februari
1710 1486 97 35 1922

203 1537 60 23 om
305 1529 74 31 rätt
420 1530 56 31 att
511 1525 152 37 komma
691 1527 12 36 i
732 1528 221 48 åtnjutande
983 1543 45 22 av
1056 1530 216 50 ersättning
1299 1531 13 36 i
1340 1532 208 50 anledning
1577 1547 46 23 av
1651 1535 157 50 kropps-

203 1576 129 48 skada,
362 1576 167 50 ådragen
557 1578 121 36 under
707 1579 409 50 militärtjänstgöring.
1165 1573 100 45 Över
1286 1583 263 50 ansökningen
1569 1586 237 39 infordrades

201 1627 194 37 utlåtande
425 1642 45 22 av
498 1630 504 49 riksförsäkringsanstalten,
1031 1646 80 23 som
1142 1633 72 36 den
1244 1636 21 33 3
1287 1635 75 48 maj
1387 1637 98 35 1922
1506 1637 166 48 anförde,
1692 1639 113 37 bland

202 1685 115 29 annat
348 1679 183 48 följande:

338 1765 87 30 »'Till
448 1766 163 36 åtlydnad
635 1767 106 31 härav
766 1768 53 31 får
842 1769 452 37 riksförsäkringsanstalten
1318 1772 83 31 efter
1425 1773 11 30 i
1460 1773 137 32 ärendet
1613 1775 193 32 infordrade

201 1808 246 37 upplysningar
472 1827 39 3 —
528 1809 39 31 de
602 1813 126 28 senaste
753 1812 53 30 till
830 1813 168 30 anstalten
1022 1813 162 31 inkomna
1208 1814 63 31 den
1297 1814 39 31 13
1362 1816 168 31 nästlidne
1546 1818 97 36 april,
1662 1836 39 3 —
1719 1821 87 29 samt

200 1851 184 32 sedermera
409 1852 167 32 inhämtat
599 1854 156 35 yttrande
780 1855 76 31 från
880 1856 64 31 den
968 1857 58 30 hos
1050 1857 168 31 anstalten
1242 1859 165 31 anställde
1431 1861 210 35 specialisten
1664 1863 21 30 å
1708 1858 97 46 lung-

200 1895 60 30 och
295 1896 350 36 hjärtsjukdomarnas
680 1898 143 36 område,
859 1900 220 31 överläkaren
1109 1901 164 31 medicine
1297 1902 144 32 doktorn
1466 1904 40 30 A.
1532 1904 193 38 Gullbring,
1750 1917 58 20 an-

202 1939 70 29 föra
298 1939 156 36 följande.

331 1983 148 31 Jämlikt
514 1983 293 32 bestämmelserna
842 1986 11 29 i
884 1987 238 31 ovannämnda
1158 1988 117 36 kungl.
1301 1989 212 36 förordning,
1537 1991 169 35 jämförda
1729 1993 75 31 med

202 2025 252 31 föreskrifterna
478 2027 11 29 i
513 2027 116 35 kungl.
666 2028 241 36 förordningen
936 2029 62 31 den
1024 2031 17 29 4
1065 2031 65 35 juli
1156 2031 84 31 1920
1264 2033 173 34 angående
1461 2033 128 32 ändrad
1613 2035 124 35 lydelse
1761 2046 43 21 av

200 2068 17 29 4
247 2067 60 30 och
332 2069 39 29 12
397 2069 36 37 $$
456 2069 12 29 i
492 2079 127 21 samma
648 2071 210 36 förordning,
883 2074 37 28 är
944 2074 68 29 rätt
1035 2074 54 30 till
1113 2075 189 35 ersättning
1326 2076 11 29 i
1361 2076 183 36 anledning
1568 2088 43 19 av
1636 2079 166 36 sjukdom,

198 2110 54 30 till
288 2111 116 30 vilken
439 2112 401 37 militärtjänstgöringen
876 2115 152 36 skäligen
1064 2117 66 30 kan
1154 2118 141 35 antagas
1319 2118 87 31 hava
1430 2119 157 37 bidragit,
1612 2121 190 36 förverkad,

198 2153 109 31 därest
341 2154 30 35 ej
407 2154 253 38 framställning
695 2167 54 20 om
784 2157 102 31 sådan
922 2160 189 34 ersättning
1134 2162 95 33 göres
1249 2162 92 30 inom
1366 2162 68 31 viss
1458 2162 47 31 tid
1530 2164 82 30 efter
1635 2164 55 31 det
1713 2165 90 35 sjuk-

198 2196 118 31 domen
340 2199 129 34 yppats,
495 2199 114 30 vilken
634 2199 47 31 tid
708 2200 156 32 bestämts
888 2202 53 30 till
966 2202 185 36 respektive
1175 2205 59 29 två
1259 2205 60 30 och
1343 2207 49 28 tre
1416 2207 48 34 år,
1481 2206 216 32 allteftersom
1715 2208 88 36 sjuk-

197 2239 118 31 domen
342 2243 118 34 yppats
485 2242 69 30 före
578 2243 80 30 eller
682 2244 82 30 efter
791 2245 82 30 1919
897 2246 55 30 års
976 2246 136 34 ingång.
