1882 2836
283 160 39 32 56
716 166 303 34 Bankoutskottets
1044 169 175 32 utlåtande
1244 170 48 31 Nr
1323 172 49 28 41.

421 251 121 36 Kungl.
566 252 119 36 Maj:ts
707 252 141 37 förslag:
1258 254 188 30 Utskottets
1468 254 142 37 förslag:

851 342 372 31 Slutbestämmelser.

990 424 40 30 78
1050 424 29 37 8.

329 487 123 31 Denna
470 488 204 38 förordning
691 491 113 29 träder
822 491 10 29 i
850 491 95 30 kraft
962 493 65 29 den
1048 493 14 28 1
1082 492 64 36 juli
1167 492 92 30 1942.
1279 491 91 31 Från
1389 493 65 29 och
1473 493 78 29 med
1570 501 134 21 samma
1722 492 66 35 dag

286 537 97 31 skola
411 537 248 38 förordningen
683 539 67 31 den
774 540 20 30 3
817 539 66 38 juli
910 541 83 30 1930
1023 539 53 41 (nr
1101 541 76 40 317)
1209 551 58 21 om
1291 541 221 38 jordbrukets
1539 540 246 37 kreditkassor,

284 587 248 38 förordningen
556 589 67 31 den
647 590 21 30 3
692 589 76 37 juni
794 591 84 30 1932
910 589 53 40 (nr
989 590 72 40 165)
1092 591 178 37 angående
1295 593 68 30 rätt
1391 592 57 31 för
1471 592 235 31 centralkassa
1731 592 55 31 för

284 638 301 37 Jordbrukskredit
606 643 50 28 att
677 640 52 31 till
749 641 227 31 medlemmar
999 641 115 37 intaga
1138 642 109 31 andra
1268 642 228 32 ekonomiska
1519 642 200 37 föreningar
1741 643 45 30 än

283 688 310 38 jordbrukskassor
611 694 91 27 samt
720 692 221 36 reglementet
959 692 54 31 för
1032 692 153 32 Svenska
1204 692 431 38 jordbrukskreditkassan
1657 693 67 31 den
1746 693 39 30 12

284 740 195 36 september
497 741 81 31 1930
602 740 55 41 (nr
673 741 75 40 337)
771 742 161 37 upphöra
949 746 49 28 att
1015 743 100 36 gälla.

328 790 93 31 Utan
443 790 123 32 hinder
585 801 43 21 av
649 793 69 30 vad
737 791 147 32 sålunda
904 793 151 37 stadgats
1077 794 100 30 skola
1201 795 41 30 de
1264 794 116 30 nedan
1401 794 11 30 i
1434 795 128 30 79—84
1584 794 42 38 88
1650 794 137 32 medde-

284 840 75 33 lade
378 841 306 33 bestämmelserna
704 843 104 31 lända
826 843 52 31 till
897 844 223 31 efterrättelse
1145 845 5 30 i
1171 845 62 30 där
1254 845 150 31 avsedda
1424 845 231 31 hänseenden.

986 947 39 30 79
1045 946 29 38 8.

326 1010 241 32 Centralkassa
585 1012 82 31 eller
685 1012 301 38 jordbrukskassa,
1004 1023 74 21 som
1096 1013 122 32 vunnit
1234 1014 255 37 godkännande
1505 1014 76 31 före
1598 1014 68 31 den
1686 1015 15 29 1
1720 1012 65 39 juli

285 1062 93 36 1942,
399 1061 127 38 åligger
544 1065 49 28 att
613 1063 75 31 före
707 1064 65 30 den
795 1065 14 28 1
831 1063 64 37 juli
918 1064 82 30 1943
1020 1065 80 30 eller
1120 1066 67 29 den
1206 1074 119 21 senare
1346 1065 77 36 dag,
1445 1075 73 20 som
1539 1064 124 37 Kungl.
1684 1063 102 37 Maj:t

281 1111 55 31 för
355 1111 140 32 särskilt
513 1112 61 31 fall
594 1113 218 37 bestämmer,
832 1114 92 30 hava
942 1114 205 31 underställt
1165 1114 259 31 vederbörande
1444 1114 219 38 myndighets
1684 1115 99 37 pröv-

280 1162 84 37 ning
381 1162 43 31 de
442 1163 186 37 ändringar
646 1163 11 31 i
673 1164 144 31 kassans
834 1164 149 37 stadgar,
1001 1174 74 21 som
1092 1164 173 31 erfordras
1285 1165 55 30 för
1357 1168 52 28 att
1424 1165 121 37 bringa
1562 1165 80 31 dem
1660 1165 11 31 i
1688 1166 95 30 över-

280 1213 259 31 ensstämmelse
557 1214 80 30 med
655 1213 265 32 föreskrifterna
937 1214 11 31 i
965 1215 113 31 denna
1095 1214 213 38 förordning.
1330 1215 69 30 Till
1416 1216 76 30 dess
1511 1218 49 28 att
1579 1216 101 30 dessa
1699 1216 84 30 änd-

280 1262 117 38 ringar
421 1273 43 21 av
485 1264 248 37 myndigheten
753 1264 181 37 godkänts,
958 1265 95 32 skola
1078 1265 43 30 de
1146 1265 95 30 äldre
1263 1266 187 36 stadgarna
1474 1267 63 36 äga
1560 1266 139 31 fortsatt
1720 1266 63 30 till-

279 1313 191 38 lämpning.

324 1364 204 32 Underlåter
544 1366 103 30 kassa
664 1369 49 27 att
729 1365 95 32 inom
841 1365 147 32 sålunda
1005 1366 215 32 föreskriven
1236 1367 49 31 tid
1302 1368 133 30 ansöka
1453 1377 57 21 om
1526 1367 256 37 godkännande

279 1424 41 21 av
348 1415 224 38 erforderliga
602 1416 310 37 stadgeändringar
939 1417 81 30 eller
1047 1416 115 32 finnas
1192 1418 41 30 de
1261 1428 43 21 av
1332 1419 130 31 kassan
1489 1418 179 31 beslutade
1697 1418 83 31 änd-

278 1466 164 37 ringarna
458 1467 76 31 icke
549 1476 84 22 vara
651 1476 43 22 av
712 1466 242 33 beskaffenhet
971 1470 48 28 att
1035 1468 119 31 kunna
1172 1468 213 37 godkännas,
1404 1469 88 30 skall
1509 1469 57 30 det
1582 1469 57 31 för
1654 1469 127 31 kassan

279 1517 204 31 meddelade
500 1517 271 37 godkännandet
789 1517 194 32 återkallas.

984 1603 40 30 80
1046 1603 29 37 8.

323 1668 312 32 Bestämmelserna
654 1670 11 30 i
684 1671 29 35 6,
737 1671 26 35 7,
783 1671 51 36 24,
857 1671 51 36 25,
928 1671 41 30 54
988 1671 64 30 och
1072 1671 41 30 55
1134 1671 40 37 38
1194 1674 89 27 samt
1302 1672 42 30 59
1364 1672 19 36 8
1402 1671 113 36 fjärde
1533 1672 135 36 stycket
1686 1672 98 30 skola

278 1719 64 37 äga
363 1719 220 37 tillämpning
603 1719 81 32 från
705 1721 65 30 och
790 1721 81 30 med
889 1721 67 30 den
979 1722 14 29 1
1015 1720 64 37 juli
1101 1721 94 30 1944.
1216 1721 92 31 Intill
1327 1722 155 30 nämnda
1502 1722 165 36 tidpunkt
1686 1721 98 31 skola

278 1770 244 31 motsvarande
542 1770 96 31 äldre
659 1770 261 31 bestämmelser
939 1770 217 32 fortfarande
1176 1771 185 37 tillämpas.
1385 1772 131 31 Härvid
1538 1773 88 30 skall
1648 1772 57 31 vid
1726 1772 56 30 be-

278 1820 193 37 räkningen
492 1830 42 21 av
552 1821 131 30 antalet
702 1821 151 36 andelar,
876 1821 85 31 varå
979 1821 219 37 ansvarighet
1220 1823 65 30 och
1303 1823 70 30 rätt
1394 1822 51 31 till
1464 1823 196 36 uttaxering
1680 1823 103 36 enligt

278 1870 95 31 äldre
395 1871 260 31 bestämmelser
677 1872 161 36 grundas,
862 1881 42 21 en
928 1871 101 31 andel
1052 1880 100 23 anses
1175 1875 175 28 motsvara
1374 1873 97 37 varje
1492 1874 127 36 belopp
1645 1883 42 22 av
1711 1873 71 31 fem

278 1921 140 37 kronor,
442 1931 74 21 som
537 1921 151 31 medlem
709 1931 43 21 av
773 1921 294 37 jJordbrukskassa
1088 1922 83 31 eller
1191 1922 50 31 till
1263 1923 236 31 centralkassa
1520 1924 160 30 ansluten
1703 1924 78 30 eko-

279 1971 137 31 nomisk
438 1971 157 37 förening
618 1972 108 36 erlagt
747 1972 82 30 eller
851 1972 139 31 tecknat
1011 1971 113 32 såsom
1149 1973 107 30 insats
1277 1974 66 30 och
1367 1983 74 21 som
1464 1974 75 30 icke
1563 1974 219 31 återbetalats

279 2022 48 30 till
346 2022 241 30 medlemmen.

321 2071 76 32 Har
416 2073 147 30 medlem
583 2082 43 21 av
646 2072 304 37 jordbrukskassa,
972 2083 73 20 som
1066 2072 152 38 åtnjuter
1237 2074 113 32 kredit
1371 2074 79 31 från
1471 2076 138 36 kassan,
1630 2075 78 31 icke
1728 2076 54 30 del

277 2122 10 30 i
310 2123 147 30 kassans
481 2122 243 37 insatskapital
746 2123 78 30 med
850 2123 107 31 minst
979 2123 170 36 tjugofem
1173 2124 139 38 kronor,
1337 2125 60 31 må
1422 2125 78 30 med
1523 2125 258 37 inbetalningen

278 2182 41 21 av
344 2172 216 32 återstående
584 2173 237 37 insatsbelopp
847 2173 101 31 anstå
972 2173 88 31 intill
1087 2174 68 31 den
1181 2175 15 29 1
1225 2174 63 37 juli
1319 2176 83 29 1944
1430 2176 89 36 eller,
1548 2175 104 32 såvitt
1676 2176 107 37 gäller

276 2224 160 36 medlem,
462 2233 74 21 som
559 2224 81 36 äger
664 2224 83 30 eller
767 2224 133 30 brukar
923 2223 161 36 fastighet
1108 2225 80 30 med
1212 2225 103 32 värde
1339 2226 270 36 understigande
1632 2226 148 32 tiotusen

277 2275 140 35 kronor,
438 2274 88 30 intill
545 2275 66 29 den
636 2275 14 29 1
672 2274 64 36 juli
760 2274 93 30 1946.

318 2324 151 31 Medlem
488 2334 42 21 av
549 2323 303 38 jordbrukskassa,
874 2333 75 21 som
971 2324 119 31 inträtt
1113 2325 11 29 i
1145 2325 128 30 kassan
1294 2326 76 30 före
1391 2327 67 30 den
1480 2328 14 29 1
1518 2326 65 38 juli
1609 2328 83 30 1942
1715 2328 65 30 och

275 2384 75 22 som
378 2375 77 31 icke
481 2374 151 40 åtnjuter
657 2374 113 31 kredit
797 2373 81 32 från
905 2375 137 36 kassan,
1071 2374 59 32 må
1158 2375 38 31 så
1221 2376 99 37 länge
1347 2378 73 30 han
1446 2377 30 38 ej
1504 2377 138 32 erhållit
1668 2379 112 30 kredit

274 2424 142 32 kvarstå
439 2424 113 32 såsom
574 2425 150 30 medlem
748 2428 84 28 utan
859 2428 49 28 att
933 2426 134 36 erlägga
1091 2427 194 36 ytterligare
1308 2427 109 31 insats
1443 2428 103 37 enligt
1571 2430 112 30 denna
1712 2430 67 30 för-

274 2476 159 37 ordning.
