1858 2766
542 155 286 31 Statsutskottets
849 156 180 31 utlåtande
1049 167 42 20 nr
1112 159 36 28 11
1170 159 40 29 år
1230 160 85 29 1965
1630 161 41 29 47

185 231 372 40 ningsverksamheten
578 234 10 29 i
610 235 110 29 större
741 236 245 39 utsträckning
1006 237 45 29 än
1070 238 68 29 vad
1158 247 76 20 som
1254 247 49 20 nu
1323 239 39 29 är
1383 239 96 30 fallet
1501 239 172 40 anknytes

186 285 49 29 till
250 285 56 29 det
319 286 176 29 ordinarie
506 287 132 30 arbetet
652 288 55 29 vid
720 288 346 41 industriföretagen.

229 338 176 30 Utskottet
427 339 116 30 finner
565 342 49 28 att
635 350 44 20 en
703 342 175 29 successiv
899 343 224 40 omläggning
1144 353 42 20 av
1208 345 465 40 omskolningsverksamhe-

184 393 58 28 ten
263 392 10 28 i
295 392 114 30 denna
430 393 166 40 riktning,
618 394 44 39 på
683 395 69 29 sätt
774 404 76 20 som
871 396 154 39 framgår
1046 406 42 20 av
1109 397 179 30 motionen
1310 398 29 29 I:
1355 398 73 34 605,
1450 398 64 30 bör
1534 407 139 31 genom-

185 444 94 30 föras
298 446 64 29 och
381 446 210 39 uppskattar
608 447 66 30 den
692 448 378 42 kostnadsminskning
1089 460 74 20 som
1182 451 202 39 därigenom
1403 452 62 29 bör
1483 461 84 21 vara
1584 453 89 40 möj-

184 498 47 39 lig
242 500 51 28 att
306 499 83 29 ernå
404 499 110 30 under
526 500 204 40 budgetåret
746 502 141 33 1965/66
901 503 51 30 till
970 503 38 29 15
1023 504 88 39 milj.
1125 504 52 29 kr.

227 552 77 29 Med
326 552 218 39 åberopande
566 563 42 20 av
628 554 57 30 det
706 555 151 30 anförda
877 556 202 31 hemställer
1101 557 181 35 utskottet,

538 609 51 27 att
616 608 187 39 riksdagen
830 609 57 29 må
913 609 11 29 i
951 610 189 39 anledning
1166 620 42 20 av
1235 611 126 39 Kungl.
1389 612 124 39 Maj:ts
1541 612 131 40 förslag

492 659 64 29 och
582 660 78 29 med
684 660 99 30 bifall
811 661 52 29 till
888 662 177 30 motionen
1094 663 28 29 I:
1139 663 61 30 605
1228 664 51 29 till
1307 664 231 40 Omskolning
1562 675 105 20 m.m.

493 713 55 29 för
595 713 205 40 budgetåret
852 715 140 34 1965/66
1041 717 120 30 anvisa
1210 720 49 28 ett
1309 718 273 40 förslagsanslag
1629 728 42 21 av

495 766 59 30 127
569 767 63 30 000
646 767 63 30 000
726 768 72 29 kr.»

228 858 34 34 7)
289 858 57 30 vid
367 859 159 39 punkten
548 860 43 29 26
618 860 144 41 (Bidrag
784 862 52 29 till
860 863 227 30 anordnande
1109 873 44 20 av
1175 864 203 30 verkstäder
1400 865 55 29 för
1476 865 195 40 handikap-

183 911 103 38 pade)
314 921 43 20 av
378 912 122 29 herrar
521 912 171 31 Nils-Eric
714 914 220 40 Gustafsson,
957 916 133 30 Harald
1112 917 213 37 Pettersson,
1348 918 152 29 Larsson
1523 919 13 29 i
1558 918 109 30 Hede-

183 965 97 29 näset
299 965 65 29 och
380 966 139 29 Nilsson
539 966 10 29 i
568 967 211 34 Tvärålund,
796 968 97 29 vilka
911 971 114 27 ansett
1044 972 50 27 att
1114 970 170 30 utskottet
1303 970 78 30 bort
1400 971 176 40 tillstyrka
1596 981 71 20 mo-

182 1018 160 30 tionerna
365 1019 28 29 I:
410 1019 63 29 428
496 1020 65 29 och
584 1020 45 29 II:
646 1020 73 35 504,
744 1021 104 30 såvitt
872 1031 47 19 nu
944 1023 38 28 är
1005 1022 10 29 i
1038 1022 109 39 fråga,
1171 1024 65 29 och
1260 1026 51 27 att
1334 1024 120 29 därför
1478 1025 188 30 utskottets

181 1071 162 39 yttrande
366 1073 65 28 och
453 1072 209 31 hemställan
685 1074 78 30 bort
785 1075 45 29 ha
853 1074 156 40 följande
1032 1075 145 39 lydelse:

226 1126 513 41 >Arbetsmarknadsstyrelsen
765 1129 65 29 har
854 1129 171 30 beräknat
1050 1130 288 40 bidragsbehovet
1364 1132 11 28 i
1402 1131 98 40 fråga
1526 1141 58 20 om
1609 1142 60 20 an-

180 1179 179 31 ordnande
379 1189 43 21 av
440 1180 203 30 verkstäder
662 1181 55 30 för
735 1182 271 40 handikappade
1026 1183 52 29 till
1100 1183 38 30 15
1158 1184 89 39 milj.
1268 1184 52 29 kr.
1340 1184 52 30 Då
1412 1185 170 30 utskottet
1602 1185 67 30 fin-

179 1242 61 21 ner
263 1233 59 30 det
343 1234 189 39 angeläget,
557 1236 51 29 att
631 1235 559 41 sysselsättningsmöjligheterna
1214 1237 162 31 effektivt
1400 1238 189 30 förbättras
1614 1239 54 30 för

179 1286 263 40 svårplacerade
470 1287 281 40 handikappade,
782 1289 194 39 tillstyrker
1005 1290 170 30 utskottet
1205 1291 173 39 yrkandet
1407 1292 11 28 i
1449 1292 219 30 motionerna

180 1339 29 29 I:
225 1339 63 30 428
311 1340 65 29 och
399 1340 46 29 II:
461 1340 63 30 504
546 1350 58 20 om
626 1343 48 28 ett
697 1342 358 40 reservationsanslag
1077 1353 42 20 av
1144 1344 38 29 15
1207 1344 88 39 milj.
1319 1344 51 29 kr.
1395 1345 51 29 till
1470 1345 121 39 bidrag
1614 1345 52 30 till

178 1393 227 30 anordnande
419 1403 42 20 av
472 1394 203 30 verkstäder
688 1394 56 30 för
756 1395 281 40 handikappade.

223 1446 119 30 Under
353 1446 219 40 åberopande
586 1457 42 19 av
640 1448 57 29 det
710 1448 149 30 anförda
872 1449 205 29 hemställer
1088 1450 181 34 utskottet,

532 1502 51 28 att
611 1501 185 39 riksdagen
825 1501 59 30 må
909 1502 10 28 i
947 1502 189 40 anledning
1162 1512 42 20 av
1232 1503 126 40 Kungl.
1385 1504 124 39 Maj:ts
1536 1504 131 40 förslag

489 1555 90 27 samt
598 1553 79 30 med
696 1553 97 30 bifall
814 1554 52 29 till
886 1555 220 29 motionerna
1124 1555 29 29 I:
1168 1555 64 30 428
1252 1556 65 29 och
1337 1557 46 29 II:
1398 1556 74 35 504,
1493 1557 104 29 såvitt
1616 1566 47 20 nu

489 1607 39 29 är
544 1607 10 29 i
573 1607 108 40 fråga,
699 1608 52 29 till
768 1608 130 40 Bidrag
916 1608 52 29 till
983 1609 228 30 anordnande
1228 1619 45 21 av
1290 1610 202 30 verkstäder
1508 1611 57 39 för
1581 1610 87 31 han-

488 1660 196 39 dikappade
712 1660 57 30 för
795 1661 204 40 budgetåret
1029 1662 140 33 1965/66
1197 1663 121 30 anvisa
1345 1665 48 28 ett
1421 1664 246 30 reservations-

487 1713 123 40 anslag
624 1723 42 21 av
685 1714 37 29 15
738 1714 63 30 000
815 1714 64 30 000
894 1715 72 29 kr.>

222 1810 36 33 8)
280 1810 57 29 vid
354 1811 158 38 punkten
530 1810 41 29 27
595 1811 144 39 (Bidrag
755 1812 52 29 till
826 1812 130 29 driften
974 1822 42 20 av
1033 1813 203 30 verkstäder
1254 1814 55 29 för
1326 1814 301 40 handikappade).

221 1888 36 34 a)
288 1897 42 21 av
347 1888 122 30 herrar
485 1890 86 29 Axel
587 1890 213 38 Andersson,
818 1891 67 29 Per
901 1891 203 37 Jacobsson,
1122 1892 176 36 Edström,
1317 1893 170 29 Nils-Eric
1505 1893 157 40 Gustafs-

176 1950 75 27 son,
268 1942 134 29 Harald
417 1942 210 37 Pettersson,
646 1942 125 30 fröken
789 1944 134 36 Elmén,
941 1944 122 29 herrar
1081 1945 150 29 Larsson
1251 1945 10 29 i
1280 1945 205 36 Hedenäset,
1505 1946 157 40 Gustafs-

177 2004 62 20 son
262 1995 11 29 i
295 1995 196 35 Skellefteå,
512 1996 173 30 Nelander
706 1997 66 29 och
792 1997 139 29 Nilsson
954 1997 10 29 i
986 1997 211 34 Tvärålund,
1219 1998 96 30 vilka
1336 2002 113 27 ansett
1472 2001 49 28 att

220 2049 73 29 dels
315 2049 66 30 den
404 2049 53 30 del
480 2059 42 20 av
544 2050 187 30 utskottets
753 2051 162 38 yttrande
937 2051 45 39 på
1004 2060 25 20 s.
1052 2051 51 34 20,
1127 2060 75 21 som
1223 2052 121 39 börjar
1364 2052 78 30 med
1467 2053 196 30 >»>Utskottet

176 2102 200 39 avstyrker»
395 2102 64 29 och
474 2102 110 29 slutar
599 2103 77 29 med
694 2103 40 29 »>6
750 2103 199 34 månader»,
965 2103 77 30 bort
1057 2104 46 29 ha
1118 2104 157 39 följande
1290 2105 145 39 lydelse:

223 2155 33 29 »I
282 2155 218 29 motionerna
527 2154 108 30 1:428
661 2156 65 29 och
752 2155 46 30 II:
814 2155 74 34 504,
914 2155 46 30 II:
977 2155 62 30 219
1067 2158 89 28 samt
1183 2157 29 29 1:
1228 2156 61 30 281
1318 2158 65 29 och
1408 2158 45 29 11:
1470 2158 62 30 339
1558 2159 105 38 yrkas

177 2207 165 39 slopande
364 2208 193 38 respektive
578 2208 200 29 alternativt
798 2209 149 38 höjning
967 2218 42 20 av
1030 2210 305 39 maximibeloppet
1356 2220 42 20 av
1418 2211 19 28 2
1451 2211 63 30 000
1537 2211 51 29 kr.
1610 2212 55 28 för

178 2259 304 39 förlusttäckning.
514 2260 490 39 Arbetsmarknadsstyrelsen
1035 2261 65 30 har
1129 2262 179 29 hemställt
1338 2272 56 20 om
1426 2263 166 39 slopande
1622 2273 42 20 av

178 2312 277 39 begränsningen
481 2322 42 20 av
547 2313 156 38 bidraget
728 2313 51 29 till
811 2314 13 28 2
839 2313 62 29 000
928 2314 51 28 kr.
1006 2314 65 29 och
1095 2323 57 20 om
1177 2314 277 40 bemyndigande
1480 2318 51 28 att
1557 2317 106 38 pröva

175 2365 319 39 bidragsbeloppets
516 2366 128 29 storlek
667 2366 78 29 från
768 2366 59 29 fall
851 2367 50 29 till
924 2366 71 30 fall.
1018 2367 175 30 Utskottet
1215 2368 202 39 tillstyrker,
1439 2370 50 28 att
1510 2369 154 39 bidrags-

176 2418 276 39 begränsningen
471 2419 114 38 slopas
601 2419 64 29 och
682 2421 50 27 att
748 2419 482 40 arhbetsmarknadsstyrelsen
1248 2419 225 41 bemyndigas
1490 2424 50 27 att
1557 2422 106 39 pröva

176 2471 318 39 bidragsbeloppets
510 2472 130 29 storlek
656 2472 78 29 från
751 2472 60 30 fall
826 2472 51 29 till
895 2472 70 30 fall.
