1898 2794
277 167 17 31 2
658 173 437 32 Konstitutionsutskottets
1122 174 177 32 utlåtande
1325 175 49 31 Nr
1390 177 28 29 4.

284 266 57 20 om
365 257 440 35 suppleantinstitutionens
828 258 184 30 införande
1035 259 9 29 i
1069 262 45 27 ett
1138 259 106 30 delvis
1268 263 107 26 annat
1399 260 83 35 läge.
1529 260 80 30 Som
1632 269 41 21 en
1698 260 86 37 följd

284 317 43 19 av
354 308 146 30 beslutet
528 318 56 19 om
614 318 41 20 en
683 309 141 35 förhöjd
855 308 239 31 valrättsålder
1123 310 51 29 till
1201 310 41 30 de
1269 310 273 37 korporationer,
1573 320 73 20 som
1675 312 108 29 skulle

285 360 73 26 utse
379 357 108 30 första
510 357 219 31 kammarens
752 358 197 35 ledamöter,
972 359 198 30 överfördes
1193 360 171 35 nämligen
1388 360 168 30 valrätten
1579 360 77 30 från
1679 361 106 30 stads-

286 407 216 36 fullmäktige
518 408 9 28 i
544 408 40 29 de
600 409 106 29 större
722 409 122 34 städer,
862 418 74 20 som
954 409 74 30 icke
1043 409 136 36 deltogo
1195 410 9 29 i
1221 410 181 36 landsting,
1421 410 50 29 till
1488 410 138 30 särskilt
1642 412 142 29 utsedda

285 457 180 35 elektorer;
485 458 56 29 vid
559 459 54 29 val
631 468 42 20 av
690 459 99 29 dessa
806 459 109 29 skulle
932 459 130 36 jämväl
1080 462 91 27 utses
1190 460 221 35 suppleanter
1429 460 55 29 för
1502 460 87 30 dem.
1624 460 73 31 Den
1714 470 70 20 om-

286 507 248 36 ständigheten,
557 511 47 27 att
625 509 313 35 stadsfullmäktige
959 508 100 31 alltså
1079 509 87 30 efter
1186 510 41 29 de
1248 509 37 31 år
1309 511 80 28 1921
1413 510 226 36 genomförda
1661 511 124 36 grund-

287 558 307 35 lagsändringarna
617 559 73 29 icke
713 559 116 36 längre
852 559 9 29 i
884 558 104 37 något
1011 559 61 30 fall
1095 569 61 21 var
1179 560 282 35 valkorporation
1485 560 50 30 till
1559 560 107 31 första
1691 561 94 29 kam-

286 618 127 26 maren,
435 609 163 30 anfördes
618 609 104 31 också
744 619 41 20 av
807 610 412 30 konstitutionsutskottet
1239 611 56 29 vid
1317 611 93 34 1928,
1434 611 82 31 1930
1538 611 65 29 och
1627 612 80 29 1932
1730 611 55 30 års

285 659 180 37 riksdagar
487 677 45 3 —
556 659 9 30 i
589 660 76 30 dess
689 669 41 20 av
756 660 182 36 riksdagen
962 661 186 36 godkända
1172 660 201 31 utlåtanden
1400 661 9 29 i
1435 662 117 29 ämnet
1573 677 44 4 —
1641 671 74 20 som
1739 665 42 26 ett

283 719 43 20 av
347 710 119 29 skälen
487 710 53 29 för
558 713 47 28 att
625 710 42 30 då
687 711 162 37 avstyrka
871 711 124 30 väckta
1016 711 127 36 förslag
1163 720 56 20 om
1239 711 183 30 införande
1444 721 41 20 av
1505 712 276 35 suppleantinsti-

286 760 153 29 tutionen
463 760 55 30 för
542 761 40 29 de
604 760 224 30 kommunala
853 761 521 36 fullmäktigeförsamlingarna.

331 810 55 30 Ett
410 811 181 30 förändrat
614 812 73 34 läge
711 811 64 30 har
797 811 188 30 emellertid
1009 810 72 31 åter
1104 812 119 29 inträtt
1249 812 9 29 i
1283 812 65 29 och
1372 812 79 30 med
1474 812 41 30 de
1537 812 57 30 vid
1622 813 80 29 1937
1730 812 55 31 års

288 860 138 36 riksdag
450 860 226 36 genomförda
701 861 432 36 grundlagsändringarna.
1181 861 209 36 Härigenom
1416 862 73 35 har,
1516 861 174 37 samtidigt
1715 872 72 20 som

288 919 41 20 en
347 910 149 36 enhetlig
514 910 254 30 rösträttsålder
785 911 133 35 införts,
938 912 167 29 valrätten
1124 911 49 30 till
1192 912 109 30 första
1319 911 203 30 kammaren
1541 912 70 30 helt
1629 911 159 31 återförts

288 961 49 29 till
364 961 302 30 kommunallivets
691 961 124 35 grund;
843 961 388 31 elektorsinstitutionen
1255 962 64 29 har
1344 962 205 35 avskaffats,
1576 962 64 30 och
1667 962 120 30 första-

288 1011 261 29 kammarvalen
573 1011 97 30 skola
692 1010 74 31 åter
790 1011 162 30 förrättas
977 1021 42 20 av
1044 1011 216 36 landstingen
1285 1012 65 30 och
1375 1012 314 36 stadsfullmäktige
1715 1013 8 29 i
1749 1013 39 29 de

288 1062 123 35 städer,
432 1071 75 20 som
526 1062 75 30 icke
620 1062 136 35 deltaga
774 1062 10 29 i
803 1062 183 36 landsting.
1018 1062 13 30 I
1051 1063 42 29 de
1111 1071 42 21 av
1171 1062 100 30 dessa
1288 1062 124 35 städer,
1432 1062 93 31 vilka
1544 1062 139 31 tillhöra
1702 1071 86 21 sam-

289 1120 56 21 ma
369 1112 150 29 valkrets
543 1121 74 20 som
641 1111 344 36 landstingsområde,
1011 1112 97 30 skola
1132 1112 314 36 stadsfullmäktige
1469 1112 108 30 bland
1601 1112 74 31 sina
1700 1113 88 30 leda-

290 1162 108 29 möter
415 1161 133 36 utvälja
566 1162 87 35 dem,
674 1171 74 21 som
768 1162 95 30 skola
881 1162 135 36 deltaga
1035 1163 9 29 i
1064 1162 393 36 riksdagsmannavalet;
1479 1162 311 36 stadsfullmäktige

290 1212 97 29 skola
407 1212 124 30 härvid
551 1212 93 30 inom
666 1212 50 36 sig
735 1212 129 36 jämväl
897 1215 74 27 utse
993 1212 220 35 suppleanter
1234 1212 55 29 för
1318 1212 109 30 dessa.
1469 1212 13 29 I
1505 1212 200 30 Stockholm
1725 1213 64 29 och

290 1262 179 36 Göteborg,
494 1272 74 20 som
602 1272 61 20 var
685 1262 55 30 för
764 1262 48 36 sig
843 1262 122 35 utgöra
988 1271 42 20 en
1054 1262 150 29 valkrets
1239 1262 57 29 vid
1319 1261 338 36 förstakammarval,
1694 1262 96 30 skola

290 1312 313 36 stadsfullmäktige
628 1312 156 30 däremot
808 1312 213 30 omedelbart
1046 1314 74 27 utse
1144 1312 110 30 första
1279 1312 222 30 kammarens
1526 1312 197 30 ledamöter.

331 1363 13 29 I
369 1363 201 30 Stockholm
595 1363 65 30 och
684 1362 170 36 Göteborg
876 1362 115 30 finnes
1015 1361 100 31 alltså
1138 1362 51 30 till
1213 1362 150 30 skillnad
1387 1362 80 30 från
1492 1363 67 29 vad
1583 1372 74 20 som
1682 1363 105 35 gäller

288 1414 8 29 i
322 1414 117 35 övriga
462 1414 191 29 valkretsar
675 1413 76 30 icke
774 1412 180 36 möjlighet
977 1416 49 26 att
1049 1412 57 30 vid
1129 1412 182 30 förhinder
1335 1412 55 30 för
1415 1413 140 30 valman
1581 1416 47 27 att
1653 1414 133 34 deltaga

288 1464 8 29 i
333 1464 363 30 förstakammarvalet
731 1463 130 30 inkalla
896 1462 114 37 någon
1046 1463 193 36 suppleant.
1298 1463 135 36 Frågan
1458 1473 58 20 om
1540 1464 183 29 införande
1747 1473 40 20 av

289 1514 539 36 stadsfullmäktigesuppleanter
852 1514 64 30 har
940 1513 121 31 därför
1086 1513 56 31 för
1165 1514 101 30 dessa
1290 1513 91 31 båda
1406 1514 132 30 städers
1564 1514 53 30 del
1643 1514 146 29 kommit

287 1565 10 29 i
320 1567 46 28 ett
387 1565 166 30 liknande
574 1565 74 35 läge
670 1574 75 20 som
767 1564 74 30 före
864 1565 66 29 den
956 1563 39 31 år
1020 1565 79 29 1921
1125 1564 228 36 genomförda
1377 1564 410 36 författningsreformen.

290 1615 78 30 Med
392 1616 137 35 hänsyn
554 1615 51 30 till
630 1615 42 30 de
696 1614 229 31 förevarande
951 1615 117 29 valens
1094 1614 236 36 rikspolitiska
1356 1615 176 35 betydelse
1559 1615 63 29 bör
1648 1618 46 27 ett
1720 1614 68 30 för-

289 1666 123 29 hinder
435 1665 55 30 för
514 1674 41 21 en
578 1665 294 36 stadsfullmäktig
894 1668 50 27 att
965 1665 135 35 deltaga
1122 1665 11 30 i
1155 1665 99 35 valet,
1282 1664 114 31 såsom
1421 1664 79 31 svår
1523 1665 163 35 sjukdom
1710 1665 80 30 eller

289 1716 120 36 dylikt,
430 1716 76 30 icke
525 1715 37 31 få
580 1716 120 30 kunna
718 1716 104 29 utöva
842 1715 195 36 inflytande
1058 1715 44 36 på
1122 1715 239 36 valutgången.
1401 1715 173 30 Utskottet
1594 1725 100 20 anser
1714 1716 74 29 där-

290 1767 55 29 för
364 1766 11 30 i
394 1766 108 30 likhet
523 1766 78 30 med
621 1766 257 30 motionärerna
897 1768 50 28 att
970 1766 86 29 även
1077 1765 10 30 i
1109 1765 200 31 Stockholm
1330 1766 66 29 och
1417 1765 170 36 Göteborg
1608 1766 181 35 suppleant

290 1817 64 29 bör
375 1816 116 31 finnas
513 1819 49 28 att
581 1816 95 36 tillgå
695 1816 56 30 för
771 1816 477 36 stadsfullmäktigeledamot,
1271 1825 74 21 som
1367 1817 38 29 är
1428 1816 207 30 förhindrad
1657 1816 133 34 deltaga

291 1867 10 29 i
327 1866 339 31 förstakammarval.

336 1917 52 30 En
405 1918 161 29 närmare
585 1917 183 36 utredning
785 1917 10 30 i
812 1918 116 29 ämnet
945 1925 124 28 genom
1088 1917 121 36 Kungl.
1230 1916 118 36 Maj:ts
1367 1917 135 36 försorg
1522 1926 100 27 synes
1641 1917 149 29 emeller-

295 1967 48 30 tid
368 1977 82 21 vara
473 1968 203 35 erforderlig
698 1966 95 31 såväl
816 1968 79 29 med
917 1968 137 36 hänsyn
1079 1967 51 30 till
1152 1966 134 37 frågan,
1313 1967 92 30 vilka
1429 1967 364 36 författningsändrin-

295 2026 61 27 gar
378 2027 74 20 som
477 2018 61 29 äro
560 2017 191 36 behövliga,
774 2027 76 20 som
875 2017 50 30 till
950 2016 123 37 frågan
1097 2027 56 20 om
1176 2017 68 30 den
1267 2017 179 36 praktiska
1469 2017 260 36 utformningen
1754 2026 40 20 av

292 2070 47 27 ett
358 2067 130 36 förslag
507 2067 11 29 i
540 2068 125 29 ämnet.
704 2067 170 30 Utskottet
894 2076 102 21 anser
1015 2067 50 36 sig
1086 2067 120 30 därför
1225 2067 10 29 i
1254 2067 115 30 denna
1389 2067 54 30 del
1463 2068 121 29 kunna
1603 2067 188 30 inskränka

292 2118 51 35 sig
362 2118 51 30 till
432 2120 49 27 att
501 2117 188 31 framhålla
709 2117 164 36 följande.
915 2117 67 30 Om
1001 2127 83 20 man
1104 2117 46 36 på
1169 2118 67 29 sätt
1261 2117 4 30 i
1286 2117 218 31 motionerna
1524 2117 193 36 föreslagits
1738 2117 54 30 be-

293 2169 144 35 gränsar
461 2168 442 35 suppleantinstitutionens
928 2168 224 36 användning
1176 2168 51 30 till
1254 2168 383 34 förstakammarvalen,
1665 2168 129 29 förlora

294 2219 42 29 de
357 2218 217 36 principiella
595 2218 201 36 erinringar,
819 2228 74 20 som
919 2218 82 30 åren
1027 2219 93 34 1928,
1146 2219 83 29 1930
1252 2219 66 29 och
1343 2219 82 29 1932
1449 2218 152 30 riktades
1624 2222 71 26 mot
1718 2219 75 29 dess

296 2268 183 31 införande
504 2269 54 29 för
583 2268 270 32 kommunernas
880 2269 203 30 beslutande
1109 2276 117 29 organ,
1252 2268 53 31 sin
1333 2269 163 36 giltighet.
1546 2268 249 30 Förutsättnin-

296 2328 107 28 garna
425 2320 64 30 och
512 2320 99 30 sättet
630 2320 54 29 för
701 2320 200 36 suppleants
920 2319 200 30 inkallande
1139 2320 57 30 vid
1219 2319 328 30 förstakammarval
1568 2320 7 29 i
1597 2318 197 31 Stockholm

297 2371 64 29 och
386 2370 170 37 Göteborg
581 2379 101 29 synas
706 2371 85 30 böra
816 2379 81 21 vara
923 2371 178 29 desamma
1127 2380 74 20 som
1224 2369 221 31 beträffande
1471 2369 325 36 stadsfullmäktige-

298 2422 192 35 suppleant,
509 2421 114 30 vilken
640 2424 120 27 utsetts
779 2421 49 30 till
845 2421 139 30 valman
1002 2421 54 30 för
1075 2420 85 36 stad,
1178 2421 208 30 tillhörande
1404 2429 134 22 samma
1556 2421 148 29 valkrets
1723 2430 72 20 som

298 2470 345 39 landstingsområde.
