1918 2804
556 139 294 36 Statsutskottets
882 137 188 32 utlåtande
1100 136 54 32 Nr
1178 136 50 29 50.
1553 131 40 32 31

535 227 98 24 avses
655 218 12 30 i
690 217 18 38 $
732 216 39 32 56
796 212 491 39 fortsättningsskolestadgan,
1311 212 135 30 skolans
1466 210 88 32 båda
1569 210 69 30 års-

534 272 120 32 kurser
688 270 58 30 må
779 269 118 31 kunna
932 267 172 36 förläggas
1138 265 55 32 till
1227 264 56 32 det
1316 264 101 36 läsår,
1441 273 72 22 som
1537 262 102 37 följer

539 322 209 32 omedelbart
781 321 86 31 efter
906 320 146 31 barnens
1085 319 138 36 avgång
1257 317 80 31 från
1371 316 65 32 den
1469 314 170 38 egentliga

535 374 201 35 folkskolan.

177 483 199 32 Stockholm
401 481 64 32 den
490 481 41 31 18
555 489 91 22 mars
670 478 94 32 1927.

638 575 50 31 På
710 573 266 32 statsutskottets
999 574 147 34 vägnar:

657 670 34 31 S.
715 669 44 31 H.
783 666 341 34 KVARNZELIUS.

174 1029 196 25 Närvarande:
390 1036 28 16 se
437 1027 91 25 under
547 1026 159 25 utlåtandet
725 1033 35 17 nr
779 1027 40 23 42.

741 1427 319 41 Reservation

181 1538 44 20 av
248 1527 80 31 herr
351 1526 44 32 K.
419 1526 43 31 4.
491 1525 53 32 W.
568 1525 142 37 Björck.

1464 1764 136 36 Bilaga.

531 1854 95 31 Till
650 1853 279 36 riksdagens
952 1851 317 31 statsutskott.

184 1942 130 31 Genom
347 1941 123 36 nådigt
503 1941 112 30 beslut
649 1940 65 31 den
748 1941 18 29 4
802 1939 153 31 februari
991 1939 83 30 1927
1109 1938 63 30 har
1200 1937 129 36 Kungl.
1355 1936 100 36 Maj:t
1478 1935 168 31 anbefallt

140 1985 325 37 skolöverstyrelsen
498 1985 52 30 att
582 1984 57 30 till
672 1984 165 30 utskottet
860 1983 128 35 avgiva
1011 1982 121 36 begärt
1154 1980 160 37 yttrande
1337 1980 104 30 bland
1464 1981 109 28 annat
1594 1980 52 29 rö-

141 2029 105 31 rande
277 2039 44 20 av
353 2028 81 31 herr
465 2027 33 32 8.
528 2027 43 31 H.
596 2027 232 31 Kvarnzelius
852 2026 12 30 i
887 2026 108 30 första
1017 2025 202 30 kammaren
1242 2025 89 30 samt
1353 2023 77 30 herr
1453 2022 80 31 Ivar
1557 2022 90 36 Eng-

141 2073 85 31 lund
249 2073 12 30 i
284 2072 109 31 andra
415 2071 202 31 kammaren
641 2071 125 30 väckta
788 2070 62 31 och
867 2069 56 31 till
939 2069 164 31 utskottet
1119 2067 188 31 hänvisade
1323 2067 176 35 motioner,
1517 2065 130 36 respek-

140 2117 73 31 tive
236 2126 42 21 nr
301 2117 41 30 27
366 2115 63 31 och
452 2116 51 34 41,
525 2114 176 37 angående
723 2113 190 32 beredande
936 2123 45 20 av
1003 2112 181 36 möjlighet
1200 2113 52 29 att
1268 2111 154 36 förlägga
1438 2110 209 36 repetitions-

141 2160 112 31 skolas
277 2159 87 32 båda
387 2159 180 30 årskurser
589 2158 55 31 till
668 2159 48 30 ett
739 2158 61 30 och
823 2166 133 22 samma
979 2157 100 30 läsår.

184 2203 331 37 Skolöverstyrelsen
538 2202 56 30 får
616 2202 13 30 i
652 2201 187 36 anledning
862 2201 110 30 härav
994 2200 120 31 anföra
1138 2199 162 36 följande.

184 2247 121 37 Enligt
328 2257 45 21 av
397 2247 85 30 1918
505 2247 56 29 års
583 2246 146 35 lagtima
752 2245 139 36 riksdag
915 2243 193 31 fastställda
1131 2242 257 36 huvudsakliga
1411 2240 151 38 grunder
1584 2240 62 30 och

141 2291 254 31 bestämmelser
429 2289 211 32 beträffande
674 2288 357 36 fortsättningsskolor
1065 2287 88 31 skall
1187 2286 160 36 lärjunge
1382 2286 12 30 i
1425 2284 221 36 ersättnings-

142 2335 95 31 skola
259 2333 307 38 (repetitionsskola
589 2333 83 30 eller
697 2332 136 31 mindre
849 2331 349 36 fortsättningsskola)
1215 2340 83 20 vara
1315 2328 230 32 underkastad
1561 2327 87 30 skol-

141 2378 89 36 plikt
252 2378 110 36 enligt
384 2386 134 22 samma
539 2376 160 36 grunder,
723 2386 72 20 som
819 2376 92 35 gälla
934 2374 54 31 för
1010 2374 160 36 lärjunge
1193 2374 12 29 i
1227 2373 149 36 egentlig
1392 2371 255 35 fortsättnings-

142 2422 105 35 skola,
283 2421 124 31 d.v.s.
443 2420 127 31 kursen
604 2419 88 31 skall
727 2419 145 31 omfatta
896 2418 232 35 sammanlagt
1150 2417 108 30 minst
1281 2416 63 31 360
1369 2414 279 35 undervisnings-

142 2466 152 35 timmar,
329 2463 159 37 förlagda
521 2464 95 30 utom
650 2463 211 31 folkskolans
885 2461 172 32 ordinarie
1079 2459 318 37 undervisningstid
1420 2458 61 32 och
1504 2457 145 32 fördelas
