2220 2628
388 179 36 29 12
845 185 368 30 Konstitutionsutskottets
1238 188 149 28 utlåtande
1410 188 47 28 Nr
1479 189 50 27 20.

384 260 46 45 på
456 259 176 47 lämpliga
659 271 187 35 personer,
874 261 277 36 hemmastadda
1177 264 12 34 i
1208 263 141 48 husligt
1367 264 135 43 arbete,
1522 266 105 35 torde
1642 267 79 35 icke
1740 268 140 36 saknas.
1918 269 70 37 Om

383 308 135 35 sådana
545 321 176 34 personer
747 323 101 23 mera
875 311 152 36 allmänt
1053 313 100 47 finge
1182 314 94 47 plats
1305 315 11 34 i
1344 315 206 42 skolråden,
1579 317 118 35 skulle
1717 317 103 36 detta
1838 320 150 36 säkerli-

382 370 71 34 gen
493 357 100 37 bliva
618 359 57 35 till
703 366 108 42 nytta
838 360 58 36 för
922 362 195 36 flickornas
1146 364 268 46 undervisning
1440 366 79 35 icke
1547 366 95 36 blott
1668 367 12 35 i
1707 366 282 51 fortsättnings-

382 408 127 35 skolan
537 414 88 30 utan
653 411 109 34 också
789 411 12 34 i
829 410 218 38 folkskolan.
1086 413 83 35 Men
1199 421 90 28 även
1317 415 12 34 i
1358 415 103 47 fråga
1488 428 60 23 om
1576 417 121 35 städer
1721 419 69 35 och
1810 419 178 36 industri-

382 457 202 37 samhällen
612 460 66 34 har
705 459 256 38 erfarenheten
989 464 104 41 visat,
1122 469 54 29 att
1204 477 82 22 man
1316 472 40 27 är
1384 467 203 46 angelägen
1616 472 53 30 att
1696 469 12 34 i
1728 469 186 36 skolrådet
1932 472 56 34 in-

381 512 93 31 sätta
501 516 295 40 representanter
824 510 58 36 för
909 513 96 34 olika
1033 513 174 36 områden
1235 515 101 34 inom
1366 515 60 35 det
1455 518 185 45 praktiska
1667 519 101 41 livet,
1789 519 122 36 varför
1925 521 62 35 det

382 559 145 42 mycket
566 560 58 35 väl
664 561 70 34 kan
774 562 141 44 tänkas,
956 568 52 30 att
1050 577 83 22 man
1161 572 92 27 även
1280 566 11 33 i
1321 565 123 49 dylika
1471 567 201 36 samhällen
1700 569 72 35 kan
1800 570 97 35 finna
1926 571 61 35 det

381 607 239 50 fördelaktigt
648 616 53 30 att
728 612 76 35 låta
827 613 183 35 skolrådet
1029 613 38 35 få
1086 614 97 35 hand
1202 621 92 29 även
1313 628 59 23 om
1392 615 411 50 fortsättningsskolans
1823 616 161 57 ledning.

480 659 110 36 Detta
627 662 178 36 utesluter
842 662 103 44 dock,
975 665 116 46 enligt
1119 666 83 33 mitt
1228 664 252 44 förmenande,
1510 668 90 43 icke,
1630 674 52 30 att
1709 670 276 37 skoldistrikten

379 708 89 36 böra
504 709 38 36 få
568 710 114 36 frihet
709 717 54 30 att
791 713 154 35 tillsätta
972 727 45 21 en
1046 715 154 35 särskild
1228 714 534 54 fortsättningsskolestyrelse,
1792 720 65 36 där
1884 721 102 36 detta

379 771 106 24 anses
524 773 85 23 vara
636 762 57 35 till
721 761 119 36 fördel
868 763 58 35 för
953 765 264 35 skolväsendet.
1272 766 129 36 Denna
1428 767 162 49 ordning
1617 770 69 34 kan
1715 771 168 48 tydligen
1912 771 73 36 för-

378 815 125 30 väntas
543 811 12 34 i
595 812 201 35 allmänhet
824 814 144 35 komma
995 816 57 33 till
1081 815 104 35 stånd
1213 817 12 33 i
1254 821 116 31 större
1398 818 122 35 städer
1547 819 66 35 och
1642 820 115 35 andra
1784 822 201 36 samhällen

378 859 84 36 med
489 865 53 31 ett
571 874 98 22 mera
695 862 231 37 omfattande
953 865 201 35 skolväsen.
1196 865 51 35 På
1275 866 125 47 dylika
1428 868 129 35 ställen
1587 870 145 35 komma
1760 872 58 34 väl
1846 873 11 33 i
1885 875 98 43 regel

378 914 53 30 att
471 911 119 36 finnas
631 911 386 50 fortsättningsskolor
1057 928 44 22 av
1140 916 87 35 flera
1264 917 98 35 olika
1397 923 118 42 typer,
1544 920 123 35 varför
1694 920 62 35 det
1784 922 108 34 också
1919 922 65 35 där

380 963 153 45 uppstår
560 967 52 30 ett
638 964 148 34 särskilt
814 964 117 35 behov
958 970 53 30 att
1035 966 12 33 i
1067 965 545 51 fortsättningsskolestyrelsen
1631 969 38 37 få
1688 977 296 41 representanter

379 1009 56 36 för
470 1011 88 35 flera
594 1013 96 35 olika
717 1014 129 47 yrken,
875 1015 112 35 vilket
1014 1017 183 34 sannolikt
1227 1017 238 45 underlättas,
1495 1031 60 23 om
1585 1033 82 23 man
1696 1020 57 36 får
1781 1023 97 46 välja
1905 1036 77 35 per-

377 1072 107 24 soner
512 1063 232 35 uteslutande
772 1064 84 35 med
884 1065 141 48 hänsyn
1054 1067 56 34 till
1139 1065 403 50 fortsättningsskolan.

478 1111 73 35 Där
590 1112 392 50 fortsättningsskolan
1023 1117 164 35 kommer
1227 1123 53 30 att
1316 1118 142 36 fördela
1498 1122 58 45 sig
1593 1125 44 43 på
1665 1127 52 30 ett
1746 1125 234 46 synnerligen

377 1167 93 29 stort
506 1164 99 34 antal
634 1169 118 43 typer,
781 1165 105 35 torde
914 1165 62 36 det
1004 1166 99 36 bliva
1129 1170 99 32 svårt
1255 1174 54 29 att
1337 1170 11 33 i
1377 1182 44 22 en
1450 1170 95 35 enda
1572 1173 153 46 styrelse
1754 1174 37 33 få
1818 1175 163 34 tillräck-

375 1211 70 47 ligt
484 1213 99 35 antal
623 1219 299 42 representanter
962 1215 58 36 för
1060 1216 44 35 de
1144 1218 98 34 olika
1268 1219 148 46 yrkena.
1471 1219 55 36 Då
1554 1220 60 36 det
1642 1220 95 38 dock
1767 1223 118 35 under
1912 1225 69 35 alla

376 1262 314 48 omständigheter
718 1264 84 35 med
829 1265 142 48 hänsyn
999 1267 58 35 till
1086 1268 228 47 enhetlighet
1341 1269 67 35 och
1436 1272 336 48 sammanhållning
1800 1275 10 33 i
1839 1274 142 36 lednin-

374 1324 71 33 gen
487 1312 71 35 blir
598 1313 239 49 nödvändigt,
879 1321 55 30 att
975 1318 169 47 samtliga
1172 1317 389 50 fortsättningsskolor
1588 1325 54 31 stå
1670 1323 118 35 under
1815 1337 44 22 en
1888 1325 93 35 enda

374 1374 208 35 gemensam
611 1366 166 46 styrelse,
807 1378 108 36 synes
943 1366 61 36 det
1031 1369 78 46 mig
1135 1381 85 22 vara
1247 1374 53 30 ett
1327 1370 155 48 lyckligt
1509 1384 115 35 grepp
1653 1379 52 29 att
1724 1374 119 35 under
1862 1374 119 36 denna

374 1413 152 47 styrelse
566 1415 106 34 ställa
712 1417 313 47 specialstyrelser
1053 1417 57 36 för
1137 1419 96 34 olika
1260 1425 109 42 typer
1395 1433 44 22 av
1467 1422 133 35 skolor.
1654 1421 226 50 Därigenom
1908 1426 72 35 blir

374 1461 62 36 det
466 1463 44 46 ju
550 1465 108 34 också
685 1464 147 37 tillfälle
860 1472 54 29 att
942 1472 85 42 taga
1054 1469 12 33 i
1094 1467 93 36 bruk
1215 1468 86 36 flera
1333 1469 55 36 för
1416 1471 126 35 skolan
1571 1473 244 36 intresserade
1843 1475 136 35 krafter

375 1512 83 35 med
486 1514 157 35 särskild
670 1515 234 48 sakkunskap
932 1530 63 22 var
1023 1520 46 44 på
1096 1519 63 34 sitt
1187 1519 159 35 område.

473 1563 70 34 För
582 1564 338 37 vidmakthållande
960 1579 43 22 av
1044 1567 215 36 sambandet
1296 1571 135 34 mellan
1460 1570 224 38 folkskolans
1713 1574 68 35 och
1810 1574 168 37 fortsätt-

372 1613 258 47 ningsskolans
657 1614 153 48 ledning
837 1622 92 29 även
957 1616 65 36 där
1050 1630 45 22 en
1118 1619 154 34 särskild
1293 1618 522 54 fortsättningsskolestyrelse
1835 1626 143 36 komme

372 1667 55 30 att
466 1663 130 43 finnas,
638 1664 65 35 har
735 1666 219 35 kommittén
982 1666 201 49 föreslagit,
1212 1674 53 30 att
1293 1670 157 43 skolråd,
1480 1673 205 46 respektive
1714 1673 263 52 folkskolesty-

372 1714 103 44 relse,
502 1714 117 35 skulle
646 1722 68 40 äga
743 1721 81 29 utse
852 1716 62 35 det
941 1718 99 34 antal
1067 1718 202 36 ledamöter
1291 1721 11 33 i
1323 1719 555 54 fortsättningsskolestyrelsen,
1899 1739 77 23 som

371 1775 86 23 vore
489 1770 162 29 närmast
678 1771 85 29 över
791 1765 152 36 hälften.
998 1767 176 37 Häremot
1203 1769 65 35 har
1292 1770 65 48 jag
1385 1771 77 35 icke
1489 1775 113 45 något
1629 1779 52 29 att
1708 1775 170 36 invända.
1933 1777 40 47 Ej

372 1813 115 35 heller
514 1820 80 29 mot
621 1814 69 36 den
719 1816 269 48 anordningen,
1018 1823 54 30 att
1099 1820 11 33 i
1139 1819 242 44 skoldistrikt,
1410 1821 65 35 där
1503 1823 254 37 skolväsendet
1784 1825 105 49 lyder
1909 1840 67 22 un-

371 1862 64 36 der
472 1864 310 48 kyrkostämman,
825 1866 120 36 denna
985 1868 119 35 skulle
1140 1869 91 35 hava
1259 1875 53 30 att
1339 1872 97 46 välja
1462 1872 45 35 de
1535 1875 125 46 övriga
1686 1875 247 37 ledamöterna
1964 1879 11 33 i

371 1912 409 50 fortsättningsskolans
817 1918 179 35 särskilda
1023 1920 164 46 styrelse.
1244 1920 172 36 Däremot
1445 1922 70 35 kan
1539 1924 66 47 jag
1632 1925 78 35 icke
1737 1927 200 35 instämma
1963 1930 12 32 i

370 1964 238 35 kommitténs
636 1964 149 49 förslag,
815 1972 52 29 att
894 1969 12 32 i
934 1968 92 43 stad,
1056 1969 67 35 där
1149 1970 257 36 skolväsendet
1432 1972 106 48 lyder
1563 1974 116 36 under
1698 1975 276 37 stadsfullmäk-

369 2014 86 47 tige,
494 2015 98 35 valet
618 2028 44 22 av
688 2015 44 35 de
760 2016 213 45 ledamöter,
1003 2031 77 22 som
1108 2021 78 34 icke
1214 2020 104 36 bleve
1348 2022 154 35 utsedda
1530 2037 43 21 av
1600 2024 373 51 folkskolestyrelsen,

369 2064 117 35 skulle
527 2066 61 34 ske
628 2065 116 36 delvis
785 2080 43 22 av
870 2067 336 51 stadsfullmäktige
1234 2071 68 35 och
1331 2071 113 36 delvis
1473 2086 43 22 av
1544 2075 308 48 kyrkostämman.
1906 2078 69 35 Det

369 2126 108 36 synes
514 2116 77 47 mig
631 2117 79 34 icke
738 2117 142 48 nödigt,
909 2124 53 29 att
988 2118 59 36 för
1074 2133 45 21 en
1147 2120 112 36 sådan
1287 2123 165 47 styrelse,
1481 2136 79 23 som
1587 2126 153 46 givetvis
1769 2126 78 36 ofta
1873 2128 101 35 kom-

369 2177 79 22 mer
487 2171 54 29 att
582 2166 102 35 bestå
723 2180 44 22 av
804 2173 52 30 ett
879 2168 271 47 jämförelsevis
1177 2172 81 34 litet
1285 2174 100 34 antal
1413 2173 210 45 ledamöter,
1652 2177 115 34 anlita
1794 2183 56 30 tre
1878 2179 96 35 olika

367 2215 352 48 valkorporationer.
774 2218 135 35 Därtill
950 2220 175 44 kommer,
1167 2226 54 30 att
1249 2222 63 35 det
1338 2222 103 36 bleve
1469 2227 97 32 svårt
1594 2231 52 29 att
1673 2228 11 32 i
1713 2226 260 50 författnings-
