2165 2663
378 202 117 32 Första
519 200 213 31 Kammarens
758 196 176 42 Tillfälliga
961 195 139 32 Utskotts
1123 192 66 41 (Nr
1213 193 33 37 1)
1274 189 169 33 Utlåtande
1468 188 52 32 Nr
1543 189 30 30 4.
1700 186 38 32 13

179 290 47 32 än
260 283 113 37 äfven
408 281 45 36 de
482 278 213 49 kostnader,
725 291 79 24 som
835 276 45 37 de
907 275 128 36 kunna
1063 273 164 47 betinga.
1283 270 57 37 Då
1368 267 126 39 härtill
1521 268 180 47 kommer,
1732 271 52 31 att

179 337 107 37 deras
336 331 292 49 framdragande
679 331 78 37 ofta
806 329 83 37 icke
940 327 106 37 torde
1095 338 89 23 vara
1230 322 151 50 möjligt
1431 326 92 31 utan
1570 325 53 31 att
1677 318 108 37 mark

181 388 273 51 exproprieras,
484 389 98 32 samt
611 381 241 40 anordnande
882 380 40 37 af
947 379 140 37 sådana
1110 378 207 50 järnvägar
1337 375 29 49 ej
1390 373 116 38 heller
1525 385 112 38 synes
1657 372 129 36 kunna

182 448 92 30 utan
309 440 130 37 vidare
467 436 253 38 öfverlämnas
748 435 57 36 till
834 434 72 36 den
933 431 171 38 enskilda
1132 428 357 49 företagsamheten,
1517 426 57 35 får
1600 424 186 36 utskottet

183 492 208 47 hemställa,

718 590 53 31 att
811 582 134 37 Första
984 580 219 37 kammaren
1245 576 57 37 för
1344 576 58 36 sin
1440 574 59 37 del
1527 573 177 47 beslutar,
1735 577 53 31 att

587 637 218 48 Riksdagen
846 636 12 35 i
888 633 199 38 skrifvelse
1116 631 55 36 till
1199 629 140 49 Kungl.
1369 628 107 48 Maj:t
1503 624 193 50 behagade
1724 637 64 22 an-

588 691 111 46 hålla,
729 694 53 31 att
810 686 143 48 Kungl.
984 685 106 49 Maj:t
1117 682 87 37 ville
1231 683 74 35 låta
1333 681 67 36 här
1416 680 113 36 ofvan
1549 672 239 57 omnämnda,

588 744 12 35 i
633 742 131 48 kungl.
793 739 150 38 brefvet
973 737 41 37 af
1039 737 73 36 den
1142 736 46 35 20
1217 732 204 38 november
1452 732 97 36 1908
1580 728 210 38 anbefallda

591 794 203 48 utredning
816 791 143 51 jämväl
988 789 157 37 omfatta
1173 787 45 37 de
1244 787 13 35 i
1284 785 195 37 motionen
1508 782 156 37 afsedda
1686 781 105 49 järn-

590 853 169 42 vägarna
777 844 83 37 med
900 845 57 34 0.6
990 847 137 31 meters
1156 838 176 50 spårvidd
1363 836 69 37 och
1463 835 191 49 möjligast
1682 833 110 36 enkla

593 898 230 47 utrustning.

324 1007 220 37 Stockholm
574 1005 71 36 den
675 1005 20 34 3
725 1015 100 23 mars
857 1001 107 35 1910.

768 1159 51 36 På
846 1155 203 38 utskottets
1076 1159 156 42 vägnar:

776 1264 43 36 G.
850 1257 376 41 LAGERBJELKE.

333 1530 15 36 I
378 1528 173 38 ärendets
580 1524 234 47 behandling
842 1524 68 36 har
937 1522 87 36 herr
1051 1520 185 47 Almgren
1265 1518 31 49 ej
1331 1515 169 50 deltagit.

306 2379 73 33 Bih.
405 2379 49 32 till
478 2377 109 33 Riksd.
613 2376 88 32 Prot.
726 2375 94 31 1910.
868 2374 19 31 9
911 2372 97 33 Saml.
1054 2373 21 30 2
1101 2370 76 41 Afd.
1225 2370 18 30 1
1269 2368 105 32 Bond.
1414 2368 19 30 4
1457 2366 94 41 Häft.
1752 2363 20 31 3
