2220 2646
683 197 334 38 Bevillningsutlskottets
1040 196 158 30 Memorial
1220 196 60 29 N:o
1306 196 52 29 23.
1797 192 21 32 3

324 277 137 37 Herrar
489 279 199 43 Fredholm,
719 279 221 41 Lundström,
974 278 38 35 G.
1041 278 158 42 Jansson,
1231 277 33 35 S.
1295 276 52 35 M.
1384 275 116 37 Olsson
1528 274 68 36 och
1621 275 197 35 Göransson

216 330 111 38 hafva
370 333 130 47 begärt
542 330 35 37 få
618 331 205 36 antecknad
853 330 170 48 följande,
1053 329 42 36 af
1121 331 82 34 dem
1235 329 165 36 uttalade
1434 328 180 36 särskilda
1645 328 169 48 mening:

324 385 98 36 »Mot
463 385 61 36 det
565 386 87 43 slut,
696 385 105 36 hvari
845 385 176 35 utskottet
1055 390 147 29 stannat
1231 383 82 36 med
1344 382 200 48 anledning
1570 381 40 36 af
1636 382 68 36 den
1734 380 83 37 från

218 437 133 38 Andra
381 439 222 36 Kammaren
633 438 315 36 återremitterade
977 437 141 49 frågan,
1150 436 108 37 hafva
1288 438 36 34 vi
1353 437 79 35 icke
1461 435 111 47 något
1601 440 54 31 att
1683 435 133 36 erinra.

324 493 71 36 För
422 505 90 36 egen
540 493 62 35 del
630 492 121 36 tillåta
780 493 36 34 vi
845 504 56 24 oss
929 492 92 35 dock
1052 498 54 28 att
1134 492 59 34 till
1215 490 127 36 Andra
1364 490 222 36 Kammaren
1607 489 209 44 hemställa,

218 552 54 30 att
314 547 213 35 kammaren
567 547 63 35 vid
658 545 184 37 fattandet
870 545 41 35 af
936 546 62 35 sitt
1026 545 124 35 beslut
1179 546 112 34 måtte
1320 550 134 42 antaga
1484 543 162 49 följande
1674 541 144 37 föränd-

217 600 88 36 rade
334 600 138 49 lydelse
500 599 41 37 af
572 602 44 35 14
647 599 18 49 $
696 599 69 48 2:0)
796 598 502 49 bevillningsförordningen:

325 706 93 48 »2:0)
448 707 124 48 hvarje
601 706 56 37 år:

326 760 33 49 a)
389 760 39 36 af
453 762 149 48 styrelse
631 759 104 37 öfver
764 758 549 50 brandförsäkringsinrättning
1342 759 88 34 eller
1449 758 79 35 dess
1549 761 150 45 agenter
1721 756 96 35 eller

219 814 274 36 vederbörande
522 814 373 36 brandstodskomité:

328 867 150 50 uppgift
505 868 155 36 rörande
689 866 350 49 försäkringsvärdet
1067 865 21 36 å
1116 866 43 35 de
1187 866 13 34 i
1230 867 19 35 5
1281 866 23 45 8
1334 865 30 47 5)
1394 862 247 38 omförmälda
1660 864 69 35 hus
1749 862 69 36 och

220 922 232 48 byggnader;
496 922 162 35 börande
700 921 118 36 denna
851 919 160 49 uppgift,
1041 920 152 35 hvilken
1222 919 95 35 skall
1348 918 183 35 meddelas
1560 917 172 36 särskildt
1760 915 59 37 för

220 975 127 48 hvarje
377 974 184 50 fastighet,
590 974 76 37 afse
696 975 172 48 samtliga
897 975 55 34 hit
979 973 163 35 hörande
1172 972 227 50 byggnader,
1432 972 124 34 hvilka
1586 969 126 37 blifvit
1740 975 80 30 mot

221 1029 232 35 brandskada
482 1028 209 37 försäkrade
722 1028 117 36 under
868 1028 69 35 den
966 1027 52 36 tid
1048 1026 38 37 af
1105 1039 138 23 samma
1263 1026 40 35 år
1322 1026 68 35 och
1411 1025 59 36 det
1490 1031 81 29 näst
1591 1023 229 50 föregående,

220 1081 56 37 för
304 1083 148 35 hvilken
483 1083 192 35 enahanda
703 1081 150 49 uppgift
880 1082 80 35 icke
989 1080 100 36 förut
1119 1080 219 44 meddelats;

329 1136 31 48 b)
390 1136 41 36 af
470 1138 151 47 styrelse
656 1135 56 37 för
741 1135 277 49 lifförsäkrings-
1048 1135 92 35 eller
1167 1134 243 35 ränteanstalt
1439 1133 89 35 eller
1557 1133 39 35 af
1623 1133 109 47 agent
1760 1129 60 38 för

221 1190 174 35 utländsk
424 1189 110 37 sådan
563 1191 151 34 anstalt:

328 1242 147 50 uppgift
515 1243 186 49 angående
730 1243 57 35 till
817 1256 44 23 en
890 1242 94 35 hvar
1013 1254 131 35 person
1176 1240 116 36 under
1321 1239 62 36 det
1412 1237 302 50 nästföregående
1743 1236 80 37 året

220 1296 171 37 utbetald
420 1298 166 43 lifränta;

328 1351 27 47 e)
386 1348 41 37 af
451 1350 382 48 statsdepartementet
857 1350 113 47 jemte
998 1348 130 46 hvarje
1157 1345 361 49 embetsmyndighet
1547 1345 91 36 eller
1666 1344 155 35 embets-

221 1404 102 44 verk,
352 1416 86 23 vare
467 1403 54 49 sig
550 1409 147 38 statens,
727 1403 98 36 stads
854 1403 87 35 eller
968 1401 215 48 menighets,
1212 1399 191 36 äfvensom
1433 1400 36 34 af
1497 1398 154 49 styrelse
1675 1396 58 37 för
1753 1398 67 35 all-

221 1461 85 32 män
348 1457 200 49 inrättning
590 1458 92 35 eller
725 1455 163 45 stiftelse,
930 1456 65 35 der
1024 1455 154 35 embets-
1207 1455 92 34 eller
1327 1454 230 47 tjensteman,
1588 1452 234 48 vaktbetjent

222 1511 88 35 eller
339 1524 121 22 annan
489 1524 85 35 eger
602 1511 241 36 utbekomma
872 1509 161 48 aflöning
1063 1509 91 35 eller
1182 1508 167 48 pension:

329 1564 151 49 uppgift
520 1564 186 49 angående
747 1566 94 34 hvar
869 1563 67 36 och
965 1575 44 23 en
1038 1574 130 36 person
1198 1560 56 37 för
1283 1561 61 35 det
1374 1559 155 48 löpande
1558 1558 78 36 året
1658 1559 163 35 tillkom-

222 1618 134 35 mande
384 1618 73 36 fast
485 1619 62 34 lön
576 1619 89 35 eller
693 1618 160 48 pension,
885 1615 185 37 äfvensom
1099 1616 118 35 under
1241 1613 299 48 nästföregående
1560 1612 40 36 år
1620 1613 201 48 uppburna

223 1671 181 36 särskilda
447 1672 136 48 belopp
617 1670 41 37 af
683 1670 476 50 tjenstgöringspenningar,
1189 1668 244 48 dagaflöning,
1461 1666 259 44 traktamente,
1750 1664 72 36 arf-

223 1726 105 43 vode,
372 1725 316 48 uppmuntrings-,
732 1725 78 34 mil-
839 1724 87 35 eller
954 1722 440 47 felräkningspenningar,
1424 1720 188 47 portions-,
1639 1719 183 47 inqvarte-

223 1779 112 48 rings
378 1779 87 35 eller
508 1777 440 47 beklädnadsersättning,
990 1775 186 48 provision
1211 1775 91 35 eller
1330 1773 250 47 gratifikation
1609 1772 69 35 och
1706 1772 116 35 andra

221 1830 279 46 löneförmåner,
529 1832 216 47 hvarjemte,
776 1830 46 36 då
850 1830 82 35 med
960 1827 341 50 tjenstebefattning
1330 1826 108 49 följer
1462 1825 47 36 fri
1539 1826 93 43 kost,
1653 1826 166 45 boställe,

224 1885 130 36 bostad
383 1885 90 36 eller
501 1884 231 49 löningsjord
761 1885 91 35 eller
880 1883 161 35 inkomst
1069 1881 41 36 af
1136 1882 164 48 sportler,
1330 1880 348 49 expeditionslösen,
1707 1879 116 36 bötes-

223 1939 91 35 eller
355 1939 293 47 beslagsandelar
690 1939 90 34 eller
813 1937 116 36 andra
958 1935 212 37 obestämda
1199 1936 90 35 eller
1317 1943 106 27 extra
1452 1934 212 44 inkomster,
1692 1931 131 37 sådant

224 1992 68 35 bör
320 1992 12 34 i
361 1991 194 49 uppgiften
584 1992 174 35 särskildt
786 1991 211 43 antecknas;

330 2044 35 48 d)
395 2045 40 35 af
451 2044 430 50 förmyndarekammare
901 2044 90 35 eller
1010 2042 93 49 gode
1131 2048 84 29 män
1235 2040 58 36 för
1312 2041 127 47 tillsyn
1460 2039 20 36 å
1500 2038 322 50 förmynderskap:

333 2098 148 48 uppgift
509 2097 186 49 angående
724 2096 277 48 sammanlagda
1031 2096 176 46 beloppet
1235 2093 41 36 af
1299 2094 124 47 hvarje
1448 2092 196 49 omyndigs
1663 2092 161 35 inkomst

225 2150 40 36 af
305 2151 141 48 kapital
479 2149 55 37 för
562 2150 301 49 nästföregående
891 2149 51 44 år,
972 2148 57 36 för
1057 2147 38 37 så
1123 2149 81 35 vidt
1231 2147 69 36 den
1332 2146 155 48 uppgått
1514 2146 62 35 till
1606 2145 110 35 minst
1746 2146 76 36 500

224 2205 152 45 kronor;

332 2258 29 48 e)
387 2258 38 35 af
453 2262 109 43 agent
590 2256 58 36 för
678 2256 191 36 utländskt
896 2254 353 49 försäkringsbolag:
