2208 2630
750 176 253 32 Statsutskottets
1027 177 163 31 memorial
1214 178 51 30 Nr
1288 182 50 27 26.
1796 180 9 27 1

970 574 58 40 Nr
1054 572 65 42 26.

686 728 115 29 Ankom
826 727 40 29 till
890 727 170 37 riksdagens
1084 727 93 29 kansli
1200 727 55 29 den
1282 729 36 26 12
1343 736 79 19 mars
1447 727 80 28 1918
1552 726 37 28 kl.
1615 728 17 26 3
1656 736 25 18 e.
1707 736 36 18 m.

440 871 198 43 Memorial,
679 872 13 33 i
732 871 186 44 anledning
958 882 42 23 av
1041 871 206 34 kamrarnas
1274 870 199 44 skiljaktiga
1501 869 108 35 beslut
1637 869 215 43 beträffande

645 930 131 44 Kungl.
818 930 128 42 Maj:ts
985 929 111 34 under
1122 928 125 43 sjunde
1273 928 217 34 huvudtiteln
1517 939 43 22 av
1586 928 265 43 statsverkspro-

642 989 194 44 positionen
870 987 65 43 för
974 988 40 33 år
1052 989 100 32 1919
1192 986 60 35 och
1277 987 256 43 propositionen
1560 997 54 23 om
1643 986 209 44 tilläggsstat

637 1047 66 44 för
729 1047 40 34 år
795 1047 99 34 1918
917 1045 126 45 gjorda
1065 1044 316 45 framställningar
1407 1056 54 23 om
1474 1043 173 45 förhöjda
1665 1044 187 35 understöd

643 1107 54 35 till
739 1107 183 43 Göteborgs
962 1105 281 34 handelsinstitut
1278 1104 60 34 och
1375 1103 212 35 Stockholms
1614 1102 236 45 handelsgym-

643 1167 147 34 nasium.

1602 1208 72 48 (3:e
1704 1209 97 44 avd.)

343 1365 309 45 Statsutskottet,
682 1378 81 22 som
792 1364 149 36 erhållit
969 1363 60 37 del
1060 1377 46 22 av
1134 1363 224 35 kamrarnas
1389 1362 129 36 beslut
1537 1361 10 35 i
1568 1361 209 47 anledning
1805 1374 47 22 av

240 1416 210 36 utskottets
479 1415 225 37 utlåtanden
731 1428 45 22 nr
802 1416 64 34 7A
894 1414 71 36 och
995 1417 18 33 7
1030 1414 29 35 B
1090 1412 200 49 angående
1306 1412 245 48 regleringen
1573 1424 45 23 av
1639 1410 212 48 utgifterna

240 1466 122 37 under
403 1466 138 49 sjunde
582 1464 245 37 huvudtiteln
869 1478 46 23 av
956 1462 506 49 statsverkspropositionen
1500 1462 58 36 för
1584 1464 40 34 år
1655 1463 94 34 1919
1778 1461 72 36 och

241 1517 290 49 propositionen
571 1530 61 23 om
666 1515 238 49 tilläggsstat
933 1514 58 37 för
1020 1517 40 34 år
1090 1515 108 44 1918,
1228 1513 57 36 får
1312 1513 69 36 här
1409 1512 125 37 nedan
1563 1511 212 37 framställa
1805 1511 46 36 de

240 1568 159 48 förslag,
428 1567 127 37 vartill
583 1579 147 24 samma
757 1566 127 37 beslut
911 1565 196 37 befunnits
1136 1563 207 38 föranleda.

1013 1685 67 34 1:o.

341 1768 142 49 Kungl.
512 1768 108 48 Maj:t
648 1768 99 37 hade
766 1768 10 36 i
797 1765 505 50 statsverkspropositionen
1331 1764 58 37 för
1410 1767 39 33 år
1471 1765 94 35 1919
1587 1763 121 36 under
1728 1762 123 49 punkt

239 1821 49 38 20
330 1833 47 23 av
405 1819 138 49 sjunde
571 1818 243 37 huvudtiteln
843 1817 202 49 föreslagit
1072 1816 208 48 riksdagen
1310 1821 56 30 att
1392 1814 59 36 till
1475 1813 222 38 beredande
1726 1814 57 35 för
1811 1816 40 33 år

242 1872 95 36 1919
361 1873 50 46 på
438 1870 47 36 de
514 1883 45 23 av
588 1868 425 50 departementschefen
1044 1866 204 38 förordade
1276 1865 139 37 villkor
1443 1878 47 23 av
1517 1863 177 49 förhöjda
1713 1863 138 37 under-

239 1921 87 38 stöd
367 1924 38 34 åt
446 1920 220 49 Göteborgs
703 1918 315 38 handelsinstitut
1059 1918 72 36 och
1168 1916 243 38 Stockholms
1441 1913 406 50 handelsgymnasium

242 1972 85 37 med
355 1971 221 49 respektive
607 1972 135 45 17,000
771 1970 69 37 och
872 1970 133 46 13,000
1034 1969 140 36 kronor
1195 1973 134 31 utöver
1345 1966 58 36 till
1423 1967 86 36 dem
1526 1965 119 36 redan
1662 1964 187 48 anslagna

240 2022 140 49 belopp
406 2026 20 33 å
454 2027 107 32 extra
589 2027 77 31 stat
695 2022 58 36 för
784 2024 39 33 år
852 2022 95 35 1919
977 2019 133 37 anvisa
1138 2024 55 31 ett
1221 2017 320 49 förslagsanslag,
1569 2016 117 47 högst
1715 2016 135 43 30,000

239 2074 153 36 kronor.

341 2123 200 37 Utskottet
581 2122 99 36 hade
708 2122 12 35 i
747 2121 123 49 punkt
912 2122 43 35 19
991 2134 44 22 av
1071 2119 66 36 sitt
1164 2118 197 37 utlåtande
1390 2131 44 23 nr
1471 2120 11 45 7
1514 2120 19 33 A
1560 2115 204 44 hemställt,
1795 2121 56 30 att

240 2174 141 48 Kungl.
411 2173 127 49 Maj:ts
569 2171 295 50 ifrågavarande
892 2170 285 48 framställning
1204 2167 84 39 icke
1330 2171 116 34 måtte
1475 2167 115 36 vinna
1619 2166 231 48 riksdagens

241 2223 118 38 bifall.

323 2280 134 42 Bihang
481 2281 51 32 till
554 2281 190 40 riksdagens
761 2279 155 41 protokoll
937 2280 95 30 1918.
1080 2280 19 28 6
1121 2276 89 32 saml.
1257 2277 44 31 22
1322 2275 81 41 häft.
1448 2275 64 39 (Nr
1534 2275 64 37 26.)
1790 2275 15 28 1
