2112 2644
709 215 258 42 Lag-Utskottets
997 213 173 32 Utlåtande
1194 213 67 31 N:o
1285 214 50 29 49.
1741 210 37 31 13

230 300 60 37 för
331 299 50 49 by
423 298 90 38 eller
554 310 126 24 annan
715 295 106 50 dylik
851 295 146 37 mindre
1027 293 262 49 samfällighet
1318 304 297 38 gemensamma.
1671 290 18 37 I
1719 290 105 37 detta

232 352 180 37 afseende
446 364 115 36 synas
590 348 343 39 bestämmelserna
961 347 10 36 i
997 347 20 50 8
1048 348 46 35 60
1124 347 41 36 af
1188 345 277 48 förordningen
1494 358 61 23 om
1584 343 240 37 kommunal-

235 404 163 50 styrelse
427 407 48 46 på
503 402 131 38 landet
663 401 159 49 erbjuda
845 414 47 23 en
922 399 249 50 synnerligen
1202 397 160 50 lämplig
1391 396 309 50 utgångspunkt.
1748 396 76 36 Det

235 457 158 48 stadgas
422 456 12 36 i
464 456 124 36 denna
617 454 190 50 paragraf,
838 453 117 36 sådan
984 452 73 36 den
1085 451 110 49 lyder
1224 451 122 48 enligt
1373 449 276 49 förordningen
1678 448 72 36 den
1776 450 47 34 22

234 509 92 37 Juni
358 511 113 34 1883:

364 561 96 36 »Der
502 560 11 36 i
554 560 65 48 lag
654 559 93 37 eller
781 557 139 37 allmän
954 555 230 49 författning
1213 554 181 49 stadgadt
1423 558 51 43 är,
1505 559 55 31 att
1587 552 239 37 kommunal-

237 613 159 50 utskyld
421 613 135 36 endast
583 612 84 36 från
695 611 104 36 vissa
828 609 40 37 af
893 609 46 37 de
966 608 13 37 i
1008 608 20 49 $
1055 609 45 35 57
1128 607 246 37 omförmälda
1395 604 431 50 beskattningsföremål

238 666 97 37 skall
364 668 106 45 utgå,
501 664 90 37 eller
621 669 55 31 att
706 666 56 34 för
791 661 230 49 deltagande
1049 660 13 36 i
1087 660 117 37 sådan
1226 659 156 50 utskyld
1400 659 116 36 andra
1533 658 168 49 grunder
1717 657 110 37 skola

240 719 123 48 följas,
393 718 92 36 eller
514 723 56 30 att
599 717 103 36 vissa
729 715 81 37 från
842 713 334 49 skattskyldighet
1198 712 57 36 till
1275 713 231 36 kommunen
1527 711 111 49 eljest
1659 709 167 38 befriade

240 771 249 37 medlemmar
531 769 108 37 skola
681 768 56 36 till
780 766 172 51 fyllande
994 765 41 36 af
1064 765 188 37 särskilda
1280 765 119 36 behof
1423 763 173 49 bidraga,
1621 762 122 51 gäller
1770 762 58 36 till

240 823 255 37 efterrättelse
537 822 101 36 hvad
680 821 160 36 sålunda
883 818 224 37 förordnadt
1145 823 51 31 är.
1252 818 17 35 I
1311 816 117 49 öfrigt
1466 829 93 35 eger
1590 814 238 37 kommunal-

242 881 161 31 stämma
446 875 31 48 ej
521 874 150 37 besluta
714 871 184 38 afvikelse
939 870 84 37 från
1059 870 45 36 de
1137 869 11 36 i
1178 869 45 50 $$
1254 871 45 35 57
1331 867 69 39 och
1430 870 45 35 58
1505 868 58 37 för
1591 866 239 38 kommunal-

242 927 221 50 utskylders
492 925 213 50 utgörande
735 923 186 49 stadgade
951 923 200 48 grunder.»

371 980 17 36 I
416 980 46 36 de
491 979 69 36 här
589 978 115 37 ofvan
733 976 170 50 antydda
931 975 77 47 fall,
1039 975 67 36 der
1124 973 255 37 förordnande
1398 972 212 37 meddelats
1631 977 55 31 att
1706 971 124 37 helso-

242 1032 283 48 vårdsstadgan
569 1031 92 36 eller
692 1028 234 51 byggnads-,
960 1027 139 37 brand-
1129 1026 90 36 eller
1248 1026 349 48 ordningsstadgan
1626 1024 58 37 för
1712 1023 119 37 rikets

245 1085 128 36 städer
415 1083 98 37 skall
551 1083 12 36 i
603 1082 229 49 tillämpliga
869 1080 104 37 delar
1002 1079 102 48 gälla
1133 1078 57 36 för
1219 1077 153 37 område
1403 1081 20 33 å
1447 1077 268 48 landsbygden
1745 1076 86 36 med

247 1142 123 32 större
415 1134 315 50 sammanträngd
762 1132 240 49 befolkning,
1036 1132 80 35 lära
1149 1131 71 36 ock
1249 1130 140 48 Kongl.
1420 1130 127 48 Maj:ts
1575 1125 257 51 Befallnings-

247 1188 192 37 hafvande
481 1188 53 36 uti
578 1187 45 37 de
665 1187 13 35 i
720 1185 211 48 anledning
968 1183 111 37 deraf
1102 1182 199 37 utfärdade
1330 1181 187 37 särskilda
1547 1180 286 50 ordningsföre-

248 1241 157 37 skrifter
442 1240 114 36 hafva
594 1240 57 36 för
679 1237 223 48 uttaxering
931 1236 41 36 af
996 1235 250 48 erforderliga
1276 1234 264 49 skattebidrag
1567 1233 181 37 hänvisat
1775 1232 59 37 till

246 1293 167 37 nämnda
441 1293 161 47 lagrum.
658 1292 114 35 Detta
803 1295 40 31 är
868 1288 232 48 visserligen
1124 1292 169 32 närmast
1312 1286 224 50 tillämpligt
1552 1289 20 33 å
1588 1286 45 36 de
1654 1285 179 48 ärenden,

247 1360 82 23 som
355 1344 232 38 omedelbart
615 1343 197 37 föranleda
838 1341 169 50 utgifter;
1039 1354 97 34 men,
1159 1340 85 36 med
1267 1342 116 47 något
1398 1338 337 49 tillmötesgående
1751 1337 83 37 från

246 1397 289 38 vederbörande
570 1392 656 41 kommunalstämmo-ordförandes
1261 1392 94 48 sida,
1389 1391 109 37 torde
1527 1392 65 36 det
1619 1390 85 37 icke
1733 1395 103 31 möta

247 1451 137 36 hinder
425 1455 55 31 att
522 1449 35 36 få
600 1448 113 37 äfven
755 1447 117 37 andra
914 1446 169 36 ärenden
1125 1444 220 49 handlagda
1378 1447 20 33 å
1427 1443 165 37 särskild
1622 1442 214 48 stämma,
1818 1438 23 60 i

247 1503 158 36 hvilken
431 1501 137 38 endast
597 1501 45 36 de
672 1513 192 37 personer,
895 1512 80 24 som
1005 1497 155 37 tillhöra
1189 1497 64 37 det
1276 1496 145 37 mindre
1443 1496 197 46 samhälle,
1661 1495 58 36 för
1740 1494 96 37 hvil-

247 1556 65 36 ket
354 1555 157 36 ärendet
546 1554 67 36 har
646 1565 223 36 gemensam
898 1551 211 48 betydelse,
1140 1549 153 48 deltaga
1322 1549 70 36 och
1422 1548 132 37 dervid
1584 1548 131 36 utöfva
1739 1551 97 32 röst-

247 1613 76 31 rätt
352 1607 94 36 efter
475 1607 46 36 de
550 1606 57 36 för
635 1610 160 31 rösträtt
824 1607 20 32 å
872 1602 387 37 kommunalstämma
1288 1600 186 49 stadgade
1506 1599 179 49 grunder.

378 1659 56 36 Då
474 1659 200 37 Utskottet
717 1656 159 37 sålunda
912 1655 85 36 icke
1042 1654 123 36 finner
1198 1656 129 45 någon
1351 1651 405 49 lagstiftningsåtgärd
1784 1651 53 35 uti

247 1711 295 50 ifrågavarande
571 1715 111 31 ämne
711 1722 90 23 vara
830 1707 41 37 af
892 1706 181 37 behofvet
1096 1705 188 50 påkallad,
1314 1705 55 36 får
1397 1705 198 37 Utskottet
1624 1703 214 47 hemställa,

779 1782 55 31 att
858 1775 195 37 motionen
1073 1775 84 36 icke
1180 1777 60 33 må
1258 1773 57 37 till
1332 1774 128 36 vidare
1477 1773 134 50 åtgärd
1628 1771 208 37 föranleda.

376 1867 220 37 Stockholm
629 1865 72 37 den
731 1867 45 34 27
808 1863 101 36 Mars
940 1863 108 35 1886.

749 1969 51 36 På
828 1965 320 51 Lag-Utskottets
1178 1969 161 45 vägnar:

797 2071 135 38 AXEL
975 2059 316 47 BERGSTRÖM.

381 2284 99 36 Herr
508 2283 31 35 J.
571 2285 43 34 A.
644 2284 206 35 Johansson
879 2281 81 35 från
992 2279 156 36 Kalmar
1176 2278 68 36 har
1274 2277 140 51 begärt
1434 2277 37 36 få
1499 2277 68 35 här
1596 2276 245 47 antecknadt,

252 2342 56 31 att
337 2336 76 36 han
441 2336 84 36 icke
555 2335 163 49 deltagit
745 2335 12 36 i
787 2333 176 38 ärendets
992 2330 237 48 behandling
1258 2329 103 38 inom
1392 2330 209 38 Utskottet.
