<?xml version="1.0" encoding="UTF-8"?>
<alto xmlns="http://www.loc.gov/standards/alto/ns-v3#" xmlns:xlink="http://www.w3.org/1999/xlink" xmlns:xsi="http://www.w3.org/2001/XMLSchema-instance" xsi:schemaLocation="http://www.loc.gov/standards/alto/ns-v3# http://www.loc.gov/alto/v3/alto-3-0.xsd">
	<Description>
		<MeasurementUnit>pixel</MeasurementUnit>
		<sourceImageInformation>
			<fileName>/tmp/tess_6fcebt8z_input.PNG</fileName>
		</sourceImageInformation>
		<OCRProcessing ID="OCR_0">
			<ocrProcessingStep>
				<processingSoftware>
					<softwareName>tesseract 5.3.0</softwareName>
				</processingSoftware>
			</ocrProcessingStep>
		</OCRProcessing>
	</Description>
	<Layout>
		<Page WIDTH="2113" HEIGHT="2655" PHYSICAL_IMG_NR="0" ID="page_0">
			<PrintSpace HPOS="0" VPOS="0" WIDTH="2113" HEIGHT="2655">
				<ComposedBlock ID="cblock_0" HPOS="315" VPOS="113" WIDTH="1174" HEIGHT="44">
					<TextBlock ID="block_0" HPOS="315" VPOS="113" WIDTH="1174" HEIGHT="44">
						<TextLine ID="line_0" HPOS="315" VPOS="113" WIDTH="1174" HEIGHT="44">
							<String ID="string_0" HPOS="315" VPOS="118" WIDTH="42" HEIGHT="32" WC="0.95" CONTENT="20"/><SP WIDTH="295" VPOS="118" HPOS="357"/>
							<String ID="string_1" HPOS="652" VPOS="115" WIDTH="117" HEIGHT="42" WC="0.96" CONTENT="Bilaga"/><SP WIDTH="23" VPOS="115" HPOS="769"/>
							<String ID="string_2" HPOS="792" VPOS="114" WIDTH="49" HEIGHT="33" WC="0.93" CONTENT="till"/><SP WIDTH="23" VPOS="114" HPOS="841"/>
							<String ID="string_3" HPOS="864" VPOS="115" WIDTH="261" HEIGHT="42" WC="0.91" CONTENT="Lag-Utskottets"/><SP WIDTH="28" VPOS="115" HPOS="1125"/>
							<String ID="string_4" HPOS="1153" VPOS="113" WIDTH="260" HEIGHT="36" WC="0.74" CONTENT="Utlåtande-N:o"/><SP WIDTH="24" VPOS="113" HPOS="1413"/>
							<String ID="string_5" HPOS="1437" VPOS="114" WIDTH="52" HEIGHT="31" WC="0.96" CONTENT="49."/>
						</TextLine>
					</TextBlock>
				</ComposedBlock>
				<ComposedBlock ID="cblock_1" HPOS="267" VPOS="191" WIDTH="1625" HEIGHT="2145">
					<TextBlock ID="block_1" HPOS="270" VPOS="191" WIDTH="1622" HEIGHT="479">
						<TextLine ID="line_1" HPOS="271" VPOS="191" WIDTH="1620" HEIGHT="57">
							<String ID="string_6" HPOS="271" VPOS="198" WIDTH="84" HEIGHT="50" WC="0.96" CONTENT="rige"/><SP WIDTH="28" VPOS="198" HPOS="355"/>
							<String ID="string_7" HPOS="383" VPOS="198" WIDTH="12" HEIGHT="36" WC="0.96" CONTENT="i"/><SP WIDTH="29" VPOS="198" HPOS="395"/>
							<String ID="string_8" HPOS="424" VPOS="197" WIDTH="68" HEIGHT="37" WC="0.93" CONTENT="sitt"/><SP WIDTH="29" VPOS="197" HPOS="492"/>
							<String ID="string_9" HPOS="521" VPOS="196" WIDTH="189" HEIGHT="49" WC="0.88" CONTENT="giöromål"/><SP WIDTH="30" VPOS="196" HPOS="710"/>
							<String ID="string_10" HPOS="740" VPOS="195" WIDTH="125" HEIGHT="38" WC="0.96" CONTENT="blefvo"/><SP WIDTH="25" VPOS="195" HPOS="865"/>
							<String ID="string_11" HPOS="890" VPOS="195" WIDTH="200" HEIGHT="50" WC="0.96" CONTENT="hindrade,"/><SP WIDTH="30" VPOS="195" HPOS="1090"/>
							<String ID="string_12" HPOS="1120" VPOS="207" WIDTH="91" HEIGHT="25" WC="0.96" CONTENT="vare"/><SP WIDTH="29" VPOS="207" HPOS="1211"/>
							<String ID="string_13" HPOS="1240" VPOS="194" WIDTH="46" HEIGHT="37" WC="0.96" CONTENT="de"/><SP WIDTH="29" VPOS="194" HPOS="1286"/>
							<String ID="string_14" HPOS="1315" VPOS="193" WIDTH="47" HEIGHT="37" WC="0.95" CONTENT="då"/><SP WIDTH="28" VPOS="193" HPOS="1362"/>
							<String ID="string_15" HPOS="1390" VPOS="192" WIDTH="85" HEIGHT="38" WC="0.96" CONTENT="icke"/><SP WIDTH="30" VPOS="192" HPOS="1475"/>
							<String ID="string_16" HPOS="1505" VPOS="191" WIDTH="183" HEIGHT="50" WC="0.96" CONTENT="skyldige"/><SP WIDTH="29" VPOS="191" HPOS="1688"/>
							<String ID="string_17" HPOS="1717" VPOS="196" WIDTH="39" HEIGHT="32" WC="0.0" CONTENT="at"/><SP WIDTH="15" VPOS="196" HPOS="1756"/>
							<String ID="string_18" HPOS="1771" VPOS="195" WIDTH="120" HEIGHT="32" WC="0.0" CONTENT="vänta"/>
						</TextLine>
						<TextLine ID="line_2" HPOS="271" VPOS="243" WIDTH="1620" HEIGHT="59">
							<String ID="string_19" HPOS="271" VPOS="254" WIDTH="50" HEIGHT="48" WC="0.96" CONTENT="på"/><SP WIDTH="28" VPOS="254" HPOS="321"/>
							<String ID="string_20" HPOS="349" VPOS="251" WIDTH="73" HEIGHT="37" WC="0.93" CONTENT="den"/><SP WIDTH="29" VPOS="251" HPOS="422"/>
							<String ID="string_21" HPOS="451" VPOS="254" WIDTH="125" HEIGHT="45" WC="0.91" CONTENT="tröge,"/><SP WIDTH="25" VPOS="254" HPOS="576"/>
							<String ID="string_22" HPOS="601" VPOS="254" WIDTH="93" HEIGHT="32" WC="0.93" CONTENT="utan"/><SP WIDTH="28" VPOS="254" HPOS="694"/>
							<String ID="string_23" HPOS="722" VPOS="248" WIDTH="115" HEIGHT="37" WC="0.91" CONTENT="hafve"/><SP WIDTH="29" VPOS="248" HPOS="837"/>
							<String ID="string_24" HPOS="866" VPOS="247" WIDTH="115" HEIGHT="38" WC="0.96" CONTENT="frihet"/><SP WIDTH="28" VPOS="247" HPOS="981"/>
							<String ID="string_25" HPOS="1009" VPOS="248" WIDTH="68" HEIGHT="37" WC="0.96" CONTENT="sitt"/><SP WIDTH="27" VPOS="248" HPOS="1077"/>
							<String ID="string_26" HPOS="1104" VPOS="247" WIDTH="129" HEIGHT="38" WC="0.93" CONTENT="arbete"/><SP WIDTH="28" VPOS="247" HPOS="1233"/>
							<String ID="string_27" HPOS="1261" VPOS="246" WIDTH="183" HEIGHT="49" WC="0.92" CONTENT="fullända,"/><SP WIDTH="31" VPOS="246" HPOS="1444"/>
							<String ID="string_28" HPOS="1475" VPOS="244" WIDTH="72" HEIGHT="38" WC="0.95" CONTENT="och"/><SP WIDTH="32" VPOS="244" HPOS="1547"/>
							<String ID="string_29" HPOS="1579" VPOS="244" WIDTH="76" HEIGHT="37" WC="0.93" CONTENT="han"/><SP WIDTH="24" VPOS="244" HPOS="1655"/>
							<String ID="string_30" HPOS="1679" VPOS="243" WIDTH="125" HEIGHT="50" WC="0.91" CONTENT="skylle"/><SP WIDTH="25" VPOS="243" HPOS="1804"/>
							<String ID="string_31" HPOS="1829" VPOS="243" WIDTH="62" HEIGHT="49" WC="0.96" CONTENT="sig"/>
						</TextLine>
						<TextLine ID="line_3" HPOS="272" VPOS="296" WIDTH="1619" HEIGHT="56">
							<String ID="string_32" HPOS="272" VPOS="304" WIDTH="94" HEIGHT="38" WC="0.92" CONTENT="sielf"/><SP WIDTH="23" VPOS="304" HPOS="366"/>
							<String ID="string_33" HPOS="389" VPOS="303" WIDTH="59" HEIGHT="37" WC="0.96" CONTENT="för"/><SP WIDTH="28" VPOS="303" HPOS="448"/>
							<String ID="string_34" HPOS="476" VPOS="303" WIDTH="75" HEIGHT="37" WC="0.96" CONTENT="den"/><SP WIDTH="28" VPOS="303" HPOS="551"/>
							<String ID="string_35" HPOS="579" VPOS="302" WIDTH="121" HEIGHT="37" WC="0.96" CONTENT="skada"/><SP WIDTH="28" VPOS="302" HPOS="700"/>
							<String ID="string_36" HPOS="728" VPOS="301" WIDTH="77" HEIGHT="37" WC="0.96" CONTENT="han"/><SP WIDTH="28" VPOS="301" HPOS="805"/>
							<String ID="string_37" HPOS="833" VPOS="301" WIDTH="227" HEIGHT="51" WC="0.96" CONTENT="därigenom"/><SP WIDTH="29" VPOS="301" HPOS="1060"/>
							<String ID="string_38" HPOS="1089" VPOS="301" WIDTH="111" HEIGHT="45" WC="0.96" CONTENT="lider;"/><SP WIDTH="31" VPOS="301" HPOS="1200"/>
							<String ID="string_39" HPOS="1231" VPOS="300" WIDTH="90" HEIGHT="37" WC="0.96" CONTENT="Men"/><SP WIDTH="29" VPOS="300" HPOS="1321"/>
							<String ID="string_40" HPOS="1350" VPOS="298" WIDTH="68" HEIGHT="38" WC="0.96" CONTENT="där"/><SP WIDTH="28" VPOS="298" HPOS="1418"/>
							<String ID="string_41" HPOS="1446" VPOS="300" WIDTH="146" HEIGHT="48" WC="0.95" CONTENT="någon,"/><SP WIDTH="17" VPOS="300" HPOS="1592"/>
							<String ID="string_42" HPOS="1609" VPOS="296" WIDTH="61" HEIGHT="38" WC="0.92" CONTENT="för"/><SP WIDTH="14" VPOS="296" HPOS="1670"/>
							<String ID="string_43" HPOS="1684" VPOS="296" WIDTH="207" HEIGHT="38" WC="0.91" CONTENT="åkommen"/>
						</TextLine>
						<TextLine ID="line_4" HPOS="271" VPOS="349" WIDTH="1620" HEIGHT="55">
							<String ID="string_44" HPOS="271" VPOS="357" WIDTH="80" HEIGHT="38" WC="0.96" CONTENT="nöd"/><SP WIDTH="42" VPOS="357" HPOS="351"/>
							<String ID="string_45" HPOS="393" VPOS="356" WIDTH="73" HEIGHT="38" WC="0.96" CONTENT="och"/><SP WIDTH="35" VPOS="356" HPOS="466"/>
							<String ID="string_46" HPOS="501" VPOS="354" WIDTH="217" HEIGHT="50" WC="0.96" CONTENT="fattigdom,"/><SP WIDTH="44" VPOS="354" HPOS="718"/>
							<String ID="string_47" HPOS="762" VPOS="354" WIDTH="93" HEIGHT="37" WC="0.96" CONTENT="eller"/><SP WIDTH="41" VPOS="354" HPOS="855"/>
							<String ID="string_48" HPOS="896" VPOS="368" WIDTH="128" HEIGHT="24" WC="0.91" CONTENT="annan"/><SP WIDTH="29" VPOS="368" HPOS="1024"/>
							<String ID="string_49" HPOS="1053" VPOS="352" WIDTH="309" HEIGHT="51" WC="0.89" CONTENT="oförmögenhet,"/><SP WIDTH="31" VPOS="352" HPOS="1362"/>
							<String ID="string_50" HPOS="1393" VPOS="351" WIDTH="33" HEIGHT="50" WC="0.93" CONTENT="ej"/><SP WIDTH="32" VPOS="351" HPOS="1426"/>
							<String ID="string_51" HPOS="1458" VPOS="351" WIDTH="132" HEIGHT="37" WC="0.90" CONTENT="hunne"/><SP WIDTH="32" VPOS="351" HPOS="1590"/>
							<String ID="string_52" HPOS="1622" VPOS="349" WIDTH="88" HEIGHT="38" WC="0.96" CONTENT="med"/><SP WIDTH="28" VPOS="349" HPOS="1710"/>
							<String ID="string_53" HPOS="1738" VPOS="355" WIDTH="39" HEIGHT="32" WC="0.91" CONTENT="at"/><SP WIDTH="27" VPOS="355" HPOS="1777"/>
							<String ID="string_54" HPOS="1804" VPOS="349" WIDTH="87" HEIGHT="37" WC="0.91" CONTENT="full-"/>
						</TextLine>
						<TextLine ID="line_5" HPOS="270" VPOS="402" WIDTH="1622" HEIGHT="55">
							<String ID="string_55" HPOS="270" VPOS="410" WIDTH="124" HEIGHT="37" WC="0.96" CONTENT="borda"/><SP WIDTH="30" VPOS="410" HPOS="394"/>
							<String ID="string_56" HPOS="424" VPOS="409" WIDTH="68" HEIGHT="37" WC="0.96" CONTENT="sitt"/><SP WIDTH="29" VPOS="409" HPOS="492"/>
							<String ID="string_57" HPOS="521" VPOS="408" WIDTH="144" HEIGHT="46" WC="0.96" CONTENT="arbete,"/><SP WIDTH="31" VPOS="408" HPOS="665"/>
							<String ID="string_58" HPOS="696" VPOS="421" WIDTH="81" HEIGHT="24" WC="0.93" CONTENT="som"/><SP WIDTH="29" VPOS="421" HPOS="777"/>
							<String ID="string_59" HPOS="806" VPOS="407" WIDTH="131" HEIGHT="49" WC="0.92" CONTENT="Byens"/><SP WIDTH="29" VPOS="407" HPOS="937"/>
							<String ID="string_60" HPOS="966" VPOS="413" WIDTH="111" HEIGHT="44" WC="0.96" CONTENT="nytta"/><SP WIDTH="28" VPOS="413" HPOS="1077"/>
							<String ID="string_61" HPOS="1105" VPOS="406" WIDTH="72" HEIGHT="39" WC="0.96" CONTENT="och"/><SP WIDTH="30" VPOS="406" HPOS="1177"/>
							<String ID="string_62" HPOS="1207" VPOS="404" WIDTH="289" HEIGHT="52" WC="0.96" CONTENT="angelägenhet"/><SP WIDTH="17" VPOS="404" HPOS="1496"/>
							<String ID="string_63" HPOS="1513" VPOS="402" WIDTH="163" HEIGHT="49" WC="0.93" CONTENT="fordrar,"/><SP WIDTH="16" VPOS="402" HPOS="1676"/>
							<String ID="string_64" HPOS="1692" VPOS="402" WIDTH="107" HEIGHT="38" WC="0.91" CONTENT="niute"/><SP WIDTH="16" VPOS="402" HPOS="1799"/>
							<String ID="string_65" HPOS="1815" VPOS="402" WIDTH="77" HEIGHT="37" WC="0.96" CONTENT="han"/>
						</TextLine>
						<TextLine ID="line_6" HPOS="273" VPOS="455" WIDTH="1618" HEIGHT="54">
							<String ID="string_66" HPOS="273" VPOS="462" WIDTH="48" HEIGHT="37" WC="0.96" CONTENT="då"/><SP WIDTH="27" VPOS="462" HPOS="321"/>
							<String ID="string_67" HPOS="348" VPOS="461" WIDTH="13" HEIGHT="36" WC="0.93" CONTENT="i"/><SP WIDTH="28" VPOS="461" HPOS="361"/>
							<String ID="string_68" HPOS="389" VPOS="461" WIDTH="133" HEIGHT="37" WC="0.92" CONTENT="sädes-"/><SP WIDTH="30" VPOS="461" HPOS="522"/>
							<String ID="string_69" HPOS="552" VPOS="460" WIDTH="71" HEIGHT="37" WC="0.93" CONTENT="och"/><SP WIDTH="30" VPOS="460" HPOS="623"/>
							<String ID="string_70" HPOS="653" VPOS="459" WIDTH="336" HEIGHT="50" WC="0.90" CONTENT="bergningstiden,"/><SP WIDTH="35" VPOS="459" HPOS="989"/>
							<String ID="string_71" HPOS="1024" VPOS="460" WIDTH="87" HEIGHT="36" WC="0.96" CONTENT="med"/><SP WIDTH="29" VPOS="460" HPOS="1111"/>
							<String ID="string_72" HPOS="1140" VPOS="471" WIDTH="116" HEIGHT="34" WC="0.93" CONTENT="mera,"/><SP WIDTH="30" VPOS="471" HPOS="1256"/>
							<String ID="string_73" HPOS="1286" VPOS="457" WIDTH="106" HEIGHT="49" WC="0.91" CONTENT="hiälp"/><SP WIDTH="29" VPOS="457" HPOS="1392"/>
							<String ID="string_74" HPOS="1421" VPOS="457" WIDTH="43" HEIGHT="36" WC="0.93" CONTENT="af"/><SP WIDTH="26" VPOS="457" HPOS="1464"/>
							<String ID="string_75" HPOS="1490" VPOS="456" WIDTH="246" HEIGHT="45" WC="0.90" CONTENT="Grannarne;"/><SP WIDTH="30" VPOS="456" HPOS="1736"/>
							<String ID="string_76" HPOS="1766" VPOS="455" WIDTH="125" HEIGHT="37" WC="0.92" CONTENT="Hvar-"/>
						</TextLine>
						<TextLine ID="line_7" HPOS="272" VPOS="498" WIDTH="1618" HEIGHT="64">
							<String ID="string_77" HPOS="272" VPOS="520" WIDTH="104" HEIGHT="33" WC="0.96" CONTENT="emot"/><SP WIDTH="28" VPOS="520" HPOS="376"/>
							<String ID="string_78" HPOS="404" VPOS="514" WIDTH="90" HEIGHT="48" WC="0.96" CONTENT="han,"/><SP WIDTH="31" VPOS="514" HPOS="494"/>
							<String ID="string_79" HPOS="525" VPOS="512" WIDTH="190" HEIGHT="50" WC="0.96" CONTENT="antingen"/><SP WIDTH="28" VPOS="512" HPOS="715"/>
							<String ID="string_80" HPOS="743" VPOS="512" WIDTH="89" HEIGHT="37" WC="0.96" CONTENT="med"/><SP WIDTH="15" VPOS="512" HPOS="832"/>
							<String ID="string_81" HPOS="847" VPOS="517" WIDTH="118" HEIGHT="32" WC="0.96" CONTENT="annat"/><SP WIDTH="15" VPOS="517" HPOS="965"/>
							<String ID="string_82" HPOS="980" VPOS="511" WIDTH="142" HEIGHT="49" WC="0.95" CONTENT="arbete,"/><SP WIDTH="18" VPOS="511" HPOS="1122"/>
							<String ID="string_83" HPOS="1140" VPOS="510" WIDTH="93" HEIGHT="38" WC="0.93" CONTENT="eller"/><SP WIDTH="16" VPOS="510" HPOS="1233"/>
							<String ID="string_84" HPOS="1249" VPOS="508" WIDTH="143" HEIGHT="52" WC="0.92" CONTENT="skiälig"/><SP WIDTH="15" VPOS="508" HPOS="1392"/>
							<String ID="string_85" HPOS="1407" VPOS="507" WIDTH="216" HEIGHT="49" WC="0.95" CONTENT="betalning,"/><SP WIDTH="18" VPOS="507" HPOS="1623"/>
							<String ID="string_86" HPOS="1641" VPOS="507" WIDTH="99" HEIGHT="37" WC="0.96" CONTENT="efter"/><SP WIDTH="13" VPOS="507" HPOS="1740"/>
							<String ID="string_87" HPOS="1753" VPOS="498" WIDTH="137" HEIGHT="46" WC="0.92" CONTENT="Ålder-"/>
						</TextLine>
						<TextLine ID="line_8" HPOS="272" VPOS="559" WIDTH="1615" HEIGHT="55">
							<String ID="string_88" HPOS="272" VPOS="579" WIDTH="189" HEIGHT="25" WC="0.95" CONTENT="mannens"/><SP WIDTH="43" VPOS="579" HPOS="461"/>
							<String ID="string_89" HPOS="504" VPOS="565" WIDTH="73" HEIGHT="37" WC="0.92" CONTENT="och"/><SP WIDTH="27" VPOS="565" HPOS="577"/>
							<String ID="string_90" HPOS="604" VPOS="565" WIDTH="245" HEIGHT="37" WC="0.91" CONTENT="Bisittiarnes"/><SP WIDTH="32" VPOS="565" HPOS="849"/>
							<String ID="string_91" HPOS="881" VPOS="564" WIDTH="273" HEIGHT="50" WC="0.91" CONTENT="bepröfvande,"/><SP WIDTH="31" VPOS="564" HPOS="1154"/>
							<String ID="string_92" HPOS="1185" VPOS="563" WIDTH="70" HEIGHT="38" WC="0.96" CONTENT="bör"/><SP WIDTH="30" VPOS="563" HPOS="1255"/>
							<String ID="string_93" HPOS="1285" VPOS="562" WIDTH="89" HEIGHT="38" WC="0.96" CONTENT="dem"/><SP WIDTH="30" VPOS="562" HPOS="1374"/>
							<String ID="string_94" HPOS="1404" VPOS="562" WIDTH="113" HEIGHT="37" WC="0.96" CONTENT="deras"/><SP WIDTH="31" VPOS="562" HPOS="1517"/>
							<String ID="string_95" HPOS="1548" VPOS="559" WIDTH="141" HEIGHT="39" WC="0.92" CONTENT="besvär"/><SP WIDTH="28" VPOS="559" HPOS="1689"/>
							<String ID="string_96" HPOS="1717" VPOS="560" WIDTH="170" HEIGHT="37" WC="0.92" CONTENT="ersättia."/>
						</TextLine>
						<TextLine ID="line_9" HPOS="272" VPOS="614" WIDTH="1242" HEIGHT="56">
							<String ID="string_97" HPOS="272" VPOS="620" WIDTH="152" HEIGHT="50" WC="0.96" CONTENT="Vägrar"/><SP WIDTH="28" VPOS="620" HPOS="424"/>
							<String ID="string_98" HPOS="452" VPOS="619" WIDTH="77" HEIGHT="37" WC="0.96" CONTENT="han"/><SP WIDTH="29" VPOS="619" HPOS="529"/>
							<String ID="string_99" HPOS="558" VPOS="618" WIDTH="75" HEIGHT="49" WC="0.93" CONTENT="det,"/><SP WIDTH="30" VPOS="618" HPOS="633"/>
							<String ID="string_100" HPOS="663" VPOS="618" WIDTH="89" HEIGHT="38" WC="0.92" CONTENT="böte"/><SP WIDTH="30" VPOS="618" HPOS="752"/>
							<String ID="string_101" HPOS="782" VPOS="617" WIDTH="47" HEIGHT="37" WC="0.96" CONTENT="då"/><SP WIDTH="28" VPOS="617" HPOS="829"/>
							<String ID="string_102" HPOS="857" VPOS="617" WIDTH="97" HEIGHT="38" WC="0.93" CONTENT="efter"/><SP WIDTH="29" VPOS="617" HPOS="954"/>
							<String ID="string_103" HPOS="983" VPOS="617" WIDTH="209" HEIGHT="50" WC="0.91" CONTENT="Byelagets"/><SP WIDTH="31" VPOS="617" HPOS="1192"/>
							<String ID="string_104" HPOS="1223" VPOS="614" WIDTH="291" HEIGHT="51" WC="0.92" CONTENT="godtfinnande."/>
						</TextLine>
					</TextBlock>
					<TextBlock ID="block_2" HPOS="271" VPOS="664" WIDTH="1618" HEIGHT="369">
						<TextLine ID="line_10" HPOS="404" VPOS="664" WIDTH="1484" HEIGHT="60">
							<String ID="string_105" HPOS="404" VPOS="672" WIDTH="76" HEIGHT="52" WC="0.89" CONTENT="28.)"/><SP WIDTH="55" VPOS="672" HPOS="480"/>
							<String ID="string_106" HPOS="535" VPOS="671" WIDTH="68" HEIGHT="36" WC="0.94" CONTENT="Uti"/><SP WIDTH="32" VPOS="671" HPOS="603"/>
							<String ID="string_107" HPOS="635" VPOS="671" WIDTH="46" HEIGHT="35" WC="0.96" CONTENT="de"/><SP WIDTH="29" VPOS="671" HPOS="681"/>
							<String ID="string_108" HPOS="710" VPOS="671" WIDTH="114" HEIGHT="47" WC="0.95" CONTENT="Byar,"/><SP WIDTH="38" VPOS="671" HPOS="824"/>
							<String ID="string_109" HPOS="862" VPOS="672" WIDTH="67" HEIGHT="35" WC="0.93" CONTENT="der"/><SP WIDTH="27" VPOS="672" HPOS="929"/>
							<String ID="string_110" HPOS="956" VPOS="670" WIDTH="199" HEIGHT="36" WC="0.92" CONTENT="Boställen"/><SP WIDTH="29" VPOS="670" HPOS="1155"/>
							<String ID="string_111" HPOS="1184" VPOS="669" WIDTH="169" HEIGHT="48" WC="0.92" CONTENT="belägne"/><SP WIDTH="29" VPOS="669" HPOS="1353"/>
							<String ID="string_112" HPOS="1382" VPOS="673" WIDTH="77" HEIGHT="37" WC="0.95" CONTENT="äro,"/><SP WIDTH="31" VPOS="673" HPOS="1459"/>
							<String ID="string_113" HPOS="1490" VPOS="665" WIDTH="86" HEIGHT="38" WC="0.93" CONTENT="skal"/><SP WIDTH="27" VPOS="665" HPOS="1576"/>
							<String ID="string_114" HPOS="1603" VPOS="664" WIDTH="285" HEIGHT="38" WC="0.92" CONTENT="Innehafvaren"/>
						</TextLine>
						<TextLine ID="line_11" HPOS="272" VPOS="717" WIDTH="1617" HEIGHT="55">
							<String ID="string_115" HPOS="272" VPOS="723" WIDTH="95" HEIGHT="38" WC="0.91" CONTENT="eller"/><SP WIDTH="35" VPOS="723" HPOS="367"/>
							<String ID="string_116" HPOS="402" VPOS="722" WIDTH="135" HEIGHT="38" WC="0.85" CONTENT="Åboen"/><SP WIDTH="30" VPOS="722" HPOS="537"/>
							<String ID="string_117" HPOS="567" VPOS="721" WIDTH="173" HEIGHT="51" WC="0.91" CONTENT="däruppå"/><SP WIDTH="28" VPOS="721" HPOS="740"/>
							<String ID="string_118" HPOS="768" VPOS="734" WIDTH="92" HEIGHT="24" WC="0.93" CONTENT="vara"/><SP WIDTH="29" VPOS="734" HPOS="860"/>
							<String ID="string_119" HPOS="889" VPOS="721" WIDTH="244" HEIGHT="50" WC="0.90" CONTENT="förplicktad,"/><SP WIDTH="40" VPOS="721" HPOS="1133"/>
							<String ID="string_120" HPOS="1173" VPOS="726" WIDTH="39" HEIGHT="30" WC="0.93" CONTENT="at"/><SP WIDTH="27" VPOS="726" HPOS="1212"/>
							<String ID="string_121" HPOS="1239" VPOS="720" WIDTH="114" HEIGHT="48" WC="0.91" CONTENT="giöra"/><SP WIDTH="29" VPOS="720" HPOS="1353"/>
							<String ID="string_122" HPOS="1382" VPOS="719" WIDTH="54" HEIGHT="36" WC="0.93" CONTENT="alt"/><SP WIDTH="25" VPOS="719" HPOS="1436"/>
							<String ID="string_123" HPOS="1461" VPOS="717" WIDTH="154" HEIGHT="37" WC="0.91" CONTENT="samfält"/><SP WIDTH="30" VPOS="717" HPOS="1615"/>
							<String ID="string_124" HPOS="1645" VPOS="718" WIDTH="129" HEIGHT="35" WC="0.96" CONTENT="arbete"/><SP WIDTH="25" VPOS="718" HPOS="1774"/>
							<String ID="string_125" HPOS="1799" VPOS="717" WIDTH="90" HEIGHT="36" WC="0.96" CONTENT="med"/>
						</TextLine>
						<TextLine ID="line_12" HPOS="273" VPOS="767" WIDTH="1616" HEIGHT="56">
							<String ID="string_126" HPOS="273" VPOS="777" WIDTH="85" HEIGHT="37" WC="0.96" CONTENT="sina"/><SP WIDTH="28" VPOS="777" HPOS="358"/>
							<String ID="string_127" HPOS="386" VPOS="775" WIDTH="191" HEIGHT="48" WC="0.95" CONTENT="Grannar,"/><SP WIDTH="30" VPOS="775" HPOS="577"/>
							<String ID="string_128" HPOS="607" VPOS="775" WIDTH="56" HEIGHT="36" WC="0.96" CONTENT="uti"/><SP WIDTH="29" VPOS="775" HPOS="663"/>
							<String ID="string_129" HPOS="692" VPOS="775" WIDTH="54" HEIGHT="37" WC="0.96" CONTENT="alt"/><SP WIDTH="29" VPOS="775" HPOS="746"/>
							<String ID="string_130" HPOS="775" VPOS="775" WIDTH="76" HEIGHT="45" WC="0.96" CONTENT="det,"/><SP WIDTH="29" VPOS="775" HPOS="851"/>
							<String ID="string_131" HPOS="880" VPOS="788" WIDTH="83" HEIGHT="24" WC="0.96" CONTENT="som"/><SP WIDTH="29" VPOS="788" HPOS="963"/>
							<String ID="string_132" HPOS="992" VPOS="774" WIDTH="76" HEIGHT="37" WC="0.93" CONTENT="kan"/><SP WIDTH="29" VPOS="774" HPOS="1068"/>
							<String ID="string_133" HPOS="1097" VPOS="772" WIDTH="115" HEIGHT="38" WC="0.93" CONTENT="lända"/><SP WIDTH="29" VPOS="772" HPOS="1212"/>
							<String ID="string_134" HPOS="1241" VPOS="772" WIDTH="112" HEIGHT="50" WC="0.95" CONTENT="Byen"/><SP WIDTH="31" VPOS="772" HPOS="1353"/>
							<String ID="string_135" HPOS="1384" VPOS="770" WIDTH="72" HEIGHT="39" WC="0.93" CONTENT="och"/><SP WIDTH="15" VPOS="770" HPOS="1456"/>
							<String ID="string_136" HPOS="1471" VPOS="769" WIDTH="244" HEIGHT="38" WC="0.90" CONTENT="Hemmanen"/><SP WIDTH="19" VPOS="769" HPOS="1715"/>
							<String ID="string_137" HPOS="1734" VPOS="767" WIDTH="60" HEIGHT="38" WC="0.93" CONTENT="till"/><SP WIDTH="18" VPOS="767" HPOS="1794"/>
							<String ID="string_138" HPOS="1812" VPOS="768" WIDTH="77" HEIGHT="37" WC="0.93" CONTENT="för-"/>
						</TextLine>
						<TextLine ID="line_13" HPOS="272" VPOS="821" WIDTH="1617" HEIGHT="55">
							<String ID="string_139" HPOS="272" VPOS="828" WIDTH="62" HEIGHT="38" WC="0.96" CONTENT="del"/><SP WIDTH="30" VPOS="828" HPOS="334"/>
							<String ID="string_140" HPOS="364" VPOS="828" WIDTH="71" HEIGHT="37" WC="0.96" CONTENT="och"/><SP WIDTH="25" VPOS="828" HPOS="435"/>
							<String ID="string_141" HPOS="460" VPOS="832" WIDTH="122" HEIGHT="44" WC="0.95" CONTENT="nytta,"/><SP WIDTH="31" VPOS="832" HPOS="582"/>
							<String ID="string_142" HPOS="613" VPOS="827" WIDTH="73" HEIGHT="37" WC="0.96" CONTENT="och"/><SP WIDTH="28" VPOS="827" HPOS="686"/>
							<String ID="string_143" HPOS="714" VPOS="830" WIDTH="62" HEIGHT="33" WC="0.96" CONTENT="må"/><SP WIDTH="33" VPOS="830" HPOS="776"/>
							<String ID="string_144" HPOS="809" VPOS="827" WIDTH="76" HEIGHT="36" WC="0.96" CONTENT="han"/><SP WIDTH="31" VPOS="827" HPOS="885"/>
							<String ID="string_145" HPOS="916" VPOS="830" WIDTH="49" HEIGHT="46" WC="0.96" CONTENT="på"/><SP WIDTH="28" VPOS="830" HPOS="965"/>
							<String ID="string_146" HPOS="993" VPOS="826" WIDTH="97" HEIGHT="36" WC="0.96" CONTENT="intet"/><SP WIDTH="28" VPOS="826" HPOS="1090"/>
							<String ID="string_147" HPOS="1118" VPOS="830" WIDTH="78" HEIGHT="32" WC="0.96" CONTENT="sätt"/><SP WIDTH="28" VPOS="830" HPOS="1196"/>
							<String ID="string_148" HPOS="1224" VPOS="825" WIDTH="62" HEIGHT="48" WC="0.93" CONTENT="sig"/><SP WIDTH="24" VPOS="825" HPOS="1286"/>
							<String ID="string_149" HPOS="1310" VPOS="824" WIDTH="167" HEIGHT="37" WC="0.91" CONTENT="derifrån"/><SP WIDTH="19" VPOS="824" HPOS="1477"/>
							<String ID="string_150" HPOS="1496" VPOS="823" WIDTH="265" HEIGHT="47" WC="0.91" CONTENT="undandraga."/><SP WIDTH="43" VPOS="823" HPOS="1761"/>
							<String ID="string_151" HPOS="1804" VPOS="821" WIDTH="85" HEIGHT="37" WC="0.40" CONTENT="MBSät-"/>
						</TextLine>
						<TextLine ID="line_14" HPOS="271" VPOS="869" WIDTH="1617" HEIGHT="60">
							<String ID="string_152" HPOS="271" VPOS="887" WIDTH="62" HEIGHT="32" WC="0.96" CONTENT="ter"/><SP WIDTH="28" VPOS="887" HPOS="333"/>
							<String ID="string_153" HPOS="361" VPOS="881" WIDTH="77" HEIGHT="37" WC="0.96" CONTENT="han"/><SP WIDTH="30" VPOS="881" HPOS="438"/>
							<String ID="string_154" HPOS="468" VPOS="880" WIDTH="61" HEIGHT="49" WC="0.91" CONTENT="sig"/><SP WIDTH="28" VPOS="880" HPOS="529"/>
							<String ID="string_155" HPOS="557" VPOS="880" WIDTH="186" HEIGHT="46" WC="0.90" CONTENT="deremot,"/><SP WIDTH="44" VPOS="880" HPOS="743"/>
							<String ID="string_156" HPOS="787" VPOS="885" WIDTH="73" HEIGHT="44" WC="0.92" CONTENT="äge"/><SP WIDTH="29" VPOS="885" HPOS="860"/>
							<String ID="string_157" HPOS="889" VPOS="869" WIDTH="292" HEIGHT="47" WC="0.95" CONTENT="Åldermannen"/><SP WIDTH="28" VPOS="869" HPOS="1181"/>
							<String ID="string_158" HPOS="1209" VPOS="877" WIDTH="71" HEIGHT="37" WC="0.93" CONTENT="och"/><SP WIDTH="26" VPOS="877" HPOS="1280"/>
							<String ID="string_159" HPOS="1306" VPOS="875" WIDTH="225" HEIGHT="38" WC="0.91" CONTENT="Grannarne"/><SP WIDTH="28" VPOS="875" HPOS="1531"/>
							<String ID="string_160" HPOS="1559" VPOS="874" WIDTH="140" HEIGHT="48" WC="0.91" CONTENT="mackt,"/><SP WIDTH="30" VPOS="874" HPOS="1699"/>
							<String ID="string_161" HPOS="1729" VPOS="878" WIDTH="56" HEIGHT="31" WC="0.93" CONTENT="att"/><SP WIDTH="28" VPOS="878" HPOS="1785"/>
							<String ID="string_162" HPOS="1813" VPOS="873" WIDTH="75" HEIGHT="49" WC="0.93" CONTENT="leja"/>
						</TextLine>
						<TextLine ID="line_15" HPOS="272" VPOS="926" WIDTH="1615" HEIGHT="53">
							<String ID="string_163" HPOS="272" VPOS="934" WIDTH="61" HEIGHT="37" WC="0.96" CONTENT="för"/><SP WIDTH="32" VPOS="934" HPOS="333"/>
							<String ID="string_164" HPOS="365" VPOS="934" WIDTH="97" HEIGHT="36" WC="0.96" CONTENT="hans"/><SP WIDTH="36" VPOS="934" HPOS="462"/>
							<String ID="string_165" HPOS="498" VPOS="932" WIDTH="143" HEIGHT="47" WC="0.96" CONTENT="arbete,"/><SP WIDTH="46" VPOS="932" HPOS="641"/>
							<String ID="string_166" HPOS="687" VPOS="933" WIDTH="72" HEIGHT="36" WC="0.95" CONTENT="och"/><SP WIDTH="30" VPOS="933" HPOS="759"/>
							<String ID="string_167" HPOS="789" VPOS="932" WIDTH="118" HEIGHT="37" WC="0.95" CONTENT="sedan"/><SP WIDTH="28" VPOS="932" HPOS="907"/>
							<String ID="string_168" HPOS="935" VPOS="931" WIDTH="43" HEIGHT="37" WC="0.96" CONTENT="af"/><SP WIDTH="23" VPOS="931" HPOS="978"/>
							<String ID="string_169" HPOS="1001" VPOS="932" WIDTH="142" HEIGHT="36" WC="0.93" CONTENT="honom"/><SP WIDTH="29" VPOS="932" HPOS="1143"/>
							<String ID="string_170" HPOS="1172" VPOS="935" WIDTH="137" HEIGHT="43" WC="0.92" CONTENT="uttaga"/><SP WIDTH="28" VPOS="935" HPOS="1309"/>
							<String ID="string_171" HPOS="1337" VPOS="929" WIDTH="116" HEIGHT="48" WC="0.38" CONTENT="ilegan"/><SP WIDTH="27" VPOS="929" HPOS="1453"/>
							<String ID="string_172" HPOS="1480" VPOS="927" WIDTH="60" HEIGHT="37" WC="0.96" CONTENT="för"/><SP WIDTH="28" VPOS="927" HPOS="1540"/>
							<String ID="string_173" HPOS="1568" VPOS="927" WIDTH="161" HEIGHT="47" WC="0.96" CONTENT="arbetet,"/><SP WIDTH="37" VPOS="927" HPOS="1729"/>
							<String ID="string_174" HPOS="1766" VPOS="926" WIDTH="121" HEIGHT="49" WC="0.94" CONTENT="jämte"/>
						</TextLine>
						<TextLine ID="line_16" HPOS="271" VPOS="979" WIDTH="1501" HEIGHT="54">
							<String ID="string_175" HPOS="271" VPOS="986" WIDTH="173" HEIGHT="47" WC="0.91" CONTENT="böterne,"/><SP WIDTH="32" VPOS="986" HPOS="444"/>
							<String ID="string_176" HPOS="476" VPOS="984" WIDTH="97" HEIGHT="37" WC="0.92" CONTENT="efter"/><SP WIDTH="29" VPOS="984" HPOS="573"/>
							<String ID="string_177" HPOS="602" VPOS="984" WIDTH="401" HEIGHT="49" WC="0.92" CONTENT="omständigheterne,"/><SP WIDTH="31" VPOS="984" HPOS="1003"/>
							<String ID="string_178" HPOS="1034" VPOS="983" WIDTH="74" HEIGHT="37" WC="0.93" CONTENT="och"/><SP WIDTH="28" VPOS="983" HPOS="1108"/>
							<String ID="string_179" HPOS="1136" VPOS="982" WIDTH="271" HEIGHT="50" WC="0.91" CONTENT="Byemännens"/><SP WIDTH="30" VPOS="982" HPOS="1407"/>
							<String ID="string_180" HPOS="1437" VPOS="979" WIDTH="275" HEIGHT="51" WC="0.10" CONTENT="bepröfvande."/>
						</TextLine>
					</TextBlock>
					<TextBlock ID="block_3" HPOS="267" VPOS="1029" WIDTH="1620" HEIGHT="307">
						<TextLine ID="line_17" HPOS="378" VPOS="1029" WIDTH="1509" HEIGHT="57">
							<String ID="string_181" HPOS="378" VPOS="1040" WIDTH="77" HEIGHT="45" WC="0.96" CONTENT="29.)"/><SP WIDTH="56" VPOS="1040" HPOS="455"/>
							<String ID="string_182" HPOS="511" VPOS="1036" WIDTH="133" HEIGHT="38" WC="0.95" CONTENT="Skulle"/><SP WIDTH="42" VPOS="1036" HPOS="644"/>
							<String ID="string_183" HPOS="686" VPOS="1040" WIDTH="131" HEIGHT="46" WC="0.95" CONTENT="någon"/><SP WIDTH="43" VPOS="1040" HPOS="817"/>
							<String ID="string_184" HPOS="860" VPOS="1037" WIDTH="42" HEIGHT="36" WC="0.93" CONTENT="af"/><SP WIDTH="38" VPOS="1037" HPOS="902"/>
							<String ID="string_185" HPOS="940" VPOS="1037" WIDTH="255" HEIGHT="48" WC="0.91" CONTENT="Byemännen"/><SP WIDTH="33" VPOS="1037" HPOS="1195"/>
							<String ID="string_186" HPOS="1228" VPOS="1047" WIDTH="92" HEIGHT="24" WC="0.93" CONTENT="vara"/><SP WIDTH="33" VPOS="1047" HPOS="1320"/>
							<String ID="string_187" HPOS="1353" VPOS="1033" WIDTH="122" HEIGHT="47" WC="0.92" CONTENT="borto,"/><SP WIDTH="43" VPOS="1033" HPOS="1475"/>
							<String ID="string_188" HPOS="1518" VPOS="1037" WIDTH="69" HEIGHT="32" WC="0.96" CONTENT="när"/><SP WIDTH="29" VPOS="1037" HPOS="1587"/>
							<String ID="string_189" HPOS="1616" VPOS="1031" WIDTH="47" HEIGHT="37" WC="0.95" CONTENT="de"/><SP WIDTH="28" VPOS="1031" HPOS="1663"/>
							<String ID="string_190" HPOS="1691" VPOS="1031" WIDTH="42" HEIGHT="36" WC="0.93" CONTENT="af"/><SP WIDTH="18" VPOS="1031" HPOS="1733"/>
							<String ID="string_191" HPOS="1751" VPOS="1029" WIDTH="136" HEIGHT="38" WC="0.79" CONTENT="Alder-"/>
						</TextLine>
						<TextLine ID="line_18" HPOS="273" VPOS="1078" WIDTH="1612" HEIGHT="65">
							<String ID="string_192" HPOS="273" VPOS="1103" WIDTH="167" HEIGHT="40" WC="0.92" CONTENT="mannen"/><SP WIDTH="38" VPOS="1103" HPOS="440"/>
							<String ID="string_193" HPOS="478" VPOS="1089" WIDTH="118" HEIGHT="37" WC="0.91" CONTENT="varda"/><SP WIDTH="44" VPOS="1089" HPOS="596"/>
							<String ID="string_194" HPOS="640" VPOS="1089" WIDTH="341" HEIGHT="46" WC="0.96" CONTENT="sammankallade,"/><SP WIDTH="44" VPOS="1089" HPOS="981"/>
							<String ID="string_195" HPOS="1025" VPOS="1088" WIDTH="69" HEIGHT="37" WC="0.96" CONTENT="bör"/><SP WIDTH="42" VPOS="1088" HPOS="1094"/>
							<String ID="string_196" HPOS="1136" VPOS="1087" WIDTH="75" HEIGHT="36" WC="0.96" CONTENT="den"/><SP WIDTH="42" VPOS="1087" HPOS="1211"/>
							<String ID="string_197" HPOS="1253" VPOS="1099" WIDTH="158" HEIGHT="33" WC="0.95" CONTENT="samma,"/><SP WIDTH="44" VPOS="1099" HPOS="1411"/>
							<String ID="string_198" HPOS="1455" VPOS="1085" WIDTH="65" HEIGHT="36" WC="0.95" CONTENT="vid"/><SP WIDTH="41" VPOS="1085" HPOS="1520"/>
							<String ID="string_199" HPOS="1561" VPOS="1084" WIDTH="60" HEIGHT="36" WC="0.96" CONTENT="sin"/><SP WIDTH="34" VPOS="1084" HPOS="1621"/>
							<String ID="string_200" HPOS="1655" VPOS="1078" WIDTH="230" HEIGHT="57" WC="0.96" CONTENT="hemkomst,"/>
						</TextLine>
						<TextLine ID="line_19" HPOS="272" VPOS="1135" WIDTH="1614" HEIGHT="55">
							<String ID="string_201" HPOS="272" VPOS="1143" WIDTH="71" HEIGHT="37" WC="0.96" CONTENT="hos"/><SP WIDTH="28" VPOS="1143" HPOS="343"/>
							<String ID="string_202" HPOS="371" VPOS="1141" WIDTH="290" HEIGHT="37" WC="0.95" CONTENT="Åldermannen"/><SP WIDTH="29" VPOS="1141" HPOS="661"/>
							<String ID="string_203" HPOS="690" VPOS="1142" WIDTH="63" HEIGHT="48" WC="0.96" CONTENT="sig"/><SP WIDTH="28" VPOS="1142" HPOS="753"/>
							<String ID="string_204" HPOS="781" VPOS="1141" WIDTH="239" HEIGHT="46" WC="0.96" CONTENT="underrätta,"/><SP WIDTH="37" VPOS="1141" HPOS="1020"/>
							<String ID="string_205" HPOS="1057" VPOS="1154" WIDTH="60" HEIGHT="22" WC="0.96" CONTENT="om"/><SP WIDTH="29" VPOS="1154" HPOS="1117"/>
							<String ID="string_206" HPOS="1146" VPOS="1139" WIDTH="101" HEIGHT="37" WC="0.96" CONTENT="hvad"/><SP WIDTH="32" VPOS="1139" HPOS="1247"/>
							<String ID="string_207" HPOS="1279" VPOS="1139" WIDTH="47" HEIGHT="36" WC="0.93" CONTENT="då"/><SP WIDTH="28" VPOS="1139" HPOS="1326"/>
							<String ID="string_208" HPOS="1354" VPOS="1137" WIDTH="159" HEIGHT="38" WC="0.92" CONTENT="beslutit"/><SP WIDTH="27" VPOS="1137" HPOS="1513"/>
							<String ID="string_209" HPOS="1540" VPOS="1135" WIDTH="138" HEIGHT="46" WC="0.96" CONTENT="blifvit,"/><SP WIDTH="39" VPOS="1135" HPOS="1678"/>
							<String ID="string_210" HPOS="1717" VPOS="1135" WIDTH="94" HEIGHT="37" WC="0.93" CONTENT="eller"/><SP WIDTH="24" VPOS="1135" HPOS="1811"/>
							<String ID="string_211" HPOS="1835" VPOS="1135" WIDTH="51" HEIGHT="36" WC="0.92" CONTENT="el-"/>
						</TextLine>
						<TextLine ID="line_20" HPOS="267" VPOS="1187" WIDTH="1617" HEIGHT="58">
							<String ID="string_212" HPOS="267" VPOS="1195" WIDTH="82" HEIGHT="50" WC="0.92" CONTENT="jest"/><SP WIDTH="28" VPOS="1195" HPOS="349"/>
							<String ID="string_213" HPOS="377" VPOS="1194" WIDTH="77" HEIGHT="37" WC="0.96" CONTENT="kan"/><SP WIDTH="27" VPOS="1194" HPOS="454"/>
							<String ID="string_214" HPOS="481" VPOS="1206" WIDTH="95" HEIGHT="23" WC="0.93" CONTENT="vara"/><SP WIDTH="28" VPOS="1206" HPOS="576"/>
							<String ID="string_215" HPOS="604" VPOS="1192" WIDTH="130" HEIGHT="49" WC="0.92" CONTENT="befalt,"/><SP WIDTH="31" VPOS="1192" HPOS="734"/>
							<String ID="string_216" HPOS="765" VPOS="1193" WIDTH="72" HEIGHT="37" WC="0.96" CONTENT="och"/><SP WIDTH="29" VPOS="1193" HPOS="837"/>
							<String ID="string_217" HPOS="866" VPOS="1206" WIDTH="91" HEIGHT="23" WC="0.96" CONTENT="vare"/><SP WIDTH="29" VPOS="1206" HPOS="957"/>
							<String ID="string_218" HPOS="986" VPOS="1192" WIDTH="77" HEIGHT="36" WC="0.96" CONTENT="han"/><SP WIDTH="29" VPOS="1192" HPOS="1063"/>
							<String ID="string_219" HPOS="1092" VPOS="1191" WIDTH="117" HEIGHT="37" WC="0.96" CONTENT="sedan"/><SP WIDTH="30" VPOS="1191" HPOS="1209"/>
							<String ID="string_220" HPOS="1239" VPOS="1189" WIDTH="170" HEIGHT="49" WC="0.96" CONTENT="skyldig,"/><SP WIDTH="31" VPOS="1189" HPOS="1409"/>
							<String ID="string_221" HPOS="1440" VPOS="1190" WIDTH="215" HEIGHT="35" WC="0.96" CONTENT="detsamma"/><SP WIDTH="28" VPOS="1190" HPOS="1655"/>
							<String ID="string_222" HPOS="1683" VPOS="1188" WIDTH="13" HEIGHT="35" WC="0.96" CONTENT="i"/><SP WIDTH="29" VPOS="1188" HPOS="1696"/>
							<String ID="string_223" HPOS="1725" VPOS="1188" WIDTH="76" HEIGHT="35" WC="0.93" CONTENT="alla"/><SP WIDTH="19" VPOS="1188" HPOS="1801"/>
							<String ID="string_224" HPOS="1820" VPOS="1187" WIDTH="64" HEIGHT="36" WC="0.91" CONTENT="de-"/>
						</TextLine>
						<TextLine ID="line_21" HPOS="272" VPOS="1240" WIDTH="1612" HEIGHT="53">
							<String ID="string_225" HPOS="272" VPOS="1248" WIDTH="58" HEIGHT="36" WC="0.95" CONTENT="lar"/><SP WIDTH="40" VPOS="1248" HPOS="330"/>
							<String ID="string_226" HPOS="370" VPOS="1251" WIDTH="40" HEIGHT="31" WC="0.93" CONTENT="at"/><SP WIDTH="42" VPOS="1251" HPOS="410"/>
							<String ID="string_227" HPOS="452" VPOS="1245" WIDTH="215" HEIGHT="48" WC="0.91" CONTENT="efterlefva,"/><SP WIDTH="43" VPOS="1245" HPOS="667"/>
							<String ID="string_228" HPOS="710" VPOS="1245" WIDTH="77" HEIGHT="36" WC="0.96" CONTENT="lika"/><SP WIDTH="44" VPOS="1245" HPOS="787"/>
							<String ID="string_229" HPOS="831" VPOS="1258" WIDTH="81" HEIGHT="24" WC="0.96" CONTENT="som"/><SP WIDTH="45" VPOS="1258" HPOS="912"/>
							<String ID="string_230" HPOS="957" VPOS="1244" WIDTH="76" HEIGHT="37" WC="0.96" CONTENT="han"/><SP WIDTH="35" VPOS="1244" HPOS="1033"/>
							<String ID="string_231" HPOS="1068" VPOS="1243" WIDTH="91" HEIGHT="49" WC="0.96" CONTENT="sjelf"/><SP WIDTH="29" VPOS="1243" HPOS="1159"/>
							<String ID="string_232" HPOS="1188" VPOS="1242" WIDTH="100" HEIGHT="37" WC="0.96" CONTENT="varit"/><SP WIDTH="32" VPOS="1242" HPOS="1288"/>
							<String ID="string_233" HPOS="1320" VPOS="1241" WIDTH="67" HEIGHT="37" WC="0.96" CONTENT="vid"/><SP WIDTH="28" VPOS="1241" HPOS="1387"/>
							<String ID="string_234" HPOS="1415" VPOS="1240" WIDTH="355" HEIGHT="38" WC="0.93" CONTENT="sammankomsten"/><SP WIDTH="28" VPOS="1240" HPOS="1770"/>
							<String ID="string_235" HPOS="1798" VPOS="1243" WIDTH="86" HEIGHT="32" WC="0.92" CONTENT="när-"/>
						</TextLine>
						<TextLine ID="line_22" HPOS="273" VPOS="1298" WIDTH="183" HEIGHT="38">
							<String ID="string_236" HPOS="273" VPOS="1298" WIDTH="183" HEIGHT="38" WC="0.96" CONTENT="varande."/>
						</TextLine>
					</TextBlock>
					<TextBlock ID="block_4" HPOS="273" VPOS="1343" WIDTH="1613" HEIGHT="213">
						<TextLine ID="line_23" HPOS="404" VPOS="1343" WIDTH="1479" HEIGHT="56">
							<String ID="string_237" HPOS="404" VPOS="1352" WIDTH="77" HEIGHT="45" WC="0.96" CONTENT="30.)"/><SP WIDTH="55" VPOS="1352" HPOS="481"/>
							<String ID="string_238" HPOS="536" VPOS="1349" WIDTH="126" HEIGHT="49" WC="0.96" CONTENT="Ingen"/><SP WIDTH="35" VPOS="1349" HPOS="662"/>
							<String ID="string_239" HPOS="697" VPOS="1352" WIDTH="62" HEIGHT="34" WC="0.91" CONTENT="må"/><SP WIDTH="34" VPOS="1352" HPOS="759"/>
							<String ID="string_240" HPOS="793" VPOS="1349" WIDTH="289" HEIGHT="50" WC="0.91" CONTENT="Inhyses-hion,"/><SP WIDTH="43" VPOS="1349" HPOS="1082"/>
							<String ID="string_241" HPOS="1125" VPOS="1348" WIDTH="94" HEIGHT="36" WC="0.96" CONTENT="eller"/><SP WIDTH="27" VPOS="1348" HPOS="1219"/>
							<String ID="string_242" HPOS="1246" VPOS="1352" WIDTH="118" HEIGHT="32" WC="0.96" CONTENT="annat"/><SP WIDTH="28" VPOS="1352" HPOS="1364"/>
							<String ID="string_243" HPOS="1392" VPOS="1346" WIDTH="93" HEIGHT="48" WC="0.96" CONTENT="folk,"/><SP WIDTH="30" VPOS="1346" HPOS="1485"/>
							<String ID="string_244" HPOS="1515" VPOS="1345" WIDTH="43" HEIGHT="37" WC="0.96" CONTENT="af"/><SP WIDTH="23" VPOS="1345" HPOS="1558"/>
							<String ID="string_245" HPOS="1581" VPOS="1344" WIDTH="150" HEIGHT="37" WC="0.93" CONTENT="mindre"/><SP WIDTH="28" VPOS="1344" HPOS="1731"/>
							<String ID="string_246" HPOS="1759" VPOS="1343" WIDTH="124" HEIGHT="49" WC="0.91" CONTENT="frägd,"/>
						</TextLine>
						<TextLine ID="line_24" HPOS="273" VPOS="1395" WIDTH="1613" HEIGHT="59">
							<String ID="string_247" HPOS="273" VPOS="1406" WIDTH="50" HEIGHT="48" WC="0.96" CONTENT="på"/><SP WIDTH="27" VPOS="1406" HPOS="323"/>
							<String ID="string_248" HPOS="350" VPOS="1402" WIDTH="86" HEIGHT="37" WC="0.93" CONTENT="sina"/><SP WIDTH="29" VPOS="1402" HPOS="436"/>
							<String ID="string_249" HPOS="465" VPOS="1415" WIDTH="94" HEIGHT="36" WC="0.91" CONTENT="egor"/><SP WIDTH="27" VPOS="1415" HPOS="559"/>
							<String ID="string_250" HPOS="586" VPOS="1402" WIDTH="147" HEIGHT="50" WC="0.96" CONTENT="intaga,"/><SP WIDTH="30" VPOS="1402" HPOS="733"/>
							<String ID="string_251" HPOS="763" VPOS="1402" WIDTH="118" HEIGHT="36" WC="0.93" CONTENT="innan"/><SP WIDTH="30" VPOS="1402" HPOS="881"/>
							<String ID="string_252" HPOS="911" VPOS="1401" WIDTH="228" HEIGHT="37" WC="0.91" CONTENT="Grannarne"/><SP WIDTH="27" VPOS="1401" HPOS="1139"/>
							<String ID="string_253" HPOS="1166" VPOS="1399" WIDTH="116" HEIGHT="50" WC="0.91" CONTENT="gifvit"/><SP WIDTH="27" VPOS="1399" HPOS="1282"/>
							<String ID="string_254" HPOS="1309" VPOS="1398" WIDTH="116" HEIGHT="38" WC="0.91" CONTENT="därtil"/><SP WIDTH="24" VPOS="1398" HPOS="1425"/>
							<String ID="string_255" HPOS="1449" VPOS="1398" WIDTH="68" HEIGHT="37" WC="0.96" CONTENT="sitt"/><SP WIDTH="26" VPOS="1398" HPOS="1517"/>
							<String ID="string_256" HPOS="1543" VPOS="1397" WIDTH="125" HEIGHT="46" WC="0.92" CONTENT="bifall;"/><SP WIDTH="39" VPOS="1397" HPOS="1668"/>
							<String ID="string_257" HPOS="1707" VPOS="1396" WIDTH="94" HEIGHT="37" WC="0.92" CONTENT="Giör"/><SP WIDTH="21" VPOS="1396" HPOS="1801"/>
							<String ID="string_258" HPOS="1822" VPOS="1395" WIDTH="64" HEIGHT="37" WC="0.96" CONTENT="det"/>
						</TextLine>
						<TextLine ID="line_25" HPOS="275" VPOS="1449" WIDTH="1609" HEIGHT="55">
							<String ID="string_259" HPOS="275" VPOS="1459" WIDTH="140" HEIGHT="45" WC="0.93" CONTENT="någon,"/><SP WIDTH="30" VPOS="1459" HPOS="415"/>
							<String ID="string_260" HPOS="445" VPOS="1454" WIDTH="145" HEIGHT="50" WC="0.92" CONTENT="plickte"/><SP WIDTH="28" VPOS="1454" HPOS="590"/>
							<String ID="string_261" HPOS="618" VPOS="1477" WIDTH="51" HEIGHT="3" WC="0.92" CONTENT="—"/><SP WIDTH="25" VPOS="1477" HPOS="669"/>
							<String ID="string_262" HPOS="694" VPOS="1477" WIDTH="50" HEIGHT="4" WC="0.88" CONTENT="—"/><SP WIDTH="28" VPOS="1477" HPOS="744"/>
							<String ID="string_263" HPOS="772" VPOS="1454" WIDTH="84" HEIGHT="38" WC="0.93" CONTENT="Dal."/><SP WIDTH="33" VPOS="1454" HPOS="856"/>
							<String ID="string_264" HPOS="889" VPOS="1453" WIDTH="108" HEIGHT="49" WC="0.93" CONTENT="Sm:t,"/><SP WIDTH="31" VPOS="1453" HPOS="997"/>
							<String ID="string_265" HPOS="1028" VPOS="1453" WIDTH="71" HEIGHT="37" WC="0.96" CONTENT="och"/><SP WIDTH="28" VPOS="1453" HPOS="1099"/>
							<String ID="string_266" HPOS="1127" VPOS="1465" WIDTH="91" HEIGHT="24" WC="0.96" CONTENT="vare"/><SP WIDTH="29" VPOS="1465" HPOS="1218"/>
							<String ID="string_267" HPOS="1247" VPOS="1452" WIDTH="97" HEIGHT="37" WC="0.96" CONTENT="ändå"/><SP WIDTH="28" VPOS="1452" HPOS="1344"/>
							<String ID="string_268" HPOS="1372" VPOS="1449" WIDTH="218" HEIGHT="38" WC="0.96" CONTENT="förbunden"/><SP WIDTH="29" VPOS="1449" HPOS="1590"/>
							<String ID="string_269" HPOS="1619" VPOS="1449" WIDTH="110" HEIGHT="48" WC="0.93" CONTENT="slike,"/><SP WIDTH="25" VPOS="1449" HPOS="1729"/>
							<String ID="string_270" HPOS="1754" VPOS="1460" WIDTH="130" HEIGHT="38" WC="0.92" CONTENT="perso-"/>
						</TextLine>
						<TextLine ID="line_26" HPOS="274" VPOS="1502" WIDTH="1452" HEIGHT="54">
							<String ID="string_271" HPOS="274" VPOS="1521" WIDTH="71" HEIGHT="24" WC="0.95" CONTENT="ner"/><SP WIDTH="30" VPOS="1521" HPOS="345"/>
							<String ID="string_272" HPOS="375" VPOS="1512" WIDTH="124" HEIGHT="32" WC="0.93" CONTENT="straxt"/><SP WIDTH="29" VPOS="1512" HPOS="499"/>
							<String ID="string_273" HPOS="528" VPOS="1506" WIDTH="222" HEIGHT="49" WC="0.92" CONTENT="bortskaffa,"/><SP WIDTH="29" VPOS="1506" HPOS="750"/>
							<String ID="string_274" HPOS="779" VPOS="1508" WIDTH="68" HEIGHT="35" WC="0.93" CONTENT="der"/><SP WIDTH="27" VPOS="1508" HPOS="847"/>
							<String ID="string_275" HPOS="874" VPOS="1507" WIDTH="250" HEIGHT="49" WC="0.92" CONTENT="Byemännen"/><SP WIDTH="30" VPOS="1507" HPOS="1124"/>
							<String ID="string_276" HPOS="1154" VPOS="1504" WIDTH="137" HEIGHT="37" WC="0.93" CONTENT="sådant"/><SP WIDTH="27" VPOS="1504" HPOS="1291"/>
							<String ID="string_277" HPOS="1318" VPOS="1503" WIDTH="159" HEIGHT="49" WC="0.90" CONTENT="begiära"/><SP WIDTH="29" VPOS="1503" HPOS="1477"/>
							<String ID="string_278" HPOS="1506" VPOS="1502" WIDTH="71" HEIGHT="37" WC="0.96" CONTENT="och"/><SP WIDTH="28" VPOS="1502" HPOS="1577"/>
							<String ID="string_279" HPOS="1605" VPOS="1504" WIDTH="121" HEIGHT="47" WC="0.96" CONTENT="påstå."/>
						</TextLine>
					</TextBlock>
					<TextBlock ID="block_5" HPOS="274" VPOS="1553" WIDTH="1609" HEIGHT="200">
						<TextLine ID="line_27" HPOS="405" VPOS="1553" WIDTH="1478" HEIGHT="54">
							<String ID="string_280" HPOS="405" VPOS="1558" WIDTH="76" HEIGHT="49" WC="0.94" CONTENT="31.)"/><SP WIDTH="56" VPOS="1558" HPOS="481"/>
							<String ID="string_281" HPOS="537" VPOS="1557" WIDTH="67" HEIGHT="37" WC="0.93" CONTENT="Alt"/><SP WIDTH="28" VPOS="1557" HPOS="604"/>
							<String ID="string_282" HPOS="632" VPOS="1558" WIDTH="99" HEIGHT="37" WC="0.93" CONTENT="ifrån"/><SP WIDTH="27" VPOS="1558" HPOS="731"/>
							<String ID="string_283" HPOS="758" VPOS="1559" WIDTH="115" HEIGHT="36" WC="0.92" CONTENT="kälen"/><SP WIDTH="29" VPOS="1559" HPOS="873"/>
							<String ID="string_284" HPOS="902" VPOS="1561" WIDTH="71" HEIGHT="46" WC="0.93" CONTENT="går"/><SP WIDTH="23" VPOS="1561" HPOS="973"/>
							<String ID="string_285" HPOS="996" VPOS="1564" WIDTH="88" HEIGHT="30" WC="0.92" CONTENT="utur"/><SP WIDTH="27" VPOS="1564" HPOS="1084"/>
							<String ID="string_286" HPOS="1111" VPOS="1557" WIDTH="157" HEIGHT="43" WC="0.96" CONTENT="Jorden,"/><SP WIDTH="24" VPOS="1557" HPOS="1268"/>
							<String ID="string_287" HPOS="1292" VPOS="1556" WIDTH="45" HEIGHT="36" WC="0.96" CONTENT="til"/><SP WIDTH="28" VPOS="1556" HPOS="1337"/>
							<String ID="string_288" HPOS="1365" VPOS="1556" WIDTH="67" HEIGHT="36" WC="0.96" CONTENT="des"/><SP WIDTH="29" VPOS="1556" HPOS="1432"/>
							<String ID="string_289" HPOS="1461" VPOS="1555" WIDTH="79" HEIGHT="36" WC="0.96" CONTENT="hon"/><SP WIDTH="21" VPOS="1555" HPOS="1540"/>
							<String ID="string_290" HPOS="1561" VPOS="1557" WIDTH="81" HEIGHT="34" WC="0.92" CONTENT="åter"/><SP WIDTH="21" VPOS="1557" HPOS="1642"/>
							<String ID="string_291" HPOS="1663" VPOS="1553" WIDTH="115" HEIGHT="37" WC="0.92" CONTENT="kälad"/><SP WIDTH="19" VPOS="1553" HPOS="1778"/>
							<String ID="string_292" HPOS="1797" VPOS="1566" WIDTH="86" HEIGHT="23" WC="0.93" CONTENT="var-"/>
						</TextLine>
						<TextLine ID="line_28" HPOS="276" VPOS="1604" WIDTH="1605" HEIGHT="55">
							<String ID="string_293" HPOS="276" VPOS="1612" WIDTH="79" HEIGHT="47" WC="0.95" CONTENT="der,"/><SP WIDTH="40" VPOS="1612" HPOS="355"/>
							<String ID="string_294" HPOS="395" VPOS="1611" WIDTH="93" HEIGHT="37" WC="0.96" CONTENT="böra"/><SP WIDTH="29" VPOS="1611" HPOS="488"/>
							<String ID="string_295" HPOS="517" VPOS="1610" WIDTH="136" HEIGHT="37" WC="0.96" CONTENT="svinen"/><SP WIDTH="30" VPOS="1610" HPOS="653"/>
							<String ID="string_296" HPOS="683" VPOS="1624" WIDTH="91" HEIGHT="24" WC="0.91" CONTENT="vara"/><SP WIDTH="29" VPOS="1624" HPOS="774"/>
							<String ID="string_297" HPOS="803" VPOS="1610" WIDTH="174" HEIGHT="49" WC="0.91" CONTENT="ringade,"/><SP WIDTH="36" VPOS="1610" HPOS="977"/>
							<String ID="string_298" HPOS="1013" VPOS="1610" WIDTH="71" HEIGHT="37" WC="0.96" CONTENT="och"/><SP WIDTH="29" VPOS="1610" HPOS="1084"/>
							<String ID="string_299" HPOS="1113" VPOS="1609" WIDTH="108" HEIGHT="37" WC="0.96" CONTENT="skola"/><SP WIDTH="28" VPOS="1609" HPOS="1221"/>
							<String ID="string_300" HPOS="1249" VPOS="1609" WIDTH="47" HEIGHT="36" WC="0.96" CONTENT="de"/><SP WIDTH="30" VPOS="1609" HPOS="1296"/>
							<String ID="string_301" HPOS="1326" VPOS="1608" WIDTH="109" HEIGHT="47" WC="0.96" CONTENT="ändå,"/><SP WIDTH="34" VPOS="1608" HPOS="1435"/>
							<String ID="string_302" HPOS="1469" VPOS="1611" WIDTH="69" HEIGHT="33" WC="0.96" CONTENT="när"/><SP WIDTH="28" VPOS="1611" HPOS="1538"/>
							<String ID="string_303" HPOS="1566" VPOS="1606" WIDTH="120" HEIGHT="37" WC="0.93" CONTENT="säden"/><SP WIDTH="27" VPOS="1606" HPOS="1686"/>
							<String ID="string_304" HPOS="1713" VPOS="1604" WIDTH="168" HEIGHT="48" WC="0.92" CONTENT="inköres,"/>
						</TextLine>
						<TextLine ID="line_29" HPOS="274" VPOS="1657" WIDTH="1608" HEIGHT="54">
							<String ID="string_305" HPOS="274" VPOS="1676" WIDTH="93" HEIGHT="24" WC="0.92" CONTENT="vara"/><SP WIDTH="28" VPOS="1676" HPOS="367"/>
							<String ID="string_306" HPOS="395" VPOS="1662" WIDTH="210" HEIGHT="49" WC="0.92" CONTENT="instängde"/><SP WIDTH="30" VPOS="1662" HPOS="605"/>
							<String ID="string_307" HPOS="635" VPOS="1662" WIDTH="94" HEIGHT="37" WC="0.96" CONTENT="eller"/><SP WIDTH="27" VPOS="1662" HPOS="729"/>
							<String ID="string_308" HPOS="756" VPOS="1676" WIDTH="46" HEIGHT="23" WC="0.96" CONTENT="ur"/><SP WIDTH="27" VPOS="1676" HPOS="802"/>
							<String ID="string_309" HPOS="829" VPOS="1667" WIDTH="143" HEIGHT="44" WC="0.96" CONTENT="vägen;"/><SP WIDTH="43" VPOS="1667" HPOS="972"/>
							<String ID="string_310" HPOS="1015" VPOS="1662" WIDTH="107" HEIGHT="36" WC="0.96" CONTENT="Hvar"/><SP WIDTH="28" VPOS="1662" HPOS="1122"/>
							<String ID="string_311" HPOS="1150" VPOS="1674" WIDTH="82" HEIGHT="23" WC="0.93" CONTENT="som"/><SP WIDTH="28" VPOS="1674" HPOS="1232"/>
							<String ID="string_312" HPOS="1260" VPOS="1661" WIDTH="175" HEIGHT="35" WC="0.92" CONTENT="häremot"/><SP WIDTH="29" VPOS="1661" HPOS="1435"/>
							<String ID="string_313" HPOS="1464" VPOS="1659" WIDTH="143" HEIGHT="49" WC="0.93" CONTENT="bryter,"/><SP WIDTH="43" VPOS="1659" HPOS="1607"/>
							<String ID="string_314" HPOS="1650" VPOS="1657" WIDTH="145" HEIGHT="50" WC="0.93" CONTENT="plickte"/><SP WIDTH="29" VPOS="1657" HPOS="1795"/>
							<String ID="string_315" HPOS="1824" VPOS="1657" WIDTH="58" HEIGHT="36" WC="0.96" CONTENT="för"/>
						</TextLine>
						<TextLine ID="line_30" HPOS="275" VPOS="1715" WIDTH="239" HEIGHT="38">
							<String ID="string_316" HPOS="275" VPOS="1715" WIDTH="114" HEIGHT="38" WC="0.91" CONTENT="hvart"/><SP WIDTH="28" VPOS="1715" HPOS="389"/>
							<String ID="string_317" HPOS="417" VPOS="1715" WIDTH="97" HEIGHT="37" WC="0.96" CONTENT="svin."/>
						</TextLine>
					</TextBlock>
					<TextBlock ID="block_6" HPOS="274" VPOS="1759" WIDTH="1607" HEIGHT="419">
						<TextLine ID="line_31" HPOS="407" VPOS="1759" WIDTH="1472" HEIGHT="56">
							<String ID="string_318" HPOS="407" VPOS="1767" WIDTH="75" HEIGHT="48" WC="0.96" CONTENT="32.)"/><SP WIDTH="57" VPOS="1767" HPOS="482"/>
							<String ID="string_319" HPOS="539" VPOS="1766" WIDTH="76" HEIGHT="36" WC="0.96" CONTENT="Bar"/><SP WIDTH="33" VPOS="1766" HPOS="615"/>
							<String ID="string_320" HPOS="648" VPOS="1766" WIDTH="62" HEIGHT="37" WC="0.95" CONTENT="eld"/><SP WIDTH="34" VPOS="1766" HPOS="710"/>
							<String ID="string_321" HPOS="744" VPOS="1769" WIDTH="61" HEIGHT="34" WC="0.96" CONTENT="må"/><SP WIDTH="29" VPOS="1769" HPOS="805"/>
							<String ID="string_322" HPOS="834" VPOS="1766" WIDTH="32" HEIGHT="49" WC="0.96" CONTENT="ej"/><SP WIDTH="31" VPOS="1766" HPOS="866"/>
							<String ID="string_323" HPOS="897" VPOS="1765" WIDTH="111" HEIGHT="37" WC="0.88" CONTENT="bäras"/><SP WIDTH="28" VPOS="1765" HPOS="1008"/>
							<String ID="string_324" HPOS="1036" VPOS="1764" WIDTH="241" HEIGHT="37" WC="0.90" CONTENT="Hemmanen"/><SP WIDTH="28" VPOS="1764" HPOS="1277"/>
							<String ID="string_325" HPOS="1305" VPOS="1762" WIDTH="175" HEIGHT="49" WC="0.95" CONTENT="emellan,"/><SP WIDTH="43" VPOS="1762" HPOS="1480"/>
							<String ID="string_326" HPOS="1523" VPOS="1762" WIDTH="32" HEIGHT="49" WC="0.96" CONTENT="ej"/><SP WIDTH="30" VPOS="1762" HPOS="1555"/>
							<String ID="string_327" HPOS="1585" VPOS="1761" WIDTH="120" HEIGHT="37" WC="0.95" CONTENT="heller"/><SP WIDTH="28" VPOS="1761" HPOS="1705"/>
							<String ID="string_328" HPOS="1733" VPOS="1760" WIDTH="12" HEIGHT="36" WC="0.96" CONTENT="i"/><SP WIDTH="28" VPOS="1760" HPOS="1745"/>
							<String ID="string_329" HPOS="1773" VPOS="1759" WIDTH="106" HEIGHT="46" WC="0.96" CONTENT="Stall,"/>
						</TextLine>
						<TextLine ID="line_32" HPOS="275" VPOS="1812" WIDTH="1606" HEIGHT="54">
							<String ID="string_330" HPOS="275" VPOS="1820" WIDTH="141" HEIGHT="46" WC="0.92" CONTENT="Fähus,"/><SP WIDTH="30" VPOS="1820" HPOS="416"/>
							<String ID="string_331" HPOS="446" VPOS="1817" WIDTH="106" HEIGHT="38" WC="0.96" CONTENT="Lada"/><SP WIDTH="29" VPOS="1817" HPOS="552"/>
							<String ID="string_332" HPOS="581" VPOS="1818" WIDTH="92" HEIGHT="37" WC="0.96" CONTENT="eller"/><SP WIDTH="27" VPOS="1818" HPOS="673"/>
							<String ID="string_333" HPOS="700" VPOS="1823" WIDTH="119" HEIGHT="32" WC="0.96" CONTENT="annat"/><SP WIDTH="27" VPOS="1823" HPOS="819"/>
							<String ID="string_334" HPOS="846" VPOS="1817" WIDTH="138" HEIGHT="48" WC="0.96" CONTENT="Uthus,"/><SP WIDTH="31" VPOS="1817" HPOS="984"/>
							<String ID="string_335" HPOS="1015" VPOS="1817" WIDTH="71" HEIGHT="36" WC="0.97" CONTENT="och"/><SP WIDTH="30" VPOS="1817" HPOS="1086"/>
							<String ID="string_336" HPOS="1116" VPOS="1816" WIDTH="83" HEIGHT="37" WC="0.96" CONTENT="skal"/><SP WIDTH="18" VPOS="1816" HPOS="1199"/>
							<String ID="string_337" HPOS="1217" VPOS="1815" WIDTH="147" HEIGHT="50" WC="0.74" CONTENT="jämväl"/><SP WIDTH="19" VPOS="1815" HPOS="1364"/>
							<String ID="string_338" HPOS="1383" VPOS="1815" WIDTH="12" HEIGHT="36" WC="0.74" CONTENT="i"/><SP WIDTH="22" VPOS="1815" HPOS="1395"/>
							<String ID="string_339" HPOS="1417" VPOS="1815" WIDTH="111" HEIGHT="36" WC="0.93" CONTENT="desse"/><SP WIDTH="21" VPOS="1815" HPOS="1528"/>
							<String ID="string_340" HPOS="1549" VPOS="1827" WIDTH="84" HEIGHT="23" WC="0.96" CONTENT="rum"/><SP WIDTH="21" VPOS="1827" HPOS="1633"/>
							<String ID="string_341" HPOS="1654" VPOS="1813" WIDTH="53" HEIGHT="37" WC="0.93" CONTENT="alt"/><SP WIDTH="18" VPOS="1813" HPOS="1707"/>
							<String ID="string_342" HPOS="1725" VPOS="1812" WIDTH="156" HEIGHT="37" WC="0.92" CONTENT="tobaks-"/>
						</TextLine>
						<TextLine ID="line_33" HPOS="275" VPOS="1863" WIDTH="1606" HEIGHT="55">
							<String ID="string_343" HPOS="275" VPOS="1871" WIDTH="172" HEIGHT="37" WC="0.96" CONTENT="rökande"/><SP WIDTH="40" VPOS="1871" HPOS="447"/>
							<String ID="string_344" HPOS="487" VPOS="1883" WIDTH="93" HEIGHT="24" WC="0.92" CONTENT="vara"/><SP WIDTH="42" VPOS="1883" HPOS="580"/>
							<String ID="string_345" HPOS="622" VPOS="1870" WIDTH="186" HEIGHT="38" WC="0.92" CONTENT="förbudit:"/><SP WIDTH="56" VPOS="1870" HPOS="808"/>
							<String ID="string_346" HPOS="864" VPOS="1870" WIDTH="45" HEIGHT="48" WC="0.89" CONTENT="Ej"/><SP WIDTH="45" VPOS="1870" HPOS="909"/>
							<String ID="string_347" HPOS="954" VPOS="1872" WIDTH="61" HEIGHT="34" WC="0.94" CONTENT="må"/><SP WIDTH="40" VPOS="1872" HPOS="1015"/>
							<String ID="string_348" HPOS="1055" VPOS="1868" WIDTH="60" HEIGHT="37" WC="0.96" CONTENT="eld"/><SP WIDTH="41" VPOS="1868" HPOS="1115"/>
							<String ID="string_349" HPOS="1156" VPOS="1868" WIDTH="148" HEIGHT="37" WC="0.87" CONTENT="lämnas"/><SP WIDTH="42" VPOS="1868" HPOS="1304"/>
							<String ID="string_350" HPOS="1346" VPOS="1867" WIDTH="150" HEIGHT="37" WC="0.87" CONTENT="osläckt"/><SP WIDTH="42" VPOS="1867" HPOS="1496"/>
							<String ID="string_351" HPOS="1538" VPOS="1866" WIDTH="93" HEIGHT="36" WC="0.93" CONTENT="eller"/><SP WIDTH="41" VPOS="1866" HPOS="1631"/>
							<String ID="string_352" HPOS="1672" VPOS="1863" WIDTH="209" HEIGHT="39" WC="0.90" CONTENT="ovårdad"/><SP WIDTH="-24" VPOS="1863" HPOS="1881"/>
							<String ID="string_353" HPOS="1857" VPOS="1859" WIDTH="29" HEIGHT="63" WC="0.95" CONTENT="i"/>
						</TextLine>
						<TextLine ID="line_34" HPOS="280" VPOS="1915" WIDTH="1600" HEIGHT="57">
							<String ID="string_354" HPOS="280" VPOS="1924" WIDTH="128" HEIGHT="47" WC="0.92" CONTENT="kölna,"/><SP WIDTH="40" VPOS="1924" HPOS="408"/>
							<String ID="string_355" HPOS="448" VPOS="1928" WIDTH="150" HEIGHT="44" WC="0.93" CONTENT="porten,"/><SP WIDTH="43" VPOS="1928" HPOS="598"/>
							<String ID="string_356" HPOS="641" VPOS="1922" WIDTH="192" HEIGHT="50" WC="0.92" CONTENT="badstuga"/><SP WIDTH="41" VPOS="1922" HPOS="833"/>
							<String ID="string_357" HPOS="874" VPOS="1922" WIDTH="93" HEIGHT="36" WC="0.93" CONTENT="eller"/><SP WIDTH="40" VPOS="1922" HPOS="967"/>
							<String ID="string_358" HPOS="1007" VPOS="1920" WIDTH="157" HEIGHT="47" WC="0.89" CONTENT="smedia,"/><SP WIDTH="42" VPOS="1920" HPOS="1164"/>
							<String ID="string_359" HPOS="1206" VPOS="1920" WIDTH="92" HEIGHT="37" WC="0.93" CONTENT="eller"/><SP WIDTH="40" VPOS="1920" HPOS="1298"/>
							<String ID="string_360" HPOS="1338" VPOS="1919" WIDTH="144" HEIGHT="49" WC="0.92" CONTENT="plickte"/><SP WIDTH="44" VPOS="1919" HPOS="1482"/>
							<String ID="string_361" HPOS="1526" VPOS="1918" WIDTH="74" HEIGHT="37" WC="0.96" CONTENT="den"/><SP WIDTH="42" VPOS="1918" HPOS="1600"/>
							<String ID="string_362" HPOS="1642" VPOS="1915" WIDTH="238" HEIGHT="39" WC="0.96" CONTENT="annorlunda"/>
						</TextLine>
						<TextLine ID="line_35" HPOS="282" VPOS="1964" WIDTH="1598" HEIGHT="48">
							<String ID="string_363" HPOS="282" VPOS="1976" WIDTH="159" HEIGHT="36" WC="0.91" CONTENT="härmed"/><SP WIDTH="28" VPOS="1976" HPOS="441"/>
							<String ID="string_364" HPOS="469" VPOS="1974" WIDTH="118" HEIGHT="37" WC="0.91" CONTENT="förfar"/><SP WIDTH="18" VPOS="1974" HPOS="587"/>
							<String ID="string_365" HPOS="605" VPOS="1997" WIDTH="51" HEIGHT="4" WC="0.89" CONTENT="—"/><SP WIDTH="18" VPOS="1997" HPOS="656"/>
							<String ID="string_366" HPOS="674" VPOS="1997" WIDTH="51" HEIGHT="5" WC="0.89" CONTENT="—"/><SP WIDTH="20" VPOS="1997" HPOS="725"/>
							<String ID="string_367" HPOS="745" VPOS="1997" WIDTH="50" HEIGHT="4" WC="0.83" CONTENT="—"/><SP WIDTH="22" VPOS="1997" HPOS="795"/>
							<String ID="string_368" HPOS="817" VPOS="1973" WIDTH="107" HEIGHT="38" WC="0.92" CONTENT="Sm:t."/><SP WIDTH="42" VPOS="1973" HPOS="924"/>
							<String ID="string_369" HPOS="966" VPOS="1964" WIDTH="289" HEIGHT="46" WC="0.96" CONTENT="Åldermannen"/><SP WIDTH="20" VPOS="1964" HPOS="1255"/>
							<String ID="string_370" HPOS="1275" VPOS="1971" WIDTH="86" HEIGHT="37" WC="0.93" CONTENT="med"/><SP WIDTH="20" VPOS="1971" HPOS="1361"/>
							<String ID="string_371" HPOS="1381" VPOS="1970" WIDTH="223" HEIGHT="38" WC="0.91" CONTENT="Bisittiarne"/><SP WIDTH="20" VPOS="1970" HPOS="1604"/>
							<String ID="string_372" HPOS="1624" VPOS="1969" WIDTH="94" HEIGHT="37" WC="0.96" CONTENT="böra"/><SP WIDTH="18" VPOS="1969" HPOS="1718"/>
							<String ID="string_373" HPOS="1736" VPOS="1974" WIDTH="144" HEIGHT="31" WC="0.96" CONTENT="tvenne"/>
						</TextLine>
						<TextLine ID="line_36" HPOS="274" VPOS="2020" WIDTH="1606" HEIGHT="57">
							<String ID="string_374" HPOS="274" VPOS="2031" WIDTH="151" HEIGHT="46" WC="0.96" CONTENT="gånger"/><SP WIDTH="33" VPOS="2031" HPOS="425"/>
							<String ID="string_375" HPOS="458" VPOS="2040" WIDTH="62" HEIGHT="23" WC="0.96" CONTENT="om"/><SP WIDTH="33" VPOS="2040" HPOS="520"/>
							<String ID="string_376" HPOS="553" VPOS="2028" WIDTH="92" HEIGHT="47" WC="0.91" CONTENT="året,"/><SP WIDTH="43" VPOS="2028" HPOS="645"/>
							<String ID="string_377" HPOS="688" VPOS="2026" WIDTH="198" HEIGHT="49" WC="0.91" CONTENT="nemligen"/><SP WIDTH="32" VPOS="2026" HPOS="886"/>
							<String ID="string_378" HPOS="918" VPOS="2025" WIDTH="100" HEIGHT="37" WC="0.96" CONTENT="Höst"/><SP WIDTH="35" VPOS="2025" HPOS="1018"/>
							<String ID="string_379" HPOS="1053" VPOS="2025" WIDTH="71" HEIGHT="37" WC="0.96" CONTENT="och"/><SP WIDTH="33" VPOS="2025" HPOS="1124"/>
							<String ID="string_380" HPOS="1157" VPOS="2025" WIDTH="89" HEIGHT="45" WC="0.93" CONTENT="Vår,"/><SP WIDTH="43" VPOS="2025" HPOS="1246"/>
							<String ID="string_381" HPOS="1289" VPOS="2022" WIDTH="219" HEIGHT="50" WC="0.92" CONTENT="besicktiga"/><SP WIDTH="27" VPOS="2022" HPOS="1508"/>
							<String ID="string_382" HPOS="1535" VPOS="2022" WIDTH="75" HEIGHT="36" WC="0.91" CONTENT="alla"/><SP WIDTH="27" VPOS="2022" HPOS="1610"/>
							<String ID="string_383" HPOS="1637" VPOS="2021" WIDTH="203" HEIGHT="37" WC="0.91" CONTENT="Eldstäder"/><SP WIDTH="27" VPOS="2021" HPOS="1840"/>
							<String ID="string_384" HPOS="1867" VPOS="2020" WIDTH="13" HEIGHT="36" WC="0.96" CONTENT="i"/>
						</TextLine>
						<TextLine ID="line_37" HPOS="276" VPOS="2073" WIDTH="1603" HEIGHT="56">
							<String ID="string_385" HPOS="276" VPOS="2080" WIDTH="88" HEIGHT="37" WC="0.93" CONTENT="hela"/><SP WIDTH="23" VPOS="2080" HPOS="364"/>
							<String ID="string_386" HPOS="387" VPOS="2079" WIDTH="201" HEIGHT="50" WC="0.92" CONTENT="Byelaget,"/><SP WIDTH="30" VPOS="2079" HPOS="588"/>
							<String ID="string_387" HPOS="618" VPOS="2079" WIDTH="72" HEIGHT="37" WC="0.96" CONTENT="och"/><SP WIDTH="26" VPOS="2079" HPOS="690"/>
							<String ID="string_388" HPOS="716" VPOS="2079" WIDTH="58" HEIGHT="47" WC="0.95" CONTENT="de,"/><SP WIDTH="27" VPOS="2079" HPOS="774"/>
							<String ID="string_389" HPOS="801" VPOS="2091" WIDTH="81" HEIGHT="23" WC="0.96" CONTENT="som"/><SP WIDTH="21" VPOS="2091" HPOS="882"/>
							<String ID="string_390" HPOS="903" VPOS="2078" WIDTH="48" HEIGHT="36" WC="0.95" CONTENT="då"/><SP WIDTH="19" VPOS="2078" HPOS="951"/>
							<String ID="string_391" HPOS="970" VPOS="2078" WIDTH="124" HEIGHT="36" WC="0.96" CONTENT="finnas"/><SP WIDTH="21" VPOS="2078" HPOS="1094"/>
							<String ID="string_392" HPOS="1115" VPOS="2079" WIDTH="41" HEIGHT="34" WC="0.93" CONTENT="så"/><SP WIDTH="19" VPOS="2079" HPOS="1156"/>
							<String ID="string_393" HPOS="1175" VPOS="2076" WIDTH="196" HEIGHT="48" WC="0.91" CONTENT="bofällige,"/><SP WIDTH="21" VPOS="2076" HPOS="1371"/>
							<String ID="string_394" HPOS="1392" VPOS="2081" WIDTH="39" HEIGHT="31" WC="0.96" CONTENT="at"/><SP WIDTH="20" VPOS="2081" HPOS="1431"/>
							<String ID="string_395" HPOS="1451" VPOS="2073" WIDTH="183" HEIGHT="38" WC="0.93" CONTENT="eldsvåda"/><SP WIDTH="21" VPOS="2073" HPOS="1634"/>
							<String ID="string_396" HPOS="1655" VPOS="2073" WIDTH="224" HEIGHT="48" WC="0.92" CONTENT="derigenom"/>
						</TextLine>
						<TextLine ID="line_38" HPOS="275" VPOS="2125" WIDTH="1537" HEIGHT="53">
							<String ID="string_397" HPOS="275" VPOS="2132" WIDTH="93" HEIGHT="37" WC="0.89" CONTENT="tima"/><SP WIDTH="29" VPOS="2132" HPOS="368"/>
							<String ID="string_398" HPOS="397" VPOS="2132" WIDTH="89" HEIGHT="46" WC="0.96" CONTENT="kan,"/><SP WIDTH="34" VPOS="2132" HPOS="486"/>
							<String ID="string_399" HPOS="520" VPOS="2131" WIDTH="94" HEIGHT="36" WC="0.91" CONTENT="böra"/><SP WIDTH="27" VPOS="2131" HPOS="614"/>
							<String ID="string_400" HPOS="641" VPOS="2130" WIDTH="487" HEIGHT="48" WC="0.90" CONTENT="Besicktningsmännerne"/><SP WIDTH="29" VPOS="2130" HPOS="1128"/>
							<String ID="string_401" HPOS="1157" VPOS="2129" WIDTH="77" HEIGHT="36" WC="0.93" CONTENT="låta"/><SP WIDTH="28" VPOS="2129" HPOS="1234"/>
							<String ID="string_402" HPOS="1262" VPOS="2128" WIDTH="146" HEIGHT="47" WC="0.92" CONTENT="nedslå,"/><SP WIDTH="29" VPOS="2128" HPOS="1408"/>
							<String ID="string_403" HPOS="1437" VPOS="2127" WIDTH="72" HEIGHT="37" WC="0.96" CONTENT="och"/><SP WIDTH="27" VPOS="2127" HPOS="1509"/>
							<String ID="string_404" HPOS="1536" VPOS="2130" WIDTH="144" HEIGHT="45" WC="0.93" CONTENT="ägaren"/><SP WIDTH="28" VPOS="2130" HPOS="1680"/>
							<String ID="string_405" HPOS="1708" VPOS="2125" WIDTH="104" HEIGHT="37" WC="0.90" CONTENT="böte."/>
						</TextLine>
					</TextBlock>
					<TextBlock ID="block_7" HPOS="276" VPOS="2176" WIDTH="1603" HEIGHT="160">
						<TextLine ID="line_39" HPOS="406" VPOS="2176" WIDTH="1473" HEIGHT="56">
							<String ID="string_406" HPOS="406" VPOS="2183" WIDTH="76" HEIGHT="48" WC="0.93" CONTENT="33.)"/><SP WIDTH="57" VPOS="2183" HPOS="482"/>
							<String ID="string_407" HPOS="539" VPOS="2182" WIDTH="85" HEIGHT="38" WC="0.95" CONTENT="Alla"/><SP WIDTH="28" VPOS="2182" HPOS="624"/>
							<String ID="string_408" HPOS="652" VPOS="2183" WIDTH="102" HEIGHT="49" WC="0.96" CONTENT="Byar"/><SP WIDTH="28" VPOS="2183" HPOS="754"/>
							<String ID="string_409" HPOS="782" VPOS="2183" WIDTH="93" HEIGHT="37" WC="0.96" CONTENT="böra"/><SP WIDTH="24" VPOS="2183" HPOS="875"/>
							<String ID="string_410" HPOS="899" VPOS="2182" WIDTH="87" HEIGHT="37" WC="0.96" CONTENT="med"/><SP WIDTH="28" VPOS="2182" HPOS="986"/>
							<String ID="string_411" HPOS="1014" VPOS="2186" WIDTH="132" HEIGHT="33" WC="0.96" CONTENT="vatten"/><SP WIDTH="28" VPOS="2186" HPOS="1146"/>
							<String ID="string_412" HPOS="1174" VPOS="2181" WIDTH="63" HEIGHT="37" WC="0.93" CONTENT="väl"/><SP WIDTH="27" VPOS="2181" HPOS="1237"/>
							<String ID="string_413" HPOS="1264" VPOS="2180" WIDTH="178" HEIGHT="37" WC="0.92" CONTENT="försedde"/><SP WIDTH="28" VPOS="2180" HPOS="1442"/>
							<String ID="string_414" HPOS="1470" VPOS="2192" WIDTH="103" HEIGHT="31" WC="0.96" CONTENT="vara,"/><SP WIDTH="29" VPOS="2192" HPOS="1573"/>
							<String ID="string_415" HPOS="1602" VPOS="2178" WIDTH="73" HEIGHT="37" WC="0.96" CONTENT="och"/><SP WIDTH="25" VPOS="2178" HPOS="1675"/>
							<String ID="string_416" HPOS="1700" VPOS="2177" WIDTH="109" HEIGHT="36" WC="0.96" CONTENT="skola"/><SP WIDTH="27" VPOS="2177" HPOS="1809"/>
							<String ID="string_417" HPOS="1836" VPOS="2176" WIDTH="43" HEIGHT="36" WC="0.96" CONTENT="til"/>
						</TextLine>
						<TextLine ID="line_40" HPOS="276" VPOS="2229" WIDTH="1603" HEIGHT="53">
							<String ID="string_418" HPOS="276" VPOS="2236" WIDTH="75" HEIGHT="37" WC="0.96" CONTENT="den"/><SP WIDTH="42" VPOS="2236" HPOS="351"/>
							<String ID="string_419" HPOS="393" VPOS="2236" WIDTH="127" HEIGHT="38" WC="0.96" CONTENT="ändan"/><SP WIDTH="43" VPOS="2236" HPOS="520"/>
							<String ID="string_420" HPOS="563" VPOS="2235" WIDTH="74" HEIGHT="37" WC="0.96" CONTENT="alla"/><SP WIDTH="41" VPOS="2235" HPOS="637"/>
							<String ID="string_421" HPOS="678" VPOS="2236" WIDTH="188" HEIGHT="46" WC="0.96" CONTENT="Brunnar,"/><SP WIDTH="42" VPOS="2236" HPOS="866"/>
							<String ID="string_422" HPOS="908" VPOS="2234" WIDTH="122" HEIGHT="37" WC="0.96" CONTENT="källor"/><SP WIDTH="27" VPOS="2234" HPOS="1030"/>
							<String ID="string_423" HPOS="1057" VPOS="2234" WIDTH="94" HEIGHT="36" WC="0.96" CONTENT="eller"/><SP WIDTH="29" VPOS="2234" HPOS="1151"/>
							<String ID="string_424" HPOS="1180" VPOS="2233" WIDTH="118" HEIGHT="37" WC="0.93" CONTENT="andra"/><SP WIDTH="29" VPOS="2233" HPOS="1298"/>
							<String ID="string_425" HPOS="1327" VPOS="2232" WIDTH="176" HEIGHT="37" WC="0.91" CONTENT="samfälta"/><SP WIDTH="28" VPOS="2232" HPOS="1503"/>
							<String ID="string_426" HPOS="1531" VPOS="2229" WIDTH="262" HEIGHT="38" WC="0.91" CONTENT="Vattuställen"/><SP WIDTH="28" VPOS="2229" HPOS="1793"/>
							<String ID="string_427" HPOS="1821" VPOS="2229" WIDTH="58" HEIGHT="36" WC="0.97" CONTENT="för"/>
						</TextLine>
						<TextLine ID="line_41" HPOS="278" VPOS="2281" WIDTH="1600" HEIGHT="55">
							<String ID="string_428" HPOS="278" VPOS="2287" WIDTH="222" HEIGHT="49" WC="0.90" CONTENT="Creaturen,"/><SP WIDTH="41" VPOS="2287" HPOS="500"/>
							<String ID="string_429" HPOS="541" VPOS="2287" WIDTH="175" HEIGHT="49" WC="0.96" CONTENT="ständigt"/><SP WIDTH="29" VPOS="2287" HPOS="716"/>
							<String ID="string_430" HPOS="745" VPOS="2287" WIDTH="120" HEIGHT="37" WC="0.96" CONTENT="hållas"/><SP WIDTH="28" VPOS="2287" HPOS="865"/>
							<String ID="string_431" HPOS="893" VPOS="2287" WIDTH="66" HEIGHT="36" WC="0.92" CONTENT="vid"/><SP WIDTH="28" VPOS="2287" HPOS="959"/>
							<String ID="string_432" HPOS="987" VPOS="2286" WIDTH="138" HEIGHT="48" WC="0.92" CONTENT="mackt,"/><SP WIDTH="44" VPOS="2286" HPOS="1125"/>
							<String ID="string_433" HPOS="1169" VPOS="2285" WIDTH="71" HEIGHT="37" WC="0.96" CONTENT="och"/><SP WIDTH="29" VPOS="2285" HPOS="1240"/>
							<String ID="string_434" HPOS="1269" VPOS="2290" WIDTH="68" HEIGHT="32" WC="0.92" CONTENT="när"/><SP WIDTH="28" VPOS="2290" HPOS="1337"/>
							<String ID="string_435" HPOS="1365" VPOS="2283" WIDTH="137" HEIGHT="49" WC="0.91" CONTENT="nödigt"/><SP WIDTH="28" VPOS="2283" HPOS="1502"/>
							<String ID="string_436" HPOS="1530" VPOS="2287" WIDTH="52" HEIGHT="44" WC="0.96" CONTENT="är,"/><SP WIDTH="44" VPOS="2287" HPOS="1582"/>
							<String ID="string_437" HPOS="1626" VPOS="2288" WIDTH="56" HEIGHT="32" WC="0.96" CONTENT="att"/><SP WIDTH="28" VPOS="2288" HPOS="1682"/>
							<String ID="string_438" HPOS="1710" VPOS="2282" WIDTH="47" HEIGHT="37" WC="0.96" CONTENT="de"/><SP WIDTH="30" VPOS="2282" HPOS="1757"/>
							<String ID="string_439" HPOS="1787" VPOS="2281" WIDTH="91" HEIGHT="38" WC="0.96" CONTENT="böra"/>
						</TextLine>
					</TextBlock>
				</ComposedBlock>
			</PrintSpace>
		</Page>
	</Layout>
</alto>
