1886 2788
239 140 22 30 6
668 143 286 31 Statsutskottets
979 145 180 31 utlåtande
1183 156 44 20 nr
1251 146 73 31 118.

244 224 122 38 variga
394 224 64 30 och
486 225 200 39 oförvitliga
714 226 112 39 tjänst
855 227 11 29 i
894 227 228 31 kvalificerad
1151 230 199 40 befattning
1383 231 209 33 lillerkänna
1622 235 130 31 honom

242 274 115 29 ökade
378 274 355 40 pensionsförmåner.

290 349 51 30 Av
357 349 258 40 handlingarna
631 351 188 36 inhämtas,

291 401 52 28 att
360 400 207 40 Silfverberg
583 402 39 29 är
637 402 83 30 född
736 403 68 29 den
821 404 41 29 29
878 414 92 20 mars
990 404 84 31 1886
1092 407 64 28 och
1173 407 132 30 således
1322 408 41 30 65
1380 409 38 29 år
1437 411 168 37 gammal;

289 450 51 28 att
358 449 70 30 han
446 451 66 29 den
533 452 14 27 1
569 452 186 30 november
778 453 83 30 1905
881 454 150 39 antagits
1052 456 52 30 till
1122 457 159 30 volontär
1300 458 58 30 vid
1377 459 251 31 förutvarande
1647 462 104 30 skån-

242 498 66 31 ska
328 499 346 41 dragonregementet
697 503 65 30 och
784 504 68 29 den
874 504 40 31 30
936 505 145 31 oktober
1104 506 82 30 1908
1209 508 202 31 förordnats
1433 509 52 31 till
1507 510 245 31 distinktions-

242 550 160 40 korpral;

290 603 52 28 att
358 602 71 30 han
445 603 67 29 den
532 604 39 29 12
589 603 79 39 juni
688 604 82 30 1914
788 605 202 31 förorånats
1008 607 53 29 till
1081 611 158 36 sergeant
1257 609 11 29 i
1287 612 241 37 nyssnämnda
1548 615 197 37 regemente

241 651 67 29 och
328 651 67 30 den
417 652 13 29 1
450 653 141 38 augusti
613 653 81 30 1915
714 654 52 30 till
785 658 159 36 sergeant
969 656 2 29 i
990 666 137 22 samma
1144 662 216 36 regementes
1378 670 116 22 reserv
1512 664 92 28 samt
1623 663 66 30 den
1707 664 42 30 30

240 710 97 21 mars
359 702 81 30 1936
459 703 52 29 till
530 703 215 40 fanjunkare
764 705 11 29 i
794 706 155 30 skånska
968 707 402 41 kavalleriregementets
1389 720 130 27 reserv;

287 753 52 28 att
360 752 70 30 han
452 753 67 29 den
543 754 18 29 2
585 755 139 38 augusti
750 756 83 30 1915
857 757 201 31 förordnats
1082 768 74 21 som
1179 760 344 40 rullföringsbiträde
1546 763 59 31 vid
1628 764 121 30 Tome-

241 801 76 31 lilla
344 803 349 40 rullföringsområde
721 816 41 20 nr
792 806 31 35 4,
852 807 115 30 vilken
996 809 197 40 befattning
1223 811 73 31 han
1324 811 160 32 innehaft
1512 814 93 30 intill
1634 815 67 30 den
1731 816 15 28 1

237 852 146 38 januari
407 854 92 34 1942,
520 855 45 30 då
586 855 70 30 han
677 857 202 30 förordnats
900 859 114 29 såsom
1036 860 457 40 expeditionsunderofficer
1513 864 12 28 i
1546 865 202 30 arvodesbe-

239 903 157 40 fattning
414 905 56 30 vid
489 905 157 31 skånska
664 907 400 40 kavalleriregementets
1085 911 184 40 avdelning
1288 913 57 29 för
1364 914 41 29 de
1424 915 253 39 värnpliktigas
1697 916 52 29 in-

239 953 185 40 skrivning
442 955 64 30 och
526 956 238 41 redovisning;

284 1005 52 28 att
356 1004 70 30 han
446 1006 162 30 innehaft
629 1008 219 31 sistnämnda
869 1009 197 41 befattning
1086 1011 90 31 intill
1197 1014 67 29 den
1288 1014 15 29 1
1328 1014 142 31 oktober
1494 1015 95 35 1942,
1613 1016 45 31 då
1677 1017 71 29 han

238 1054 203 31 förordnats
461 1057 11 28 i
493 1058 347 41 arvodesbefattning
859 1061 114 29 såsom
991 1061 137 31 biträde
1146 1063 11 29 i
1176 1065 320 40 personaldetaljen
1515 1066 58 30 vid
1593 1067 155 30 skånska

237 1109 355 36 pansarregementet,
607 1108 115 31 vilken
736 1110 198 40 befattning
947 1112 71 29 han
1033 1113 88 29 efter
1136 1114 208 39 uppnående
1361 1125 43 21 av
1418 1117 146 38 stadgad
1581 1118 167 38 avgångs-

240 1156 98 30 ålder
353 1158 131 32 lämnat
498 1160 80 28 med
593 1160 174 39 utgången
782 1171 43 20 av
839 1171 94 20 mars
950 1162 99 35 1951;

284 1208 52 28 att
357 1207 70 31 han
449 1208 116 29 såsom
587 1210 341 39 rullföringsbiträde
953 1212 167 40 uppburit
1142 1216 47 27 ett
1212 1215 103 39 årligt
1337 1217 126 29 arvode
1485 1227 43 21 av
1550 1219 18 28 2
1586 1218 60 31 130
1668 1219 80 29 kro-

237 1265 66 21 nor
321 1257 109 39 jämte
449 1259 267 40 arvodestillägg
734 1261 18 29 å
775 1261 95 31 1080
890 1262 128 31 kronor
1038 1264 55 29 för
1112 1264 38 30 år
1168 1265 157 30 förutom
1346 1267 257 41 dyrtidstillägg
1624 1271 91 28 samt
1736 1269 11 29 i

237 1307 57 29 sin
319 1310 146 32 senaste,
490 1309 107 29 sedan
620 1310 65 29 den
710 1311 14 28 1
750 1312 145 29 oktober
920 1312 77 30 1942
1021 1313 195 32 innehavda
1240 1317 343 39 arvodesbefattning
1606 1319 141 37 åtnjutit

237 1358 140 34 arvode,
398 1361 246 29 motsvarande
668 1361 52 30 för
742 1362 98 29 tiden
861 1362 90 30 intill
973 1364 68 29 den
1066 1365 14 29 1
1105 1365 66 38 juli
1197 1366 83 30 1947
1306 1367 58 30 lön
1386 1368 105 39 enligt
1513 1368 155 32 militära
1690 1380 57 20 av-

237 1408 385 40 löningsreglementets
642 1412 175 30 löneklass
837 1413 49 30 Uo
906 1414 16 29 7
942 1432 44 3 —
1003 1415 90 30 dock
1111 1416 77 29 med
1208 1417 132 39 avdrag
1359 1427 43 21 av
1419 1418 136 41 belopp,
1575 1421 171 29 svarande

235 1460 75 28 mot
331 1459 144 39 tjänste-
495 1461 65 29 och
581 1462 436 42 familjepensionsavdrag
1037 1465 56 30 för
1114 1466 358 41 beställningshavare
1492 1471 46 38 på
1558 1470 97 31 aktiv
1676 1472 70 29 stat

235 1509 12 28 i
272 1518 133 22 samma
428 1511 244 38 löneställning
692 1530 41 4 —
755 1513 66 30 och
844 1514 54 30 för
921 1515 94 30 tiden
1036 1516 150 30 därefter
1208 1518 60 29 lön
1289 1519 106 37 enligt
1417 1519 41 31 20
1480 1520 222 31 löneklassen
1725 1522 21 30 å

236 1559 165 41 löneplan
419 1571 42 20 nr
482 1562 14 29 1
518 1562 11 28 i
550 1563 132 29 statens
703 1564 179 30 allmänna
902 1565 408 41 avlöningsreglemente;

281 1613 93 27 samt
395 1612 50 29 att
467 1612 209 40 Silfverberg
697 1621 124 32 genom
844 1615 111 30 beslut
977 1617 67 29 den
1068 1618 37 29 11
1128 1627 94 21 mars
1247 1619 82 30 1941
1353 1629 42 21 av
1418 1621 328 41 arméförvaltning-

235 1669 65 21 ens
326 1661 101 31 civila
453 1663 241 40 departement
720 1664 199 32 tillerkänts
947 1668 265 39 reservpension
1240 1669 109 40 enligt
1377 1671 82 30 1912
1487 1672 57 30 års
1571 1673 174 30 reservbe-

235 1712 288 40 fälsförordning.

281 1762 72 30 Hos
372 1763 123 39 Kungl.
515 1764 106 39 Maj:t
639 1765 207 31 hemställde
865 1767 122 40 chefen
1005 1768 57 40 för
1080 1769 154 30 skånska
1251 1774 347 37 pansarregementet
1616 1783 57 21 om
1691 1775 54 28 ut-

235 1813 178 30 verkande
434 1823 41 22 av
495 1815 148 39 pension
666 1816 34 30 åt
724 1816 209 41 Silfverberg
954 1819 81 29 från
1057 1821 63 29 och
1142 1821 78 29 med
1242 1822 68 29 den
1336 1823 14 28 1
1374 1823 143 30 oktober
1542 1824 94 30 1949.

279 1864 204 30 Försvarets
509 1865 297 42 civilförvaltning
831 1868 188 40 tillstyrkte
1045 1870 147 40 pension
1219 1872 34 29 åt
1280 1872 209 40 Silfverberg
1514 1875 79 29 med
1619 1875 124 40 belopp

236 1922 43 21 av
295 1914 19 29 2
329 1914 63 31 340
408 1915 130 30 kronor
555 1915 56 30 för
628 1917 37 29 år
680 1917 110 39 jämte
806 1918 122 40 rörligt
943 1919 121 42 tillägg
1080 1921 64 30 och
1159 1922 149 30 anförde
1325 1923 121 30 därvid
1464 1924 45 30 bl.
1527 1934 30 22 a.
1574 1925 168 40 följande.

277 1972 133 30 Genom
432 1973 114 31 beslut
569 1975 81 30 från
675 1976 61 30 fall
760 1976 54 30 till
838 1977 62 30 fall
922 1978 64 30 har
1008 1979 147 39 pension
1177 1980 163 40 beviljats
1362 1982 379 40 rullföringsbiträden,

234 2022 77 22 som
335 2015 113 37 avgått
470 2016 79 30 från
572 2017 343 40 militäranställning
937 2022 82 28 utan
1042 2022 68 29 rätt
1131 2022 51 30 till
1206 2024 149 35 pension
1377 2024 103 37 enligt
1502 2026 152 31 militära
1677 2027 66 30 och

233 2057 178 30 allmänna
440 2058 557 40 tjänstepensionsreglementena.
1030 2063 154 31 Sålunda
1214 2066 149 39 medgav
1395 2066 82 31 1942
1510 2068 57 30 års
1599 2069 144 39 riksdag

238 2098 229 33 (bankoutsk.
486 2102 63 28 utl.
570 2111 42 22 nr
634 2103 48 35 15,
701 2112 32 31 p.
752 2103 36 35 4;
810 2103 108 31 riksd.
938 2105 70 30 skr.
1029 2115 43 21 nr
1094 2106 93 35 135),
1207 2108 51 29 att
1277 2108 368 40 rullföringsbiträdet,
1665 2112 77 30 fan-

231 2140 176 37 junkaren
426 2142 30 30 J.
479 2143 43 30 M.
544 2144 191 39 Blomberg,
756 2146 119 30 vilken
896 2147 10 28 i
928 2147 107 30 likhet
1057 2150 78 29 med
1160 2149 210 41 Silfverberg
1391 2151 198 31 tillerkänts
1611 2162 131 21 reserv-

232 2184 160 38 pension,
411 2185 93 39 finge
524 2186 158 40 uppbära
701 2197 42 21 en
762 2188 89 40 årlig
870 2189 145 40 pension
1035 2199 43 22 av
1100 2191 92 31 1200
1213 2192 142 30 kronor.
1377 2193 184 40 Blomberg
1581 2195 90 30 hade
1690 2195 52 29 in-

232 2226 126 30 nehaft
377 2228 408 41 manskapsanställning
804 2230 12 29 i
837 2232 231 37 sammanlagt
1087 2233 159 38 omkring
1265 2234 19 30 9
1305 2234 38 30 år
1363 2235 64 29 och
1447 2236 216 31 beräknades
1682 2237 60 29 vid

232 2268 136 38 avgång
391 2278 41 21 ur
454 2269 107 37 tjänst
584 2270 89 31 hava
696 2272 207 40 tjänstgjort
929 2274 115 30 såsom
1068 2275 342 40 rullföringsbiträde
1434 2277 11 29 i
1471 2278 41 30 36
1539 2279 49 29 år.
1615 2279 125 29 Vidare

232 2310 150 40 medgav
403 2312 81 30 1945
504 2312 57 30 års
581 2313 140 38 riksdag
742 2314 116 37 (prop.
877 2324 41 20 nr
935 2315 49 35 53,
1003 2325 32 28 p.
1055 2316 34 35 2;
1112 2317 186 33 bankutsk.
1318 2319 60 29 utl.
1398 2328 40 20 nr
1459 2320 47 34 13,
1525 2329 33 28 p.
1578 2320 33 35 2;
1634 2320 106 29 riksd.

232 2352 73 30 skr.
326 2362 43 21 nr
391 2354 77 35 122)
495 2356 51 28 att
568 2364 106 22 envar
694 2365 42 21 av
754 2357 390 39 rullföringsbiträdena
1165 2360 30 29 J.
1216 2360 205 39 Bengtsson,
1442 2362 38 30 A.
1502 2362 41 30 H.
1564 2362 176 38 Lindgren

231 2394 67 30 och
320 2395 37 31 G.
380 2396 35 29 F.
436 2397 38 29 T.
495 2397 225 35 Thunander,
742 2398 97 31 vilka
860 2400 159 39 samtliga
1043 2400 197 31 tillerkänts
1263 2403 240 39 reservpesion
1525 2404 108 39 enligt
1656 2404 83 30 1912
