2230 2616
481 202 106 26 Första
612 201 198 26 kammarens
836 195 125 31 första
988 196 153 36 tillfälliga
1168 196 126 26 utskotts
1320 194 155 27 ullåtande
1501 194 44 27 Nr
1572 194 41 25 16.
1830 190 18 28 9

1631 339 118 38 Bilaga
1778 339 26 29 1.

1107 528 125 39 Utdrag
1258 537 42 19 av
1329 529 100 27 större
1453 524 216 30 akademiska
1694 523 158 29 konsisto-

997 573 72 31 riets
1101 573 4 29 i
1138 572 144 40 Uppsala
1305 570 165 40 protokoll
1492 569 60 29 den
1579 569 42 29 22
1646 566 88 41 april
1760 567 92 29 1922.

360 793 92 31 Etter
475 796 101 35 tagen
602 791 199 30 kännedom
826 799 42 20 av
885 786 379 39 remisshandlingarna
1284 787 90 27 samt
1391 783 82 30 efter
1490 781 243 39 överläggning
1746 780 111 30 beslöt

253 840 9 29 i
281 838 149 39 enlighet
455 837 79 30 med
551 835 184 31 framställt
752 834 127 38 förslag
896 830 222 32 konsistoriet
1134 830 53 30 för
1204 829 53 31 sin
1275 829 55 30 del
1347 828 162 37 förklara,
1528 830 48 26 att
1593 826 114 39 någon
1721 825 136 38 olägen-

254 885 58 29 het
337 884 105 29 därav
480 885 48 26 att
564 880 256 38 ärkebiskopen
852 879 37 28 är
924 875 228 41 självskriven
1177 878 49 27 att
1250 883 83 21 vara
1359 871 153 41 Uppsala
1538 869 218 31 universitets
1781 878 76 30 pro-

255 927 139 30 kansler
429 926 79 30 med
546 926 66 29 den
637 923 205 39 befogenhet
876 931 75 20 som
982 930 46 20 nu
1059 919 159 39 gällande
1243 920 144 27 statuter
1412 915 122 39 angiva
1559 914 77 31 icke
1660 913 199 38 förmärkts,

256 981 79 21 men
361 974 47 27 att
431 970 57 30 väl
514 969 91 30 vissa
640 967 150 31 fördelar
825 966 45 40 på
894 965 110 40 grund
1029 974 42 20 av
1096 964 91 29 detta
1212 961 216 31 förhållande
1453 959 148 31 kommit
1627 957 234 31 universitetet

254 1017 51 30 till
331 1015 63 31 del.
444 1014 122 31 Såsom
592 1022 42 21 en
651 1012 159 31 bestämd
828 1011 109 30 sådan
954 1009 108 30 fördel
1085 1008 78 30 ville
1181 1005 224 32 konsistoriet
1421 1004 196 37 framhålla,
1631 1006 49 27 att
1693 1001 166 31 universi-

255 1064 81 28 tetet
370 1059 57 31 vid
463 1058 140 40 ombyte
629 1068 42 19 av
695 1056 205 41 prokansler
924 1053 171 39 undginge
1120 1055 48 27 att
1193 1051 118 31 ställas
1335 1050 91 30 inför
1451 1048 215 39 svårigheten
1692 1050 48 27 att
1764 1046 96 30 finna

256 1116 41 20 en
334 1103 153 41 lämplig,
511 1104 65 29 här
599 1102 11 30 i
636 1102 120 30 staden
792 1101 115 30 bosatt
943 1107 135 32 person,
1103 1106 121 22 varom
1250 1096 66 30 den
1342 1093 226 32 akademiska
1594 1091 266 39 församlingens

257 1150 228 31 medlemmar
521 1147 111 31 skulle
670 1147 120 29 kunna
815 1154 82 21 enas
923 1143 78 31 med
1027 1142 57 30 sitt
1108 1141 198 31 förtroende
1330 1140 65 30 och
1421 1148 76 21 som
1522 1137 112 31 skulle
1658 1146 84 21 vara
1767 1135 95 39 villig

257 1198 49 27 att
341 1197 171 35 emottaga
549 1193 92 29 detta
676 1190 200 39 visserligen
911 1189 10 29 i
946 1187 137 39 vanliga
1117 1186 60 30 fall
1202 1186 27 40 ej
1258 1184 140 31 särskilt
1422 1182 219 39 betungande
1665 1191 81 20 men
1771 1180 90 30 dock

257 1238 231 32 ansvarsfulla
525 1237 66 30 och
627 1235 113 31 därtill
777 1235 79 30 med
888 1243 41 20 en
955 1232 69 31 viss
1049 1229 402 42 representationsbörda
1476 1237 42 21 av
1543 1227 95 30 ålder
1662 1225 200 31 förbundna

257 1282 271 32 hedersämbete.
578 1279 228 32 Konsistoriet
835 1278 125 39 ansåge
985 1276 51 39 sig
1061 1275 116 31 därför
1201 1275 86 30 böra
1312 1274 149 30 bestämt
1485 1271 165 40 avstyrka
1675 1273 49 27 att
1749 1270 113 38 någon

257 1327 200 39 förändring
487 1328 96 37 göres
608 1325 10 30 i
644 1335 47 20 nu
717 1324 158 39 gällande
900 1321 261 31 bestämmelser
1185 1319 178 39 angående
1388 1315 394 42 prokanslersämbetets
1807 1314 55 30 be-

259 1368 168 48 sättande.
1195 1388 4 4 .

366 1414 167 40 Professor
569 1414 212 39 Hägerström
819 1410 130 38 anhöll,
986 1412 48 27 att
1058 1409 52 30 till
1140 1407 241 32 konsistoriets
1410 1405 174 40 protokoll
1615 1404 32 30 få
1679 1403 187 30 antecknat

263 1461 163 40 följande:

229 1511 3 3 |
369 1504 86 31 »Om
494 1504 41 30 de
560 1502 247 41 prokanslerns
833 1499 250 39 befogenheter,
1110 1507 76 20 som
1212 1498 211 29 omnämnas
1447 1494 11 30 i
1483 1492 378 32 universitetsstatuter-

259 1561 64 20 nas
355 1548 43 43 88
436 1549 51 38 13,
515 1549 39 29 14
581 1548 66 30 och
674 1548 50 37 15,
751 1546 69 30 kan
846 1547 109 37 sägas,
981 1546 49 27 att
1054 1543 41 30 de
1119 1541 201 39 visserligen
1344 1540 76 30 icke
1445 1539 10 30 i
1481 1538 50 40 sig
1555 1537 110 41 själva
1689 1539 60 28 äro
1772 1536 93 40 bety-

259 1595 178 38 delselösa,
475 1602 81 21 men
593 1595 48 27 att
677 1592 41 29 de
752 1591 158 30 alltmera
934 1587 99 31 blivit
1057 1597 42 21 en
1124 1587 69 30 död
1218 1586 159 30 bokstav.
1427 1583 124 31 Därför
1575 1582 113 40 spelar
1712 1582 56 29 det
1791 1580 76 31 icke

259 1640 77 30 från
360 1640 66 29 den
452 1637 224 41 synpunkten
701 1635 115 40 någon
837 1634 75 38 roll,
940 1642 78 22 vem
1044 1641 75 21 som
1145 1633 38 28 är
1207 1630 213 41 prokansler.
1446 1627 230 31 Annorlunda
1699 1625 166 31 förhåller

260 1686 56 29 det
341 1684 50 39 sig
415 1683 79 30 med
519 1681 249 41 prokanslerns
793 1678 218 40 befogenhet
1036 1677 82 30 efter
1142 1677 19 38 &
1189 1676 40 30 16
1255 1678 48 27 att
1319 1674 58 31 vid
1392 1671 323 33 kanslersämbetets
1733 1670 133 39 ledighe

261 1729 145 31 förvalta
442 1728 104 37 detta,
582 1726 68 30 tills
676 1725 121 39 Kungl.
824 1723 95 41 Maj:t
944 1722 181 31 förordnat
1150 1731 57 20 om
1234 1720 168 30 ämbetets
1427 1716 267 42 uppehållande.
1744 1715 122 30 Denna

261 1773 205 39 befogenhet
500 1772 92 30 leder
616 1770 175 39 nämligen
815 1769 11 30 i
850 1768 177 31 realiteten
1052 1765 125 40 därtill,
1203 1768 48 28 att
1276 1763 228 41 prokanslern
1528 1761 59 31 vid
1611 1759 257 42 tjänstledighet

261 1819 52 30 för
349 1817 164 31 kanslern
544 1816 65 30 och
634 1815 58 30 vid
718 1814 168 30 ämbetets
911 1813 134 30 vakans
1070 1811 159 30 kommer
1254 1812 48 28 att
1327 1807 187 41 uppehålla
1538 1806 161 40 tjänsten.
1748 1804 51 40 Ty
1825 1813 42 21 av

262 1862 171 39 naturliga
458 1861 76 30 skäl
559 1860 183 30 förordnar
767 1858 123 39 Kungl.
917 1856 95 41 Maj:t
1032 1856 73 40 just
1129 1854 239 41 prokanslern.
1400 1852 67 31 Om
1486 1855 45 27 ett
1545 1853 109 28 annat
1670 1848 198 31 förfarande

261 1907 112 31 skulle
410 1906 47 30 bli
494 1904 127 41 praxis,
652 1904 141 30 komme
819 1900 374 43 prokanslersämbetet
1217 1899 11 30 i
1254 1899 78 30 dess
1357 1896 202 32 nuvarande
1583 1895 90 30 form
1700 1897 48 27 att
1773 1893 93 30 inne-

262 1953 90 30 sluta
388 1961 42 21 en
466 1954 76 27 rent
579 1948 93 41 löjlig
697 1947 228 39 motsättning
949 1946 127 30 mellan
1101 1944 89 31 form
1217 1944 67 30 och
1309 1941 155 32 innehåll
1485 1941 66 30 och
1577 1940 106 30 borde
1709 1948 42 20 av
1777 1938 91 30 detta

262 1997 77 30 skäl
376 1995 185 32 avskaffas.
612 1994 78 30 Men
727 2003 47 20 nu
800 1994 38 29 är
862 1993 56 29 det
943 1991 99 38 klart,
1067 1993 49 27 att
1140 1990 41 29 de
1206 1991 88 28 mest
1318 1986 130 40 viktiga
1473 1985 150 31 ärenden
1649 1983 116 31 såsom
1791 1992 77 30 pro-

262 2039 376 39 fessorstillsättningar
662 2038 121 30 kunna
809 2037 216 31 förekomma
1051 2034 129 30 likaväl
1205 2033 111 30 under
1341 2032 131 30 sådana
1498 2030 86 31 tider
1608 2029 53 30 för
1686 2028 182 30 kanslerns

261 2084 259 42 tjänstledighet
555 2083 81 31 eller
672 2082 168 31 ämbetets
875 2081 146 37 vakans,
1058 2089 76 20 som
1171 2079 110 29 under
1317 2077 109 30 andra
1455 2075 96 30 tider.
1602 2073 125 31 Därför
1751 2074 38 28 är
1814 2072 55 30 det

263 2131 86 30 visst
384 2129 76 31 icke
496 2127 254 41 betydelselöst,
786 2136 79 21 vem
890 2135 75 21 som
991 2126 37 29 är
1052 2123 212 31 innehavare
1290 2132 42 20 av
1356 2118 385 43 prokanslersämbetet.
1790 2117 79 30 Men

264 2175 111 30 under
410 2174 134 30 sådana
580 2172 244 30 förhållanden
861 2172 38 29 är
923 2171 55 29 det
1002 2179 42 20 en
1070 2167 165 39 anomali,
1261 2170 49 27 att
1334 2166 56 30 det
1414 2164 89 31 skall
1529 2163 51 31 stå
1605 2163 9 30 i
1641 2161 228 41 självskriven

265 2219 209 31 förbindelse
500 2218 80 30 med
604 2227 42 20 en
672 2215 137 41 kyrklig
833 2214 211 41 myndighet,
1070 2213 44 40 på
1139 2222 76 21 vars
1240 2211 212 31 tillsättande
1477 2207 235 32 universitetet
1735 2207 65 29 har
1824 2209 46 27 ett

265 2264 139 41 mycket
427 2263 98 39 ringa
549 2261 202 41 inflytande.
778 2261 64 30 Det
866 2259 122 31 strider
1013 2258 88 31 både
1126 2260 73 28 mot
1224 2256 179 41 principen
1422 2264 57 21 om
1497 2252 253 32 universitetets
1769 2250 100 41 själv-

311 2321 122 35 Bihang
459 2320 45 27 lill
529 2319 181 34 riksdagens
731 2317 156 36 protokoll
912 2316 84 28 1922.
1045 2315 37 27 12
1106 2314 88 27 saml.
1243 2314 14 27 1
1284 2313 67 38 avd.
1400 2311 38 28 10
1462 2311 75 34 häft.
1586 2306 60 39 (Nr
1670 2308 49 33 16)
