<?xml version="1.0" encoding="UTF-8"?>
<alto xmlns="http://www.loc.gov/standards/alto/ns-v3#" xmlns:xlink="http://www.w3.org/1999/xlink" xmlns:xsi="http://www.w3.org/2001/XMLSchema-instance" xsi:schemaLocation="http://www.loc.gov/standards/alto/ns-v3# http://www.loc.gov/alto/v3/alto-3-0.xsd">
	<Description>
		<MeasurementUnit>pixel</MeasurementUnit>
		<sourceImageInformation>
			<fileName>/tmp/tess_s1oozeb1_input.PNG</fileName>
		</sourceImageInformation>
		<OCRProcessing ID="OCR_0">
			<ocrProcessingStep>
				<processingSoftware>
					<softwareName>tesseract 5.3.0</softwareName>
				</processingSoftware>
			</ocrProcessingStep>
		</OCRProcessing>
	</Description>
	<Layout>
		<Page WIDTH="2238" HEIGHT="2664" PHYSICAL_IMG_NR="0" ID="page_0">
			<PrintSpace HPOS="0" VPOS="0" WIDTH="2238" HEIGHT="2664">
				<ComposedBlock ID="cblock_0" HPOS="729" VPOS="177" WIDTH="1064" HEIGHT="35">
					<TextBlock ID="block_0" HPOS="729" VPOS="177" WIDTH="1064" HEIGHT="35">
						<TextLine ID="line_0" HPOS="729" VPOS="177" WIDTH="1064" HEIGHT="35">
							<String ID="string_0" HPOS="729" VPOS="177" WIDTH="264" HEIGHT="34" WC="0.89" CONTENT="Statsutskottets"/><SP WIDTH="30" VPOS="177" HPOS="993"/>
							<String ID="string_1" HPOS="1023" VPOS="178" WIDTH="176" HEIGHT="34" WC="0.96" CONTENT="Utlåtande"/><SP WIDTH="24" VPOS="178" HPOS="1199"/>
							<String ID="string_2" HPOS="1223" VPOS="179" WIDTH="64" HEIGHT="33" WC="0.96" CONTENT="N:o"/><SP WIDTH="23" VPOS="179" HPOS="1287"/>
							<String ID="string_3" HPOS="1310" VPOS="182" WIDTH="52" HEIGHT="30" WC="0.96" CONTENT="21."/><SP WIDTH="415" VPOS="182" HPOS="1362"/>
							<String ID="string_4" HPOS="1777" VPOS="178" WIDTH="16" HEIGHT="31" WC="0.95" CONTENT="1"/>
						</TextLine>
					</TextBlock>
				</ComposedBlock>
				<ComposedBlock ID="cblock_1" HPOS="952" VPOS="818" WIDTH="184" HEIGHT="40">
					<TextBlock ID="block_1" HPOS="952" VPOS="818" WIDTH="184" HEIGHT="40">
						<TextLine ID="line_1" HPOS="952" VPOS="818" WIDTH="184" HEIGHT="40">
							<String ID="string_5" HPOS="952" VPOS="818" WIDTH="86" HEIGHT="40" WC="0.95" CONTENT="N:o"/><SP WIDTH="30" VPOS="818" HPOS="1038"/>
							<String ID="string_6" HPOS="1068" VPOS="819" WIDTH="68" HEIGHT="39" WC="0.94" CONTENT="21."/>
						</TextLine>
					</TextBlock>
				</ComposedBlock>
				<ComposedBlock ID="cblock_2" HPOS="772" VPOS="976" WIDTH="970" HEIGHT="36">
					<TextBlock ID="block_2" HPOS="772" VPOS="976" WIDTH="970" HEIGHT="36">
						<TextLine ID="line_2" HPOS="772" VPOS="976" WIDTH="970" HEIGHT="36">
							<String ID="string_7" HPOS="772" VPOS="977" WIDTH="76" HEIGHT="28" WC="0.91" CONTENT="Ank."/><SP WIDTH="25" VPOS="977" HPOS="848"/>
							<String ID="string_8" HPOS="873" VPOS="976" WIDTH="49" HEIGHT="29" WC="0.93" CONTENT="till"/><SP WIDTH="23" VPOS="976" HPOS="922"/>
							<String ID="string_9" HPOS="945" VPOS="976" WIDTH="101" HEIGHT="29" WC="0.89" CONTENT="Riksd."/><SP WIDTH="25" VPOS="976" HPOS="1046"/>
							<String ID="string_10" HPOS="1071" VPOS="976" WIDTH="96" HEIGHT="29" WC="0.96" CONTENT="kansli"/><SP WIDTH="25" VPOS="976" HPOS="1167"/>
							<String ID="string_11" HPOS="1192" VPOS="977" WIDTH="56" HEIGHT="28" WC="0.96" CONTENT="den"/><SP WIDTH="26" VPOS="977" HPOS="1248"/>
							<String ID="string_12" HPOS="1274" VPOS="977" WIDTH="36" HEIGHT="28" WC="0.96" CONTENT="18"/><SP WIDTH="24" VPOS="977" HPOS="1310"/>
							<String ID="string_13" HPOS="1334" VPOS="977" WIDTH="74" HEIGHT="28" WC="0.95" CONTENT="febr."/><SP WIDTH="27" VPOS="977" HPOS="1408"/>
							<String ID="string_14" HPOS="1435" VPOS="977" WIDTH="89" HEIGHT="35" WC="0.96" CONTENT="1890,"/><SP WIDTH="24" VPOS="977" HPOS="1524"/>
							<String ID="string_15" HPOS="1548" VPOS="977" WIDTH="40" HEIGHT="28" WC="0.96" CONTENT="kl."/><SP WIDTH="26" VPOS="977" HPOS="1588"/>
							<String ID="string_16" HPOS="1614" VPOS="977" WIDTH="17" HEIGHT="27" WC="0.93" CONTENT="2"/><SP WIDTH="26" VPOS="977" HPOS="1631"/>
							<String ID="string_17" HPOS="1657" VPOS="987" WIDTH="22" HEIGHT="18" WC="0.89" CONTENT="e."/><SP WIDTH="26" VPOS="987" HPOS="1679"/>
							<String ID="string_18" HPOS="1705" VPOS="987" WIDTH="37" HEIGHT="18" WC="0.90" CONTENT="m."/>
						</TextLine>
					</TextBlock>
				</ComposedBlock>
				<ComposedBlock ID="cblock_3" HPOS="458" VPOS="1124" WIDTH="1379" HEIGHT="106">
					<TextBlock ID="block_3" HPOS="458" VPOS="1124" WIDTH="1379" HEIGHT="101">
						<TextLine ID="line_3" HPOS="458" VPOS="1124" WIDTH="1379" HEIGHT="49">
							<String ID="string_19" HPOS="458" VPOS="1124" WIDTH="201" HEIGHT="45" WC="0.79" CONTENT="Utlåtande,"/><SP WIDTH="36" VPOS="1124" HPOS="659"/>
							<String ID="string_20" HPOS="695" VPOS="1124" WIDTH="14" HEIGHT="35" WC="0.86" CONTENT="i"/><SP WIDTH="31" VPOS="1124" HPOS="709"/>
							<String ID="string_21" HPOS="740" VPOS="1124" WIDTH="194" HEIGHT="48" WC="0.95" CONTENT="anledning"/><SP WIDTH="34" VPOS="1124" HPOS="934"/>
							<String ID="string_22" HPOS="968" VPOS="1125" WIDTH="47" HEIGHT="48" WC="0.96" CONTENT="af"/><SP WIDTH="29" VPOS="1125" HPOS="1015"/>
							<String ID="string_23" HPOS="1044" VPOS="1124" WIDTH="100" HEIGHT="36" WC="0.95" CONTENT="väckt"/><SP WIDTH="26" VPOS="1124" HPOS="1144"/>
							<String ID="string_24" HPOS="1170" VPOS="1124" WIDTH="144" HEIGHT="49" WC="0.96" CONTENT="förslag"/><SP WIDTH="35" VPOS="1124" HPOS="1314"/>
							<String ID="string_25" HPOS="1349" VPOS="1124" WIDTH="54" HEIGHT="35" WC="0.95" CONTENT="till"/><SP WIDTH="34" VPOS="1124" HPOS="1403"/>
							<String ID="string_26" HPOS="1437" VPOS="1124" WIDTH="59" HEIGHT="48" WC="0.96" CONTENT="lag"/><SP WIDTH="35" VPOS="1124" HPOS="1496"/>
							<String ID="string_27" HPOS="1531" VPOS="1137" WIDTH="53" HEIGHT="23" WC="0.90" CONTENT="om"/><SP WIDTH="35" VPOS="1137" HPOS="1584"/>
							<String ID="string_28" HPOS="1619" VPOS="1124" WIDTH="218" HEIGHT="36" WC="0.66" CONTENT="ålderdoms-"/>
						</TextLine>
						<TextLine ID="line_4" HPOS="640" VPOS="1171" WIDTH="1093" HEIGHT="59">
							<String ID="string_29" HPOS="640" VPOS="1171" WIDTH="220" HEIGHT="59" WC="0.95" CONTENT="försäkring."/><SP WIDTH="731" VPOS="1171" HPOS="860"/>
							<String ID="string_30" HPOS="1591" VPOS="1175" WIDTH="55" HEIGHT="50" WC="0.27" CONTENT="(RB."/><SP WIDTH="30" VPOS="1175" HPOS="1646"/>
							<String ID="string_31" HPOS="1676" VPOS="1176" WIDTH="57" HEIGHT="48" WC="0.73" CONTENT="A.)"/>
						</TextLine>
					</TextBlock>
				</ComposedBlock>
				<ComposedBlock ID="cblock_4" HPOS="1087" VPOS="1253" WIDTH="6" HEIGHT="10">
					<TextBlock ID="block_4" HPOS="1087" VPOS="1253" WIDTH="6" HEIGHT="10">
						<TextLine ID="line_5" HPOS="1087" VPOS="1253" WIDTH="6" HEIGHT="10">
							<String ID="string_32" HPOS="1087" VPOS="1253" WIDTH="6" HEIGHT="10" WC="0.37" CONTENT="$"/>
						</TextLine>
					</TextBlock>
				</ComposedBlock>
				<ComposedBlock ID="cblock_5" HPOS="250" VPOS="1331" WIDTH="1589" HEIGHT="154">
					<TextBlock ID="block_5" HPOS="250" VPOS="1331" WIDTH="1589" HEIGHT="154">
						<TextLine ID="line_6" HPOS="355" VPOS="1331" WIDTH="1483" HEIGHT="37">
							<String ID="string_33" HPOS="355" VPOS="1331" WIDTH="72" HEIGHT="37" WC="0.95" CONTENT="Till"/><SP WIDTH="30" VPOS="1331" HPOS="427"/>
							<String ID="string_34" HPOS="457" VPOS="1332" WIDTH="286" HEIGHT="36" WC="0.96" CONTENT="statsutskottet"/><SP WIDTH="27" VPOS="1332" HPOS="743"/>
							<String ID="string_35" HPOS="770" VPOS="1332" WIDTH="68" HEIGHT="36" WC="0.96" CONTENT="har"/><SP WIDTH="28" VPOS="1332" HPOS="838"/>
							<String ID="string_36" HPOS="866" VPOS="1332" WIDTH="125" HEIGHT="36" WC="0.96" CONTENT="blifvit"/><SP WIDTH="28" VPOS="1332" HPOS="991"/>
							<String ID="string_37" HPOS="1019" VPOS="1331" WIDTH="183" HEIGHT="37" WC="0.96" CONTENT="hänvisad"/><SP WIDTH="29" VPOS="1331" HPOS="1202"/>
							<String ID="string_38" HPOS="1231" VPOS="1345" WIDTH="47" HEIGHT="23" WC="0.96" CONTENT="en"/><SP WIDTH="28" VPOS="1345" HPOS="1278"/>
							<String ID="string_39" HPOS="1306" VPOS="1332" WIDTH="100" HEIGHT="35" WC="0.96" CONTENT="inom"/><SP WIDTH="40" VPOS="1332" HPOS="1406"/>
							<String ID="string_40" HPOS="1446" VPOS="1332" WIDTH="135" HEIGHT="36" WC="0.96" CONTENT="Första"/><SP WIDTH="28" VPOS="1332" HPOS="1581"/>
							<String ID="string_41" HPOS="1609" VPOS="1332" WIDTH="229" HEIGHT="36" WC="0.95" CONTENT="Kammaren"/>
						</TextLine>
						<TextLine ID="line_7" HPOS="253" VPOS="1384" WIDTH="1586" HEIGHT="49">
							<String ID="string_42" HPOS="253" VPOS="1384" WIDTH="41" HEIGHT="36" WC="0.96" CONTENT="af"/><SP WIDTH="25" VPOS="1384" HPOS="294"/>
							<String ID="string_43" HPOS="319" VPOS="1384" WIDTH="87" HEIGHT="36" WC="0.92" CONTENT="herr"/><SP WIDTH="38" VPOS="1384" HPOS="406"/>
							<String ID="string_44" HPOS="444" VPOS="1384" WIDTH="36" HEIGHT="37" WC="0.85" CONTENT="C."/><SP WIDTH="31" VPOS="1384" HPOS="480"/>
							<String ID="string_45" HPOS="511" VPOS="1385" WIDTH="194" HEIGHT="36" WC="0.95" CONTENT="Adelsköld"/><SP WIDTH="34" VPOS="1385" HPOS="705"/>
							<String ID="string_46" HPOS="739" VPOS="1384" WIDTH="113" HEIGHT="37" WC="0.96" CONTENT="väckt"/><SP WIDTH="27" VPOS="1384" HPOS="852"/>
							<String ID="string_47" HPOS="879" VPOS="1384" WIDTH="144" HEIGHT="37" WC="0.96" CONTENT="motion"/><SP WIDTH="30" VPOS="1384" HPOS="1023"/>
							<String ID="string_48" HPOS="1053" VPOS="1384" WIDTH="75" HEIGHT="49" WC="0.96" CONTENT="(n:o"/><SP WIDTH="34" VPOS="1384" HPOS="1128"/>
							<String ID="string_49" HPOS="1162" VPOS="1384" WIDTH="72" HEIGHT="49" WC="0.94" CONTENT="19),"/><SP WIDTH="30" VPOS="1384" HPOS="1234"/>
							<String ID="string_50" HPOS="1264" VPOS="1384" WIDTH="11" HEIGHT="35" WC="0.96" CONTENT="i"/><SP WIDTH="28" VPOS="1384" HPOS="1275"/>
							<String ID="string_51" HPOS="1303" VPOS="1384" WIDTH="154" HEIGHT="36" WC="0.96" CONTENT="hvilken"/><SP WIDTH="29" VPOS="1384" HPOS="1457"/>
							<String ID="string_52" HPOS="1486" VPOS="1384" WIDTH="199" HEIGHT="49" WC="0.96" CONTENT="framlagts"/><SP WIDTH="30" VPOS="1384" HPOS="1685"/>
							<String ID="string_53" HPOS="1715" VPOS="1390" WIDTH="54" HEIGHT="31" WC="0.96" CONTENT="ett"/><SP WIDTH="29" VPOS="1390" HPOS="1769"/>
							<String ID="string_54" HPOS="1798" VPOS="1387" WIDTH="41" HEIGHT="33" WC="0.96" CONTENT="så"/>
						</TextLine>
						<TextLine ID="line_8" HPOS="250" VPOS="1436" WIDTH="164" HEIGHT="49">
							<String ID="string_55" HPOS="250" VPOS="1436" WIDTH="164" HEIGHT="49" WC="0.96" CONTENT="lydande"/>
						</TextLine>
					</TextBlock>
				</ComposedBlock>
				<ComposedBlock ID="cblock_6" HPOS="610" VPOS="1594" WIDTH="856" HEIGHT="48">
					<TextBlock ID="block_6" HPOS="610" VPOS="1594" WIDTH="856" HEIGHT="48">
						<TextLine ID="line_9" HPOS="610" VPOS="1594" WIDTH="856" HEIGHT="48">
							<String ID="string_56" HPOS="610" VPOS="1594" WIDTH="151" HEIGHT="47" WC="0.84" CONTENT="Förslag"/><SP WIDTH="30" VPOS="1594" HPOS="761"/>
							<String ID="string_57" HPOS="791" VPOS="1594" WIDTH="53" HEIGHT="35" WC="0.95" CONTENT="till"/><SP WIDTH="29" VPOS="1594" HPOS="844"/>
							<String ID="string_58" HPOS="873" VPOS="1594" WIDTH="59" HEIGHT="48" WC="0.95" CONTENT="lag"/><SP WIDTH="29" VPOS="1594" HPOS="932"/>
							<String ID="string_59" HPOS="961" VPOS="1607" WIDTH="54" HEIGHT="22" WC="0.92" CONTENT="om"/><SP WIDTH="29" VPOS="1607" HPOS="1015"/>
							<String ID="string_60" HPOS="1044" VPOS="1594" WIDTH="422" HEIGHT="48" WC="0.51" CONTENT="älderdomsförsäkring."/>
						</TextLine>
					</TextBlock>
				</ComposedBlock>
				<ComposedBlock ID="cblock_7" HPOS="1004" VPOS="1749" WIDTH="83" HEIGHT="49">
					<TextBlock ID="block_7" HPOS="1004" VPOS="1749" WIDTH="83" HEIGHT="49">
						<TextLine ID="line_10" HPOS="1004" VPOS="1749" WIDTH="83" HEIGHT="49">
							<String ID="string_61" HPOS="1004" VPOS="1749" WIDTH="20" HEIGHT="49" WC="0.21" CONTENT="g"/><SP WIDTH="32" VPOS="1749" HPOS="1024"/>
							<String ID="string_62" HPOS="1056" VPOS="1752" WIDTH="31" HEIGHT="33" WC="0.93" CONTENT="1."/>
						</TextLine>
					</TextBlock>
				</ComposedBlock>
				<ComposedBlock ID="cblock_8" HPOS="255" VPOS="1852" WIDTH="1584" HEIGHT="207">
					<TextBlock ID="block_8" HPOS="255" VPOS="1852" WIDTH="1584" HEIGHT="102">
						<TextLine ID="line_11" HPOS="357" VPOS="1852" WIDTH="1482" HEIGHT="51">
							<String ID="string_63" HPOS="357" VPOS="1853" WIDTH="84" HEIGHT="37" WC="0.96" CONTENT="Den"/><SP WIDTH="41" VPOS="1853" HPOS="441"/>
							<String ID="string_64" HPOS="482" VPOS="1853" WIDTH="218" HEIGHT="37" WC="0.92" CONTENT="nuvarande"/><SP WIDTH="43" VPOS="1853" HPOS="700"/>
							<String ID="string_65" HPOS="743" VPOS="1853" WIDTH="129" HEIGHT="49" WC="0.88" CONTENT="kongl."/><SP WIDTH="43" VPOS="1853" HPOS="872"/>
							<String ID="string_66" HPOS="915" VPOS="1853" WIDTH="331" HEIGHT="50" WC="0.90" CONTENT="postsparbanken"/><SP WIDTH="45" VPOS="1853" HPOS="1246"/>
							<String ID="string_67" HPOS="1291" VPOS="1852" WIDTH="183" HEIGHT="37" WC="0.96" CONTENT="ombildas"/><SP WIDTH="42" VPOS="1852" HPOS="1474"/>
							<String ID="string_68" HPOS="1516" VPOS="1852" WIDTH="58" HEIGHT="37" WC="0.91" CONTENT="till"/><SP WIDTH="41" VPOS="1852" HPOS="1574"/>
							<String ID="string_69" HPOS="1615" VPOS="1866" WIDTH="46" HEIGHT="23" WC="0.91" CONTENT="en"/><SP WIDTH="41" VPOS="1866" HPOS="1661"/>
							<String ID="string_70" HPOS="1702" VPOS="1853" WIDTH="137" HEIGHT="37" WC="0.91" CONTENT="allmän"/>
						</TextLine>
						<TextLine ID="line_12" HPOS="255" VPOS="1905" WIDTH="1359" HEIGHT="49">
							<String ID="string_71" HPOS="255" VPOS="1906" WIDTH="141" HEIGHT="37" WC="0.93" CONTENT="svensk"/><SP WIDTH="27" VPOS="1906" HPOS="396"/>
							<String ID="string_72" HPOS="423" VPOS="1906" WIDTH="682" HEIGHT="48" WC="0.90" CONTENT="riksålderdomsförsäkringsanstalt"/><SP WIDTH="26" VPOS="1906" HPOS="1105"/>
							<String ID="string_73" HPOS="1131" VPOS="1906" WIDTH="121" HEIGHT="36" WC="0.96" CONTENT="under"/><SP WIDTH="28" VPOS="1906" HPOS="1252"/>
							<String ID="string_74" HPOS="1280" VPOS="1911" WIDTH="145" HEIGHT="31" WC="0.96" CONTENT="statens"/><SP WIDTH="30" VPOS="1911" HPOS="1425"/>
							<String ID="string_75" HPOS="1455" VPOS="1905" WIDTH="159" HEIGHT="48" WC="0.96" CONTENT="garanti."/>
						</TextLine>
					</TextBlock>
					<TextBlock ID="block_9" HPOS="256" VPOS="1957" WIDTH="1582" HEIGHT="102">
						<TextLine ID="line_13" HPOS="357" VPOS="1957" WIDTH="1481" HEIGHT="49">
							<String ID="string_76" HPOS="357" VPOS="1959" WIDTH="57" HEIGHT="36" WC="0.95" CONTENT="De"/><SP WIDTH="28" VPOS="1959" HPOS="414"/>
							<String ID="string_77" HPOS="442" VPOS="1959" WIDTH="12" HEIGHT="36" WC="0.91" CONTENT="i"/><SP WIDTH="30" VPOS="1959" HPOS="454"/>
							<String ID="string_78" HPOS="484" VPOS="1958" WIDTH="209" HEIGHT="36" WC="0.92" CONTENT="anstaltens"/><SP WIDTH="30" VPOS="1958" HPOS="693"/>
							<String ID="string_79" HPOS="723" VPOS="1958" WIDTH="91" HEIGHT="36" WC="0.96" CONTENT="vård"/><SP WIDTH="29" VPOS="1958" HPOS="814"/>
							<String ID="string_80" HPOS="843" VPOS="1958" WIDTH="194" HEIGHT="48" WC="0.96" CONTENT="befintliga"/><SP WIDTH="29" VPOS="1958" HPOS="1037"/>
							<String ID="string_81" HPOS="1066" VPOS="1958" WIDTH="136" HEIGHT="36" WC="0.96" CONTENT="fonder"/><SP WIDTH="30" VPOS="1958" HPOS="1202"/>
							<String ID="string_82" HPOS="1232" VPOS="1958" WIDTH="71" HEIGHT="36" WC="0.96" CONTENT="och"/><SP WIDTH="20" VPOS="1958" HPOS="1303"/>
							<String ID="string_83" HPOS="1323" VPOS="1957" WIDTH="124" HEIGHT="37" WC="0.96" CONTENT="medel"/><SP WIDTH="20" VPOS="1957" HPOS="1447"/>
							<String ID="string_84" HPOS="1467" VPOS="1957" WIDTH="152" HEIGHT="37" WC="0.93" CONTENT="tillhöra"/><SP WIDTH="15" VPOS="1957" HPOS="1619"/>
							<String ID="string_85" HPOS="1634" VPOS="1958" WIDTH="204" HEIGHT="48" WC="0.91" CONTENT="delegarne"/>
						</TextLine>
						<TextLine ID="line_14" HPOS="256" VPOS="2009" WIDTH="1581" HEIGHT="50">
							<String ID="string_86" HPOS="256" VPOS="2011" WIDTH="71" HEIGHT="36" WC="0.96" CONTENT="och"/><SP WIDTH="30" VPOS="2011" HPOS="327"/>
							<String ID="string_87" HPOS="357" VPOS="2011" WIDTH="37" HEIGHT="36" WC="0.96" CONTENT="få"/><SP WIDTH="27" VPOS="2011" HPOS="394"/>
							<String ID="string_88" HPOS="421" VPOS="2010" WIDTH="83" HEIGHT="38" WC="0.96" CONTENT="icke"/><SP WIDTH="31" VPOS="2010" HPOS="504"/>
							<String ID="string_89" HPOS="535" VPOS="2010" WIDTH="328" HEIGHT="38" WC="0.95" CONTENT="sammanblandas"/><SP WIDTH="30" VPOS="2010" HPOS="863"/>
							<String ID="string_90" HPOS="893" VPOS="2010" WIDTH="84" HEIGHT="37" WC="0.96" CONTENT="med"/><SP WIDTH="31" VPOS="2010" HPOS="977"/>
							<String ID="string_91" HPOS="1008" VPOS="2016" WIDTH="146" HEIGHT="31" WC="0.95" CONTENT="statens"/><SP WIDTH="30" VPOS="2016" HPOS="1154"/>
							<String ID="string_92" HPOS="1184" VPOS="2010" WIDTH="124" HEIGHT="49" WC="0.95" CONTENT="öfriga"/><SP WIDTH="28" VPOS="2010" HPOS="1308"/>
							<String ID="string_93" HPOS="1336" VPOS="2010" WIDTH="139" HEIGHT="36" WC="0.96" CONTENT="fonder"/><SP WIDTH="29" VPOS="2010" HPOS="1475"/>
							<String ID="string_94" HPOS="1504" VPOS="2010" WIDTH="91" HEIGHT="36" WC="0.96" CONTENT="eller"/><SP WIDTH="27" VPOS="2010" HPOS="1595"/>
							<String ID="string_95" HPOS="1622" VPOS="2009" WIDTH="215" HEIGHT="50" WC="0.96" CONTENT="tillgångar."/>
						</TextLine>
					</TextBlock>
				</ComposedBlock>
				<ComposedBlock ID="cblock_9" HPOS="1004" VPOS="2167" WIDTH="83" HEIGHT="50">
					<TextBlock ID="block_10" HPOS="1004" VPOS="2167" WIDTH="83" HEIGHT="50">
						<TextLine ID="line_15" HPOS="1004" VPOS="2167" WIDTH="83" HEIGHT="50">
							<String ID="string_96" HPOS="1004" VPOS="2167" WIDTH="20" HEIGHT="50" WC="0.50" CONTENT="g"/><SP WIDTH="20" VPOS="2167" HPOS="1024"/>
							<String ID="string_97" HPOS="1044" VPOS="2167" WIDTH="43" HEIGHT="50" WC="0.93" CONTENT="2."/>
						</TextLine>
					</TextBlock>
				</ComposedBlock>
				<ComposedBlock ID="cblock_10" HPOS="257" VPOS="2270" WIDTH="1584" HEIGHT="153">
					<TextBlock ID="block_11" HPOS="257" VPOS="2270" WIDTH="1584" HEIGHT="153">
						<TextLine ID="line_16" HPOS="361" VPOS="2270" WIDTH="1479" HEIGHT="51">
							<String ID="string_98" HPOS="361" VPOS="2272" WIDTH="132" HEIGHT="38" WC="0.96" CONTENT="Staten"/><SP WIDTH="41" VPOS="2272" HPOS="493"/>
							<String ID="string_99" HPOS="534" VPOS="2272" WIDTH="181" HEIGHT="38" WC="0.96" CONTENT="bekostar"/><SP WIDTH="40" VPOS="2272" HPOS="715"/>
							<String ID="string_100" HPOS="755" VPOS="2273" WIDTH="207" HEIGHT="48" WC="0.95" CONTENT="utgifterna"/><SP WIDTH="35" VPOS="2273" HPOS="962"/>
							<String ID="string_101" HPOS="997" VPOS="2273" WIDTH="59" HEIGHT="36" WC="0.93" CONTENT="för"/><SP WIDTH="34" VPOS="2273" HPOS="1056"/>
							<String ID="string_102" HPOS="1090" VPOS="2270" WIDTH="750" HEIGHT="49" WC="0.91" CONTENT="riksålderdomsförsäkringsanstaltens"/>
						</TextLine>
						<TextLine ID="line_17" HPOS="257" VPOS="2323" WIDTH="1584" HEIGHT="50">
							<String ID="string_103" HPOS="257" VPOS="2324" WIDTH="232" HEIGHT="49" WC="0.95" CONTENT="förvaltning"/><SP WIDTH="29" VPOS="2324" HPOS="489"/>
							<String ID="string_104" HPOS="518" VPOS="2332" WIDTH="98" HEIGHT="30" WC="0.93" CONTENT="samt"/><SP WIDTH="28" VPOS="2332" HPOS="616"/>
							<String ID="string_105" HPOS="644" VPOS="2326" WIDTH="143" HEIGHT="35" WC="0.91" CONTENT="lemnar"/><SP WIDTH="29" VPOS="2326" HPOS="787"/>
							<String ID="string_106" HPOS="816" VPOS="2325" WIDTH="194" HEIGHT="36" WC="0.96" CONTENT="dessutom"/><SP WIDTH="30" VPOS="2325" HPOS="1010"/>
							<String ID="string_107" HPOS="1040" VPOS="2330" WIDTH="54" HEIGHT="31" WC="0.96" CONTENT="ett"/><SP WIDTH="28" VPOS="2330" HPOS="1094"/>
							<String ID="string_108" HPOS="1122" VPOS="2325" WIDTH="162" HEIGHT="35" WC="0.96" CONTENT="kontant"/><SP WIDTH="28" VPOS="2325" HPOS="1284"/>
							<String ID="string_109" HPOS="1312" VPOS="2324" WIDTH="111" HEIGHT="48" WC="0.96" CONTENT="årligt"/><SP WIDTH="26" VPOS="2324" HPOS="1423"/>
							<String ID="string_110" HPOS="1449" VPOS="2324" WIDTH="134" HEIGHT="48" WC="0.96" CONTENT="bidrag"/><SP WIDTH="20" VPOS="2324" HPOS="1583"/>
							<String ID="string_111" HPOS="1603" VPOS="2323" WIDTH="55" HEIGHT="37" WC="0.96" CONTENT="till"/><SP WIDTH="20" VPOS="2323" HPOS="1658"/>
							<String ID="string_112" HPOS="1678" VPOS="2324" WIDTH="163" HEIGHT="48" WC="0.96" CONTENT="premier"/>
						</TextLine>
						<TextLine ID="line_18" HPOS="357" VPOS="2383" WIDTH="992" HEIGHT="40">
							<String ID="string_113" HPOS="357" VPOS="2387" WIDTH="64" HEIGHT="28" WC="0.86" CONTENT="Bih."/><SP WIDTH="24" VPOS="2387" HPOS="421"/>
							<String ID="string_114" HPOS="445" VPOS="2387" WIDTH="46" HEIGHT="28" WC="0.93" CONTENT="till"/><SP WIDTH="21" VPOS="2387" HPOS="491"/>
							<String ID="string_115" HPOS="512" VPOS="2387" WIDTH="94" HEIGHT="28" WC="0.89" CONTENT="Riksd."/><SP WIDTH="25" VPOS="2387" HPOS="606"/>
							<String ID="string_116" HPOS="631" VPOS="2387" WIDTH="76" HEIGHT="28" WC="0.96" CONTENT="Prot."/><SP WIDTH="25" VPOS="2387" HPOS="707"/>
							<String ID="string_117" HPOS="732" VPOS="2384" WIDTH="91" HEIGHT="31" WC="0.81" CONTENT="1890."/><SP WIDTH="45" VPOS="2384" HPOS="823"/>
							<String ID="string_118" HPOS="868" VPOS="2386" WIDTH="21" HEIGHT="28" WC="0.93" CONTENT="4"/><SP WIDTH="23" VPOS="2386" HPOS="889"/>
							<String ID="string_119" HPOS="912" VPOS="2386" WIDTH="86" HEIGHT="29" WC="0.78" CONTENT="Saml."/><SP WIDTH="46" VPOS="2386" HPOS="998"/>
							<String ID="string_120" HPOS="1044" VPOS="2385" WIDTH="17" HEIGHT="28" WC="0.93" CONTENT="1"/><SP WIDTH="23" VPOS="2385" HPOS="1061"/>
							<String ID="string_121" HPOS="1084" VPOS="2386" WIDTH="70" HEIGHT="35" WC="0.90" CONTENT="Afd."/><SP WIDTH="50" VPOS="2386" HPOS="1154"/>
							<String ID="string_122" HPOS="1204" VPOS="2383" WIDTH="39" HEIGHT="30" WC="0.92" CONTENT="14"/><SP WIDTH="23" VPOS="2383" HPOS="1243"/>
							<String ID="string_123" HPOS="1266" VPOS="2385" WIDTH="83" HEIGHT="38" WC="0.24" CONTENT="Häöft."/>
						</TextLine>
					</TextBlock>
				</ComposedBlock>
			</PrintSpace>
		</Page>
	</Layout>
</alto>
