2214 2654
386 208 118 31 Andra
527 208 219 31 kammarens
769 206 128 33 första
921 208 173 40 tillfälliga
1116 209 142 31 utskotts
1281 209 174 31 utlåtande
1479 209 51 30 Nr
1555 210 28 29 6.
1768 210 14 30 1

919 662 61 41 Nr
1009 662 36 42 6.

806 842 110 24 Ankom
935 842 46 24 till
1000 842 172 32 Riksdagens
1192 843 92 25 kansli
1303 844 53 23 den
1374 842 34 26 27
1428 850 73 18 mars
1521 842 70 26 1912
1612 844 37 24 kl.
1670 842 15 26 5
1706 852 22 17 e.
1748 852 37 16 m.

401 1003 129 36 Andra
567 1004 220 36 kammarens
813 1004 119 44 första
960 1004 180 46 tillfälliga
1168 1006 143 35 utskotts
1339 1006 179 35 utlåtande
1545 1018 45 23 nr
1620 1008 33 42 6,
1683 1007 13 34 i
1725 1018 61 24 an-

614 1075 140 46 ledning
796 1076 48 44 af
874 1077 123 35 herrar
1034 1076 46 36 Å.
1111 1078 204 44 Cederborgs
1344 1078 60 35 och
1430 1078 48 34 K.
1509 1077 46 35 A.
1590 1078 196 44 Tengdahls

616 1148 127 35 motion
786 1160 52 23 om
872 1148 183 44 skrifvelse
1083 1150 53 35 till
1162 1149 133 45 Kungl.
1326 1149 112 43 Maj:t
1466 1150 178 45 angående
1671 1151 113 34 utred-

615 1220 86 44 ning
729 1220 13 35 i
762 1219 115 46 fråga
907 1233 53 23 om
986 1220 189 44 införande
1199 1221 49 44 af
1264 1221 185 45 stenografi
1471 1223 114 34 såsom
1610 1221 177 36 läroämne

615 1292 61 34 vid
702 1292 135 35 landets
866 1293 449 44 undervisningsanstalter.

300 1469 72 35 Till
401 1469 201 36 utskottets
631 1469 231 48 behandling
889 1471 67 35 har
984 1471 261 37 öfverlämnats
1275 1484 47 23 en
1350 1471 99 36 inom
1474 1472 131 36 Andra
1625 1473 160 35 kamma-

195 1536 68 23 ren
292 1523 39 36 af
356 1523 129 36 herrar
515 1523 212 48 Cederborg
757 1525 68 35 och
854 1525 194 47 Tengdahl
1067 1525 111 37 väckt
1198 1525 139 37 motion
1357 1524 57 50 (nr
1435 1526 100 49 252),
1558 1527 106 36 hvari
1687 1528 98 34 hem-

191 1578 138 43 ställes,
375 1580 54 33 att
469 1577 219 47 Riksdagen
729 1579 86 35 ville
849 1578 13 36 i
896 1579 194 36 skrifvelse
1123 1580 58 35 till
1213 1580 139 46 Kungl.
1389 1580 109 48 Maj:t
1531 1581 160 45 anhålla,
1723 1582 62 34 det

189 1631 141 47 Kungl.
374 1631 109 47 Maj:t
526 1631 144 35 täcktes
706 1632 75 35 låta
810 1633 141 43 utreda,
982 1635 47 44 på
1057 1634 99 34 hvad
1185 1636 73 32 sätt
1286 1634 69 34 och
1383 1634 13 35 i
1424 1634 154 35 hvilken
1605 1634 181 36 utsträck-

190 1685 92 47 ning
325 1685 200 46 stenografi
566 1685 67 36 bör
675 1685 138 36 införas
847 1688 119 34 såsom
1000 1687 189 35 läroämne
1218 1687 64 36 vid
1309 1688 146 35 landets
1483 1688 303 48 undervisnings-

191 1739 189 35 anstalter.

297 1792 19 35 I
345 1792 174 35 afseende
550 1794 20 32 å
599 1792 271 48 motiveringen
897 1794 58 35 till
984 1794 121 35 denna
1128 1794 223 36 hemställan
1369 1794 139 36 tillåter
1528 1795 56 47 sig
1604 1796 184 35 utskottet

191 1846 155 36 hänvisa
375 1845 58 36 till
461 1845 189 37 motionen
680 1850 94 32 samt
803 1847 63 36 vid
895 1848 213 35 densamma
1136 1848 134 47 fogade
1298 1848 154 48 bilagor.

297 1953 20 35 I
344 1953 120 35 likhet
493 1954 84 35 med
606 1954 272 35 motionärerna
907 1967 108 24 anser
1042 1955 193 45 utskottet,
1267 1958 54 33 att
1348 1955 217 48 färdighet
1550 1949 19 59 i
1587 1957 200 47 stenografi

192 2012 40 30 är
265 2007 41 35 af
340 2010 75 32 stor
449 2007 190 48 betydelse
676 2007 84 36 icke
790 2008 158 37 allenast
974 2008 57 37 för
1058 2009 344 48 yrkesstenografer
1431 2011 69 35 och
1527 2010 57 36 för
1611 2023 176 35 personer

190 2061 13 35 i
246 2073 46 23 en
333 2061 138 47 mängd
500 2062 115 34 andra
649 2061 130 48 yrken,
809 2065 92 33 utan
930 2063 110 36 äfven
1067 2063 57 36 för
1152 2065 150 43 enhvar,
1334 2076 77 24 som
1442 2065 136 35 önskar
1606 2070 90 42 göra
1724 2077 61 23 an-

190 2114 224 47 teckningar
446 2116 120 34 under
594 2115 243 37 bedrifvande
866 2117 40 35 af
931 2116 236 49 själfstudier,
1198 2118 65 36 vid
1292 2118 186 36 åhörande
1508 2119 39 34 af
1571 2119 215 35 föreläsnin-

191 2180 67 35 gar
277 2172 95 32 samt
390 2168 13 36 i
422 2169 298 47 föreningslifvet
739 2182 31 23 o.
794 2182 26 23 s.
840 2183 34 23 v.
905 2171 54 35 Ur
974 2171 106 36 dessa
1096 2172 233 47 synpunkter
1343 2173 105 35 torde
1461 2173 62 35 det
1534 2185 87 24 vara
1637 2185 149 36 synner-

190 2222 103 47 ligen
325 2222 182 48 lämpligt,
543 2226 53 33 att
623 2226 66 34 vår
713 2225 164 46 ungdom
906 2225 115 36 redan
1049 2226 14 35 i
1091 2226 131 36 skolan
1250 2226 100 47 finge
1381 2227 77 35 lära
1488 2227 56 47 sig
1574 2227 210 47 stenografi,

236 2294 136 39 Bihang
396 2294 52 31 till
471 2295 213 39 Riksdagens
704 2296 165 39 protokoll
894 2298 96 29 1912.
1039 2298 42 29 13
1104 2298 97 30 saml.
1250 2299 18 29 1
1294 2298 67 38 afd.
1411 2299 19 29 6
1453 2298 81 39 häft.
1583 2299 63 39 (Nr
1671 2299 43 38 6.)

1822 1960 146 28 Utskottets

1823 1996 138 36 yttrande.
