1864 2770
133 160 49 30 Nr
208 161 182 29 146—2148.
551 159 286 31 Statsutskottets
863 159 179 30 utlåtande
1068 168 43 20 nr
1136 159 71 30 146.
1621 158 15 30 1

796 445 59 39 Nr
883 444 89 40 146.

357 548 183 32 Utlåtande
564 550 11 29 i
596 547 190 41 anledning
808 557 43 21 av
870 547 126 40 Kungl.
1018 547 125 40 Maj:ts
1165 547 216 40 proposition
1405 547 80 29 med
1504 545 135 41 förslag

579 599 52 29 till
650 599 192 39 ändringar
861 599 11 29 i
893 598 82 29 1947
997 599 57 30 års
1075 598 177 30 allmänna
1275 597 143 40 tjänste-
1438 597 64 30 och
1522 596 116 41 famil-

575 649 440 38 Jjepensionsreglementen
1038 658 45 20 m.
1105 658 45 20 m.

1399 699 73 33 (5:e
1495 697 94 34 avd.)

180 803 13 29 I
218 802 152 40 enlighet
395 803 77 29 med
497 801 126 42 Kungl.
649 801 124 39 Maj:ts
799 802 10 29 i
833 800 263 40 propositionen
1121 810 40 19 nr
1187 800 72 36 173,
1285 801 110 30 under
1419 800 219 39 åberopande

136 862 42 21 av
200 853 107 40 bilagt
330 853 126 40 utdrag
478 862 43 20 av
544 852 383 40 statsrådsprotokollet
950 853 81 29 över
1054 851 234 30 civilärenden
1312 851 54 30 för
1389 851 66 30 den
1481 850 39 30 19
1545 859 93 21 mars

138 903 93 36 1954,
256 903 197 40 framlagda
477 903 132 40 förslag
633 902 202 31 hemställer
860 903 181 33 utskottet,

172 2528 11 25 1

487 954 51 29 att
560 952 186 41 riksdagen
767 953 58 30 må

488 1004 24 29 I.
539 1004 187 39 godkänna
751 1004 58 32 vid
835 1004 263 40 propositionen
1125 1004 123 40 fogade
1275 1003 130 40 förslag
1429 1003 53 29 till

491 1054 35 34 1)
557 1054 207 39 kungörelse
783 1064 56 20 om
858 1054 149 38 ändring
1025 1055 10 29 i
1053 1053 84 30 1947
1155 1054 56 30 års
1228 1054 179 30 allmänna
1426 1054 129 39 tjänste
1561 1059 78 34 pen-

445 1104 308 39 sionsreglemente
780 1105 67 30 den
873 1105 41 29 30
940 1105 80 39 juni
1047 1103 84 31 1947
1160 1104 60 35 (nr
1245 1103 98 37 416),

489 1155 36 34 2)
556 1155 207 39 kungörelse
792 1165 55 20 om
875 1155 150 40 ändring
1052 1156 11 29 i
1090 1154 83 30 1947
1200 1156 56 29 års
1284 1155 176 30 allmänna
1486 1154 153 41 familje-

444 1205 379 40 pensionsreglemente
847 1207 66 29 den
937 1206 42 29 30
1002 1207 80 39 juni
1107 1205 82 30 1947
1218 1206 61 34 (nr
1302 1205 95 38 417),

489 1257 36 34 3)
556 1256 207 40 kungörelse
788 1266 55 20 om
868 1257 150 40 ändring
1042 1257 10 29 i
1078 1256 83 30 1947
1185 1258 56 29 års
1267 1256 373 40 tjänstepensionsreg-

446 1306 149 32 lemente
613 1308 57 39 för
686 1307 203 39 folkskolan
909 1308 66 29 den
994 1308 42 29 30
1055 1308 79 39 juni
1154 1307 83 30 1947
1261 1308 60 34 (nr
1340 1307 80 34 420)
1444 1309 92 29 samt

488 1358 37 34 4)
556 1358 207 39 kungörelse
788 1368 55 20 om
867 1359 150 39 ändring
1040 1359 11 29 i
1075 1358 82 29 1947
1181 1359 56 30 års
1259 1358 381 40 familjepensionsreg-

446 1407 148 31 lemente
615 1408 56 39 för
692 1407 203 39 folkskolan
919 1408 65 30 den
1007 1409 43 29 30
1071 1409 79 39 juni
1173 1408 84 30 1947
1284 1409 62 33 (nr
1366 1408 101 37 421);

490 1458 40 30 II.
556 1459 210 40 bemyndiga
797 1459 125 40 Kungl.
954 1459 106 40 Maj:t
1092 1461 50 28 att
1172 1460 11 29 i
1214 1459 235 40 huvudsaklig
1480 1461 160 28 överens-

446 1510 199 29 stämmelse
669 1511 78 28 med
771 1511 66 29 vad
860 1510 11 29 i
895 1510 383 40 statsrådsprotokollet
1301 1511 81 29 över
1404 1510 235 30 civilärenden

446 1560 54 29 för
523 1560 67 30 den
615 1559 38 30 19
676 1569 94 21 mars
796 1559 83 30 1954
902 1561 136 29 anförts
1062 1560 137 40 vidtaga
1223 1561 189 39 ändringar
1434 1561 11 29 i
1469 1560 171 40 SPA-reg-

446 1610 179 35 lementet;

489 1660 58 29 III.
573 1660 208 40 bemyndiga
806 1661 124 39 Kungl.
956 1661 105 40 Maj:t
1087 1663 49 28 att
1162 1662 141 30 utfärda
1327 1663 41 29 de
1392 1662 248 41 övergångsbe-

447 1712 228 34 stämmelser,
696 1722 75 20 som
790 1713 71 29 kan
881 1712 175 30 erfordras
1076 1713 56 30 vid
1151 1713 287 38 genomförandet
1457 1723 43 20 av
1519 1714 41 29 de
1579 1723 62 20 un-

446 1762 59 29 der
529 1761 12 29 I
565 1763 65 29 och
652 1762 29 29 II
703 1762 152 39 angivna
877 1763 191 39 förslagen;

491 1812 55 29 IV.
572 1812 208 38 bemyndiga
803 1812 124 39 Kungl.
948 1812 107 39 Maj:t
1076 1814 50 28 att
1146 1813 168 39 medgiva,
1337 1814 49 28 att
1408 1815 132 28 statens
1560 1823 81 30 pen-

447 1862 227 30 sionsanstalt
696 1863 58 29 må
778 1864 10 28 i
812 1864 234 39 huvudsaklig
1070 1865 345 29 överensstämmelse
1439 1866 80 29 med
1541 1866 66 29 vad
1630 1865 11 28 i

446 1913 156 30 nämnda
621 1913 347 40 statsrådsprotokoll
987 1914 136 30 anförts
1142 1915 162 36 övertaga
1324 1915 152 30 Svenska
1495 1915 146 30 lärarin-

446 1971 130 22 nornas
602 1963 346 40 pensionsförenings
975 1964 185 40 tillgångar
1186 1966 63 28 och
1276 1965 251 40 förpliktelser;

491 2013 38 28 Vv.
556 2012 158 39 medgiva

493 2064 33 33 1)
556 2065 50 28 att
629 2064 236 30 ordföranden
889 2066 10 28 i
922 2065 382 39 näringsfrihetsrådet,
1329 2067 23 29 f.
1376 2068 30 29 d.
1431 2068 209 38 lagmannen

448 2114 67 29 Tor
534 2114 120 30 Alfred
673 2115 160 30 Bexelius
852 2115 65 35 må,
937 2115 37 30 så
993 2117 100 37 länge
1112 2117 69 28 han
1199 2117 10 28 i
1228 2117 190 29 oavbruten
1437 2117 90 39 följd
1546 2117 95 30 inne-

447 2164 64 30 har
532 2164 466 39 ordförandebefattningen,
1020 2166 191 30 bibehållas
1232 2167 57 30 vid
1312 2168 65 28 den
1398 2169 67 28 rätt
1487 2168 53 29 till
1561 2177 80 30 pen-

448 2214 286 35 sionsförmåner,
765 2225 75 20 som
870 2216 111 29 skulle
1010 2217 45 27 ha
1086 2217 201 29 tillkommit
1317 2218 137 32 honom,
1485 2228 57 20 om
1572 2219 68 29 han

448 2262 173 30 kvarstått
643 2264 8 28 i
674 2264 320 37 lagmansämbetet,

492 2313 36 29 2)
560 2315 49 28 all
639 2315 202 37 professorn
871 2315 81 29 Karl
984 2315 81 29 Olof
1094 2314 183 41 Östergren
1310 2317 65 34 må,
1405 2318 127 30 räknat
1564 2319 76 29 från

448 2364 64 29 och
538 2365 77 28 med
642 2364 65 30 den
736 2365 11 27 1
777 2364 139 38 januari
946 2365 93 34 1954,
1068 2366 108 30 under
1202 2367 51 29 sin
1281 2367 217 31 återstående
1525 2369 116 29 livstid

449 2414 78 29 från
559 2415 155 38 anslaget
744 2414 51 30 till
828 2415 131 29 diverse
990 2415 185 40 pensioner
1205 2417 64 29 och
1301 2419 188 29 understöd
1522 2428 43 20 m.
1597 2429 43 19 m.

448 2464 156 39 uppbära
629 2474 39 19 en
691 2465 87 39 årlig
802 2465 144 38 pension
969 2476 41 19 av
1034 2466 18 27 6
1068 2467 62 27 000
1155 2467 137 34 kronor,

227 2529 111 30 Bihang
351 2528 46 24 till
408 2529 169 31 riksdagens
588 2530 146 30 protokoll
749 2531 75 23 1934.
844 2531 16 23 6
870 2531 82 23 saml.
973 2532 40 23 Nr
1036 2533 137 24 146-148.
