1892 2776
482 174 108 28 Andra
610 173 218 35 lagutskottets
849 170 161 28 utlåtande
1030 178 39 19 nr
1088 170 23 26 B
1130 169 16 27 8
1167 168 36 28 år
1222 167 74 28 1958
1597 166 40 30 13

205 257 50 30 Då
273 256 259 29 konventionen
551 254 179 39 angående
749 253 71 29 lika
838 253 68 32 lön,
927 251 94 33 1951,
1041 249 143 30 fastslår
1203 248 92 29 vissa
1313 247 179 29 allmänna
1511 244 127 40 princi-

149 320 60 31 per
228 310 149 30 rörande
396 309 70 29 lika
486 309 56 29 lön
562 307 54 30 för
634 308 83 29 män
736 306 64 30 och
819 305 150 29 kvinnor
991 304 53 29 för
1064 303 116 29 arbete
1201 310 41 21 av
1263 301 71 29 lika
1353 300 116 32 värde,

205 364 43 30 då
268 363 259 29 konventionen
546 361 223 33 föreskriver,
790 361 49 28 att
858 357 269 40 tillämpningen
1147 365 42 20 av
1209 354 182 41 principen
1412 361 57 21 om
1488 352 72 29 lika
1581 352 58 29 lön

150 419 55 29 för
222 419 82 28 män
323 417 65 29 och
406 416 149 29 kvinnor
574 415 55 29 för
648 414 117 29 arbete
784 422 41 20 av
844 412 72 30 lika
933 411 105 30 värde
1059 409 89 31 skall
1168 408 149 39 främjas
1336 407 82 29 eller
1436 408 140 37 tryggas
1595 404 44 40 på

151 473 68 29 sätt
242 480 74 21 som
337 472 38 28 är
397 469 163 39 förenligt
582 468 80 30 med
685 467 158 40 gällande
866 465 149 39 ordning
1038 464 54 30 för
1116 461 244 32 fastställande
1383 469 42 21 av
1447 460 191 29 lönesatser

150 526 10 29 i
177 524 260 31 vederbörande
454 523 92 33 land,

207 578 43 30 då
272 579 57 29 det
352 579 38 28 är
413 577 167 30 önskvärt
604 576 50 29 att
678 575 117 29 lämna
817 574 93 29 vissa
934 571 226 39 anvisningar
1184 569 54 30 för
1262 569 67 29 den
1353 566 196 31 successiva
1573 565 67 30 till-

151 632 227 40 lämpningen
401 640 42 19 av
466 631 40 28 de
529 629 9 29 i
562 628 260 30 konventionen
845 626 193 38 fastslagna
1060 624 233 40 principerna,

207 685 43 30 då
268 686 57 28 det
343 685 119 28 vidare
481 685 37 28 är
537 682 179 33 önskvärt,
736 683 50 28 att
806 680 161 38 samtliga
986 678 228 30 medlemmar
1234 676 57 29 vid
1310 673 268 41 tillämpningen
1599 681 41 21 av

151 740 102 29 dessa
272 737 175 41 principer
468 736 125 30 beakta
613 736 68 29 den
702 734 148 39 ordning
871 732 227 33 härutinnan,
1120 739 75 21 som
1214 730 79 29 med
1314 728 112 30 fördel
1448 727 192 39 tillämpats

151 793 10 29 1
183 793 92 29 vissa
295 792 132 33 länder,

208 846 160 29 förordar
389 844 245 32 konferensen,
656 843 51 29 att
727 841 96 39 varje
844 840 150 30 medlem
1015 839 72 33 bör,
1109 838 79 29 med
1210 835 195 31 beaktande
1426 843 41 21 av
1489 834 153 29 konven-

152 901 137 28 tionens
316 898 125 30 artikel
466 898 29 33 2,
520 897 160 38 tillämpa
706 895 156 39 följande
888 892 264 31 bestämmelser
1179 892 91 28 samt
1296 889 52 30 till
1374 886 265 32 Intenationella

153 952 238 39 arbetsbyrån,
411 951 10 29 i
441 951 151 38 enlighet
611 950 80 29 med
710 949 66 29 vad
795 948 170 39 styrelsen
985 947 122 29 därom
1127 944 57 30 må
1205 944 142 29 komma
1367 944 50 27 att
1436 941 205 32 bestämma,

152 1007 149 29 insända
322 1005 216 39 redogörelse
559 1003 180 39 angående
759 1002 41 29 de
820 1000 171 40 åtgärder,
1013 1008 75 21 som
1108 997 164 40 vidtagits
1293 996 54 30 för
1367 997 50 28 att
1438 993 202 41 genomföra

153 1061 190 29 desamma.

211 1114 27 29 1.
256 1112 97 30 Efter
372 1111 154 30 hörande
545 1119 42 20 av
604 1108 259 31 vederbörande
882 1103 497 42 arbetstagarorganisationer
1396 1102 92 33 eller,
1508 1101 62 29 där
1591 1100 52 29 så-

154 1168 91 29 dana
264 1166 139 33 saknas,
420 1163 259 31 vederbörande
697 1162 245 38 arbetstagare,
959 1160 84 29 böra
1063 1158 165 40 lämpliga
1246 1156 161 40 åtgärder
1425 1155 158 38 vidtagas

264 1219 35 33 a)
324 1219 55 29 för
398 1220 50 28 att
467 1220 121 37 trygga
607 1215 269 40 tillämpningen
895 1223 42 20 av
954 1213 183 40 principen
1156 1220 57 21 om
1233 1211 71 29 lika
1324 1209 58 30 lön
1401 1209 54 30 för
1475 1209 84 29 män
1578 1206 65 30 och

154 1274 149 29 kvinnor
325 1273 54 29 för
403 1272 115 29 arbete
541 1280 42 20 av
606 1270 72 29 lika
701 1269 104 30 värde
828 1267 221 31 beträffande
1075 1265 162 39 samtliga
1260 1263 174 30 anställda
1457 1262 96 29 inom
1577 1261 67 29 den

154 1327 154 30 centrala
331 1324 364 39 statsförvaltningen;
720 1322 65 30 och

264 1380 37 33 b)
329 1379 54 29 för
407 1380 51 28 att
481 1378 131 38 främja
633 1376 201 40 principens
857 1373 222 40 tillämpning
1102 1371 223 31 beträffande
1349 1368 174 31 anställda
1547 1368 94 29 inom

155 1434 169 33 delstats-,
344 1432 156 40 provins-
518 1431 82 29 eller
617 1430 117 29 lokala
751 1428 254 39 myndigheter,
1024 1427 62 29 där
1106 1426 101 29 dessa
1226 1426 63 37 äga
1307 1422 335 31 bestämmanderätt

155 1489 80 29 över
256 1485 291 39 lönesättningen.

211 1541 28 29 2
262 1539 98 29 Efter
383 1538 155 30 hörande
561 1546 42 21 av
625 1535 259 31 vederbörande
909 1532 229 40 arbetsgivar-
1161 1532 64 29 och
1249 1527 395 41 arbetstagarorganisa-

158 1595 109 28 tioner
289 1593 85 29 böra
398 1591 164 40 lämpliga
586 1590 162 39 åtgärder
772 1588 157 39 vidtagas
953 1587 54 29 för
1031 1587 50 28 att
1106 1586 139 28 snarast
1269 1583 138 39 möjligt
1431 1583 121 37 trygga
1578 1580 67 30 till-

156 1646 226 41 lämpningen
406 1654 41 20 av
470 1644 183 41 principen
676 1652 58 20 om
758 1642 70 29 lika
851 1642 58 29 lön
933 1640 54 30 för
1012 1640 83 29 män
1119 1639 65 29 och
1208 1637 150 30 kvinnor
1383 1636 54 30 för
1462 1634 116 31 arbete
1604 1642 41 21 av

157 1701 70 30 lika
254 1700 104 29 värde
384 1699 10 29 i
424 1698 97 39 fråga
548 1707 58 19 om
633 1697 69 29 alla
729 1696 109 30 andra
864 1691 415 33 verksamhetsområden
1305 1691 45 29 än
1377 1690 41 29 de
1446 1689 10 29 i
1484 1688 114 40 punkt
1628 1687 11 29 1

157 1754 164 33 nämnda,
340 1750 222 32 beträffande
581 1750 95 29 vilka
696 1747 282 40 lönesättningen
997 1746 152 39 regleras
1169 1745 83 29 eller
1272 1743 233 30 kontrolleras
1526 1750 42 21 av
1589 1741 57 29 det

157 1808 189 31 allmänna,
367 1805 142 30 särskilt
531 1804 104 29 såvitt
656 1812 99 20 avser

267 1859 36 29 a)
335 1857 258 30 fastställandet
619 1865 41 20 av
685 1855 151 29 minimi-
860 1855 82 29 eller
967 1853 110 29 andra
1102 1853 192 28 lönesatser
1318 1850 96 28 inom
1439 1848 131 30 sådana
1595 1847 51 28 in-

157 1913 151 30 dustrier
332 1912 65 29 och
421 1909 312 41 tjänsteområden,
758 1909 62 29 där
843 1907 120 39 dylika
986 1906 192 29 lönesatser
1203 1903 193 30 fastställas
1420 1911 41 20 av
1485 1899 161 39 offentlig

158 1965 219 40 myndighet;

268 2019 37 32 b)
329 2017 191 30 industrier
536 2016 64 30 och
620 2016 144 38 företag,
784 2023 74 21 som
876 2013 117 30 drivas
1012 2012 82 29 eller
1113 2010 233 30 kontrolleras
1365 2018 42 20 av
1426 2009 56 29 det
1502 2008 146 29 allmän-

160 2082 58 25 na;
239 2074 90 28 samt

270 2128 33 30 c)
327 2125 63 29 där
410 2124 38 29 så
466 2123 160 29 befinnes
645 2121 169 40 lämpligt,
834 2120 152 33 arbeten,
1007 2127 75 21 som
1103 2118 135 29 utföras
1258 2116 107 39 enligt
1384 2113 263 31 bestämmelser

159 2180 9 28 i
194 2178 178 32 kontrakt,
398 2176 75 30 däri
497 2175 163 38 offentlig
685 2173 203 40 myndighet
913 2174 38 28 är
977 2173 88 38 part.

216 2232 28 28 3.
286 2231 33 32 1)
351 2231 124 28 Därest
494 2228 36 29 så
549 2229 79 28 med
649 2227 159 39 gällande
828 2226 149 37 ordning
997 2225 54 28 för
1072 2223 243 29 fastställande
1336 2231 42 19 av
1398 2221 191 29 lönesatser
1611 2220 38 28 är

160 2283 174 38 förenligt,
356 2283 83 28 böra
460 2282 160 37 åtgärder
641 2288 124 31 genom
786 2277 220 40 lagstiftning
1027 2276 158 38 vidtagas
1208 2275 53 29 för
1282 2283 43 20 en
1345 2274 131 29 allmän
1499 2272 148 38 tillämp-

162 2338 82 37 ning
262 2345 41 20 av
321 2335 180 39 principen
519 2343 56 19 om
593 2333 72 29 lika
683 2333 57 29 lön
759 2332 52 29 för
829 2332 82 29 män
929 2330 64 30 och
1011 2329 150 29 kvinnor
1180 2328 54 29 för
1250 2327 117 29 arbete
1385 2336 41 19 av
1445 2325 70 29 lika
1535 2325 113 29 värde.

272 2389 35 32 2)
338 2387 267 30 Vederbörande
632 2385 183 38 offentliga
843 2383 203 40 myndighet
1074 2382 61 29 bör
1161 2381 139 38 vidtaga
1328 2380 68 29 alla
1423 2377 225 38 erforderliga

162 2442 63 30 och
246 2441 164 39 lämpliga
429 2440 159 38 åtgärder
608 2439 53 29 för
681 2440 50 28 att
750 2436 233 39 arbetsgivare
1002 2435 64 30 och
1087 2435 236 37 arbetstagare
1343 2432 57 29 må
1418 2431 132 30 erhålla
1572 2431 79 28 full-

163 2496 137 37 ständig
321 2495 195 29 kännedom
537 2503 56 19 om
614 2492 131 29 sådana
766 2489 337 40 lagbestämmelsers
1125 2487 167 30 innebörd
1313 2487 89 28 samt
1424 2485 9 29 i
1455 2485 58 29 fall
1536 2493 40 21 av
1597 2484 54 29 be-

164 2550 65 28 hov
255 2548 59 29 råd
339 2548 7 28 i
375 2547 95 38 fråga
494 2556 56 19 om
574 2545 329 30 bestämmelsernas
931 2541 231 40 tillämpning.
