2200 2626
408 187 40 30 24
858 177 251 33 Statsulskottets
1134 173 159 32 utlåtande
1317 172 52 31 Nr
1395 172 69 30 148.

493 263 74 36 För
595 272 97 36 egen
721 259 60 36 del
809 257 98 36 hava
932 254 236 38 revisorerna
1196 250 125 37 funnit
1349 249 62 36 det
1438 248 92 36 böra
1559 246 254 47 ifrågasättas,
1843 256 60 23 om
1923 243 32 47 ej

366 330 47 24 en
453 313 254 45 verksamhet,
750 323 81 23 som
872 309 12 35 i
924 308 78 47 hög
1043 304 95 50 grad
1178 303 67 37 har
1286 300 192 49 egenskap
1507 311 47 23 av
1583 297 121 36 ovisst
1732 295 130 37 försök
1890 294 69 36 och

366 368 119 37 tillika
521 365 178 47 betingar
726 359 214 49 betydande
968 356 162 38 kostnad
1159 355 57 36 för
1243 353 104 48 varje
1376 350 158 39 gärskild
1566 347 251 49 anläggning,
1846 345 114 38 borde

368 420 56 36 till
466 419 59 35 sin
566 414 235 47 omfattning
841 412 98 36 hava
979 413 156 44 trängre
1176 406 238 48 begränsats,
1456 408 47 30 än
1536 414 81 23 som
1647 400 112 36 skett.
1814 398 56 36 Då
1897 410 62 33 nu,

368 470 120 48 enligt
516 469 102 36 förut
646 467 157 47 intagen
831 459 366 48 sammanställning,
1230 459 70 34 152
1329 455 154 36 kolonat
1511 458 65 31 äro
1605 451 215 50 oupplåtna,
1848 461 112 38 synes

368 523 63 36 det
461 544 43 5 —
535 519 153 38 särskilt
721 516 84 37 med
834 515 148 48 hänsyn
1011 512 57 37 till
1097 511 72 36 den
1197 507 216 38 nuvarande
1441 503 331 49 nödvändigheten
1801 514 47 23 av
1876 514 86 36 syn-

368 573 124 48 nerlig
519 570 235 51 sparsamhet
782 590 49 4 —
859 567 90 36 böra
977 567 225 44 övervägas,
1231 574 59 23 om
1320 559 32 48 ej
1384 558 85 36 med
1496 556 176 48 åtgärder
1693 554 59 36 för
1771 552 192 37 ordnande

369 640 47 22 av
458 625 110 36 dessa
610 622 155 36 kolonat
800 620 104 47 finge
932 615 208 39 tillsvidare
1170 615 105 35 anstå
1303 612 10 35 i
1344 610 186 37 avvaktan
1561 610 48 46 på
1639 607 73 36 den
1740 604 222 47 erfarenhet,

371 691 80 23 som
479 677 75 36 kan
582 675 136 35 vinnas
746 685 44 24 av
821 671 45 36 de
894 669 134 37 hittills
1057 666 184 49 upplåtna
1268 664 214 36 kolonaten.

500 727 82 37 Vad
625 728 117 46 angår
783 723 45 36 de
870 720 155 49 utlagda
1063 718 215 44 kolonaten,
1308 720 129 44 syntes
1464 712 157 37 besöket
1648 714 20 32 å
1695 707 268 40 Jörnsmarken

371 782 90 49 giva
499 778 205 47 anledning
731 776 57 36 till
817 771 276 50 övervägande,
1123 768 183 38 huruvida
1335 766 49 37 all
1412 763 190 38 önskvärd
1630 759 336 51 uppmärksamhet

372 837 135 44 ägnats
558 830 118 41 däråt,
724 833 54 31 att
826 826 81 36 icke
948 820 277 51 skogsbestånd
1266 833 46 22 av
1352 822 184 45 yppersta
1576 812 262 39 beskaffenhet
1876 817 89 30 utan

373 883 211 50 trängande
625 880 123 37 behov
791 878 58 37 för
883 877 102 36 detta
1012 873 176 38 ändamål
1217 872 117 48 tagits
1361 870 12 36 i
1402 867 174 50 anspråk.
1631 864 148 38 Jämväl
1807 864 68 35 har
1903 863 63 36 det

373 942 108 43 synts
522 935 130 36 kunna
693 931 161 46 befaras,
897 933 54 31 att
983 940 46 23 en
1059 924 224 49 anhopning
1311 935 45 23 av
1384 926 95 31 stort
1507 919 102 36 antal
1636 916 156 37 kolonat
1819 915 149 36 komme

374 994 53 30 att
467 986 169 37 medföra
677 984 101 36 viesa
819 980 235 48 svårigheter
1094 976 62 37 vid
1187 973 190 39 ordnande
1407 986 45 22 av
1480 969 280 47 bränslefångst
1787 966 70 37 och
1884 966 84 36 bete

375 1040 58 37 för
463 1037 217 38 kolonister.

505 1089 188 48 Slutligen
721 1087 96 35 hava
845 1084 239 37 revisorerna
1113 1078 126 38 funnit
1266 1077 62 37 det
1356 1077 129 35 kunna
1513 1074 253 47 ifrågasättas,
1788 1068 182 38 huruvida

376 1144 31 49 ej
453 1139 355 40 administrationen
850 1150 46 23 av
924 1131 290 52 ifrågavarande
1242 1127 241 39 verksamhet
1512 1126 122 36 skulle
1663 1124 127 36 kunna
1817 1120 152 49 organi-

377 1208 104 24 seras
511 1193 56 37 till
595 1191 146 37 mindre
770 1187 233 47 omfattning
1030 1185 70 37 och
1126 1183 84 37 med
1231 1180 146 37 mindre
1396 1177 175 47 kostnad,
1593 1181 47 31 än
1662 1189 81 23 som
1763 1187 50 24 nu
1833 1173 135 36 skett.»

508 1296 72 38 Vid
620 1296 122 36 denna
775 1291 183 51 paragraf
981 1290 12 35 i
1016 1284 411 41 revisionsberättelsen
1455 1282 67 36 har
1551 1279 164 49 avgivits
1744 1275 228 39 reservation

381 1365 45 23 av
456 1350 128 36 herrar
613 1347 209 45 Hellström,
858 1345 109 35 Oscar
999 1342 127 35 Olsson
1153 1339 12 36 i
1193 1336 229 48 Linköping,
1450 1335 122 35 Johan
1595 1333 158 35 Jönsson
1772 1330 12 35 i
1803 1328 170 48 Revinge

381 1402 70 37 och
479 1402 204 44 Lindqvist,
712 1397 102 37 vilka
844 1396 123 35 anfört
995 1391 181 50 följande:

512 1451 273 37 >Revisorerna
813 1448 97 36 hava
939 1445 85 37 med
1052 1443 77 36 lika
1157 1446 119 32 röster
1304 1445 79 30 mot
1410 1437 76 36 lika
1513 1435 167 38 beslutat
1709 1439 53 30 att
1790 1437 93 44 göra
1907 1431 66 36 föl-

379 1505 114 50 jande
522 1502 194 38 uttalande
743 1498 233 39 beträffande
1005 1496 74 36 den
1107 1491 247 39 norrländska
1381 1488 320 38 kolonisationen:

512 1556 84 36 För
638 1567 96 36 egen
775 1552 59 36 del
876 1551 97 36 hava
1005 1547 237 37 revisorerna
1270 1543 123 36 funnit
1421 1541 61 36 det
1509 1540 92 36 böra
1628 1538 258 48 ifrågasättas,
1915 1547 59 23 om

383 1610 32 48 ej
446 1622 46 23 en
521 1605 253 45 verksamhet,
809 1616 82 24 som
928 1602 11 35 i
976 1601 78 47 hög
1092 1597 93 49 grad
1213 1597 66 35 har
1307 1593 194 49 egenskap
1527 1605 45 23 av
1600 1590 121 36 ovisst
1749 1587 131 37 försök
1907 1585 69 37 och

384 1661 120 37 tillika
544 1659 176 47 betingar
747 1654 213 50 betydande
988 1649 163 39 kostnad
1179 1649 58 36 för
1264 1647 105 48 varje
1398 1643 159 38 särskild
1588 1641 246 48 anläggning,
1863 1637 114 37 borde

384 1713 55 37 till
468 1712 57 36 sin
554 1708 234 49 omfattning
817 1707 96 35 hava
940 1708 155 44 trängre
1123 1701 234 48 begränsats,
1387 1702 48 31 än
1454 1709 79 23 som
1555 1694 110 36 skett.
1701 1692 57 36 Då
1776 1704 63 34 nu,
1860 1689 118 48 enligt

385 1766 101 36 förut
512 1764 158 47 intagen
698 1755 366 48 sammanställning,
1097 1754 71 35 152
1197 1751 155 36 kolonat
1380 1753 63 32 äro
1471 1746 219 49 oupplåtna,
1720 1755 114 38 synes
1854 1741 125 37 det
1951 1737 32 62 —

386 1815 150 38 särskilt
578 1814 85 36 med
704 1812 150 47 hänsyn
897 1808 56 37 till
994 1807 71 36 den
1098 1802 217 44 nuvarande
1344 1797 334 49 nödvändigheten
1708 1809 45 22 av
1783 1788 197 59 synnerlig

386 1866 238 51 sparsamhet
664 1886 49 5 —
754 1863 92 36 böra
887 1863 224 42 övervägas,
1154 1869 59 22 om
1251 1854 32 49 ej
1314 1852 85 37 med
1428 1850 174 49 åtgärder
1629 1848 57 36 för
1714 1845 191 38 ordnande
1933 1857 46 22 av

387 1920 111 36 dessa
529 1918 155 36 kolonat
711 1916 102 47 finge
840 1911 208 39 tillsvidare
1078 1910 108 35 anstå
1212 1908 10 34 i
1253 1905 187 37 avvaktan
1468 1905 47 46 på
1544 1901 72 37 den
1645 1898 226 46 erfarenhet,
1901 1908 78 24 som

387 1972 73 36 kan
490 1970 137 36 vinnas
656 1981 45 23 av
728 1966 45 37 de
801 1964 132 38 hittills
960 1962 183 50 upplåtna
1171 1956 228 38 kolonaten.'

516 2022 118 36 Detta
665 2017 192 38 uttalande
884 2014 157 38 innebär
1069 2012 32 49 ej
1133 2011 95 37 blott
1255 2015 51 31 ett
1333 2004 322 40 underkännande
1685 2016 45 23 av
1758 2002 72 36 den
1858 1999 124 38 stånd-

388 2075 132 51 punkt,
562 2086 82 23 som
676 2069 206 49 riksdagen
911 2065 131 38 hittills
1070 2062 138 49 intagit
1236 2061 54 36 till
1319 2060 71 36 den
1419 2056 246 39 norrländska
1692 2052 290 38 kolonisations-

389 2128 147 47 frågan,
570 2129 92 32 utan
691 2127 94 32 även
813 2134 46 23 en
887 2117 225 39 hemställan
1140 2128 60 23 om
1227 2111 226 39 inställande
1480 2108 208 38 tillsvidare
1716 2108 48 47 på
1791 2102 192 39 obestämd

390 2178 54 37 tid
487 2191 45 24 av
573 2173 247 52 upplåtandet
862 2185 46 23 av
948 2170 45 36 de
1037 2170 71 35 152
1147 2166 164 46 kolonat,
1340 2176 81 24 som
1449 2161 204 48 riksdagen
1680 2157 115 38 redan
1824 2156 161 37 beslutat

392 2231 165 48 upplåta,
586 2241 87 23 men
702 2239 80 23 som
812 2224 34 49 ej
877 2228 99 32 ännu
1004 2219 135 38 hunnit
1166 2218 198 36 utlämnas.

520 2280 56 36 Då
608 2278 142 37 varken
779 2276 72 37 den
879 2288 46 23 av
951 2273 236 37 revisorerna
1214 2268 134 49 gjorda
1377 2263 405 46 sammanställningen
1812 2273 45 23 av
1884 2259 101 36 kost-
