1900 2852
306 166 39 30 16
724 166 255 31 Statsutskottets
1002 166 168 31 utlåtande
1194 166 53 31 Nr
1270 169 51 27 92.

345 243 33 36 a)
403 243 159 37 följande
583 243 156 32 kliniker
760 245 79 31 med
859 244 240 37 polikliniker,
1120 244 184 36 nämligen
1324 254 43 20 en
1387 243 207 37 medicinsk,
1616 254 42 21 en
1679 244 115 30 kirur-

307 296 88 37 gisk,
422 306 44 22 en
491 297 334 36 radioterapeutisk,
851 307 44 21 en
921 297 275 37 oftalmologisk,
1224 308 43 20 en
1294 297 344 36 oto-laryngologisk
1664 297 63 31 och
1754 307 42 20 en

306 350 463 37 obstetrisk-gynekologisk
793 350 125 38 klinik,
945 353 168 29 ävensom
1138 353 51 29 ett
1215 350 394 37 röntgendiagnostiskt
1635 350 159 36 institut;

344 402 34 36 b)
409 404 159 36 följande
597 404 56 31 för
678 404 206 31 klinikerna
910 413 264 27 gemensamma
1202 404 256 36 inrättningar,
1485 404 182 36 nämligen
1695 404 98 31 isole-

304 457 305 37 ringsavdelning,
638 457 289 37 tandpoliklinik,
956 457 406 37 centrallaboratorium,
1390 457 277 37 badavdelning,
1696 465 97 28 gym-

304 510 326 36 nastikavdelning,
653 511 137 36 apotek,
814 510 465 37 desinfektionsavdelning,
1301 510 70 31 kök
1393 511 66 30 och
1481 510 183 36 matsalar,
1687 512 108 29 tvätt-

304 563 213 36 inrättning,
546 563 371 37 begravningskapell,
946 563 341 37 personalbostäder,
1317 564 154 31 förråds-
1502 563 65 32 och
1594 564 200 31 verkstads-

304 616 134 31 lokaler
460 619 168 29 ävensom
650 617 428 36 ångpanneanläggning;
1103 619 94 30 samt

343 668 30 37 ce)
395 679 43 21 en
456 669 201 37 patologisk
674 670 221 37 institution;

343 725 54 29 att
423 723 81 31 med
531 723 66 31 den
622 723 349 37 radioterapeutiska
998 723 162 32 kliniken
1186 723 93 32 skall
1305 724 263 31 sammanföras
1596 724 197 31 cancerför-

302 776 173 36 eningens
495 776 13 31 i
530 776 204 32 Stockholm
756 777 209 31 nuvarande
986 776 228 32 vårdanstalt
1237 777 55 30 för
1314 777 219 37 kräftsjuka,
1555 776 237 32 radiumhem-

301 832 81 33 met,
401 832 169 29 ävensom
590 829 454 37 forskningsavdelningar,
1063 830 66 30 allt
1148 830 12 30 i
1179 829 243 37 huvudsaklig
1443 830 349 31 överensstämmelse

302 883 79 31 med
400 883 42 31 de
460 882 193 37 riktlinjer,
671 892 75 22 som
764 892 43 22 en
823 894 46 20 av
887 883 103 31 Hans
1007 883 109 36 Maj:t
1134 883 204 36 Konungen
1355 883 133 32 tillsatt
1504 883 186 31 kommitté
1709 884 11 29 i
1738 884 54 31 be-

300 936 181 31 tänkande
497 936 68 31 den
583 936 38 31 23
640 936 74 36 maj
734 937 78 30 1929
830 937 142 36 angivit
992 937 64 30 och
1076 947 74 20 som
1170 947 45 20 av
1235 937 129 30 honom
1385 936 186 37 godkänts,
1590 939 93 29 samt
1703 936 12 31 i
1735 946 55 22 en-

300 989 113 36 lighet
433 989 82 32 med
535 990 66 31 den
621 992 167 28 närmare
809 989 349 37 överenskommelse,
1177 1000 77 21 som
1273 989 134 37 Kungl.
1428 989 111 37 Maj:t
1559 990 72 30 kan
1650 989 141 31 komma

300 1044 53 29 att
380 1042 110 31 träffa
516 1042 81 32 med
622 1042 218 37 styrelserna
867 1043 57 31 för
950 1042 327 37 jubileumsfonden
1303 1042 64 31 och
1394 1042 354 36 cancerföreningen;

339 1097 54 29 att
415 1095 102 31 avtal
539 1097 60 30 må
620 1095 130 32 träffas
772 1096 151 31 rörande
946 1096 199 31 samarbete
1170 1095 56 31 för
1250 1095 206 36 sjukhusets
1479 1096 225 36 uppförande
1727 1095 65 31 och

300 1148 88 33 drift
411 1149 134 31 mellan
567 1150 126 36 staten,
715 1149 223 32 Stockholms
959 1149 81 31 stad
1061 1149 64 31 och
1148 1148 222 33 Stockholms
1392 1149 81 32 läns
1493 1149 185 36 landsting
1700 1149 12 30 i
1735 1159 55 20 en-

298 1202 112 36 lighet
433 1203 82 31 med
537 1213 46 20 av
605 1202 126 31 chefen
753 1202 56 31 för
831 1201 511 38 ecklesiastikdepartementet
1365 1202 12 30 i
1400 1202 391 36 statsrådsprotokollet

299 1257 84 29 över
405 1255 385 32 ecklesiastikärenden
812 1256 67 31 den
901 1256 39 30 14
961 1265 98 22 mars
1080 1255 78 31 1930
1181 1255 190 32 förordade
1393 1257 93 30 samt
1510 1265 45 21 av
1579 1256 124 31 staden
1726 1255 63 32 och

297 1308 221 37 landstinget
539 1309 181 36 godtagna
740 1307 280 38 bestämmelser;

337 1363 54 30 att
412 1362 368 36 byggnadsföretaget
802 1362 91 31 skall
913 1381 40 3 —
973 1362 81 31 med
1075 1362 199 31 beaktande
1296 1372 45 21 av
1362 1361 72 32 vad
1454 1361 193 37 riksdagen
1668 1362 121 31 härut-

298 1415 111 31 innan
429 1425 94 21 ovan
541 1415 122 32 anfört
682 1434 41 4 —
742 1415 217 32 finansieras
980 1415 12 31 i
1012 1415 243 36 huvudsaklig
1276 1415 351 31 överensstämmelse
1647 1415 79 32 med
1747 1415 42 32 de

295 1479 46 20 av
361 1468 154 32 nämnde
534 1468 347 36 departementschef
901 1468 13 31 i
935 1478 137 21 samma
1091 1468 357 35 statsrådsprotokoll
1470 1467 189 32 förordade
1681 1477 106 27 grun-

297 1522 123 36 derna;

335 1575 75 32 dels
431 1576 65 31 ock
516 1576 13 31 i
551 1575 157 37 enlighet
729 1575 147 31 härmed
897 1574 59 32 till
977 1574 282 36 ifrågavarande
1280 1574 337 36 byggnadsarbeten
1639 1573 13 31 i
1674 1573 113 32 första

295 1631 152 34 etappen
476 1630 92 30 samt
596 1628 57 32 till
680 1629 229 31 bestridande
934 1638 49 21 av
1010 1627 153 37 utgifter
1192 1628 55 31 för
1276 1628 233 36 uppgörande
1537 1637 46 21 av
1611 1626 175 37 detaljrit-

296 1682 141 36 ningar,
464 1682 395 36 arbetsbeskrivningar
884 1691 46 21 m.
956 1691 56 27 m.,
1038 1684 169 28 ävensom
1232 1680 58 32 till
1317 1680 125 37 övriga
1469 1681 13 31 i
1509 1680 172 31 samband
1707 1679 79 32 med

295 1736 102 31 dessa
420 1735 337 37 byggnadsarbeten
780 1735 147 32 stående
950 1734 506 32 administrationskostnader
1480 1733 152 37 beviljat
1657 1735 50 29 ett
1731 1733 55 31 be-

294 1788 82 37 lopp
396 1799 46 21 av
462 1789 177 37 11,626,984
657 1788 131 31 kronor
807 1790 91 30 samt
919 1788 114 32 därav
1053 1787 56 31 för
1127 1787 213 37 budgetåret
1358 1786 172 36 1931/1932
1550 1787 115 31 såsom
1684 1789 101 28 extra

293 1841 368 37 reservationsanslag
685 1841 144 32 anvisat
851 1841 128 36 750,000
1001 1841 138 31 kronor.

333 1948 82 32 Med
438 1948 194 37 anledning
656 1958 47 21 av
725 1949 72 31 vad
819 1948 11 31 i
853 1948 212 36 riksdagens
1087 1947 245 37 nyssnämnda
1354 1946 173 32 skrivelse
1550 1945 151 32 sålunda
1725 1956 58 20 an-

294 2002 99 36 förts,
412 2001 151 32 tillsatte
580 2000 134 37 Kungl.
733 2001 110 36 Maj:t
860 2009 127 28 genom
1004 2001 115 31 beslut
1138 2001 67 31 den
1223 2000 18 31 3
1259 2000 68 37 juli
1345 2000 78 31 1931
1441 2010 43 21 en
1502 1999 156 32 särskild
1674 1999 108 37 bygg-

292 2054 287 32 nadskommitté.
606 2054 70 31 Till
693 2054 196 31 ledamöter
905 2054 13 30 i
936 2054 117 31 denna
1068 2053 186 31 kommitté
1272 2053 233 31 förordnades
1520 2052 201 32 ledamoten
1738 2063 44 20 av

291 2107 212 37 riksdagens
537 2108 113 30 första
684 2107 193 37 kammare,
912 2106 260 32 förutvarande
1206 2106 204 37 statsrådet,
1445 2105 337 36 häradshövdingen

292 2161 43 32 K.
362 2161 37 31 G.
425 2161 63 30 Th.
513 2160 128 36 Borell,
666 2160 204 36 professorn
892 2160 64 31 vid
979 2159 209 32 karolinska
1212 2159 366 36 mediko-kirurgiska
1601 2158 180 32 institutet

292 2213 35 32 C.
356 2214 37 31 G.
422 2214 116 31 A:son
564 2213 163 37 Forssell,
754 2213 200 31 ledamoten
982 2223 46 20 av
1054 2213 212 36 riksdagens
1293 2213 112 30 andra
1433 2212 194 36 kammare,
1654 2212 127 31 möbel-

291 2266 189 32 sniekaren
501 2266 36 33 C.
558 2267 41 30 R.
621 2266 156 31 Jansson
797 2267 13 31 i
830 2266 128 37 Falun,
979 2266 236 36 borgarrådet
1236 2266 53 32 W.
1311 2266 39 30 E.
1371 2265 186 36 Karlsson,
1579 2265 202 36 professorn

289 2319 62 31 vid
370 2320 208 31 karolinska
597 2319 363 36 mediko-kirurgiska
982 2319 179 31 institutet
1182 2319 39 32 E.
1243 2319 33 31 S.
1296 2319 44 31 H.
1361 2318 90 37 Key,
1470 2318 310 37 byggnadsingen-

290 2373 100 36 jören
413 2372 42 31 A.
479 2372 211 32 Nordström
713 2372 64 31 och
800 2372 204 31 arkitekten
1026 2372 39 31 E.
1088 2372 36 32 C.
1148 2372 184 31 Westman
1355 2374 92 29 samt
1470 2371 58 32 till
1551 2371 229 36 suppleanter

290 2425 365 36 generalfältläkaren
673 2426 40 30 F.
732 2425 33 32 J.
785 2425 127 36 Bauer,
931 2425 298 36 byrådirektören
1247 2424 13 31 i
1278 2424 387 37 lantmäteristyrelsen
1683 2424 35 32 C.
1738 2425 41 30 A.

289 2479 41 32 V.
350 2479 199 36 Hernlund,
569 2479 203 37 professorn
790 2478 62 32 vid
870 2478 208 32 karolinska
1097 2478 362 36 mediko-kirurgiska
1480 2477 180 32 institutet
1680 2478 44 30 H.
1744 2477 35 32 C.
