2196 2620
661 148 399 33 Konstitutionsutskoltets
1086 145 159 32 utlåtande
1273 143 48 32 Nr
1350 146 45 29 16.
1769 140 15 31 7

233 233 12 34 i
284 232 335 47 ägodelningsrätt
655 229 110 36 skola
807 227 100 37 inför
947 227 270 35 häradsrätten
1261 236 137 35 genom
1441 221 390 46 sockenfullmäktige

234 284 97 36 efter
380 283 235 37 förmedlade
656 280 281 37 hemmantalet
978 278 181 46 utväljas;
1203 275 388 46 sockenfullmäktige
1633 274 111 36 torde
1772 272 61 36 för

234 336 240 36 förrättande
517 347 46 22 av
606 334 139 35 sådant
786 333 60 34 val
883 331 129 36 därför
1040 334 21 32 å
1091 328 390 37 kommunalstämma
1510 327 200 35 ävenledes
1738 326 94 34 böra

234 388 166 45 utväljas
424 387 97 35 efter
549 385 235 36 förmedlade
814 382 287 36 hemmantalet.
1157 382 16 34 I
1196 384 43 31 52
1262 380 19 45 $
1302 392 45 22 av
1366 379 113 43 lagen
1500 379 74 34 den
1600 381 45 32 23
1668 377 165 35 oktober

239 442 91 32 1891
365 438 196 46 angående
590 436 465 46 väghållningsbesvärets
1083 433 215 45 utgörande
1328 434 21 31 å
1373 431 132 35 landet
1525 436 117 40 säges,
1664 432 60 32 att
1743 433 90 42 väg-

234 489 370 46 hållningsskyldige
633 494 73 39 äga
735 491 60 31 att
816 489 21 32 å
865 491 265 40 vägstämman
1159 484 80 34 låta
1259 484 56 33 sin
1335 483 107 34 talan
1463 481 147 36 utföras
1628 492 138 36 genom
1788 492 46 22 av

235 542 85 34 dem
350 540 243 36 kommunvis
622 542 21 32 å
671 538 414 35 kommunalstämmor
1113 535 97 35 efter
1237 533 223 46 vägfyrktal
1488 533 162 34 utsedda
1679 531 154 35 ombud.

235 593 16 34 I
282 595 19 33 5
332 592 18 45 8
379 605 46 22 av
466 591 277 46 förordningen
781 590 71 34 den
890 591 47 32 24
963 587 72 47 juli
1067 589 95 33 1903
1200 585 195 46 angående
1424 582 411 48 skogsvårdsstyrelser

235 645 240 43 bestämmes,
506 647 60 31 att
598 644 66 33 två
696 641 214 35 ledamöter
938 652 46 22 av
1013 636 439 48 skogsvårdskommitté
1480 640 103 31 utses
1612 634 122 47 enligt
1762 634 73 35 den

236 696 137 46 grund,
403 707 80 24 som
512 695 59 35 för
599 693 184 50 utseende
813 704 46 23 av
886 691 98 47 gode
1013 695 88 30 män
1130 689 63 35 vid
1221 688 90 47 laga
1340 687 115 36 skifte
1485 693 42 30 är
1555 686 174 47 stadgad.

365 800 16 34 I
421 798 240 46 stadganden
703 795 158 38 utanför
900 794 387 46 kommunallagarna
1328 797 53 39 är,
1411 794 122 33 såsom
1564 791 156 37 särskilt
1748 790 89 36 herr

237 852 174 34 Hansson
450 849 182 47 påpekat,
662 849 86 35 icke
790 848 119 35 sällan
950 846 240 44 föreskrivet,
1229 847 60 33 att
1319 844 96 35 vissa
1444 843 167 36 ärenden
1639 842 110 36 skola
1776 842 61 35 till

237 902 219 46 avgörande
498 901 92 35 eller
626 900 61 35 för
713 900 183 45 yttrande
929 901 22 32 å
978 897 389 36 kommunalstämma
1395 894 205 46 företagas.
1656 895 16 34 I
1701 906 46 23 en
1776 893 58 35 del

237 955 110 46 lagar
375 966 46 23 av
448 965 120 34 yngre
597 952 133 36 datum
759 951 72 35 har
854 950 60 36 för
941 950 142 35 sådana
1111 948 67 35 fall
1206 946 130 36 direkt
1362 946 253 44 föreskrivits,
1644 948 61 33 att
1728 946 109 34 kom-

237 1005 342 36 munalstämmans
594 1007 81 32 rätt
695 1005 163 44 övergår
876 1001 61 36 till
956 998 485 46 kommunalfullmäktige,
1462 998 69 35 där
1546 997 142 36 sådana
1703 997 134 36 finnas.

237 1057 48 36 Så
313 1063 43 30 är
382 1057 208 36 händelsen
618 1056 13 35 i
661 1058 46 33 20
737 1055 19 45 $
785 1067 47 23 av
859 1054 113 47 lagen
1000 1053 74 35 den
1105 1054 45 34 30
1176 1051 86 46 juni
1295 1052 94 34 1913
1407 1062 62 23 om
1485 1049 142 35 allmän
1643 1049 194 47 pensions-

237 1109 260 46 försäkring,
485 1096 20 63 i
527 1111 46 33 95
603 1107 19 46 $
650 1120 47 23 av
725 1106 275 45 förordningen
1029 1105 74 35 den
1126 1106 37 32 14
1183 1103 86 46 juni
1287 1105 94 33 1917
1398 1101 197 47 angående
1611 1100 228 48 försäljning

238 1174 47 23 av
321 1161 231 46 rusdrycker
588 1162 99 33 samt
715 1159 12 35 i
758 1162 18 32 7
808 1158 18 46 $
854 1171 48 23 av
928 1158 112 46 lagen
1069 1157 72 35 den
1174 1159 45 31 14
1243 1155 74 46 juli
1348 1156 97 33 1918
1475 1166 61 23 om
1564 1152 274 48 fattigvården.

237 1205 32 44 Å
299 1214 120 35 andra
447 1213 108 36 sidan
591 1212 119 35 finnes
738 1211 67 35 det
833 1210 249 45 stadganden,
1111 1207 106 36 vilka
1245 1206 224 46 visserligen
1489 1205 87 46 giva
1596 1205 242 36 kommunal-

238 1268 190 33 stämman
448 1264 310 36 beslutanderätt
774 1263 12 34 i
801 1262 99 35 vissa
916 1261 178 44 ärenden,
1113 1272 86 23 men
1219 1272 46 22 av
1282 1258 122 35 vilkas
1421 1257 220 46 avfattning
1656 1257 180 46 framgår,

239 1320 60 32 att
336 1315 410 37 kommunalstämmas
783 1317 82 33 rätt
892 1313 86 36 icke
1006 1313 78 34 kan
1114 1315 136 32 utövas
1278 1323 47 22 av
1353 1309 484 46 kommunalfullmäktige.

238 1370 16 33 I
282 1368 105 46 varje
414 1368 68 35 fall
511 1373 43 30 är
581 1367 108 36 detta
718 1365 209 36 händelsen
954 1364 13 35 i
994 1366 67 33 två
1084 1362 254 37 hänseenden.
1395 1362 57 34 En
1485 1361 133 46 analys
1638 1373 47 22 av
1709 1363 15 32 1
1748 1360 90 46 kap.

241 1423 17 32 1
290 1420 19 45 $
337 1418 382 48 rättegångsbalken,
749 1417 84 36 vari
860 1417 147 35 lämnas
1034 1414 243 36 föreskrifter
1305 1425 61 24 om
1395 1412 352 44 nämndemansval,
1773 1423 68 36 ger

239 1472 64 35 vid
331 1472 166 44 handen,
527 1475 59 32 att
614 1470 257 36 nämndemän
891 1468 86 36 icke
996 1468 133 35 kunna
1148 1466 120 46 väljas
1288 1478 47 23 av
1354 1464 485 46 kommunalfullmäktige,

238 1528 95 32 utan
375 1527 59 32 att
475 1524 143 35 sådana
659 1522 62 37 val
762 1524 122 33 måste
921 1520 193 46 företagas
1142 1522 22 32 å
1188 1517 399 37 kommunalstämma.
1643 1516 43 46 Ej
1723 1516 119 35 heller

239 1582 67 30 äro
335 1576 122 44 enligt
484 1575 178 47 gällande
695 1577 81 33 rätt
804 1571 423 47 landstingsmannaval
1256 1569 199 36 överlåtna
1484 1572 22 32 å
1526 1568 314 36 kommunalfull-

240 1628 173 46 mäktige
441 1631 96 32 utan
566 1627 108 36 skola
704 1625 112 36 alltid
845 1631 72 40 äga
946 1636 83 24 rum
1059 1626 21 32 å
1114 1621 403 37 kommunalstämma.
1574 1621 56 35 Då
1662 1620 112 45 i$35
1794 1632 47 23 av

240 1679 277 47 förordningen
546 1691 59 23 om
635 1676 386 47 kommunalstyrelse
1049 1678 50 44 på
1118 1675 132 35 landet
1270 1673 61 36 val
1351 1673 145 35 varken
1518 1685 46 23 av
1584 1672 257 36 nämndemän

242 1732 93 35 eller
375 1744 47 23 av
463 1731 309 46 landstingsmän
806 1734 43 30 är
876 1729 241 45 undantaget
1144 1727 86 35 från
1257 1724 494 46 kommunalfullmäktiges
1779 1724 62 35 be-

240 1783 271 45 slutanderätt,
553 1783 102 35 visar
695 1782 58 46 sig
793 1781 72 35 här
906 1781 111 35 alltså
1058 1779 156 47 tydligt,
1250 1781 58 32 att
1337 1778 72 35 den
1438 1777 12 35 i
1478 1776 19 46 $
1524 1779 45 33 35
1600 1789 47 23 av
1675 1775 167 36 nämnda

239 1835 229 46 förordning
508 1834 237 46 förefintliga
785 1832 296 47 uppräkningen
1111 1843 46 23 av
1185 1830 178 43 ärenden,
1393 1841 80 23 som
1503 1828 110 36 alltid
1642 1828 110 35 skola
1780 1828 63 34 be-

240 1887 160 36 handlas
429 1890 22 32 å
478 1886 403 43 kommunalstämma,
911 1884 85 35 icke
1025 1888 43 30 är
1095 1882 238 46 fullständig.

369 1938 245 37 Beträffande
643 1951 46 23 en
710 1937 123 47 tredje
853 1948 126 35 grupp
999 1948 47 23 av
1067 1934 251 47 stadganden,
1339 1933 78 36 kan
1438 1945 100 33 man,
1555 1935 122 33 såsom
1699 1943 145 24 samma

242 1992 196 35 motionär
465 1990 225 45 framhållit,
720 1989 87 41 icke
836 2001 46 23 ur
918 1987 264 47 stadgandena
1211 1985 146 37 erhålla
1384 1985 170 46 ledning,
1583 1984 192 36 huruvida
1804 1987 41 32 ät

240 2043 391 36 kommunalstämma
671 2041 154 46 inrymd
868 2044 81 32 rätt
989 2040 71 35 bör
1097 2041 141 43 övergå
1266 2037 61 36 till
1371 2032 293 59 kommunalfull
1668 2032 174 59 mäktige.

241 2095 46 36 Så
307 2096 227 35 bestämmes
560 2094 12 35 i
597 2094 18 45 $
637 2097 19 32 2
679 2106 47 22 av
754 2093 113 47 lagen
895 2093 73 34 den
997 2094 46 32 29
1066 2091 217 46 september
1305 2092 95 33 1899
1423 2088 197 47 angående
1639 2088 204 46 fjärdings-

240 2147 299 46 mansbestyrets
580 2145 228 47 utgörande,
852 2147 60 33 att
939 2143 278 47 fjärdingsmän
1255 2144 102 33 utses
1390 2144 21 33 å
1439 2140 403 45 kommunalstämma,

242 2202 94 33 utan
366 2201 59 33 att
453 2199 66 35 det
547 2197 191 47 tillägges,
768 2196 192 36 huruvida
987 2195 279 46 fjärdingsman
1292 2198 94 30 även
1416 2193 77 35 kan
1521 2192 120 47 väljas
1671 2203 45 24 av
1736 2191 108 36 kom-
