2210 2658
649 194 260 33 Statsutskottets
941 194 176 33 Utlåtande
1143 194 66 33 N:o
1236 196 76 30 163.
1692 194 46 31 23

199 276 132 38 hofvet
359 276 40 37 af
424 276 119 38 ökade
570 276 269 38 arbetskrafter
867 276 144 37 således
1038 276 98 37 visat
1164 276 60 50 sig
1251 275 215 49 bestående,
1495 276 98 37 lärer
1622 276 61 37 det
1702 290 90 23 vara

200 330 11 36 i
253 330 59 37 sin
353 329 175 50 ordning,
559 334 54 32 att
654 329 207 37 detsamma
892 330 12 36 i
932 329 262 37 motsvarande
1223 329 93 49 grad
1345 328 108 50 fylles
1480 342 139 36 genom
1648 329 144 37 ökande

201 383 40 36 af
266 383 45 36 de
340 383 188 36 ordinarie
555 382 327 50 tjänstemännens
911 383 113 36 antal.

302 434 239 38 Beträffande
583 435 72 36 den
683 435 216 48 föreslagna
926 435 230 36 lönestatens
1185 434 183 37 inverkan
1394 437 49 46 på
1471 434 322 58 pensionsförhål-

200 487 172 48 landena,
401 487 176 47 blifva,
582 489 103 35 såsom
715 464 236 72 fullmäktige
975 487 142 49 jämväl
1146 486 214 49 framhållit,
1381 488 252 48 pensionerna
1654 486 58 37 för
1726 500 67 23 nu-

200 540 166 36 varande
407 518 539 70 tjänstemannabefattningar
987 535 263 57 oförändrade;
1294 516 186 60 beroende
1521 539 103 37 detta
1662 539 129 50 därpå,

201 597 54 31 att
283 593 154 36 lönerna
464 592 197 50 upptagits
690 592 58 36 till
776 605 141 23 samma
944 592 136 50 belopp
1109 605 80 23 som
1209 592 57 36 för
1285 592 244 36 närvarande.
1574 592 65 36 Att
1655 605 138 36 genom

201 645 71 37 den
301 645 215 49 föreslagna
536 658 82 51 nya
645 644 333 50 revisorstjänsten
1006 658 45 23 en
1080 658 51 36 ny
1154 644 159 50 pension
1332 644 262 48 tillkommer,
1596 648 30 32 är
1640 621 151 72 tydligt.

302 697 109 37 Hvad
456 700 116 46 angår
612 697 340 49 pensionskassans
993 697 267 58 vaktmästare,
1290 697 153 36 hvilken
1472 697 179 48 gifvetvis
1680 697 110 36 äfven

199 754 41 32 är
269 750 11 36 i
308 750 119 36 behof
452 750 41 36 af
516 750 332 48 löneförbättring,
879 749 101 37 delar
1003 750 70 49 jag
1102 749 253 37 direktionens
1385 750 57 35 för
1469 726 323 73 pensionskassan

200 802 110 48 åsikt,
341 807 54 31 att
422 802 75 36 han
525 802 12 36 i
564 775 402 80 aflöningshänseende
995 802 68 36 bör
1089 802 184 36 likställas
1302 802 84 36 med
1414 801 379 37 marinintendentur-

199 831 134 60 kårens
361 854 264 37 vaktmästare.
672 832 198 69 Förslaget
897 859 55 31 att
979 855 159 63 tillägga
1157 854 255 37 vaktmästare
1431 854 259 49 ålderstillägg
1708 854 84 37 med

203 909 72 35 100
317 907 138 37 kronor
495 907 177 37 inverkar
713 909 41 34 så
795 885 56 58 till
880 907 85 36 vida
997 909 48 47 på
1074 907 139 36 dennes
1241 906 455 59 pensionsförhållanden,
1726 912 65 43 att,

201 960 125 36 därest
366 960 75 36 han
483 959 95 37 först
612 960 93 37 efter
732 959 203 50 uppnådda
965 961 45 35 65
1040 959 164 37 lefnads-
1233 959 69 36 och
1330 959 115 37 minst
1475 961 45 35 35
1549 959 161 49 tjänstår
1737 973 55 23 er-

200 1013 117 36 håller
358 1012 145 47 afsked,
546 1008 372 72 fyllnadspensionen
945 1012 168 37 kommer
1142 1017 53 31 att
1223 1012 90 36 ökas
1341 1012 84 36 med
1453 1011 162 37 nämnda
1643 1011 148 51 belopp.

198 1065 18 36 I
244 1065 102 36 detta
375 1064 64 37 fall
468 1040 94 61 skall
590 1065 203 48 nämligen,
823 1067 124 34 såsom
976 1064 113 37 ofvan
1117 1064 170 48 erinrats,
1308 1064 373 50 fyllnadspensionen
1700 1067 93 47 utgå

200 1117 84 37 med
313 1116 210 38 skillnaden
552 1117 137 36 mellan
716 1118 131 35 lönens
876 1117 83 36 hela
986 1116 148 50 belopp,
1159 1117 261 49 ålderstillägg
1438 1116 265 49 imberäknade,
1724 1117 69 37 och

198 1170 220 49 pensionen,
447 1169 155 37 hvilken
630 1172 80 34 åter
738 1170 183 36 beräknas
949 1174 90 31 utan
1067 1170 147 48 hänsyn
1242 1169 57 36 till
1326 1169 271 49 ålderstillägg.

302 1222 18 36 I
348 1222 108 48 fråga
485 1235 61 23 om
574 1222 45 36 de
647 1221 149 48 villkor,
826 1235 81 23 som
934 1222 92 36 böra
1054 1222 155 48 stadgas
1237 1222 58 36 för
1323 1221 220 50 åtnjutande
1569 1222 41 36 af
1626 1222 167 49 aflöning

200 1277 49 46 på
289 1287 74 36 nya
402 1275 222 47 lönestaten,
662 1274 67 36 har
753 1274 70 49 jag
851 1279 80 31 mot
959 1274 62 36 det
1049 1274 42 36 af
1114 1274 237 49 fullmäktige
1378 1274 12 36 i
1419 1274 133 37 sådant
1580 1274 211 37 hänseende

202 1326 233 37 framställda
467 1326 158 64 förslag,
654 1326 145 37 hvilket
826 1326 12 37 i
866 1326 215 36 hufvudsak
1110 1326 353 37 öfverensstämmer
1490 1326 82 37 med
1602 1326 99 37 hvad
1728 1327 63 35 vid

201 1379 260 48 öfvergången
489 1382 20 33 å
538 1379 72 36 den
637 1392 75 36 nya
730 1379 210 36 lönestaten
959 1379 58 36 för
1036 1379 511 36 marinintendenturkåren
1527 1374 19 58 1
1569 1378 223 50 tillämpliga

202 1431 101 37 delar
332 1432 185 48 stadgats,
546 1431 95 36 intet
669 1436 115 32 annat
813 1436 54 31 att
895 1431 124 36 erinra
1047 1437 47 30 än
1124 1436 52 31 att
1195 1436 171 32 närmare
1384 1431 282 37 bestämmelser
1684 1432 108 35 torde

200 1484 92 37 böra
319 1483 189 38 meddelas
537 1484 58 36 för
621 1488 124 32 rätten
773 1488 55 31 att
856 1483 146 50 åtnjuta
1031 1483 268 50 ålderstillägg.

304 1536 55 37 De
401 1537 41 35 af
478 1536 238 49 fullmäktige
751 1536 214 49 föreslagna
997 1536 521 49 öfvergångsbestämmelser
1558 1549 113 36 synas
1712 1536 81 50 mig

200 1588 112 37 äfven
353 1601 90 23 vara
484 1589 163 48 skäliga;
668 1567 124 58 ”dock
820 1589 111 35 torde
958 1593 76 31 rätt
1057 1589 145 48 jämväl
1230 1589 58 36 för
1315 1588 340 50 pensionskassans
1684 1589 108 36 vakt-

200 1645 162 32 mästare
390 1646 54 31 att
473 1640 94 38 efter
581 1619 187 59 anmälan
795 1641 102 37 inom
924 1640 91 49 viss,
1044 1641 41 36 af
1109 1640 118 38 Eders
1256 1641 139 49 Kungl.
1421 1641 108 50 Maj:t
1547 1641 170 37 bestämd
1738 1641 53 37 tid

201 1694 156 48 öfvergå
384 1696 49 47 på
460 1707 75 35 nya
563 1698 124 32 staten
714 1693 256 50 uttryckligen
999 1693 166 49 stadgas.

304 1746 77 48 Jag
412 1745 138 37 tillåter
582 1746 80 49 mig
690 1746 124 36 erinra
847 1745 140 48 därom,
1015 1751 55 31 att
1098 1746 117 36 Eders
1244 1746 142 49 Kungl.
1416 1746 107 49 Maj:t
1549 1746 115 36 redan
1693 1746 100 36 förut

200 1798 12 37 i
253 1798 116 49 nådig
408 1798 237 49 proposition
686 1798 56 36 till
782 1798 252 37 innevarande
1067 1801 59 34 årg
1153 1798 171 50 Riksdag
1352 1798 195 48 föreslagit
1573 1798 219 49 Riksdagen

203 1856 52 31 att
283 1850 204 49 medgifva,
518 1855 53 31 att
599 1856 105 31 extra
731 1851 223 49 lönetillägg
980 1850 103 49 finge
1111 1851 59 36 för
1198 1854 39 33 år
1259 1852 96 35 1908
1376 1853 93 46 utgå
1487 1851 56 36 till
1563 1851 228 48 tjänstemän

202 1903 68 36 och
306 1903 254 36 vaktmästare
596 1903 64 37 vid
696 1902 152 37 flottans
881 1903 308 49 pensionskassa;
1220 1903 70 36 och
1320 1916 112 36 synes
1461 1903 90 49 mig,
1580 1903 119 36 under
1727 1916 64 23 an-

200 1955 163 49 tagande
406 1960 53 32 att
499 1955 164 36 nämnda
703 1955 279 49 framställning
1022 1956 134 36 vinner
1196 1955 239 49 Riksdagens
1467 1955 117 48 bifall,
1618 1955 71 36 den
1717 1968 75 36 nya

200 2009 209 36 lönestaten
437 2008 206 49 lämpligen
671 2008 90 36 böra
788 2008 106 36 träda
920 2008 13 36 i
961 2008 99 36 kraft
1088 2008 96 36 först
1212 2008 84 36 med
1327 2009 96 36 1909
1455 2010 58 34 års
1541 2008 158 48 ingång.

304 2060 111 36 Hvad
444 2060 178 48 slutligen
650 2063 119 46 angår
797 2060 71 37 den
898 2060 40 36 af
963 2060 272 37 statskontoret
1263 2060 217 49 föreslagna
1500 2060 192 49 ökningen
1706 2060 85 36 med

206 2114 135 46 10,000
382 2112 140 37 kronor
556 2112 40 36 af
620 2112 62 37 det
709 2113 59 35 för
796 2112 234 37 närvarande
1057 2112 57 37 till
1142 2113 136 49 belopp
1307 2112 42 37 af
1373 2113 163 47 270,000
1565 2112 140 37 kronor
1732 2117 59 31 ut-

202 2165 147 49 gående
377 2165 338 49 förslagsanslaget
743 2165 56 36 till
826 2165 271 49 pensionering
1124 2165 42 36 af
1189 2165 153 36 flottans
1363 2165 100 37 befäl
1482 2165 70 36 och
1570 2164 221 37 underbefäl

201 2217 85 37 med
314 2217 221 47 vederlikar,
565 2222 41 31 är
634 2222 53 31 att
715 2217 141 48 märka,
887 2222 53 31 att
967 2220 20 33 å
1007 2231 142 23 samma
1169 2218 133 48 anslag
1320 2220 169 47 uppstått
1509 2231 46 23 en
1573 2217 220 49 behållning

201 2272 41 34 år
281 2270 96 36 1905
409 2272 20 33 å
459 2271 136 46 11,208
623 2269 141 37 kronor
793 2271 46 35 56
870 2274 63 32 öre
962 2270 70 36 och
1059 2273 40 33 år
1131 2271 94 36 1907
1256 2273 20 33 å
1307 2271 134 46 16,392
1471 2270 139 36 kronor
1641 2271 46 35 10
1716 2275 75 42 öre,

201 2322 198 37 hvaremot
440 2322 58 37 för
540 2324 40 34 år
611 2324 95 36 1906
741 2322 337 49 förslagsanslaget
1107 2322 262 37 öfverskridits
1398 2322 84 37 med
1514 2324 110 46 7,302
1653 2322 140 36 kronor
