1916 2818
259 175 18 31 8
742 174 228 28 Statsutskottets
993 173 148 28 utlåtande
1163 172 49 27 Nr
1233 170 51 30 42.

260 250 108 32 skulle
392 250 66 32 den
481 248 250 43 ursprungliga,
756 249 36 30 år
816 248 82 31 1808
920 247 141 41 inköpta
1083 245 357 42 monumentsplatsen
1463 246 162 31 ävensom
1649 243 59 32 det
1723 254 41 20 av

258 300 222 32 förenämnda
501 299 192 41 bestyrelse
716 298 53 31 för
790 297 222 42 vägändamål
1033 296 145 42 inköpta
1199 295 233 42 jordområdet
1454 295 85 31 hava
1562 296 133 30 ansetts
1712 295 52 30 så-

260 362 74 21 som
357 351 74 31 från
454 349 193 42 respektive
669 349 160 31 hemman
852 347 212 32 avsöndrade
1086 346 206 42 lägenheter.
1326 345 167 32 Däremot
1507 345 89 31 hade
1613 345 59 31 det
1687 344 73 31 från

260 401 187 32 Utmeland
479 400 64 31 litt.
578 399 52 31 Ba
663 398 198 32 förvärvade
885 397 152 32 området
1060 408 55 20 om
1140 397 108 31 13.315
1274 395 174 42 kappland
1469 395 188 31 reducerad
1677 394 89 42 jord,

261 450 238 33 motsvarande
522 450 165 41 inägorna
708 449 54 31 till
784 448 206 41 fastigheten
1013 447 188 32 Utmeland
1224 446 64 32 sub
1311 458 41 19 nr
1374 446 41 31 29
1437 445 64 31 litt.
1519 445 51 31 Ba
1582 456 56 20 om
1653 447 108 29 14.123

261 501 174 42 kappland
467 499 188 33 reducerad
677 499 85 42 jord,
787 501 132 29 ansetts
942 509 73 21 som
1038 497 237 32 hemmansdel
1298 497 64 31 och
1385 496 57 31 vid
1464 495 209 32 verkställda
1695 495 70 31 del-

262 552 120 41 ningar
404 562 41 20 av
468 550 201 41 skogsmark
691 550 12 30 i
725 549 206 32 Utmelands
953 549 46 40 by
1022 547 137 32 erhållit
1182 549 120 40 anpart
1317 547 11 30 i
1345 547 86 40 skog
1446 546 84 31 efter
1547 545 61 32 sitt
1622 545 136 41 jordtal.

314 602 69 31 För
416 601 112 31 denna
561 600 163 41 fastighet
756 599 89 31 hade
879 598 144 32 sålunda
1050 598 108 41 enligt
1180 596 385 41 lantmäteristyrelsens
1588 595 175 41 uppgifter

263 652 167 32 utbrutits

317 703 73 37 dels,
425 701 57 32 vid
516 703 36 29 år
587 701 81 31 1900
700 699 167 32 förrättad
900 699 139 41 delning
1066 709 40 20 av
1129 698 93 31 vissa
1243 698 98 37 hem-,
1365 696 115 32 fäbod-
1503 696 64 31 och
1591 695 174 42 utskogar,

263 752 150 42 följande
436 752 67 31 fem
527 751 127 31 skiften
677 749 171 42 nämligen

266 820 28 41 1)
316 818 286 42 hemskogskiftet
623 817 58 31 vid
703 817 69 41 byn.......e.ee
779 839 648 6 seessessesesecvvvn
1453 824 53 20 om
1530 813 70 31 3.94
1647 812 121 31 hektar

266 872 18 30 2
457 882 11 14 »
655 881 11 14 »
706 863 151 49 Amberg
887 863 233 40 StIsterstetsielnslsteiNststettels
1130 863 82 40 ateister
1245 890 58 3 RNA
1313 863 117 40 Ålsten
1474 877 10 14 >»
1533 864 71 30 2.24
1696 876 12 14 »

265 920 31 41 3)
317 922 113 30 västra
452 917 312 42 fäbodskogskiftet
785 917 58 31 vid
867 916 138 32 Gruvan
1024 939 406 5 ...eeeeeceeeceemecwv
1474 927 11 14 »
1514 915 88 29 14.46
1697 926 11 14 »

265 970 32 42 4)
320 972 93 29 östra
594 980 12 16 >
813 980 12 15 »
939 979 495 16 EEE
1474 976 12 15 >
1532 964 93 30 0.816
1697 976 11 14 »

266 1020 31 42 5)
319 1019 264 42 utskogsskiftet
605 1018 58 31 vid
687 1017 109 32 Södra
819 1017 154 41 Garberg
991 1039 442 6 ...eewcesosseseseeeseseeee
1473 1027 12 14 »
1532 1014 71 30 HA42
1697 1026 11 14 >

268 1071 83 32 eller
372 1070 147 41 tillhopa
542 1069 111 31 26.876
678 1068 128 35 hektar,

321 1129 65 31 dels
408 1129 63 38 ock,
495 1127 57 32 vid
575 1129 81 29 åren
681 1126 208 32 1908—1920
910 1124 185 33 verkställd
1118 1124 141 41 delning
1274 1135 39 20 av
1329 1123 93 31 vissa
1433 1123 172 40 utskogar,
1618 1121 151 42 följande

268 1181 57 30 två
347 1179 126 31 skiften
496 1178 186 40 nämligen:

271 1246 28 41 1)
323 1245 116 32 skiftet
461 1245 56 31 vid
543 1244 555 41 Suggfäbodarnä..........swemwww
1117 1237 291 54 sverre
1435 1251 54 20 om
1533 1241 91 30 6.169
1650 1239 121 31 hektar

270 1296 30 41 2)
389 1309 12 15 »
484 1309 11 14 »
543 1295 148 40 Ulvsjön
729 1318 176 5 FÖNSTER
937 1317 47 5 SUS
993 1317 16 5 NS
1016 1317 15 4 NN
1041 1317 83 4 SST
1148 1315 264 5 TSAREN
1457 1303 11 14 >»
1518 1290 88 31 12.65
1700 1302 12 14 »

271 1347 83 31 eller
376 1346 145 41 tillhopa
545 1345 110 31 18.819
680 1344 129 31 hektar.

326 1397 166 41 Samtliga
525 1396 55 40 sju
614 1394 232 42 skogsskiften
876 1393 172 32 innehölle
1083 1403 42 20 en
1160 1392 89 31 areal
1282 1402 40 20 av
1355 1391 112 31 45.695
1508 1390 130 38 hektar,
1672 1400 101 20 varav

271 1448 111 31 42.095
407 1447 120 31 hektar
549 1444 282 42 avrösningsjord
854 1444 65 31 och
941 1444 47 31 3.6
1013 1443 121 31 hektar
1156 1442 236 41 impediment.

323 1497 120 41 Enligt
457 1495 366 42 lantmäteristyrelsen
840 1494 110 32 skulle
966 1493 140 32 därmed
1122 1493 157 40 samtliga
1293 1491 127 42 Kungl.
1434 1491 97 41 Maj:t
1544 1490 65 31 och
1625 1490 141 31 Kronan

272 1549 52 31 för
356 1547 329 32 Vasamonumentet
711 1546 11 30 i
756 1544 186 33 Utmeland
976 1543 173 41 tillhöriga
1183 1542 207 42 skogslotter
1422 1552 79 20 vara
1536 1540 151 42 lagligen
1724 1542 50 28 ut-

271 1599 134 31 brutna.

324 1648 20 31 I
374 1647 239 42 jordregistret
645 1647 53 31 för
730 1646 99 31 Mora
852 1645 133 38 socken,
1011 1655 72 20 som
1107 1643 180 32 förklarats
1310 1642 144 41 upplagt
1476 1641 65 32 den
1564 1641 42 31 30
1630 1640 144 31 oktober

275 1699 90 37 1928,
389 1699 61 30 har
479 1697 281 32 hemmansdelen
795 1697 110 30 13.315
930 1695 173 41 kappland
1125 1693 185 32 reducerad
1332 1692 78 42 jord
1433 1703 40 20 av
1495 1690 188 33 Utmeland
1706 1690 65 31 sub

274 1761 40 19 nr
336 1749 40 31 29
399 1749 65 31 litt.
487 1748 52 31 Ba
561 1747 177 42 upptagits
761 1746 109 31 under
892 1745 248 41 beteckningen
1164 1743 186 32 Utmeland
1374 1742 65 32 70?.

327 1799 109 41 Fråga
457 1799 62 30 har
541 1809 142 20 numera
704 1796 218 43 uppkommit
944 1795 174 42 angående
1142 1796 104 29 sättet
1267 1793 52 32 för
1333 1792 251 41 förvaltningen
1600 1791 11 31 i
1627 1791 150 31 kronans

274 1849 93 32 hand
400 1860 40 20 av
474 1849 42 31 de
549 1848 165 31 utbrutna
748 1847 260 41 skogsskiftena.
1057 1845 122 32 Under
1209 1843 229 42 utredningen
1470 1843 12 30 i
1515 1841 142 33 ärendet
1690 1841 86 31 hava

275 1899 192 32 emellertid
488 1898 256 32 vederbörande
767 1897 238 42 myndigheter
1027 1895 115 32 funnit
1163 1895 164 41 lämpligt,
1352 1895 50 30 att
1426 1893 145 31 skiftena
1593 1892 107 41 ifråga
1715 1891 62 31 för-

276 1950 111 41 säljas.
432 1950 55 31 En
509 1960 123 30 genom
656 1948 296 41 domänstyrelsen
975 1946 186 32 verkställd
1185 1944 254 41 saluvärdering
1461 1954 39 20 av
1524 1942 255 42 skogsskiftena

276 2000 62 31 har
359 1999 83 42 givit
464 1999 54 31 till
540 1999 145 31 resultat
707 2000 50 29 ett
779 1997 223 41 sammanlagt
1023 1997 103 30 värde
1149 2007 41 20 av
1212 1995 93 38 6,230
1326 1995 136 31 kronor.

318 2049 354 41 Departementschefen
695 2049 95 31 delar
812 2048 113 31 denna
947 2047 213 41 ståndpunkt
1183 2045 64 32 och
1269 2045 110 31 anför:
1583 2063 2 2 :

334 2100 277 41 »Ifrågavarande
625 2099 54 41 sju
693 2098 241 42 skogsskiften,
950 2098 90 31 vilka
1054 2097 58 31 vid
1128 2096 141 41 delning
1283 2106 40 20 av
1339 2093 199 42 skogsmark
1553 2093 95 31 inom
1665 2092 115 32 Utme-

277 2142 100 32 lands
399 2142 47 41 by
469 2142 129 41 tillagts
622 2153 41 19 en
687 2141 53 31 till
767 2140 204 32 statsverket
993 2140 12 30 i
1028 2138 167 32 samband
1217 2137 78 32 med
1317 2135 462 33 Utmelandsmonumentets

278 2184 197 32 tillblivelse
500 2186 113 29 såsom
637 2185 84 39 gåva
743 2182 218 32 överlämnad
983 2181 173 41 fastighet,
1180 2182 57 29 äro
1258 2190 57 21 var
1330 2179 52 31 för
1399 2178 52 41 sig
1466 2189 40 20 av
1521 2176 178 42 obetydlig
1714 2186 66 21 om-

279 2226 156 42 fattning,
460 2228 139 39 utgöras
623 2237 40 19 av
685 2225 101 41 långa
809 2225 106 31 smala
938 2225 189 40 ägofigurer
1150 2222 64 31 och
1236 2222 89 41 ligga
1347 2220 142 42 spridda
1511 2220 94 31 inom
1629 2221 50 29 ett
1694 2219 87 31 stort

280 2268 146 32 område.
472 2268 52 31 De
557 2268 117 31 kunna
707 2267 145 31 sålunda
885 2267 12 30 i
931 2268 130 29 statens
1095 2264 92 32 hand
1221 2263 205 41 näppeligen
1452 2262 91 31 bliva
1565 2260 143 32 föremål
1729 2259 52 32 för

279 2313 113 39 någon
425 2310 159 31 rationell
618 2310 64 31 och
706 2309 148 32 lönande
889 2306 335 43 skogshushållning.
1265 2275 266 71 Blopsaktfbena
1560 2303 99 31 torde
1682 2302 100 31 alltså

280 2353 84 31 böra
385 2352 167 41 försäljas.

333 2394 54 31 Då
419 2393 256 42 ifrågavarande
708 2392 259 32 markområden
1000 2391 142 31 tillfallit
1175 2390 129 31 kronan
1327 2400 123 30 genom
1474 2387 175 38 donation,
1673 2385 107 38 torde,

282 2438 113 30 såsom
429 2435 444 41 justitiekanslersämbetet
905 2433 183 41 föreslagit,
1113 2431 358 42 försäljningsmedlen
1504 2429 107 41 enligt
1633 2429 11 30 i
1668 2427 114 42 dylika

282 2479 58 31 fall
373 2480 126 39 gängse
532 2477 116 42 praxis
681 2477 84 32 böra
797 2476 170 38 fonderas,
991 2475 116 31 varvid
1137 2474 78 32 med
1238 2474 131 40 hänsyn
1393 2473 53 31 till
1468 2470 314 43 kapitalbeloppets
