1854 2764
216 157 41 29 20
627 154 253 27 Statsutskottets
900 153 161 28 utlåtande
1078 162 41 19 nr
1136 153 17 27 4
1170 154 36 27 år
1225 153 75 27 1965

218 233 128 29 räknas
365 233 148 30 inträffa
530 233 111 30 under
657 232 205 40 budgetåret
884 232 149 31 1967/68.
1052 233 65 39 Jag
1135 241 102 21 anser
1255 232 71 40 mig
1343 232 85 30 böra
1446 232 186 40 tillstyrka,
1653 234 50 28 att

218 289 47 33 ett
282 287 126 29 sådant
424 286 278 40 bemyndigande
719 286 147 29 lämnas.
884 285 152 31 Jämfört
1053 286 79 29 med
1151 286 235 29 innevarande
1403 285 169 39 budgetår
1591 285 112 30 skulle

218 340 56 36 det
300 339 168 31 innebära
493 339 205 30 oförändrat
722 338 518 41 beställningsbemyndigande.
1266 339 65 30 Det
1357 339 62 29 bör
1445 339 190 29 ankomma
1660 338 44 40 på

219 393 124 39 Kungl.
362 393 106 39 Maj:t
485 394 50 29 att
551 393 136 30 besluta
704 392 54 30 för
775 392 95 30 vilka
888 392 269 39 anskaffningar
1175 392 95 30 inom
1288 400 123 21 ramen
1428 392 55 29 för
1501 392 42 29 de
1561 392 40 29 år
1621 391 82 30 1962

218 448 152 38 antagna
393 446 224 39 riktlinjerna
638 446 294 40 bemyndigandet
954 445 62 30 bör
1038 445 185 39 utnyttjas.

224 500 51 34 I
295 500 126 39 frågan
439 508 57 22 om
515 499 208 40 disposition
741 509 42 20 av
802 498 264 40 rörelsekapital
1086 498 54 30 för
1161 498 365 30 intendenturverkets
1546 498 159 30 anskaff-

219 552 326 40 ningsverksamhet
562 553 117 29 finner
694 552 59 40 jag
770 552 58 30 det
845 561 41 21 ur
904 552 88 30 flera
1010 551 218 41 synpunkter
1244 551 227 40 fördelaktigt
1488 553 51 28 att
1556 551 149 30 ämbets-

219 606 119 33 verket
363 607 89 29 även
476 606 11 29 i
511 605 272 40 fortsättningen
808 605 81 39 äger
914 605 183 39 möjlighet
1123 607 50 27 att
1198 604 186 40 disponera
1411 604 124 30 sådant
1560 604 145 40 kapital.

219 659 166 39 Beloppet
403 659 63 29 bör
484 668 83 21 vara
586 658 214 35 oförändrat,
821 658 19 30 5
861 658 89 40 milj.
969 658 52 30 kr.
1040 658 65 40 Jag
1124 667 103 21 anser
1246 657 159 40 lämpligt
1426 660 50 28 att
1495 659 49 28 ett
1564 657 143 30 fortsatt

218 712 279 40 bemyndigande
522 712 55 29 för
602 712 189 30 försvarets
816 711 313 30 intendenturverk
1153 712 51 29 att
1230 710 187 40 disponera
1441 710 266 40 rörelsekapital

219 765 62 30 bör
303 766 92 39 gälla
416 767 24 28 t.
453 775 50 20 v.>

263 871 186 30 Utskottet.
472 871 13 29 I
507 871 111 29 likhet
640 871 77 29 med
740 870 384 37 departementschefen
1146 879 103 20 anser
1272 870 171 29 utskottet
1465 871 51 29 att
1543 870 82 30 1962
1648 869 58 30 års

221 924 179 40 riktlinjer
421 924 55 30 för
496 924 230 40 anskaffning
747 934 41 20 av
809 923 376 30 beklädnadsmateriel
1207 923 154 40 alltjämt
1382 923 85 30 böra
1489 922 117 39 följas.
1629 922 80 29 Lik-

222 986 73 21 som
322 978 56 29 för
402 977 235 30 innevarande
661 977 169 39 budgetår
854 977 63 29 bör
940 977 125 39 Kungl.
1089 976 107 40 Maj:t
1219 976 229 40 bemyndigas
1474 975 159 39 medgiva
1658 976 51 29 att

220 1031 252 39 beställningar
497 1040 42 21 av
564 1030 377 30 beklädnadsmateriel
966 1030 57 29 må
1049 1029 60 30 ske
1135 1029 95 30 inom
1256 1038 44 20 en
1325 1028 248 30 kostnadsram
1600 1037 42 21 av
1670 1027 39 30 18

221 1083 86 37 milj.
322 1083 53 30 kr.
391 1083 306 37 Betalningsutfall
712 1083 61 29 bör
789 1082 61 30 ske
863 1082 204 37 budgetåret
1083 1082 150 30 1967/68.

263 1136 177 30 Utskottet
465 1136 116 30 finner
605 1136 87 37 goda
718 1136 74 29 skäl
819 1136 70 29 tala
914 1135 54 30 för
992 1137 50 28 att
1067 1135 348 29 intendenturverket
1439 1135 87 29 även
1552 1134 156 30 fortsätt-

221 1190 155 36 ningsvis
390 1189 57 30 må
462 1189 184 37 disponera
661 1191 48 27 ett
723 1189 264 36 rörelsekapital
1001 1197 55 21 om
1073 1189 18 29 5
1105 1188 89 37 milj.
1208 1188 52 29 kr.

223 1272 4 4 .
263 1242 227 38 Åberopande
504 1243 57 29 det
575 1242 149 30 anförda
739 1242 53 29 får
807 1242 170 29 utskottet
989 1241 194 35 hemställa,

530 1297 51 28 att
595 1296 187 36 riksdagen
796 1295 58 30 må

531 1350 38 33 a)
622 1349 53 29 till
701 1349 148 29 Armén:
876 1347 203 30 Beklädnad
1105 1357 46 20 m.
1179 1356 46 21 m.
1252 1347 56 29 för
1334 1346 205 40 budgetåret
1568 1346 140 31 1965/66

488 1402 122 30 anvisa
630 1404 48 28 ett
700 1401 355 40 reservationsanslag
1076 1410 43 21 av
1140 1400 40 30 59
1195 1400 62 31 500
1272 1400 63 31 000
1357 1400 68 35 kr.;

531 1456 39 34 b)
593 1455 210 40 bemyndiga
822 1455 125 39 Kungl.
966 1454 105 40 Maj:t
1089 1456 51 28 att
1159 1454 120 39 medge
1298 1455 51 29 att
1368 1453 186 30 därutöver
1570 1453 140 30 beställ-

488 1509 125 39 ningar
631 1518 42 20 av
690 1507 376 31 beklädnadsmateriel
1084 1507 55 30 får
1157 1507 118 39 läggas
1293 1508 39 29 ut
1350 1506 96 30 inom
1464 1515 44 21 en
1526 1505 184 31 kostnads-

226 1582 5 17 (
488 1571 76 21 ram
584 1571 42 21 av
649 1562 38 29 18
702 1562 61 29 000
779 1561 62 30 000
862 1561 68 35 kr.;

533 1616 35 33 ec)
591 1615 121 39 medge
729 1616 50 28 att
797 1614 191 30 försvarets
1005 1613 311 30 intendenturverk
1334 1612 301 40 fortsättningsvis
1653 1612 57 31 må

490 1669 115 29 såsom
626 1667 264 40 rörelsekapital
911 1667 155 40 utnyttja
1086 1668 49 29 ett
1154 1667 126 39 belopp
1300 1675 58 21 om
1379 1666 18 30 35
1412 1666 62 30 000
1489 1666 62 30 000
1573 1666 52 30 kr.

270 1776 99 33 22:0)
399 1776 147 31 Armén:
574 1776 219 30 Inventarier
817 1786 99 20 m.m.
944 1774 124 38 Kungl.
1095 1772 106 40 Maj:t
1227 1773 64 29 har
1318 1772 179 40 föreslagit
1523 1771 187 39 riksdagen

227 1828 130 37 (punkt
378 1829 25 28 B
428 1828 47 35 19,
498 1837 24 20 s.
543 1828 148 33 67—70)
716 1829 51 28 att
787 1827 74 29 dels
882 1827 52 29 till
956 1826 143 30 Armén:
1124 1826 213 29 Inventarier
1358 1834 45 21 m.
1426 1834 44 21 m.
1493 1825 54 30 för
1569 1826 142 36 budget-

222 1882 72 29 året
316 1882 140 30 1965/66
475 1881 120 29 anvisa
614 1883 48 27 ett
680 1879 354 37 reservationsanslag
1053 1889 42 20 av
1117 1879 112 30 14500
1244 1879 62 30 000
1326 1879 63 34 kr.,
1410 1879 73 29 dels
1502 1879 208 36 bemyndiga

225 1935 123 36 Kungl.
374 1935 106 36 Maj:t
504 1936 50 28 att
579 1933 121 37 medge
725 1935 51 28 att
801 1933 186 29 därutöver
1012 1932 250 37 beställningar
1287 1941 43 20 av
1356 1932 274 37 kokutrustning
1658 1932 54 28 för

224 1988 157 29 fältbruk
396 1987 55 30 får
465 1987 117 37 läggas
596 1989 39 28 ut
648 1987 95 29 inom
758 1995 42 21 en
814 1985 248 31 kostnadsram
1076 1994 43 21 av
1136 1986 13 28 1
1167 1986 62 29 000
1243 1985 62 30 000
1321 1985 51 29 kr.

267 2093 168 37 Anslaget
449 2094 38 29 är
501 2093 54 29 för
570 2092 234 31 innevarande
818 2091 170 38 budgetår
1002 2091 144 38 uppfört
1160 2091 78 30 med
1255 2091 35 29 11
1308 2091 62 30 900
1386 2091 61 30 000
1463 2091 51 29 kr.

266 2147 205 29 Försvarets
487 2146 310 30 intendenturverk
812 2145 65 30 har
894 2145 187 36 föreslagit,
1099 2146 50 28 att
1166 2145 156 36 anslaget
1340 2144 85 30 ökas
1443 2144 77 30 med
1538 2144 19 30 4
1571 2144 63 30 682
1648 2144 63 30 000

224 2201 51 29 kr.
303 2200 117 37 Enligt
448 2199 384 37 departementschefen
859 2199 63 29 bör
950 2198 155 36 anslaget
1135 2197 53 30 för
1217 2198 100 29 nästa
1346 2197 168 37 budgetår
1544 2197 168 37 uppföras

226 2254 79 30 med
328 2253 39 30 14
382 2253 63 30 500
459 2253 62 30 000
546 2253 54 34 (+
625 2252 96 30 2600
735 2252 81 34 000)
840 2251 53 30 kr.
913 2251 52 30 Av
984 2251 156 39 anslaget
1160 2250 177 30 erfordras
1357 2250 162 39 omkring
1538 2249 20 30 4
1573 2250 62 30 650
1651 2250 62 29 000

226 2308 51 29 kr.
298 2307 56 30 för
374 2306 178 40 betalning
572 2315 42 21 av
634 2305 146 39 tidigare
801 2304 150 31 beställd
971 2296 167 38 materiel.
1159 2304 67 30 Vid
1247 2302 382 41 anslagsavvägningen
1651 2303 65 29 har

225 2358 385 39 departementschefen
629 2358 124 29 räknat
773 2357 77 30 med
870 2359 51 28 att
941 2357 54 29 för
1013 2357 341 29 kaserninventarier
1373 2365 45 20 m.
1438 2365 45 20 m.
1505 2356 88 29 skall
1614 2365 99 21 avses

224 2415 48 28 ett
288 2413 129 36 belopp
437 2421 42 21 av
498 2411 162 37 omkring
682 2411 19 30 9
716 2411 61 30 575
792 2411 63 30 000
878 2410 53 30 kr.
952 2409 65 31 och
1040 2409 54 30 för
1116 2409 386 38 förplägnadsmateriel
1524 2409 12 29 i
1558 2411 83 28 runt
1664 2409 48 30 tal

304 2491 6 11 så
