1882 2850
143 1528 151 26 Utskottet.

322 196 19 30 8
776 194 270 28 Bankoutskottets
1069 192 157 29 utlåtande
1248 193 43 26 Nr
1313 192 47 27 46.

325 280 109 39 skälig
465 278 187 39 ersättning
685 278 54 31 för
769 276 329 40 flyttningskostnad
1131 274 48 31 till
1213 275 54 29 det
1299 273 135 39 belopp,
1469 271 121 39 Kungl.
1626 270 99 39 Maj:t
1759 269 53 30 för

325 333 93 39 varje
441 332 138 32 särskilt
601 332 61 30 fall
687 331 220 34 bestämmer;

368 385 71 33 dels
464 386 51 31 till
539 384 149 40 tillfällig
713 382 285 40 löneförbättring
1022 383 54 30 för
1101 381 68 31 viss
1195 381 159 39 personal
1379 379 96 31 inom
1499 379 67 30 den
1591 377 99 32 civila
1717 379 96 28 stats-

325 439 255 40 förvaltningen
607 439 56 30 för
689 437 200 41 budgetåret
920 431 180 43 1931/1932
1131 435 114 30 såsom
1274 437 95 28 eztra
1397 432 268 39 förslagsanslag
1695 430 119 32 anvisa

500 538 110 31 under
634 537 110 31 andra
787 535 216 32 huvudtiteln
1031 557 250 8 .........-.-.:-
1311 533 130 29 kronor
1545 531 93 30 1700

549 605 11 14 >»
594 587 16 47 —
633 591 115 39 fjärde
894 603 229 14 TEE
1140 610 139 8 EEE
1369 599 11 14 »
1541 585 20 29 8
1575 584 64 30 000

548 656 13 16 >
635 645 104 30 femte
895 655 208 15 RE
1144 664 137 8 AES
1370 653 11 13 »
1499 638 63 30 523
1575 638 65 30 000

549 712 11 14 »
634 698 141 31 åttonde
896 710 10 14 os
1031 719 72 7 ÄRR
1167 695 70 39 NERE
1253 718 28 6 SS
1371 706 11 14 »
1467 693 18 29 2
1502 692 61 30 100
1576 692 65 29 000

551 766 11 13 »
594 747 18 45 —
634 751 128 31 nionde
896 764 10 13 PR
936 745 42 44 ooo
1031 772 250 8 ess
1117 745 15 44 s
1145 745 31 44 rr
1186 745 34 44 er
1241 745 45 44 sa
1371 759 11 14 »
1523 746 40 29 55
1577 746 63 29 225

551 819 10 14 »
635 805 118 31 tionde
896 816 11 15 Po
1031 825 250 8 ooesesere
1186 799 34 44 rr
1230 799 56 44 rss
1371 813 10 14 »
1521 799 41 30 65
1577 799 78 34 000;

371 913 72 31 dels
480 913 64 31 ock
580 913 166 35 förklara,
784 913 47 29 att
869 910 232 31 kostnaderna
1139 909 55 30 för
1231 906 267 40 ifrågavarande
1534 902 285 39 löneförbättring

330 968 96 30 skola
456 967 10 30 i
496 967 66 30 vad
592 967 67 30 den
689 975 98 22 avser
816 964 169 40 personal,
1017 963 93 31 såväl
1140 961 174 32 ordinarie
1345 970 75 22 som
1450 962 104 32 extra,
1585 958 63 30 hos
1678 957 142 30 flottans

329 1020 265 40 pensionskassa
624 1019 66 31 och
720 1016 456 43 försäkringsinspektionen
1207 1014 81 40 utgå
1319 1024 41 21 av
1391 1013 121 35 medel,
1544 1021 41 22 av
1616 1011 94 30 vilka
1741 1018 78 31 pen-

330 1074 237 30 sionskassans
596 1073 65 30 och
691 1069 473 42 försäkringsinspektionens
1193 1067 245 32 omkostnader
1467 1065 10 31 i
1505 1064 110 39 övrigt
1643 1063 178 35 bestridas,

330 1131 88 28 samt
444 1127 11 30 i
480 1128 68 30 vad
574 1126 107 39 angår
707 1127 66 29 den
798 1125 19 31 å
843 1124 257 39 övergångsstat
1125 1122 171 40 uppförde
1324 1121 142 30 läkaren
1493 1119 57 30 vid
1577 1118 245 30 Strömsholms

330 1180 205 40 hingstdepå
562 1180 82 39 utgå
674 1190 42 20 av
746 1180 42 30 de
816 1179 56 30 för
900 1177 202 39 avlöningar
1130 1176 51 30 till
1211 1175 208 39 tjänstemän
1448 1172 58 31 vid
1534 1171 288 40 hingstdepåerna

330 1235 65 30 och
415 1234 152 31 stuteriet
587 1233 164 31 anvisade
770 1233 120 30 medel.

375 1287 270 40 Ifrågavarande
661 1285 213 41 proposition
888 1285 64 30 har
966 1283 175 31 hänvisats
1157 1283 50 30 till
1221 1281 293 34 bankoutskottet,
1530 1279 10 31 i
1556 1280 66 30 vad
1636 1280 64 29 den
1717 1277 107 40 angår

332 1342 173 40 pensions-
526 1341 63 30 och
608 1339 388 39 indragningsstaterna.

377 1395 223 31 Beträffande
621 1393 226 39 utredningen
869 1392 9 30 i
900 1392 139 30 ärendet
1060 1390 54 30 får
1137 1390 163 30 utskottet
1319 1387 144 31 hänvisa
1486 1386 49 31 till
1557 1385 265 40 propositionen.

378 1513 169 30 Utskottet
569 1511 58 30 vill
651 1510 113 30 erinra
789 1509 131 35 därom,
945 1511 48 28 att
1017 1507 250 31 statsutskottet
1289 1505 66 30 den
1377 1506 19 29 8
1420 1503 71 39 maj
1519 1504 79 29 1931
1625 1501 128 39 avgivit
1775 1503 47 28 ut-

333 1566 138 31 låtande
493 1565 53 40 (nr
565 1564 105 39 133).i
686 1565 92 29 detta
795 1563 126 30 ärende
935 1561 11 31 i
963 1562 42 30 de
1020 1561 104 35 delar,
1142 1561 192 29 detsamma
1351 1557 175 31 hänvisats
1543 1556 50 31 till
1610 1554 214 32 sistnämnda

333 1621 141 35 utskott,
506 1622 89 28 samt
625 1617 123 31 därvid
778 1616 118 31 biträtt
929 1615 122 38 Kungl.
1084 1613 117 39 Maj:ts
1234 1613 138 38 förslag,
1406 1610 101 32 såvitt
1538 1609 108 40 angår
1678 1607 148 39 tillfällig

334 1672 285 38 löneförbättring
646 1671 51 30 till
724 1669 339 39 befattningshavare
1089 1667 58 30 vid
1174 1667 82 30 verk
1284 1666 64 30 och
1375 1664 249 40 myndigheter,
1651 1661 174 40 uppförda

334 1728 110 30 under
464 1726 118 35 andra,
604 1724 124 40 fjärde,
750 1723 113 36 femte,
885 1722 140 31 åttonde
1045 1721 64 30 och
1130 1720 118 31 tionde
1269 1718 270 35 huvudtitlarna,
1562 1720 88 27 samt
1672 1718 49 28 att
1742 1715 83 30 riks-

334 1782 111 38 dagen
466 1788 144 22 numera
632 1776 128 32 bifallit
782 1777 66 30 vad
872 1775 249 31 statsutskottet
1144 1773 10 31 i
1176 1773 146 30 berörda
1345 1771 177 31 utlåtande
1545 1770 182 30 hemställt.

379 1834 72 31 Mot
475 1833 121 38 Kungl.
622 1831 118 39 Maj:ts
764 1830 140 38 förslag,
928 1829 11 30 i
962 1829 67 30 vad
1052 1828 56 30 det
1133 1836 98 22 avser
1254 1825 338 39 befattningshavare
1616 1824 109 29 under
1748 1822 79 30 elfte

335 1886 226 36 huvudtiteln,
582 1886 65 30 har
667 1885 164 30 utskottet
850 1883 74 30 icke
945 1881 115 31 funnit
1081 1880 187 39 anledning
1289 1879 49 31 till
1360 1878 147 31 erinran.

382 1968 116 30 Under
523 1965 219 40 åberopande
767 1974 41 21 av
833 1964 67 30 vad
926 1962 143 32 sålunda
1096 1961 133 31 anförts
1257 1960 53 31 får
1336 1960 163 30 utskottet
1525 1958 192 36 hemställa,

703 2075 48 28 att
772 2070 194 39 riksdagen,
988 2069 80 30 med
1087 2067 100 31 bifall
1207 2067 50 31 till
1280 2066 123 39 Kungl.
1426 2065 117 39 Maj:ts
1564 2063 266 40 ifrågavarande

658 2124 223 42 proposition,
907 2123 11 31 i
944 2123 67 31 vad
1036 2122 66 31 den
1128 2130 100 22 avser
1251 2119 341 39 befattningshavare
1616 2118 109 30 under
1751 2116 81 31 elfte

659 2178 226 36 huvudtiteln,
904 2176 58 32 må

705 2258 26 39 I)
761 2258 167 39 medgiva,

705 2317 49 28 att
784 2311 148 39 tillfällig
963 2309 285 39 löneförbättring
1278 2308 56 31 må
1365 2308 110 30 under
1504 2305 201 40 budgetåret
1739 2299 94 41 1931/

665 2368 81 30 1932
770 2366 81 39 utgå
874 2365 58 31 vid
953 2365 89 31 vissa
1064 2363 234 38 befattningar
1322 2362 19 31 å
1364 2360 174 32 ordinarie
1560 2362 66 28 stat
1649 2358 95 31 inom
1767 2357 65 30 den

662 2420 100 31 civila
795 2417 338 39 statsförvaltningen
1167 2416 105 39 enligt
1304 2415 10 30 i
1349 2413 371 40 statsrådsprotokollet
1755 2412 78 29 över

660 2473 267 32 finansärenden
943 2472 53 29 för
1011 2472 64 30 den
1092 2471 40 30 20
1148 2469 152 31 februari
1319 2469 78 30 1931
1414 2466 148 39 angivna
1577 2466 153 35 tabeller;
1747 2466 88 28 samt

709 2530 48 28 att
785 2526 87 31 vissa
899 2524 340 39 befattningshavare
1266 2523 94 29 inom
1387 2522 67 30 den
1481 2519 99 32 civila
1609 2517 226 33 statsförvalt-
