1918 2796
369 169 212 28 Sammansatt
601 173 88 24 stats-
709 170 58 27 och
787 170 99 27 andra
906 171 187 34 lagutskotts
1115 170 158 28 utlåtande
1294 180 37 18 nr
1352 171 26 27 4.
1582 171 37 29 17

129 249 81 29 Som
234 258 42 21 en
299 250 146 37 generell
469 250 90 37 regel
583 249 107 31 borde
712 250 89 38 gälla
826 252 57 34 att,
909 250 115 31 därest
1047 250 91 31 båda
1164 250 220 31 föräldrarna
1408 251 89 30 hade
1523 249 98 31 vård-

130 302 113 29 naden
263 312 58 20 om
343 302 56 30 sitt
421 303 96 35 barn,
542 303 143 29 modern
708 304 110 29 skulle
840 304 64 38 äga
926 304 140 30 rätt.till
1089 303 254 39 barnbidraget.
1380 304 243 30 Motsvarande

129 356 88 38 regel
243 356 107 30 borde
378 357 89 37 gälla
495 356 10 29 i
532 355 99 39 fråga
658 366 57 20 om
741 357 239 39 adoptivbarn.
1022 357 13 29 I
1065 357 148 39 enlighet
1242 358 78 29 med
1348 357 272 39 befolkningsut-

129 409 204 38 redningens
357 408 128 39 förslag
510 409 106 30 borde
642 410 54 32 det
720 409 192 31 tillkomma
936 410 395 31 barnavårdsnämnden
1356 415 49 28 att
1430 411 192 30 bestämma

129 463 80 29 över
237 464 101 28 sättet
364 462 55 30 för
447 463 266 30 utanordnande
742 473 43 20 av
813 464 211 39 barnbidrag
1053 464 56 30 för
1137 464 205 30 fosterbarn.
1383 464 81 30 Som
1492 465 130 30 allmän

130 516 88 38 regel
239 515 55 31 för
316 516 215 39 prövningen
553 516 106 31 borde
681 517 187 30 emellertid
892 518 99 38 gälla,
1016 521 48 27 att
1087 517 251 30 fostermodern
1361 518 10 29 i
1395 517 108 32 första
1528 517 94 31 hand

129 569 109 30 skulle
262 579 99 20 anses
386 570 44 30 ha
454 570 66 30 rätt
545 570 50 29 till
619 570 164 38 bidraget.

172 623 384 38 Departementschefen
580 623 65 30 har
668 623 116 31 vidare
806 624 129 30 anfört:

174 676 92 30 »Har
295 676 121 32 barnet
447 677 157 30 däremot
634 677 85 30 efter
750 678 355 38 omhändertagandet
1135 678 241 39 placerats
1407 678 55 39 på
1492 679 128 29 barn-

127 728 97 30 hem
250 729 117 29 eller
395 738 153 21 annan
576 730 188 35 anstalt,
795 730 87 30 skall
901 731 177 29 nämnden
1098 730 140 39 givetvis
1257 731 64 38 äga
1342 731 158 39 uppbära
1519 731 101 29 barn-

128 782 159 39 bidraget
316 783 66 30 och
411 783 82 30 med
522 784 197 30 detsamma
749 785 102 29 täcka
883 784 132 30 sådana
1045 784 239 39 vårdavgifter
1313 785 56 30 för
1397 786 134 35 barnet,
1563 785 57 30 för

128 834 91 32 vilka
239 836 177 29 nämnden
434 836 10 30 i
466 835 109 32 första
595 836 95 30 hand
710 846 128 21 svarar.
862 837 243 31 Motsvarande
1127 837 63 30 bör
1211 838 90 36 gälla
1323 847 57 21 om
1402 836 218 40 fattigvårds-

126 889 167 30 samhälle
318 889 167 30 bestrider
511 890 193 30 kostnaden
731 890 55 30 för
814 890 232 31 anstaltsvård
1073 900 43 21 av
1142 891 97 30 barn.
1270 891 143 39 Hänsyn
1441 892 50 30 till
1518 891 102 30 barn-

127 942 171 39 bidragets
327 943 124 39 belopp
479 943 87 30 skall
594 943 140 39 givetvis
763 947 106 36 tagas,
899 943 44 32 då
971 944 214 30 kommunen
1213 945 82 30 eller
1324 944 295 39 fattigvårdssam-

127 995 103 30 hället
260 996 5 29 i
289 995 82 30 mån
396 1005 43 21 av
463 996 208 39 befogenhet
693 997 124 30 kräver
840 1001 38 27 ut
902 997 189 39 ersättning
1114 1007 43 21 av
1182 998 135 30 enskild
1342 1007 135 30 person,
1503 1006 117 23 annan

126 1048 177 37 kommun,
332 1049 174 39 landsting
535 1050 82 30 eller
645 1052 119 34 staten,
794 1060 75 21 som
896 1051 11 30 i
936 1051 82 30 sista
1045 1051 95 30 hand
1169 1061 167 21 ansvarar
1364 1051 56 31 för
1447 1051 172 39 ifrågava-

126 1102 106 30 rande
253 1102 197 30 kostnader.
474 1103 250 39 Barnbidraget
745 1104 68 30 kan
833 1103 47 40 på
903 1104 91 31 detta
1017 1105 67 30 sätt
1106 1105 149 30 indirekt
1278 1106 141 30 komma
1440 1106 87 29 även
1550 1105 69 30 för-

128 1156 161 30 äldrarna
310 1157 51 29 till
380 1157 298 39 omhändertagna
696 1158 89 30 barn
803 1158 53 30 till
876 1159 98 38 godo.
1006 1159 74 30 Har
1098 1159 121 31 barnet
1240 1160 168 38 placerats
1429 1159 44 40 på
1493 1159 127 31 anstalt

129 1218 40 21 av
195 1209 218 31 föräldrarna
437 1210 112 38 själva
577 1211 65 30 och
669 1211 98 30 dessa
796 1219 123 31 genom
946 1212 206 39 erläggande
1179 1222 42 21 av
1247 1211 234 40 vårdavgifter
1509 1213 110 30 direkt

128 1263 112 30 betala
260 1262 139 37 vården,
422 1264 63 30 bör
506 1264 141 38 givetvis
667 1265 245 39 barnbidraget
931 1264 83 40 utgå
1035 1265 11 30 i
1067 1265 116 39 vanlig
1204 1265 157 40 ordning.

170 1315 13 30 I
206 1315 109 39 några
337 1316 185 38 yttranden
545 1317 65 29 har
633 1316 196 39 ifrågasatts
854 1319 57 34 att,
937 1317 45 31 då
1006 1317 245 39 barnbidraget
1274 1319 90 30 hade
1387 1319 50 29 till
1459 1319 89 39 syfte
1572 1320 47 28 att

126 1368 241 31 åstadkomma
396 1379 42 20 en
466 1370 313 39 standardhöjning
809 1371 55 30 för
891 1371 149 31 barnens
1069 1372 64 35 del,
1164 1372 113 30 denna
1307 1372 312 39 standardhöjning

126 1421 218 31 beträffande
370 1423 276 30 anstaltsbarnen
672 1424 106 30 borde
805 1423 250 39 åvägabringas
1082 1432 124 31 genom
1232 1428 49 27 att
1307 1425 156 38 bidraget
1487 1425 131 30 utbeta-

127 1475 48 30 las
200 1475 49 30 till
276 1476 186 29 anstaltens
487 1475 246 32 föreståndare.
760 1477 66 30 Till
853 1477 113 30 denna
994 1477 222 40 uppfattning
1242 1478 71 30 kan
1339 1479 57 38 jag
1423 1479 31 38 ej
1482 1479 136 29 ansluta

126 1528 77 38 mig.
231 1529 65 29 Det
322 1528 55 31 får
403 1538 99 21 anses
529 1528 112 40 åligga
668 1530 272 30 huvudmännen
965 1530 56 30 för
1049 1531 189 39 respektive
1266 1532 163 30 anstalter
1457 1534 49 29 att
1531 1532 88 30 tillse

125 1584 49 27 att
195 1581 40 30 de
255 1581 46 39 på
321 1582 170 30 anstalten
512 1583 296 39 omhändertagna
830 1584 132 29 barnen
983 1584 132 30 erhålla
1137 1584 85 31 vård
1244 1585 65 30 och
1332 1585 134 30 fostran
1488 1595 43 21 av
1553 1585 66 30 den

126 1635 309 36 minimistandard,
469 1645 74 21 som
575 1644 123 30 genom
726 1637 273 39 barnbidragens
1033 1638 183 31 införande
1247 1648 97 21 avses
1375 1639 142 30 komma
1550 1640 67 29 alla

125 1688 86 29 barn
235 1688 50 30 till
312 1688 63 31 del.

169 1741 64 30 Det
252 1742 107 38 sagda
379 1743 106 37 gäller
505 1744 87 28 även
612 1744 134 38 statliga
768 1744 172 36 anstalter,
963 1745 63 29 där
1046 1744 129 31 vården
1195 1746 39 29 är
1253 1745 221 31 kostnadsfri.
1497 1745 121 31 Såsom

124 1793 449 41 befolkningsutredningen
598 1796 191 31 framhållit
814 1798 109 29 skulle
947 1798 54 31 det
1025 1798 186 30 emellertid
1236 1799 167 30 innebära
1425 1809 42 20 en
1491 1798 127 39 onödig

125 1847 242 39 dubbelföring
406 1851 49 27 att
494 1850 295 38 överhuvudtaget
818 1850 69 30 låta
916 1851 210 38 barnbidrag
1153 1851 83 39 utgå
1264 1851 55 30 för
1346 1852 41 30 de
1415 1852 97 36 barn,
1543 1862 75 20 som

126 1899 122 31 vårdas
274 1900 46 39 på
345 1900 130 31 sådana
501 1903 163 29 anstalter
690 1907 21 26 t.
740 1912 49 21 ex.
818 1904 41 29 de
885 1903 100 31 flesta
1012 1904 118 30 blinda
1158 1905 65 29 och
1251 1905 219 30 dövstumma
1496 1906 87 29 barn
1607 1905 10 30 i

124 1952 207 32 skolåldern.
360 1954 216 39 Barnbidrag
603 1955 63 30 bör
692 1956 214 30 fördenskull
936 1957 31 38 ej
996 1956 83 39 utgå
1105 1957 55 30 för
1189 1958 49 29 tid
1264 1958 172 30 varunder
1463 1959 87 29 barn
1579 1959 39 29 är

125 2007 126 38 intaget
270 2007 11 29 i
302 2006 109 31 sådan
430 2008 127 31 anstalt
578 2018 74 20 som
671 2009 64 30 här
754 2018 107 21 avses.
891 2010 7 29 I
920 2010 65 30 den
1008 2009 81 31 mån
1111 2009 20 31 å
1152 2010 117 39 dylika
1291 2012 164 29 anstalter
1476 2012 141 38 intagna

124 2059 84 30 barn
231 2060 110 30 under
363 2060 102 30 ferier
489 2061 103 30 vistas
616 2062 11 29 i
650 2062 307 31 föräldrahemmet
978 2063 70 30 kan
1073 2064 56 30 det
1152 2063 265 39 ifrågakomma,
1442 2069 49 26 att
1515 2065 101 30 barn-

126 2113 120 39 bidrag
268 2114 55 30 för
345 2115 56 29 det
423 2115 203 31 kvartalet
616 2109 20 51 i
649 2116 115 39 vanlig
788 2116 146 40 ordning
957 2116 100 40 utgår
1082 2118 50 29 till
1154 2118 144 30 modern
1322 2119 82 29 eller
1427 2128 117 21 annan
1567 2119 47 30 bi-

125 2166 304 40 dragsberättigad.

167 2220 454 38 Befolkningsutredningen
641 2222 64 29 har
725 2221 9 29 i
756 2226 44 25 ett
820 2222 179 38 väsentligt
1019 2223 167 30 avseende
1207 2223 156 31 förordat
1383 2233 41 20 en
1445 2224 172 30 avvikelse

124 2272 78 30 från
220 2273 246 37 huvudregeln,
489 2276 48 27 att
557 2274 245 38 barnbidraget
822 2274 87 30 skall
930 2276 147 29 kontant
1098 2275 168 30 utbetalas
1290 2277 48 29 till
1358 2277 66 28 den
1446 2286 74 20 som
1541 2276 74 31 vår-

124 2326 62 29 dar
206 2326 64 29 och
290 2325 128 30 fostrar
437 2326 121 30 barnet
578 2326 31 30 d.
630 2336 28 20 v.
680 2336 23 20 s.
725 2327 8 29 i
754 2328 88 37 regel
863 2327 152 30 modern.
1038 2328 67 29 För
1125 2327 130 33 sådana
1276 2328 70 36 fall,
1366 2329 44 30 då
1430 2330 185 38 anledning

124 2379 123 29 funnes
268 2378 50 30 till
339 2379 194 37 antagande
553 2381 49 28 att
622 2382 45 27 ett
687 2379 48 30 till
757 2380 144 29 modern
920 2380 167 30 utbetalat
1107 2381 120 38 bidrag
1249 2381 75 30 icke
1344 2382 109 30 skulle
1475 2383 140 30 komma

124 2435 47 27 att
200 2431 179 30 användas
414 2432 48 29 till
492 2432 139 30 barnets
662 2432 107 36 bästa,
802 2433 65 29 har
899 2433 228 38 utredningen
1158 2434 174 38 nämligen
1365 2434 169 37 förutsatt,
1567 2438 49 28 att

124 2484 231 38 bidraget
390 2485 414 39 omhändertages
835 2496 52 20 av
919 2486 536 32 barnavårdsnämnden
1489 2489 54 30 för
1568 2491 49 28 att

165 2547 118 34 Bihang
303 2547 45 26 till
369 2547 179 34 riksdagens
568 2549 156 33 protokoll
749 2550 81 25 1947.
852 2551 17 25 6
889 2549 86 26 saml.
998 2551 17 25 2
1036 2549 68 27 avd.
1127 2551 43 25 Nr
1191 2552 25 24 4.
1594 2554 18 28 2
