2229 2743
483 234 18 30 S
920 232 103 33 Stats-
1032 231 167 33 Utskottets
1228 230 173 33 Utlåtande
1426 230 63 31 N:o
1514 230 49 30 20.

440 315 128 46 sakligt
605 315 76 36 skäl
723 315 49 36 för
814 314 123 48 afslag,
978 314 44 35 då
1063 314 100 47 fråga
1190 313 91 36 varit
1308 325 55 24 om
1392 311 228 48 tillverkning
1648 311 36 36 af
1709 310 210 47 lafbränvin,
1948 310 80 36 åbe-

438 372 127 44 ropats,
607 372 61 43 att,
710 367 85 36 efter
836 367 41 36 de
904 367 78 36 med
1010 366 188 37 understöd
1225 365 40 37 at
1291 366 176 35 allmänna
1496 364 111 37 medel
1635 363 172 37 anställda
1834 363 117 36 försök
1979 367 51 32 att

439 421 38 35 af
514 421 143 35 lafarter
698 420 113 36 såsom
852 420 141 36 råämne
1020 419 164 36 tillverka
1212 419 159 45 bränvin,
1400 418 192 36 resultaten
1620 416 64 37 och
1712 416 172 49 förloppet
1911 416 37 36 af
1972 417 57 36 de-

439 485 132 25 samma
613 473 115 35 blifvit
755 485 127 35 genom
911 472 136 48 trycket
1075 471 293 48 offentliggjorda,
1396 471 140 35 hvadan
1564 469 262 36 fabrikanterne
1855 469 29 48 ej
1915 469 115 36 kunde

439 538 102 24 anses
581 525 126 37 saknat
733 525 136 36 tillfälle
897 529 49 32 att
973 524 134 37 erhålla
1135 524 205 47 erforderlig
1369 523 197 36 kännedom
1594 534 56 24 om
1677 521 168 48 lämpliga
1873 521 156 36 tillverk-

438 577 295 49 ningsmethoder,
775 582 89 32 samt
903 581 50 32 att
988 577 131 48 jemväl
1148 577 89 35 visat
1265 576 63 47 sig,
1357 576 57 36 det
1441 575 277 47 tillverkningen
1747 574 21 35 å
1794 574 85 35 flera
1908 574 124 36 ställen

439 635 86 31 utan
565 631 123 36 förlust
728 630 195 48 bedrifvits;
952 630 65 36 och
1044 630 44 35 då
1117 630 10 35 i
1155 629 228 36 förevarande
1410 629 102 46 fråga
1539 627 157 36 hvarken
1725 627 216 35 motionären
1969 639 62 23 an-

440 683 115 48 dragit
595 684 83 35 eller
718 683 100 48 eljest
857 682 221 37 förekommit
1118 682 117 47 någon
1276 680 267 48 omständighet,
1585 691 74 24 som
1700 679 108 47 enligt
1839 678 194 37 Utskottets

441 736 104 36 tanke
579 736 70 36 kan
677 736 82 35 eller
787 735 61 36 bör
876 735 182 36 föranleda
1085 734 204 47 Riksdagen
1318 737 49 32 att
1395 733 123 47 frångå
1546 733 54 35 sin
1628 732 86 35 flera
1742 732 132 46 gånger
1903 731 91 36 förut
2022 731 9 35 i

440 787 118 47 dylika
585 788 118 44 frågor
731 787 155 34 uttalade
915 787 152 46 mening,
1095 786 204 35 hemställer
1327 786 190 44 Utskottet,

891 894 49 32 att
968 890 92 36 Herr
1085 890 135 47 Hjelms
1250 890 129 35 motion
1408 889 28 46 ej
1469 888 102 36 måtte
1601 887 37 35 af
1662 886 203 47 Riksdagen
1885 887 147 35 bifallas.

571 1049 202 36 Stockholm
803 1049 66 35 den
900 1050 44 33 23
975 1047 170 36 Februari
1181 1049 102 33 1875.

952 1257 51 35 På
1031 1257 308 36 Stats-Utskottets
1370 1260 148 42 vägnar:

989 1359 145 34 ARVID
1159 1358 154 34 FR:SON
1338 1357 150 34 POSSE.

813 2446 154 19 TOCKHOLM,.
989 2448 75 16 ISAAC
1088 2443 114 21 MARCUS
1222 2447 197 17 BOKTRYCKERT-
1438 2446 169 17 AKTIEBOLAG
1641 2441 73 22 1875,
