1890 2806
513 156 121 30 Första
656 153 240 37 lagutskottets
917 150 176 31 utlåtande
1112 159 42 20 nr
1181 149 49 29 6.
1596 138 18 29 9

108 242 21 31 å
148 242 77 31 icke
247 242 137 36 statliga
405 240 275 36 sinnessjukhus,
705 238 92 36 giver
817 235 228 36 utredningen
1065 233 58 30 vid
1144 232 150 34 handen,
1316 234 48 26 att
1384 228 231 35 anledningen

107 293 51 31 till
174 294 227 36 psykopaters
419 289 342 37 omhändertagande
779 288 54 29 för
851 283 285 38 sinnessjukvård
1153 283 11 30 i
1183 286 70 27 stor
1271 279 238 36 utsträckning
1526 277 89 31 varit

108 344 225 31 kriminalitet
355 344 80 30 eller
458 351 117 22 annan
597 339 191 32 asocialitet
811 338 65 30 och
901 340 49 27 att
973 339 75 27 rent
1073 333 216 31 medicinska
1312 325 303 45 vårdsynpunkter

110 396 120 31 endast
248 396 11 30 i
279 393 271 33 förhållandevis
569 392 135 30 mindre
722 388 241 35 utsträckning
982 386 87 30 varit
1090 384 205 37 avgörande.

154 447 80 30 Med
255 447 138 35 hänsyn
415 445 52 30 till
490 444 56 30 det
568 442 149 31 anförda
743 449 100 28 synes
867 437 266 32 sannolikheten
1156 435 71 30 tala
1249 434 54 30 för
1328 437 49 26 att
1401 432 150 30 flertalet
1573 439 42 21 av

111 498 41 30 de
175 498 210 35 psykopater
408 505 76 21 som
509 503 47 21 nu
580 493 113 30 bruka
719 489 310 32 straffriförklaras
1054 487 110 30 skulle
1188 486 121 29 kunna
1332 482 188 37 lämpligen
1544 490 72 21 om-

111 548 231 35 händertagas
367 546 96 30 inom
487 542 232 38 fångvårdens
744 550 85 21 ram.
855 539 75 31 Den
954 536 310 36 omständigheten,
1293 538 49 26 att
1366 532 124 31 hinder
1513 531 103 36 givet-

112 598 50 31 vis
186 598 77 30 icke
288 597 11 29 i
325 597 66 30 och
416 595 56 30 för
497 594 49 36 sig
572 592 183 36 föreligger
778 594 50 27 att
853 590 81 30 med
958 592 46 27 ett
1029 586 200 36 tillräckligt
1252 585 95 30 antal
1374 577 242 46 specialavdel-

111 648 124 37 ningar
261 647 78 36 giva
364 646 256 36 psykopaterna
649 652 42 21 en
719 641 159 31 rationell
904 638 214 35 behandling
1147 637 96 29 inom
1273 631 346 38 sinnessjukvårdens

112 708 85 27 ram,
221 699 100 35 utgör
342 697 103 36 enligt
465 695 74 30 min
558 693 140 36 mening
720 692 76 30 icke
817 689 187 36 anledning
1025 692 49 26 att
1096 687 71 31 låta
1188 687 68 30 den
1278 683 202 32 nuvarande
1503 681 117 37 praxis

112 751 11 30 i
144 749 98 37 fråga
263 759 58 20 om
340 744 328 36 straffriförklaring
688 753 43 20 av
750 742 211 37 psykopater
980 736 177 33 fortbestå.
1182 735 121 32 Såsom
1321 735 59 36 jag
1399 734 94 30 förut
1512 732 107 31 fram-

113 800 99 31 hållit
227 800 64 30 bör
308 799 67 30 den
393 794 268 36 särbehandling
678 803 43 21 av
738 792 92 31 vissa
845 789 225 36 brottslingar
1087 797 76 22 som
1180 783 327 37 straffriförklaring
1524 783 95 30 inne-

116 851 64 29 bär
200 849 77 31 icke
299 847 178 33 användas
499 849 83 27 utan
605 847 50 27 att
677 842 145 36 verkligt
841 840 157 37 vägande
1020 839 75 31 skäl
1120 837 175 36 föreligga.
1320 835 81 30 Man
1424 834 70 30 kan
1518 830 104 33 också

114 902 11 30 i
153 901 109 30 likhet
293 899 80 31 med
402 894 395 38 strafflagberedningen
826 892 81 31 med
934 891 138 35 hänsyn
1101 889 52 30 till
1182 887 252 32 allmänhetens
1462 883 160 32 reaktion

116 949 187 32 framhålla
320 948 114 31 såsom
451 947 135 30 mindre
604 944 167 37 lämpligt,
791 946 48 28 att
856 950 174 29 personer,
1049 940 94 31 vilka
1163 938 11 31 i
1196 936 246 32 samhällslivet
1466 935 5 30 i
1488 934 135 30 huvud-

116 1002 61 30 sak
200 1001 117 35 intaga
342 1008 134 21 samma
501 996 160 37 ställning
686 1004 75 21 som
784 992 117 38 övriga
924 992 236 35 medborgare,
1183 988 191 31 behandlas
1397 995 75 22 som
1494 985 129 31 sinnes-

118 1050 103 38 sjuka
242 1051 55 31 för
316 1051 67 29 den
400 1049 164 31 händelse
585 1047 41 30 de
648 1046 108 30 åtalas
777 1045 55 30 för
851 1044 101 36 brott,
972 1042 112 30 ehuru
1105 1041 100 30 deras
1225 1038 166 39 psykiska
1410 1036 154 31 defekter
1581 1052 44 3 —

116 1103 88 30 även
226 1112 58 20 om
308 1102 42 29 de
370 1100 88 30 varit
480 1099 118 30 kända
618 1116 45 4 —
685 1096 98 36 eljest
803 1095 77 30 icke
903 1093 110 31 skulle
1036 1094 129 28 ansetts
1187 1089 168 31 motivera
1378 1081 246 45 vårdåtgärder

116 1152 80 31 från
220 1151 200 31 samhällets
444 1150 84 30 sida.
554 1147 115 37 Några
692 1145 156 37 vägande
871 1142 224 32 humanitära
1119 1141 76 31 skäl
1218 1140 55 30 för
1297 1131 329 46 straffriförklaring

118 1212 42 21 av
181 1212 48 20 nu
252 1199 266 38 ifrågavarande
539 1206 165 29 personer
726 1205 103 28 synas
852 1194 77 31 icke
950 1192 176 37 föreligga.

164 1253 64 30 Det
247 1252 64 30 har
331 1251 12 30 i
361 1250 108 37 några
488 1249 185 37 yttranden
693 1247 152 35 uttalats,
867 1249 50 26 att
936 1253 57 21 om
1016 1243 132 31 sådana
1168 1241 218 36 psykopater,
1411 1247 75 21 som
1505 1236 121 31 hittills

118 1304 128 30 brukat
279 1301 318 35 straffriförklaras,
632 1297 208 32 hädanefter
874 1295 112 31 skulle
1019 1292 291 35 omhändertagas
1336 1299 42 21 av
1402 1283 224 45 fångvården,

120 1356 93 29 detta
240 1353 111 31 skulle
375 1352 12 30 i
413 1349 344 33 anstaltshänseende
782 1347 78 31 leda
886 1346 51 31 till
965 1354 43 21 en
1034 1343 150 32 dualism
1211 1351 75 21 som
1313 1341 111 30 skulle
1451 1339 100 31 ställa
1578 1337 51 37 sig

120 1406 253 29 kostsammare
391 1403 46 29 än
458 1411 43 21 en
520 1400 201 37 utbyggnad
742 1408 44 21 av
805 1394 347 38 sinnessjukvårdens
1173 1401 153 22 resurser
1347 1391 55 30 för
1421 1389 206 32 omhänder-

122 1455 147 36 tagande
290 1464 43 21 av
353 1454 218 36 psykopater.
594 1451 123 30 Denna
739 1447 233 36 anmärkning
995 1446 128 30 saknar
1145 1444 75 30 icke
1243 1443 67 35 fog.
1334 1442 123 30 Därest
1477 1439 151 32 emeller-

121 1507 59 36 tid,
201 1515 74 21 som
295 1505 58 36 jag
370 1504 172 34 förutsatt,
562 1502 211 36 psykopater
791 1498 80 31 med
891 1501 46 27 ett
955 1496 173 36 utpräglat
1145 1493 201 31 vårdbehov
1365 1491 149 36 alltjämt
1532 1491 97 28 kom-

123 1567 57 21 ma
199 1560 49 27 att
266 1554 318 34 straffriförklaras,
605 1552 98 30 torde
722 1551 77 30 icke
816 1549 55 30 för
892 1548 42 31 de
952 1547 117 36 övriga
1090 1546 275 36 psykopaternas
1384 1543 54 30 del
1456 1540 175 32 erfordras

122 1607 108 37 några
257 1606 131 31 sådana
415 1604 158 36 åtgärder
600 1603 95 29 inom
725 1599 224 37 fångvården,
979 1602 48 26 att
1055 1596 191 35 erinringar
1273 1596 120 28 kunna
1419 1592 211 31 framställas

124 1658 79 31 från
227 1655 270 39 organisatorisk
522 1653 186 37 synpunkt.
735 1651 193 37 Självfallet
951 1649 63 30 bör
1040 1647 141 36 tillgång
1206 1646 115 30 finnas
1346 1644 51 31 till
1420 1641 211 39 psykiatrisk

125 1709 236 35 sakkunskap.
381 1704 225 38 Fångvården
623 1705 65 30 har
706 1703 108 30 redan
831 1702 55 29 för
903 1699 218 32 närvarande
1140 1702 49 26 att
1206 1701 77 32 taga
1301 1696 95 30 hand
1413 1704 57 21 om
1489 1692 142 33 åtskilli-

125 1768 41 28 ga
188 1760 219 35 psykopater,
431 1757 110 30 vilkas
562 1754 157 32 tillstånd
741 1753 30 37 ej
795 1756 128 27 ansetts
947 1751 167 30 motivera
1139 1758 43 21 en
1204 1745 337 36 straffriförklaring,
1567 1743 65 31 och

126 1811 56 30 det
206 1812 38 29 är
268 1814 45 26 ett
337 1807 179 32 önskemål
540 1806 54 31 för
619 1804 215 37 fångvården
857 1804 10 29 i
893 1801 189 32 allmänhet
1107 1804 48 26 att
1179 1798 213 31 medicinska
1420 1795 214 37 synpunkter

128 1862 103 29 vinna
250 1862 81 29 ökat
348 1858 202 37 inflytande.
571 1858 14 28 I
603 1861 46 26 ett
668 1865 43 21 av
728 1856 42 29 de
785 1854 185 37 yttranden
987 1861 74 21 som
1079 1852 64 29 här
1162 1859 97 21 avses
1276 1850 64 29 har
1359 1847 105 30 också
1481 1846 151 33 uttalats,

127 1916 49 26 att
197 1921 42 20 en
262 1909 195 36 utveckling
479 1918 42 20 av
543 1906 215 36 fångvården
781 1905 110 29 skulle
914 1902 205 36 möjliggöra
1141 1904 49 27 att
1212 1910 42 20 en
1276 1900 53 29 del
1352 1908 41 20 av
1418 1898 55 29 det
1494 1895 140 31 klientel

127 1972 74 20 som
223 1961 121 30 hittills
366 1970 42 20 av
429 1958 154 31 blandad
606 1956 106 31 social
736 1956 65 30 och
823 1953 211 37 psykiatrisk
1059 1951 187 35 anledning
1268 1947 294 36 omhändertagits
1586 1946 47 29 in-

128 2023 58 20 om
209 2010 328 36 sinnessjukvården
562 2009 110 29 skulle
699 2008 119 28 kunna
843 2004 176 31 överföras
1047 2003 50 29 till
1121 2000 224 37 fångvården.

172 2064 50 29 Av
241 2063 56 30 det
316 2062 148 30 anförda
483 2058 163 37 framgår,
667 2062 48 26 att
736 2057 104 34 enligt
858 2056 73 29 min
951 2054 138 35 mening
1109 2052 133 36 frågan,
1263 2050 172 31 huruvida
1454 2050 65 29 och
1539 2048 9 29 i
1571 2048 65 29 vad

130 2113 81 31 mån
232 2114 209 35 psykopater
461 2111 96 30 skola
580 2108 319 34 straffriförklaras,
920 2106 64 29 bör
1004 2105 144 34 avgöras
1168 2103 80 29 med
1267 2103 136 34 hänsyn
1424 2100 48 30 till
1494 2100 143 35 styrkan

130 2175 42 19 av
198 2165 56 29 det
277 2163 213 30 medicinska
517 2160 198 30 vårdbehov
740 2168 73 20 som
841 2158 8 28 i
874 2156 95 35 varje
994 2154 138 31 särskilt
1157 2153 62 30 fall
1244 2154 69 28 kan
1337 2161 98 20 anses
1462 2150 174 35 föreligga.

131 2211 45 33 Är
196 2215 55 29 det
270 2213 214 30 medicinska
505 2210 228 30 vårdbehovet
758 2206 257 33 dominerande,
1036 2206 63 28 bör
1118 2202 329 34 straffriförklaring
1467 2203 63 32 äga
1549 2209 87 20 rum.

133 2265 65 30 Om
220 2265 72 30 åter
316 2264 55 29 det
392 2261 213 30 medicinska
628 2259 233 30 vårdbehovet
885 2258 73 28 icke
981 2257 37 28 är
1042 2265 95 19 mera
1160 2253 262 30 framträdande
1445 2253 44 28 än
1513 2255 46 25 att
1583 2251 56 28 det

133 2315 185 35 lämpligen
343 2314 68 28 kan
437 2312 194 33 tillgodoses
657 2309 93 29 inom
775 2306 231 36 fångvårdens
1030 2315 84 25 ram,
1140 2305 63 29 bör
1227 2303 123 29 hinder
1374 2303 73 29 icke
1474 2303 92 27 möta
1592 2304 45 25 att

133 2367 104 28 döma
260 2365 49 29 till
332 2363 103 30 straff
456 2363 81 28 eller
560 2360 108 30 sådan
691 2357 253 37 skyddsåtgärd
967 2365 74 20 som
1065 2356 67 28 kan
1158 2354 97 29 träda
1280 2354 8 28 i
1313 2353 109 29 stället
1448 2352 53 28 för
1526 2350 112 30 straff.

178 2415 120 30 Såsom
321 2414 90 28 förut
437 2414 136 28 nämnts
598 2412 38 28 är
658 2410 146 28 flertalet
830 2408 208 35 psykopater
1062 2407 8 28 i
1097 2406 142 28 främsta
1264 2407 146 26 rummet
1434 2403 7 28 i
1466 2403 110 28 behov
1600 2411 40 19 av

137 2465 220 39 psykologisk
386 2463 171 37 påverkan
585 2461 64 30 och
675 2459 206 38 pedagogisk
906 2456 245 34 handledning.
1176 2455 170 29 Jämsides
1370 2453 76 29 med
1476 2455 42 26 ett
1548 2452 91 35 bety-
