1907 2830
508 160 312 29 Bankoutskottets
843 159 178 30 utlåtande
1042 168 43 21 nr
1106 159 39 30 31
1168 160 39 30 år
1232 159 81 30 1967
1636 161 14 28 1

835 461 66 41 Nr
922 462 57 41 31

368 574 184 31 Utlåtande
571 574 11 30 i
598 573 188 41 anledning
803 583 41 21 av
862 573 171 31 motioner
1052 583 55 21 om
1126 574 160 40 åtgärder
1302 575 56 41 för
1375 575 115 40 skydd
1507 575 37 30 åt
1562 575 91 30 vissa

564 635 536 31 hemmamarknadsindustrier.

210 745 14 30 I
242 746 42 29 de
301 745 54 30 till
373 745 289 30 bankoutskottet
680 744 190 31 hänvisade
888 744 224 40 likalydande
1131 744 219 31 motionerna
1368 754 41 21 nr
1431 745 60 30 167
1511 745 11 30 i
1541 745 111 30 första

168 799 206 30 kammaren
393 808 42 21 av
453 799 79 29 herr
553 798 102 30 Gösta
673 799 191 29 Jacobsson
884 798 95 40 m.fl.
1000 799 65 29 och
1084 808 41 20 nr
1145 798 62 30 206
1226 799 12 30 i
1258 799 109 30 andra
1386 800 205 29 kammaren
1611 809 41 20 av

165 851 81 31 herr
269 853 214 39 Magnusson
506 853 12 29 i
541 852 108 31 Borås
672 852 97 40 m.fl.
794 852 63 30 har
881 852 206 35 hemställts,
1113 853 50 30 att
1186 852 187 40 riksdagen
1397 853 107 30 måtte
1528 853 12 30 i
1564 853 87 30 skri-

165 907 92 29 velse
273 907 53 30 till
343 906 126 40 Kungl.
486 906 106 40 Maj:t
608 906 127 40 begära

210 961 74 29 dels
313 970 43 20 en
383 960 136 30 mindre
547 960 163 40 frikostig
737 960 252 40 licensgivning
1015 969 89 31 resp.
1134 961 203 40 minskning
1366 971 42 20 av
1434 962 217 39 importkon-

164 1014 183 40 tingenter,
373 1014 62 30 där
460 1014 38 30 så
522 1015 37 29 är
583 1014 147 39 möjligt,
755 1014 11 30 i
791 1013 203 41 anslutning
1017 1014 53 30 till
1094 1013 216 41 förefintliga
1333 1014 231 31 kvantitativa
1587 1014 63 30 im-

166 1069 323 39 portrestriktioner
512 1070 174 38 gentemot
710 1068 132 30 sådana
864 1068 120 30 länder
1006 1068 112 30 vilkas
1141 1069 128 39 import
1292 1069 53 29 till
1369 1069 136 39 Sverige
1528 1069 122 29 allvar-

164 1122 93 39 ligen
282 1122 235 40 undergräver
544 1121 253 31 fortbeståndet
825 1131 42 21 av
893 1122 100 39 eljest
1020 1122 377 40 konkurrenskraftiga
1425 1123 149 30 svenska
1599 1123 51 29 in-

165 1175 239 41 dustrigrenar
424 1176 65 29 och
508 1176 184 39 äventyrar
712 1175 320 40 sysselsättningen,

210 1229 73 30 dels
304 1230 65 29 ock
390 1229 191 40 skyndsam
601 1229 187 40 utredning
808 1239 57 20 om
885 1229 268 40 möjligheterna
1174 1232 49 28 att
1243 1230 96 29 inom
1359 1239 121 21 ramen
1500 1230 54 30 för
1574 1230 76 30 vårt

165 1283 101 30 lands
294 1283 282 30 internationella
602 1283 169 40 åtagande
797 1284 96 29 inom
920 1283 116 30 GATT
1062 1292 90 31 resp.
1179 1283 117 30 EFTA
1323 1284 64 29 och
1413 1284 139 29 Norden
1578 1283 72 31 vid-

166 1340 76 37 taga
270 1337 177 40 tillfälliga
473 1337 160 40 åtgärder
660 1337 54 30 för
741 1337 178 39 skapande
946 1347 42 20 av
1014 1339 47 28 ett
1089 1337 186 30 förbättrat
1304 1338 111 39 skydd
1443 1337 54 31 för
1523 1338 127 29 hotade

166 1391 149 30 svenska
336 1390 537 31 hemmamarknadsindustrier.

210 1443 228 30 Beträffande
463 1443 253 40 motiveringen
740 1443 55 30 för
820 1443 94 30 detta
937 1443 158 40 yrkande
1120 1444 173 35 hänvisas,
1325 1445 6 29 i
1356 1444 66 30 den
1448 1444 82 30 mån
1555 1444 97 30 redo-

166 1498 132 39 görelse
317 1498 119 30 därför
455 1498 30 39 ej
506 1498 137 30 lämnas
662 1498 11 30 i
692 1498 56 30 det
768 1498 165 40 följande,
953 1498 53 30 till
1025 1498 178 30 motionen
1222 1499 29 30 I:
1270 1498 70 31 167.

208 1605 195 31 Yttranden
430 1607 79 29 över
534 1605 221 30 motionerna
780 1606 64 29 har
870 1615 42 21 av
937 1606 170 30 utskottet
1133 1606 192 31 inhämtats
1353 1606 80 30 från
1458 1606 192 30 kommers-

165 1659 198 40 kollegium,
389 1659 155 40 Sveriges
566 1659 316 35 industriförbund,
908 1659 156 40 Sveriges
1085 1660 205 29 hantverks-
1313 1660 65 29 och
1400 1660 250 40 industriorga-

165 1713 154 30 nisation
343 1712 151 36 (SHIO),
516 1713 402 39 Landsorganisationen
937 1714 12 29 i
970 1713 136 40 Sverige
1132 1713 106 35 (LO),
1261 1713 153 40 Sveriges
1436 1713 215 40 grossistför-

165 1767 97 29 bund
282 1767 65 29 och
367 1766 231 40 Kooperativa
619 1766 187 31 förbundet
833 1766 107 35 (KF).

209 1820 377 40 Kommerskollegium
606 1820 64 30 har
692 1821 11 29 i
726 1821 59 30 sitt
805 1821 163 39 yttrande
989 1821 45 29 bl.
1049 1830 29 21 a.
1100 1821 133 30 lämnat
1255 1830 43 21 en
1318 1821 169 39 ingående
1508 1821 142 40 redogö-

164 1874 90 30 relse
274 1874 54 30 för
350 1875 127 29 svensk
497 1874 281 39 handelspolitik,
799 1875 11 29 i
831 1874 117 30 vilken
969 1875 141 30 särskilt
1130 1874 191 31 behandlas
1344 1874 154 40 Sveriges
1519 1875 131 30 anslut-

164 1927 85 40 ning
268 1927 53 30 till
343 1927 95 30 olika
459 1927 211 30 strävanden
691 1929 49 28 att
762 1927 214 30 liberalisera
997 1927 66 30 den
1084 1928 282 29 internationella
1386 1928 153 30 handeln
1562 1930 89 28 samt

165 1981 145 40 möjliga
330 1981 160 40 åtgärder
512 1981 79 30 från
613 1982 127 29 svensk
761 1981 76 31 sida
855 1981 58 30 vid
934 1981 62 30 fall
1017 1991 42 20 av
1079 1981 357 31 marknadsstörande
1457 1984 121 38 export
1597 1982 53 30 till

166 2034 146 40 Sverige.
335 2035 123 29 Denna
479 2034 217 39 redogörelse
719 2034 132 40 återges
874 2035 115 29 nedan
1012 2036 146 38 separat,
1181 2035 255 40 kompletterad
1457 2036 80 29 med
1558 2036 93 30 vissa

165 2088 284 30 underrubriker.

218 2202 52 33 Av
284 2203 350 42 kommerskollegium
648 2203 136 31 lämnad
797 2203 205 41 redogörelse
1017 2203 54 31 för
1087 2204 120 30 svensk
1221 2203 255 42 handelspolitik
1491 2214 45 20 m.
1552 2215 46 19 m.

167 2276 99 30 Vissa
284 2276 175 40 uppgifter
476 2285 56 21 om
549 2276 66 30 den
633 2275 279 31 internationella
928 2276 153 30 handeln

209 2340 118 30 Under
355 2339 284 40 efterkrigstiden
667 2339 64 30 har
759 2339 273 30 världshandeln
1060 2339 185 40 undergått
1275 2349 43 21 en
1346 2339 220 40 fortlöpande
1596 2349 55 21 ex-

165 2393 160 41 pansion.
350 2393 250 39 Utvecklingen
624 2402 43 21 av
690 2392 154 31 handeln
868 2393 130 30 mellan
1022 2393 41 30 de
1090 2395 93 28 stora
1206 2392 358 32 handelsnationerna
1586 2394 64 30 har

165 2447 164 40 uppvisat
349 2447 106 39 högre
477 2447 227 39 ökningstakt
726 2447 45 29 än
792 2446 54 31 för
868 2446 259 40 produktionen
1148 2447 65 30 och
1233 2447 64 30 har
1319 2447 61 30 lett
1400 2448 54 29 till
1476 2458 43 20 en
1541 2449 110 29 större

166 2501 86 40 grad
273 2511 44 20 av
339 2500 260 31 internationell
623 2500 325 40 arbetsfördelning.

167 2562 15 30 1
203 2580 23 3 —
252 2562 137 41 Bihang
411 2562 52 30 till
483 2561 206 41 riksdagens
710 2562 175 39 protokoll
909 2562 93 30 1967.
1025 2563 20 29 8
1067 2562 99 30 saml.
1188 2563 48 30 Nr
1258 2563 39 30 31
