2233 2544
395 132 40 31 10
881 139 257 31 Stats-Utskottets
1164 142 157 30 Utlåtande
1344 145 59 27 N:o
1425 143 53 30 30.

756 214 102 41 språk
893 217 44 39 på
972 217 123 41 bidrag
1129 218 35 33 af
1185 220 170 33 allmänna
1378 220 122 40 medel,
1525 221 173 33 fullborda
1721 223 135 34 arbetet
1880 226 106 42 enligt

756 265 35 32 af
811 266 120 41 Kongl.
954 266 96 43 Maj:t
1073 269 156 33 faststäld
1252 271 80 41 plan
1358 271 64 32 och
1446 271 149 33 derefter
1619 273 149 41 ständigt
1786 276 198 34 underhålla

754 316 354 44 hamnanläggningen
1145 322 11 30 i
1193 322 122 32 sådant
1352 323 94 32 skick
1481 326 49 29 att
1566 324 63 32 den
1665 324 66 32 kan
1767 324 52 33 för
1842 327 142 33 trafiken

755 367 182 43 begagnas.

609 516 33 33 C.
691 516 283 52 Sjösänkningar
997 518 65 39 och
1087 519 107 39 andra
1217 521 512 53 vattenaftappningsföretag.

1132 643 81 30 11:0.

485 719 56 33 Uti
577 720 250 34 ofvannämnda
863 723 125 42 nådiga
1021 726 211 40 proposition
1269 726 62 33 har
1368 728 120 41 Kongl.
1521 729 95 41 Maj:t
1642 730 187 42 föreslagit,
1854 735 50 29 att
1930 733 51 31 till

349 771 257 43 understödjande
639 773 123 31 medelst
793 774 107 42 anslag
924 781 73 25 utan
1026 777 402 43 återbetalningsskyldighet
1455 779 40 43 af
1517 782 118 30 sådana
1661 783 239 42 nyutdikningar
1927 785 54 30 och

348 823 340 41 valtenaftappningar,
724 835 64 20 som
822 825 224 42 företrädesvis
1079 827 66 43 afse
1184 834 42 25 att
1266 830 117 30 minska
1405 831 290 42 frostländigheten,
1718 834 104 31 måtte
1848 834 131 32 anvisas

350 881 127 23 samma
510 872 137 42 belopp,
678 884 71 22 som
772 875 108 32 under
905 876 40 32 de
971 888 120 21 senare
1115 877 222 43 riksdagarne
1366 880 50 32 för
1440 881 180 33 enahanda
1643 883 157 32 ändamål
1823 884 156 42 beviljats

350 921 82 32 eller
453 925 117 36 80,000
593 924 135 32 kronor.

481 974 164 33 Deremot
668 974 61 33 har
751 976 11 30 i
785 976 115 32 Andra
922 977 202 34 Kammaren
1146 979 86 32 Herr
1255 981 41 31 L.
1324 981 33 31 J.
1384 983 181 32 Fahlander
1586 984 10 30 i
1622 995 40 20 en
1690 985 128 31 motion
1834 985 74 42 (N:o
1923 985 54 44 63)

347 1023 77 31 med
457 1024 210 34 hänvisande
707 1026 160 33 särskildt
906 1028 50 31 till
997 1030 261 33 förhållandena
1295 1031 11 31 i
1342 1032 171 33 Norrland
1546 1034 75 32 med
1665 1034 89 40 dess,
1791 1036 187 32 särdeles
1958 1030 22 49 i

348 1074 136 33 Vester-
510 1076 64 31 och
598 1076 220 41 Norrbotten,
843 1077 275 36 förekommande
1143 1084 94 29 stora
1260 1082 118 32 vidder
1398 1084 36 31 af
1449 1084 232 33 frostledande
1697 1097 120 30 myrar,
1837 1098 140 29 mossar,

349 1124 65 42 dyn
438 1126 65 31 och
526 1127 106 39 träsk,
655 1128 160 32 hemstält
840 1139 52 21 om
917 1130 94 33 detta
1039 1132 135 40 anslags
1202 1132 148 41 höjande
1373 1134 50 31 till
1451 1137 137 36 300,000
1611 1136 135 32 kronor.

484 1177 130 33 Jemväl
649 1178 61 32 hos
745 1179 119 41 Kongl.
889 1180 94 42 Maj:t
1010 1182 110 39 hafva,
1148 1184 45 39 på
1217 1186 67 29 sätt
1307 1184 136 41 bilagan
1472 1185 62 32 N:o
1560 1188 16 29 5
1603 1197 19 21 a
1644 1187 51 31 till
1722 1188 121 40 Kongl.
1866 1184 110 49 Maj:ts

347 1226 124 41 nådiga
505 1229 213 40 proposition
752 1233 87 29 samt
881 1231 40 32 de
959 1232 50 32 till
1037 1233 175 32 Utskottet
1237 1234 248 33 öfverlemnade
1510 1236 202 42 handlingar
1734 1239 118 38 utvisa,
1876 1238 100 33 fram-

348 1277 201 41 ställningar
585 1280 107 40 gjorts
730 1291 52 21 om
817 1281 149 41 höjande
1003 1283 35 32 af
1057 1284 256 39 ifrågavarande
1339 1286 236 41 anslagsfonds
1605 1288 135 41 belopp,
1764 1290 11 30 i
1800 1289 57 32 det
1883 1301 91 21 nem-

346 1327 91 40 ligen
476 1329 120 41 Kongl.
634 1331 110 40 Maj:ts
786 1332 377 42 Befallningshafvande
1198 1335 11 31 i
1247 1335 39 32 de
1322 1339 50 28 tre
1401 1337 209 41 nordligaste
1634 1339 101 31 länen
1759 1340 77 32 med
1859 1340 113 32 förord

348 1377 222 35 öfverlemnat
607 1381 169 32 särskilda
804 1383 236 42 underdåniga
1064 1385 204 39 skrifvelser,
1295 1386 73 32 deri
1393 1388 148 32 sistlidet
1564 1390 54 30 års
1642 1389 198 42 Landsting,
1868 1391 72 32 dels
1964 1392 11 30 i

345 1428 328 35 Vester-Norrlands
716 1432 63 32 och
813 1433 229 34 Norrbottens
1077 1436 57 31 län
1171 1436 151 39 anhållit,
1347 1441 49 29 att
1414 1438 58 32 för
1498 1439 114 41 hvarje
1638 1439 39 33 af
1696 1441 277 33 nästkommande

345 1482 51 29 tre
435 1482 37 30 år
507 1483 105 31 måtte
647 1483 51 31 till
735 1484 292 42 understödjande
1065 1486 34 32 af
1120 1486 267 34 frostafledande
1413 1490 404 42 myrutdikningsföretag
1841 1493 132 31 anvisas

344 1532 139 37 400,000
517 1532 136 40 kronor,
694 1534 63 32 och
796 1535 71 32 dels
891 1536 11 31 i
929 1536 261 33 Vesterbottens
1217 1538 57 31 län
1297 1538 122 42 begärt
1443 1540 94 32 detta
1561 1541 136 41 anslags
1719 1541 252 34 bestämmande

344 1580 50 31 till
432 1584 49 29 ett
508 1582 136 42 belopp,
670 1595 71 21 som
768 1586 176 40 medgåfve
970 1590 50 29 att
1043 1588 131 31 tilldela
1196 1588 94 33 länet
1319 1601 40 21 en
1384 1601 136 29 summa,
1548 1602 71 21 som
1642 1596 153 29 närmare
1820 1597 41 28 än
1885 1594 87 32 hvad

344 1630 120 33 hittills
489 1634 87 31 varit
597 1634 229 34 förhållandet
847 1638 214 32 motsvarade
1085 1638 169 33 behofvet.

482 1682 113 34 Sedan
628 1685 102 33 likväl
766 1686 172 42 Styrelsen
973 1689 52 32 för
1061 1689 169 32 allmänna
1264 1694 78 36 väg-
1377 1692 64 31 och
1465 1692 313 42 vattenbyggnader
1800 1695 10 31 i
1835 1695 138 40 afgifvet

343 1733 169 40 yttrande,
538 1754 38 5 —
603 1736 107 32 ehuru
744 1738 220 33 erkännande
1003 1743 119 38 nyttan
1147 1740 63 32 och
1234 1741 299 42 nödvändigheten
1558 1742 97 34 deraf
1682 1748 48 29 att
1755 1756 41 21 en
1820 1746 151 39 anslags-

343 1783 81 32 fond
447 1784 131 40 funnes,
602 1786 122 34 hvaraf
747 1789 225 33 intressenter
996 1792 47 30 uti
1068 1791 128 32 sådana
1219 1791 141 41 företag,
1384 1793 130 32 hvilkas
1531 1794 178 33 utförande
1727 1796 74 32 icke
1814 1796 155 32 lemnade

343 1835 112 39 någon
480 1846 112 21 annan
617 1839 149 41 egentlig
789 1840 88 31 vinst
905 1844 42 28 än
972 1841 76 39 den,
1077 1852 72 22 som
1172 1842 201 41 uppkomme
1394 1855 121 29 genom
1528 1845 279 42 undanrödjande
1824 1847 35 32 af
1870 1847 99 32 frost-

342 1885 191 41 ledningar,
570 1887 114 33 kunde
720 1890 33 32 få
776 1890 123 41 bidrag
921 1911 51 4 —
994 1892 136 33 förmält
1166 1893 50 40 sig
1239 1895 44 39 på
1307 1895 109 39 grund
1439 1895 34 31 af
1499 1907 131 21 vunnen
1654 1897 194 33 erfarenhet
1870 1898 100 32 hafva

343 1935 139 33 kommit
505 1937 51 32 till
581 1938 66 32 den
672 1940 234 42 öfvertygelse,
931 1946 50 28 att
1005 1944 86 31 det
1081 1931 21 56 i
1116 1944 184 32 allmänhet
1324 1956 80 22 vore
1432 1946 197 42 lämpligare
1651 1948 63 32 och
1728 1948 53 32 för
1797 1949 172 32 vissheten

344 1990 50 29 att
416 1988 342 34 understödsmedlen
781 1994 69 29 rätt
873 1994 172 31 användes
1069 2005 72 21 mer
1163 1994 245 42 betryggande,
1433 2008 53 20 om
1501 1998 468 42 vattenaftappningsföretag

342 2039 11 30 i
375 2039 248 33 vidsträcktare
647 2042 77 31 mån
751 2045 43 28 än
822 2042 129 39 hittills,
978 2045 225 40 synnerligast
1227 2046 90 31 inom
1332 2047 41 32 de
1386 2058 101 22 norra
1505 2049 111 39 länen,
1630 2051 85 31 varit
1728 2049 104 39 fallet,
1846 2050 123 32 under-

344 2090 137 32 stöddes
523 2092 146 32 medelst
706 2092 56 32 lån
785 2092 11 31 i
821 2092 113 32 stället
960 2094 53 31 för
1041 2095 77 32 med
1142 2096 119 40 anslag
1285 2101 85 28 samt
1392 2099 99 32 alltså
1523 2100 158 32 hemstält
1716 2110 53 21 om
1801 2100 167 41 ifrågava-

342 2141 106 31 rande
486 2142 136 41 anslags
656 2143 171 41 utgående
863 2144 76 31 med
974 2144 224 34 oförändradt
1220 2147 125 41 belopp
1370 2149 36 31 af
1426 2152 117 36 80,000
1578 2150 134 38 kronor,
1751 2150 63 32 har
1847 2152 119 41 Kongl.

342 2190 94 41 Maj:t
473 2193 28 40 ej
531 2193 109 33 funnit
678 2194 72 33 skäl
787 2205 82 22 vara
898 2195 53 33 för
974 2195 148 40 handen,
1146 2200 49 29 att
1218 2197 62 31 hos
1304 2198 196 43 Riksdagen
1523 2200 129 40 begära
1680 2200 112 33 denna
1816 2203 151 41 anslags-

341 2239 100 33 fonds
469 2242 160 41 höjande.
