1914 2782
325 152 18 27 8
709 148 275 32 Statsutskottets
999 150 173 32 utlåtande
1187 162 41 19 nr
1242 154 40 33 47
1298 151 36 31 år
1348 155 81 29 1966

646 228 107 31 skilda
777 228 175 32 kulturella
977 230 155 31 ändamål
1156 231 51 31 för
1231 231 198 40 budgetåret
1455 233 141 36 1966/67
1621 233 115 33 anvisa
1761 238 51 28 ett

646 281 333 41 reservationsanslag
996 294 41 20 av
1058 286 36 28 14
1107 286 59 29 500
1180 287 60 28 000
1256 284 48 32 kr.

728 460 136 41 Arkiv,
887 460 201 42 bibliotek,
1110 471 159 25 museer
1288 473 50 24 m.
1353 473 51 25 m.

365 563 84 39 14:0)
476 563 241 33 Riksarkivet:
735 566 226 40 Avlöningar.
990 567 17 31 I
1024 567 142 40 enlighet
1182 568 76 31 med
1274 568 123 40 Kungl.
1413 568 119 40 Maj:ts
1548 570 121 40 förslag
1686 571 124 39 (punkt

325 615 28 31 B
367 618 48 34 14,
432 626 25 21 s.
475 616 149 41 49—59),
645 617 105 33 vilket
767 618 136 32 innebär
919 631 41 19 en
977 631 43 20 av
1038 620 278 40 omorganisation
1335 622 61 31 och
1416 622 65 31 viss
1499 624 309 37 personalförstärk-

324 668 78 40 ning
419 669 169 32 föranledd
606 671 253 41 anslagsökning
876 673 76 31 med
969 676 60 28 442
1042 677 59 28 000
1119 674 59 37 kr.,
1195 674 188 32 hemställer
1400 675 177 38 utskottet,

685 729 53 27 att
754 724 173 41 riksdagen
943 726 55 32 må

684 778 34 41 a)
746 778 198 41 bemyndiga
962 780 122 40 Kungl.
1100 780 105 39 Maj:t
1220 785 53 27 att
1289 782 102 31 ändra
1408 782 400 41 personalförteckningen

641 831 52 32 för
716 831 196 33 riksarkivet
937 833 9 31 i
970 833 142 40 enlighet
1134 835 77 30 med
1235 835 65 31 vad
1325 835 10 30 i
1358 835 362 40 statsrådsprotokollet
1744 837 63 31 för-

641 886 125 37 ordats;

680 938 36 41 b)
740 939 175 40 godkänna
937 940 144 39 följande
1103 941 242 40 avlöningsstat
1367 941 50 32 för
1439 942 206 38 riksarkivet,
1669 947 52 28 att
1745 944 63 31 till-

638 992 127 39 lämpas
784 992 65 32 tills
868 992 113 33 vidare
1000 993 38 31 fr.
1059 1004 21 21 o.
1102 1005 33 20 m.
1155 994 198 40 budgetåret
1375 996 152 35 1966/67:

1032 1101 375 41 Avlöningsstat

639 1171 27 28 1.
698 1169 202 40 Avlöningar
921 1170 49 32 till
992 1171 160 32 ordinarie
1175 1172 213 39 tjänstemän,
1409 1174 189 40 förslagsvis
1643 1179 15 28 1
1675 1180 56 27 121
1746 1180 59 29 300

637 1224 29 28 2.
698 1222 155 31 Arvoden
869 1223 61 31 och
947 1224 157 32 särskilda
1120 1225 231 41 ersättningar,
1367 1227 172 33 bestämda
1556 1240 42 20 av

699 1274 122 41 Kungl.
835 1275 114 40 Maj:t,
963 1277 188 40 förslagsvis
1172 1304 418 8 ..........ssiossorsers
1713 1286 19 28 2
1747 1287 58 28 100

635 1331 30 28 3.
697 1328 203 41 Avlöningar
918 1329 50 32 till
987 1330 92 41 övrig
1098 1330 249 34 icke-ordinarie
1366 1335 149 37 personal
1543 1361 46 5 ...
1642 1339 89 28 1165
1744 1340 60 28 600

1389 1404 135 32 Summa
1547 1406 47 30 kr.
1638 1409 92 29 2289
1743 1411 60 28 000

677 1478 31 41 c)
727 1478 48 32 till
790 1479 226 33 Riksarkivet:
1030 1481 204 40 Avlöningar
1248 1482 51 32 för
1314 1483 197 41 budgetåret
1530 1486 141 35 1966/67
1689 1487 114 32 anvisa

634 1535 51 27 ett
701 1531 250 42 förslagsanslag
967 1545 42 20 av
1027 1537 18 28 2
1058 1537 59 29 289
1131 1538 60 28 000
1209 1535 48 31 kr.

355 1654 85 39 15:0)
480 1655 241 32 Riksarkivet:
752 1656 272 34 Omkostnader.
1064 1659 17 31 I
1109 1659 144 40 enlighet
1280 1661 76 31 med
1383 1661 122 41 Kungl.
1534 1663 120 39 Maj:ts
1683 1664 119 40 förslag

318 1706 123 40 (punkt
460 1707 28 31 B
503 1710 48 34 15,
566 1718 26 21 s.
611 1711 40 28 59
672 1719 29 21 o.
722 1709 65 40 60),
806 1709 103 32 vilket
927 1710 136 33 innebär
1081 1723 39 20 en
1140 1713 254 41 anslagsökning
1411 1715 75 31 med
1505 1718 38 28 33
1557 1719 59 28 000
1635 1716 58 38 kr.,
1712 1717 89 31 hem-

315 1760 111 31 ställer
445 1760 175 38 utskottet,

675 1820 54 27 att
747 1816 173 40 riksdagen
941 1818 55 30 må
1015 1818 49 31 till
1084 1818 226 32 Riksarkivet:
1330 1820 244 32 Omkostnader
1592 1822 51 31 för
1662 1823 138 40 budget-

633 1869 73 31 året
723 1870 139 35 1966/67
879 1870 115 32 anvisa
1009 1875 49 27 ett
1074 1872 250 41 förslagsanslag
1339 1885 42 20 av
1397 1877 60 28 255
1470 1878 59 28 000
1545 1876 48 31 kr.

352 1986 85 40 16:0)
463 1987 242 33 Riksarkivet:
721 1989 115 40 Inköp
851 2001 43 20 av
908 1990 189 33 arkivalier
1112 1992 68 31 och
1194 1993 136 40 tryckta
1345 1995 145 31 arbeten
1506 2002 90 25 samt
1609 1997 191 39 utgivande

310 2050 41 20 av
367 2039 230 32 källskrifter.
625 2040 19 31 I
661 2041 143 40 enlighet
819 2043 76 30 med
911 2042 123 41 Kungl.
1050 2044 120 39 Maj:ts
1187 2045 121 41 förslag
1325 2047 123 39 (punkt
1464 2048 27 30 B
1506 2051 47 34 16,
1570 2059 25 21 s.
1612 2050 66 39 61),
1696 2050 102 31 vilket

313 2091 137 32 innebär
467 2103 40 20 en
524 2092 153 32 minskad
694 2094 297 42 medelsanvisning
1007 2097 75 31 med
1099 2100 18 28 5
1130 2100 60 29 000
1207 2098 59 38 kr.,
1284 2099 187 32 hemställer
1488 2101 177 38 utskottet,

673 2151 53 27 att
748 2147 172 41 riksdagen
943 2150 55 31 må
1021 2150 49 31 till
1094 2151 226 32 Riksarkivet:
1341 2153 109 40 Inköp
1471 2164 43 20 av
1538 2154 175 31 arkivalier
1737 2156 61 30 och

631 2200 135 39 tryckta
785 2200 137 32 arbeten
940 2207 90 26 samt
1047 2204 181 38 utgivande
1249 2216 43 20 av
1312 2205 198 40 källskrifter
1530 2207 50 32 för
1599 2208 198 40 budgetåret

632 2254 143 36 1966/67
790 2254 113 32 anvisa
920 2259 51 27 ett
985 2257 332 41 reservationsanslag
1332 2270 42 20 av
1393 2262 36 28 14
1442 2263 60 28 000
1517 2261 48 32 kr.

350 2358 84 40 17:0)
475 2359 280 31 Landsarkiven:
786 2360 227 41 Avlöningar.
1053 2362 17 31 I
1099 2363 144 40 enlighet
1272 2365 75 31 med
1376 2365 122 41 Kungl.
1526 2366 120 40 Maj:ts
1677 2368 119 41 förslag

311 2410 124 39 (punkt
451 2411 28 31 B
495 2414 46 34 17,
558 2421 25 22 s.
600 2414 38 28 61
656 2423 29 20 o.
704 2412 65 40 62),
786 2412 102 32 vilket
906 2413 137 33 innebär
1059 2426 39 20 en
1116 2416 254 41 anslagsökning
1386 2419 75 31 med
1480 2422 58 28 179
1551 2423 60 28 000
1629 2421 57 37 kr.,
1705 2421 90 31 hem-

310 2464 110 31 ställer
436 2464 176 37 utskottet,
