2212 2655
412 190 58 31 160
938 191 230 29 Statsutskottets
1196 191 151 29 Utlåtande
1370 191 56 29 N:o
1448 192 28 28 9.

1045 527 334 38 Reservationer:

510 633 60 36 vid
610 632 158 50 punkten
810 631 74 44 4:o)
925 631 203 47 (angående
1167 632 155 48 höjning
1361 630 41 38 af
1438 632 167 46 anslaget
1644 631 57 36 till
1742 630 273 48 domkapitlens

409 684 254 47 expeditioner
688 697 47 21 m.
763 683 77 45 m.):

509 733 41 37 af
573 734 128 37 herrar
727 733 41 37 P.
796 733 170 45 Pehrson,
997 732 37 39 C.
1062 733 163 47 Persson,
1254 733 48 37 D.
1333 733 152 38 Persson
1514 733 69 37 och
1610 733 41 36 P.
1686 731 144 45 Olsson;

509 785 41 37 af
573 786 84 36 herr
685 785 37 37 S.
754 784 41 38 G.
825 798 67 24 von
919 785 162 37 Friesen:

515 837 35 36 »I
576 836 243 38 förenämnda
846 844 106 29 ämne
979 836 147 46 yttrade
1157 838 94 35 1895
1282 836 57 37 års
1367 836 236 37 statsutskott
1629 835 178 48 följande:

513 904 12 15 »
533 889 190 37 Utskottet
749 887 206 48 medgifver
982 889 226 47 visserligen,
1236 893 55 32 att
1318 888 45 36 de
1389 887 217 38 nuvarande
1633 886 381 50 aflöningsförhållan-

408 940 95 37 dena
533 940 59 37 för
619 941 273 46 domkapitlens
919 941 220 46 tjenstemän
1168 947 61 29 äro
1259 940 200 46 olämpliga
1486 939 72 37 och
1585 939 230 46 otidsenliga,
1842 952 85 23 men
1955 952 60 22 an-

407 1005 58 24 ser
505 992 106 46 dock,
651 997 54 31 att
745 1005 44 23 en
830 992 185 46 reglering
1042 991 40 36 af
1106 991 104 37 dessa
1236 990 267 47 förhållanden,
1530 991 98 36 huru
1656 990 185 37 önskvärd
1869 990 71 37 den
1968 998 44 28 än

406 1044 61 36 må
506 1058 99 32 vara,
645 1044 78 36 icke
764 1044 67 36 bör
871 1044 150 36 komma
1060 1044 59 35 till
1147 1043 116 45 stånd,
1291 1042 39 37 så
1357 1044 108 45 länge
1492 1042 131 47 frågan
1652 1056 60 23 om
1740 1042 274 48 domkapitlens

407 1096 316 47 omorganisation
751 1103 100 28 ännu
878 1094 75 37 står
979 1094 48 48 på
1055 1094 279 48 dagordningen
1363 1095 68 36 och
1458 1099 132 32 väntar
1617 1094 55 36 sin
1699 1094 158 46 lösning.
1910 1093 105 36 Först

408 1148 91 36 efter
526 1146 292 50 genomförande
846 1145 40 36 af
912 1160 44 22 en
984 1146 114 36 sådan
1127 1147 326 45 omorganisation,
1480 1146 152 36 hvilken
1650 1145 106 37 torde
1775 1146 128 35 kunna
1917 1145 98 36 med-

406 1197 80 37 föra
526 1212 44 23 en
610 1198 181 47 väsentlig
835 1196 218 48 förändring
1079 1198 12 35 i
1119 1196 339 49 stiftsstyrelsernas
1498 1195 414 46 verksamhetsområde,
1940 1196 74 36 kan

406 1263 87 22 man
532 1249 59 36 för
629 1248 124 47 någon
792 1249 128 46 längre
947 1248 152 36 framtid
1126 1249 163 36 beräkna
1316 1248 104 36 dessa
1447 1249 189 45 styrelsers
1664 1247 115 37 behof
1802 1246 41 37 af
1865 1248 149 47 tjenste-

406 1300 143 37 biträde
586 1306 96 31 samt
709 1299 91 37 efter
827 1299 232 48 göromålens
1087 1305 58 31 art
1171 1300 70 36 och
1269 1299 151 47 omfång
1447 1299 146 47 afpassa
1618 1300 313 45 tjenstemännens
1959 1298 54 36 af-

406 1351 345 49 löningsförmåner.
805 1351 69 36 Det
904 1351 114 36 måste
1045 1350 155 37 sålunda
1227 1350 172 37 förefalla
1426 1351 202 46 oegentligt
1655 1356 63 39 att,
1745 1351 114 35 innan
1880 1348 135 37 omför-

406 1403 124 37 mälda
571 1403 247 37 embetsverks
859 1403 250 45 organisation
1149 1401 123 38 blifvit
1299 1403 184 36 definitivt
1508 1401 179 46 faststäld,
1715 1402 204 36 bestämma
1947 1401 67 36 dit-

405 1454 166 37 hörande
598 1455 238 46 tjenstemäns
865 1455 101 35 antal
995 1454 67 36 och
1089 1454 142 47 reglera
1260 1454 104 37 deras
1387 1454 118 44 löner;
1533 1454 69 35 och
1621 1453 46 36 då
1686 1466 45 24 en
1750 1453 113 36 sådan
1884 1452 128 47 åtgärd

405 1512 91 30 utan
536 1506 130 37 tvifvel
705 1505 125 37 kunde
870 1506 151 36 komma
1061 1510 53 31 att
1154 1506 113 36 verka
1306 1505 209 37 hindrande
1555 1504 58 37 för
1652 1504 291 49 genomförande
1978 1503 40 37 af

406 1557 187 44 reformer,
620 1570 80 23 som
726 1558 102 35 inom
855 1556 284 47 ifrågavarande
1165 1556 341 47 förvaltningsgren
1534 1569 109 32 synas
1670 1569 91 24 vara
1788 1557 11 34 i
1826 1556 74 46 hög
1920 1555 93 48 grad

406 1608 41 37 af
482 1608 173 38 behofvet
693 1607 205 48 påkallade,
939 1609 121 35 finner
1099 1609 55 46 sig
1181 1609 179 36 utskottet
1386 1608 79 36 icke
1493 1608 90 36 böra
1609 1608 188 45 tillstyrka
1824 1606 104 38 bifall
1955 1607 58 36 till

406 1660 133 47 Kongl.
580 1659 102 47 Maj:t
721 1658 245 38 förevarande
1005 1659 282 46 framställning.
1339 1659 190 37 Utskottet
1567 1659 212 36 hemställer
1811 1658 118 45 alltså,
1959 1663 54 31 att

405 1711 99 37 hvad
531 1710 135 48 Kongl.
678 1710 119 49 Maj:ts
824 1711 119 36 under
962 1711 323 46 anslagsrubriken
1313 1710 292 47 »domkapitlens
1626 1710 272 49 expeditioner»
1922 1710 90 35 före-

405 1763 111 48 slagit
542 1763 80 36 icke
650 1762 61 37 må
738 1761 41 37 af
803 1762 211 47 Riksdagen
1040 1762 176 36 bifallas.>

505 1813 53 36 På
593 1814 45 35 de
674 1813 40 36 af
739 1815 270 35 statsutskottet
1037 1813 155 36 sålunda
1220 1813 152 48 angifna
1399 1814 80 35 skäl
1505 1814 68 35 har
1594 1814 66 45 jag
1687 1818 119 32 ansett
1833 1813 180 36 utskottet

405 1865 90 36 böra
521 1865 203 45 hemställa,

907 1921 53 31 att
997 1915 134 47 Kongl.
1166 1915 118 47 Maj:ts
1320 1915 283 47 ifrågavarande
1630 1915 275 47 framställning
1932 1915 80 35 icke

806 1966 60 37 må
893 1967 41 36 af
957 1967 209 46 Riksdagen
1193 1966 186 46 bifallas»;

506 2070 61 37 vid
592 2070 159 48 punkten
778 2069 77 42 5:0)
885 2067 206 51 (angående
1119 2069 250 48 ålderstillägg
1389 2068 57 37 för
1465 2069 45 37 de
1530 2069 185 37 ordinarie
1734 2068 276 50 professorerna

405 2135 46 22 m.
478 2122 35 35 fl.
540 2121 63 37 vid
629 2121 263 37 universiteten
920 2122 11 34 i
960 2121 140 48 Upsala
1127 2121 69 36 och
1224 2121 140 45 Lund):

507 2172 39 37 af
579 2173 127 36 herrar
745 2172 37 36 P.
813 2173 167 44 Pehrson,
1010 2171 38 38 S.
1080 2171 41 38 G.
1150 2185 67 24 von
1245 2172 158 42 Friesen,
1434 2170 37 38 €C.
1500 2173 162 44 Persson,
1692 2170 41 38 O.
1768 2172 166 44 Larsson,
1967 2171 43 36 D.

408 2224 159 45 Persson,
608 2223 35 37 J.
672 2225 43 35 A.
742 2223 73 49 Sjö,
847 2223 41 37 G.
918 2222 149 50 Odqvist
1094 2224 68 35 och
1191 2224 39 36 P.
1264 2222 137 47 Olsson,
1429 2223 128 37 hvilka
1585 2227 127 41 ansett,
1740 2228 54 30 att
1812 2223 198 35 utskottets

404 2275 173 44 yttrande
605 2275 67 36 och
700 2274 141 47 förslag
868 2275 84 36 bort
977 2274 113 38 hafva
1117 2274 163 46 följande
1306 2274 155 50 lydelse:
