2217 2652
416 200 57 27 162
942 196 232 29 SNtutsulskottets
1203 196 151 28 Utlåtande
1379 192 56 31 N:o
1460 194 26 29 9.

916 281 54 30 att
996 275 134 47 Kongl.
1157 274 119 48 Maj:ts
1305 287 50 22 nu
1381 271 242 39 förevarande
1650 271 274 45 framställning
1942 269 81 37 icke

814 326 60 38 må
901 326 41 37 af
964 327 211 46 Riksdagen
1201 325 177 38 bifallas.»

514 433 60 36 vid
603 432 157 48 punkten
798 431 95 43 19:0)
928 429 203 48 (angående
1158 430 156 48 höjning
1341 428 40 38 af
1404 429 166 46 anslaget
1597 428 58 36 till
1682 428 114 47 högre
1821 427 124 36 skolor
1963 425 60 37 för

412 485 142 46 qvinlig
580 481 194 49 ungdom):

514 536 41 36 at
590 537 127 35 herrar
760 536 44 35 MH.
849 536 35 35 P.
924 536 38 35 P.
1003 535 127 36 Tamm
1169 534 68 36 och
1275 532 38 38 C.
1342 532 35 36 J.
1410 531 41 38 G.
1481 531 148 46 Swartz,
1659 531 127 37 hvilka
1813 536 127 38 ansctt,
1969 535 54 31 att

414 587 70 37 den
527 590 8 34 i
576 589 68 35 litt.
685 586 33 41 e)
759 587 13 36 i
811 601 109 22 mom.
955 587 31 45 I)
1030 585 40 37 af
1094 586 196 36 utskottets
1317 584 138 46 förslag
1482 585 151 45 intagna
1660 583 255 36 bestämmelse
1942 582 80 36 icke

412 640 85 36 bort
524 640 130 47 inflyta
681 639 114 36 bland
823 638 213 49 grunderna
1063 637 57 37 för
1148 636 216 48 åtnjutande
1392 635 40 37 af
1458 635 200 37 understöd
1676 634 83 36 från
1778 633 244 38 förenämnda

413 692 138 45 anslag.

514 794 61 36 vid
607 793 159 48 punkten
804 793 101 41 80:0)
951 790 205 48 (angående
1183 791 112 47 inköp
1325 790 41 36 af
1390 803 46 23 en
1464 789 157 37 folkbok
1649 788 159 37 rörande
1836 787 45 36 de
1909 788 114 46 ätliga

412 841 251 50 svamparna):

515 895 40 37 af
579 897 84 35 herr
690 895 50 36 H.
770 896 40 35 P.
844 895 38 36 P.
915 895 146 42 Tamm;

516 947 40 36 af
581 948 84 35 herr
693 946 50 37 N.
771 946 139 45 Fosser,
938 959 77 23 som
1046 950 128 40 ansett,
1202 951 54 30 att
1283 946 198 35 utskottets
1499 944 176 49 yttrande
1695 943 66 36 och
1780 942 139 46 förslag
1939 942 86 36 bort

415 998 112 38 hafva
553 998 165 49 följande
744 998 156 49 lydelse:

519 1051 101 36 »Den
648 1050 40 36 af
714 1052 90 34 1901
846 1049 58 36 års
939 1048 161 49 Riksdag
1131 1047 134 37 äskade
1298 1047 200 47 utredning
1526 1046 188 47 angående
1742 1044 281 49 ifrågavarande

414 1103 141 36 arbetes
584 1101 279 38 användbarhet
890 1100 119 37 såsom
1037 1099 182 47 underlag
1241 1098 58 37 för
1318 1098 268 46 undervisning
1604 1097 63 37 vid
1687 1098 111 35 rikets
1817 1095 207 38 folkskolor

414 1155 68 34 och
518 1155 97 35 vissa
642 1153 116 35 andra
785 1153 259 34 läroanstalter
1071 1150 190 47 angående
1288 1163 240 33 svamparnas
1555 1148 285 47 igenkännande
1867 1148 67 35 och
1962 1161 62 22 an-

413 1204 191 47 vändning
630 1203 125 44 måste,
789 1202 45 49 på
861 1209 70 29 sätt
960 1200 400 49 departementschefen
1387 1202 13 35 i
1427 1202 62 35 sitt
1517 1199 205 37 anförande
1747 1200 58 35 till
1832 1198 192 36 statsråds-

413 1256 226 48 protokollet
678 1254 213 42 framhållit,
932 1266 105 23 anses
1074 1252 109 37 hafva
1219 1251 107 49 gifvit
1357 1252 63 36 vid
1448 1252 156 44 banden,
1633 1256 54 31 att
1713 1251 153 44 arbetet,
1893 1250 129 35 åtmin-

414 1313 104 30 stone
545 1306 132 37 sådant
704 1306 203 36 detsamma
934 1306 11 35 i
965 1304 232 36 omarbetadt
1217 1304 68 36 och
1305 1303 196 47 utvidgadt
1520 1303 103 36 skick
1642 1315 155 23 numera
1815 1301 207 49 föreligger,

413 1359 80 35 icke
521 1366 39 28 är
586 1357 58 37 för
673 1357 155 37 berörda
854 1356 174 36 ändamål
1055 1356 180 46 lämpligt.
1276 1354 56 36 Då
1358 1355 63 36 vid
1447 1354 165 36 nämnda
1638 1353 150 47 riksdag
1807 1352 117 36 såsom
1944 1353 78 34 skäl

415 1409 58 36 för
509 1409 62 36 det
611 1408 46 36 då
697 1407 219 37 frarostälda
955 1406 177 47 förslaget
1168 1420 60 22 om
1264 1405 209 47 beviljande
1508 1405 40 36 af
1577 1405 221 45 statsanslag
1824 1403 58 36 för
1909 1404 113 46 inköp

415 1460 39 36 af
493 1463 106 43 7,000
636 1460 191 47 exemplar
867 1458 39 36 af
945 1459 141 36 arbetet
1120 1458 138 46 jemväl
1290 1456 205 46 framhölls,
1536 1461 55 31 att
1622 1457 216 46 härigenom
1866 1455 158 36 arbetets

415 1511 217 47 utgifvande
682 1512 119 35 skulle
848 1511 209 47 betryggas,
1107 1522 106 23 anser
1263 1510 54 46 sig
1361 1510 182 34 utskottet
1586 1509 91 35 böra
1722 1508 121 35 erinra
1887 1506 137 44 derom,

415 1568 54 30 att
504 1575 153 23 numera
684 1561 124 37 blifvit
835 1563 11 34 i
874 1561 151 36 ärendet
1052 1561 161 48 upplyst,
1241 1566 55 29 att
1323 1560 142 36 arbetet
1491 1559 115 36 redan
1633 1557 123 37 blifvit
1784 1559 10 34 i
1823 1559 56 34 sin
1905 1557 119 35 utvid-

414 1614 93 49 gade
534 1613 98 37 form
659 1612 84 37 från
769 1613 146 48 trycket
942 1611 158 47 utgifvet
1128 1611 69 36 och
1225 1616 54 30 att
1305 1610 41 36 af
1371 1611 204 36 detsamma
1602 1610 31 47 ej
1662 1609 145 36 mindre
1826 1617 46 27 än
1894 1610 130 42 20,000

415 1666 189 47 exemplar
630 1663 157 38 försålts.
839 1663 83 37 Med
951 1662 170 37 afseende
1147 1662 90 36 härå
1264 1663 68 35 och
1360 1662 47 36 då
1434 1662 225 45 tillräckliga
1686 1661 78 36 skäl
1792 1666 63 39 alt,
1883 1658 140 38 oafsedt

415 1717 98 36 hvad
553 1715 156 37 sålunda
748 1715 247 43 förekommit,
1028 1714 135 47 bevilja
1190 1714 222 45 statsanslag
1439 1713 59 36 för
1524 1712 192 36 inlösande
1743 1711 41 36 af
1807 1712 89 35 visst
1923 1710 102 36 antal

415 1768 190 45 exemplar
644 1766 40 36 af
721 1767 140 36 arbetet
901 1767 115 44 enligt
1056 1766 196 35 utskottets
1293 1765 150 45 mening
1470 1765 80 35 icke
1576 1763 124 37 blifvit
1727 1762 164 45 anförda,
1928 1762 97 35 hem-

415 1819 124 36 ställer
567 1818 187 45 utskottet,

917 1872 55 31 att
998 1867 133 46 Kongl.
1158 1866 119 46 Maj:ts
1304 1866 245 37 förevarande
1576 1865 274 47 framställning
1869 1864 79 36 icke
1968 1862 58 37 må

817 1918 40 37 af
883 1918 211 46 Riksdagen
1121 1917 177 36 bifallas.»

515 2023 60 36 vid
602 2023 159 47 punkten
791 2020 118 46 119:o0)
938 2020 204 49 (angående
1168 2019 211 37 tidskriften
1408 2018 138 43 Sfinx):

516 2073 40 36 af
580 2074 84 35 herr
693 2073 39 37 O.
761 2073 175 46 Larsson,
965 2085 79 23 som
1070 2072 119 48 yrkat,

918 2129 55 30 att
991 2123 84 36 herr
1094 2122 195 48 Nyströms
1313 2121 285 50 ifrågavarande
1612 2121 142 36 motion
1769 2121 80 35 icke
1863 2119 113 37 måtte
1991 2118 40 37 af

819 2175 208 46 Riksdagen
1056 2173 160 37 bifallas.

517 2279 62 35 vid
605 2279 158 46 punkten
795 2277 119 44 125:0)
943 2274 207 49 (angående
1177 2275 239 37 Stockholms
1445 2272 312 47 alkoholisthem):
