2206 2639
715 177 227 31 Statsutskotlets
972 177 149 30 Utlåtande
1146 180 57 27 N:o
1226 178 26 29 9.
1754 177 36 30 65

584 256 250 37 förordnande
861 257 205 48 uppehållit
1095 270 42 23 en
1167 256 346 46 lektorsbefattning
1541 256 61 37 vid
1629 255 164 37 nämnda

585 309 228 36 läroanstalt.

284 409 113 36 Bifall
431 411 58 35 till
522 411 97 36 hvad
648 412 12 34 i
687 412 167 45 punkten
883 408 93 47 2ö:0)
1006 410 206 49 föreslagits
1240 410 210 36 föranleder
1476 411 80 35 icke
1582 410 123 46 någon
1734 411 58 34 ök-

183 461 90 46 ning
301 460 42 36 af
366 462 166 47 anslaget
559 462 58 35 till
645 462 44 35 de
714 463 171 35 tekniska
911 462 227 45 läroverken,
1166 462 201 44 hvaremot,
1395 461 62 37 vid
1484 460 108 37 bifall
1618 462 57 35 till
1695 460 98 37 hvad

183 513 180 34 utskottet
390 513 13 35 i
429 514 211 45 punkterna
669 512 97 47 23:0)
794 514 69 35 och
893 511 92 48 24:0)
1014 513 183 44 hemstält,
1225 512 163 37 nämnda
1408 513 137 45 anslag,
1564 526 51 22 nu
1636 514 154 44 503,475

183 564 146 42 kronor,
351 565 165 35 kommer
534 569 54 31 att
607 565 88 35 ökas
715 564 83 37 med
817 565 158 48 tillhopa
998 566 129 44 14,800
1143 565 138 35 kronor
1296 565 89 35 eller
1399 565 55 35 till
1472 566 155 43 518,275
1644 564 148 36 kronor.

652 718 361 36 Naturhistoriska
1040 718 282 37 riksmuseum.

287 818 95 49 26:0)
424 821 130 46 Kongl.
595 821 100 46 Maj:t
734 822 68 35 har
837 820 191 50 föreslagit
1063 821 209 46 Riksdagen
1301 826 53 31 att
1382 822 74 35 dels
1483 820 47 48 på
1556 821 236 36 riksmuseets

184 872 184 36 ordinarie
395 877 71 31 stat
493 873 57 35 till
578 873 163 46 aflöning
769 873 37 36 åt
834 886 44 23 en
905 873 193 36 intendent
1124 874 12 35 i
1164 874 178 46 etnografi
1363 873 135 47 bevilja
1518 875 105 42 5,000
1643 874 148 42 kronor,

185 924 106 36 deraf
315 925 107 42 4,000
450 924 138 35 kronor
615 925 62 35 lön
706 924 69 36 och
805 927 104 42 1,000
937 925 138 35 kronor
1101 925 481 48 tjenstgöringspenningar,
1611 924 83 36 med
1718 928 74 31 rätt

183 976 58 34 till
282 974 249 48 ålderstillägg
570 976 12 34 i
622 975 116 36 likhet
777 975 84 36 med
900 976 234 35 riksmuseets
1171 975 117 48 öfriga
1323 975 242 46 intendenter,
1596 988 81 23 men
1707 975 85 36 med

184 1026 210 49 skyldighet
422 1031 62 40 att,
513 1026 119 36 derest
659 1027 12 35 i
698 1025 197 37 framtiden
925 1027 248 45 etnografiska
1199 1026 236 48 afdelningen
1463 1027 121 47 skiljes
1603 1026 82 36 från
1704 1027 87 35 riks-

184 1084 141 29 museet
365 1077 66 36 och
470 1077 146 36 förenas
652 1077 84 36 med
772 1082 50 31 ett
851 1077 245 46 sjelfständigt
1124 1078 239 45 etnografiskt
1391 1091 177 31 museum,
1597 1076 86 49 afgå
1709 1077 83 36 från

184 1127 479 47 intendentsbefattningen,
703 1136 67 28 när
806 1128 133 47 Kongl.
971 1128 101 47 Maj:t
1098 1128 39 36 så
1163 1128 204 48 påfordrar,
1395 1129 69 35 och
1490 1130 13 35 i
1529 1129 123 36 stället
1679 1128 113 37 öfver-

184 1185 86 39 taga
310 1179 255 46 befattningen
605 1179 120 37 såsom
760 1178 249 38 föreståndare
1044 1179 58 36 för
1132 1179 281 48 ifrågavarande
1441 1180 249 47 etnografiska
1716 1193 77 22 mu-

184 1243 111 32 seum,
330 1232 73 34 dels
435 1232 60 35 ock
521 1230 197 47 medgifva,
747 1236 63 40 att,
840 1244 59 23 om
927 1231 215 36 nuvarande
1169 1230 277 37 föreståndaren
1474 1231 57 36 för
1557 1232 235 35 riksmuscets

184 1282 249 45 etnografiska
461 1281 190 48 afdelning
677 1281 184 48 förflyttas
888 1283 58 35 till
972 1281 468 47 intendentsbefattningen
1467 1283 11 34 i
1507 1283 191 46 etnografi,
1717 1282 75 35 han

184 1333 59 35 må
270 1335 10 33 i
309 1332 170 37 afseende
507 1332 20 37 å
553 1338 74 31 rätt
653 1333 59 35 till
745 1332 252 49 ålderstillägg
1023 1334 116 35 räkna
1166 1335 54 45 sig
1247 1334 58 35 till
1332 1333 96 47 godo
1457 1333 71 37 den
1554 1333 65 46 tid,
1647 1334 72 35 han
1746 1333 47 48 på

187 1384 250 36 förordnande
463 1384 168 37 innehaft
659 1384 519 47 föreståndarebefattningen.

286 1436 127 48 Enligt
452 1436 99 36 hvad
590 1436 12 35 i
643 1435 151 37 ärendet
833 1435 123 37 blifvit
991 1437 162 48 upplyst,
1182 1443 62 29 äro
1271 1436 283 36 intendenterna
1581 1436 63 36 vid
1670 1441 122 30 natur-

186 1487 197 36 historiska
423 1488 245 35 riksmusewm
708 1487 228 46 berättigade
975 1488 59 35 till
1068 1487 64 37 två
1158 1486 260 50 ålderstillägg,
1447 1487 198 37 hvartdera
1672 1487 20 36 å
1721 1488 71 35 500

185 1539 148 43 kronor,
362 1538 90 36 efter
478 1538 75 36 fem
581 1539 68 35 och
676 1539 51 35 tio
757 1538 57 36 års
841 1539 253 47 tjenstgöring.

286 1589 236 37 Beträffande
549 1590 123 35 skälen
701 1590 59 35 till
786 1589 243 37 förevarande
1056 1589 274 48 framställning
1356 1589 57 37 får
1435 1590 181 36 utskottet
1640 1590 153 36 hänvisa

185 1641 56 35 till
271 1640 413 49 statsrådsprotokollet,
712 1640 65 36 sid.
806 1642 208 36 227—233.

287 1743 54 36 De
368 1744 87 43 skäl,
484 1755 77 23 som
590 1742 140 36 anförts
758 1744 57 34 till
842 1743 82 35 stöd
951 1742 58 37 för
1035 1742 282 47 ifrågavarande
1343 1741 149 49 förslag,
1522 1755 108 36 synas
1654 1743 139 35 utskot-

187 1799 52 30 tet
278 1794 89 35 böra
403 1793 191 37 föranleda
631 1794 134 45 dertill,
793 1799 55 30 att
874 1793 256 47 befattningen
1158 1794 118 36 såsom
1305 1792 251 38 föreståndare
1582 1793 59 36 för
1667 1799 126 30 natur-

186 1846 197 35 historiska
422 1846 235 35 riksmuseets
698 1846 248 47 etnografiska
985 1846 200 46 samlingar
1224 1844 175 49 uppföres
1439 1845 20 36 å&
1495 1845 183 36 ordinarie
1711 1850 82 41 stat,

187 1896 129 36 dervid
343 1897 11 35 i
382 1896 378 37 öfverensstämmelse
787 1896 84 36 med
897 1896 135 48 Kongl.
1060 1897 118 48 Maj:ts
1206 1897 218 35 hemställan
1451 1897 106 35 torde
1584 1897 91 35 böra
1698 1897 95 35 stad-

186 1960 65 33 gas
287 1947 211 46 skyldighet
532 1947 58 36 för
620 1947 119 36 denne
766 1946 251 37 föreståndare
1045 1953 62 40 att,
1136 1948 119 36 derest
1281 1949 12 34 i
1319 1947 199 36 framtiden
1547 1948 246 46 etnografiska

187 1998 233 46 afdelningen
455 1999 123 46 skiljes
609 1998 82 36 från
718 1999 218 36 riksmuseet
963 1999 67 35 och
1057 1998 147 37 förenas
1231 1999 84 36 med
1343 2004 50 30 ett
1421 1998 245 47 sjelfständigt
1694 2004 99 32 etno-

188 2050 159 47 orafiskt
385 2063 179 32 museum,
591 2048 86 48 afgå
703 2049 82 36 från
814 2050 255 48 befattningen
1097 2051 60 36 vid
1186 2051 227 38 riksmuseet,
1440 2058 67 27 när
1534 2050 132 46 Kongl.
1694 2050 100 48 Maj:t

187 2100 38 37 så
264 2100 204 48 påfordrar,
509 2101 69 36 och
617 2102 13 34 i
661 2102 123 35 stället
815 2100 189 47 öfvertaga
1031 2101 255 47 befattningen
1314 2101 119 36 såsom
1460 2100 249 38 föreståndare
1736 2101 57 36 för

186 2151 284 48 ifrågavarande
497 2153 249 47 etnografiska
772 2165 177 23 museum.

288 2202 143 38 Genom
466 2203 282 47 ifrågavarande
774 2202 478 49 föreståndarebefattnings
1280 2202 219 49 förändring
1525 2204 58 36 till
1611 2203 182 37 ordinarie

188 2255 111 47 tjenst
340 2256 118 35 skulle
498 2254 105 37 äfven
644 2254 61 37 det
731 2254 321 37 missförhållande
1079 2256 147 34 komma
1256 2260 53 30 att
1337 2255 177 48 upphöra,
1543 2260 54 31 att
1624 2269 42 22 en
1696 2269 97 22 ama-

289 2319 64 26 Dih.
373 2320 43 25 till
433 2319 100 26 Riksd.
551 2320 76 25 Prot.
650 2319 81 27 1902.
767 2319 16 26 4
803 2320 84 26 Saml.
927 2321 12 23 1
961 2319 68 33 Afd.
1061 2320 16 25 9
1098 2319 77 34 IHäft.
1679 2319 15 26 2

1862 838 61 29 Aug.

1841 872 106 23 museets

1814 905 162 31 etnografiska

1827 939 130 30 afdelning.

1849 981 89 49 [24.]
