2212 2635
725 183 226 30 Statsutskotltets
979 184 151 29 Utlåtande
1152 185 57 29 N:o
1234 186 26 28 9.
1753 188 39 28 48

289 257 34 47 ec)
361 265 54 31 att
454 261 190 46 lärjungar
683 261 58 37 till
781 262 61 36 det
882 262 110 45 antal,
1033 275 78 23 som
1151 261 41 38 af
1224 262 133 47 Kongl.
1392 263 109 47 Maj:t,
1533 264 83 37 med
1647 265 145 48 hänsyn

189 316 109 53 tagen
339 312 59 35 till
437 312 102 36 såväl
579 313 256 37 understödets
871 291 134 69 belopp
1042 327 79 23 som
1148 315 137 35 antalet
1313 315 190 46 lärjungar
1530 316 67 36 och
1624 307 170 45 läsafdel-

187 363 134 46 ningar
360 363 64 37 vid
463 364 139 41 skolan,
643 365 229 42 bestämmes,
914 365 103 36 skola
1057 365 139 37 erhålla
1227 366 300 48 undervisning
1514 359 23 59 i
1559 368 130 35 skolan
1716 368 75 36 dels

187 414 261 37 kostnadsfritt
475 416 69 35 och
572 416 79 35 dels
679 422 78 30 mot
785 430 44 22 en
858 416 177 46 årsafeoift,
1064 430 78 22 som
1169 418 78 34 icke
1275 399 216 64 öfverstiger
1520 420 46 34 50
1594 420 151 43 kronor;

288 465 28 46 f)
344 470 55 31 att
426 466 92 47 årlig
545 467 194 36 berättelse
766 467 94 36 skall
888 466 154 47 afgifvas
1070 481 60 22 om
1157 468 147 36 skolans
1332 469 247 46 verksamhet;
1607 475 95 30 samt

289 518 41 46 og)
365 522 54 31 att
454 498 131 56 Skola
607 519 109 61 Skall
750 532 90 23 vara
878 519 249 36 underkastad
1169 519 70 36 den
1275 520 164 35 kontroll
1472 521 68 35 och
1568 499 44 58 (
1638 521 155 36 bestäm-

187 545 131 60 melser
345 569 11 35 i
384 568 122 47 öfrigt,
535 583 79 23 som
607 561 167 57 Kongl.
802 570 101 47 Maj:t
928 571 73 35 kan
1027 571 103 35 finna
1156 570 91 47 godt
1274 570 228 38 föreskrifva.

289 619 235 38 Beträffande
553 620 45 37 de
624 621 88 44 skäl,
740 621 48 49 på
815 622 126 35 hvilka
967 621 132 47 Kongl.
1127 622 119 48 Maj:ts
1273 622 156 37 berörda
1455 622 276 50 framställning
1754 631 39 28 är

188 671 181 49 grundad,
397 671 137 37 tillåter
561 673 55 47 sig
644 650 180 58 utskottet
843 673 152 36 hänvisa
1013 674 57 35 till
1086 673 405 49 statsrådsprotokollet
1505 674 64 36 sid.
1589 678 118 33 150—
1707 649 86 79 193.

287 773 17 36 I
331 774 269 47 sammanhang
626 775 152 36 härmed
806 775 67 35 har
899 776 180 36 utskottet
1105 777 58 35 till
1189 776 228 46 behandling
1443 775 159 37 förehaft
1628 790 44 23 en
1691 778 99 35 inom

188 824 130 36 Andra
343 825 225 37 Kammaren
595 826 108 39 väckt
730 826 141 36 motion
899 825 73 42 (n:o
1003 826 72 46 91),
1104 826 78 37 deri
1208 827 128 36 herrar
1362 827 42 36 F.
1432 827 96 46 Berg
1546 828 13 35 i
1577 826 216 38 Stockholm

188 876 68 35 och
294 876 43 36 E.
378 877 273 36 Hammarlund
686 876 199 47 föreslagit,
922 883 53 30 att
1007 878 208 46 Riksdagen
1242 878 114 36 måtte
1383 879 152 42 besluta,
1563 883 54 31 att
1644 878 40 36 af
1709 879 45 36 de
1781 881 12 34 i

187 927 166 47 punkten
385 929 43 34 19
466 928 120 36 under
622 928 149 36 åttonde
803 928 253 37 hufvudtiteln
1083 928 41 37 af
1147 929 133 46 Kongl.
1308 929 103 48 Maj:t
1436 929 208 46 föreslagna
1671 931 122 35 vilkor

187 977 59 37 för
285 979 311 36 statsunderstöds
636 979 217 36 tilldelande
893 979 35 37 åt
970 980 111 46 högre
1118 980 125 36 skolor
1277 979 58 37 för
1362 981 143 47 qvinlig
1530 981 166 45 ungdom
1724 982 68 35 och

186 1030 96 35 vissa
308 1031 205 35 samskolor
541 1030 61 37 det
629 1030 117 36 under
773 1044 109 22 mom.
910 1028 31 47 c)
970 1037 190 42 upptagna
1187 1032 159 35 vilkoret
1372 1031 114 37 måtte
1512 1032 98 46 utgå.

287 1080 16 36 I
342 1080 105 47 fråga
486 1095 60 22 om
588 1081 70 36 den
698 1082 58 35 till
796 1082 82 35 stöd
913 1081 58 36 för
1005 1081 175 47 förslaget
1207 1082 207 47 åberopade
1440 1084 270 45 motiveringen
1736 1083 57 36 får

187 1132 179 36 utskottet
394 1133 153 35 hänvisa
573 1133 58 35 till
657 1133 200 36 motionen.

287 1234 236 37 Beträffande
552 1234 175 47 förslaget
754 1249 60 22 om
842 1234 255 37 fastställande
1124 1234 40 37 af
1188 1236 13 35 i
1221 1236 96 36 vissa
1344 1235 197 37 afseenden
1568 1235 224 38 förändrade

187 1286 163 45 grunder
375 1285 59 37 för
462 1286 246 37 omförmälda
735 1287 142 35 skolors
904 1291 74 31 rätt
1005 1292 52 30 att
1084 1286 82 36 från
1193 1286 283 48 ifrågavarande
1502 1289 129 47 anslag
1651 1288 140 36 erhålla

188 1337 224 47 statsbidrag
438 1337 57 36 får
522 1339 179 35 utskottet
730 1337 129 37 anföra
886 1336 173 48 följande.

288 1389 190 45 Förslaget
510 1389 127 36 derom
665 1394 54 31 att
747 1389 44 36 de
823 1388 152 47 angifna
1011 1389 209 46 grunderna
1259 1390 119 36 skulle
1410 1390 108 47 gälla,
1547 1395 104 31 utom
1679 1391 112 46 högre

188 1439 126 36 skolor
340 1439 57 36 för
425 1441 142 47 qvinlig
593 1440 178 47 ungdom,
794 1439 106 38 äfven
919 1441 98 35 vissa
1035 1441 204 35 samskolor
1257 1440 118 46 gifver
1394 1441 178 36 utskottet
1591 1442 201 46 anledning

188 1492 131 44 erinra,
347 1496 64 40 att,
439 1491 47 36 då
511 1491 195 36 utlåtande
733 1492 68 35 och
828 1491 138 47 förslag
992 1492 158 35 rörande
1177 1491 44 36 de
1249 1492 189 35 allmänna
1473 1493 235 36 läroverkens
1736 1507 56 22 or-

187 1543 209 45 ganisation
432 1543 96 36 lärer
558 1556 90 23 vara
675 1547 54 31 att
754 1544 102 34 inom
883 1543 85 35 kort
993 1541 172 38 förvänta
1191 1542 82 36 från
1302 1543 70 36 den
1399 1542 58 36 för
1484 1543 211 37 ändamålet
1721 1545 70 35 till-

187 1598 96 31 satta
309 1594 148 44 komité,
486 1594 67 35 och
581 1594 164 35 komitén
772 1593 106 36 torde
904 1594 128 35 kunna
1058 1599 129 31 väntas
1215 1594 129 36 dervid
1363 1593 108 37 äfven
1496 1593 138 47 afgifva
1651 1594 140 47 förslag

188 1657 61 22 om
277 1644 192 36 ordnande
497 1645 88 35 eller
612 1644 314 46 understödjande
954 1644 40 36 af
1017 1645 203 35 samskolor
1238 1644 20 36 å
1277 1650 106 39 orter,
1402 1645 144 37 hvilkas
1570 1644 220 48 folkmängd

187 1696 80 36 icke
295 1707 104 25 anses
426 1696 151 48 betinga
603 1695 260 37 bibehållande
891 1697 88 35 eller
1005 1696 210 36 inrättande
1243 1695 40 36 af
1307 1697 188 35 allmänna
1521 1698 179 41 läroverk,
1730 1698 61 36 det

187 1747 80 36 icke
304 1759 108 35 synes
444 1747 173 47 lämpligt
644 1752 55 30 att
723 1761 53 22 nu
803 1746 195 47 medgifva,
1028 1752 53 31 att
1107 1746 82 36 från
1218 1747 241 37 förevarande
1486 1749 137 45 anslag,
1651 1749 140 36 hvilket

187 1797 314 46 hufvudsakligen
536 1798 107 36 torde
677 1799 92 35 böra
805 1797 76 37 afse
909 1798 300 48 uppmuntrande
1236 1797 39 36 af
1298 1799 126 35 skolor
1449 1797 58 37 för
1534 1799 142 46 qvinlig
1702 1813 89 32 ung-

189 1848 96 46 dom,
321 1849 120 36 skulle
468 1850 128 35 kunna
622 1848 88 47 utgå
737 1849 201 36 understöd
966 1850 58 35 till
1052 1849 115 36 andra
1195 1850 203 35 samskolor
1426 1857 46 28 än
1500 1850 94 46 dem,
1622 1863 79 24 som
1727 1850 64 36 vid

189 1900 45 35 de
261 1913 73 35 nya
361 1900 230 46 grundernas
618 1900 180 36 trädande
824 1901 14 35 1
861 1901 238 47 tillämpning
1125 1900 111 36 redan
1268 1908 61 28 äro
1348 1902 13 34 i
1379 1901 217 46 åtnjutande
1623 1901 41 35 af
1689 1907 103 31 stats-

188 1951 132 46 bidrag
347 1951 82 36 från
456 1950 283 47 ifrågavarande
766 1952 138 45 anslag.

289 2002 202 37 Momentet
518 2003 32 45 ce)
579 2002 39 36 af
642 2002 133 48 Kongl.
794 2002 120 48 Maj:ts
941 2002 138 46 förslag
1104 2002 206 37 innehåller
1336 2004 96 35 vissa
1458 2003 46 47 på
1532 2003 61 37 det
1616 2003 175 37 erforder-

188 2055 77 46 liga
291 2055 274 45 statsanslagets
593 2055 135 47 belopp
756 2055 199 46 väsentligt
980 2054 226 36 inverkande
1231 2068 75 30 nya
1333 2055 129 35 vilkor.
1490 2055 74 35 Till
1592 2068 43 22 en
1659 2056 131 47 början

187 2104 152 37 föreslås
372 2106 195 45 nemligen,
596 2110 55 31 att
678 2104 291 37 statsunderstöd
996 2106 58 34 till
1081 2106 113 44 skola,
1221 2106 142 35 hvilket
1390 2106 114 45 enligt
1531 2107 260 35 motsvarande

188 2161 167 31 moment
381 2157 11 34 i
419 2170 51 22 nu
503 2156 171 46 gällande
710 2157 123 45 kongl.
862 2156 245 46 kungörelsen
1136 2156 70 36 den
1235 2158 44 34 29
1308 2157 72 47 maj
1414 2158 92 35 1596
1536 2158 74 34 kan
1638 2158 152 47 beviljas

188 2207 85 36 med
303 2208 105 45 högst
437 2209 45 34 30
511 2209 139 34 kronor
677 2206 58 37 för
763 2208 90 36 hvar
881 2208 67 35 och
968 2220 44 23 en
1031 2206 40 37 af
1087 2208 146 35 skolans
1253 2208 190 47 lärjungar
1457 2209 12 34 i
1484 2208 187 36 klasserna
1690 2208 101 37 öfver

190 2259 44 36 de
262 2258 277 46 förberedande,
568 2258 93 37 dock
689 2259 84 36 med
801 2259 107 46 högst
936 2260 106 44 3,000
1066 2259 138 35 kronor
1221 2259 57 35 till
1298 2259 128 48 hvarje
1444 2259 114 45 skola,
1575 2259 216 37 hädanefter
