2200 2628
414 133 37 30 16
886 128 228 42 Lagutskottets
1138 126 160 31 utlåtande
1321 124 54 32 N»
1397 125 52 30 27.

525 206 139 51 (Kungl.
687 213 119 40 Maj:ts
829 211 152 41 förslag.)

372 322 233 42 bestämmer,
641 316 247 39 förordnande
921 317 114 46 enligt
1068 316 20 33 2
1118 313 22 44 $

373 385 59 23 om
452 383 129 24 varans
600 368 195 37 avstående
814 368 57 35 till
888 367 142 34 kronan
1044 366 98 47 gälla

373 430 92 29 även
504 434 86 23 vara
629 433 45 23 av
713 431 140 23 samma
892 418 89 46 slag,
1018 416 123 35 vilken

374 474 166 35 kommer
567 476 54 31 att
650 484 43 22 av
720 470 138 35 honom
887 467 199 36 tillverkas.

719 590 19 33 5
768 585 34 46 8.

452 674 134 36 Prövas
611 672 57 36 för
686 669 334 43 åstadkommande,
1042 669 103 35 bere-

377 724 129 45 dande,
526 721 292 38 iståndsättande
838 722 90 34 eller
946 718 199 37 tillhanda-

376 775 170 36 hållande
579 787 44 22 av
655 785 96 31 vara,
780 785 76 22 som
885 772 13 34 i
931 772 19 33 2
979 768 23 45 &
1029 781 115 32 avses,

378 827 88 35 eller
492 838 42 23 av
561 837 122 23 annan
706 824 53 34 lös
778 822 193 47 egendom,
994 833 77 23 som
1092 832 54 23 er-

378 876 142 36 fordras
548 875 59 36 för
633 879 187 43 transport
847 885 43 23 av
918 871 111 36 sådan
1049 883 96 30 vara,

379 927 128 48 nödigt
547 931 54 30 att
641 924 72 37 fast
753 922 191 50 egendom,
971 920 176 50 byggnad

379 978 88 36 eller
506 989 120 23 annan
667 974 225 48 anläggning
931 973 122 35 ställes
1090 971 57 35 till

380 1030 157 34 kronans
571 1025 229 48 förfogande,
829 1025 89 35 eller
944 1023 117 35 finnes
1090 1021 58 35 för

379 1083 184 44 transport
592 1090 44 23 av
662 1076 111 36 sådan
800 1088 88 22 vara
915 1074 87 35 eller
1030 1085 44 23 av
1092 1085 56 22 ar-

381 1130 122 35 betare
534 1128 69 36 och
635 1139 120 24 annan
783 1124 280 48 driftspersonal
1091 1122 59 36 för

381 1179 242 43 verksamhet,
644 1190 76 23 som
736 1189 87 37 nyss
839 1180 159 38 nämnts,
1018 1173 132 47 nödigt

382 1236 53 30 att
457 1231 169 46 järnväg,
651 1228 124 49 fartyg
793 1227 91 36 eller
902 1230 110 31 annat
1032 1229 118 31 trans-

384 1279 206 50 portmedel
626 1284 100 42 tages
757 1279 13 34 i
797 1277 159 47 anspråk
981 1275 60 36 för
1067 1275 84 35 kro-

382 1344 92 23 nans
515 1330 159 47 räkning
712 1334 89 30 utan
841 1332 55 31 att
935 1329 117 33 avstås
1093 1325 58 35 till

384 1383 151 42 kronan,
577 1393 84 24 vare
701 1379 245 36 innehavaren
979 1390 43 22 av
1049 1375 103 49 dylik

384 1432 179 49 egendom
592 1431 133 48 pliktig
751 1434 64 39 att,
852 1430 6 33 i
881 1428 71 35 den
976 1430 85 32 mån
1082 1426 70 36 Ko-

385 1495 149 36 nungen
563 1485 39 32 så
629 1480 203 43 förordnar,
854 1484 76 30 mot
948 1476 205 48 ersättning

387 1535 32 46 ej
449 1532 144 36 mindre
620 1532 57 35 till
705 1531 140 35 kronan
874 1529 151 48 upplåta
1043 1540 110 34 egen-

388 1584 131 36 domen
564 1582 83 35 med
691 1579 223 38 tillhörande
956 1577 199 47 inredning

386 1635 90 35 eller
502 1634 217 45 utrustning
744 1631 90 36 eller
862 1628 151 37 därmed
1032 1627 124 36 utföra

387 1685 123 36 arbete
537 1683 59 37 för
623 1684 156 34 kronans
804 1680 160 46 räkning
990 1686 46 29 än
1064 1685 91 29 även

389 1737 76 34 tåla
491 1735 89 35 eller
599 1733 147 48 vidtaga
764 1730 218 48 erforderlig
1000 1728 157 48 ändring

390 1787 89 35 eller
504 1784 238 49 förflyttning
768 1795 43 22 av
844 1780 198 46 inredning
1068 1779 89 36 eller

390 1834 224 49 dtrustning,
642 1847 77 23 som
746 1845 50 23 nu
825 1839 42 28 är
893 1830 147 37 nämnd.
1075 1828 81 37 Vad

390 1886 155 37 sålunda
584 1893 40 28 är
663 1884 147 46 stadgat
855 1882 94 48 gälle
989 1881 67 35 ock
1097 1893 60 22 om

390 1936 186 50 byggnad,
618 1948 78 23 som
732 1933 184 37 erfordras
944 1932 56 35 till
1027 1930 131 37 bostad

391 1992 37 32 åt
442 1986 292 49 driftspersonal,
756 1988 95 32 samt
871 1996 59 23 om
950 1982 102 36 mark
1069 1982 91 35 eller

390 2038 174 49 byggnad
591 2036 60 37 för
676 2036 147 48 upplag.

466 2088 77 36 Har
570 2087 218 36 innehavare
815 2098 44 22 av
887 2083 177 48 egendom
1086 2081 73 37 för-

392 2140 150 49 pliktats
579 2143 54 30 att
672 2136 58 37 för
763 2133 325 39 åstadkommande
1116 2145 44 24 av

392 2203 95 31 vara,
516 2202 78 23 som
628 2190 12 33 i
670 2190 19 33 2
717 2186 23 45 8
767 2193 95 41 sägs,
891 2184 83 37 med
1002 2183 159 49 egendo-

1406 206 193 42 (Utskottets
1623 205 150 41 förslag.)

1560 581 20 34 5
1609 577 34 45 8.

1286 666 85 35 Där
1398 665 54 36 det
1473 665 65 43 för
1566 663 268 47 tillgodoseende
1859 675 43 23 av
1922 661 57 36 så-

1213 718 89 35 dant
1343 716 102 35 behov
1476 728 42 22 av
1546 727 102 30 vara,
1676 725 73 24 som
1773 713 14 35 i
1814 713 26 35 2
1866 710 26 45 $
1918 725 61 23 av-

1212 780 62 31 ses,
1292 772 132 43 prövas
1444 765 122 48 nödigt
1585 770 52 29 att
1653 763 132 36 kronan
1799 762 182 49 förfogar

1214 823 80 31 över
1327 816 188 50 fastighet,
1554 815 167 49 byggnad
1747 813 83 37 eller
1858 825 122 23 annan

1214 867 224 50 anläggning
1466 866 84 36 eller
1566 866 168 48 järnväg,
1753 864 131 49 fartyg
1902 863 81 36 eller

1214 925 111 30 annat
1352 916 294 49 transportmedel
1665 922 87 29 utan
1772 921 53 30 att
1843 927 138 23 samma

1215 969 166 46 egendom
1432 968 120 35 avstås
1606 966 56 36 till
1712 966 152 41 kronan,
1902 977 81 23 vare

1215 1026 108 39 ägare
1349 1019 85 36 eller
1460 1017 216 36 innehavare
1703 1030 44 22 av
1772 1015 211 49 egendomen

1212 1070 133 49 pliktig
1374 1075 63 37 att,
1465 1069 14 35 i
1506 1068 66 35 den
1601 1067 84 36 mån
1713 1067 205 47 Konungen
1942 1065 42 36 så

1219 1121 207 45 förordnar,
1456 1118 54 36 till
1535 1118 137 36 kronan
1696 1124 71 29 mot
1786 1117 197 46 ersättning

1218 1173 30 48 ej
1286 1170 142 37 mindre
1466 1168 156 49 upplåta
1663 1168 211 47 egendomen
1907 1167 78 35 med

1220 1221 214 38 tillhörande
1460 1219 197 47 inredning
1677 1219 82 35 eller
1778 1217 207 46 utrustning

1219 1279 47 31 än
1294 1277 88 32 även
1408 1270 74 36 tåla
1501 1270 84 36 eller
1605 1270 147 48 vidtaga
1773 1268 212 49 erforderlig

1220 1323 159 48 ändring
1419 1321 80 36 eller
1531 1320 234 49 förflyttning
1795 1332 45 23 av
1868 1318 118 36 inred-

1220 1375 86 48 ning
1353 1373 80 36 eller
1476 1370 218 49 utrustning,
1738 1382 75 24 som
1855 1382 50 23 nu
1945 1373 43 31 är

1220 1425 150 35 nämnd.
1435 1422 81 36 Vad
1556 1420 160 36 sålunda
1760 1425 43 31 är
1847 1420 142 48 stadgat

1217 1475 94 49 gälle
1338 1474 62 37 ock
1427 1486 54 23 om
1509 1472 178 49 byggnad,
1707 1484 72 23 som
1800 1470 189 48 erfordras

1222 1526 56 35 till
1323 1523 124 38 bostad
1489 1523 37 36 åt
1566 1521 290 49 driftspersonal,
1896 1528 93 28 samt

1222 1590 54 22 om
1317 1574 103 37 mark
1457 1573 79 36 eller
1563 1573 165 49 byggnad
1749 1572 65 49 för
1841 1572 146 48 upplag.

1303 2080 201 48 Erfordras
1529 2078 66 49 för
1622 2077 186 44 ändamål,
1841 2088 72 24 som
1942 2087 51 23 nu

1228 2136 43 31 är
1297 2137 91 42 sagt,

1305 2187 52 30 att
1390 2180 92 50 från
1504 2179 174 49 fastighet
1706 2176 289 38 tillhandahälles
