2031 2659
277 216 21 31 4
647 211 382 41 Bevillningsutskottets
1052 209 218 33 Betänkande
1293 209 63 32 N:o
1379 211 48 29 19.

236 303 247 49 Antagandet
526 303 43 36 af
607 316 45 23 en
696 301 116 37 sådan
854 299 233 51 premiering
1116 299 41 36 af
1183 312 46 23 en
1259 299 77 36 viss
1366 297 137 50 näring
1530 297 160 37 framför
1718 297 118 38 andra

237 357 193 37 erfordrar
468 370 47 22 en
549 355 87 37 vida
664 368 80 23 mer
773 353 236 37 omfattande
1039 353 72 36 och
1139 351 210 49 detaljerad
1376 350 291 48 undersökning
1695 355 47 32 än
1770 350 65 37 det

237 410 60 37 för
326 409 239 37 närvarande
595 411 91 33 stått
715 407 9 36 i
753 407 209 36 utskottets
992 410 104 44 magt
1125 410 54 31 att
1207 410 105 44 göra.

339 462 53 37 På
428 461 127 50 grund
594 460 42 37 af
660 460 99 37 hvad
788 459 156 37 sålunda
972 458 125 37 blifvit
1126 457 164 48 anfördt,
1321 456 57 37 får
1405 456 189 36 utskottet
1622 455 211 48 hemställa,

738 570 55 31 att
832 563 291 50 ifrågavarande
1170 562 142 37 motion
1353 561 84 37 icke
1476 564 115 33 måtte
1620 560 59 36 till
1706 563 128 47 någon

633 618 241 48 Riksdagens
905 616 133 49 åtgärd
1068 615 206 37 föranleda.

338 723 220 38 Stockholm
590 724 73 35 den
699 725 39 33 11
770 722 72 48 maj
878 722 107 35 1888.

792 879 52 36 På
871 878 209 36 utskottets
1109 882 160 43 vägnar:

766 983 77 36 ER.
875 982 144 37 GUST.
1049 970 249 48 BOSTRÖM.

912 1298 231 33 Beservation

387 1351 41 36 af
453 1351 87 35 herr
568 1351 212 35 Forssman:

335 1463 151 37 »Under
526 1461 298 48 öfverläggning
852 1460 8 36 i
891 1459 136 36 Första
1055 1458 229 35 Kammaren
1314 1469 60 23 om
1403 1455 120 49 punkt
1555 1456 70 34 156
1655 1453 12 36 i
1695 1452 130 37 bevill-

231 1516 324 48 ningsutskottets
597 1513 240 37 betänkande
882 1525 60 22 n:o
986 1513 21 34 8
1044 1509 242 37 framstäldes
1320 1507 210 50 yrkanden,
1559 1509 48 46 på
1634 1505 125 48 grund
1787 1504 42 37 af

230 1568 128 36 hvilka
386 1566 164 37 nämnda
578 1566 121 49 punkt
728 1563 357 37 återremitterades.
1128 1562 123 35 Dessa
1279 1560 199 48 yrkanden
1497 1558 119 49 gingo
1636 1562 41 31 ut
1697 1557 127 48 derpå,

231 1620 81 36 dels
357 1624 54 31 att
451 1619 12 35 i
506 1618 121 36 första
664 1617 151 49 stycket
843 1616 20 48 $
895 1618 19 34 9
944 1612 511 39 tulltaxeunderrättelserna
1484 1610 120 37 skulle
1633 1609 116 36 bland
1778 1608 46 36 de

230 1685 124 34 varor,
397 1671 62 35 vid
503 1670 147 36 hvilkas
684 1668 162 37 utförsel
874 1667 218 36 restitution
1122 1665 226 48 medgifves,
1378 1669 188 43 upptagas
1595 1667 105 30 utom
1724 1661 100 48 jute-

229 1724 142 36 väfnad
398 1723 11 36 i
442 1722 157 48 Sverige
628 1721 201 36 tillverkad
853 1720 103 48 jern-
986 1719 71 35 och
1086 1717 168 47 ståltråd,
1284 1716 184 48 trådspik,
1498 1715 98 35 nitar
1626 1713 71 36 och
1727 1726 29 22 s.
1787 1713 34 35 k.

231 1776 146 35 mindre
419 1773 295 49 kettingssmide
758 1773 41 35 af
837 1772 82 36 från
962 1771 171 36 utlandet
1173 1769 152 36 införda
1366 1767 153 36 valsade
1554 1766 92 36 eller
1676 1764 148 37 smidda

234 1833 167 42 stänger,
439 1827 80 36 dels
550 1831 54 31 att
632 1829 37 33 åt
698 1825 139 47 Kongl.
868 1823 106 49 Maj:t
1004 1822 119 36 skulle
1154 1821 194 36 meddelas
1378 1819 183 48 rättighet
1590 1823 55 31 att
1672 1816 152 37 utfärda

230 1880 155 36 allmänt
426 1879 176 47 gällande
644 1875 289 39 bestämmelser
975 1874 197 49 angående
1208 1871 279 48 återbetalning
1516 1871 41 36 af
1582 1870 67 36 tull
1679 1869 60 37 för
1766 1875 56 29 ut-

229 1932 161 36 ländska
431 1930 238 46 materialier,
713 1942 81 23 som
837 1928 125 36 blifvit
1001 1928 103 35 inom
1142 1926 129 36 landet
1298 1923 230 38 bearbetade
1559 1922 70 36 och
1659 1925 80 33 åter
1766 1926 56 30 ut-

231 1984 110 37 förda
381 1984 11 35 i
435 1983 174 36 förädlad
643 1983 109 35 form.
783 2004 48 2 —
860 1981 56 36 Då
944 1980 88 36 herr
1060 1978 163 37 Broding
1253 1976 251 37 förevarande
1536 1974 144 37 motion
1709 1973 112 37 äfven

231 2037 102 36 afser
375 2035 279 47 återbetalning
695 2034 41 36 af
773 2033 69 36 tull
884 2033 59 35 för
985 2031 202 36 utländska
1223 2033 191 42 råämnen,
1451 2041 115 35 synes
1594 2024 229 38 utskottet
1802 2020 26 66 i

231 2088 275 48 sammanhang
546 2087 85 36 med
674 2086 66 36 sitt
776 2084 191 37 utlåtande
998 2084 108 36 öfver
1135 2082 194 36 motionen
1357 2080 208 49 lämpligen
1594 2079 143 35 kunnat
1765 2076 58 37 till

227 2140 241 49 granskning
497 2139 70 36 och
595 2137 237 38 besvarande
852 2142 169 44 upptaga
1041 2136 46 36 de
1106 2134 210 50 yrkanden,
1338 2146 82 23 som
1441 2130 223 38 föranledde
1685 2130 137 36 Första

229 2193 251 36 Kammarens
511 2191 115 36 ofvan
654 2190 164 37 nämnda
846 2189 124 36 beslut
1000 2201 60 23 om
1090 2186 249 38 återremiss.»

774 2364 157 26 Stockholm,
954 2363 28 22 K.
1005 2362 26 22 L.
1054 2361 129 25 Beckman,
1207 2360 72 23 1885.
