1918 2780
273 164 19 29 2
612 163 312 30 Bankoutskottets
946 164 178 29 utlåtande
1145 173 43 20 nr
1208 165 39 28 21
1271 164 40 29 år
1333 164 83 29 1966

274 251 74 20 som
368 243 221 30 beträffande
610 244 394 38 statstjänstemännens
1026 244 315 38 förhandlingsrätt
1364 244 106 29 rådde
1493 245 74 28 före
1588 244 172 29 tillkoms-

274 297 57 27 ten
353 305 40 20 av
414 296 66 29 den
502 305 47 21 nu
571 297 158 38 gällande
752 296 455 39 statstjänstemannalagen
1230 297 64 29 och
1318 306 74 20 som
1415 297 145 29 innebar
1584 298 49 28 att
1657 298 102 28 stats-

274 348 303 39 tjänstemännens
596 349 259 30 löneförmåner
872 350 54 29 väl
945 350 11 29 i
973 350 117 39 praxis
1109 350 77 29 blev
1205 350 146 30 föremål
1372 350 54 29 för
1445 350 315 29 överenskommel-

274 410 55 21 ser
355 411 78 19 men
462 401 152 30 formellt
643 402 214 30 fastställdes
886 412 41 21 av
956 403 257 39 arbetsgivaren
1243 403 149 39 ensidigt
1422 410 124 31 genom
1574 403 113 29 beslut
1718 412 42 21 av

275 455 283 29 statsmakterna.
579 456 76 29 Med
676 456 138 38 hänsyn
834 456 52 29 till
907 456 66 29 den
993 456 159 29 oklarhet
1174 465 75 20 som
1271 456 11 29 i
1304 456 94 29 detta
1419 457 75 38 läge
1515 456 136 30 kunnat
1674 456 86 30 råda

273 516 57 20 om
351 509 66 29 vad
441 517 76 21 som
539 517 80 21 vore
643 510 50 27 att
717 518 83 20 anse
824 518 75 20 som
922 509 338 29 överenskommelse
1285 509 11 29 i
1321 509 346 39 förhandlingsfråga
1692 509 67 29 fin-

273 570 60 20 ner
355 561 170 29 utskottet
547 561 74 30 icke
642 562 190 38 anledning
853 562 52 29 till
927 562 141 29 erinran
1090 564 72 27 mot
1187 564 49 27 att
1259 562 321 39 lönedelegationen
1604 563 154 38 godkänt

272 614 189 29 innehållet
480 614 10 29 i
510 615 232 29 förenämnda
761 615 504 40 departementspromemoria.
1287 616 176 29 Utskottet
1485 616 205 29 förutsätter
1711 616 48 38 gi-

272 667 118 35 vetvis,
415 669 51 28 att
492 668 57 29 vid
573 668 306 39 handläggningen
904 678 43 20 av
971 677 147 21 numera
1143 669 287 39 uppkommande
1458 669 116 38 frågor
1602 678 42 20 av
1670 671 87 27 mot-

272 720 169 30 svarande
461 722 54 27 art
533 721 66 29 den
618 721 150 39 ändring
786 721 12 29 i
816 721 179 39 rättsläget
1015 721 144 30 beaktas
1179 731 76 20 som
1275 722 123 29 inträtt
1418 729 126 31 genom
1561 722 69 29 den
1652 722 106 38 regle-

271 773 77 39 ring
367 783 44 21 av
431 774 42 29 de
495 773 184 39 offentliga
699 774 305 39 tjänstemännens
1027 774 317 39 förhandlingsrätt
1368 784 75 20 som
1467 775 91 29 skett
1582 775 79 29 med
1685 783 73 21 ver-

271 827 71 29 kan
355 827 85 30 från
459 827 67 29 och
545 828 77 29 med
642 828 68 29 den
732 828 15 28 1
768 828 142 39 januari
933 828 93 29 1966.

315 880 115 39 Enligt
449 880 15 36 $
486 880 39 30 12
543 880 310 39 riksdagsstadgan
871 881 89 30 skall
978 881 339 39 lönedelegationens
1337 881 109 39 årliga
1465 881 217 39 redogörelse
1702 881 55 29 för

271 933 54 29 sin
341 934 223 29 verksamhet
581 943 83 20 vara
682 934 206 39 riksdagens
906 934 142 29 kamrar
1065 935 52 28 till
1136 934 118 30 handa
1272 934 57 30 vid
1349 935 112 29 första
1480 934 276 30 sammanträdet

269 986 89 30 efter
376 987 208 38 riksdagens
606 987 196 39 öppnande.
826 987 253 39 Redogörelsen
1102 989 55 29 för
1180 988 268 29 verksamheten
1473 987 111 30 under
1608 988 38 29 år
1673 987 82 30 1965

270 1039 132 39 förelåg
424 1040 193 30 emellertid
641 1040 88 29 först
753 1041 68 29 den
844 1040 40 30 26
907 1040 143 40 januari
1076 1040 93 30 1966.
1195 1041 51 29 Då
1271 1041 57 29 det
1352 1041 70 29 kan
1447 1041 232 33 konstateras,
1705 1042 51 28 att

269 1093 89 29 flera
373 1094 139 38 mycket
528 1093 219 29 omfattande
764 1094 103 33 avtal,
885 1093 44 29 bl.
948 1103 29 20 a.
995 1094 56 29 det
1070 1094 178 29 allmänna
1266 1094 313 38 avlöningsavtalet
1598 1094 55 29 för
1672 1095 84 28 stat-

267 1146 71 38 liga
352 1147 64 29 och
432 1146 95 30 vissa
542 1146 110 30 andra
668 1146 227 39 tjänstemän,
913 1147 170 29 träffades
1102 1147 38 30 så
1158 1149 76 27 sent
1253 1156 75 20 som
1347 1148 66 29 den
1431 1147 41 29 29
1491 1147 180 29 december
1690 1147 65 29 och

268 1199 201 38 godkändes
489 1209 42 20 av
549 1200 320 38 lönedelegationen
889 1200 66 29 den
975 1200 41 29 30
1037 1200 189 34 december,
1247 1200 98 29 torde
1367 1200 56 29 det
1444 1200 37 30 få
1501 1209 101 21 anses
1624 1209 131 31 uppen-

267 1252 78 30 bart
370 1255 49 27 att
443 1253 241 38 delegationen
710 1263 43 20 av
778 1253 163 29 tekniska
967 1253 76 29 skäl
1068 1253 89 29 varit
1184 1253 208 30 förhindrad
1420 1255 50 28 att
1497 1254 52 28 till
1577 1253 177 30 fastställd

266 1306 166 39 tidpunkt
456 1306 161 30 avlämna
639 1315 43 20 en
705 1306 207 39 fullständig
935 1307 215 38 redogörelse
1175 1307 55 30 för
1254 1307 268 29 verksamheten
1547 1307 90 28 intill
1662 1306 92 30 årets

268 1359 138 39 utgång.
428 1360 65 28 Det
514 1359 190 29 inträffade
726 1359 99 30 torde
847 1359 35 30 få
903 1359 177 30 betraktas
1103 1369 75 20 som
1200 1369 43 20 en
1265 1359 348 39 engångsföreteelse,
1637 1360 117 29 föran-

266 1413 79 29 ledd
368 1422 41 19 av
431 1413 41 29 de
495 1412 263 30 extraordinära
782 1412 266 30 förhållandena
1071 1413 12 28 i
1106 1413 169 30 samband
1300 1413 80 29 med
1404 1413 350 38 förhandlingsrätts-

267 1465 193 30 reformens
483 1465 291 30 ikraftträdande.
798 1466 76 30 Med
897 1466 136 38 hänsyn
1056 1466 118 29 härtill
1198 1467 64 28 har
1285 1466 170 29 utskottet
1480 1466 74 29 icke
1578 1466 108 29 heller
1710 1466 44 39 på

266 1518 114 29 denna
394 1518 114 39 punkt
523 1518 117 29 funnit
655 1518 189 39 anledning
858 1519 52 29 till
924 1519 150 29 erinran.

311 1572 12 28 I
341 1573 111 38 övrigt
470 1573 64 29 har
553 1573 169 29 utskottet
740 1572 57 31 vid
817 1573 53 29 sin
889 1573 215 38 granskning
1123 1582 41 21 av
1183 1573 248 29 ovannämnda
1451 1574 215 38 redogörelse
1687 1573 65 29 och

265 1625 173 39 protokoll
458 1625 75 29 icke
554 1625 116 29 funnit
690 1625 106 39 något
816 1625 218 30 förhållande
1055 1634 74 21 som
1150 1626 155 40 påkallat
1327 1627 142 29 särskilt
1489 1626 161 39 yttrande
1672 1626 81 29 från

267 1679 187 29 utskottets
476 1679 85 29 sida.

310 1732 74 29 Vad
406 1732 11 29 i
440 1732 96 29 detta
558 1732 126 29 ärende
709 1732 224 30 förekommit
957 1732 64 29 har
1046 1732 169 30 utskottet
1240 1733 204 38 härigenom
1468 1732 90 30 velat
1584 1732 54 30 för
1664 1732 88 30 riks-

264 1785 112 39 dagen

901 1838 218 30 omförmäla.

310 1909 200 30 Stockholm
530 1910 64 29 den
614 1910 40 28 22
673 1918 94 21 mars
790 1909 82 30 1966

734 1989 48 29 På
801 1989 305 29 bankoutskottets
1127 1990 146 38 vägnar:

849 2060 33 29 C.
901 2059 36 30 G.
957 2059 200 31 REGNELL

879 2193 240 29 Närvarande:

307 2255 78 29 från
415 2255 166 29 första
609 2256 222 28 kammaren:
862 2255 120 29 herrar
1013 2255 125 34 Ståhle,
1169 2255 126 30 Gustaf
1324 2255 119 40 Henry
1472 2256 172 33 Hansson,
1676 2255 72 29 Åke

261 2300 162 33 Larsson,
443 2300 109 33 Palm,
572 2299 152 34 Larfors,
745 2300 114 39 Harry
878 2299 161 30 Carlsson
1059 2300 64 28 och
1143 2299 204 39 Wikberg";

306 2361 78 30 från
425 2362 155 29 andra
599 2362 221 30 kammaren:
841 2362 120 29 herrar
981 2362 150 38 Regnéll,
1153 2362 178 38 Hagnell”,
1352 2362 185 38 Berglund,
1558 2362 156 29 Franzén
1736 2362 9 28 i

262 2406 159 33 Motala”,
440 2406 188 39 Börjesson
648 2406 9 29 i
676 2406 227 38 Glömminge,
924 2406 163 29 Ekström
1107 2407 11 28 i
1138 2406 181 39 Iggesund,
1341 2407 93 29 Rask
1455 2407 64 28 och
1540 2407 144 29 Ullsten.

297 2471 13 14 +
331 2472 32 29 Ej
384 2472 174 23 närvarande
577 2472 46 23 vid
642 2472 179 30 justeringen.

1364 2518 81 15 MARCUS
1455 2518 74 15 BOKTR.
1538 2518 64 15 STHLM
1616 2517 36 15 1966
1670 2515 78 16 660029
