2315 2758
534 230 38 29 10
916 218 247 47 Konstitutions-
1179 218 171 47 Utskottets
1362 223 164 31 Utlåtande
1549 222 64 31 N:o
1635 222 30 31 2.

573 317 159 32 Deremovt
766 316 94 32 skola
893 316 95 31 dessa
1021 315 108 31 sedlar
1162 314 103 31 under
1300 313 63 32 alla
1396 312 229 32 förhållanden
1658 311 97 32 hafva
1783 309 196 44 tvångekurs
2004 314 87 26 emot

485 369 226 33 Riksbanken.

587 419 147 33 Härmed
769 424 35 26 är
830 417 220 33 förhållandet
1074 417 149 37 ordnadt,
1247 418 36 30 så
1306 416 51 32 väl
1381 416 40 31 de
1445 414 148 32 enskilde
1617 413 150 38 emellan,
1791 424 68 20 som
1884 412 140 41 emellan
2048 411 40 31 de

487 472 149 32 enskilde
659 471 61 32 och
744 469 224 33 Riksbanken.

570 524 80 31 Men
685 534 40 20 en
759 533 108 19 annan
899 525 119 37 ytterst
1051 521 106 41 vigtig
1190 519 52 31 del
1267 519 33 31 af
1319 519 115 42 frågan
1457 529 96 30 synes
1577 517 67 42 mig
1667 516 147 32 deremot
1837 517 133 40 qvarstå
1993 514 94 37 olöst,

486 575 167 42 nemligen
676 572 219 33 förhållandet
918 571 140 32 emellan
1082 572 62 31 den
1168 570 148 32 enskilde
1340 568 324 33 sedelinnehafvaren
1688 567 61 32 och
1777 566 127 38 Staten,
1927 565 161 31 huruvida

486 627 166 42 nemligen
676 625 63 31 den
761 625 96 37 förre,
881 624 54 30 vid
957 622 232 32 Riksbankens
1214 622 157 42 möjligen
1394 621 172 31 inträffade
1590 620 175 36 insolvens,
1789 618 83 32 skall
1897 629 60 31 ega
1979 616 109 32 betala

487 679 72 31 sina
591 682 112 26 räntor
737 675 61 32 och
832 675 124 31 skatter
990 686 40 19 m.
1059 686 40 19 m.
1126 673 72 32 med
1222 673 70 31 sina
1315 672 239 31 innehafvande
1578 670 276 37 riksbanksedlar,
1878 669 80 31 eller
1987 670 101 29 måste

488 731 87 40 köpa
609 729 51 41 sig
693 727 111 32 silfver
838 726 80 31 eller
944 725 78 43 guld
1052 725 49 31 för
1125 730 47 26 att
1195 724 132 32 dermed
1350 723 142 42 fullgöra
1515 723 49 31 sin
1590 720 386 44 betalningsskyldighet.
2021 719 68 32 Det

488 786 35 24 är
547 780 112 39 troligt
685 783 47 25 att
756 776 259 41 myntkomitéen
1040 776 91 30 tänkt
1157 776 50 40 sig
1229 775 101 30 saken
1354 777 42 38 på
1419 775 54 29 det
1497 774 136 29 sednare
1658 778 111 30 sättet;
1793 783 73 19 men
1892 772 55 29 det
1971 777 43 29 är,
2039 773 49 27 åt-

490 830 161 31 minstone
684 828 49 30 för
767 828 77 41 mig,
878 826 72 31 icke
985 826 135 31 alldeles
1154 825 95 31 klart.
1298 824 75 32 Den
1408 824 109 30 kunde
1542 822 156 42 möjligen
1722 822 94 30 hafva
1841 821 91 31 tänkt
1957 821 60 41 sig,
2042 825 47 26 att

488 881 182 32 ordnandet
696 879 34 31 af
749 879 90 31 detta
862 877 204 31 förhållande
1090 877 72 31 icke
1185 877 74 41 låge
1283 877 85 30 inom
1396 874 355 42 banklagstiftningens
1775 873 141 31 område.
1951 871 68 43 Jag
2031 871 57 31 vill

488 933 128 31 derföre
639 931 72 31 icke
736 941 43 19 nu
804 929 65 31 tala
893 940 62 25 om,
979 927 82 31 huru
1086 927 212 42 äfventyrligt
1322 927 55 30 det
1401 937 76 20 vore
1501 930 47 26 att
1572 930 120 37 antaga
1716 924 197 42 enlag,som
1928 923 160 42 stadgade

489 989 45 26 att
570 982 76 44 gäld
681 981 73 32 icke
777 981 87 42 finge
889 980 73 31 med
985 979 78 43 gäld
1087 979 131 41 qvittas,
1242 983 45 26 att
1312 977 232 31 innehafvaren
1570 977 34 30 af
1623 987 40 20 en
1686 974 243 37 Riksbankens,
1953 974 55 31 det
2032 973 55 31 vill

488 1036 9 29 i
522 1035 115 41 sjelfva
660 1033 114 31 verket
798 1038 79 35 säga
901 1043 40 19 en
964 1030 112 38 rikets,
1100 1042 40 19 en
1164 1029 134 32 Statens
1323 1028 307 37 skuldförbindelse,
1653 1026 150 32 betalbar
1827 1026 53 31 vid
1904 1025 184 36 anfordran,

488 1086 73 42 icke
584 1084 106 32 skulle
714 1095 61 31 ega
798 1088 66 26 rätt
887 1087 48 26 att
958 1082 133 31 dermed
1114 1082 103 30 under
1241 1081 64 30 alla
1327 1079 226 32 förhållanden
1578 1079 31 30 få
1632 1078 97 42 gälda
1753 1079 48 29 sin
1825 1077 96 31 skuld
1946 1076 49 31 till
2012 1075 77 32 Sta-

489 1143 54 24 ten
577 1135 60 32 och
667 1135 32 31 få
721 1135 50 30 sin
795 1134 87 31 sedel
908 1133 50 30 till
982 1133 73 31 dess
1078 1132 80 31 fulla
1181 1132 98 31 värde
1304 1135 188 38 emottagen
1516 1130 9 30 i
1550 1129 154 31 Kronans
1728 1128 151 42 uppbörd
1903 1128 60 30 och
1987 1127 102 30 rikets

490 1188 164 30 allmänna
688 1186 129 36 kassor;
851 1184 89 32 eller,
975 1194 53 20 om
1062 1195 40 19 en
1126 1184 101 30 sådan
1250 1183 54 41 lag
1328 1182 170 41 verkligen
1523 1186 146 37 antoges,
1692 1180 85 30 huru
1800 1178 211 41 äfventyrligt
2034 1178 56 30 det

490 1250 75 19 vore
600 1242 48 26 att
674 1236 73 31 icke
782 1235 95 31 hafva
913 1234 173 36 bestämdt,
1110 1234 169 36 huruvida,
1304 1234 52 30 vid
1381 1245 38 18 en
1445 1232 156 41 möjligen
1625 1230 194 31 inträffande
1844 1229 192 41 inställning
2060 1229 33 30 af

489 1288 167 32 sedlarnes
690 1286 167 42 inlösning
892 1285 72 30 med
999 1285 178 41 klingande
1212 1288 100 37 mynt,
1346 1282 309 32 riksbanksedlarne
1690 1281 46 30 till
1775 1281 63 30 viss
1873 1280 76 29 kurs
1984 1279 106 30 gkulle

489 1344 184 37 emottagas
708 1338 8 29 i
741 1336 133 32 Statens
900 1336 123 36 kassor,
1047 1335 60 31 och
1132 1335 95 31 hvem
1251 1346 68 20 som
1343 1334 106 31 skulle
1472 1334 47 30 tid
1544 1333 80 31 efter
1648 1343 107 19 annan
1779 1330 180 32 bestämma
1982 1330 107 30 denna

489 1391 87 34 kurs,
611 1392 36 28 så
681 1393 47 25 att
761 1388 55 30 det
844 1386 73 31 icke
941 1389 100 28 måtte
1067 1385 76 32 bero
1167 1391 43 36 på
1233 1398 39 18 en
1297 1385 175 31 exsekutor
1496 1389 45 25 att
1566 1389 125 25 utmäta
1715 1382 60 31 och
1799 1384 41 39 på
1865 1381 135 30 auktion
2023 1380 66 30 för-

490 1441 81 40 sälja
595 1437 310 33 riksbanksedlarne
929 1437 139 31 likasom
1093 1437 100 30 andra
1216 1437 140 30 lösören.

589 1490 67 42 Jag
689 1488 56 32 vill
781 1488 116 31 endast
932 1487 250 42 tillkännagifva
1217 1492 47 26 att
1291 1487 42 30 då
1356 1498 39 19 en
1420 1485 118 42 mängd
1563 1483 195 32 hithörande
1783 1482 225 31 förhållanden
2033 1487 55 24 äro

488 1543 67 40 mig
579 1541 114 31 oklara
716 1539 71 36 och,
812 1539 80 31 efter
917 1539 72 30 mitt
1011 1538 223 34 förmenande,
1258 1538 71 30 icke
1353 1549 118 30 genom
1497 1537 54 29 det
1575 1536 8 29 i
1608 1535 61 30 den
1701 1528 119 52 Kongl.
1844 1532 245 42 Propositionen

489 1592 184 41 åberopade
697 1591 158 41 förslaget
879 1591 48 30 till
950 1590 55 42 lag
1029 1590 169 41 angående
1221 1588 215 32 Riksbanken
1460 1586 147 37 utredda,
1631 1588 36 28 så
1690 1585 63 30 kan
1773 1586 68 40 jag,
1864 1584 49 30 för
1937 1583 64 30 min
2027 1582 62 36 del,

489 1643 72 31 icke
597 1643 132 41 deltaga
757 1642 9 30 i
791 1640 189 32 Utskottets
1006 1640 238 42 tillstyrkande,
1268 1644 46 25 att
1338 1640 61 30 den
1424 1637 122 42 Kongl.
1571 1636 257 42 Propositionen
1854 1637 51 28 må
1927 1633 90 30 hvila
2041 1632 48 30 till

489 1693 272 43 grundlagsenlig
784 1692 230 42 behandling.»

590 1742 47 32 Af
658 1743 122 32 Herrar
803 1743 153 31 Friherre
980 1743 118 37 Bonde,
1121 1742 63 31 Per
1209 1741 126 31 Nilsson
1358 1740 60 32 och
1443 1741 63 30 Ake
1529 1738 185 31 Andersson.
