1878 2786
241 123 18 31 2
691 128 274 31 Statsutskottets
990 127 176 32 utlåtande
1191 137 41 21 nr
1257 127 49 31 46.

247 209 79 38 taga
348 207 55 29 del
426 207 10 29 i
457 207 357 39 jubileumsfirandet.
837 207 12 28 I
873 207 189 38 anledning
1083 207 110 29 härav
1214 207 178 39 uppdrogs
1415 206 34 30 åt
1473 207 154 29 Svenska
1650 206 100 30 insti-

248 260 88 27 tutet
357 258 54 29 för
432 257 181 30 kulturellt
636 258 120 38 utbyte
777 258 78 29 med
875 257 159 30 utlandet
1055 259 50 28 att
1126 257 147 30 tillsätta
1294 266 42 20 en
1357 257 183 30 kommitté
1562 258 79 29 med
1663 266 86 31 upp-

249 309 62 38 gift
332 310 49 27 att
402 308 199 39 organisera
622 308 156 38 Sveriges
798 308 205 38 deltagande
1023 308 12 29 i
1056 308 241 29 sekelminnet.

292 359 224 33 Kommittén,
537 368 73 19 som
613 354 19 42 i
660 359 59 29 sitt
738 358 114 30 arbete
872 358 83 29 stått
975 359 10 28 i
1004 358 101 29 intim
1124 359 149 29 kontakt
1293 359 78 28 med
1391 359 66 29 den
1476 359 10 28 i
1505 359 150 29 Förenta
1675 359 74 29 Sta-

247 411 98 28 terna
367 409 146 29 tillsatta
535 409 220 33 kommittén,
778 409 63 29 har
863 409 178 38 föreslagit
1064 409 158 39 följande
1245 409 175 38 åtgärder:
1444 411 51 27 att
1516 409 72 29 låta
1611 409 136 38 Sverige

248 461 255 40 representeras
525 459 56 30 vid
601 459 147 39 jubileet
770 469 40 20 av
832 469 41 20 en
897 459 194 39 delegation
1112 459 112 29 under
1246 459 141 39 ledning
1410 469 41 20 av
1474 460 39 29 H.
1537 460 38 29 K.
1600 460 40 29 H.
1664 460 85 29 Her-

247 510 92 38 tigen
360 519 42 20 av
422 510 149 29 Halland
592 510 65 29 och
677 519 43 20 en
739 512 241 37 representant
1001 510 54 29 för
1075 510 214 39 regeringen,
1310 511 51 28 att
1382 510 201 39 organisera
1604 510 145 30 föreläs-

247 552 325 47 ningsverksamhet
597 561 81 29 med
705 560 176 30 anlitande
907 570 43 20 av
977 561 148 29 svenska
1151 561 228 29 akademiska
1405 561 111 29 lärare
1542 561 65 29 och
1632 563 116 27 veten-

249 611 189 39 skapsmän
457 611 56 30 vid
534 611 248 30 amerikanska
802 611 204 29 universitet
1028 611 64 29 och
1112 611 239 29 institutioner
1373 611 9 29 i
1403 612 41 29 de
1466 621 41 20 av
1526 611 146 39 jubileet
1693 612 56 29 be-

247 662 102 28 rörda
374 663 163 32 staterna,
562 663 50 27 att
636 662 71 29 låta
731 662 118 39 prägla
873 671 43 19 en
939 662 145 38 kunglig
1108 661 128 39 medalj
1265 671 42 20 av
1331 662 102 29 silver
1457 664 50 28 att
1531 662 80 29 med
1636 663 40 28 H.
1703 662 44 29 M.

247 712 213 38 Konungens
485 712 178 38 samtycke
688 712 135 29 utdelas
847 712 52 29 till
924 712 182 30 bemärkta
1132 712 373 34 svensk-amerikaner,
1530 714 51 28 att
1606 713 64 29 hos
1695 720 54 31 ge-

247 762 348 39 neralpoststyrelsen
619 762 142 30 anhålla
784 772 56 20 om
863 763 202 38 utgivandet
1089 772 42 20 av
1154 765 47 27 ett
1224 763 374 39 jubileumsfrimärke,
1622 765 51 28 att
1697 764 52 28 in-

247 812 108 39 bjuda
383 813 108 38 några
520 813 238 30 framstående
789 813 363 31 svensk-amerikaner
1183 815 49 28 att
1261 813 130 30 besöka
1420 814 146 38 Sverige,
1596 815 52 28 att
1677 814 71 29 låta

246 863 266 39 iordningställa
537 873 42 20 en
605 864 132 29 allmän
764 864 361 39 Sverige-utställning
1150 864 186 30 bestående
1364 874 42 20 av
1431 864 110 30 bilder
1568 865 64 29 och
1659 865 89 29 foto-

247 915 160 37 montage
427 916 89 27 samt
533 916 71 27 text
623 914 65 29 och
708 914 193 30 statistiska
920 915 177 39 uppgifter
1116 916 90 28 samt
1226 915 70 29 låta
1315 915 115 29 denna
1448 915 209 39 utställning
1676 924 72 20 am-

247 963 119 31 bulera
387 964 129 29 mellan
537 964 40 30 de
598 964 11 29 i
629 964 146 39 jubileet
798 965 205 38 deltagande
1027 966 163 29 städerna
1212 965 10 29 i
1244 965 184 30 Amerikas
1450 965 150 30 Förenta
1623 966 124 33 Stater,

246 1015 50 28 att
320 1014 90 30 bistå
435 1015 65 29 den
525 1015 181 39 kvinnliga
732 1015 352 40 gymnastiktruppen
1111 1016 286 30 Sofia-flickorna
1423 1016 57 30 vid
1506 1016 242 39 organiseran-

247 1065 55 29 det
322 1074 41 20 av
381 1074 43 19 en
442 1065 100 29 turné
562 1065 10 29 i
591 1065 177 30 Mellersta
787 1066 148 29 Västern
953 1066 58 30 vid
1030 1066 95 29 tiden
1145 1065 55 30 för
1218 1066 347 39 jubileumsfirandet
1585 1068 92 28 samt
1696 1068 52 28 att

246 1115 10 28 i
279 1115 193 30 samarbete
494 1116 78 29 med
596 1116 93 29 »The
713 1116 153 29 Swedish
889 1117 145 29 Pioneer
1056 1117 203 29 Centennial
1282 1117 238 30 Association»
1546 1117 118 30 lämna
1688 1117 59 29 sitt

248 1166 76 29 stöd
346 1165 34 30 åt
402 1166 92 29 vissa
517 1176 41 20 av
579 1166 152 39 regissör
753 1167 107 38 Bengt
882 1167 134 30 Janzon
1039 1167 204 30 utarbetade
1266 1168 121 39 planer
1411 1170 50 27 att
1484 1168 198 29 framställa
1706 1177 42 20 en

246 1216 77 29 film
350 1225 56 20 om
435 1216 66 30 den
529 1217 150 30 svenska
706 1217 251 39 emigrationen
984 1217 52 30 till
1065 1217 185 30 Amerikas
1277 1218 151 30 Förenta
1457 1219 112 29 Stater
1597 1218 65 30 och
1691 1218 57 30 det

247 1267 390 30 svensk-amerikanska
656 1267 419 39 befolkningselementet.

290 1317 215 29 Kommittén
529 1317 64 29 har
617 1318 11 28 i
654 1326 43 20 en
722 1317 52 30 till
799 1318 125 38 Kungl.
949 1318 106 39 Maj:t
1082 1318 103 30 ställd
1212 1318 165 30 skrivelse
1404 1319 67 29 den
1496 1319 19 29 3
1540 1328 95 21 mars
1664 1319 83 30 1948

245 1367 178 29 hemställt
443 1377 56 19 om
520 1369 46 28 ett
586 1367 124 39 bidrag
729 1377 42 20 av
790 1368 61 29 250
867 1368 62 30 000
949 1369 131 29 kronor
1101 1368 55 30 för
1176 1369 222 30 bestridande
1420 1378 42 21 av
1481 1370 190 29 kostnader
1692 1370 56 29 för

247 1417 219 39 deltagandet
494 1418 11 29 i
530 1418 156 39 jubileet.
714 1418 247 39 Delegationen
989 1419 64 29 har
1079 1419 199 39 föreslagits
1307 1420 97 29 skola
1431 1420 188 38 begränsas
1647 1420 53 30 till
1730 1420 16 29 7

246 1477 165 30 personer
431 1468 154 30 förutom
606 1468 41 30 H.
669 1468 40 29 K.
731 1469 40 29 H.
793 1469 101 29 Prins
915 1469 107 30 Bertil
1044 1470 64 30 och
1129 1479 43 20 en
1193 1472 241 37 representant
1456 1471 55 29 för
1533 1471 214 39 regeringen.

288 1568 393 39 Departementschefen
709 1569 64 30 har
800 1569 118 30 funnit
945 1570 57 29 det
1030 1570 179 39 naturligt,
1238 1572 50 28 att
1317 1571 136 39 Sverige
1481 1571 61 30 bör
1571 1571 137 39 deltaga
1735 1571 12 29 i

245 1618 40 30 de
312 1619 187 38 planerade
526 1619 264 39 festligheterna
816 1620 11 29 i
855 1620 169 30 samband
1052 1621 79 29 med
1159 1621 297 39 pionjärjubileet.
1486 1622 64 29 Det
1579 1631 42 21 av
1651 1622 95 29 »Den

246 1669 147 30 svenska
414 1669 209 30 kommittén
644 1670 56 29 för
720 1670 287 40 pionjärjubileet
1028 1671 11 29 i
1059 1671 39 29 U.
1120 1671 31 30 S.
1173 1671 38 30 A.
1235 1671 103 30 1948»
1362 1672 196 39 framlagda
1579 1672 167 39 förslaget

244 1719 63 29 har
336 1720 386 39 departementschefen
752 1720 118 30 funnit
900 1721 51 39 sig
980 1721 122 30 kunna
1131 1722 158 39 godtaga.
1319 1722 168 30 Avsikten
1517 1732 90 25 vore,
1638 1723 108 29 fram-

245 1770 109 29 håller
384 1770 397 39 departementschefen,
813 1773 48 27 att
893 1772 41 29 de
965 1772 11 29 i
1005 1772 228 30 kommitténs
1264 1773 365 40 kostnadsberäkning
1660 1783 87 30 upp-

245 1822 104 36 tagna
374 1822 164 37 posterna
564 1821 55 29 för
646 1821 304 31 Sofia-flickornas
976 1822 102 29 turné
1110 1822 58 33 (30
1183 1823 80 33 000)
1296 1825 90 28 samt
1413 1824 54 29 för
1494 1824 253 38 utställningen

245 1871 64 29 och
336 1871 367 39 Sverige-broschyren
736 1871 56 34 (55
808 1872 78 33 000)
920 1873 99 29 skola
1045 1873 172 30 bestridas
1245 1883 42 20 av
1314 1874 239 30 lotterimedel.
1582 1875 68 29 För
1677 1874 70 30 del-

245 1921 163 38 tagandet
430 1921 11 29 i
462 1922 110 38 övrigt
595 1922 113 29 skulle
731 1922 176 30 erfordras
936 1923 79 33 (250
1031 1923 62 30 000
1114 1941 45 3 —
1180 1924 41 29 30
1236 1924 62 30 000
1320 1942 44 3 —
1385 1925 40 29 55
1441 1925 63 29 000
1518 1925 58 33 =)
1607 1925 60 30 165
1683 1925 63 30 000

245 1971 140 30 kronor.

289 2021 393 40 Departementschefen
709 2023 64 30 har
799 2024 118 29 funnit
943 2024 57 30 det
1026 2024 81 30 fullt
1134 2024 193 40 ådagalagt,
1355 2027 50 28 att
1433 2027 149 29 svenska
1607 2027 140 39 kyrkan

244 2072 62 29 bör
333 2082 84 20 vara
444 2073 55 29 väl
528 2073 180 30 företrädd
736 2074 57 30 vid
822 2074 397 40 Augustana-synodens
1251 2076 319 40 100-årsjubileum.
1600 2077 75 30 Den
1705 2087 42 20 av

245 2123 254 40 ärkebiskopen
523 2124 147 30 tillsatta
693 2124 229 30 kommitténs
946 2125 132 39 förslag
1100 2126 53 29 till
1178 2126 205 40 deltagande
1407 2127 11 29 i
1440 2127 145 39 jubileet
1609 2128 65 30 har
1698 2128 49 29 bi-

243 2174 104 29 trätts
374 2183 43 20 av
443 2174 395 40 departementschefen.
866 2175 72 30 Mot
965 2176 41 30 de
1034 2176 123 39 gjorda
1184 2177 463 40 kostnadsberäkningarna,
1678 2178 69 30 slu-

243 2224 104 29 tande
365 2224 20 29 å
403 2224 41 30 56
459 2225 62 29 000
539 2225 141 34 kronor,
700 2225 64 30 har
782 2225 74 30 icke
875 2226 105 39 något
1001 2229 97 37 synts
1117 2237 83 20 vara
1219 2229 50 28 att
1288 2228 125 30 erinra.

289 2324 175 30 Utskottet
492 2335 101 20 anser
620 2326 11 29 i
660 2326 110 30 likhet
798 2327 78 29 med
905 2327 387 40 departementschefen
1320 2329 179 39 naturligt,
1529 2331 49 29 att
1608 2330 138 39 Sverige

243 2374 62 30 bör
329 2375 70 30 låta
425 2375 51 39 sig
500 2378 258 37 representeras
783 2377 56 30 vid
864 2378 41 29 de
930 2378 188 39 planerade
1144 2379 263 39 festligheterna
1432 2380 11 29 i
1470 2380 169 30 samband
1666 2381 79 29 med

242 2425 287 40 pionjärjubileet
556 2426 4 30 i
582 2426 185 31 Amerikas
789 2428 150 30 Förenta
961 2429 112 29 Stater
1094 2429 237 31 innevarande
1353 2430 48 30 år.
1424 2431 183 30 Likaledes
1629 2431 118 29 finner
