2231 2729
705 217 257 35 Stats-Utskottets
988 222 160 35 Utlåtande
1174 224 60 35 N-o
1259 227 49 31 15.
1789 241 16 28 9

207 291 195 37 användas
431 292 56 37 till
517 295 198 38 utförande
744 299 41 36 af
809 299 63 37 det
899 306 133 44 större,
1061 304 118 37 redan
1211 307 207 50 påbörjade
1455 311 350 52 byggnadsarbete,

206 341 153 37 hvartill
387 344 176 49 anslaget
591 346 63 37 vid
686 350 93 36 1873
809 354 58 33 års
896 352 159 51 riksdag
1083 355 189 51 beviljats,
1302 366 98 31 samt
1433 367 54 32 att
1522 364 160 38 sålunda
1722 367 84 37 skäl

204 392 84 37 icke
330 393 226 40 förefunnits
594 403 54 31 att
680 406 177 44 uppsäga
884 403 218 40 kontraktet
1130 407 87 50 förr,
1247 415 47 31 än
1322 411 182 49 fångarne
1532 415 57 37 för
1618 416 103 38 detta
1750 431 55 24 ar-

204 443 87 37 bete
321 445 258 49 erfordrades;
608 450 165 49 hvadan,
802 454 71 35 och
898 454 46 37 då
963 455 11 36 i
990 456 108 50 fråga
1113 460 166 37 varande
1295 462 341 50 byggnadsarbete
1652 468 151 39 komme

204 500 55 31 att
285 496 122 36 under
434 497 257 41 innevarande
721 505 39 34 år
787 503 193 40 bedrifvas
1009 508 11 35 i
1049 514 121 32 större
1200 512 239 51 omfattning,
1468 516 218 39 kontraktet
1720 520 84 37 blif-

203 546 56 36 vit
285 546 58 36 till
371 549 250 48 upphörande
649 553 88 36 med
765 559 108 33 nästa
901 557 107 49 April
1036 561 137 37 månad
1200 561 206 57 uppsagdt.

303 598 73 36 Det
416 599 41 37 af
491 601 254 40 Revisorerne
787 606 226 51 åberopade,
1054 610 65 37 vid
1155 612 232 40 berättelsen
1418 617 11 36 i
1458 618 150 38 afskrift
1635 617 167 59 bilagda,

205 647 73 37 den
306 651 46 34 28
380 650 213 39 December
623 656 93 36 1866
745 660 227 46 upprättade
1002 661 190 51 kontrakt,
1220 665 98 38 hade
1347 669 87 35 med
1463 672 39 33 år
1523 673 93 34 1869
1637 674 167 48 upphört

203 704 53 31 att
283 713 90 23 vara
405 702 193 49 gällande,
634 707 71 35 och
746 721 91 23 vore
878 711 121 48 enligt
1039 713 139 49 Kongl.
1220 716 155 38 Brefvet
1416 720 73 36 den
1532 724 18 33 7
1592 723 211 39 December

203 751 165 37 nämnda
396 755 50 45 år,
476 760 84 43 nytt
587 756 181 38 kontrakt
795 761 86 35 med
911 761 242 40 Stockholms
1181 766 223 49 yllefabriks
1442 771 220 51 aktiebolag
1689 775 115 38 afslu-

200 801 93 47 tadt,
322 802 251 50 hvarigenom
603 808 289 51 arbetsstyrkan
921 813 109 37 ökats
1059 815 82 37 från
1172 820 69 35 150
1268 819 58 36 till
1354 823 72 35 200
1454 836 98 35 man,
1589 825 70 36 och
1688 827 114 48 dags-

200 852 291 51 verksafgiften,
521 870 93 34 som,
644 859 122 49 enligt
794 862 139 49 Kongl.
963 865 162 38 Brefven
1156 868 72 37 den
1258 872 44 34 31
1331 872 157 37 Januari
1517 876 94 35 1860
1632 878 71 35 och
1729 879 74 36 den

200 906 46 33 22
274 904 158 38 Januari
464 909 91 35 1861
586 909 57 35 för
674 912 69 35 150
773 926 86 23 man
888 915 120 37 skulle
1037 921 92 44 utgå
1156 920 87 36 med
1272 923 46 34 25
1347 927 76 43 öre,
1452 924 57 37 för
1531 927 178 48 samtlige
1730 931 72 35 200

199 953 184 49 fångarne
412 957 126 38 blifvit
564 959 153 51 förhöjd
744 962 57 37 till
831 966 46 34 30
906 970 75 44 öre,
1011 974 98 30 samt
1136 969 10 35 i
1176 970 116 49 öfrigt
1325 974 186 49 stadgats,
1553 983 54 31 att
1647 979 156 49 bolaget

200 1005 123 37 skulle
364 1020 73 35 ega
469 1009 11 35 i
509 1009 67 37 sitt
604 1012 129 37 arbete
761 1013 98 37 intill
888 1016 72 36 den
991 1020 17 33 1
1038 1019 101 37 Mars
1169 1024 39 33 år
1238 1024 93 36 1876
1362 1024 184 51 dagligen
1574 1030 228 47 sysselsätta

199 1058 72 35 200
300 1058 70 35 och
399 1059 166 38 derifrån
592 1061 58 37 till
679 1063 73 37 den
784 1067 16 33 1
831 1066 100 37 Mars
967 1070 94 36 1880
1099 1072 68 36 150
1208 1072 146 50 fångar,
1395 1076 66 37 allt
1501 1083 91 32 utan
1632 1087 169 43 uppsäg-

198 1106 193 50 ningsrätt
417 1109 82 38 från
527 1112 439 52 Fångvårdsstyrelsens
996 1119 93 38 sida.

298 1158 367 42 Statsrevisorernes
695 1168 254 49 anmärkning
978 1170 141 50 derom,
1155 1179 64 43 att,
1252 1175 12 35 i
1292 1176 180 38 afseende
1501 1182 20 33 å
1548 1182 252 49 möjligheten

198 1214 53 31 att
279 1210 143 38 erhålla
450 1226 80 23 mer
559 1214 92 37 eller
679 1217 148 37 mindre
855 1219 230 53 flitskilling,
1113 1224 135 38 sådant
1276 1233 131 42 syntes
1436 1229 192 39 beroende
1670 1234 41 37 af
1745 1235 55 37 in-

197 1259 79 49 sigt
303 1260 11 36 i
342 1262 105 37 vissa
475 1277 103 24 mera
606 1266 153 39 betalda
786 1270 133 48 yrken,
949 1272 92 37 eller
1069 1274 41 36 af
1133 1275 74 37 den
1231 1282 121 33 större
1373 1280 426 55 arbetsskickligheten,

196 1311 222 39 föranledde
440 1313 198 51 Styrelsen
658 1319 136 37 endast
815 1320 56 37 till
900 1322 73 37 den
1001 1324 162 50 erinran,
1193 1333 53 31 att
1275 1329 63 37 det
1365 1331 77 37 lika
1468 1332 84 37 litet
1580 1334 10 35 i
1619 1336 179 39 afseende

196 1365 20 32 å
256 1362 155 49 fångars
454 1367 129 36 arbete
625 1382 82 23 som
749 1371 111 48 eljest
899 1373 55 36 lär
988 1374 127 39 kunna
1142 1377 267 50 förekommas,
1439 1388 54 31 att
1521 1384 101 37 olika
1649 1387 86 49 slag
1763 1389 41 37 af

196 1413 129 37 arbete
346 1415 197 38 äfvensom
564 1419 101 37 olika
685 1422 96 47 grad
802 1423 41 36 af
857 1423 302 53 arbetsförmåga
1183 1430 71 37 och
1283 1432 234 50 skicklighet
1544 1435 126 40 lemna
1697 1439 101 38 olika

195 1464 309 40 arbetsinkomst.

296 1516 267 50 Olägenheten
591 1521 41 37 af
654 1522 204 50 fångarnes
888 1527 241 40 öfverlåtelse
1158 1531 11 36 i
1198 1537 120 33 större
1352 1536 101 36 antal
1488 1540 37 33 åt
1552 1544 245 45 entreprenö-

194 1579 60 23 rer
283 1568 71 36 och
383 1569 64 36 det
475 1570 111 38 deraf
608 1572 191 40 beroende
827 1578 335 50 premiesystemet
1196 1583 99 37 hade
1336 1587 211 38 emellertid
1589 1591 208 47 ingalunda

194 1617 98 37 varit
325 1619 42 36 af
389 1620 418 53 Fångvårdsstyrelsen
835 1628 209 49 förbisedd,
1085 1638 91 31 utan
1204 1634 65 37 vid
1297 1636 91 37 flera
1414 1637 176 39 tillfällen
1621 1641 176 38 framhål-

195 1668 61 36 len
297 1672 126 34 såsom
466 1673 117 36 motiv
624 1675 58 36 för
723 1676 218 50 Styrelsens
969 1682 171 47 yrkande
1168 1687 48 46 på
1244 1687 246 38 anskaffande
1519 1690 41 36 af
1583 1692 213 38 ändamåls-

195 1719 127 49 enliga
350 1720 194 50 fängelser
572 1725 71 36 och
666 1727 144 48 jemväl
838 1729 124 49 ingått
989 1732 115 38 bland
1132 1736 219 47 grunderna
1378 1738 57 37 för
1463 1740 47 37 de
1538 1741 11 36 i
1578 1755 133 26 senare
1739 1745 56 37 tid

196 1769 55 37 för
279 1771 136 38 sådant
443 1775 174 37 ändamål
646 1777 192 50 beviljade
867 1782 144 48 anslag.

292 1822 89 37 Med
422 1825 210 50 anledning
673 1828 40 36 af
741 1829 73 37 den
855 1834 254 49 anmärkning
1146 1838 93 35 1873
1274 1841 58 33 års
1368 1839 203 40 Revisorer
1598 1845 114 49 gjort,
1742 1852 53 31 att

195 1871 73 36 den
296 1873 318 52 arbetsförtjenst,
644 1891 94 36 som,
767 1882 121 36 under
916 1884 101 37 olika
1044 1885 288 52 benämningar,
1362 1891 159 38 kommit
1550 1894 45 37 de
1625 1898 20 33 å
1672 1898 122 36 straff-

193 1923 72 36 och
293 1924 375 51 arbetsfängelserna
695 1931 157 49 intagne
880 1933 135 50 fångar
1041 1936 57 37 till
1128 1938 72 48 del,
1229 1940 100 37 visat
1356 1942 61 48 sig
1443 1943 127 39 kunna
1589 1951 130 45 uppgå
1737 1949 58 36 till

193 1976 42 33 så
262 1974 101 49 höga
398 1976 151 51 belopp,
584 1986 54 31 att
673 1981 45 37 de
752 1983 108 37 torde
889 1985 211 50 öfverstiga
1127 1989 101 37 hvad
1257 1991 73 37 den
1363 1993 69 37 frie
1461 1996 199 38 arbetaren
1688 1999 11 35 i
1728 2000 65 36 all-

192 2026 155 36 mänhet
374 2027 74 37 kan
477 2032 125 34 såsom
631 2032 210 51 besparing
868 2036 179 48 påräkna,
1075 2039 98 37 hade
1201 2042 118 37 redan
1345 2044 65 36 vid
1430 2046 166 38 sistlidet
1618 2051 58 35 års
1696 2051 97 36 riks-

193 2075 77 49 dag
301 2077 196 39 Utskottet
528 2081 57 36 till
618 2096 47 22 en
700 2084 62 36 del
794 2086 98 48 tagit
926 2088 113 37 dessa
1066 2089 129 49 frågor
1222 2093 11 35 i
1262 2093 295 53 öfvervägande,
1587 2113 86 23 men
1703 2107 90 32 enär

193 2126 134 37 dervid
359 2131 213 48 upplystes,
608 2133 64 37 det
706 2135 139 49 Kongl.
875 2138 419 52 Fångvårdsstyrelsen
1321 2146 119 37 redan
1468 2148 47 36 då
1542 2150 123 37 skulle
1694 2155 99 35 varit

192 2177 159 38 betänkt
377 2183 48 46 på
453 2183 198 47 åtgärders
683 2185 233 49 vidtagande
943 2190 58 36 till
1029 2192 338 41 åstadkommande
1396 2197 41 37 af
1452 2200 118 36 andra
1588 2201 204 39 förhållan-

192 2228 85 48 den,
306 2230 97 37 hade
432 2232 197 38 Utskottet
659 2236 30 48 ej
719 2237 125 37 funnit
871 2239 62 48 sig
961 2241 47 35 då
1034 2242 91 37 böra
1143 2244 192 49 tillstyrka
1354 2247 234 50 vidtagande
1609 2252 41 36 af
1663 2256 127 46 någon

191 2280 136 46 åtgärd
356 2281 80 37 från
464 2283 245 51 Riksdagens
738 2288 94 37 sida.
887 2290 57 36 Då
971 2291 133 49 frågan
1131 2308 50 23 nu
1210 2297 212 38 emellertid
1451 2303 78 34 åter
1548 2302 126 38 blifvit
1692 2305 97 37 före-

290 2345 64 25 DBih.
374 2346 42 25 till
432 2348 98 25 Biksd.
551 2350 74 25 Prot.
650 2351 82 26 1875.
769 2353 16 24 4
806 2353 85 26 Saml.
932 2356 12 23 1
965 2356 68 32 Afd.
1074 2359 34 23 12
1127 2358 79 33 Häft.
1676 2373 13 21 2
