2220 2632
415 194 38 30 18
813 186 348 33 Jordbrulsutskottets
1183 181 167 33 utlåtande
1372 181 49 30 Nr
1446 180 71 31 103.

499 270 133 48 Enligt
661 267 258 48 utredningen
947 265 12 36 i
986 263 157 37 ärendet
1171 261 123 38 skulle
1321 258 161 38 berörda
1507 256 147 48 förslag
1674 255 58 36 till
1751 255 236 36 lantmäteri-

370 330 88 30 taxa
485 321 174 37 medföra
686 333 46 23 en
761 319 147 47 ökning
937 330 46 22 av
1013 314 265 50 gottgörelsen
1307 312 58 36 till
1393 310 225 36 lantmätare
1643 307 85 36 med
1748 308 49 34 40
1819 312 167 42 procent,

370 388 117 23 varav
518 375 82 34 18.6
632 376 158 45 procent
820 370 135 47 belöpa
983 370 48 46 på
1060 366 169 44 arbeten,
1259 378 82 23 som
1371 362 212 37 tillkomma
1611 362 48 46 på
1679 358 125 49 grund
1826 371 47 22 av
1893 361 95 31 mät-

371 424 419 51 ningsförordningens
830 419 300 44 bestämmelser,
1165 418 72 35 och
1266 419 85 34 21.4
1383 419 157 45 procent
1568 416 139 43 utgöra
1734 409 151 47 verklig
1914 408 74 36 för-

371 478 173 47 bättring
586 489 47 23 av
676 476 71 35 den
789 473 258 36 lantmätarna
1088 468 290 37 tillkommande
1407 464 230 47 ersättning.
1693 462 296 36 Lantmätarnas

371 530 168 37 inkomst
580 529 11 35 i
635 527 96 36 form
774 539 46 22 av
862 522 239 50 gottgörelse
1143 520 59 36 för
1236 519 121 36 utfört
1386 517 128 36 arbete
1542 515 174 36 kommer
1745 512 160 37 sålunda
1935 517 55 30 att

372 583 93 35 ökas
508 579 86 38 med
636 579 13 35 i
690 583 89 31 runt
821 576 53 36 tal
913 576 47 35 20
990 577 157 46 procent
1176 571 89 36 eller
1292 582 146 24 samma
1465 566 224 50 procenttal,
1718 564 153 37 varmed
1901 564 89 48 dag-

372 633 160 37 arvodet
560 631 113 48 höjts.

503 680 433 52 Departementschefen
979 678 67 35 har
1086 674 238 38 beträffande
1359 673 123 36 denna
1511 671 109 47 fråga
1649 669 126 36 anfört
1805 667 184 48 följande:

505 735 105 36 »Mot
638 733 73 36 den
740 746 47 22 av
811 727 517 41 lantmäterikommissionen
1349 722 220 50 tillämpade
1589 721 210 49 principen,
1821 724 55 30 att
1895 719 96 35 lant-

374 793 174 32 mätarna
577 786 119 46 skola,
726 789 134 31 utöver
889 781 279 37 löneförmåner
1197 783 98 31 samt
1323 774 288 39 resekostnads-
1632 773 72 35 och
1723 771 269 36 traktaments-

374 839 215 47 ersättning
631 851 47 22 av
706 834 233 46 statsmedel,
969 832 140 37 erhålla
1138 830 137 37 liksom
1304 828 134 36 hittills
1468 824 236 51 gottgörelse
1730 837 46 22 av
1806 821 187 49 sakägare

373 893 61 35 för
462 892 119 35 utfört
610 889 127 36 arbete
766 888 71 36 och
866 891 55 31 att
950 885 123 36 denna
1102 881 236 49 gottgörelse
1367 879 95 36 skall
1490 878 12 35 i
1530 876 106 48 regel
1666 877 93 46 utgå
1778 874 94 37 efter
1892 879 99 40 taxa,

374 956 113 37 synes
521 942 81 48 mig
630 941 84 36 icke
743 942 120 46 något
891 950 92 23 vara
1012 941 54 31 att
1095 933 177 38 invända.
1329 930 334 37 Kommissionens
1690 925 236 48 taxeförslag
1954 929 41 31 är

376 996 125 49 byggt
543 996 49 47 på
634 993 73 36 den
748 989 286 48 förutsättning,
1078 992 54 31 att
1173 986 258 36 lantmätarna
1472 981 106 37 skola
1611 980 130 36 kunna
1769 977 225 49 därigenom

375 1047 142 37 erhålla
559 1059 46 23 en
648 1043 271 49 dagsinkomst
961 1054 46 23 av
1050 1041 45 34 12
1139 1038 139 36 kronor
1319 1036 56 35 för
1412 1037 21 33 8
1462 1034 171 35 timmars
1665 1031 136 36 arbete.
1859 1029 136 36 Denna

375 1097 294 50 utgångspunkt
710 1107 113 36 synes
865 1093 82 48 mig
989 1092 89 35 böra
1120 1089 239 48 godkännas.
1417 1084 307 37 Kommissionen
1766 1082 68 35 har
1862 1081 134 47 längre

377 1151 94 35 fram
491 1150 13 35 i
524 1150 65 35 sitt
613 1146 194 37 utlåtande
829 1143 198 37 verkställt
1047 1141 197 47 åtskilliga
1262 1137 257 47 beräkningar
1539 1133 198 51 angående
1757 1133 74 36 den
1850 1131 145 36 brutto-

376 1203 70 35 och
475 1199 286 45 nettoinkomst,
782 1210 81 23 som
887 1198 60 34 må
968 1200 160 42 antagas
1148 1192 227 47 härigenom
1395 1187 318 49 tillgodokomma
1728 1186 267 43 lantmätarna,

377 1258 98 31 samt
516 1251 166 37 därefter
725 1249 183 36 beräknat
946 1246 191 37 storleken
1177 1257 47 22 av
1262 1242 72 36 den
1362 1239 294 47 statsavlöning,
1686 1250 82 23 som
1795 1236 71 36 bör
1894 1234 102 36 med-

376 1306 112 47 givas
531 1304 57 35 för
631 1307 55 31 att
727 1302 254 35 lantmätarna
1010 1297 106 37 skola
1145 1294 145 38 erhålla
1317 1292 160 49 lämplig
1504 1290 273 37 totalinkomst.
1834 1287 16 36 I
1880 1286 118 36 likhet

378 1356 84 37 med
504 1354 301 38 kommissionen
847 1364 110 23 anser
998 1350 65 47 jag
1098 1348 105 36 detta
1230 1346 363 47 tillvägagångssätt
1621 1341 63 36 vid
1713 1339 282 44 behandlingen

379 1422 46 23 av
453 1406 251 38 förevarande
733 1405 109 47 fråga
870 1402 187 49 lämpligt.
1102 1400 57 35 Då
1183 1399 70 48 jag
1283 1410 110 23 anser
1420 1394 319 37 kommissionens
1763 1391 236 46 taxeförslag

382 1460 90 36 böra
500 1459 12 35 i
542 1458 65 36 allt
635 1456 209 47 väsentligt
873 1454 117 35 vinna
1017 1449 296 52 godkännande,
1342 1448 69 37 bör
1440 1446 121 45 alltså,
1582 1446 125 35 därest
1727 1446 125 45 någon
1870 1442 128 48 jämk-

379 1512 95 47 ning
502 1513 61 33 må
583 1509 124 35 finnas
733 1508 90 34 böra
843 1506 66 35 ske
935 1505 6 35 i
961 1503 322 37 kommissionens
1305 1499 146 46 förslag
1469 1496 237 38 beträffande
1724 1496 275 35 lantmätarnas

379 1560 288 49 sammanlagda
696 1557 363 51 tjänsteinkomster,
1090 1554 104 36 detta
1222 1552 68 36 ske
1319 1563 141 36 genom
1490 1548 224 47 minskning
1743 1560 45 22 av
1808 1546 72 36 den
1901 1545 98 36 före-

380 1616 134 46 slagna
546 1610 343 47 statsavlöningen.

509 1664 84 37 Vad
637 1662 176 37 beträffar
855 1660 46 36 de
944 1657 190 39 särskilda
1171 1654 337 39 bestämmelserna
1536 1653 12 35 1
1578 1650 272 48 taxeförslaget
1884 1661 116 36 synas

381 1719 194 35 desamma
603 1715 84 36 icke
715 1714 89 48 giva
833 1711 210 47 anledning
1069 1710 58 35 till
1155 1711 121 45 några
1304 1705 216 48 väsentliga
1548 1702 297 48 anmärkningar
1866 1705 136 31 utöver

380 1769 73 36 vad
478 1764 405 50 lantmäteristyrelsen
904 1763 12 35 i
935 1763 101 36 vissa
1056 1759 243 38 hänseenden
1321 1756 215 38 framhållit.
1584 1755 86 36 Vad
1691 1753 153 37 särskilt
1864 1752 137 48 frågan

381 1834 61 23 om
482 1821 106 35 lösen
630 1819 59 35 för
729 1815 202 49 kartkopia
961 1814 223 36 ankommer
1213 1823 114 37 synes
1356 1809 81 48 mig
1464 1805 411 48 lantmäteristyrelsen
1904 1803 98 36 hava

381 1873 97 48 givit
505 1871 103 48 goda
637 1869 82 37 skäl
748 1869 58 35 för
835 1868 66 35 sitt
930 1864 345 49 ändringsförslag.
1331 1861 75 36 För
1435 1860 126 47 övrigt
1587 1858 108 36 torde
1710 1858 70 48 jag
1800 1855 202 37 framdeles

383 1924 64 36 vid
489 1922 180 37 anmälan
711 1921 57 35 för
800 1918 144 49 Kungl.
976 1917 104 48 Maj:t
1110 1929 46 23 av
1184 1915 136 48 frågan
1350 1926 62 22 om
1440 1910 227 38 utfärdande
1696 1922 45 23 av
1769 1922 51 35 ny
1849 1914 88 29 taxa
1968 1906 35 35 få

384 1981 173 31 närmare
584 1975 94 46 ingå
706 1975 49 46 på
783 1971 44 36 de
856 1969 177 51 speciella
1062 1966 351 38 bestämmelserna.

515 2026 134 37 Såsom
679 2023 298 37 kommissionen
1007 2019 207 37 framhållit
1243 2017 121 37 skulle
1393 2028 139 36 genom
1554 2014 75 36 den
1650 2012 219 47 föreslagna
1888 2016 116 30 taxan

383 2078 267 50 gottgörelsen
693 2076 55 36 till
775 2075 257 35 lantmätarna
1060 2072 156 35 komma
1245 2074 55 31 att
1329 2068 93 37 ökas
1453 2066 84 37 med
1567 2065 162 48 ungefär
1757 2065 48 35 40
1835 2066 169 46 procent,

383 2144 116 23 varav
534 2129 97 36 dock
661 2133 91 31 nära
780 2126 149 36 hälften
958 2125 111 36 beror
1098 2137 48 22 av
1176 2121 168 44 arbeten,
1374 2132 82 24 som
1485 2118 213 36 tillkomma
1725 2118 49 46 på
1802 2113 126 50 grund
1959 2126 46 22 av

384 2179 496 50 mätningsförordningens
910 2175 287 38 bestämmelser
1226 2173 71 36 och
1321 2172 129 35 därför
1469 2176 213 30 motsvaras
1703 2181 46 22 av
1768 2167 89 36 ökat
1877 2165 129 35 arbete

385 2234 72 36 och
478 2232 213 37 kostnader.
728 2230 81 37 Den
828 2229 175 47 verkliga
1023 2225 369 47 inkomstökningen
1412 2223 69 35 har
1496 2221 244 49 uppskattats
1753 2218 56 35 till
1826 2216 181 48 omkring

387 2287 47 34 20
477 2289 170 45 procent.
705 2283 16 35 I
750 2280 251 38 betraktande
1032 2292 46 23 av
1107 2284 54 30 att
1190 2277 46 36 de
1266 2275 118 37 totala
1413 2273 255 37 kostnaderna
1693 2270 58 36 för
1770 2268 236 38 lantmäteri-
