2185 2691
433 168 40 32 32
804 169 401 35 Konstitutionsutskottets
1239 172 170 32 Utlåtande
1431 173 62 33 N:o
1516 175 52 31 2ö.

389 262 80 24 som
511 253 65 33 äro
619 249 41 37 af
693 254 111 33 natur
834 255 53 32 att
914 251 107 49 ligga
1047 251 104 37 inom
1180 251 46 38 de
1255 252 166 38 nämnda
1450 256 64 34 två
1542 254 219 38 utskottens
1789 256 194 37 verksam-

388 302 280 48 hetsområden,
699 302 122 38 skulle
851 303 228 50 visserligen
1108 309 54 32 ett
1190 310 96 32 stort
1316 306 102 36 antal
1447 307 42 36 af
1513 306 46 38 de
1582 308 180 49 ärenden,
1784 322 80 24 som
1885 309 99 38 förut

387 355 207 50 handlagts
622 355 40 38 af
686 355 194 51 tillfälliga
907 357 161 49 utskott,
1094 357 36 37 få
1160 371 47 24 en
1235 358 159 51 lämplig
1420 359 420 53 utskottsbehandling.
1896 362 89 38 Men

386 408 246 49 naturligtvis
662 412 141 34 återstå
831 410 96 37 dock
948 410 105 37 alltid
1073 411 195 50 åtskilliga
1288 412 141 50 frågor,
1450 426 80 23 som
1550 414 83 37 icke
1652 415 132 37 kunna
1802 416 182 36 inordnas

385 461 122 38 under
535 464 121 47 något
684 462 40 37 af
750 462 45 37 de
820 462 59 50 sju
898 463 162 49 utskott,
1081 464 130 36 hvilka
1230 465 115 36 hafva
1363 465 96 37 hvar
1478 466 59 37 för
1557 467 61 48 sig
1637 467 96 37 visst
1752 468 233 50 begränsadt

386 514 164 37 område.
607 515 121 37 Dessa
768 516 167 37 ärenden
978 521 64 33 äro
1085 517 96 37 dock
1222 517 82 38 icke
1344 517 93 38 flera
1478 523 48 32 än
1567 524 55 32 att
1655 520 46 37 de
1729 521 85 37 med
1843 526 142 33 största

384 567 139 37 lätthet
563 567 131 37 kunna
733 568 208 37 behandlas
979 569 40 37 af
1044 574 43 33 ett
1116 570 172 50 ständigt
1314 570 148 38 utskott
1489 572 86 37 med
1604 585 144 25 samma
1776 573 206 39 ledamots-

386 621 101 36 antal
517 633 81 24 som
626 620 264 50 lagutskottet.

513 672 115 38 Detta
657 673 190 37 allmänna
870 675 149 36 utskott
1039 675 122 37 skulle
1180 676 115 36 hafva
1315 680 54 33 att
1389 677 219 50 handlägga
1628 678 72 37 alla
1720 679 141 37 sådana
1880 680 101 37 inom

386 725 210 48 riksdagen
638 726 137 36 väckta
811 726 143 48 frågor,
998 740 81 23 som
1107 728 83 36 icke
1219 728 152 36 tillhöra
1400 729 125 48 öfriga
1553 730 166 36 utskotts
1747 731 237 50 behandling

386 776 93 37 eller
518 781 85 33 röra
644 777 220 49 någondera
904 778 220 38 kammaren
1167 780 174 48 enskildt,
1383 793 89 25 men
1505 781 97 38 dock
1630 786 64 34 äro
1724 782 41 38 af
1788 788 113 33 natur
1929 789 55 32 att

385 829 91 37 böra
504 829 225 50 hänskjutas
757 831 58 36 till
844 831 166 38 utskotts
1040 832 276 38 förberedande
1346 834 305 51 handläggning.

511 934 55 37 De
608 935 178 49 ärenden,
829 949 81 23 som
952 936 134 38 hittills
1106 937 231 38 remitterats
1365 938 59 37 till
1452 938 193 50 tillfälliga
1672 940 158 48 utskott,
1861 941 121 37 skulle

384 987 110 36 alltså
523 988 122 49 enligt
673 988 266 50 föreliggande
962 989 146 50 förslag
1133 990 231 38 tillsamman
1388 992 86 36 med
1498 991 194 50 åtskilliga
1713 992 118 38 andra
1849 993 132 49 frågor

383 1039 166 37 fördelas
589 1043 49 47 på
672 1045 52 33 tre
752 1041 177 49 ständiga
957 1042 156 37 utskott.
1170 1042 86 38 Ifall
1284 1043 125 38 denna
1437 1044 216 50 anordning
1680 1045 98 37 varit
1806 1046 177 49 gällande

382 1092 65 36 vid
475 1092 258 38 innevarande
763 1096 61 35 års
851 1094 170 50 riksdag,
1040 1095 132 38 skulle
1201 1096 46 37 de
1277 1098 45 35 31
1354 1097 198 48 motioner,
1582 1111 81 23 som
1682 1097 12 37 i
1713 1098 131 37 Andra
1863 1099 119 37 Kam-

382 1158 130 23 maren
539 1158 93 24 voro
662 1146 136 36 väckta
826 1147 64 36 vid
919 1147 73 36 den
1021 1148 189 37 ordinarie
1238 1149 292 37 motionstidens
1558 1153 152 46 utgång
1738 1151 70 37 och
1837 1165 81 23 som
1944 1153 42 36 af

379 1197 220 37 kammaren
639 1198 261 37 remitterades
944 1199 58 37 till
1042 1200 76 36 fem
1160 1200 192 49 tillfälliga
1380 1201 158 48 utskott,
1567 1202 13 35 i
1608 1202 127 36 stället
1763 1202 115 37 hafva
1907 1204 75 36 för-

381 1248 122 37 delats
531 1249 176 38 sålunda:

513 1319 49 31 till
593 1319 347 33 kommunalutskottet:
976 1322 185 30 motionerna
1193 1333 45 19 nr
1263 1324 26 34 1,
1315 1324 51 34 76,
1392 1323 61 30 100
1478 1323 54 30 och
1558 1324 60 30 102
1644 1323 90 39 (skol-
1759 1324 55 30 och
1838 1324 143 40 kyrkliga

378 1371 113 39 frågor)
504 1382 7 25 ;

511 1425 50 31 till
595 1424 279 33 domänutskottet:
903 1437 45 20 nr
973 1428 48 33 18,
1045 1428 51 36 46,
1122 1429 48 35 78,
1196 1428 48 36 95,
1272 1427 69 37 142,
1368 1429 69 36 163,
1464 1429 70 36 202,
1559 1427 72 37 207,
1658 1429 60 28 211
1745 1429 53 30 och
1824 1430 60 30 212
1909 1430 74 40 (alla

382 1467 46 30 till
453 1467 95 40 fjärde
571 1468 158 40 tillfälliga
751 1468 150 32 utskottet
932 1471 191 30 remitterade
1146 1471 146 30 motioner
1315 1476 79 26 samt
1416 1472 150 30 dessutom
1590 1471 101 41 frågor
1713 1483 47 19 om
1781 1473 70 38 jakt
1874 1484 38 21 m.
1929 1479 53 34 m.)

508 1520 48 32 till
590 1521 166 32 allmänna
794 1522 161 33 utskottet:
988 1534 45 20 nr
1067 1527 30 33 4,
1132 1526 28 35 5,
1196 1526 28 36 6,
1253 1525 49 36 25,
1327 1525 50 36 32,
1403 1526 50 36 37,
1477 1526 51 36 41,
1553 1526 50 37 42,
1628 1527 50 36 57,
1704 1527 49 38 91,
1779 1527 48 36 92,
1854 1528 50 35 96,
1932 1528 50 35 97;

379 1574 70 35 124,
475 1575 70 35 147,
572 1575 59 29 159
656 1576 54 28 och
736 1576 62 29 180
823 1575 112 40 (frågor
958 1576 10 29 i
990 1576 101 30 skilda
1114 1577 133 40 ämaen),

508 1634 81 38 Och
631 1636 268 38 motsvarande
942 1639 20 34 3
997 1638 187 37 motioner
1213 1639 11 36 i
1252 1639 135 37 Första
1427 1639 231 37 Kammaren
1699 1639 122 37 skulle
1861 1640 115 37 hafva

375 1686 125 38 blifvit
528 1690 48 47 på
604 1686 168 51 följande
801 1693 76 32 sätt
904 1689 263 38 remitterade:

504 1758 50 31 till
577 1756 344 33 kommunalutskottet:
944 1759 189 30 motionerna
1155 1770 46 19 n:r
1226 1761 35 29 11
1288 1760 55 30 och
1368 1762 54 35 25;

504 1811 50 31 till
577 1810 168 32 allmänna
768 1811 167 32 utskottet:
957 1823 45 19 n:r
1028 1814 47 29 10.

505 1880 207 36 Allmänna
753 1881 188 36 utskottet
982 1882 120 36 skulle
1145 1881 113 38 alltså
1300 1882 65 37 vid
1396 1882 240 50 Riksdagens
1664 1883 137 50 början
1828 1885 76 37 fått
1934 1886 45 36 17

376 1931 191 38 motioner
604 1932 84 36 från
717 1932 132 37 Andra
877 1933 71 37 och
979 1934 17 35 1
1028 1934 145 37 motion
1200 1934 87 37 från
1314 1934 136 38 Första
1476 1935 245 38 Kammaren.
1778 1936 71 38 Om
1877 1938 12 35 i
1917 1937 64 38 be-

375 1984 204 37 traktande
607 1989 121 44 tages,
759 1990 56 31 att
842 1985 121 37 under
991 1985 241 51 Riksdagens
1260 1987 90 49 lopp
1378 1988 225 48 ytterligare
1632 1988 195 50 åtskilliga
1852 1990 128 49 frågor

375 2036 227 48 tillkomma,
632 2036 76 36 kan
737 2041 172 45 antagas,
939 2043 55 31 att
1022 2041 49 46 på
1099 2039 207 37 utskottets
1334 2039 72 37 lott
1434 2039 121 37 skulle
1585 2040 152 37 komma
1767 2047 54 31 att
1845 2042 133 37 utreda

377 2089 117 48 högst
523 2093 54 32 ett
606 2089 121 36 30-tal
755 2090 198 36 motioner.
1008 2090 119 37 Dessa
1155 2091 101 49 gälla
1287 2091 224 50 visserligen
1541 2092 12 36 i
1573 2095 41 34 år
1641 2095 41 34 så
1700 2093 122 37 skilda
1842 2099 136 32 ämnen

378 2153 81 23 som
510 2154 60 23 om
619 2140 168 38 bärande
834 2142 41 36 af
915 2141 178 50 uniform,
1140 2143 316 49 arbetslösheten,
1498 2144 479 52 moderskapsförsäkring,

373 2192 435 50 vaccinationstvånget,
853 2193 119 38 förste
1013 2195 675 51 provinsialläkarebefattningarnas
1728 2197 250 51 indragande,

369 2245 310 49 järnvägstaxor,
722 2245 217 51 ersättning
979 2249 38 34 åt
1058 2247 210 37 ledamöter
1309 2248 40 36 af
1386 2248 412 50 inskrifningsnämnd,
1832 2250 79 37 dito
1941 2253 38 34 åt

374 2296 165 38 skadade
567 2297 272 50 värnpliktige,
867 2298 278 50 förordningen
1174 2313 60 24 om
1265 2300 358 50 expeditionslösen,
1643 2301 173 38 lotterier
1836 2315 32 24 o.
1890 2315 29 24 s.
1940 2316 36 24 v.
