<?xml version="1.0" encoding="UTF-8"?>
<alto xmlns="http://www.loc.gov/standards/alto/ns-v3#" xmlns:xlink="http://www.w3.org/1999/xlink" xmlns:xsi="http://www.w3.org/2001/XMLSchema-instance" xsi:schemaLocation="http://www.loc.gov/standards/alto/ns-v3# http://www.loc.gov/alto/v3/alto-3-0.xsd">
	<Description>
		<MeasurementUnit>pixel</MeasurementUnit>
		<sourceImageInformation>
			<fileName>/tmp/tess_kao4bnnn_input.PNG</fileName>
		</sourceImageInformation>
		<OCRProcessing ID="OCR_0">
			<ocrProcessingStep>
				<processingSoftware>
					<softwareName>tesseract 5.3.0</softwareName>
				</processingSoftware>
			</ocrProcessingStep>
		</OCRProcessing>
	</Description>
	<Layout>
		<Page WIDTH="2203" HEIGHT="2690" PHYSICAL_IMG_NR="0" ID="page_0">
			<PrintSpace HPOS="0" VPOS="0" WIDTH="2203" HEIGHT="2690">
				<ComposedBlock ID="cblock_0" HPOS="454" VPOS="165" WIDTH="1128" HEIGHT="37">
					<TextBlock ID="block_0" HPOS="454" VPOS="165" WIDTH="1128" HEIGHT="37">
						<TextLine ID="line_0" HPOS="454" VPOS="165" WIDTH="1128" HEIGHT="37">
							<String ID="string_0" HPOS="454" VPOS="165" WIDTH="39" HEIGHT="32" WC="0.95" CONTENT="52"/><SP WIDTH="335" VPOS="165" HPOS="493"/>
							<String ID="string_1" HPOS="828" VPOS="167" WIDTH="400" HEIGHT="35" WC="0.90" CONTENT="Konstitutionsutskottets"/><SP WIDTH="29" VPOS="167" HPOS="1228"/>
							<String ID="string_2" HPOS="1257" VPOS="167" WIDTH="168" HEIGHT="35" WC="0.95" CONTENT="Utlåtande"/><SP WIDTH="22" VPOS="167" HPOS="1425"/>
							<String ID="string_3" HPOS="1447" VPOS="169" WIDTH="62" HEIGHT="33" WC="0.94" CONTENT="N:o"/><SP WIDTH="23" VPOS="169" HPOS="1509"/>
							<String ID="string_4" HPOS="1532" VPOS="171" WIDTH="50" HEIGHT="31" WC="0.93" CONTENT="25."/>
						</TextLine>
					</TextBlock>
				</ComposedBlock>
				<ComposedBlock ID="cblock_1" HPOS="403" VPOS="246" WIDTH="778" HEIGHT="898">
					<TextBlock ID="block_1" HPOS="619" VPOS="246" WIDTH="380" HEIGHT="44">
						<TextLine ID="line_1" HPOS="619" VPOS="246" WIDTH="380" HEIGHT="44">
							<String ID="string_5" HPOS="619" VPOS="246" WIDTH="214" HEIGHT="42" WC="0.96" CONTENT="(Nuvarande"/><SP WIDTH="23" VPOS="246" HPOS="833"/>
							<String ID="string_6" HPOS="856" VPOS="247" WIDTH="143" HEIGHT="43" WC="0.0" CONTENT="lydelse"/><SP WIDTH="-27" VPOS="247" HPOS="999"/>
							<String ID="string_7" HPOS="972" VPOS="242" WIDTH="30" HEIGHT="52" WC="0.0" CONTENT=":)"/>
						</TextLine>
					</TextBlock>
					<TextBlock ID="block_2" HPOS="403" VPOS="301" WIDTH="778" HEIGHT="843">
						<TextLine ID="line_2" HPOS="407" VPOS="301" WIDTH="772" HEIGHT="50">
							<String ID="string_8" HPOS="407" VPOS="301" WIDTH="135" HEIGHT="36" WC="0.96" CONTENT="därvid"/><SP WIDTH="39" VPOS="301" HPOS="542"/>
							<String ID="string_9" HPOS="581" VPOS="301" WIDTH="191" HEIGHT="38" WC="0.96" CONTENT="erfordras"/><SP WIDTH="37" VPOS="301" HPOS="772"/>
							<String ID="string_10" HPOS="809" VPOS="303" WIDTH="196" HEIGHT="48" WC="0.96" CONTENT="samtycke"/><SP WIDTH="29" VPOS="303" HPOS="1005"/>
							<String ID="string_11" HPOS="1034" VPOS="303" WIDTH="145" HEIGHT="48" WC="0.94" CONTENT="jämväl"/>
						</TextLine>
						<TextLine ID="line_3" HPOS="408" VPOS="351" WIDTH="769" HEIGHT="51">
							<String ID="string_12" HPOS="408" VPOS="353" WIDTH="41" HEIGHT="37" WC="0.95" CONTENT="af"/><SP WIDTH="24" VPOS="353" HPOS="449"/>
							<String ID="string_13" HPOS="473" VPOS="354" WIDTH="162" HEIGHT="38" WC="0.95" CONTENT="allmänt"/><SP WIDTH="26" VPOS="354" HPOS="635"/>
							<String ID="string_14" HPOS="661" VPOS="355" WIDTH="243" HEIGHT="47" WC="0.96" CONTENT="kyrkomöte."/><SP WIDTH="57" VPOS="355" HPOS="904"/>
							<String ID="string_15" HPOS="961" VPOS="351" WIDTH="114" HEIGHT="43" WC="0.93" CONTENT="Öfver"/><SP WIDTH="26" VPOS="351" HPOS="1075"/>
							<String ID="string_16" HPOS="1101" VPOS="357" WIDTH="76" HEIGHT="37" WC="0.92" CONTENT="för-"/>
						</TextLine>
						<TextLine ID="line_4" HPOS="406" VPOS="407" WIDTH="773" HEIGHT="51">
							<String ID="string_17" HPOS="406" VPOS="407" WIDTH="82" HEIGHT="48" WC="0.96" CONTENT="slag"/><SP WIDTH="35" VPOS="407" HPOS="488"/>
							<String ID="string_18" HPOS="523" VPOS="409" WIDTH="197" HEIGHT="48" WC="0.96" CONTENT="angående"/><SP WIDTH="33" VPOS="409" HPOS="720"/>
							<String ID="string_19" HPOS="753" VPOS="409" WIDTH="108" HEIGHT="48" WC="0.96" CONTENT="dylik"/><SP WIDTH="26" VPOS="409" HPOS="861"/>
							<String ID="string_20" HPOS="887" VPOS="410" WIDTH="65" HEIGHT="48" WC="0.96" CONTENT="lag"/><SP WIDTH="28" VPOS="410" HPOS="952"/>
							<String ID="string_21" HPOS="980" VPOS="410" WIDTH="119" HEIGHT="47" WC="0.96" CONTENT="skola,"/><SP WIDTH="29" VPOS="410" HPOS="1099"/>
							<String ID="string_22" HPOS="1128" VPOS="414" WIDTH="51" HEIGHT="44" WC="0.97" CONTENT="på"/>
						</TextLine>
						<TextLine ID="line_5" HPOS="406" VPOS="461" WIDTH="773" HEIGHT="50">
							<String ID="string_23" HPOS="406" VPOS="464" WIDTH="79" HEIGHT="33" WC="0.96" CONTENT="sätt"/><SP WIDTH="33" VPOS="464" HPOS="485"/>
							<String ID="string_24" HPOS="518" VPOS="461" WIDTH="7" HEIGHT="36" WC="0.96" CONTENT="i"/><SP WIDTH="27" VPOS="461" HPOS="525"/>
							<String ID="string_25" HPOS="552" VPOS="473" WIDTH="114" HEIGHT="25" WC="0.96" CONTENT="mom."/><SP WIDTH="34" VPOS="473" HPOS="666"/>
							<String ID="string_26" HPOS="700" VPOS="464" WIDTH="16" HEIGHT="33" WC="0.85" CONTENT="1"/><SP WIDTH="19" VPOS="464" HPOS="716"/>
							<String ID="string_27" HPOS="735" VPOS="468" WIDTH="97" HEIGHT="43" WC="0.85" CONTENT="sägs,"/><SP WIDTH="21" VPOS="468" HPOS="832"/>
							<String ID="string_28" HPOS="853" VPOS="462" WIDTH="234" HEIGHT="39" WC="0.95" CONTENT="Statsrådets"/><SP WIDTH="20" VPOS="462" HPOS="1087"/>
							<String ID="string_29" HPOS="1107" VPOS="464" WIDTH="72" HEIGHT="37" WC="0.96" CONTENT="och"/>
						</TextLine>
						<TextLine ID="line_6" HPOS="405" VPOS="514" WIDTH="774" HEIGHT="48">
							<String ID="string_30" HPOS="405" VPOS="514" WIDTH="147" HEIGHT="48" WC="0.95" CONTENT="Högsta"/><SP WIDTH="20" VPOS="514" HPOS="552"/>
							<String ID="string_31" HPOS="572" VPOS="515" WIDTH="233" HEIGHT="37" WC="0.96" CONTENT="domstolens"/><SP WIDTH="19" VPOS="515" HPOS="805"/>
							<String ID="string_32" HPOS="824" VPOS="516" WIDTH="143" HEIGHT="37" WC="0.95" CONTENT="tankar"/><SP WIDTH="18" VPOS="516" HPOS="967"/>
							<String ID="string_33" HPOS="985" VPOS="517" WIDTH="194" HEIGHT="37" WC="0.96" CONTENT="inhämtas"/>
						</TextLine>
						<TextLine ID="line_7" HPOS="406" VPOS="567" WIDTH="772" HEIGHT="51">
							<String ID="string_34" HPOS="406" VPOS="567" WIDTH="73" HEIGHT="37" WC="0.96" CONTENT="och"/><SP WIDTH="28" VPOS="567" HPOS="479"/>
							<String ID="string_35" HPOS="507" VPOS="567" WIDTH="122" HEIGHT="47" WC="0.95" CONTENT="jämte"/><SP WIDTH="32" VPOS="567" HPOS="629"/>
							<String ID="string_36" HPOS="661" VPOS="569" WIDTH="232" HEIGHT="47" WC="0.96" CONTENT="Konungens"/><SP WIDTH="32" VPOS="569" HPOS="893"/>
							<String ID="string_37" HPOS="925" VPOS="570" WIDTH="253" HEIGHT="48" WC="0.96" CONTENT="proposition,"/>
						</TextLine>
						<TextLine ID="line_8" HPOS="405" VPOS="620" WIDTH="773" HEIGHT="50">
							<String ID="string_38" HPOS="405" VPOS="620" WIDTH="49" HEIGHT="37" WC="0.96" CONTENT="då"/><SP WIDTH="42" VPOS="620" HPOS="454"/>
							<String ID="string_39" HPOS="496" VPOS="620" WIDTH="118" HEIGHT="37" WC="0.96" CONTENT="sådan"/><SP WIDTH="40" VPOS="620" HPOS="614"/>
							<String ID="string_40" HPOS="654" VPOS="625" WIDTH="122" HEIGHT="45" WC="0.93" CONTENT="göres,"/><SP WIDTH="43" VPOS="625" HPOS="776"/>
							<String ID="string_41" HPOS="819" VPOS="622" WIDTH="221" HEIGHT="48" WC="0.93" CONTENT="Riksdagen"/><SP WIDTH="34" VPOS="622" HPOS="1040"/>
							<String ID="string_42" HPOS="1074" VPOS="624" WIDTH="104" HEIGHT="36" WC="0.92" CONTENT="med-"/>
						</TextLine>
						<TextLine ID="line_9" HPOS="405" VPOS="673" WIDTH="773" HEIGHT="51">
							<String ID="string_43" HPOS="405" VPOS="673" WIDTH="114" HEIGHT="37" WC="0.92" CONTENT="delas."/><SP WIDTH="56" VPOS="673" HPOS="519"/>
							<String ID="string_44" HPOS="575" VPOS="674" WIDTH="79" HEIGHT="36" WC="0.92" CONTENT="Har"/><SP WIDTH="34" VPOS="674" HPOS="654"/>
							<String ID="string_45" HPOS="688" VPOS="674" WIDTH="32" HEIGHT="48" WC="0.96" CONTENT="ej"/><SP WIDTH="34" VPOS="674" HPOS="720"/>
							<String ID="string_46" HPOS="754" VPOS="675" WIDTH="154" HEIGHT="49" WC="0.93" CONTENT="förslag,"/><SP WIDTH="29" VPOS="675" HPOS="908"/>
							<String ID="string_47" HPOS="937" VPOS="676" WIDTH="161" HEIGHT="37" WC="0.91" CONTENT="hvarom"/><SP WIDTH="27" VPOS="676" HPOS="1098"/>
							<String ID="string_48" HPOS="1125" VPOS="690" WIDTH="53" HEIGHT="23" WC="0.96" CONTENT="nu"/>
						</TextLine>
						<TextLine ID="line_10" HPOS="404" VPOS="725" WIDTH="775" HEIGHT="50">
							<String ID="string_49" HPOS="404" VPOS="725" WIDTH="110" HEIGHT="48" WC="0.96" CONTENT="fråga"/><SP WIDTH="33" VPOS="725" HPOS="514"/>
							<String ID="string_50" HPOS="547" VPOS="732" WIDTH="52" HEIGHT="40" WC="0.96" CONTENT="är,"/><SP WIDTH="35" VPOS="732" HPOS="599"/>
							<String ID="string_51" HPOS="634" VPOS="726" WIDTH="80" HEIGHT="37" WC="0.96" CONTENT="före"/><SP WIDTH="29" VPOS="726" HPOS="714"/>
							<String ID="string_52" HPOS="743" VPOS="727" WIDTH="136" HEIGHT="46" WC="0.96" CONTENT="början"/><SP WIDTH="29" VPOS="727" HPOS="879"/>
							<String ID="string_53" HPOS="908" VPOS="728" WIDTH="41" HEIGHT="35" WC="0.96" CONTENT="af"/><SP WIDTH="22" VPOS="728" HPOS="949"/>
							<String ID="string_54" HPOS="971" VPOS="729" WIDTH="208" HEIGHT="46" WC="0.96" CONTENT="riksdagen"/>
						</TextLine>
						<TextLine ID="line_11" HPOS="405" VPOS="777" WIDTH="773" HEIGHT="49">
							<String ID="string_55" HPOS="405" VPOS="781" WIDTH="88" HEIGHT="34" WC="0.96" CONTENT="näst"/><SP WIDTH="28" VPOS="781" HPOS="493"/>
							<String ID="string_56" HPOS="521" VPOS="777" WIDTH="98" HEIGHT="38" WC="0.96" CONTENT="efter"/><SP WIDTH="28" VPOS="777" HPOS="619"/>
							<String ID="string_57" HPOS="647" VPOS="779" WIDTH="83" HEIGHT="47" WC="0.96" CONTENT="den,"/><SP WIDTH="28" VPOS="779" HPOS="730"/>
							<String ID="string_58" HPOS="758" VPOS="792" WIDTH="82" HEIGHT="25" WC="0.95" CONTENT="som"/><SP WIDTH="17" VPOS="792" HPOS="840"/>
							<String ID="string_59" HPOS="857" VPOS="779" WIDTH="209" HEIGHT="39" WC="0.96" CONTENT="framställt"/><SP WIDTH="19" VPOS="779" HPOS="1066"/>
							<String ID="string_60" HPOS="1085" VPOS="781" WIDTH="93" HEIGHT="37" WC="0.95" CONTENT="eller"/>
						</TextLine>
						<TextLine ID="line_12" HPOS="406" VPOS="831" WIDTH="774" HEIGHT="51">
							<String ID="string_61" HPOS="406" VPOS="831" WIDTH="152" HEIGHT="48" WC="0.96" CONTENT="antagit"/><SP WIDTH="27" VPOS="831" HPOS="558"/>
							<String ID="string_62" HPOS="585" VPOS="832" WIDTH="195" HEIGHT="48" WC="0.96" CONTENT="förslaget,"/><SP WIDTH="30" VPOS="832" HPOS="780"/>
							<String ID="string_63" HPOS="810" VPOS="833" WIDTH="128" HEIGHT="37" WC="0.96" CONTENT="blifvit"/><SP WIDTH="28" VPOS="833" HPOS="938"/>
							<String ID="string_64" HPOS="966" VPOS="837" WIDTH="124" HEIGHT="34" WC="0.96" CONTENT="såsom"/><SP WIDTH="25" VPOS="837" HPOS="1090"/>
							<String ID="string_65" HPOS="1115" VPOS="834" WIDTH="65" HEIGHT="48" WC="0.96" CONTENT="lag"/>
						</TextLine>
						<TextLine ID="line_13" HPOS="404" VPOS="884" WIDTH="774" HEIGHT="51">
							<String ID="string_66" HPOS="404" VPOS="896" WIDTH="139" HEIGHT="36" WC="0.96" CONTENT="genom"/><SP WIDTH="20" VPOS="896" HPOS="543"/>
							<String ID="string_67" HPOS="563" VPOS="884" WIDTH="143" HEIGHT="37" WC="0.96" CONTENT="allmän"/><SP WIDTH="14" VPOS="884" HPOS="706"/>
							<String ID="string_68" HPOS="720" VPOS="886" WIDTH="231" HEIGHT="48" WC="0.93" CONTENT="kungörelse"/><SP WIDTH="16" VPOS="886" HPOS="951"/>
							<String ID="string_69" HPOS="967" VPOS="887" WIDTH="211" HEIGHT="48" WC="0.91" CONTENT="utfärdadt,"/>
						</TextLine>
						<TextLine ID="line_14" HPOS="405" VPOS="938" WIDTH="776" HEIGHT="50">
							<String ID="string_70" HPOS="405" VPOS="950" WIDTH="89" HEIGHT="24" WC="0.96" CONTENT="vare"/><SP WIDTH="42" VPOS="950" HPOS="494"/>
							<String ID="string_71" HPOS="536" VPOS="938" WIDTH="65" HEIGHT="36" WC="0.95" CONTENT="det"/><SP WIDTH="40" VPOS="938" HPOS="601"/>
							<String ID="string_72" HPOS="641" VPOS="938" WIDTH="181" HEIGHT="47" WC="0.95" CONTENT="förfallet,"/><SP WIDTH="40" VPOS="938" HPOS="822"/>
							<String ID="string_73" HPOS="862" VPOS="940" WIDTH="72" HEIGHT="36" WC="0.95" CONTENT="och"/><SP WIDTH="32" VPOS="940" HPOS="934"/>
							<String ID="string_74" HPOS="966" VPOS="940" WIDTH="215" HEIGHT="48" WC="0.96" CONTENT="Konungen"/>
						</TextLine>
						<TextLine ID="line_15" HPOS="405" VPOS="991" WIDTH="773" HEIGHT="49">
							<String ID="string_75" HPOS="405" VPOS="991" WIDTH="225" HEIGHT="36" WC="0.91" CONTENT="underrätte"/><SP WIDTH="46" VPOS="991" HPOS="630"/>
							<String ID="string_76" HPOS="676" VPOS="992" WIDTH="48" HEIGHT="36" WC="0.96" CONTENT="då"/><SP WIDTH="45" VPOS="992" HPOS="724"/>
							<String ID="string_77" HPOS="769" VPOS="992" WIDTH="219" HEIGHT="48" WC="0.96" CONTENT="Riksdagen"/><SP WIDTH="42" VPOS="992" HPOS="988"/>
							<String ID="string_78" HPOS="1030" VPOS="1006" WIDTH="62" HEIGHT="24" WC="0.95" CONTENT="om"/><SP WIDTH="41" VPOS="1006" HPOS="1092"/>
							<String ID="string_79" HPOS="1133" VPOS="994" WIDTH="45" HEIGHT="36" WC="0.96" CONTENT="de"/>
						</TextLine>
						<TextLine ID="line_16" HPOS="405" VPOS="1043" WIDTH="774" HEIGHT="51">
							<String ID="string_80" HPOS="405" VPOS="1043" WIDTH="94" HEIGHT="47" WC="0.96" CONTENT="skäl,"/><SP WIDTH="47" VPOS="1043" HPOS="499"/>
							<String ID="string_81" HPOS="546" VPOS="1056" WIDTH="81" HEIGHT="25" WC="0.96" CONTENT="som"/><SP WIDTH="44" VPOS="1056" HPOS="627"/>
							<String ID="string_82" HPOS="671" VPOS="1043" WIDTH="158" HEIGHT="39" WC="0.95" CONTENT="hindrat"/><SP WIDTH="40" VPOS="1043" HPOS="829"/>
							<String ID="string_83" HPOS="869" VPOS="1045" WIDTH="203" HEIGHT="49" WC="0.93" CONTENT="förslagets"/><SP WIDTH="41" VPOS="1045" HPOS="1072"/>
							<String ID="string_84" HPOS="1113" VPOS="1059" WIDTH="66" HEIGHT="24" WC="0.89" CONTENT="an-"/>
						</TextLine>
						<TextLine ID="line_17" HPOS="403" VPOS="1096" WIDTH="180" HEIGHT="48">
							<String ID="string_85" HPOS="403" VPOS="1096" WIDTH="180" HEIGHT="48" WC="0.91" CONTENT="tagande."/>
						</TextLine>
					</TextBlock>
				</ComposedBlock>
				<ComposedBlock ID="cblock_2" HPOS="1230" VPOS="250" WIDTH="779" HEIGHT="898">
					<TextBlock ID="block_3" HPOS="1421" VPOS="250" WIDTH="376" HEIGHT="45">
						<TextLine ID="line_18" HPOS="1421" VPOS="250" WIDTH="376" HEIGHT="45">
							<String ID="string_86" HPOS="1421" VPOS="250" WIDTH="206" HEIGHT="44" WC="0.95" CONTENT="(Föreslagen"/><SP WIDTH="23" VPOS="250" HPOS="1627"/>
							<String ID="string_87" HPOS="1650" VPOS="251" WIDTH="147" HEIGHT="44" WC="0.0" CONTENT="lydelse"/><SP WIDTH="-26" VPOS="251" HPOS="1797"/>
							<String ID="string_88" HPOS="1771" VPOS="246" WIDTH="31" HEIGHT="53" WC="0.0" CONTENT=":)"/>
						</TextLine>
					</TextBlock>
					<TextBlock ID="block_4" HPOS="1230" VPOS="305" WIDTH="779" HEIGHT="843">
						<TextLine ID="line_19" HPOS="1234" VPOS="305" WIDTH="774" HEIGHT="50">
							<String ID="string_89" HPOS="1234" VPOS="305" WIDTH="135" HEIGHT="37" WC="0.95" CONTENT="därvid"/><SP WIDTH="41" VPOS="305" HPOS="1369"/>
							<String ID="string_90" HPOS="1410" VPOS="305" WIDTH="192" HEIGHT="38" WC="0.95" CONTENT="erfordras"/><SP WIDTH="35" VPOS="305" HPOS="1602"/>
							<String ID="string_91" HPOS="1637" VPOS="307" WIDTH="196" HEIGHT="48" WC="0.96" CONTENT="samtycke"/><SP WIDTH="30" VPOS="307" HPOS="1833"/>
							<String ID="string_92" HPOS="1863" VPOS="307" WIDTH="145" HEIGHT="48" WC="0.95" CONTENT="jämväl"/>
						</TextLine>
						<TextLine ID="line_20" HPOS="1232" VPOS="354" WIDTH="775" HEIGHT="53">
							<String ID="string_93" HPOS="1232" VPOS="357" WIDTH="42" HEIGHT="37" WC="0.96" CONTENT="af"/><SP WIDTH="28" VPOS="357" HPOS="1274"/>
							<String ID="string_94" HPOS="1302" VPOS="358" WIDTH="160" HEIGHT="38" WC="0.96" CONTENT="allmänt"/><SP WIDTH="28" VPOS="358" HPOS="1462"/>
							<String ID="string_95" HPOS="1490" VPOS="359" WIDTH="243" HEIGHT="48" WC="0.95" CONTENT="kyrkomöte."/><SP WIDTH="58" VPOS="359" HPOS="1733"/>
							<String ID="string_96" HPOS="1791" VPOS="354" WIDTH="114" HEIGHT="44" WC="0.93" CONTENT="Öfver"/><SP WIDTH="26" VPOS="354" HPOS="1905"/>
							<String ID="string_97" HPOS="1931" VPOS="360" WIDTH="76" HEIGHT="38" WC="0.92" CONTENT="för-"/>
						</TextLine>
						<TextLine ID="line_21" HPOS="1232" VPOS="411" WIDTH="776" HEIGHT="52">
							<String ID="string_98" HPOS="1232" VPOS="411" WIDTH="83" HEIGHT="48" WC="0.96" CONTENT="slag"/><SP WIDTH="35" VPOS="411" HPOS="1315"/>
							<String ID="string_99" HPOS="1350" VPOS="414" WIDTH="196" HEIGHT="46" WC="0.96" CONTENT="angående"/><SP WIDTH="35" VPOS="414" HPOS="1546"/>
							<String ID="string_100" HPOS="1581" VPOS="414" WIDTH="108" HEIGHT="47" WC="0.96" CONTENT="dylik"/><SP WIDTH="27" VPOS="414" HPOS="1689"/>
							<String ID="string_101" HPOS="1716" VPOS="415" WIDTH="65" HEIGHT="48" WC="0.96" CONTENT="lag"/><SP WIDTH="28" VPOS="415" HPOS="1781"/>
							<String ID="string_102" HPOS="1809" VPOS="414" WIDTH="119" HEIGHT="47" WC="0.96" CONTENT="skola,"/><SP WIDTH="30" VPOS="414" HPOS="1928"/>
							<String ID="string_103" HPOS="1958" VPOS="417" WIDTH="50" HEIGHT="45" WC="0.96" CONTENT="på"/>
						</TextLine>
						<TextLine ID="line_22" HPOS="1233" VPOS="465" WIDTH="775" HEIGHT="50">
							<String ID="string_104" HPOS="1233" VPOS="467" WIDTH="79" HEIGHT="34" WC="0.96" CONTENT="sätt"/><SP WIDTH="27" VPOS="467" HPOS="1312"/>
							<String ID="string_105" HPOS="1339" VPOS="465" WIDTH="13" HEIGHT="36" WC="0.80" CONTENT="i"/><SP WIDTH="27" VPOS="465" HPOS="1352"/>
							<String ID="string_106" HPOS="1379" VPOS="478" WIDTH="114" HEIGHT="24" WC="0.96" CONTENT="mom."/><SP WIDTH="33" VPOS="478" HPOS="1493"/>
							<String ID="string_107" HPOS="1526" VPOS="469" WIDTH="16" HEIGHT="33" WC="0.95" CONTENT="1"/><SP WIDTH="29" VPOS="469" HPOS="1542"/>
							<String ID="string_108" HPOS="1571" VPOS="473" WIDTH="96" HEIGHT="42" WC="0.96" CONTENT="sägs,"/><SP WIDTH="22" VPOS="473" HPOS="1667"/>
							<String ID="string_109" HPOS="1689" VPOS="468" WIDTH="227" HEIGHT="36" WC="0.96" CONTENT="statsrådets"/><SP WIDTH="20" VPOS="468" HPOS="1916"/>
							<String ID="string_110" HPOS="1936" VPOS="467" WIDTH="72" HEIGHT="37" WC="0.96" CONTENT="och"/>
						</TextLine>
						<TextLine ID="line_23" HPOS="1232" VPOS="517" WIDTH="777" HEIGHT="49">
							<String ID="string_111" HPOS="1232" VPOS="517" WIDTH="138" HEIGHT="49" WC="0.96" CONTENT="högsta"/><SP WIDTH="29" VPOS="517" HPOS="1370"/>
							<String ID="string_112" HPOS="1399" VPOS="519" WIDTH="232" HEIGHT="38" WC="0.96" CONTENT="domstolens"/><SP WIDTH="23" VPOS="519" HPOS="1631"/>
							<String ID="string_113" HPOS="1654" VPOS="520" WIDTH="143" HEIGHT="38" WC="0.96" CONTENT="tankar"/><SP WIDTH="18" VPOS="520" HPOS="1797"/>
							<String ID="string_114" HPOS="1815" VPOS="521" WIDTH="194" HEIGHT="37" WC="0.93" CONTENT="inhämtas"/>
						</TextLine>
						<TextLine ID="line_24" HPOS="1236" VPOS="571" WIDTH="770" HEIGHT="51">
							<String ID="string_115" HPOS="1236" VPOS="571" WIDTH="72" HEIGHT="36" WC="0.96" CONTENT="och"/><SP WIDTH="29" VPOS="571" HPOS="1308"/>
							<String ID="string_116" HPOS="1337" VPOS="571" WIDTH="123" HEIGHT="48" WC="0.95" CONTENT="jämte"/><SP WIDTH="32" VPOS="571" HPOS="1460"/>
							<String ID="string_117" HPOS="1492" VPOS="573" WIDTH="232" HEIGHT="48" WC="0.96" CONTENT="Konungens"/><SP WIDTH="28" VPOS="573" HPOS="1724"/>
							<String ID="string_118" HPOS="1752" VPOS="574" WIDTH="254" HEIGHT="48" WC="0.96" CONTENT="proposition,"/>
						</TextLine>
						<TextLine ID="line_25" HPOS="1233" VPOS="624" WIDTH="774" HEIGHT="51">
							<String ID="string_119" HPOS="1233" VPOS="624" WIDTH="50" HEIGHT="36" WC="0.96" CONTENT="då"/><SP WIDTH="41" VPOS="624" HPOS="1283"/>
							<String ID="string_120" HPOS="1324" VPOS="625" WIDTH="117" HEIGHT="36" WC="0.96" CONTENT="sådan"/><SP WIDTH="40" VPOS="625" HPOS="1441"/>
							<String ID="string_121" HPOS="1481" VPOS="629" WIDTH="123" HEIGHT="45" WC="0.96" CONTENT="göres,"/><SP WIDTH="43" VPOS="629" HPOS="1604"/>
							<String ID="string_122" HPOS="1647" VPOS="626" WIDTH="219" HEIGHT="49" WC="0.93" CONTENT="Riksdagen"/><SP WIDTH="38" VPOS="626" HPOS="1866"/>
							<String ID="string_123" HPOS="1904" VPOS="627" WIDTH="103" HEIGHT="37" WC="0.88" CONTENT="med-"/>
						</TextLine>
						<TextLine ID="line_26" HPOS="1232" VPOS="677" WIDTH="776" HEIGHT="50">
							<String ID="string_124" HPOS="1232" VPOS="677" WIDTH="113" HEIGHT="38" WC="0.94" CONTENT="delas."/><SP WIDTH="57" VPOS="677" HPOS="1345"/>
							<String ID="string_125" HPOS="1402" VPOS="678" WIDTH="78" HEIGHT="37" WC="0.90" CONTENT="Har"/><SP WIDTH="33" VPOS="678" HPOS="1480"/>
							<String ID="string_126" HPOS="1513" VPOS="678" WIDTH="32" HEIGHT="48" WC="0.96" CONTENT="ej"/><SP WIDTH="34" VPOS="678" HPOS="1545"/>
							<String ID="string_127" HPOS="1579" VPOS="678" WIDTH="154" HEIGHT="49" WC="0.93" CONTENT="förslag,"/><SP WIDTH="34" VPOS="678" HPOS="1733"/>
							<String ID="string_128" HPOS="1767" VPOS="680" WIDTH="161" HEIGHT="37" WC="0.92" CONTENT="hvarom"/><SP WIDTH="27" VPOS="680" HPOS="1928"/>
							<String ID="string_129" HPOS="1955" VPOS="692" WIDTH="53" HEIGHT="24" WC="0.96" CONTENT="nu"/>
						</TextLine>
						<TextLine ID="line_27" HPOS="1232" VPOS="730" WIDTH="775" HEIGHT="49">
							<String ID="string_130" HPOS="1232" VPOS="730" WIDTH="110" HEIGHT="46" WC="0.96" CONTENT="fråga"/><SP WIDTH="36" VPOS="730" HPOS="1342"/>
							<String ID="string_131" HPOS="1378" VPOS="735" WIDTH="53" HEIGHT="41" WC="0.96" CONTENT="är,"/><SP WIDTH="29" VPOS="735" HPOS="1431"/>
							<String ID="string_132" HPOS="1460" VPOS="730" WIDTH="81" HEIGHT="37" WC="0.96" CONTENT="före"/><SP WIDTH="28" VPOS="730" HPOS="1541"/>
							<String ID="string_133" HPOS="1569" VPOS="731" WIDTH="137" HEIGHT="47" WC="0.96" CONTENT="början"/><SP WIDTH="28" VPOS="731" HPOS="1706"/>
							<String ID="string_134" HPOS="1734" VPOS="732" WIDTH="42" HEIGHT="36" WC="0.96" CONTENT="af"/><SP WIDTH="23" VPOS="732" HPOS="1776"/>
							<String ID="string_135" HPOS="1799" VPOS="732" WIDTH="208" HEIGHT="47" WC="0.96" CONTENT="riksdagen"/>
						</TextLine>
						<TextLine ID="line_28" HPOS="1230" VPOS="781" WIDTH="779" HEIGHT="49">
							<String ID="string_136" HPOS="1230" VPOS="784" WIDTH="87" HEIGHT="35" WC="0.96" CONTENT="näst"/><SP WIDTH="28" VPOS="784" HPOS="1317"/>
							<String ID="string_137" HPOS="1345" VPOS="781" WIDTH="97" HEIGHT="38" WC="0.96" CONTENT="efter"/><SP WIDTH="28" VPOS="781" HPOS="1442"/>
							<String ID="string_138" HPOS="1470" VPOS="783" WIDTH="84" HEIGHT="47" WC="0.95" CONTENT="den,"/><SP WIDTH="30" VPOS="783" HPOS="1554"/>
							<String ID="string_139" HPOS="1584" VPOS="796" WIDTH="80" HEIGHT="25" WC="0.96" CONTENT="som"/><SP WIDTH="24" VPOS="796" HPOS="1664"/>
							<String ID="string_140" HPOS="1688" VPOS="784" WIDTH="208" HEIGHT="38" WC="0.95" CONTENT="framställt"/><SP WIDTH="20" VPOS="784" HPOS="1896"/>
							<String ID="string_141" HPOS="1916" VPOS="784" WIDTH="93" HEIGHT="37" WC="0.95" CONTENT="eller"/>
						</TextLine>
						<TextLine ID="line_29" HPOS="1233" VPOS="836" WIDTH="775" HEIGHT="48">
							<String ID="string_142" HPOS="1233" VPOS="836" WIDTH="153" HEIGHT="47" WC="0.96" CONTENT="antagit"/><SP WIDTH="27" VPOS="836" HPOS="1386"/>
							<String ID="string_143" HPOS="1413" VPOS="836" WIDTH="195" HEIGHT="48" WC="0.96" CONTENT="förslaget,"/><SP WIDTH="30" VPOS="836" HPOS="1608"/>
							<String ID="string_144" HPOS="1638" VPOS="837" WIDTH="128" HEIGHT="38" WC="0.96" CONTENT="blifvit"/><SP WIDTH="28" VPOS="837" HPOS="1766"/>
							<String ID="string_145" HPOS="1794" VPOS="841" WIDTH="123" HEIGHT="33" WC="0.96" CONTENT="såsom"/><SP WIDTH="26" VPOS="841" HPOS="1917"/>
							<String ID="string_146" HPOS="1943" VPOS="837" WIDTH="65" HEIGHT="47" WC="0.96" CONTENT="lag"/>
						</TextLine>
						<TextLine ID="line_30" HPOS="1234" VPOS="888" WIDTH="771" HEIGHT="50">
							<String ID="string_147" HPOS="1234" VPOS="900" WIDTH="139" HEIGHT="36" WC="0.95" CONTENT="genom"/><SP WIDTH="20" VPOS="900" HPOS="1373"/>
							<String ID="string_148" HPOS="1393" VPOS="888" WIDTH="143" HEIGHT="38" WC="0.96" CONTENT="allmän"/><SP WIDTH="13" VPOS="888" HPOS="1536"/>
							<String ID="string_149" HPOS="1549" VPOS="889" WIDTH="231" HEIGHT="49" WC="0.93" CONTENT="kungörelse"/><SP WIDTH="14" VPOS="889" HPOS="1780"/>
							<String ID="string_150" HPOS="1794" VPOS="890" WIDTH="211" HEIGHT="46" WC="0.91" CONTENT="utfärdadt,"/>
						</TextLine>
						<TextLine ID="line_31" HPOS="1233" VPOS="941" WIDTH="775" HEIGHT="50">
							<String ID="string_151" HPOS="1233" VPOS="954" WIDTH="90" HEIGHT="23" WC="0.96" CONTENT="vare"/><SP WIDTH="42" VPOS="954" HPOS="1323"/>
							<String ID="string_152" HPOS="1365" VPOS="942" WIDTH="65" HEIGHT="36" WC="0.96" CONTENT="det"/><SP WIDTH="40" VPOS="942" HPOS="1430"/>
							<String ID="string_153" HPOS="1470" VPOS="941" WIDTH="179" HEIGHT="48" WC="0.94" CONTENT="förfallet,"/><SP WIDTH="38" VPOS="941" HPOS="1649"/>
							<String ID="string_154" HPOS="1687" VPOS="943" WIDTH="72" HEIGHT="37" WC="0.96" CONTENT="och"/><SP WIDTH="34" VPOS="943" HPOS="1759"/>
							<String ID="string_155" HPOS="1793" VPOS="944" WIDTH="215" HEIGHT="47" WC="0.96" CONTENT="Konungen"/>
						</TextLine>
						<TextLine ID="line_32" HPOS="1233" VPOS="995" WIDTH="775" HEIGHT="49">
							<String ID="string_156" HPOS="1233" VPOS="995" WIDTH="227" HEIGHT="36" WC="0.91" CONTENT="underrätte"/><SP WIDTH="45" VPOS="995" HPOS="1460"/>
							<String ID="string_157" HPOS="1505" VPOS="996" WIDTH="48" HEIGHT="35" WC="0.95" CONTENT="då"/><SP WIDTH="45" VPOS="996" HPOS="1553"/>
							<String ID="string_158" HPOS="1598" VPOS="996" WIDTH="219" HEIGHT="48" WC="0.76" CONTENT="Riksdagen"/><SP WIDTH="42" VPOS="996" HPOS="1817"/>
							<String ID="string_159" HPOS="1859" VPOS="1009" WIDTH="62" HEIGHT="24" WC="0.96" CONTENT="om"/><SP WIDTH="40" VPOS="1009" HPOS="1921"/>
							<String ID="string_160" HPOS="1961" VPOS="996" WIDTH="47" HEIGHT="36" WC="0.95" CONTENT="de"/>
						</TextLine>
						<TextLine ID="line_33" HPOS="1234" VPOS="1047" WIDTH="773" HEIGHT="51">
							<String ID="string_161" HPOS="1234" VPOS="1047" WIDTH="95" HEIGHT="47" WC="0.95" CONTENT="skäl,"/><SP WIDTH="45" VPOS="1047" HPOS="1329"/>
							<String ID="string_162" HPOS="1374" VPOS="1060" WIDTH="81" HEIGHT="25" WC="0.95" CONTENT="som"/><SP WIDTH="44" VPOS="1060" HPOS="1455"/>
							<String ID="string_163" HPOS="1499" VPOS="1048" WIDTH="158" HEIGHT="38" WC="0.95" CONTENT="hindrat"/><SP WIDTH="40" VPOS="1048" HPOS="1657"/>
							<String ID="string_164" HPOS="1697" VPOS="1049" WIDTH="203" HEIGHT="49" WC="0.93" CONTENT="förslagets"/><SP WIDTH="42" VPOS="1049" HPOS="1900"/>
							<String ID="string_165" HPOS="1942" VPOS="1062" WIDTH="65" HEIGHT="23" WC="0.91" CONTENT="an-"/>
						</TextLine>
						<TextLine ID="line_34" HPOS="1232" VPOS="1100" WIDTH="180" HEIGHT="48">
							<String ID="string_166" HPOS="1232" VPOS="1100" WIDTH="180" HEIGHT="48" WC="0.96" CONTENT="tagande."/>
						</TextLine>
					</TextBlock>
				</ComposedBlock>
				<ComposedBlock ID="cblock_3" HPOS="960" VPOS="1254" WIDTH="496" HEIGHT="44">
					<TextBlock ID="block_5" HPOS="960" VPOS="1254" WIDTH="496" HEIGHT="44">
						<TextLine ID="line_35" HPOS="960" VPOS="1254" WIDTH="496" HEIGHT="44">
							<String ID="string_167" HPOS="960" VPOS="1254" WIDTH="496" HEIGHT="44" WC="0.89" CONTENT="Riksdagsordning"/><SP WIDTH="-68" VPOS="1254" HPOS="1456"/>
							<String ID="string_168" HPOS="1388" VPOS="1250" WIDTH="72" HEIGHT="52" WC="0.67" CONTENT="en."/>
						</TextLine>
					</TextBlock>
				</ComposedBlock>
				<ComposedBlock ID="cblock_4" HPOS="751" VPOS="1371" WIDTH="107" HEIGHT="46">
					<TextBlock ID="block_6" HPOS="751" VPOS="1371" WIDTH="107" HEIGHT="46">
						<TextLine ID="line_36" HPOS="751" VPOS="1371" WIDTH="107" HEIGHT="46">
							<String ID="string_169" HPOS="751" VPOS="1371" WIDTH="19" HEIGHT="46" WC="0.89" CONTENT="$"/><SP WIDTH="31" VPOS="1371" HPOS="770"/>
							<String ID="string_170" HPOS="801" VPOS="1373" WIDTH="57" HEIGHT="33" WC="0.95" CONTENT="37."/>
						</TextLine>
					</TextBlock>
				</ComposedBlock>
				<ComposedBlock ID="cblock_5" HPOS="401" VPOS="1448" WIDTH="781" HEIGHT="890">
					<TextBlock ID="block_7" HPOS="401" VPOS="1448" WIDTH="781" HEIGHT="890">
						<TextLine ID="line_37" HPOS="487" VPOS="1448" WIDTH="694" HEIGHT="59">
							<String ID="string_171" HPOS="487" VPOS="1460" WIDTH="31" HEIGHT="33" WC="0.92" CONTENT="1."/><SP WIDTH="55" VPOS="1460" HPOS="518"/>
							<String ID="string_172" HPOS="573" VPOS="1448" WIDTH="33" HEIGHT="45" WC="0.91" CONTENT="Å"/><SP WIDTH="40" VPOS="1448" HPOS="606"/>
							<String ID="string_173" HPOS="646" VPOS="1457" WIDTH="132" HEIGHT="48" WC="0.96" CONTENT="hvarje"/><SP WIDTH="41" VPOS="1457" HPOS="778"/>
							<String ID="string_174" HPOS="819" VPOS="1457" WIDTH="162" HEIGHT="49" WC="0.94" CONTENT="lagtima"/><SP WIDTH="42" VPOS="1457" HPOS="981"/>
							<String ID="string_175" HPOS="1023" VPOS="1459" WIDTH="158" HEIGHT="48" WC="0.94" CONTENT="riksdag"/>
						</TextLine>
						<TextLine ID="line_38" HPOS="406" VPOS="1510" WIDTH="774" HEIGHT="49">
							<String ID="string_176" HPOS="406" VPOS="1510" WIDTH="120" HEIGHT="46" WC="0.95" CONTENT="skola,"/><SP WIDTH="43" VPOS="1510" HPOS="526"/>
							<String ID="string_177" HPOS="569" VPOS="1510" WIDTH="104" HEIGHT="36" WC="0.96" CONTENT="inom"/><SP WIDTH="42" VPOS="1510" HPOS="673"/>
							<String ID="string_178" HPOS="715" VPOS="1522" WIDTH="65" HEIGHT="24" WC="0.95" CONTENT="sex"/><SP WIDTH="34" VPOS="1522" HPOS="780"/>
							<String ID="string_179" HPOS="814" VPOS="1511" WIDTH="121" HEIGHT="48" WC="0.96" CONTENT="dagar"/><SP WIDTH="34" VPOS="1511" HPOS="935"/>
							<String ID="string_180" HPOS="969" VPOS="1511" WIDTH="97" HEIGHT="37" WC="0.96" CONTENT="efter"/><SP WIDTH="31" VPOS="1511" HPOS="1066"/>
							<String ID="string_181" HPOS="1097" VPOS="1513" WIDTH="83" HEIGHT="36" WC="0.96" CONTENT="dess"/>
						</TextLine>
						<TextLine ID="line_39" HPOS="408" VPOS="1562" WIDTH="774" HEIGHT="48">
							<String ID="string_182" HPOS="408" VPOS="1563" WIDTH="213" HEIGHT="47" WC="0.96" CONTENT="öppnande,"/><SP WIDTH="43" VPOS="1563" HPOS="621"/>
							<String ID="string_183" HPOS="664" VPOS="1562" WIDTH="200" HEIGHT="38" WC="0.96" CONTENT="tillsättas:"/><SP WIDTH="35" VPOS="1562" HPOS="864"/>
							<String ID="string_184" HPOS="899" VPOS="1567" WIDTH="57" HEIGHT="34" WC="0.93" CONTENT="ett"/><SP WIDTH="27" VPOS="1567" HPOS="956"/>
							<String ID="string_185" HPOS="983" VPOS="1566" WIDTH="199" HEIGHT="35" WC="0.92" CONTENT="Konstitu-"/>
						</TextLine>
						<TextLine ID="line_40" HPOS="406" VPOS="1615" WIDTH="774" HEIGHT="49">
							<String ID="string_186" HPOS="406" VPOS="1615" WIDTH="268" HEIGHT="46" WC="0.91" CONTENT="tionsutskott,"/><SP WIDTH="44" VPOS="1615" HPOS="674"/>
							<String ID="string_187" HPOS="718" VPOS="1618" WIDTH="57" HEIGHT="34" WC="0.93" CONTENT="ett"/><SP WIDTH="41" VPOS="1618" HPOS="775"/>
							<String ID="string_188" HPOS="816" VPOS="1616" WIDTH="269" HEIGHT="48" WC="0.82" CONTENT="Statsutskott,"/><SP WIDTH="37" VPOS="1616" HPOS="1085"/>
							<String ID="string_189" HPOS="1122" VPOS="1620" WIDTH="58" HEIGHT="34" WC="0.96" CONTENT="ett"/>
						</TextLine>
						<TextLine ID="line_41" HPOS="405" VPOS="1668" WIDTH="773" HEIGHT="48">
							<String ID="string_190" HPOS="405" VPOS="1668" WIDTH="402" HEIGHT="48" WC="0.91" CONTENT="Bevillningsutskott,"/><SP WIDTH="14" VPOS="1668" HPOS="807"/>
							<String ID="string_191" HPOS="821" VPOS="1672" WIDTH="57" HEIGHT="33" WC="0.93" CONTENT="ett"/><SP WIDTH="10" VPOS="1672" HPOS="878"/>
							<String ID="string_192" HPOS="888" VPOS="1670" WIDTH="290" HEIGHT="36" WC="0.92" CONTENT="Bankoutskott"/>
						</TextLine>
						<TextLine ID="line_42" HPOS="405" VPOS="1721" WIDTH="775" HEIGHT="47">
							<String ID="string_193" HPOS="405" VPOS="1723" WIDTH="100" HEIGHT="34" WC="0.95" CONTENT="samt"/><SP WIDTH="37" VPOS="1723" HPOS="505"/>
							<String ID="string_194" HPOS="542" VPOS="1723" WIDTH="57" HEIGHT="34" WC="0.93" CONTENT="ett"/><SP WIDTH="28" VPOS="1723" HPOS="599"/>
							<String ID="string_195" HPOS="627" VPOS="1721" WIDTH="247" HEIGHT="47" WC="0.91" CONTENT="Lagutskott."/><SP WIDTH="56" VPOS="1721" HPOS="874"/>
							<String ID="string_196" HPOS="930" VPOS="1723" WIDTH="114" HEIGHT="36" WC="0.93" CONTENT="Dessa"/><SP WIDTH="29" VPOS="1723" HPOS="1044"/>
							<String ID="string_197" HPOS="1073" VPOS="1722" WIDTH="107" HEIGHT="37" WC="0.92" CONTENT="Riks-"/>
						</TextLine>
						<TextLine ID="line_43" HPOS="405" VPOS="1773" WIDTH="775" HEIGHT="48">
							<String ID="string_198" HPOS="405" VPOS="1773" WIDTH="142" HEIGHT="47" WC="0.96" CONTENT="dagens"/><SP WIDTH="41" VPOS="1773" HPOS="547"/>
							<String ID="string_199" HPOS="588" VPOS="1773" WIDTH="178" HEIGHT="48" WC="0.96" CONTENT="ständiga"/><SP WIDTH="32" VPOS="1773" HPOS="766"/>
							<String ID="string_200" HPOS="798" VPOS="1774" WIDTH="154" HEIGHT="37" WC="0.96" CONTENT="utskott"/><SP WIDTH="28" VPOS="1774" HPOS="952"/>
							<String ID="string_201" HPOS="980" VPOS="1775" WIDTH="108" HEIGHT="37" WC="0.93" CONTENT="skola"/><SP WIDTH="28" VPOS="1775" HPOS="1088"/>
							<String ID="string_202" HPOS="1116" VPOS="1776" WIDTH="64" HEIGHT="36" WC="0.91" CONTENT="be-"/>
						</TextLine>
						<TextLine ID="line_44" HPOS="404" VPOS="1825" WIDTH="773" HEIGHT="50">
							<String ID="string_203" HPOS="404" VPOS="1828" WIDTH="74" HEIGHT="33" WC="0.93" CONTENT="stå:"/><SP WIDTH="18" VPOS="1828" HPOS="478"/>
							<String ID="string_204" HPOS="496" VPOS="1825" WIDTH="482" HEIGHT="39" WC="0.90" CONTENT="Konstitutionsutskottet"/><SP WIDTH="21" VPOS="1825" HPOS="978"/>
							<String ID="string_205" HPOS="999" VPOS="1828" WIDTH="41" HEIGHT="36" WC="0.96" CONTENT="af"/><SP WIDTH="16" VPOS="1828" HPOS="1040"/>
							<String ID="string_206" HPOS="1056" VPOS="1827" WIDTH="121" HEIGHT="48" WC="0.96" CONTENT="tjugo,"/>
						</TextLine>
						<TextLine ID="line_45" HPOS="404" VPOS="1877" WIDTH="774" HEIGHT="50">
							<String ID="string_207" HPOS="404" VPOS="1877" WIDTH="300" HEIGHT="38" WC="0.95" CONTENT="Statsutskottet"/><SP WIDTH="35" VPOS="1877" HPOS="704"/>
							<String ID="string_208" HPOS="739" VPOS="1878" WIDTH="41" HEIGHT="37" WC="0.96" CONTENT="af"/><SP WIDTH="24" VPOS="1878" HPOS="780"/>
							<String ID="string_209" HPOS="804" VPOS="1878" WIDTH="206" HEIGHT="49" WC="0.93" CONTENT="tjugofyra,"/><SP WIDTH="29" VPOS="1878" HPOS="1010"/>
							<String ID="string_210" HPOS="1039" VPOS="1880" WIDTH="139" HEIGHT="36" WC="0.91" CONTENT="Bevill-"/>
						</TextLine>
						<TextLine ID="line_46" HPOS="402" VPOS="1930" WIDTH="774" HEIGHT="49">
							<String ID="string_211" HPOS="402" VPOS="1930" WIDTH="311" HEIGHT="47" WC="0.91" CONTENT="ningsutskottet"/><SP WIDTH="44" VPOS="1930" HPOS="713"/>
							<String ID="string_212" HPOS="757" VPOS="1931" WIDTH="43" HEIGHT="36" WC="0.96" CONTENT="af"/><SP WIDTH="26" VPOS="1931" HPOS="800"/>
							<String ID="string_213" HPOS="826" VPOS="1931" WIDTH="122" HEIGHT="48" WC="0.93" CONTENT="tjugo,"/><SP WIDTH="29" VPOS="1931" HPOS="948"/>
							<String ID="string_214" HPOS="977" VPOS="1933" WIDTH="199" HEIGHT="36" WC="0.91" CONTENT="Bankout-"/>
						</TextLine>
						<TextLine ID="line_47" HPOS="403" VPOS="1983" WIDTH="779" HEIGHT="49">
							<String ID="string_215" HPOS="403" VPOS="1983" WIDTH="149" HEIGHT="36" WC="0.96" CONTENT="skottet"/><SP WIDTH="37" VPOS="1983" HPOS="552"/>
							<String ID="string_216" HPOS="589" VPOS="1983" WIDTH="42" HEIGHT="36" WC="0.96" CONTENT="af"/><SP WIDTH="23" VPOS="1983" HPOS="631"/>
							<String ID="string_217" HPOS="654" VPOS="1987" WIDTH="135" HEIGHT="32" WC="0.96" CONTENT="sexton"/><SP WIDTH="29" VPOS="1987" HPOS="789"/>
							<String ID="string_218" HPOS="818" VPOS="1984" WIDTH="59" HEIGHT="36" WC="0.93" CONTENT="och"/><SP WIDTH="27" VPOS="1984" HPOS="877"/>
							<String ID="string_219" HPOS="904" VPOS="1985" WIDTH="278" HEIGHT="47" WC="0.91" CONTENT="Lagutskottet"/>
						</TextLine>
						<TextLine ID="line_48" HPOS="403" VPOS="2035" WIDTH="772" HEIGHT="47">
							<String ID="string_220" HPOS="403" VPOS="2035" WIDTH="42" HEIGHT="36" WC="0.96" CONTENT="af"/><SP WIDTH="36" VPOS="2035" HPOS="445"/>
							<String ID="string_221" HPOS="481" VPOS="2038" WIDTH="136" HEIGHT="33" WC="0.96" CONTENT="sexton"/><SP WIDTH="32" VPOS="2038" HPOS="617"/>
							<String ID="string_222" HPOS="649" VPOS="2036" WIDTH="223" HEIGHT="46" WC="0.96" CONTENT="ledamöter,"/><SP WIDTH="31" VPOS="2036" HPOS="872"/>
							<String ID="string_223" HPOS="903" VPOS="2036" WIDTH="133" HEIGHT="38" WC="0.93" CONTENT="hvilka"/><SP WIDTH="27" VPOS="2036" HPOS="1036"/>
							<String ID="string_224" HPOS="1063" VPOS="2037" WIDTH="112" HEIGHT="37" WC="0.91" CONTENT="hvar-"/>
						</TextLine>
						<TextLine ID="line_49" HPOS="403" VPOS="2088" WIDTH="776" HEIGHT="39">
							<String ID="string_225" HPOS="403" VPOS="2088" WIDTH="93" HEIGHT="35" WC="0.96" CONTENT="dera"/><SP WIDTH="30" VPOS="2088" HPOS="496"/>
							<String ID="string_226" HPOS="526" VPOS="2088" WIDTH="232" HEIGHT="36" WC="0.94" CONTENT="Kammaren"/><SP WIDTH="27" VPOS="2088" HPOS="758"/>
							<String ID="string_227" HPOS="785" VPOS="2089" WIDTH="62" HEIGHT="36" WC="0.91" CONTENT="till"/><SP WIDTH="27" VPOS="2089" HPOS="847"/>
							<String ID="string_228" HPOS="874" VPOS="2089" WIDTH="130" HEIGHT="37" WC="0.91" CONTENT="halfva"/><SP WIDTH="28" VPOS="2089" HPOS="1004"/>
							<String ID="string_229" HPOS="1032" VPOS="2091" WIDTH="147" HEIGHT="36" WC="0.96" CONTENT="antalet"/>
						</TextLine>
						<TextLine ID="line_50" HPOS="402" VPOS="2140" WIDTH="776" HEIGHT="49">
							<String ID="string_230" HPOS="402" VPOS="2140" WIDTH="107" HEIGHT="36" WC="0.96" CONTENT="inom"/><SP WIDTH="18" VPOS="2140" HPOS="509"/>
							<String ID="string_231" HPOS="527" VPOS="2140" WIDTH="58" HEIGHT="47" WC="0.77" CONTENT="sig"/><SP WIDTH="19" VPOS="2140" HPOS="585"/>
							<String ID="string_232" HPOS="604" VPOS="2140" WIDTH="121" HEIGHT="47" WC="0.96" CONTENT="väljer"/><SP WIDTH="15" VPOS="2140" HPOS="725"/>
							<String ID="string_233" HPOS="740" VPOS="2141" WIDTH="183" HEIGHT="48" WC="0.95" CONTENT="antingen"/><SP WIDTH="17" VPOS="2141" HPOS="923"/>
							<String ID="string_234" HPOS="940" VPOS="2143" WIDTH="238" HEIGHT="36" WC="0.95" CONTENT="omedelbart"/>
						</TextLine>
						<TextLine ID="line_51" HPOS="403" VPOS="2192" WIDTH="774" HEIGHT="49">
							<String ID="string_235" HPOS="403" VPOS="2192" WIDTH="103" HEIGHT="47" WC="0.96" CONTENT="eller,"/><SP WIDTH="45" VPOS="2192" HPOS="506"/>
							<String ID="string_236" HPOS="551" VPOS="2205" WIDTH="62" HEIGHT="24" WC="0.96" CONTENT="om"/><SP WIDTH="40" VPOS="2205" HPOS="613"/>
							<String ID="string_237" HPOS="653" VPOS="2194" WIDTH="231" HEIGHT="36" WC="0.96" CONTENT="Kammaren"/><SP WIDTH="41" VPOS="2194" HPOS="884"/>
							<String ID="string_238" HPOS="925" VPOS="2197" WIDTH="40" HEIGHT="33" WC="0.96" CONTENT="så"/><SP WIDTH="32" VPOS="2197" HPOS="965"/>
							<String ID="string_239" HPOS="997" VPOS="2195" WIDTH="180" HEIGHT="46" WC="0.96" CONTENT="beslutar,"/>
						</TextLine>
						<TextLine ID="line_52" HPOS="402" VPOS="2245" WIDTH="776" HEIGHT="50">
							<String ID="string_240" HPOS="402" VPOS="2257" WIDTH="139" HEIGHT="35" WC="0.91" CONTENT="genom"/><SP WIDTH="35" VPOS="2257" HPOS="541"/>
							<String ID="string_241" HPOS="576" VPOS="2245" WIDTH="207" HEIGHT="47" WC="0.91" CONTENT="elektorer;"/><SP WIDTH="35" VPOS="2245" HPOS="783"/>
							<String ID="string_242" HPOS="818" VPOS="2247" WIDTH="282" HEIGHT="36" WC="0.96" CONTENT="ankommande"/><SP WIDTH="28" VPOS="2247" HPOS="1100"/>
							<String ID="string_243" HPOS="1128" VPOS="2250" WIDTH="50" HEIGHT="45" WC="0.96" CONTENT="på"/>
						</TextLine>
						<TextLine ID="line_53" HPOS="401" VPOS="2297" WIDTH="773" HEIGHT="41">
							<String ID="string_244" HPOS="401" VPOS="2297" WIDTH="231" HEIGHT="38" WC="0.90" CONTENT="Kamrarnas"/><SP WIDTH="37" VPOS="2297" HPOS="632"/>
							<String ID="string_245" HPOS="669" VPOS="2300" WIDTH="414" HEIGHT="38" WC="0.88" CONTENT="sammanstämmande"/><SP WIDTH="27" VPOS="2300" HPOS="1083"/>
							<String ID="string_246" HPOS="1110" VPOS="2301" WIDTH="64" HEIGHT="37" WC="0.82" CONTENT="be-"/>
						</TextLine>
					</TextBlock>
				</ComposedBlock>
				<ComposedBlock ID="cblock_6" HPOS="1556" VPOS="1374" WIDTH="107" HEIGHT="47">
					<TextBlock ID="block_8" HPOS="1556" VPOS="1374" WIDTH="107" HEIGHT="47">
						<TextLine ID="line_54" HPOS="1556" VPOS="1374" WIDTH="107" HEIGHT="47">
							<String ID="string_247" HPOS="1556" VPOS="1374" WIDTH="18" HEIGHT="47" WC="0.79" CONTENT="8"/><SP WIDTH="31" VPOS="1374" HPOS="1574"/>
							<String ID="string_248" HPOS="1605" VPOS="1376" WIDTH="58" HEIGHT="34" WC="0.76" CONTENT="37,"/>
						</TextLine>
					</TextBlock>
				</ComposedBlock>
				<ComposedBlock ID="cblock_7" HPOS="1228" VPOS="1453" WIDTH="783" HEIGHT="898">
					<TextBlock ID="block_9" HPOS="1228" VPOS="1453" WIDTH="783" HEIGHT="898">
						<TextLine ID="line_55" HPOS="1316" VPOS="1453" WIDTH="692" HEIGHT="57">
							<String ID="string_249" HPOS="1316" VPOS="1464" WIDTH="31" HEIGHT="33" WC="0.92" CONTENT="1."/><SP WIDTH="54" VPOS="1464" HPOS="1347"/>
							<String ID="string_250" HPOS="1401" VPOS="1453" WIDTH="32" HEIGHT="45" WC="0.90" CONTENT="Å"/><SP WIDTH="41" VPOS="1453" HPOS="1433"/>
							<String ID="string_251" HPOS="1474" VPOS="1461" WIDTH="132" HEIGHT="48" WC="0.96" CONTENT="hvarje"/><SP WIDTH="40" VPOS="1461" HPOS="1606"/>
							<String ID="string_252" HPOS="1646" VPOS="1461" WIDTH="163" HEIGHT="48" WC="0.93" CONTENT="lagtima"/><SP WIDTH="40" VPOS="1461" HPOS="1809"/>
							<String ID="string_253" HPOS="1849" VPOS="1462" WIDTH="159" HEIGHT="48" WC="0.93" CONTENT="riksdag"/>
						</TextLine>
						<TextLine ID="line_56" HPOS="1233" VPOS="1512" WIDTH="774" HEIGHT="50">
							<String ID="string_254" HPOS="1233" VPOS="1512" WIDTH="120" HEIGHT="48" WC="0.95" CONTENT="skola,"/><SP WIDTH="42" VPOS="1512" HPOS="1353"/>
							<String ID="string_255" HPOS="1395" VPOS="1514" WIDTH="106" HEIGHT="37" WC="0.96" CONTENT="inom"/><SP WIDTH="40" VPOS="1514" HPOS="1501"/>
							<String ID="string_256" HPOS="1541" VPOS="1527" WIDTH="66" HEIGHT="23" WC="0.96" CONTENT="sex"/><SP WIDTH="33" VPOS="1527" HPOS="1607"/>
							<String ID="string_257" HPOS="1640" VPOS="1515" WIDTH="121" HEIGHT="47" WC="0.96" CONTENT="dagar"/><SP WIDTH="36" VPOS="1515" HPOS="1761"/>
							<String ID="string_258" HPOS="1797" VPOS="1514" WIDTH="96" HEIGHT="37" WC="0.96" CONTENT="efter"/><SP WIDTH="31" VPOS="1514" HPOS="1893"/>
							<String ID="string_259" HPOS="1924" VPOS="1515" WIDTH="83" HEIGHT="37" WC="0.96" CONTENT="dess"/>
						</TextLine>
						<TextLine ID="line_57" HPOS="1237" VPOS="1567" WIDTH="770" HEIGHT="46">
							<String ID="string_260" HPOS="1237" VPOS="1567" WIDTH="214" HEIGHT="46" WC="0.87" CONTENT="öppnande,"/><SP WIDTH="35" VPOS="1567" HPOS="1451"/>
							<String ID="string_261" HPOS="1486" VPOS="1567" WIDTH="199" HEIGHT="37" WC="0.96" CONTENT="tillsättas:"/><SP WIDTH="31" VPOS="1567" HPOS="1685"/>
							<String ID="string_262" HPOS="1716" VPOS="1570" WIDTH="57" HEIGHT="33" WC="0.92" CONTENT="ett"/><SP WIDTH="40" VPOS="1570" HPOS="1773"/>
							<String ID="string_263" HPOS="1813" VPOS="1568" WIDTH="194" HEIGHT="36" WC="0.92" CONTENT="konstitu-"/>
						</TextLine>
						<TextLine ID="line_58" HPOS="1233" VPOS="1618" WIDTH="774" HEIGHT="48">
							<String ID="string_264" HPOS="1233" VPOS="1618" WIDTH="269" HEIGHT="48" WC="0.91" CONTENT="tionsutskott,"/><SP WIDTH="48" VPOS="1618" HPOS="1502"/>
							<String ID="string_265" HPOS="1550" VPOS="1623" WIDTH="57" HEIGHT="34" WC="0.88" CONTENT="ett"/><SP WIDTH="45" VPOS="1623" HPOS="1607"/>
							<String ID="string_266" HPOS="1652" VPOS="1620" WIDTH="262" HEIGHT="46" WC="0.88" CONTENT="statsutskott,"/><SP WIDTH="36" VPOS="1620" HPOS="1914"/>
							<String ID="string_267" HPOS="1950" VPOS="1623" WIDTH="57" HEIGHT="34" WC="0.96" CONTENT="ett"/>
						</TextLine>
						<TextLine ID="line_59" HPOS="1231" VPOS="1671" WIDTH="775" HEIGHT="50">
							<String ID="string_268" HPOS="1231" VPOS="1671" WIDTH="395" HEIGHT="48" WC="0.90" CONTENT="bevillningsutskott,"/><SP WIDTH="28" VPOS="1671" HPOS="1626"/>
							<String ID="string_269" HPOS="1654" VPOS="1675" WIDTH="48" HEIGHT="34" WC="0.49" CONTENT="ett"/><SP WIDTH="7" VPOS="1675" HPOS="1702"/>
							<String ID="string_270" HPOS="1709" VPOS="1672" WIDTH="297" HEIGHT="49" WC="0.49" CONTENT="bankoutskott,"/>
						</TextLine>
						<TextLine ID="line_60" HPOS="1235" VPOS="1724" WIDTH="771" HEIGHT="50">
							<String ID="string_271" HPOS="1235" VPOS="1726" WIDTH="57" HEIGHT="34" WC="0.92" CONTENT="ett"/><SP WIDTH="32" VPOS="1726" HPOS="1292"/>
							<String ID="string_272" HPOS="1324" VPOS="1724" WIDTH="220" HEIGHT="48" WC="0.90" CONTENT="lagutskott"/><SP WIDTH="26" VPOS="1724" HPOS="1544"/>
							<String ID="string_273" HPOS="1570" VPOS="1728" WIDTH="92" HEIGHT="33" WC="0.91" CONTENT="samt"/><SP WIDTH="28" VPOS="1728" HPOS="1662"/>
							<String ID="string_274" HPOS="1690" VPOS="1728" WIDTH="45" HEIGHT="33" WC="0.92" CONTENT="ett"/><SP WIDTH="19" VPOS="1728" HPOS="1735"/>
							<String ID="string_275" HPOS="1754" VPOS="1725" WIDTH="252" HEIGHT="49" WC="0.91" CONTENT="jordbruksut-"/>
						</TextLine>
						<TextLine ID="line_61" HPOS="1234" VPOS="1776" WIDTH="773" HEIGHT="49">
							<String ID="string_276" HPOS="1234" VPOS="1776" WIDTH="101" HEIGHT="37" WC="0.93" CONTENT="skott."/><SP WIDTH="55" VPOS="1776" HPOS="1335"/>
							<String ID="string_277" HPOS="1390" VPOS="1777" WIDTH="115" HEIGHT="37" WC="0.95" CONTENT="Dessa"/><SP WIDTH="45" VPOS="1777" HPOS="1505"/>
							<String ID="string_278" HPOS="1550" VPOS="1777" WIDTH="238" HEIGHT="48" WC="0.96" CONTENT="Riksdagens"/><SP WIDTH="41" VPOS="1777" HPOS="1788"/>
							<String ID="string_279" HPOS="1829" VPOS="1778" WIDTH="178" HEIGHT="47" WC="0.96" CONTENT="ständiga"/>
						</TextLine>
						<TextLine ID="line_62" HPOS="1233" VPOS="1828" WIDTH="773" HEIGHT="39">
							<String ID="string_280" HPOS="1233" VPOS="1828" WIDTH="155" HEIGHT="37" WC="0.96" CONTENT="utskott"/><SP WIDTH="28" VPOS="1828" HPOS="1388"/>
							<String ID="string_281" HPOS="1416" VPOS="1829" WIDTH="110" HEIGHT="37" WC="0.96" CONTENT="skola"/><SP WIDTH="26" VPOS="1829" HPOS="1526"/>
							<String ID="string_282" HPOS="1552" VPOS="1830" WIDTH="126" HEIGHT="37" WC="0.93" CONTENT="bestå:"/><SP WIDTH="30" VPOS="1830" HPOS="1678"/>
							<String ID="string_283" HPOS="1708" VPOS="1830" WIDTH="298" HEIGHT="37" WC="0.91" CONTENT="konstitutions-"/>
						</TextLine>
						<TextLine ID="line_63" HPOS="1233" VPOS="1881" WIDTH="778" HEIGHT="49">
							<String ID="string_284" HPOS="1233" VPOS="1881" WIDTH="195" HEIGHT="37" WC="0.96" CONTENT="utskottet"/><SP WIDTH="26" VPOS="1881" HPOS="1428"/>
							<String ID="string_285" HPOS="1454" VPOS="1882" WIDTH="43" HEIGHT="36" WC="0.92" CONTENT="af"/><SP WIDTH="14" VPOS="1882" HPOS="1497"/>
							<String ID="string_286" HPOS="1511" VPOS="1882" WIDTH="123" HEIGHT="48" WC="0.90" CONTENT="tjugu,"/><SP WIDTH="22" VPOS="1882" HPOS="1634"/>
							<String ID="string_287" HPOS="1656" VPOS="1883" WIDTH="293" HEIGHT="37" WC="0.95" CONTENT="statsutskottet"/><SP WIDTH="21" VPOS="1883" HPOS="1949"/>
							<String ID="string_288" HPOS="1970" VPOS="1882" WIDTH="41" HEIGHT="38" WC="0.95" CONTENT="af"/>
						</TextLine>
						<TextLine ID="line_64" HPOS="1231" VPOS="1933" WIDTH="780" HEIGHT="50">
							<String ID="string_289" HPOS="1231" VPOS="1933" WIDTH="209" HEIGHT="48" WC="0.90" CONTENT="tjugufyra,"/><SP WIDTH="53" VPOS="1933" HPOS="1440"/>
							<String ID="string_290" HPOS="1493" VPOS="1935" WIDTH="429" HEIGHT="48" WC="0.89" CONTENT="bevillningsutskottet"/><SP WIDTH="48" VPOS="1935" HPOS="1922"/>
							<String ID="string_291" HPOS="1970" VPOS="1935" WIDTH="41" HEIGHT="36" WC="0.96" CONTENT="af"/>
						</TextLine>
						<TextLine ID="line_65" HPOS="1235" VPOS="1985" WIDTH="769" HEIGHT="50">
							<String ID="string_292" HPOS="1235" VPOS="1985" WIDTH="124" HEIGHT="49" WC="0.90" CONTENT="tjugu,"/><SP WIDTH="16" VPOS="1985" HPOS="1359"/>
							<String ID="string_293" HPOS="1375" VPOS="1987" WIDTH="330" HEIGHT="37" WC="0.96" CONTENT="bankoutskottet"/><SP WIDTH="13" VPOS="1987" HPOS="1705"/>
							<String ID="string_294" HPOS="1718" VPOS="1988" WIDTH="41" HEIGHT="36" WC="0.39" CONTENT="af"/><SP WIDTH="7" VPOS="1988" HPOS="1759"/>
							<String ID="string_295" HPOS="1766" VPOS="1991" WIDTH="146" HEIGHT="43" WC="0.39" CONTENT="sexton,"/><SP WIDTH="13" VPOS="1991" HPOS="1912"/>
							<String ID="string_296" HPOS="1925" VPOS="1988" WIDTH="79" HEIGHT="47" WC="0.89" CONTENT="lag-"/>
						</TextLine>
						<TextLine ID="line_66" HPOS="1229" VPOS="2039" WIDTH="776" HEIGHT="48">
							<String ID="string_297" HPOS="1229" VPOS="2039" WIDTH="195" HEIGHT="37" WC="0.96" CONTENT="utskottet"/><SP WIDTH="29" VPOS="2039" HPOS="1424"/>
							<String ID="string_298" HPOS="1453" VPOS="2039" WIDTH="41" HEIGHT="37" WC="0.95" CONTENT="af"/><SP WIDTH="24" VPOS="2039" HPOS="1494"/>
							<String ID="string_299" HPOS="1518" VPOS="2044" WIDTH="136" HEIGHT="33" WC="0.96" CONTENT="sexton"/><SP WIDTH="26" VPOS="2044" HPOS="1654"/>
							<String ID="string_300" HPOS="1680" VPOS="2044" WIDTH="94" HEIGHT="33" WC="0.92" CONTENT="samt"/><SP WIDTH="26" VPOS="2044" HPOS="1774"/>
							<String ID="string_301" HPOS="1800" VPOS="2040" WIDTH="205" HEIGHT="47" WC="0.88" CONTENT="jordbruks-"/>
						</TextLine>
						<TextLine ID="line_67" HPOS="1232" VPOS="2092" WIDTH="774" HEIGHT="48">
							<String ID="string_302" HPOS="1232" VPOS="2092" WIDTH="162" HEIGHT="36" WC="0.93" CONTENT="utskottet"/><SP WIDTH="27" VPOS="2092" HPOS="1394"/>
							<String ID="string_303" HPOS="1421" VPOS="2093" WIDTH="45" HEIGHT="47" WC="0.95" CONTENT="af"/><SP WIDTH="22" VPOS="2093" HPOS="1466"/>
							<String ID="string_304" HPOS="1488" VPOS="2096" WIDTH="120" HEIGHT="33" WC="0.96" CONTENT="sexton"/><SP WIDTH="23" VPOS="2096" HPOS="1608"/>
							<String ID="string_305" HPOS="1631" VPOS="2093" WIDTH="222" HEIGHT="47" WC="0.96" CONTENT="ledamöter,"/><SP WIDTH="21" VPOS="2093" HPOS="1853"/>
							<String ID="string_306" HPOS="1874" VPOS="2093" WIDTH="132" HEIGHT="37" WC="0.96" CONTENT="hvilka"/>
						</TextLine>
						<TextLine ID="line_68" HPOS="1230" VPOS="2143" WIDTH="775" HEIGHT="39">
							<String ID="string_307" HPOS="1230" VPOS="2143" WIDTH="190" HEIGHT="37" WC="0.96" CONTENT="hvardera"/><SP WIDTH="28" VPOS="2143" HPOS="1420"/>
							<String ID="string_308" HPOS="1448" VPOS="2145" WIDTH="225" HEIGHT="37" WC="0.96" CONTENT="kammaren"/><SP WIDTH="28" VPOS="2145" HPOS="1673"/>
							<String ID="string_309" HPOS="1701" VPOS="2146" WIDTH="61" HEIGHT="36" WC="0.93" CONTENT="till"/><SP WIDTH="28" VPOS="2146" HPOS="1762"/>
							<String ID="string_310" HPOS="1790" VPOS="2145" WIDTH="128" HEIGHT="37" WC="0.91" CONTENT="halfva"/><SP WIDTH="21" VPOS="2145" HPOS="1918"/>
							<String ID="string_311" HPOS="1939" VPOS="2158" WIDTH="66" HEIGHT="24" WC="0.92" CONTENT="an-"/>
						</TextLine>
						<TextLine ID="line_69" HPOS="1234" VPOS="2196" WIDTH="772" HEIGHT="50">
							<String ID="string_312" HPOS="1234" VPOS="2196" WIDTH="96" HEIGHT="36" WC="0.91" CONTENT="talet"/><SP WIDTH="53" VPOS="2196" HPOS="1330"/>
							<String ID="string_313" HPOS="1383" VPOS="2197" WIDTH="104" HEIGHT="36" WC="0.91" CONTENT="inom"/><SP WIDTH="54" VPOS="2197" HPOS="1487"/>
							<String ID="string_314" HPOS="1541" VPOS="2198" WIDTH="58" HEIGHT="48" WC="0.95" CONTENT="sig"/><SP WIDTH="53" VPOS="2198" HPOS="1599"/>
							<String ID="string_315" HPOS="1652" VPOS="2198" WIDTH="120" HEIGHT="48" WC="0.95" CONTENT="väljer"/><SP WIDTH="49" VPOS="2198" HPOS="1772"/>
							<String ID="string_316" HPOS="1821" VPOS="2198" WIDTH="185" HEIGHT="48" WC="0.96" CONTENT="antingen"/>
						</TextLine>
						<TextLine ID="line_70" HPOS="1232" VPOS="2249" WIDTH="774" HEIGHT="48">
							<String ID="string_317" HPOS="1232" VPOS="2249" WIDTH="238" HEIGHT="37" WC="0.96" CONTENT="omedelbart"/><SP WIDTH="28" VPOS="2249" HPOS="1470"/>
							<String ID="string_318" HPOS="1498" VPOS="2250" WIDTH="103" HEIGHT="47" WC="0.95" CONTENT="eller,"/><SP WIDTH="35" VPOS="2250" HPOS="1601"/>
							<String ID="string_319" HPOS="1636" VPOS="2263" WIDTH="62" HEIGHT="24" WC="0.94" CONTENT="om"/><SP WIDTH="23" VPOS="2263" HPOS="1698"/>
							<String ID="string_320" HPOS="1721" VPOS="2251" WIDTH="225" HEIGHT="36" WC="0.96" CONTENT="kammaren"/><SP WIDTH="19" VPOS="2251" HPOS="1946"/>
							<String ID="string_321" HPOS="1965" VPOS="2254" WIDTH="41" HEIGHT="33" WC="0.96" CONTENT="så"/>
						</TextLine>
						<TextLine ID="line_71" HPOS="1228" VPOS="2301" WIDTH="779" HEIGHT="50">
							<String ID="string_322" HPOS="1228" VPOS="2301" WIDTH="182" HEIGHT="48" WC="0.96" CONTENT="beslutar,"/><SP WIDTH="29" VPOS="2301" HPOS="1410"/>
							<String ID="string_323" HPOS="1439" VPOS="2314" WIDTH="139" HEIGHT="36" WC="0.96" CONTENT="genom"/><SP WIDTH="28" VPOS="2314" HPOS="1578"/>
							<String ID="string_324" HPOS="1606" VPOS="2303" WIDTH="208" HEIGHT="48" WC="0.93" CONTENT="elektorer;"/><SP WIDTH="32" VPOS="2303" HPOS="1814"/>
							<String ID="string_325" HPOS="1846" VPOS="2304" WIDTH="161" HEIGHT="37" WC="0.92" CONTENT="ankom-"/>
						</TextLine>
					</TextBlock>
				</ComposedBlock>
			</PrintSpace>
		</Page>
	</Layout>
</alto>
