2125 2649
685 197 123 31 Banko-
818 192 170 45 Utskottets
996 196 162 32 Memorial
1179 196 64 32 N:o
1268 199 27 29 1.
1757 200 36 29 17

290 279 188 48 Beloppet
519 277 39 37 af
595 278 231 48 utelöpande
867 277 320 49 transportsedlar
1224 283 95 30 samt
1352 277 39 36 af
1421 277 124 37 sedlar
1574 281 20 33 å
1622 280 20 34 3
1673 278 69 36 och
1773 281 20 33 2

190 331 185 36 riksdaler
405 330 121 36 banko
557 333 46 45 på
632 329 175 47 ofärgadt
835 342 155 35 papper,
1020 330 126 34 hvilka
1175 330 119 47 enligt
1317 329 130 36 Rikets
1468 327 180 38 Ständers
1668 329 126 36 beslut

190 383 101 36 föras
319 383 101 34 inom
450 382 127 44 linien,
607 381 175 48 utgjorde
811 381 63 35 vid
903 382 95 46 1883
1029 384 57 32 års
1114 381 130 47 början
1263 411 160 6 ........
1453 380 62 36 Kr.
1546 383 171 44 339,617:
1745 402 50 5 —

290 433 130 36 Under
465 437 80 31 året
590 440 64 28 äro
702 433 136 34 inlösta
884 432 127 48 dylika
1056 432 124 35 sedlar
1224 435 47 44 på
1317 432 109 35 enkla

187 478 33 57 199
233 478 29 57 EX
279 478 30 57 [5
318 483 25 36 (6
391 514 1030 6 CU
1476 496 14 15 »
1659 485 57 34 34:
1747 483 46 36 50

192 552 146 37 hvadan
379 551 63 37 vid
485 551 252 36 innevarande
780 555 58 32 års
880 551 130 47 början
1048 550 84 36 utaf
1163 516 108 70 dessa
1303 552 123 47 gamla

291 603 228 36 sedelsorter
548 602 191 36 återstodo
770 603 161 35 Oinlöstå
962 633 114 5 mm...
1137 598 284 54 sees
1453 602 61 36 Kr.
1545 604 171 44 339,582:
1735 605 57 35 50.

818 786 69 37 Om
914 787 252 46 skiljemynt.

941 888 18 49 $
991 893 55 34 12.

291 977 93 36 Utaf
417 976 361 48 silfverskiljemynt,
817 976 175 48 pregladt
1021 976 118 47 enligt
1170 978 92 34 1873
1293 979 58 32 års
1379 975 284 60 myntordning,
1692 977 103 36 inne-

192 1030 94 35 hade
314 1029 240 36 Riksbanken
583 1029 62 35 vid
677 1030 93 35 1883
801 1031 57 32 års
888 1028 130 46 början
1048 1006 71 57 ett
1124 1027 151 48 belopp,
1297 1040 79 23 som
1397 1028 10 34 i
1429 1028 246 48 pregelvärde
1701 1033 94 31 mot-

191 1081 157 35 [SKYE
255 1075 30 52 Dr
297 1075 20 52 16
354 1109 1031 7 [2
1415 1078 62 36 Kr.
1511 1081 206 41 1,340,752:
1748 1082 44 34 85

192 1132 69 35 och
290 1132 64 36 vid
382 1144 141 23 samma
551 1134 59 32 års
639 1130 744 36 SlUt.m.ssssssesssiesrr
1098 1126 156 55 srrrsserserser
1257 1126 62 55 serier
1322 1126 28 55 arr
1356 1126 29 55 nnn
1438 1143 14 16 »
1510 1132 206 44 1,645,600:
1747 1133 45 34 90

191 1182 200 36 utvisande
421 1195 44 22 en
494 1182 203 45 tillökning
725 1181 120 35 under
874 1184 81 32 året
983 1180 401 37 Au.mmsssmmsmmmsesn
1439 1192 14 19 »
1546 1182 171 42 304,848:
1735 1184 58 34 05.

292 1233 92 36 Utaf
420 1233 65 35 det
521 1233 62 35 vid
623 1234 94 35 1883
756 1235 58 32 års
849 1232 74 35 slut
952 1232 68 35 hos
1047 1231 240 36 Riksbanken
1316 1231 194 48 befintliga
1538 1231 256 48 silfverskilje-

192 1290 147 43 myntet
366 1283 233 36 förvarades:

192 1336 63 35 vid
283 1335 259 36 Riksbankens
571 1333 288 37 hufvudkontor
874 1364 125 5 ...........
1030 1332 62 37 Kr.
1126 1335 206 43 1,216,023:
1363 1334 45 35 55

217 1398 13 18 »
285 1385 393 48 afdelningskontoret
705 1385 11 35 i
746 1382 195 49 Göteborg
976 1416 25 4 ...
1057 1396 13 18 >»
1188 1386 145 41 92,058:
1362 1403 48 4 —

217 1451 14 14 »
462 1450 14 15 »
704 1436 11 35 i
743 1435 136 35 Malmö
908 1466 93 5 .........
1056 1447 14 18 »
1163 1437 169 41 135,318:
1363 1438 46 33 50

218 1501 14 14 »
460 1500 14 17 »
703 1487 11 34 i
741 1485 118 36 Luleå
875 1517 126 6 ............
1056 1498 14 18 »
1187 1488 145 38 32,656:
1363 1488 44 34 35

217 1552 14 15 »
461 1550 14 18 »
703 1538 11 35 i
742 1536 261 38 Vexiö.......
1057 1549 14 17 »
1166 1539 167 41 119,600:
1363 1556 48 5 —

217 1603 15 15 »
461 1603 14 14 »
704 1589 12 35 i
743 1587 259 51 Visby...
1058 1602 14 15 »
1189 1590 145 41 36,319:
1366 1591 44 34 50

216 1651 15 19 »
460 1652 13 18 »
702 1640 11 35 i
743 1631 260 45 Östersund
966 1627 55 58 ...
1057 1650 14 19 »
1191 1641 142 40 13,625:
1362 1657 48 6 —

551 1716 2 2 |
852 1706 152 37 Summa
1033 1706 62 37 Kr.
1127 1709 207 42 1,645,600:
1365 1710 45 34 90

193 1759 277 44 motsvarande,
499 1758 96 37 efter
623 1758 132 48 afdrag
783 1757 39 37 af
847 1759 52 36 tio
928 1764 169 42 procent,
1127 1764 55 29 ett
1209 1759 115 35 värde
1353 1758 39 36 af
1417 1758 62 36 Kr.
1510 1761 208 42 1,481,040:
1736 1760 57 34 81.

942 1840 17 49 $
991 1846 55 34 13.

292 1911 131 36 Under
450 1912 132 47 loppet
610 1910 39 36 af
673 1911 189 36 nästlidna
891 1914 39 32 år
959 1911 66 36 har
1054 1911 79 36 dels
1161 1911 82 36 från
1273 1910 325 37 hufvudkontoret
1624 1911 69 35 och
1715 1911 80 36 dels

192 1961 83 37 från
310 1961 399 48 afdelningskontoren
747 1962 11 35 i
796 1960 194 50 Göteborg
1018 1963 70 35 och
1117 1962 135 35 Malmö
1281 1961 248 48 försändning
1557 1968 63 41 egt
1647 1975 83 22 rum
1759 1961 37 37 af

193 2013 132 36 norskt
354 2014 70 34 och
453 2013 136 36 danskt
617 2014 473 47 konventionsskiljemynt
1123 2013 57 36 för
1217 2014 194 47 invexling
1445 2013 11 35 i
1492 2013 203 36 Kristiania
1723 2014 71 35 och

193 2063 257 48 Köpenhamn.
507 2062 70 37 Om
608 2065 211 47 ersättning
846 2064 57 36 för
932 2065 44 35 de
1005 2078 136 34 genom
1170 2065 107 35 dessa
1301 2064 252 36 försändelser
1577 2065 218 47 uppkomna

194 2115 215 44 kostnader,
440 2116 210 47 utgörande
678 2115 59 35 för
766 2115 64 36 det
858 2115 136 36 norska
1023 2121 147 43 myntet
1199 2116 139 35 kronor
1368 2118 81 34 645:
1482 2118 40 33 11
1555 2116 70 35 och
1650 2115 58 36 för
1730 2116 65 35 det

194 2166 142 35 danska
364 2167 140 34 kronor
534 2169 119 40 1,247:
675 2168 59 43 94,
763 2167 92 34 eller
883 2166 160 48 tillhopa
1071 2167 141 35 kronor
1243 2169 116 41 1,893:
1381 2168 60 43 05,
1462 2166 121 44 hafva,
1604 2169 47 44 på
1671 2167 124 47 grund

194 2216 39 36 af
258 2216 134 48 Kongl.
416 2216 122 48 Maj:ts
563 2216 196 37 skrifvelse
784 2218 57 34 till
867 2217 251 48 Fullmäktige
1144 2218 71 35 den
1242 2220 43 33 12
1315 2217 222 48 September
1567 2220 107 42 1879,
1696 2217 100 36 Full-

193 2267 166 49 mäktige
389 2268 66 35 hos
483 2267 135 49 Kongl.
642 2268 103 48 Maj:t
769 2269 101 48 gjort
894 2267 289 49 framställning,
1208 2269 115 36 hvarå
1346 2269 127 36 beslut
1494 2276 100 28 ännu
1614 2242 180 80 afvaktas.

293 2332 64 26 Bih.
376 2331 42 27 till
436 2332 98 26 RBiksd.
552 2332 74 28 Prot,
645 2332 87 27 1884.
768 2332 19 27 6
804 2332 88 27 Saml.
928 2333 16 24 1
964 2332 70 35 Afd.
1071 2333 16 25 1
1107 2333 82 33 Häöft.
1681 2335 14 23 3
