1914 2844
292 154 18 30 2
674 161 4 13 Vv
742 155 256 33 Statsutskottets
1021 156 167 32 utlåtande
1212 157 53 31 Nr
1288 160 53 28 20.

289 244 82 21 vara
406 233 48 32 till
479 244 41 21 en
544 234 121 41 början
689 235 120 32 endast
833 236 221 41 provisoriskt
1077 254 42 3 —
1143 239 92 30 möta
1260 237 56 31 det
1340 237 107 32 ökade
1471 237 154 42 tilloppet
1650 249 41 21 av
1716 243 65 27 stu-

289 287 147 32 derande
460 287 63 32 och
548 287 140 33 därmed
712 288 141 42 bidraga
877 289 51 32 till
951 290 202 41 uppnående
1178 301 42 21 av
1245 290 150 42 angivna
1415 291 97 41 syfte.

334 340 131 33 Genom
489 341 56 32 det
569 352 47 21 nu
641 342 232 41 föreliggande
896 343 161 41 förslaget
1080 343 49 32 till
1147 343 174 42 ändrings-
1339 344 62 32 och
1418 345 362 41 utrustningsarbeten,

289 394 104 32 vilket
427 394 164 33 innebure
626 395 141 33 allenast
791 399 47 29 ett
861 397 217 41 utnyttjande
1102 408 42 22 av
1168 398 105 31 redan
1296 398 51 32 till
1371 398 86 32 buds
1482 399 138 32 stående
1643 399 137 39 lokaler,

288 447 108 33 skulle
431 459 81 21 man
547 449 105 32 vinna
687 449 70 32 dels
794 460 41 21 en
860 450 150 42 betydlig
1034 451 127 41 ökning
1185 462 43 21 av
1252 451 127 32 antalet
1402 451 237 42 arbetsplatser
1663 453 53 31 för
1741 453 40 31 de

288 501 203 33 studerande
526 519 44 4 —
602 503 228 42 sammanlagt
865 505 42 30 24
939 504 134 41 platser,
1098 505 239 33 motsvarande
1361 505 144 33 behovet
1529 507 53 31 för
1604 507 43 31 48
1672 506 109 32 stude-

288 555 105 32 rande
429 555 76 32 med
541 556 383 43 parallelltjänstgöring
958 575 43 4 —
1034 558 70 32 dels
1128 558 184 42 utvidgade
1338 559 62 32 och
1424 559 207 33 förbättrade
1655 560 127 32 lokaler

287 609 55 32 för
379 609 64 32 den
478 609 11 31 i
522 610 142 32 modern
698 610 262 34 tandläkekonst
996 613 36 31 så
1064 611 258 43 betydelsefulla
1354 612 114 42 pulpa-
1494 613 63 32 och
1581 613 199 33 rotbehand-

287 662 125 42 lingen.

333 717 50 32 De
406 717 11 31 i
441 717 138 32 ärendet
602 718 176 32 företedda
801 718 211 42 ritningarna
1036 724 160 28 ävensom
1221 719 42 32 de
1287 720 191 42 framlagda
1502 721 279 32 kostnadsberäk-

287 770 168 42 ningarna
487 788 43 3 —
562 772 118 38 19,000
704 772 126 32 kronor
853 773 53 31 för
929 772 110 41 själva
1062 773 209 41 inrednings-
1296 774 64 32 och
1384 774 397 42 ombyggnadsarbetena

288 827 89 28 samt
412 825 121 38 28,094
556 825 126 32 kronor
705 826 43 32 50
772 830 56 28 öre
852 825 79 33 eller
955 826 10 32 i
989 827 168 32 avrundat
1181 827 136 32 krontal
1341 828 119 38 28,095
1486 828 124 32 kronor
1633 829 53 31 för
1709 828 72 32 lösa

287 877 205 33 inventarier
516 878 63 32 och
603 879 205 42 utrustning,
834 879 30 32 d.
890 891 31 21 v.
947 891 24 21 s.
997 880 227 42 sammanlagt
1247 882 121 38 47,095
1393 881 124 33 kronor
1533 899 43 3 —
1592 882 63 32 har
1667 882 114 42 depar-

287 931 268 32 tementschefen
578 932 117 32 funnit
718 932 52 42 sig
793 933 118 32 kunna
934 933 115 32 lämna
1073 937 81 29 utan
1179 934 144 32 erinran.

333 1011 180 40 Utskottet,
538 1023 73 21 som
636 1012 145 40 beaktat,
807 1016 49 29 att
879 1013 41 33 de
943 1025 48 21 nu
1015 1014 191 42 föreslagna
1231 1015 202 41 åtgärderna
1456 1016 73 31 icke
1553 1015 164 33 innebära
1736 1019 46 29 ett

287 1065 238 42 föregripande
560 1076 43 22 av
638 1067 278 32 statsmakternas
951 1067 325 42 ställningstagande
1305 1069 50 31 till
1378 1069 66 32 den
1468 1069 109 32 under
1600 1069 182 42 utredning

287 1118 149 33 varande
459 1119 122 41 frågan
605 1130 55 21 om
686 1120 176 33 definitiva
886 1121 229 42 anordningar
1139 1123 52 30 för
1207 1122 89 32 ökad
1313 1122 196 41 utbildning
1525 1133 42 22 av
1584 1123 198 32 tandläkare

286 1172 12 31 i
322 1172 94 39 riket,
441 1183 99 21 anser
563 1173 52 41 sig
638 1173 81 33 böra
742 1174 168 41 tillstyrka
934 1175 128 41 Kungl.
1089 1175 113 41 Maj:ts
1222 1175 128 42 förslag
1366 1176 62 32 och
1445 1176 195 32 hemställer
1656 1177 125 38 därför,

653 1230 49 29 att
734 1227 180 42 riksdagen
948 1230 57 30 må
1037 1229 54 32 för
1123 1229 147 41 ändring
1303 1230 63 31 och
1398 1230 197 41 utrustning
1625 1241 42 21 av
1692 1230 90 33 vissa

607 1279 127 33 lokaler
767 1282 19 30 å
819 1281 363 33 tandläkarinstitutets
1213 1282 447 43 tandfyllningsavdelning,
1689 1284 92 31 allt
1764 1275 21 54 i

608 1333 232 42 huvudsaklig
872 1336 334 32 överensstämmelse
1231 1336 79 32 med
1333 1336 11 31 i
1369 1336 138 32 ärendet
1530 1337 176 32 företedda
1729 1338 53 31 rit-

608 1387 123 42 ningar
755 1388 64 31 och
842 1388 300 42 kostnadsförslag,
1167 1390 54 31 för
1241 1389 198 42 budgetåret
1458 1388 188 38 1931/1932
1664 1391 118 32 anvisa

608 1443 47 30 ett
678 1443 95 30 extra
796 1442 343 41 reservationsanslag
1167 1454 42 21 av
1233 1444 123 37 47,095
1379 1443 134 33 kronor.

334 1511 197 33 Stockholm
555 1512 66 32 den
648 1513 40 31 10
711 1512 150 33 februari
888 1514 93 31 1931.

782 1611 49 32 På
854 1612 263 32 statsutskottets
1140 1617 142 37 vägnar:

807 1682 31 32 S.
865 1682 43 32 H.
935 1683 336 33 KVARNZELIUS.

325 1949 56 26 Vid
401 1949 182 27 förestående
602 1950 122 26 ärendes
743 1950 237 33 slutbehandling
999 1951 77 26 inom
1096 1952 139 24 utskottet
1256 1951 75 26 hava
1350 1952 137 25 närvarit:

325 2003 64 25 från
417 2003 112 26 första
557 2004 209 26 kammaren:
797 2004 99 25 herrar
924 2004 27 26 S.
972 2004 38 26 H.
1030 2004 196 32 Kvarnzelius,
1250 2005 34 25 A.
1308 2004 27 27 C.
1360 2005 152 32 Lindblad,
1535 2005 70 33 Olof
1622 2006 107 32 Olsson,
1752 2006 29 26 O.

289 2047 152 33 Bergqvist,
469 2048 29 25 J.
519 2047 114 27 Nilsson
652 2049 9 24 i
681 2049 116 31 Malmö,
820 2048 27 26 C.
867 2049 31 25 P.
925 2048 28 27 V.
973 2049 115 26 Nilsson
1107 2049 8 25 i
1135 2049 142 32 Gränebo,
1297 2049 34 26 E.
1352 2050 33 25 A.
1406 2050 132 32 Lundell,
1557 2050 29 26 J.
1609 2051 33 25 G.
1667 2051 115 31 Walles,

292 2092 27 26 C.
342 2092 33 26 G.
400 2092 30 26 V.
450 2092 240 33 Hammarskjöld,
713 2093 27 26 C.
760 2093 35 26 A.
818 2093 129 26 Carlsson
965 2094 9 25 i
995 2094 98 31 Gävle,
1116 2093 29 27 0.
1166 2094 33 26 A.
1220 2094 125 33 Ernfors
1365 2095 52 25 och
1437 2095 35 26 K.
1494 2095 33 26 A.
1554 2095 41 26 W.
1616 2095 113 33 Björck;

325 2137 64 25 från
409 2137 104 26 andra
533 2138 211 25 kammaren:
766 2138 100 26 herrar
888 2138 26 26 C.
935 2138 35 26 RB.
990 2138 124 26 Jansson
1133 2139 8 25 i
1161 2139 100 31 Falun,
1281 2139 33 26 P.
1334 2139 113 26 Nilsson
1467 2140 9 25 i
1491 2140 122 32 Bonarp,
1628 2139 27 26 S.
1671 2140 111 33 Bengts-

288 2189 50 18 son
356 2182 9 25 i
385 2182 105 32 Norup,
510 2182 32 26 P.
562 2182 41 25 M.
627 2182 96 26 Olsson
742 2183 9 25 i
771 2183 146 32 Blädinge,
937 2183 34 26 B.
991 2183 85 26 F:son
1096 2184 161 33 Holmgren,
1277 2184 29 26 J.
1330 2184 127 32 Olofsson
1471 2185 8 25 i
1494 2185 148 32 Digernäs,
1665 2184 29 27 O.
1708 2185 75 26 Nils-

288 2234 50 18 son
356 2227 9 25 i
385 2221 115 37 Örebro,
527 2226 28 27 S.
575 2227 118 26 Persson
711 2228 9 25 i
740 2228 122 33 Fritorp,
881 2228 36 26 K.
939 2227 26 26 S.
991 2228 30 26 V.
1047 2228 96 32 Ward,
1163 2229 33 25 A.
1217 2228 120 33 Norsell,
1359 2229 33 26 GQ.
1412 2229 39 26 H.
1471 2229 133 26 Svensson
1624 2230 9 25 i
1654 2230 128 26 Grönvik

289 2271 55 26 och
363 2272 34 26 E.
417 2271 158 27 Andersson
594 2272 10 25 i
622 2273 140 25 Prästbol.
