1880 2852
533 145 295 34 Statsutskottets
851 148 189 33 utlåtande
1062 150 54 32 Nr
1139 152 49 29 10.
1530 154 39 30 17

145 220 20 31 I
184 220 120 37 övrigt
322 221 67 31 har
411 221 108 37 ingen
539 223 157 37 ändring
717 223 216 38 ifrågasatts
953 236 46 22 av
1019 227 42 31 de
1082 227 12 31 i
1115 227 289 37 pensionsstaten
1424 231 188 36 upptagna

103 272 184 36 anslagen.
336 273 126 36 Enligt
492 274 59 32 det
579 285 46 21 av
652 275 394 37 departementschefen
1074 278 190 33 förordade
1293 280 174 37 förslaget
1495 282 115 31 skulle

105 324 158 32 nämnda
284 325 74 30 stat
381 324 84 32 från
484 326 65 31 och
572 327 82 31 med
675 329 105 30 nästa
801 327 178 38 budgetår
1001 329 139 33 erhålla
1162 330 161 37 följande
1345 333 182 32 utseende:

101 391 72 33 Till
197 393 189 32 beredande
420 404 45 21 av
499 394 186 32 understöd
711 397 37 30 åt
781 397 94 31 vissa
899 397 247 33 förutvarande
1169 399 121 32 befatt-

191 446 234 36 ningshavare
458 447 60 31 vid
552 447 186 33 lotsverket
760 449 83 31 eller
865 450 99 31 deras
987 452 110 30 änkor
1118 452 63 31 och
1204 452 86 32 barn
1313 453 126 32 kronor
1486 455 116 36 15,000

129 509 13 16 »
190 498 244 37 pensionering
460 510 46 21 av
530 500 251 38 lotsstyrelsens
804 504 90 29 samt
917 503 78 31 lots-
1017 504 63 31 och
1104 504 186 37 fyrstatens

191 552 156 35 personal
372 552 11 30 i
406 552 153 37 enlighet
581 553 78 32 med
682 553 302 34 bestämmelserna
1006 556 13 31 i
1043 556 101 37 lagen
1165 557 64 31 den
1246 559 40 30 11

190 604 139 31 oktober
353 604 85 31 1907
462 606 173 35 angående
662 606 105 32 civila
791 607 341 36 tjänstinnehavares
1148 612 70 29 rätt
1232 611 55 31 till

190 656 153 37 pension,
366 657 280 38 förslagsaNSlag
679 683 605 9 mmssmrsssrsrssrisrrsrsrrsrrasisrssr
1119 652 36 48 nara
1164 652 36 48 anis
1206 652 81 48 sanna
1379 677 12 14 >»
1463 665 139 36 370,000

128 720 14 16 >
190 709 243 37 pensionering
457 719 122 27 genom
603 711 139 32 flottans
764 713 260 36 pensionskassa
1039 725 46 20 av
1102 715 187 37 lotsstyrel-

189 769 77 23 sens
299 763 92 29 samt
424 761 76 32 lots-
522 763 63 30 och
609 763 187 36 fyrstatens
819 766 167 36 personal,
1009 767 278 38 förslagsanslag
1378 780 12 15 »
1484 769 118 36 30,000

127 824 15 16 >
190 812 171 33 livräntor
383 815 36 30 åt
442 815 108 31 änkor
574 815 61 31 och
659 815 87 32 barn
765 817 86 31 efter
868 817 344 38 befattningshavare
1227 820 60 31 vid

190 865 187 33 lotsverket
399 867 110 37 enligt
532 868 246 38 förordningen
801 870 66 31 den
891 872 41 30 22
949 872 142 31 oktober
1107 873 95 36 1909,
1218 873 70 36 för-

188 918 222 38 SLAGJSONSlAG
422 945 71 3 monroe
502 946 35 3 rer
546 946 487 7 rrrrrsrarrrrararrar
753 914 50 49 arean
808 914 17 49 ar
830 914 47 49 arsa
888 914 4 49 s
900 914 32 49 ara
943 914 16 49 sr
964 914 72 49 rean
1037 931 6 22 «
1050 949 233 5 BSNISESERSENERNEININNN
1376 938 14 16 »
1457 972 5 2 >
1483 927 119 36 12,000

1142 970 144 48 Summa
1309 971 128 48 kronor
1456 972 156 53 427,000.

143 1075 82 32 Vad
256 1075 174 37 slutligen
462 1077 350 33 omkostnadsstaten
844 1079 191 38 beträffar,
1068 1081 67 31 har
1168 1081 395 38 departementschefen
1595 1085 13 31 i

104 1126 106 37 fråga
231 1136 56 22 om
308 1127 117 31 denna
446 1130 72 30 stat
537 1129 123 32 anfört
682 1129 174 37 följande:

144 1178 36 32 »I
202 1179 116 31 denna
339 1180 73 31 stat
433 1179 85 37 ingå
538 1199 42 4 —
598 1181 158 32 förutom
776 1183 52 30 ett
850 1182 154 33 bestämt
1025 1184 127 37 anslag
1172 1185 57 32 till
1250 1186 130 37 bidrag
1401 1187 58 31 till
1481 1188 126 32 under-

101 1231 83 37 håll,
219 1231 265 39 komplettering
519 1233 62 31 och
616 1234 86 31 drift
735 1244 44 21 av
813 1235 100 31 båtar
947 1235 60 32 vid
1031 1237 194 36 lotsplatser
1248 1257 41 4 —
1314 1239 147 37 tillhopa
1484 1241 128 31 tretton

98 1284 171 31 särskilda
292 1284 273 38 förslagsanslag
583 1286 53 31 för
651 1287 93 31 olika
759 1287 173 32 ändamål.
960 1289 57 31 Av
1033 1289 225 38 tillgängliga
1273 1292 177 37 uppgifter
1466 1293 146 32 rörande

97 1337 193 36 utgifterna
325 1338 111 31 under
469 1338 40 31 de
543 1339 94 31 olika
671 1340 284 36 anslagstitlarna
989 1342 164 37 framgår,
1188 1345 52 29 att
1273 1344 257 37 anslagsposten
1554 1346 57 31 till

98 1389 391 32 konsumtionsartiklar
522 1391 54 31 för
599 1391 98 37 fyrar
719 1402 45 21 m.
790 1403 56 26 m.,
870 1403 73 21 som
967 1394 58 31 vid
1050 1394 155 36 fjolårets
1230 1396 139 36 riksdag
1392 1397 139 31 sänktes
1555 1398 56 31 till

98 1442 140 36 140,000
262 1442 137 36 kronor,
423 1453 49 21 nu
495 1443 92 31 lärer
610 1444 120 31 kunna
752 1445 203 37 ytterligare
978 1447 13 29 i
1014 1447 114 36 någon
1152 1448 81 30 mån
1249 1448 186 37 nedsättas,
1452 1449 159 38 förslags-

98 1494 55 30 vis
186 1494 57 31 till
277 1494 141 36 130,000
452 1495 138 32 kronor.
637 1496 76 31 Vad
747 1498 109 35 angår
890 1498 123 36 övriga
1036 1499 252 36 anslagsposter
1311 1501 44 35 på
1378 1502 232 32 omkostnads-

96 1547 113 30 staten
244 1546 170 37 föreligga
447 1547 56 31 för
537 1548 93 31 vissa
663 1559 45 20 av
742 1549 77 31 dem
853 1550 196 36 väsentliga
1084 1552 301 31 överskridanden.
1436 1553 81 32 Som
1551 1554 60 38 jag

97 1598 254 36 inledningsvis
386 1599 197 32 framhållit
616 1601 92 30 hava
732 1601 245 32 förberedande
999 1603 161 36 åtgärder
1182 1613 48 21 nu
1254 1605 168 36 vidtagits
1446 1606 56 30 till
1525 1607 86 31 före-

97 1650 183 37 byggande
314 1651 111 31 härav
460 1653 193 31 framdeles.
700 1653 119 32 Under
852 1654 128 32 sådana
1014 1655 243 32 förhållanden
1288 1657 97 31 torde
1408 1659 113 35 någon
1546 1660 65 31 för-

94 1703 153 37 ändring
270 1704 12 30 i
306 1704 96 31 dessa
426 1705 262 37 anslagsbelopp
712 1706 73 31 icke
808 1717 48 20 nu
880 1707 83 31 böra
986 1708 170 36 vidtagas.

141 1755 68 32 Vid
243 1756 101 31 bifall
379 1757 57 30 till
470 1757 68 31 vad
572 1758 59 37 jag
664 1768 48 21 nu
747 1759 181 36 föreslagit
962 1760 112 31 skulle
1108 1761 331 32 omhkostnadsstaten
1476 1764 134 32 erhålla

97 1807 154 37 följande
275 1809 174 31 utseende:

93 1867 73 32 Till
190 1869 391 32 konsumtionsartiklar
605 1872 52 30 för
681 1872 107 36 fyrar,
804 1873 368 36 mistsignalstationer
1187 1874 63 31 och

183 1921 422 38 livräddningsstationer,
629 1924 280 37 förslagsanslag
950 1950 298 5 —mmmmsmnnssnsssn
1276 1928 125 30 kronor
1459 1929 138 36 -130,000

99 1983 36 22 >»
183 1974 198 35 reparation
415 1975 61 30 och
504 1975 184 31 underhåll
711 1986 44 20 av
780 1976 201 37 byggnader
1004 1977 59 31 vid
1088 1978 78 30 lots-
1189 1978 60 31 och

183 2026 183 35 fyrplatser
390 2028 90 29 samt
503 2027 420 37 livräddningsstationer,
941 2029 107 31 båkar
1064 2031 62 29 och
1143 2030 107 31 andra

183 2078 177 36 anstalter,
382 2078 99 31 vilka
496 2079 75 31 icke
588 2079 63 31 här
668 2080 110 31 nedan
795 2081 142 31 särskilt
954 2083 177 35 upptagas,
1149 2085 101 28 även-

181 2139 73 22 som
277 2130 205 32 dithörande
506 2132 379 37 inventariepersedlar,
909 2134 279 38 förslagsanslag
1211 2161 33 3 ...
1342 2148 12 15 »
1457 2138 139 36 200,000

121 2193 13 16 »
183 2182 225 36 fyrskeppens
444 2184 206 36 reparation,
685 2185 172 35 rustning,
882 2186 209 37 utläggning
1116 2188 61 30 och
1200 2188 49 30 in-

182 2235 158 35 tagning,
358 2234 269 32 driftkostnader
642 2238 161 29 ävensom
820 2237 205 32 dithörande
1041 2239 207 31 inventarie-

182 2286 183 36 persedlar,
388 2287 280 37 förslaägSANSlAG
682 2282 290 47 ssmesnmrsrrrsrrrarrarrrrr
991 2315 167 4 rrrrrrrrarrrsrr
1166 2315 78 5 arenan
1342 2304 12 16 »
1457 2294 140 35 265,000

122 2348 15 16 »
184 2337 202 31 lotsverkets
426 2339 206 36 ångfartygs
669 2340 61 30 och
769 2341 263 36 tjänstefartygs
1067 2343 182 30 underhåll

182 2389 62 31 och
277 2390 276 37 komplettering,
583 2392 162 36 rustning
768 2393 62 30 och
855 2393 271 32 driftkostnader
1149 2397 102 28 även-

182 2451 72 21 som
277 2441 205 32 dithörande
504 2443 382 38 inventariepersedlar,
910 2446 279 37 förslagsanslag
1210 2471 35 5 ....
1343 2460 11 14 »
1458 2449 139 35 210,000

100 2502 110 32 Bihang
231 2504 42 24 till
295 2503 167 32 riksdagens
484 2506 146 29 protokoll
655 2507 74 24 1932.
770 2509 15 22 6
804 2509 82 23 saml.
927 2510 30 22 10
979 2509 68 31 häft.
1103 2507 53 30 (Nr
1179 2508 49 26 10.)
1560 2512 15 22 2
