<?xml version="1.0" encoding="UTF-8"?>
<alto xmlns="http://www.loc.gov/standards/alto/ns-v3#" xmlns:xlink="http://www.w3.org/1999/xlink" xmlns:xsi="http://www.w3.org/2001/XMLSchema-instance" xsi:schemaLocation="http://www.loc.gov/standards/alto/ns-v3# http://www.loc.gov/alto/v3/alto-3-0.xsd">
	<Description>
		<MeasurementUnit>pixel</MeasurementUnit>
		<sourceImageInformation>
			<fileName>/tmp/tess_rnp9n_ed_input.PNG</fileName>
		</sourceImageInformation>
		<OCRProcessing ID="OCR_0">
			<ocrProcessingStep>
				<processingSoftware>
					<softwareName>tesseract 5.3.0</softwareName>
				</processingSoftware>
			</ocrProcessingStep>
		</OCRProcessing>
	</Description>
	<Layout>
		<Page WIDTH="1876" HEIGHT="2810" PHYSICAL_IMG_NR="0" ID="page_0">
			<PrintSpace HPOS="0" VPOS="0" WIDTH="1876" HEIGHT="2810">
				<ComposedBlock ID="cblock_0" HPOS="372" VPOS="175" WIDTH="1221" HEIGHT="36">
					<TextBlock ID="block_0" HPOS="372" VPOS="175" WIDTH="1221" HEIGHT="36">
						<TextLine ID="line_0" HPOS="372" VPOS="175" WIDTH="1221" HEIGHT="36">
							<String ID="string_0" HPOS="372" VPOS="176" WIDTH="199" HEIGHT="28" WC="0.92" CONTENT="Sammansatt"/><SP WIDTH="17" VPOS="176" HPOS="571"/>
							<String ID="string_1" HPOS="588" VPOS="180" WIDTH="82" HEIGHT="24" WC="0.90" CONTENT="stats-"/><SP WIDTH="19" VPOS="180" HPOS="670"/>
							<String ID="string_2" HPOS="689" VPOS="177" WIDTH="57" HEIGHT="27" WC="0.96" CONTENT="och"/><SP WIDTH="18" VPOS="177" HPOS="746"/>
							<String ID="string_3" HPOS="764" VPOS="177" WIDTH="96" HEIGHT="28" WC="0.93" CONTENT="andra"/><SP WIDTH="18" VPOS="177" HPOS="860"/>
							<String ID="string_4" HPOS="878" VPOS="177" WIDTH="174" HEIGHT="34" WC="0.91" CONTENT="lagutskotts"/><SP WIDTH="18" VPOS="177" HPOS="1052"/>
							<String ID="string_5" HPOS="1070" VPOS="176" WIDTH="151" HEIGHT="28" WC="0.96" CONTENT="utlåtande"/><SP WIDTH="18" VPOS="176" HPOS="1221"/>
							<String ID="string_6" HPOS="1239" VPOS="186" WIDTH="36" HEIGHT="18" WC="0.95" CONTENT="nr"/><SP WIDTH="17" VPOS="186" HPOS="1275"/>
							<String ID="string_7" HPOS="1292" VPOS="177" WIDTH="27" HEIGHT="26" WC="0.95" CONTENT="4."/><SP WIDTH="256" VPOS="177" HPOS="1319"/>
							<String ID="string_8" HPOS="1575" VPOS="175" WIDTH="18" HEIGHT="29" WC="0.92" CONTENT="7"/>
						</TextLine>
					</TextBlock>
				</ComposedBlock>
				<ComposedBlock ID="cblock_1" HPOS="101" VPOS="255" WIDTH="1495" HEIGHT="891">
					<TextBlock ID="block_1" HPOS="101" VPOS="255" WIDTH="1495" HEIGHT="253">
						<TextLine ID="line_1" HPOS="102" VPOS="255" WIDTH="1493" HEIGHT="37">
							<String ID="string_9" HPOS="102" VPOS="255" WIDTH="102" HEIGHT="31" WC="0.96" CONTENT="lande"/><SP WIDTH="17" VPOS="255" HPOS="204"/>
							<String ID="string_10" HPOS="221" VPOS="256" WIDTH="260" HEIGHT="31" WC="0.96" CONTENT="bestämmelser"/><SP WIDTH="18" VPOS="256" HPOS="481"/>
							<String ID="string_11" HPOS="499" VPOS="259" WIDTH="88" HEIGHT="28" WC="0.95" CONTENT="samt"/><SP WIDTH="19" VPOS="259" HPOS="587"/>
							<String ID="string_12" HPOS="606" VPOS="260" WIDTH="49" HEIGHT="27" WC="0.95" CONTENT="att"/><SP WIDTH="18" VPOS="260" HPOS="655"/>
							<String ID="string_13" HPOS="673" VPOS="256" WIDTH="268" HEIGHT="31" WC="0.96" CONTENT="förhållandena"/><SP WIDTH="18" VPOS="256" HPOS="941"/>
							<String ID="string_14" HPOS="959" VPOS="257" WIDTH="58" HEIGHT="30" WC="0.96" CONTENT="vid"/><SP WIDTH="18" VPOS="257" HPOS="1017"/>
							<String ID="string_15" HPOS="1035" VPOS="257" WIDTH="170" HEIGHT="30" WC="0.96" CONTENT="anstalten"/><SP WIDTH="19" VPOS="257" HPOS="1205"/>
							<String ID="string_16" HPOS="1224" VPOS="258" WIDTH="59" HEIGHT="29" WC="0.96" CONTENT="äro"/><SP WIDTH="20" VPOS="258" HPOS="1283"/>
							<String ID="string_17" HPOS="1303" VPOS="255" WIDTH="141" HEIGHT="37" WC="0.96" CONTENT="sådana,"/><SP WIDTH="20" VPOS="255" HPOS="1444"/>
							<String ID="string_18" HPOS="1464" VPOS="259" WIDTH="50" HEIGHT="27" WC="0.96" CONTENT="att"/><SP WIDTH="18" VPOS="259" HPOS="1514"/>
							<String ID="string_19" HPOS="1532" VPOS="256" WIDTH="63" HEIGHT="30" WC="0.96" CONTENT="där"/>
						</TextLine>
						<TextLine ID="line_2" HPOS="102" VPOS="307" WIDTH="1494" HEIGHT="42">
							<String ID="string_20" HPOS="102" VPOS="309" WIDTH="142" HEIGHT="39" WC="0.96" CONTENT="intagna"/><SP WIDTH="21" VPOS="309" HPOS="244"/>
							<String ID="string_21" HPOS="265" VPOS="309" WIDTH="89" HEIGHT="30" WC="0.96" CONTENT="barn"/><SP WIDTH="23" VPOS="309" HPOS="354"/>
							<String ID="string_22" HPOS="377" VPOS="309" WIDTH="131" HEIGHT="31" WC="0.93" CONTENT="erhålla"/><SP WIDTH="22" VPOS="309" HPOS="508"/>
							<String ID="string_23" HPOS="530" VPOS="309" WIDTH="318" HEIGHT="31" WC="0.91" CONTENT="tillfredsställande"/><SP WIDTH="23" VPOS="309" HPOS="848"/>
							<String ID="string_24" HPOS="871" VPOS="309" WIDTH="85" HEIGHT="31" WC="0.96" CONTENT="vård"/><SP WIDTH="23" VPOS="309" HPOS="956"/>
							<String ID="string_25" HPOS="979" VPOS="311" WIDTH="66" HEIGHT="29" WC="0.96" CONTENT="och"/><SP WIDTH="22" VPOS="311" HPOS="1045"/>
							<String ID="string_26" HPOS="1067" VPOS="309" WIDTH="209" HEIGHT="40" WC="0.95" CONTENT="uppfostran"/><SP WIDTH="22" VPOS="309" HPOS="1276"/>
							<String ID="string_27" HPOS="1298" VPOS="310" WIDTH="75" HEIGHT="35" WC="0.95" CONTENT="och,"/><SP WIDTH="25" VPOS="310" HPOS="1373"/>
							<String ID="string_28" HPOS="1398" VPOS="309" WIDTH="68" HEIGHT="30" WC="0.96" CONTENT="vad"/><SP WIDTH="21" VPOS="309" HPOS="1466"/>
							<String ID="string_29" HPOS="1487" VPOS="307" WIDTH="109" HEIGHT="41" WC="0.96" CONTENT="angår"/>
						</TextLine>
						<TextLine ID="line_3" HPOS="102" VPOS="362" WIDTH="1493" HEIGHT="40">
							<String ID="string_30" HPOS="102" VPOS="363" WIDTH="178" HEIGHT="35" WC="0.96" CONTENT="barnhem,"/><SP WIDTH="19" VPOS="363" HPOS="280"/>
							<String ID="string_31" HPOS="299" VPOS="362" WIDTH="203" HEIGHT="40" WC="0.96" CONTENT="erforderlig"/><SP WIDTH="16" VPOS="362" HPOS="502"/>
							<String ID="string_32" HPOS="518" VPOS="362" WIDTH="86" HEIGHT="31" WC="0.96" CONTENT="vård"/><SP WIDTH="15" VPOS="362" HPOS="604"/>
							<String ID="string_33" HPOS="619" VPOS="363" WIDTH="57" HEIGHT="30" WC="0.96" CONTENT="vid"/><SP WIDTH="17" VPOS="363" HPOS="676"/>
							<String ID="string_34" HPOS="693" VPOS="362" WIDTH="173" HEIGHT="39" WC="0.96" CONTENT="sjukdom."/><SP WIDTH="18" VPOS="362" HPOS="866"/>
							<String ID="string_35" HPOS="884" VPOS="363" WIDTH="155" HEIGHT="30" WC="0.96" CONTENT="Särskild"/><SP WIDTH="14" VPOS="363" HPOS="1039"/>
							<String ID="string_36" HPOS="1053" VPOS="362" WIDTH="313" HEIGHT="40" WC="0.96" CONTENT="uppmärksamhet"/><SP WIDTH="17" VPOS="362" HPOS="1366"/>
							<String ID="string_37" HPOS="1383" VPOS="362" WIDTH="88" HEIGHT="30" WC="0.96" CONTENT="skall"/><SP WIDTH="17" VPOS="362" HPOS="1471"/>
							<String ID="string_38" HPOS="1488" VPOS="363" WIDTH="107" HEIGHT="38" WC="0.95" CONTENT="ägnas"/>
						</TextLine>
						<TextLine ID="line_4" HPOS="103" VPOS="413" WIDTH="1492" HEIGHT="42">
							<String ID="string_39" HPOS="103" VPOS="414" WIDTH="129" HEIGHT="31" WC="0.96" CONTENT="vården"/><SP WIDTH="20" VPOS="414" HPOS="232"/>
							<String ID="string_40" HPOS="252" VPOS="425" WIDTH="42" HEIGHT="21" WC="0.96" CONTENT="av"/><SP WIDTH="21" VPOS="425" HPOS="294"/>
							<String ID="string_41" HPOS="315" VPOS="415" WIDTH="110" HEIGHT="39" WC="0.96" CONTENT="späda"/><SP WIDTH="18" VPOS="415" HPOS="425"/>
							<String ID="string_42" HPOS="443" VPOS="416" WIDTH="96" HEIGHT="30" WC="0.94" CONTENT="barn."/><SP WIDTH="23" VPOS="416" HPOS="539"/>
							<String ID="string_43" HPOS="562" VPOS="416" WIDTH="14" HEIGHT="30" WC="0.96" CONTENT="I"/><SP WIDTH="20" VPOS="416" HPOS="576"/>
							<String ID="string_44" HPOS="596" VPOS="416" WIDTH="67" HEIGHT="31" WC="0.96" CONTENT="den"/><SP WIDTH="18" VPOS="416" HPOS="663"/>
							<String ID="string_45" HPOS="681" VPOS="415" WIDTH="84" HEIGHT="31" WC="0.96" CONTENT="mån"/><SP WIDTH="21" VPOS="415" HPOS="765"/>
							<String ID="string_46" HPOS="786" VPOS="415" WIDTH="38" HEIGHT="31" WC="0.96" CONTENT="så"/><SP WIDTH="19" VPOS="415" HPOS="824"/>
							<String ID="string_47" HPOS="843" VPOS="417" WIDTH="127" HEIGHT="38" WC="0.96" CONTENT="prövas"/><SP WIDTH="20" VPOS="417" HPOS="970"/>
							<String ID="string_48" HPOS="990" VPOS="415" WIDTH="163" HEIGHT="40" WC="0.95" CONTENT="påkallat,"/><SP WIDTH="22" VPOS="415" HPOS="1153"/>
							<String ID="string_49" HPOS="1175" VPOS="416" WIDTH="64" HEIGHT="30" WC="0.96" CONTENT="har"/><SP WIDTH="21" VPOS="416" HPOS="1239"/>
							<String ID="string_50" HPOS="1260" VPOS="415" WIDTH="176" HEIGHT="30" WC="0.95" CONTENT="nämnden"/><SP WIDTH="21" VPOS="415" HPOS="1436"/>
							<String ID="string_51" HPOS="1457" VPOS="418" WIDTH="48" HEIGHT="27" WC="0.96" CONTENT="att"/><SP WIDTH="20" VPOS="418" HPOS="1505"/>
							<String ID="string_52" HPOS="1525" VPOS="413" WIDTH="70" HEIGHT="32" WC="0.96" CONTENT="låta"/>
						</TextLine>
						<TextLine ID="line_5" HPOS="101" VPOS="467" WIDTH="1237" HEIGHT="41">
							<String ID="string_53" HPOS="101" VPOS="467" WIDTH="185" HEIGHT="32" WC="0.95" CONTENT="verkställa"/><SP WIDTH="23" VPOS="467" HPOS="286"/>
							<String ID="string_54" HPOS="309" VPOS="468" WIDTH="258" HEIGHT="40" WC="0.96" CONTENT="undersökning"/><SP WIDTH="24" VPOS="468" HPOS="567"/>
							<String ID="string_55" HPOS="591" VPOS="479" WIDTH="44" HEIGHT="20" WC="0.96" CONTENT="av"/><SP WIDTH="23" VPOS="479" HPOS="635"/>
							<String ID="string_56" HPOS="658" VPOS="468" WIDTH="268" HEIGHT="32" WC="0.96" CONTENT="förhållandena"/><SP WIDTH="23" VPOS="468" HPOS="926"/>
							<String ID="string_57" HPOS="949" VPOS="469" WIDTH="11" HEIGHT="30" WC="0.93" CONTENT="i"/><SP WIDTH="24" VPOS="469" HPOS="960"/>
							<String ID="string_58" HPOS="984" VPOS="467" WIDTH="354" HEIGHT="32" WC="0.91" CONTENT="barnavårdsanstalt."/>
						</TextLine>
					</TextBlock>
					<TextBlock ID="block_2" HPOS="101" VPOS="521" WIDTH="1495" HEIGHT="413">
						<TextLine ID="line_6" HPOS="146" VPOS="521" WIDTH="1450" HEIGHT="38">
							<String ID="string_59" HPOS="146" VPOS="522" WIDTH="128" HEIGHT="30" WC="0.93" CONTENT="Finner"/><SP WIDTH="17" VPOS="522" HPOS="274"/>
							<String ID="string_60" HPOS="291" VPOS="522" WIDTH="403" HEIGHT="37" WC="0.91" CONTENT="barnavårdsnämnden,"/><SP WIDTH="19" VPOS="522" HPOS="694"/>
							<String ID="string_61" HPOS="713" VPOS="526" WIDTH="49" HEIGHT="27" WC="0.96" CONTENT="att"/><SP WIDTH="17" VPOS="526" HPOS="762"/>
							<String ID="string_62" HPOS="779" VPOS="523" WIDTH="98" HEIGHT="36" WC="0.95" CONTENT="barn,"/><SP WIDTH="21" VPOS="523" HPOS="877"/>
							<String ID="string_63" HPOS="898" VPOS="533" WIDTH="75" HEIGHT="20" WC="0.96" CONTENT="som"/><SP WIDTH="18" VPOS="533" HPOS="973"/>
							<String ID="string_64" HPOS="991" VPOS="523" WIDTH="231" HEIGHT="30" WC="0.96" CONTENT="överlämnats"/><SP WIDTH="21" VPOS="523" HPOS="1222"/>
							<String ID="string_65" HPOS="1243" VPOS="523" WIDTH="51" HEIGHT="29" WC="0.95" CONTENT="till"/><SP WIDTH="18" VPOS="523" HPOS="1294"/>
							<String ID="string_66" HPOS="1312" VPOS="523" WIDTH="170" HEIGHT="29" WC="0.96" CONTENT="barnhem"/><SP WIDTH="19" VPOS="523" HPOS="1482"/>
							<String ID="string_67" HPOS="1501" VPOS="521" WIDTH="95" HEIGHT="31" WC="0.95" CONTENT="inom"/>
						</TextLine>
						<TextLine ID="line_7" HPOS="102" VPOS="575" WIDTH="1493" HEIGHT="39">
							<String ID="string_68" HPOS="102" VPOS="575" WIDTH="214" HEIGHT="31" WC="0.96" CONTENT="kommunen"/><SP WIDTH="15" VPOS="575" HPOS="316"/>
							<String ID="string_69" HPOS="331" VPOS="585" WIDTH="43" HEIGHT="21" WC="0.93" CONTENT="av"/><SP WIDTH="16" VPOS="585" HPOS="374"/>
							<String ID="string_70" HPOS="390" VPOS="575" WIDTH="392" HEIGHT="31" WC="0.91" CONTENT="barnavårdsnämnden"/><SP WIDTH="17" VPOS="575" HPOS="782"/>
							<String ID="string_71" HPOS="799" VPOS="577" WIDTH="10" HEIGHT="30" WC="0.96" CONTENT="i"/><SP WIDTH="16" VPOS="577" HPOS="809"/>
							<String ID="string_72" HPOS="825" VPOS="585" WIDTH="118" HEIGHT="21" WC="0.96" CONTENT="annan"/><SP WIDTH="15" VPOS="585" HPOS="943"/>
							<String ID="string_73" HPOS="958" VPOS="577" WIDTH="180" HEIGHT="35" WC="0.95" CONTENT="kommun,"/><SP WIDTH="16" VPOS="577" HPOS="1138"/>
							<String ID="string_74" HPOS="1154" VPOS="575" WIDTH="33" HEIGHT="39" WC="0.95" CONTENT="ej"/><SP WIDTH="17" VPOS="575" HPOS="1187"/>
							<String ID="string_75" HPOS="1204" VPOS="575" WIDTH="148" HEIGHT="30" WC="0.93" CONTENT="erhåller"/><SP WIDTH="15" VPOS="575" HPOS="1352"/>
							<String ID="string_76" HPOS="1367" VPOS="575" WIDTH="228" HEIGHT="30" WC="0.91" CONTENT="tillfredsstäl-"/>
						</TextLine>
						<TextLine ID="line_8" HPOS="103" VPOS="628" WIDTH="1492" HEIGHT="40">
							<String ID="string_77" HPOS="103" VPOS="628" WIDTH="103" HEIGHT="31" WC="0.96" CONTENT="lande"/><SP WIDTH="15" VPOS="628" HPOS="206"/>
							<String ID="string_78" HPOS="221" VPOS="628" WIDTH="85" HEIGHT="31" WC="0.96" CONTENT="vård"/><SP WIDTH="16" VPOS="628" HPOS="306"/>
							<String ID="string_79" HPOS="322" VPOS="630" WIDTH="66" HEIGHT="29" WC="0.96" CONTENT="och"/><SP WIDTH="17" VPOS="630" HPOS="388"/>
							<String ID="string_80" HPOS="405" VPOS="629" WIDTH="207" HEIGHT="39" WC="0.95" CONTENT="uppfostran"/><SP WIDTH="17" VPOS="629" HPOS="612"/>
							<String ID="string_81" HPOS="629" VPOS="630" WIDTH="81" HEIGHT="29" WC="0.96" CONTENT="eller"/><SP WIDTH="17" VPOS="630" HPOS="710"/>
							<String ID="string_82" HPOS="727" VPOS="632" WIDTH="49" HEIGHT="27" WC="0.96" CONTENT="att"/><SP WIDTH="17" VPOS="632" HPOS="776"/>
							<String ID="string_83" HPOS="793" VPOS="630" WIDTH="56" HEIGHT="29" WC="0.96" CONTENT="det"/><SP WIDTH="17" VPOS="630" HPOS="849"/>
							<String ID="string_84" HPOS="866" VPOS="637" WIDTH="124" HEIGHT="31" WC="0.93" CONTENT="genom"/><SP WIDTH="16" VPOS="637" HPOS="990"/>
							<String ID="string_85" HPOS="1006" VPOS="632" WIDTH="124" HEIGHT="27" WC="0.91" CONTENT="vanart"/><SP WIDTH="16" VPOS="632" HPOS="1130"/>
							<String ID="string_86" HPOS="1146" VPOS="630" WIDTH="123" HEIGHT="29" WC="0.93" CONTENT="utövar"/><SP WIDTH="15" VPOS="630" HPOS="1269"/>
							<String ID="string_87" HPOS="1284" VPOS="628" WIDTH="128" HEIGHT="39" WC="0.87" CONTENT="menlig"/><SP WIDTH="17" VPOS="628" HPOS="1412"/>
							<String ID="string_88" HPOS="1429" VPOS="628" WIDTH="166" HEIGHT="30" WC="0.95" CONTENT="inverkan"/>
						</TextLine>
						<TextLine ID="line_9" HPOS="104" VPOS="680" WIDTH="1490" HEIGHT="40">
							<String ID="string_89" HPOS="104" VPOS="680" WIDTH="44" HEIGHT="40" WC="0.96" CONTENT="på"/><SP WIDTH="16" VPOS="680" HPOS="148"/>
							<String ID="string_90" HPOS="164" VPOS="682" WIDTH="108" HEIGHT="30" WC="0.96" CONTENT="andra"/><SP WIDTH="16" VPOS="682" HPOS="272"/>
							<String ID="string_91" HPOS="288" VPOS="682" WIDTH="98" HEIGHT="35" WC="0.96" CONTENT="barn,"/><SP WIDTH="19" VPOS="682" HPOS="386"/>
							<String ID="string_92" HPOS="405" VPOS="682" WIDTH="88" HEIGHT="30" WC="0.96" CONTENT="skall"/><SP WIDTH="15" VPOS="682" HPOS="493"/>
							<String ID="string_93" HPOS="508" VPOS="682" WIDTH="249" HEIGHT="30" WC="0.96" CONTENT="underrättelse"/><SP WIDTH="15" VPOS="682" HPOS="757"/>
							<String ID="string_94" HPOS="772" VPOS="683" WIDTH="124" HEIGHT="29" WC="0.93" CONTENT="härom"/><SP WIDTH="17" VPOS="683" HPOS="896"/>
							<String ID="string_95" HPOS="913" VPOS="681" WIDTH="250" HEIGHT="39" WC="0.91" CONTENT="ofördröjligen"/><SP WIDTH="16" VPOS="681" HPOS="1163"/>
							<String ID="string_96" HPOS="1179" VPOS="681" WIDTH="174" HEIGHT="30" WC="0.95" CONTENT="meddelas"/><SP WIDTH="18" VPOS="681" HPOS="1353"/>
							<String ID="string_97" HPOS="1371" VPOS="682" WIDTH="66" HEIGHT="29" WC="0.96" CONTENT="den"/><SP WIDTH="16" VPOS="682" HPOS="1437"/>
							<String ID="string_98" HPOS="1453" VPOS="680" WIDTH="141" HEIGHT="35" WC="0.96" CONTENT="nämnd,"/>
						</TextLine>
						<TextLine ID="line_10" HPOS="104" VPOS="734" WIDTH="1492" HEIGHT="31">
							<String ID="string_99" HPOS="104" VPOS="744" WIDTH="74" HEIGHT="21" WC="0.96" CONTENT="som"/><SP WIDTH="21" VPOS="744" HPOS="178"/>
							<String ID="string_100" HPOS="199" VPOS="735" WIDTH="215" HEIGHT="30" WC="0.96" CONTENT="överlämnat"/><SP WIDTH="19" VPOS="735" HPOS="414"/>
							<String ID="string_101" HPOS="433" VPOS="736" WIDTH="122" HEIGHT="29" WC="0.96" CONTENT="barnet"/><SP WIDTH="20" VPOS="736" HPOS="555"/>
							<String ID="string_102" HPOS="575" VPOS="735" WIDTH="51" HEIGHT="30" WC="0.96" CONTENT="till"/><SP WIDTH="19" VPOS="735" HPOS="626"/>
							<String ID="string_103" HPOS="645" VPOS="735" WIDTH="252" HEIGHT="30" WC="0.95" CONTENT="barnhemmet."/><SP WIDTH="25" VPOS="735" HPOS="897"/>
							<String ID="string_104" HPOS="922" VPOS="734" WIDTH="108" HEIGHT="31" WC="0.96" CONTENT="Leder"/><SP WIDTH="21" VPOS="734" HPOS="1030"/>
							<String ID="string_105" HPOS="1051" VPOS="734" WIDTH="108" HEIGHT="30" WC="0.96" CONTENT="sådan"/><SP WIDTH="22" VPOS="734" HPOS="1159"/>
							<String ID="string_106" HPOS="1181" VPOS="734" WIDTH="249" HEIGHT="30" WC="0.96" CONTENT="underrättelse"/><SP WIDTH="20" VPOS="734" HPOS="1430"/>
							<String ID="string_107" HPOS="1450" VPOS="734" WIDTH="76" HEIGHT="30" WC="0.96" CONTENT="icke"/><SP WIDTH="20" VPOS="734" HPOS="1526"/>
							<String ID="string_108" HPOS="1546" VPOS="734" WIDTH="50" HEIGHT="29" WC="0.96" CONTENT="till"/>
						</TextLine>
						<TextLine ID="line_11" HPOS="102" VPOS="785" WIDTH="1494" HEIGHT="41">
							<String ID="string_109" HPOS="102" VPOS="785" WIDTH="139" HEIGHT="40" WC="0.91" CONTENT="åsyftad"/><SP WIDTH="20" VPOS="785" HPOS="241"/>
							<String ID="string_110" HPOS="261" VPOS="787" WIDTH="141" HEIGHT="37" WC="0.96" CONTENT="verkan,"/><SP WIDTH="21" VPOS="787" HPOS="402"/>
							<String ID="string_111" HPOS="423" VPOS="787" WIDTH="58" HEIGHT="31" WC="0.93" CONTENT="må"/><SP WIDTH="19" VPOS="787" HPOS="481"/>
							<String ID="string_112" HPOS="500" VPOS="786" WIDTH="394" HEIGHT="32" WC="0.91" CONTENT="barnavårdsnämnden"/><SP WIDTH="20" VPOS="786" HPOS="894"/>
							<String ID="string_113" HPOS="914" VPOS="787" WIDTH="164" HEIGHT="39" WC="0.96" CONTENT="antingen"/><SP WIDTH="21" VPOS="787" HPOS="1078"/>
							<String ID="string_114" HPOS="1099" VPOS="787" WIDTH="88" HEIGHT="39" WC="0.96" CONTENT="själv"/><SP WIDTH="21" VPOS="787" HPOS="1187"/>
							<String ID="string_115" HPOS="1208" VPOS="786" WIDTH="138" HEIGHT="40" WC="0.96" CONTENT="vidtaga"/><SP WIDTH="22" VPOS="786" HPOS="1346"/>
							<String ID="string_116" HPOS="1368" VPOS="786" WIDTH="132" HEIGHT="40" WC="0.96" CONTENT="åtgärd,"/><SP WIDTH="20" VPOS="786" HPOS="1500"/>
							<String ID="string_117" HPOS="1520" VPOS="795" WIDTH="76" HEIGHT="21" WC="0.96" CONTENT="som"/>
						</TextLine>
						<TextLine ID="line_12" HPOS="101" VPOS="840" WIDTH="1492" HEIGHT="40">
							<String ID="string_118" HPOS="101" VPOS="840" WIDTH="55" HEIGHT="31" WC="0.96" CONTENT="för"/><SP WIDTH="15" VPOS="840" HPOS="156"/>
							<String ID="string_119" HPOS="171" VPOS="841" WIDTH="96" HEIGHT="39" WC="0.95" CONTENT="varje"/><SP WIDTH="15" VPOS="841" HPOS="267"/>
							<String ID="string_120" HPOS="282" VPOS="841" WIDTH="64" HEIGHT="30" WC="0.94" CONTENT="fall"/><SP WIDTH="17" VPOS="841" HPOS="346"/>
							<String ID="string_121" HPOS="363" VPOS="842" WIDTH="39" HEIGHT="30" WC="0.94" CONTENT="är"/><SP WIDTH="16" VPOS="842" HPOS="402"/>
							<String ID="string_122" HPOS="418" VPOS="841" WIDTH="10" HEIGHT="30" WC="0.95" CONTENT="i"/><SP WIDTH="16" VPOS="841" HPOS="428"/>
							<String ID="string_123" HPOS="444" VPOS="842" WIDTH="115" HEIGHT="30" WC="0.96" CONTENT="denna"/><SP WIDTH="16" VPOS="842" HPOS="559"/>
							<String ID="string_124" HPOS="575" VPOS="842" WIDTH="56" HEIGHT="38" WC="0.96" CONTENT="lag"/><SP WIDTH="17" VPOS="842" HPOS="631"/>
							<String ID="string_125" HPOS="648" VPOS="842" WIDTH="154" HEIGHT="38" WC="0.96" CONTENT="stadgad,"/><SP WIDTH="21" VPOS="842" HPOS="802"/>
							<String ID="string_126" HPOS="823" VPOS="842" WIDTH="81" HEIGHT="30" WC="0.96" CONTENT="eller"/><SP WIDTH="14" VPOS="842" HPOS="904"/>
							<String ID="string_127" HPOS="918" VPOS="842" WIDTH="69" HEIGHT="29" WC="0.96" CONTENT="ock"/><SP WIDTH="14" VPOS="842" HPOS="987"/>
							<String ID="string_128" HPOS="1001" VPOS="851" WIDTH="59" HEIGHT="20" WC="0.96" CONTENT="om"/><SP WIDTH="19" VPOS="851" HPOS="1060"/>
							<String ID="string_129" HPOS="1079" VPOS="840" WIDTH="233" HEIGHT="31" WC="0.96" CONTENT="förhållandet"/><SP WIDTH="18" VPOS="840" HPOS="1312"/>
							<String ID="string_130" HPOS="1330" VPOS="842" WIDTH="81" HEIGHT="37" WC="0.96" CONTENT="göra"/><SP WIDTH="18" VPOS="842" HPOS="1411"/>
							<String ID="string_131" HPOS="1429" VPOS="840" WIDTH="164" HEIGHT="30" WC="0.95" CONTENT="anmälan"/>
						</TextLine>
						<TextLine ID="line_13" HPOS="103" VPOS="894" WIDTH="1290" HEIGHT="40">
							<String ID="string_132" HPOS="103" VPOS="895" WIDTH="63" HEIGHT="29" WC="0.96" CONTENT="hos"/><SP WIDTH="19" VPOS="895" HPOS="166"/>
							<String ID="string_133" HPOS="185" VPOS="895" WIDTH="244" HEIGHT="39" WC="0.96" CONTENT="länsstyrelsen"/><SP WIDTH="18" VPOS="895" HPOS="429"/>
							<String ID="string_134" HPOS="447" VPOS="895" WIDTH="55" HEIGHT="31" WC="0.96" CONTENT="för"/><SP WIDTH="17" VPOS="895" HPOS="502"/>
							<String ID="string_135" HPOS="519" VPOS="894" WIDTH="132" HEIGHT="40" WC="0.96" CONTENT="åtgärd,"/><SP WIDTH="19" VPOS="894" HPOS="651"/>
							<String ID="string_136" HPOS="670" VPOS="904" WIDTH="74" HEIGHT="21" WC="0.96" CONTENT="som"/><SP WIDTH="18" VPOS="904" HPOS="744"/>
							<String ID="string_137" HPOS="762" VPOS="896" WIDTH="207" HEIGHT="29" WC="0.95" CONTENT="ankommer"/><SP WIDTH="17" VPOS="896" HPOS="969"/>
							<String ID="string_138" HPOS="986" VPOS="894" WIDTH="45" HEIGHT="40" WC="0.96" CONTENT="på"/><SP WIDTH="16" VPOS="894" HPOS="1031"/>
							<String ID="string_139" HPOS="1047" VPOS="895" WIDTH="116" HEIGHT="30" WC="0.96" CONTENT="denna"/><SP WIDTH="17" VPOS="895" HPOS="1163"/>
							<String ID="string_140" HPOS="1180" VPOS="894" WIDTH="213" HEIGHT="39" WC="0.95" CONTENT="myndighet."/>
						</TextLine>
					</TextBlock>
					<TextBlock ID="block_3" HPOS="103" VPOS="946" WIDTH="1493" HEIGHT="200">
						<TextLine ID="line_14" HPOS="149" VPOS="946" WIDTH="1446" HEIGHT="41">
							<String ID="string_141" HPOS="149" VPOS="949" WIDTH="17" HEIGHT="28" WC="0.95" CONTENT="2"/><SP WIDTH="18" VPOS="949" HPOS="166"/>
							<String ID="string_142" HPOS="184" VPOS="957" WIDTH="104" HEIGHT="21" WC="0.95" CONTENT="mom."/><SP WIDTH="31" VPOS="957" HPOS="288"/>
							<String ID="string_143" HPOS="319" VPOS="948" WIDTH="14" HEIGHT="29" WC="0.95" CONTENT="I"/><SP WIDTH="18" VPOS="948" HPOS="333"/>
							<String ID="string_144" HPOS="351" VPOS="948" WIDTH="67" HEIGHT="30" WC="0.96" CONTENT="den"/><SP WIDTH="17" VPOS="948" HPOS="418"/>
							<String ID="string_145" HPOS="435" VPOS="947" WIDTH="82" HEIGHT="31" WC="0.96" CONTENT="mån"/><SP WIDTH="17" VPOS="947" HPOS="517"/>
							<String ID="string_146" HPOS="534" VPOS="947" WIDTH="37" HEIGHT="31" WC="0.96" CONTENT="så"/><SP WIDTH="18" VPOS="947" HPOS="571"/>
							<String ID="string_147" HPOS="589" VPOS="949" WIDTH="124" HEIGHT="38" WC="0.96" CONTENT="prövas"/><SP WIDTH="17" VPOS="949" HPOS="713"/>
							<String ID="string_148" HPOS="730" VPOS="948" WIDTH="168" HEIGHT="39" WC="0.96" CONTENT="lämpligt,"/><SP WIDTH="19" VPOS="948" HPOS="898"/>
							<String ID="string_149" HPOS="917" VPOS="947" WIDTH="58" HEIGHT="31" WC="0.95" CONTENT="må"/><SP WIDTH="18" VPOS="947" HPOS="975"/>
							<String ID="string_150" HPOS="993" VPOS="947" WIDTH="274" HEIGHT="39" WC="0.95" CONTENT="socialstyrelsen"/><SP WIDTH="16" VPOS="947" HPOS="1267"/>
							<String ID="string_151" HPOS="1283" VPOS="947" WIDTH="69" HEIGHT="30" WC="0.96" CONTENT="tills"/><SP WIDTH="16" VPOS="947" HPOS="1352"/>
							<String ID="string_152" HPOS="1368" VPOS="947" WIDTH="118" HEIGHT="30" WC="0.93" CONTENT="vidare"/><SP WIDTH="16" VPOS="947" HPOS="1486"/>
							<String ID="string_153" HPOS="1502" VPOS="946" WIDTH="93" HEIGHT="31" WC="0.92" CONTENT="med-"/>
						</TextLine>
						<TextLine ID="line_15" HPOS="104" VPOS="1000" WIDTH="1492" HEIGHT="39">
							<String ID="string_154" HPOS="104" VPOS="1001" WIDTH="77" HEIGHT="38" WC="0.93" CONTENT="giva"/><SP WIDTH="26" VPOS="1001" HPOS="181"/>
							<String ID="string_155" HPOS="207" VPOS="1000" WIDTH="342" HEIGHT="31" WC="0.91" CONTENT="barnavårdsanstalt"/><SP WIDTH="25" VPOS="1000" HPOS="549"/>
							<String ID="string_156" HPOS="574" VPOS="1000" WIDTH="160" HEIGHT="31" WC="0.96" CONTENT="befrielse"/><SP WIDTH="26" VPOS="1000" HPOS="734"/>
							<String ID="string_157" HPOS="760" VPOS="1000" WIDTH="81" HEIGHT="31" WC="0.96" CONTENT="från"/><SP WIDTH="28" VPOS="1000" HPOS="841"/>
							<String ID="string_158" HPOS="869" VPOS="1001" WIDTH="67" HEIGHT="30" WC="0.96" CONTENT="den"/><SP WIDTH="27" VPOS="1001" HPOS="936"/>
							<String ID="string_159" HPOS="963" VPOS="1002" WIDTH="10" HEIGHT="30" WC="0.96" CONTENT="i"/><SP WIDTH="36" VPOS="1002" HPOS="973"/>
							<String ID="string_160" HPOS="1009" VPOS="1002" WIDTH="7" HEIGHT="28" WC="0.96" CONTENT="1"/><SP WIDTH="31" VPOS="1002" HPOS="1016"/>
							<String ID="string_161" HPOS="1047" VPOS="1010" WIDTH="105" HEIGHT="21" WC="0.96" CONTENT="mom."/><SP WIDTH="29" VPOS="1010" HPOS="1152"/>
							<String ID="string_162" HPOS="1181" VPOS="1000" WIDTH="218" HEIGHT="30" WC="0.94" CONTENT="föreskrivna"/><SP WIDTH="27" VPOS="1000" HPOS="1399"/>
							<String ID="string_163" HPOS="1426" VPOS="1000" WIDTH="170" HEIGHT="38" WC="0.94" CONTENT="tillsynen."/>
						</TextLine>
						<TextLine ID="line_16" HPOS="103" VPOS="1052" WIDTH="1493" HEIGHT="41">
							<String ID="string_164" HPOS="103" VPOS="1052" WIDTH="227" HEIGHT="40" WC="0.95" CONTENT="Medgivande"/><SP WIDTH="16" VPOS="1052" HPOS="330"/>
							<String ID="string_165" HPOS="346" VPOS="1053" WIDTH="89" HEIGHT="31" WC="0.95" CONTENT="skall"/><SP WIDTH="17" VPOS="1053" HPOS="435"/>
							<String ID="string_166" HPOS="452" VPOS="1063" WIDTH="80" HEIGHT="21" WC="0.96" CONTENT="avse"/><SP WIDTH="16" VPOS="1063" HPOS="532"/>
							<String ID="string_167" HPOS="548" VPOS="1053" WIDTH="158" HEIGHT="31" WC="0.96" CONTENT="bestämd"/><SP WIDTH="16" VPOS="1053" HPOS="706"/>
							<String ID="string_168" HPOS="722" VPOS="1054" WIDTH="173" HEIGHT="39" WC="0.96" CONTENT="lägenhet;"/><SP WIDTH="17" VPOS="1054" HPOS="895"/>
							<String ID="string_169" HPOS="912" VPOS="1053" WIDTH="67" HEIGHT="31" WC="0.96" CONTENT="och"/><SP WIDTH="17" VPOS="1053" HPOS="979"/>
							<String ID="string_170" HPOS="996" VPOS="1052" WIDTH="58" HEIGHT="32" WC="0.96" CONTENT="må"/><SP WIDTH="15" VPOS="1052" HPOS="1054"/>
							<String ID="string_171" HPOS="1069" VPOS="1053" WIDTH="56" HEIGHT="30" WC="0.96" CONTENT="för"/><SP WIDTH="15" VPOS="1053" HPOS="1125"/>
							<String ID="string_172" HPOS="1140" VPOS="1053" WIDTH="192" HEIGHT="30" WC="0.92" CONTENT="detsamma"/><SP WIDTH="17" VPOS="1053" HPOS="1332"/>
							<String ID="string_173" HPOS="1349" VPOS="1053" WIDTH="192" HEIGHT="39" WC="0.92" CONTENT="uppställas"/><SP WIDTH="13" VPOS="1053" HPOS="1541"/>
							<String ID="string_174" HPOS="1554" VPOS="1052" WIDTH="42" HEIGHT="31" WC="0.97" CONTENT="de"/>
						</TextLine>
						<TextLine ID="line_17" HPOS="104" VPOS="1107" WIDTH="621" HEIGHT="39">
							<String ID="string_175" HPOS="104" VPOS="1107" WIDTH="132" HEIGHT="36" WC="0.96" CONTENT="villkor,"/><SP WIDTH="20" VPOS="1107" HPOS="236"/>
							<String ID="string_176" HPOS="256" VPOS="1116" WIDTH="75" HEIGHT="21" WC="0.96" CONTENT="som"/><SP WIDTH="18" VPOS="1116" HPOS="331"/>
							<String ID="string_177" HPOS="349" VPOS="1109" WIDTH="126" HEIGHT="37" WC="0.96" CONTENT="prövas"/><SP WIDTH="17" VPOS="1109" HPOS="475"/>
							<String ID="string_178" HPOS="492" VPOS="1107" WIDTH="233" HEIGHT="39" WC="0.96" CONTENT="erforderliga."/>
						</TextLine>
					</TextBlock>
				</ComposedBlock>
				<ComposedBlock ID="cblock_2" HPOS="783" VPOS="1203" WIDTH="132" HEIGHT="40">
					<TextBlock ID="block_4" HPOS="783" VPOS="1203" WIDTH="132" HEIGHT="40">
						<TextLine ID="line_18" HPOS="783" VPOS="1203" WIDTH="132" HEIGHT="40">
							<String ID="string_179" HPOS="783" VPOS="1206" WIDTH="76" HEIGHT="29" WC="0.88" CONTENT="42a"/><SP WIDTH="24" VPOS="1206" HPOS="859"/>
							<String ID="string_180" HPOS="883" VPOS="1203" WIDTH="32" HEIGHT="40" WC="0.73" CONTENT="8."/>
						</TextLine>
					</TextBlock>
				</ComposedBlock>
				<ComposedBlock ID="cblock_3" HPOS="102" VPOS="1273" WIDTH="1498" HEIGHT="1258">
					<TextBlock ID="block_5" HPOS="103" VPOS="1273" WIDTH="1495" HEIGHT="465">
						<TextLine ID="line_19" HPOS="151" VPOS="1273" WIDTH="1446" HEIGHT="41">
							<String ID="string_181" HPOS="151" VPOS="1276" WIDTH="14" HEIGHT="29" WC="0.93" CONTENT="1"/><SP WIDTH="21" VPOS="1276" HPOS="165"/>
							<String ID="string_182" HPOS="186" VPOS="1284" WIDTH="103" HEIGHT="21" WC="0.96" CONTENT="mom."/><SP WIDTH="32" VPOS="1284" HPOS="289"/>
							<String ID="string_183" HPOS="321" VPOS="1275" WIDTH="72" HEIGHT="30" WC="0.93" CONTENT="Där"/><SP WIDTH="17" VPOS="1275" HPOS="393"/>
							<String ID="string_184" HPOS="410" VPOS="1274" WIDTH="347" HEIGHT="32" WC="0.91" CONTENT="barnavårdsnämnd"/><SP WIDTH="19" VPOS="1274" HPOS="757"/>
							<String ID="string_185" HPOS="776" VPOS="1275" WIDTH="87" HEIGHT="32" WC="0.96" CONTENT="efter"/><SP WIDTH="18" VPOS="1275" HPOS="863"/>
							<String ID="string_186" HPOS="881" VPOS="1275" WIDTH="165" HEIGHT="30" WC="0.96" CONTENT="anmälan"/><SP WIDTH="16" VPOS="1275" HPOS="1046"/>
							<String ID="string_187" HPOS="1062" VPOS="1274" WIDTH="138" HEIGHT="40" WC="0.96" CONTENT="jämlikt"/><SP WIDTH="20" VPOS="1274" HPOS="1200"/>
							<String ID="string_188" HPOS="1220" VPOS="1276" WIDTH="37" HEIGHT="29" WC="0.92" CONTENT="17"/><SP WIDTH="21" VPOS="1276" HPOS="1257"/>
							<String ID="string_189" HPOS="1278" VPOS="1273" WIDTH="21" HEIGHT="40" WC="0.92" CONTENT="$"/><SP WIDTH="18" VPOS="1273" HPOS="1299"/>
							<String ID="string_190" HPOS="1317" VPOS="1274" WIDTH="82" HEIGHT="31" WC="0.22" CONTENT="eller"/><SP WIDTH="17" VPOS="1274" HPOS="1399"/>
							<String ID="string_191" HPOS="1416" VPOS="1274" WIDTH="98" HEIGHT="39" WC="0.93" CONTENT="eljest"/><SP WIDTH="17" VPOS="1274" HPOS="1514"/>
							<String ID="string_192" HPOS="1531" VPOS="1273" WIDTH="66" HEIGHT="31" WC="0.91" CONTENT="fin-"/>
						</TextLine>
						<TextLine ID="line_20" HPOS="104" VPOS="1327" WIDTH="1494" HEIGHT="37">
							<String ID="string_193" HPOS="104" VPOS="1337" WIDTH="69" HEIGHT="27" WC="0.96" CONTENT="ner,"/><SP WIDTH="30" VPOS="1337" HPOS="173"/>
							<String ID="string_194" HPOS="203" VPOS="1331" WIDTH="48" HEIGHT="27" WC="0.93" CONTENT="att"/><SP WIDTH="26" VPOS="1331" HPOS="251"/>
							<String ID="string_195" HPOS="277" VPOS="1328" WIDTH="345" HEIGHT="31" WC="0.90" CONTENT="barnavårdsanstalt"/><SP WIDTH="26" VPOS="1328" HPOS="622"/>
							<String ID="string_196" HPOS="648" VPOS="1329" WIDTH="96" HEIGHT="30" WC="0.96" CONTENT="inom"/><SP WIDTH="26" VPOS="1329" HPOS="744"/>
							<String ID="string_197" HPOS="770" VPOS="1329" WIDTH="216" HEIGHT="30" WC="0.96" CONTENT="kommunen"/><SP WIDTH="28" VPOS="1329" HPOS="986"/>
							<String ID="string_198" HPOS="1014" VPOS="1328" WIDTH="75" HEIGHT="30" WC="0.96" CONTENT="icke"/><SP WIDTH="27" VPOS="1328" HPOS="1089"/>
							<String ID="string_199" HPOS="1116" VPOS="1328" WIDTH="136" HEIGHT="30" WC="0.91" CONTENT="lämnar"/><SP WIDTH="27" VPOS="1328" HPOS="1252"/>
							<String ID="string_200" HPOS="1279" VPOS="1327" WIDTH="319" HEIGHT="31" WC="0.91" CONTENT="tillfredsställande"/>
						</TextLine>
						<TextLine ID="line_21" HPOS="104" VPOS="1380" WIDTH="1494" HEIGHT="41">
							<String ID="string_201" HPOS="104" VPOS="1380" WIDTH="85" HEIGHT="32" WC="0.96" CONTENT="vård"/><SP WIDTH="15" VPOS="1380" HPOS="189"/>
							<String ID="string_202" HPOS="204" VPOS="1381" WIDTH="81" HEIGHT="30" WC="0.96" CONTENT="eller"/><SP WIDTH="14" VPOS="1381" HPOS="285"/>
							<String ID="string_203" HPOS="299" VPOS="1381" WIDTH="208" HEIGHT="40" WC="0.96" CONTENT="uppfostran"/><SP WIDTH="16" VPOS="1381" HPOS="507"/>
							<String ID="string_204" HPOS="523" VPOS="1382" WIDTH="81" HEIGHT="30" WC="0.96" CONTENT="eller"/><SP WIDTH="15" VPOS="1382" HPOS="604"/>
							<String ID="string_205" HPOS="619" VPOS="1384" WIDTH="50" HEIGHT="28" WC="0.96" CONTENT="att"/><SP WIDTH="14" VPOS="1384" HPOS="669"/>
							<String ID="string_206" HPOS="683" VPOS="1381" WIDTH="54" HEIGHT="31" WC="0.96" CONTENT="för"/><SP WIDTH="16" VPOS="1381" HPOS="737"/>
							<String ID="string_207" HPOS="753" VPOS="1382" WIDTH="173" HEIGHT="30" WC="0.96" CONTENT="anstalten"/><SP WIDTH="16" VPOS="1382" HPOS="926"/>
							<String ID="string_208" HPOS="942" VPOS="1381" WIDTH="160" HEIGHT="40" WC="0.96" CONTENT="gällande"/><SP WIDTH="14" VPOS="1381" HPOS="1102"/>
							<String ID="string_209" HPOS="1116" VPOS="1381" WIDTH="260" HEIGHT="30" WC="0.93" CONTENT="bestämmelser"/><SP WIDTH="15" VPOS="1381" HPOS="1376"/>
							<String ID="string_210" HPOS="1391" VPOS="1380" WIDTH="207" HEIGHT="31" WC="0.91" CONTENT="åsidosättas"/>
						</TextLine>
						<TextLine ID="line_22" HPOS="103" VPOS="1434" WIDTH="1494" HEIGHT="40">
							<String ID="string_211" HPOS="103" VPOS="1434" WIDTH="83" HEIGHT="30" WC="0.96" CONTENT="eller"/><SP WIDTH="16" VPOS="1434" HPOS="186"/>
							<String ID="string_212" HPOS="202" VPOS="1437" WIDTH="49" HEIGHT="27" WC="0.96" CONTENT="att"/><SP WIDTH="17" VPOS="1437" HPOS="251"/>
							<String ID="string_213" HPOS="268" VPOS="1434" WIDTH="187" HEIGHT="40" WC="0.96" CONTENT="anledning"/><SP WIDTH="15" VPOS="1434" HPOS="455"/>
							<String ID="string_214" HPOS="470" VPOS="1434" WIDTH="97" HEIGHT="39" WC="0.96" CONTENT="eljest"/><SP WIDTH="16" VPOS="1434" HPOS="567"/>
							<String ID="string_215" HPOS="583" VPOS="1434" WIDTH="183" HEIGHT="39" WC="0.96" CONTENT="föreligger"/><SP WIDTH="16" VPOS="1434" HPOS="766"/>
							<String ID="string_216" HPOS="782" VPOS="1434" WIDTH="52" HEIGHT="30" WC="0.96" CONTENT="till"/><SP WIDTH="17" VPOS="1434" HPOS="834"/>
							<String ID="string_217" HPOS="851" VPOS="1434" WIDTH="233" HEIGHT="39" WC="0.96" CONTENT="anmärkning"/><SP WIDTH="15" VPOS="1434" HPOS="1084"/>
							<String ID="string_218" HPOS="1099" VPOS="1436" WIDTH="73" HEIGHT="28" WC="0.96" CONTENT="mot"/><SP WIDTH="16" VPOS="1436" HPOS="1172"/>
							<String ID="string_219" HPOS="1188" VPOS="1434" WIDTH="181" HEIGHT="35" WC="0.96" CONTENT="anstalten,"/><SP WIDTH="20" VPOS="1434" HPOS="1369"/>
							<String ID="string_220" HPOS="1389" VPOS="1434" WIDTH="78" HEIGHT="30" WC="0.93" CONTENT="dess"/><SP WIDTH="16" VPOS="1434" HPOS="1467"/>
							<String ID="string_221" HPOS="1483" VPOS="1442" WIDTH="114" HEIGHT="30" WC="0.92" CONTENT="perso-"/>
						</TextLine>
						<TextLine ID="line_23" HPOS="103" VPOS="1486" WIDTH="1494" HEIGHT="40">
							<String ID="string_222" HPOS="103" VPOS="1488" WIDTH="59" HEIGHT="29" WC="0.96" CONTENT="nal"/><SP WIDTH="23" VPOS="1488" HPOS="162"/>
							<String ID="string_223" HPOS="185" VPOS="1487" WIDTH="80" HEIGHT="31" WC="0.95" CONTENT="eller"/><SP WIDTH="22" VPOS="1487" HPOS="265"/>
							<String ID="string_224" HPOS="287" VPOS="1487" WIDTH="229" HEIGHT="35" WC="0.96" CONTENT="verksamhet,"/><SP WIDTH="24" VPOS="1487" HPOS="516"/>
							<String ID="string_225" HPOS="540" VPOS="1487" WIDTH="65" HEIGHT="30" WC="0.96" CONTENT="har"/><SP WIDTH="21" VPOS="1487" HPOS="605"/>
							<String ID="string_226" HPOS="626" VPOS="1487" WIDTH="176" HEIGHT="30" WC="0.96" CONTENT="nämnden"/><SP WIDTH="23" VPOS="1487" HPOS="802"/>
							<String ID="string_227" HPOS="825" VPOS="1489" WIDTH="50" HEIGHT="28" WC="0.96" CONTENT="att"/><SP WIDTH="24" VPOS="1489" HPOS="875"/>
							<String ID="string_228" HPOS="899" VPOS="1495" WIDTH="124" HEIGHT="31" WC="0.96" CONTENT="genom"/><SP WIDTH="20" VPOS="1495" HPOS="1023"/>
							<String ID="string_229" HPOS="1043" VPOS="1486" WIDTH="166" HEIGHT="39" WC="0.95" CONTENT="lämpliga"/><SP WIDTH="22" VPOS="1486" HPOS="1209"/>
							<String ID="string_230" HPOS="1231" VPOS="1486" WIDTH="281" HEIGHT="39" WC="0.96" CONTENT="föreställningar"/><SP WIDTH="22" VPOS="1486" HPOS="1512"/>
							<String ID="string_231" HPOS="1534" VPOS="1486" WIDTH="63" HEIGHT="30" WC="0.96" CONTENT="hos"/>
						</TextLine>
						<TextLine ID="line_24" HPOS="103" VPOS="1538" WIDTH="1495" HEIGHT="41">
							<String ID="string_232" HPOS="103" VPOS="1541" WIDTH="188" HEIGHT="29" WC="0.91" CONTENT="anstaltens"/><SP WIDTH="27" VPOS="1541" HPOS="291"/>
							<String ID="string_233" HPOS="318" VPOS="1541" WIDTH="142" HEIGHT="38" WC="0.96" CONTENT="styrelse"/><SP WIDTH="25" VPOS="1541" HPOS="460"/>
							<String ID="string_234" HPOS="485" VPOS="1540" WIDTH="81" HEIGHT="30" WC="0.96" CONTENT="eller"/><SP WIDTH="24" VPOS="1540" HPOS="566"/>
							<String ID="string_235" HPOS="590" VPOS="1540" WIDTH="212" HEIGHT="30" WC="0.96" CONTENT="innehavare"/><SP WIDTH="23" VPOS="1540" HPOS="802"/>
							<String ID="string_236" HPOS="825" VPOS="1540" WIDTH="87" HEIGHT="30" WC="0.96" CONTENT="söka"/><SP WIDTH="25" VPOS="1540" HPOS="912"/>
							<String ID="string_237" HPOS="937" VPOS="1538" WIDTH="244" HEIGHT="32" WC="0.95" CONTENT="åstadkomma"/><SP WIDTH="25" VPOS="1538" HPOS="1181"/>
							<String ID="string_238" HPOS="1206" VPOS="1539" WIDTH="147" HEIGHT="31" WC="0.96" CONTENT="rättelse."/><SP WIDTH="28" VPOS="1539" HPOS="1353"/>
							<String ID="string_239" HPOS="1381" VPOS="1538" WIDTH="92" HEIGHT="31" WC="0.96" CONTENT="Leda"/><SP WIDTH="24" VPOS="1538" HPOS="1473"/>
							<String ID="string_240" HPOS="1497" VPOS="1539" WIDTH="101" HEIGHT="30" WC="0.96" CONTENT="dessa"/>
						</TextLine>
						<TextLine ID="line_25" HPOS="103" VPOS="1589" WIDTH="1493" HEIGHT="42">
							<String ID="string_241" HPOS="103" VPOS="1590" WIDTH="161" HEIGHT="40" WC="0.96" CONTENT="åtgärder"/><SP WIDTH="21" VPOS="1590" HPOS="264"/>
							<String ID="string_242" HPOS="285" VPOS="1591" WIDTH="76" HEIGHT="32" WC="0.95" CONTENT="icke"/><SP WIDTH="21" VPOS="1591" HPOS="361"/>
							<String ID="string_243" HPOS="382" VPOS="1592" WIDTH="51" HEIGHT="31" WC="0.92" CONTENT="till"/><SP WIDTH="23" VPOS="1592" HPOS="433"/>
							<String ID="string_244" HPOS="456" VPOS="1590" WIDTH="138" HEIGHT="41" WC="0.92" CONTENT="åsyftad"/><SP WIDTH="23" VPOS="1590" HPOS="594"/>
							<String ID="string_245" HPOS="617" VPOS="1591" WIDTH="130" HEIGHT="32" WC="0.96" CONTENT="verkan"/><SP WIDTH="23" VPOS="1591" HPOS="747"/>
							<String ID="string_246" HPOS="770" VPOS="1592" WIDTH="83" HEIGHT="31" WC="0.92" CONTENT="eller"/><SP WIDTH="22" VPOS="1592" HPOS="853"/>
							<String ID="string_247" HPOS="875" VPOS="1590" WIDTH="113" HEIGHT="33" WC="0.92" CONTENT="drives"/><SP WIDTH="23" VPOS="1590" HPOS="988"/>
							<String ID="string_248" HPOS="1011" VPOS="1591" WIDTH="180" HEIGHT="37" WC="0.96" CONTENT="barnhem,"/><SP WIDTH="24" VPOS="1591" HPOS="1191"/>
							<String ID="string_249" HPOS="1215" VPOS="1601" WIDTH="76" HEIGHT="21" WC="0.96" CONTENT="som"/><SP WIDTH="23" VPOS="1601" HPOS="1291"/>
							<String ID="string_250" HPOS="1314" VPOS="1600" WIDTH="98" HEIGHT="22" WC="0.96" CONTENT="avses"/><SP WIDTH="22" VPOS="1600" HPOS="1412"/>
							<String ID="string_251" HPOS="1434" VPOS="1591" WIDTH="11" HEIGHT="30" WC="0.96" CONTENT="i"/><SP WIDTH="20" VPOS="1591" HPOS="1445"/>
							<String ID="string_252" HPOS="1465" VPOS="1592" WIDTH="41" HEIGHT="29" WC="0.93" CONTENT="41"/><SP WIDTH="26" VPOS="1592" HPOS="1506"/>
							<String ID="string_253" HPOS="1532" VPOS="1589" WIDTH="21" HEIGHT="41" WC="0.91" CONTENT="$"/><SP WIDTH="24" VPOS="1589" HPOS="1553"/>
							<String ID="string_254" HPOS="1577" VPOS="1590" WIDTH="19" HEIGHT="30" WC="0.96" CONTENT="2"/>
						</TextLine>
						<TextLine ID="line_26" HPOS="103" VPOS="1643" WIDTH="1493" HEIGHT="39">
							<String ID="string_255" HPOS="103" VPOS="1653" WIDTH="115" HEIGHT="29" WC="0.84" CONTENT="mom.,"/><SP WIDTH="23" VPOS="1653" HPOS="218"/>
							<String ID="string_256" HPOS="241" VPOS="1648" WIDTH="86" HEIGHT="28" WC="0.96" CONTENT="utan"/><SP WIDTH="22" VPOS="1648" HPOS="327"/>
							<String ID="string_257" HPOS="349" VPOS="1644" WIDTH="155" HEIGHT="32" WC="0.96" CONTENT="tillstånd"/><SP WIDTH="22" VPOS="1644" HPOS="504"/>
							<String ID="string_258" HPOS="526" VPOS="1646" WIDTH="83" HEIGHT="30" WC="0.96" CONTENT="eller"/><SP WIDTH="21" VPOS="1646" HPOS="609"/>
							<String ID="string_259" HPOS="630" VPOS="1644" WIDTH="114" HEIGHT="32" WC="0.96" CONTENT="finner"/><SP WIDTH="22" VPOS="1644" HPOS="744"/>
							<String ID="string_260" HPOS="766" VPOS="1645" WIDTH="188" HEIGHT="37" WC="0.96" CONTENT="nämnden,"/><SP WIDTH="25" VPOS="1645" HPOS="954"/>
							<String ID="string_261" HPOS="979" VPOS="1649" WIDTH="50" HEIGHT="27" WC="0.96" CONTENT="att"/><SP WIDTH="23" VPOS="1649" HPOS="1029"/>
							<String ID="string_262" HPOS="1052" VPOS="1644" WIDTH="172" HEIGHT="32" WC="0.96" CONTENT="meddelat"/><SP WIDTH="22" VPOS="1644" HPOS="1224"/>
							<String ID="string_263" HPOS="1246" VPOS="1643" WIDTH="155" HEIGHT="32" WC="0.96" CONTENT="tillstånd"/><SP WIDTH="23" VPOS="1643" HPOS="1401"/>
							<String ID="string_264" HPOS="1424" VPOS="1645" WIDTH="64" HEIGHT="30" WC="0.93" CONTENT="bör"/><SP WIDTH="22" VPOS="1645" HPOS="1488"/>
							<String ID="string_265" HPOS="1510" VPOS="1643" WIDTH="86" HEIGHT="32" WC="0.92" CONTENT="åter-"/>
						</TextLine>
						<TextLine ID="line_27" HPOS="103" VPOS="1699" WIDTH="1104" HEIGHT="39">
							<String ID="string_266" HPOS="103" VPOS="1700" WIDTH="120" HEIGHT="35" WC="0.95" CONTENT="kallas,"/><SP WIDTH="20" VPOS="1700" HPOS="223"/>
							<String ID="string_267" HPOS="243" VPOS="1700" WIDTH="64" HEIGHT="30" WC="0.96" CONTENT="har"/><SP WIDTH="17" VPOS="1700" HPOS="307"/>
							<String ID="string_268" HPOS="324" VPOS="1700" WIDTH="177" HEIGHT="30" WC="0.96" CONTENT="nämnden"/><SP WIDTH="18" VPOS="1700" HPOS="501"/>
							<String ID="string_269" HPOS="519" VPOS="1702" WIDTH="50" HEIGHT="28" WC="0.96" CONTENT="att"/><SP WIDTH="17" VPOS="1702" HPOS="569"/>
							<String ID="string_270" HPOS="586" VPOS="1700" WIDTH="140" HEIGHT="30" WC="0.96" CONTENT="anmäla"/><SP WIDTH="18" VPOS="1700" HPOS="726"/>
							<String ID="string_271" HPOS="744" VPOS="1700" WIDTH="108" HEIGHT="31" WC="0.96" CONTENT="saken"/><SP WIDTH="18" VPOS="1700" HPOS="852"/>
							<String ID="string_272" HPOS="870" VPOS="1700" WIDTH="65" HEIGHT="30" WC="0.95" CONTENT="hos"/><SP WIDTH="17" VPOS="1700" HPOS="935"/>
							<String ID="string_273" HPOS="952" VPOS="1699" WIDTH="255" HEIGHT="39" WC="0.96" CONTENT="länsstyrelsen."/>
						</TextLine>
					</TextBlock>
					<TextBlock ID="block_6" HPOS="102" VPOS="1751" WIDTH="1497" HEIGHT="411">
						<TextLine ID="line_28" HPOS="148" VPOS="1751" WIDTH="1448" HEIGHT="40">
							<String ID="string_274" HPOS="148" VPOS="1752" WIDTH="95" HEIGHT="31" WC="0.96" CONTENT="Råda"/><SP WIDTH="39" VPOS="1752" HPOS="243"/>
							<String ID="string_275" HPOS="282" VPOS="1753" WIDTH="11" HEIGHT="30" WC="0.93" CONTENT="i"/><SP WIDTH="38" VPOS="1753" HPOS="293"/>
							<String ID="string_276" HPOS="331" VPOS="1752" WIDTH="345" HEIGHT="32" WC="0.89" CONTENT="barnavårdsanstalt"/><SP WIDTH="38" VPOS="1752" HPOS="676"/>
							<String ID="string_277" HPOS="714" VPOS="1752" WIDTH="132" HEIGHT="31" WC="0.96" CONTENT="sådana"/><SP WIDTH="37" VPOS="1752" HPOS="846"/>
							<String ID="string_278" HPOS="883" VPOS="1751" WIDTH="341" HEIGHT="37" WC="0.95" CONTENT="missförhållanden,"/><SP WIDTH="41" VPOS="1751" HPOS="1224"/>
							<String ID="string_279" HPOS="1265" VPOS="1755" WIDTH="50" HEIGHT="28" WC="0.96" CONTENT="att"/><SP WIDTH="38" VPOS="1755" HPOS="1315"/>
							<String ID="string_280" HPOS="1353" VPOS="1752" WIDTH="63" HEIGHT="30" WC="0.96" CONTENT="där"/><SP WIDTH="38" VPOS="1752" HPOS="1416"/>
							<String ID="string_281" HPOS="1454" VPOS="1751" WIDTH="142" HEIGHT="40" WC="0.95" CONTENT="intagna"/>
						</TextLine>
						<TextLine ID="line_29" HPOS="102" VPOS="1805" WIDTH="1494" HEIGHT="36">
							<String ID="string_282" HPOS="102" VPOS="1806" WIDTH="88" HEIGHT="30" WC="0.96" CONTENT="barn"/><SP WIDTH="21" VPOS="1806" HPOS="190"/>
							<String ID="string_283" HPOS="211" VPOS="1806" WIDTH="75" HEIGHT="30" WC="0.96" CONTENT="icke"/><SP WIDTH="20" VPOS="1806" HPOS="286"/>
							<String ID="string_284" HPOS="306" VPOS="1806" WIDTH="121" HEIGHT="31" WC="0.96" CONTENT="kunna"/><SP WIDTH="21" VPOS="1806" HPOS="427"/>
							<String ID="string_285" HPOS="448" VPOS="1808" WIDTH="84" HEIGHT="28" WC="0.96" CONTENT="utan"/><SP WIDTH="21" VPOS="1808" HPOS="532"/>
							<String ID="string_286" HPOS="553" VPOS="1806" WIDTH="77" HEIGHT="30" WC="0.96" CONTENT="fara"/><SP WIDTH="21" VPOS="1806" HPOS="630"/>
							<String ID="string_287" HPOS="651" VPOS="1806" WIDTH="55" HEIGHT="30" WC="0.96" CONTENT="för"/><SP WIDTH="20" VPOS="1806" HPOS="706"/>
							<String ID="string_288" HPOS="726" VPOS="1806" WIDTH="46" HEIGHT="30" WC="0.96" CONTENT="liv"/><SP WIDTH="18" VPOS="1806" HPOS="772"/>
							<String ID="string_289" HPOS="790" VPOS="1806" WIDTH="83" HEIGHT="30" WC="0.96" CONTENT="eller"/><SP WIDTH="21" VPOS="1806" HPOS="873"/>
							<String ID="string_290" HPOS="894" VPOS="1806" WIDTH="99" HEIGHT="30" WC="0.93" CONTENT="hälsa"/><SP WIDTH="21" VPOS="1806" HPOS="993"/>
							<String ID="string_291" HPOS="1014" VPOS="1805" WIDTH="181" HEIGHT="30" WC="0.92" CONTENT="kvarbliva"/><SP WIDTH="19" VPOS="1805" HPOS="1195"/>
							<String ID="string_292" HPOS="1214" VPOS="1805" WIDTH="11" HEIGHT="30" WC="0.96" CONTENT="i"/><SP WIDTH="20" VPOS="1805" HPOS="1225"/>
							<String ID="string_293" HPOS="1245" VPOS="1805" WIDTH="181" HEIGHT="36" WC="0.95" CONTENT="anstalten,"/><SP WIDTH="22" VPOS="1805" HPOS="1426"/>
							<String ID="string_294" HPOS="1448" VPOS="1805" WIDTH="51" HEIGHT="30" WC="0.96" CONTENT="till"/><SP WIDTH="19" VPOS="1805" HPOS="1499"/>
							<String ID="string_295" HPOS="1518" VPOS="1805" WIDTH="78" HEIGHT="30" WC="0.96" CONTENT="dess"/>
						</TextLine>
						<TextLine ID="line_30" HPOS="104" VPOS="1856" WIDTH="1494" HEIGHT="42">
							<String ID="string_296" HPOS="104" VPOS="1859" WIDTH="244" HEIGHT="38" WC="0.96" CONTENT="länsstyrelsen"/><SP WIDTH="24" VPOS="1859" HPOS="348"/>
							<String ID="string_297" HPOS="372" VPOS="1859" WIDTH="82" HEIGHT="30" WC="0.96" CONTENT="eller"/><SP WIDTH="22" VPOS="1859" HPOS="454"/>
							<String ID="string_298" HPOS="476" VPOS="1859" WIDTH="274" HEIGHT="39" WC="0.96" CONTENT="socialstyrelsen"/><SP WIDTH="21" VPOS="1859" HPOS="750"/>
							<String ID="string_299" HPOS="771" VPOS="1859" WIDTH="126" HEIGHT="30" WC="0.96" CONTENT="hinner"/><SP WIDTH="21" VPOS="1859" HPOS="897"/>
							<String ID="string_300" HPOS="918" VPOS="1859" WIDTH="135" HEIGHT="30" WC="0.96" CONTENT="besluta"/><SP WIDTH="20" VPOS="1859" HPOS="1053"/>
							<String ID="string_301" HPOS="1073" VPOS="1858" WIDTH="12" HEIGHT="30" WC="0.96" CONTENT="i"/><SP WIDTH="23" VPOS="1858" HPOS="1085"/>
							<String ID="string_302" HPOS="1108" VPOS="1858" WIDTH="151" HEIGHT="36" WC="0.96" CONTENT="ärendet,"/><SP WIDTH="23" VPOS="1858" HPOS="1259"/>
							<String ID="string_303" HPOS="1282" VPOS="1858" WIDTH="65" HEIGHT="30" WC="0.93" CONTENT="har"/><SP WIDTH="22" VPOS="1858" HPOS="1347"/>
							<String ID="string_304" HPOS="1369" VPOS="1856" WIDTH="229" HEIGHT="32" WC="0.92" CONTENT="barnavårds-"/>
						</TextLine>
						<TextLine ID="line_31" HPOS="105" VPOS="1909" WIDTH="1494" HEIGHT="41">
							<String ID="string_305" HPOS="105" VPOS="1912" WIDTH="176" HEIGHT="30" WC="0.95" CONTENT="nämnden"/><SP WIDTH="21" VPOS="1912" HPOS="281"/>
							<String ID="string_306" HPOS="302" VPOS="1915" WIDTH="50" HEIGHT="28" WC="0.95" CONTENT="att"/><SP WIDTH="21" VPOS="1915" HPOS="352"/>
							<String ID="string_307" HPOS="373" VPOS="1911" WIDTH="96" HEIGHT="36" WC="0.95" CONTENT="tillse,"/><SP WIDTH="23" VPOS="1911" HPOS="469"/>
							<String ID="string_308" HPOS="492" VPOS="1914" WIDTH="48" HEIGHT="28" WC="0.93" CONTENT="att"/><SP WIDTH="21" VPOS="1914" HPOS="540"/>
							<String ID="string_309" HPOS="561" VPOS="1911" WIDTH="21" HEIGHT="30" WC="0.91" CONTENT="å"/><SP WIDTH="19" VPOS="1911" HPOS="582"/>
							<String ID="string_310" HPOS="601" VPOS="1911" WIDTH="172" HEIGHT="30" WC="0.96" CONTENT="anstalten"/><SP WIDTH="21" VPOS="1911" HPOS="773"/>
							<String ID="string_311" HPOS="794" VPOS="1911" WIDTH="143" HEIGHT="39" WC="0.96" CONTENT="intagna"/><SP WIDTH="18" VPOS="1911" HPOS="937"/>
							<String ID="string_312" HPOS="955" VPOS="1911" WIDTH="90" HEIGHT="30" WC="0.96" CONTENT="barn"/><SP WIDTH="20" VPOS="1911" HPOS="1045"/>
							<String ID="string_313" HPOS="1065" VPOS="1911" WIDTH="213" HEIGHT="30" WC="0.96" CONTENT="omedelbart"/><SP WIDTH="21" VPOS="1911" HPOS="1278"/>
							<String ID="string_314" HPOS="1299" VPOS="1910" WIDTH="121" HEIGHT="38" WC="0.96" CONTENT="skiljas"/><SP WIDTH="20" VPOS="1910" HPOS="1420"/>
							<String ID="string_315" HPOS="1440" VPOS="1909" WIDTH="159" HEIGHT="31" WC="0.96" CONTENT="därifrån"/>
						</TextLine>
						<TextLine ID="line_32" HPOS="105" VPOS="1961" WIDTH="1494" HEIGHT="42">
							<String ID="string_316" HPOS="105" VPOS="1967" WIDTH="90" HEIGHT="28" WC="0.96" CONTENT="samt"/><SP WIDTH="18" VPOS="1967" HPOS="195"/>
							<String ID="string_317" HPOS="213" VPOS="1967" WIDTH="58" HEIGHT="33" WC="0.96" CONTENT="att,"/><SP WIDTH="18" VPOS="1967" HPOS="271"/>
							<String ID="string_318" HPOS="289" VPOS="1965" WIDTH="65" HEIGHT="29" WC="0.96" CONTENT="där"/><SP WIDTH="19" VPOS="1965" HPOS="354"/>
							<String ID="string_319" HPOS="373" VPOS="1963" WIDTH="38" HEIGHT="31" WC="0.96" CONTENT="så"/><SP WIDTH="17" VPOS="1963" HPOS="411"/>
							<String ID="string_320" HPOS="428" VPOS="1964" WIDTH="184" HEIGHT="36" WC="0.96" CONTENT="erfordras,"/><SP WIDTH="20" VPOS="1964" HPOS="612"/>
							<String ID="string_321" HPOS="632" VPOS="1964" WIDTH="142" HEIGHT="39" WC="0.96" CONTENT="lämplig"/><SP WIDTH="19" VPOS="1964" HPOS="774"/>
							<String ID="string_322" HPOS="793" VPOS="1963" WIDTH="85" HEIGHT="31" WC="0.93" CONTENT="vård"/><SP WIDTH="16" VPOS="1963" HPOS="878"/>
							<String ID="string_323" HPOS="894" VPOS="1963" WIDTH="141" HEIGHT="31" WC="0.92" CONTENT="beredes"/><SP WIDTH="19" VPOS="1963" HPOS="1035"/>
							<String ID="string_324" HPOS="1054" VPOS="1963" WIDTH="89" HEIGHT="31" WC="0.91" CONTENT="dem."/><SP WIDTH="20" VPOS="1963" HPOS="1143"/>
							<String ID="string_325" HPOS="1163" VPOS="1963" WIDTH="68" HEIGHT="30" WC="0.96" CONTENT="För"/><SP WIDTH="16" VPOS="1963" HPOS="1231"/>
							<String ID="string_326" HPOS="1247" VPOS="1963" WIDTH="93" HEIGHT="30" WC="0.96" CONTENT="detta"/><SP WIDTH="19" VPOS="1963" HPOS="1340"/>
							<String ID="string_327" HPOS="1359" VPOS="1962" WIDTH="164" HEIGHT="31" WC="0.95" CONTENT="ändamål"/><SP WIDTH="18" VPOS="1962" HPOS="1523"/>
							<String ID="string_328" HPOS="1541" VPOS="1961" WIDTH="58" HEIGHT="32" WC="0.96" CONTENT="må"/>
						</TextLine>
						<TextLine ID="line_33" HPOS="106" VPOS="2015" WIDTH="1493" HEIGHT="41">
							<String ID="string_329" HPOS="106" VPOS="2017" WIDTH="175" HEIGHT="30" WC="0.93" CONTENT="nämnden"/><SP WIDTH="17" VPOS="2017" HPOS="281"/>
							<String ID="string_330" HPOS="298" VPOS="2017" WIDTH="273" HEIGHT="39" WC="0.91" CONTENT="omhändertaga"/><SP WIDTH="17" VPOS="2017" HPOS="571"/>
							<String ID="string_331" HPOS="588" VPOS="2017" WIDTH="133" HEIGHT="29" WC="0.95" CONTENT="barnen"/><SP WIDTH="17" VPOS="2017" HPOS="721"/>
							<String ID="string_332" HPOS="738" VPOS="2017" WIDTH="65" HEIGHT="30" WC="0.96" CONTENT="och"/><SP WIDTH="16" VPOS="2017" HPOS="803"/>
							<String ID="string_333" HPOS="819" VPOS="2016" WIDTH="80" HEIGHT="30" WC="0.96" CONTENT="med"/><SP WIDTH="16" VPOS="2016" HPOS="899"/>
							<String ID="string_334" HPOS="915" VPOS="2016" WIDTH="80" HEIGHT="30" WC="0.93" CONTENT="dem"/><SP WIDTH="17" VPOS="2016" HPOS="995"/>
							<String ID="string_335" HPOS="1012" VPOS="2015" WIDTH="134" HEIGHT="31" WC="0.92" CONTENT="förfara"/><SP WIDTH="18" VPOS="2015" HPOS="1146"/>
							<String ID="string_336" HPOS="1164" VPOS="2015" WIDTH="115" HEIGHT="31" WC="0.96" CONTENT="såsom"/><SP WIDTH="17" VPOS="2015" HPOS="1279"/>
							<String ID="string_337" HPOS="1296" VPOS="2016" WIDTH="79" HEIGHT="29" WC="0.96" CONTENT="med"/><SP WIDTH="15" VPOS="2016" HPOS="1375"/>
							<String ID="string_338" HPOS="1390" VPOS="2016" WIDTH="97" HEIGHT="35" WC="0.96" CONTENT="barn,"/><SP WIDTH="18" VPOS="2016" HPOS="1487"/>
							<String ID="string_339" HPOS="1505" VPOS="2016" WIDTH="94" HEIGHT="29" WC="0.96" CONTENT="vilka"/>
						</TextLine>
						<TextLine ID="line_34" HPOS="106" VPOS="2067" WIDTH="1493" HEIGHT="42">
							<String ID="string_340" HPOS="106" VPOS="2070" WIDTH="296" HEIGHT="39" WC="0.92" CONTENT="omhändertagits"/><SP WIDTH="18" VPOS="2070" HPOS="402"/>
							<String ID="string_341" HPOS="420" VPOS="2070" WIDTH="54" HEIGHT="30" WC="0.93" CONTENT="för"/><SP WIDTH="17" VPOS="2070" HPOS="474"/>
							<String ID="string_342" HPOS="491" VPOS="2068" WIDTH="262" HEIGHT="32" WC="0.86" CONTENT="samhällsvård."/><SP WIDTH="18" VPOS="2068" HPOS="753"/>
							<String ID="string_343" HPOS="771" VPOS="2069" WIDTH="228" HEIGHT="30" WC="0.96" CONTENT="Beträffande"/><SP WIDTH="17" VPOS="2069" HPOS="999"/>
							<String ID="string_344" HPOS="1016" VPOS="2068" WIDTH="125" HEIGHT="31" WC="0.96" CONTENT="sådant"/><SP WIDTH="17" VPOS="2068" HPOS="1141"/>
							<String ID="string_345" HPOS="1158" VPOS="2069" WIDTH="127" HEIGHT="30" WC="0.96" CONTENT="ärende"/><SP WIDTH="18" VPOS="2069" HPOS="1285"/>
							<String ID="string_346" HPOS="1303" VPOS="2068" WIDTH="87" HEIGHT="30" WC="0.96" CONTENT="skall"/><SP WIDTH="18" VPOS="2068" HPOS="1390"/>
							<String ID="string_347" HPOS="1408" VPOS="2068" WIDTH="67" HEIGHT="31" WC="0.96" CONTENT="vad"/><SP WIDTH="18" VPOS="2068" HPOS="1475"/>
							<String ID="string_348" HPOS="1493" VPOS="2069" WIDTH="9" HEIGHT="30" WC="0.96" CONTENT="i"/><SP WIDTH="17" VPOS="2069" HPOS="1502"/>
							<String ID="string_349" HPOS="1519" VPOS="2069" WIDTH="38" HEIGHT="29" WC="0.96" CONTENT="31"/><SP WIDTH="21" VPOS="2069" HPOS="1557"/>
							<String ID="string_350" HPOS="1578" VPOS="2067" WIDTH="21" HEIGHT="40" WC="0.61" CONTENT="3"/>
						</TextLine>
						<TextLine ID="line_35" HPOS="106" VPOS="2121" WIDTH="1012" HEIGHT="41">
							<String ID="string_351" HPOS="106" VPOS="2123" WIDTH="109" HEIGHT="30" WC="0.96" CONTENT="första"/><SP WIDTH="19" VPOS="2123" HPOS="215"/>
							<String ID="string_352" HPOS="234" VPOS="2124" WIDTH="133" HEIGHT="38" WC="0.96" CONTENT="stycket"/><SP WIDTH="18" VPOS="2124" HPOS="367"/>
							<String ID="string_353" HPOS="385" VPOS="2122" WIDTH="137" HEIGHT="39" WC="0.96" CONTENT="stadgas"/><SP WIDTH="19" VPOS="2122" HPOS="522"/>
							<String ID="string_354" HPOS="541" VPOS="2124" WIDTH="65" HEIGHT="37" WC="0.96" CONTENT="äga"/><SP WIDTH="19" VPOS="2124" HPOS="606"/>
							<String ID="string_355" HPOS="625" VPOS="2122" WIDTH="245" HEIGHT="30" WC="0.95" CONTENT="motsvarande"/><SP WIDTH="19" VPOS="2122" HPOS="870"/>
							<String ID="string_356" HPOS="889" VPOS="2121" WIDTH="229" HEIGHT="39" WC="0.95" CONTENT="tillämpning."/>
						</TextLine>
					</TextBlock>
					<TextBlock ID="block_7" HPOS="104" VPOS="2172" WIDTH="1495" HEIGHT="199">
						<TextLine ID="line_36" HPOS="150" VPOS="2172" WIDTH="1448" HEIGHT="42">
							<String ID="string_357" HPOS="150" VPOS="2175" WIDTH="74" HEIGHT="31" WC="0.96" CONTENT="Har"/><SP WIDTH="28" VPOS="2175" HPOS="224"/>
							<String ID="string_358" HPOS="252" VPOS="2176" WIDTH="165" HEIGHT="30" WC="0.96" CONTENT="anmälan"/><SP WIDTH="28" VPOS="2176" HPOS="417"/>
							<String ID="string_359" HPOS="445" VPOS="2175" WIDTH="136" HEIGHT="38" WC="0.96" CONTENT="jämlikt"/><SP WIDTH="28" VPOS="2175" HPOS="581"/>
							<String ID="string_360" HPOS="609" VPOS="2175" WIDTH="38" HEIGHT="30" WC="0.93" CONTENT="17"/><SP WIDTH="33" VPOS="2175" HPOS="647"/>
							<String ID="string_361" HPOS="680" VPOS="2173" WIDTH="19" HEIGHT="41" WC="0.40" CONTENT="$&amp;"/><SP WIDTH="29" VPOS="2173" HPOS="699"/>
							<String ID="string_362" HPOS="728" VPOS="2174" WIDTH="111" HEIGHT="31" WC="0.96" CONTENT="andra"/><SP WIDTH="29" VPOS="2174" HPOS="839"/>
							<String ID="string_363" HPOS="868" VPOS="2174" WIDTH="133" HEIGHT="39" WC="0.96" CONTENT="stycket"/><SP WIDTH="30" VPOS="2174" HPOS="1001"/>
							<String ID="string_364" HPOS="1031" VPOS="2174" WIDTH="107" HEIGHT="38" WC="0.96" CONTENT="gjorts"/><SP WIDTH="30" VPOS="2174" HPOS="1138"/>
							<String ID="string_365" HPOS="1168" VPOS="2183" WIDTH="58" HEIGHT="20" WC="0.92" CONTENT="om"/><SP WIDTH="29" VPOS="2183" HPOS="1226"/>
							<String ID="string_366" HPOS="1255" VPOS="2172" WIDTH="304" HEIGHT="32" WC="0.91" CONTENT="missförhållande"/><SP WIDTH="28" VPOS="2172" HPOS="1559"/>
							<String ID="string_367" HPOS="1587" VPOS="2172" WIDTH="11" HEIGHT="31" WC="0.96" CONTENT="i"/>
						</TextLine>
						<TextLine ID="line_37" HPOS="104" VPOS="2225" WIDTH="1494" HEIGHT="39">
							<String ID="string_368" HPOS="104" VPOS="2227" WIDTH="346" HEIGHT="31" WC="0.91" CONTENT="barnavårdsanstalt"/><SP WIDTH="26" VPOS="2227" HPOS="450"/>
							<String ID="string_369" HPOS="476" VPOS="2237" WIDTH="78" HEIGHT="21" WC="0.96" CONTENT="men"/><SP WIDTH="29" VPOS="2237" HPOS="554"/>
							<String ID="string_370" HPOS="583" VPOS="2226" WIDTH="198" HEIGHT="31" WC="0.93" CONTENT="underlåter"/><SP WIDTH="27" VPOS="2226" HPOS="781"/>
							<String ID="string_371" HPOS="808" VPOS="2226" WIDTH="395" HEIGHT="31" WC="0.91" CONTENT="barnavårdsnämnden"/><SP WIDTH="29" VPOS="2226" HPOS="1203"/>
							<String ID="string_372" HPOS="1232" VPOS="2230" WIDTH="50" HEIGHT="26" WC="0.96" CONTENT="att"/><SP WIDTH="28" VPOS="2230" HPOS="1282"/>
							<String ID="string_373" HPOS="1310" VPOS="2226" WIDTH="139" HEIGHT="38" WC="0.96" CONTENT="vidtaga"/><SP WIDTH="30" VPOS="2226" HPOS="1449"/>
							<String ID="string_374" HPOS="1479" VPOS="2226" WIDTH="41" HEIGHT="30" WC="0.90" CONTENT="de"/><SP WIDTH="29" VPOS="2226" HPOS="1520"/>
							<String ID="string_375" HPOS="1549" VPOS="2225" WIDTH="49" HEIGHT="32" WC="0.90" CONTENT="åt-"/>
						</TextLine>
						<TextLine ID="line_38" HPOS="106" VPOS="2279" WIDTH="1493" HEIGHT="40">
							<String ID="string_376" HPOS="106" VPOS="2281" WIDTH="132" HEIGHT="38" WC="0.96" CONTENT="gärder,"/><SP WIDTH="18" VPOS="2281" HPOS="238"/>
							<String ID="string_377" HPOS="256" VPOS="2281" WIDTH="50" HEIGHT="29" WC="0.96" CONTENT="till"/><SP WIDTH="18" VPOS="2281" HPOS="306"/>
							<String ID="string_378" HPOS="324" VPOS="2281" WIDTH="94" HEIGHT="30" WC="0.96" CONTENT="vilka"/><SP WIDTH="16" VPOS="2281" HPOS="418"/>
							<String ID="string_379" HPOS="434" VPOS="2280" WIDTH="339" HEIGHT="38" WC="0.96" CONTENT="omständigheterna"/><SP WIDTH="18" VPOS="2280" HPOS="773"/>
							<String ID="string_380" HPOS="791" VPOS="2280" WIDTH="192" HEIGHT="35" WC="0.96" CONTENT="föranleda,"/><SP WIDTH="19" VPOS="2280" HPOS="983"/>
							<String ID="string_381" HPOS="1002" VPOS="2280" WIDTH="66" HEIGHT="29" WC="0.96" CONTENT="har"/><SP WIDTH="16" VPOS="2280" HPOS="1068"/>
							<String ID="string_382" HPOS="1084" VPOS="2280" WIDTH="67" HEIGHT="29" WC="0.96" CONTENT="den"/><SP WIDTH="17" VPOS="2280" HPOS="1151"/>
							<String ID="string_383" HPOS="1168" VPOS="2289" WIDTH="75" HEIGHT="20" WC="0.96" CONTENT="som"/><SP WIDTH="17" VPOS="2289" HPOS="1243"/>
							<String ID="string_384" HPOS="1260" VPOS="2279" WIDTH="91" HEIGHT="39" WC="0.95" CONTENT="gjort"/><SP WIDTH="16" VPOS="2279" HPOS="1351"/>
							<String ID="string_385" HPOS="1367" VPOS="2280" WIDTH="166" HEIGHT="29" WC="0.96" CONTENT="anmälan"/><SP WIDTH="17" VPOS="2280" HPOS="1533"/>
							<String ID="string_386" HPOS="1550" VPOS="2282" WIDTH="49" HEIGHT="28" WC="0.96" CONTENT="att"/>
						</TextLine>
						<TextLine ID="line_39" HPOS="104" VPOS="2332" WIDTH="969" HEIGHT="39">
							<String ID="string_387" HPOS="104" VPOS="2332" WIDTH="123" HEIGHT="39" WC="0.96" CONTENT="bringa"/><SP WIDTH="22" VPOS="2332" HPOS="227"/>
							<String ID="string_388" HPOS="249" VPOS="2332" WIDTH="234" HEIGHT="31" WC="0.96" CONTENT="förhållandet"/><SP WIDTH="22" VPOS="2332" HPOS="483"/>
							<String ID="string_389" HPOS="505" VPOS="2333" WIDTH="50" HEIGHT="30" WC="0.95" CONTENT="till"/><SP WIDTH="24" VPOS="2333" HPOS="555"/>
							<String ID="string_390" HPOS="579" VPOS="2333" WIDTH="261" HEIGHT="38" WC="0.95" CONTENT="länsstyrelsens"/><SP WIDTH="24" VPOS="2333" HPOS="840"/>
							<String ID="string_391" HPOS="864" VPOS="2332" WIDTH="209" HEIGHT="30" WC="0.96" CONTENT="kännedom."/>
						</TextLine>
					</TextBlock>
					<TextBlock ID="block_8" HPOS="108" VPOS="2384" WIDTH="1492" HEIGHT="147">
						<TextLine ID="line_40" HPOS="151" VPOS="2384" WIDTH="1447" HEIGHT="41">
							<String ID="string_392" HPOS="151" VPOS="2388" WIDTH="18" HEIGHT="28" WC="0.96" CONTENT="2"/><SP WIDTH="19" VPOS="2388" HPOS="169"/>
							<String ID="string_393" HPOS="188" VPOS="2396" WIDTH="102" HEIGHT="20" WC="0.96" CONTENT="mom."/><SP WIDTH="31" VPOS="2396" HPOS="290"/>
							<String ID="string_394" HPOS="321" VPOS="2387" WIDTH="129" HEIGHT="29" WC="0.96" CONTENT="Finner"/><SP WIDTH="16" VPOS="2387" HPOS="450"/>
							<String ID="string_395" HPOS="466" VPOS="2385" WIDTH="252" HEIGHT="40" WC="0.96" CONTENT="länsstyrelsen,"/><SP WIDTH="19" VPOS="2385" HPOS="718"/>
							<String ID="string_396" HPOS="737" VPOS="2386" WIDTH="10" HEIGHT="30" WC="0.96" CONTENT="i"/><SP WIDTH="18" VPOS="2386" HPOS="747"/>
							<String ID="string_397" HPOS="765" VPOS="2385" WIDTH="189" HEIGHT="39" WC="0.96" CONTENT="anledning"/><SP WIDTH="17" VPOS="2385" HPOS="954"/>
							<String ID="string_398" HPOS="971" VPOS="2395" WIDTH="42" HEIGHT="20" WC="0.96" CONTENT="av"/><SP WIDTH="18" VPOS="2395" HPOS="1013"/>
							<String ID="string_399" HPOS="1031" VPOS="2385" WIDTH="164" HEIGHT="30" WC="0.96" CONTENT="anmälan"/><SP WIDTH="17" VPOS="2385" HPOS="1195"/>
							<String ID="string_400" HPOS="1212" VPOS="2385" WIDTH="82" HEIGHT="30" WC="0.96" CONTENT="eller"/><SP WIDTH="17" VPOS="2385" HPOS="1294"/>
							<String ID="string_401" HPOS="1311" VPOS="2384" WIDTH="107" HEIGHT="39" WC="0.96" CONTENT="eljest,"/><SP WIDTH="18" VPOS="2384" HPOS="1418"/>
							<String ID="string_402" HPOS="1436" VPOS="2388" WIDTH="49" HEIGHT="27" WC="0.92" CONTENT="att"/><SP WIDTH="18" VPOS="2388" HPOS="1485"/>
							<String ID="string_403" HPOS="1503" VPOS="2385" WIDTH="95" HEIGHT="30" WC="0.92" CONTENT="miss-"/>
						</TextLine>
						<TextLine ID="line_41" HPOS="108" VPOS="2436" WIDTH="1492" HEIGHT="41">
							<String ID="string_404" HPOS="108" VPOS="2439" WIDTH="219" HEIGHT="30" WC="0.96" CONTENT="förhållande"/><SP WIDTH="19" VPOS="2439" HPOS="327"/>
							<String ID="string_405" HPOS="346" VPOS="2449" WIDTH="75" HEIGHT="20" WC="0.95" CONTENT="som"/><SP WIDTH="18" VPOS="2449" HPOS="421"/>
							<String ID="string_406" HPOS="439" VPOS="2440" WIDTH="10" HEIGHT="30" WC="0.95" CONTENT="i"/><SP WIDTH="20" VPOS="2440" HPOS="449"/>
							<String ID="string_407" HPOS="469" VPOS="2440" WIDTH="14" HEIGHT="28" WC="0.81" CONTENT="I"/><SP WIDTH="21" VPOS="2440" HPOS="483"/>
							<String ID="string_408" HPOS="504" VPOS="2448" WIDTH="103" HEIGHT="20" WC="0.96" CONTENT="mom."/><SP WIDTH="21" VPOS="2448" HPOS="607"/>
							<String ID="string_409" HPOS="628" VPOS="2440" WIDTH="76" HEIGHT="37" WC="0.96" CONTENT="sägs"/><SP WIDTH="19" VPOS="2440" HPOS="704"/>
							<String ID="string_410" HPOS="723" VPOS="2438" WIDTH="183" HEIGHT="39" WC="0.95" CONTENT="föreligger"/><SP WIDTH="19" VPOS="2438" HPOS="906"/>
							<String ID="string_411" HPOS="925" VPOS="2438" WIDTH="57" HEIGHT="29" WC="0.93" CONTENT="vid"/><SP WIDTH="18" VPOS="2438" HPOS="982"/>
							<String ID="string_412" HPOS="1000" VPOS="2436" WIDTH="353" HEIGHT="36" WC="0.91" CONTENT="barnavårdsanstalt,"/><SP WIDTH="19" VPOS="2436" HPOS="1353"/>
							<String ID="string_413" HPOS="1372" VPOS="2437" WIDTH="65" HEIGHT="31" WC="0.92" CONTENT="har"/><SP WIDTH="18" VPOS="2437" HPOS="1437"/>
							<String ID="string_414" HPOS="1455" VPOS="2438" WIDTH="145" HEIGHT="39" WC="0.90" CONTENT="länssty-"/>
						</TextLine>
						<TextLine ID="line_42" HPOS="108" VPOS="2490" WIDTH="1492" HEIGHT="41">
							<String ID="string_415" HPOS="108" VPOS="2493" WIDTH="109" HEIGHT="29" WC="0.96" CONTENT="relsen"/><SP WIDTH="22" VPOS="2493" HPOS="217"/>
							<String ID="string_416" HPOS="239" VPOS="2495" WIDTH="49" HEIGHT="27" WC="0.96" CONTENT="att"/><SP WIDTH="21" VPOS="2495" HPOS="288"/>
							<String ID="string_417" HPOS="309" VPOS="2491" WIDTH="123" HEIGHT="40" WC="0.93" CONTENT="ålägga"/><SP WIDTH="21" VPOS="2491" HPOS="432"/>
							<String ID="string_418" HPOS="453" VPOS="2491" WIDTH="187" HEIGHT="30" WC="0.91" CONTENT="anstaltens"/><SP WIDTH="22" VPOS="2491" HPOS="640"/>
							<String ID="string_419" HPOS="662" VPOS="2491" WIDTH="141" HEIGHT="39" WC="0.95" CONTENT="styrelse"/><SP WIDTH="21" VPOS="2491" HPOS="803"/>
							<String ID="string_420" HPOS="824" VPOS="2491" WIDTH="82" HEIGHT="30" WC="0.96" CONTENT="eller"/><SP WIDTH="21" VPOS="2491" HPOS="906"/>
							<String ID="string_421" HPOS="927" VPOS="2491" WIDTH="209" HEIGHT="29" WC="0.95" CONTENT="innehavare"/><SP WIDTH="21" VPOS="2491" HPOS="1136"/>
							<String ID="string_422" HPOS="1157" VPOS="2492" WIDTH="48" HEIGHT="28" WC="0.96" CONTENT="att"/><SP WIDTH="22" VPOS="2492" HPOS="1205"/>
							<String ID="string_423" HPOS="1227" VPOS="2490" WIDTH="139" HEIGHT="38" WC="0.93" CONTENT="vidtaga"/><SP WIDTH="21" VPOS="2490" HPOS="1366"/>
							<String ID="string_424" HPOS="1387" VPOS="2490" WIDTH="143" HEIGHT="39" WC="0.91" CONTENT="tjänliga"/><SP WIDTH="21" VPOS="2490" HPOS="1530"/>
							<String ID="string_425" HPOS="1551" VPOS="2490" WIDTH="49" HEIGHT="31" WC="0.93" CONTENT="åt-"/>
						</TextLine>
					</TextBlock>
				</ComposedBlock>
			</PrintSpace>
		</Page>
	</Layout>
</alto>
