1910 2828
300 185 41 29 22
752 189 274 31 Statsutskottets
1046 189 174 31 utlåtande
1238 199 40 21 nr
1303 190 51 30 12.

307 275 311 29 kommittéarbetet
642 275 39 29 är
701 274 129 36 möjlig.
856 274 78 30 Med
958 275 135 35 hänsyn
1116 274 49 30 till
1189 272 176 37 pågående
1386 273 263 36 överväganden
1672 283 43 20 av
1739 271 68 32 frå-

308 333 66 28 gan
406 334 57 20 om
498 327 46 27 ett
577 324 255 31 samordnande
862 324 66 30 och
959 324 242 32 övervakande
1231 332 106 28 organ
1371 323 56 31 för
1460 323 348 31 kommittéväsendet

306 384 101 21 anser
431 375 51 36 sig
506 376 164 29 utskottet
697 375 90 30 dock
813 375 76 31 icke
915 375 87 31 böra
1030 375 191 36 framlägga
1245 375 129 36 förslag
1399 375 51 31 till
1475 375 195 37 ytterligare
1695 373 112 37 åtgär-

307 425 60 30 der
389 425 58 31 för
471 428 49 28 att
545 426 197 30 undersöka
769 426 65 30 och
859 425 215 37 tillvarataga
1099 426 120 37 dylika
1242 425 227 36 möjligheter.

350 477 75 30 Vad
443 478 9 28 i
473 477 258 35 propositionen
749 477 110 30 under
875 477 166 30 rubriken
1062 477 56 37 för
1136 477 88 37 flera
1240 476 215 31 huvudtitlar
1473 485 259 27 gemensamma
1750 485 58 21 an-

309 525 323 38 slagsberäkningar
664 527 133 30 anförts
827 527 149 30 rörande
1012 527 188 36 ersättning
1233 527 52 30 till
1319 530 127 27 statens
1482 527 177 30 allmänna
1691 526 116 36 fastig-

305 576 174 37 hetsfond,
500 577 188 37 ersättning
708 578 51 31 till
778 580 126 28 statens
925 578 183 30 domäners
1127 577 87 31 fond
1235 577 55 30 för
1308 576 167 37 upplåten
1496 577 110 35 mark,
1629 577 181 36 planering

307 637 42 21 av
373 628 177 31 allmänna
574 629 140 29 arbeten
738 629 65 30 och
827 628 118 36 rörligt
969 628 116 37 tillägg
1111 628 195 31 föranleder
1331 629 77 30 icke
1430 627 116 37 någon
1567 628 139 30 erinran
1730 626 80 31 från

307 678 181 31 utskottets
514 679 83 30 sida.
623 679 170 31 Utskottet
818 678 188 37 tillstyrker
1028 679 116 30 vidare
1170 679 122 36 Kungl.
1319 679 118 36 Maj:ts
1459 678 130 36 förslag
1611 678 80 30 med
1714 687 95 21 avse-

307 728 86 31 ende
416 728 21 31 å
461 729 259 37 dyrtidstillägg,
744 730 190 36 kristillägg
957 730 65 30 och
1044 729 226 37 provisoriskt
1295 729 205 36 lönetillägg.

352 780 116 30 Under
489 780 218 36 åberopande
731 791 41 20 av
795 781 66 30 vad
884 780 147 31 sålunda
1051 781 132 30 anförts
1204 780 55 30 får
1280 781 165 29 utskottet
1464 780 193 35 hemställa,

662 871 48 28 att
733 868 184 36 riksdagen
937 867 59 31 må

661 918 31 40 a)
730 920 79 29 med
838 918 255 37 godkännande
1121 928 43 21 av
1193 919 67 30 vad
1287 919 10 30 i
1326 918 376 36 statsrådsprotokollet
1730 919 82 29 över

619 969 268 30 finansärenden
909 968 56 30 för
986 969 65 29 den
1074 970 18 29 3
1116 969 137 38 januari
1281 970 79 29 1947
1388 969 133 30 anförts
1545 973 89 27 samt
1656 970 80 29 med
1758 979 56 20 av-

619 1021 71 35 slag
717 1020 20 30 å
765 1020 215 30 motionerna
1006 1020 27 29 I:
1052 1020 60 29 176
1137 1020 66 29 och
1232 1020 44 29 II:
1292 1020 63 29 296
1380 1020 12 29 i
1418 1019 162 30 skrivelse
1608 1019 51 30 till
1687 1019 123 36 Kungl.

621 1070 102 35 Maj:t
751 1070 77 36 giva
856 1069 170 30 tillkänna
1055 1071 66 29 vad
1148 1070 163 30 utskottet
1340 1070 117 30 anfört
1486 1070 11 30 i
1527 1070 98 36 fråga
1657 1080 57 20 om
1744 1079 70 27 reg-

618 1121 107 37 lering
757 1131 42 20 av
831 1120 494 37 anställningsförhållandena
1359 1120 57 31 för
1446 1120 68 30 viss
1547 1120 166 30 biträdes-
1747 1119 65 30 och

620 1172 363 35 amanuenspersonal,

663 1220 33 40 b)
727 1222 11 29 i
759 1221 185 36 anledning
964 1231 42 20 av
1027 1222 66 30 vad
1115 1221 10 30 i
1144 1222 153 30 nämnda
1320 1221 340 37 statsrådsprotokoll
1681 1221 133 31 anförts

620 1273 164 29 ävensom
806 1271 216 31 motionerna
1043 1272 27 29 I:
1087 1272 39 30 76
1147 1272 65 30 och
1234 1272 44 29 II:
1296 1272 59 29 141
1380 1277 90 27 samt
1492 1272 217 30 motionerna
1731 1272 28 30 I:
1775 1272 40 29 75

621 1322 65 30 och
714 1322 44 30 II:
777 1322 60 29 144
863 1322 11 30 i
900 1322 165 30 skrivelse
1092 1321 49 31 till
1170 1322 122 36 Kungl.
1322 1322 102 39 Maj:t
1449 1323 78 35 giva
1553 1322 170 30 tillkänna
1749 1321 68 31 vad

619 1373 166 31 utskottet
807 1372 115 30 anfört
949 1373 10 29 i
983 1371 98 37 fråga
1104 1382 58 21 om
1187 1372 286 36 löneställningen
1496 1372 56 31 för
1577 1372 67 31 viss
1670 1376 145 27 statsan-

620 1423 102 30 ställd
742 1421 196 37 sjukvårds-
962 1423 65 29 och
1050 1423 321 36 ekonomipersonal
1393 1433 45 20 m.
1461 1433 56 25 m.,

665 1476 29 41 c)
723 1477 80 31 med
822 1477 258 36 godkännande
1101 1485 42 21 av
1164 1477 66 30 vad
1250 1477 11 29 i
1284 1476 374 37 statsrådsprotokollet
1680 1477 134 33 anförts

619 1532 90 27 samt
733 1528 80 30 med
835 1528 118 36 avslag
978 1527 20 31 å
1024 1527 215 31 motionerna
1264 1528 28 29 I:
1318 1528 41 30 33
1384 1529 66 29 och
1474 1528 45 29 II:
1546 1528 38 30 57
1610 1527 12 31 i
1649 1528 163 30 skrivelse

620 1579 50 30 till
697 1579 122 35 Kungl.
843 1578 101 38 Maj:t
969 1578 77 36 giva
1072 1578 168 30 tillkänna
1263 1579 66 29 vad
1352 1578 166 32 utskottet
1542 1578 116 31 anfört
1682 1579 11 30 i
1718 1578 97 37 fråga

621 1639 57 21 om
705 1630 144 30 lönerna
872 1629 56 30 för
952 1628 198 32 statsrådets
1178 1629 189 30 ledamöter
1393 1629 66 30 och
1485 1628 91 31 vissa
1600 1628 214 31 verkschefs-

619 1681 106 35 löner,

665 1730 32 38 d)
729 1730 78 30 med
826 1730 99 30 bifall
947 1730 50 30 till
1021 1730 121 36 Kungl.
1164 1730 117 39 Maj:ts
1304 1730 130 37 förslag

668 1781 28 39 1)
727 1781 207 36 bemyndiga
955 1781 123 36 Kungl.
1100 1780 101 39 Maj:t
1221 1784 58 32 att,
1303 1781 63 30 där
1387 1781 30 39 ej
1441 1781 185 36 riksdagen
1647 1781 10 30 i
1678 1780 138 31 särskilt

621 1831 62 31 fall
702 1832 122 30 därom
842 1831 178 31 meddelar
1038 1832 120 34 beslut,
1181 1831 165 31 förordna
1367 1841 57 20 om
1445 1832 42 30 de
1505 1831 187 36 ändringar
1710 1831 10 30 i
1741 1840 74 28 per-

621 1882 414 36 sonalförteckningarna,
1058 1891 73 21 som
1154 1881 199 32 föranledas
1372 1892 42 21 av
1436 1882 66 30 den
1525 1882 178 30 allmänna
1723 1882 92 29 löne-

620 1932 220 36 regleringen,

666 1982 30 39 2)
727 1982 208 36 bemyndiga
963 1982 122 36 Kungl.
1116 1982 100 38 Maj:t
1242 1985 58 32 att,
1328 1983 64 30 där
1418 1981 38 31 så
1485 1982 173 31 erfordras
1688 1983 10 30 i
1727 1991 90 22 sam-

619 2033 95 30 band
736 2033 79 30 med
838 2032 167 37 reglering
1029 2042 42 20 av
1096 2031 351 38 befordringsgången
1471 2032 55 31 för
1548 2032 267 37 biträdesperso-

621 2083 67 36 nal,
712 2082 166 31 förordna
897 2092 58 21 om
975 2082 228 31 överförande
1224 2083 49 30 till
1296 2082 257 37 övergångsstat
1574 2093 43 21 av
1639 2083 146 36 tjänster
1805 2082 11 30 i

620 2133 208 36 lönegraden
841 2129 20 44 A
891 2134 29 34 2,

664 2183 31 39 3)
725 2184 143 34 besluta,
893 2185 48 28 att
965 2186 97 28 extra
1085 2174 173 39 ordinarie
1280 2183 211 38 tjänstemän
1512 2184 11 30 i
1548 2184 203 31 nuvarande
1774 2184 39 29 21

620 2234 209 37 lönegraden
861 2234 78 30 icke
969 2234 116 30 vidare
1117 2234 97 30 skola
1247 2234 175 31 redovisas
1457 2233 12 30 i
1501 2233 311 37 personalförteck-

618 2286 180 36 ningarna,
822 2286 164 29 ävensom
1006 2284 209 37 bemyndiga
1236 2285 122 35 Kungl.
1381 2284 103 36 Maj:t
1506 2287 49 28 att
1576 2284 138 37 vidtaga
1735 2284 78 30 här-

621 2345 43 21 av
689 2335 181 37 betingade
899 2335 188 37 ändringar
1112 2336 12 30 i
1152 2335 477 36 personalförteckningarna,

664 2385 31 39 4)
726 2385 206 37 bemyndiga
953 2385 123 37 Kungl.
1096 2386 101 38 Maj:t
1218 2389 57 33 att,
1298 2386 11 30 i
1331 2386 149 36 enlighet
1501 2387 79 29 med
1600 2386 67 30 vad
1673 2381 19 47 i
1715 2388 100 28 stats-

618 2437 289 36 rådsprotokollet
942 2437 184 35 förordats,
1161 2436 111 30 under
1306 2436 202 36 budgetåret
1545 2432 139 41 1947/48
1718 2434 93 30 med-

619 2487 80 37 giva
728 2488 56 31 det
814 2486 270 32 överskridande
1112 2496 42 21 av
1181 2495 124 28 genom
1334 2486 201 37 riksdagens
1564 2486 113 30 beslut
1705 2485 108 31 maxi-
