2234 2644
781 187 256 30 Bankoutskottets
1058 186 152 29 utlåtande
1232 184 49 31 Nr
1304 186 28 27 6.
1827 183 17 28 1

970 561 69 42 Nr
1071 562 49 41 6.

851 711 106 26 Ankom
976 711 41 26 till
1035 711 152 33 riksdagens
1205 710 85 26 kansli
1308 710 49 26 den
1376 710 33 27 26
1423 710 60 34 juni
1502 709 66 27 1914
1586 709 35 26 kl.
1639 709 16 26 2
1673 718 21 16 e.
1713 718 32 16 m.

446 850 205 45 Utlåtande,
680 851 15 35 i
734 850 195 48 anledning
965 863 44 22 av
1037 849 194 36 verkställd
1257 848 190 47 utredning
1474 847 185 48 angående
1681 846 167 48 publika-

641 917 75 37 tion
744 930 45 23 av
816 915 435 38 konstitutionsutskottets
1277 914 184 48 protokoll.

338 1069 75 36 Vid
456 1071 95 34 1913
588 1072 59 32 års
684 1068 151 49 riksdag
865 1069 146 35 väcktes
1039 1080 44 23 av
1112 1067 85 36 herr
1223 1066 43 36 R.
1295 1066 144 48 Kjellén
1469 1065 84 35 med
1580 1063 266 37 instämmande
1865 1068 107 39 Aotion
1984 1068 31 27 I:
2026 1068 39 27 31

236 1135 47 22 av
323 1121 86 35 herr
435 1119 35 37 8.
506 1119 131 37 Clason
671 1121 143 34 motion
841 1116 42 48 (I:
914 1116 75 46 31),
1018 1118 81 35 däri
1127 1116 250 44 hemställdes,
1410 1121 75 30 »>att
1511 1115 195 47 riksdagen
1733 1117 114 33 måtte
1864 1097 49 76 vid
1950 1097 117 76 ägt

239 1170 194 50 uppdraga
460 1173 37 33 åt
524 1169 236 48 fullmäktige
787 1170 12 35 i
826 1169 359 48 riksgäldskontoret
1211 1172 66 39 att,
1305 1166 95 36 efter
1426 1165 202 37 verkställd
1647 1165 201 47 utredning

241 1234 135 36 genom
415 1222 156 46 lämplig
610 1232 148 36 person,
803 1223 47 45 på
890 1219 376 48 riksgäldskontorets
1305 1216 205 36 bekostnad
1536 1217 74 34 låta
1641 1215 208 47 ombesörja

236 1272 202 48 tryckning
477 1284 43 22 av
560 1271 469 35 konstitutionsutskottets
1056 1269 186 47 protokoll
1270 1268 12 35 i
1310 1267 70 36 den
1408 1270 84 32 mån
1529 1266 130 36 sådant
1694 1273 40 28 är
1765 1265 83 35 med

237 1322 171 49 gällande
435 1320 485 49 tryckfrihetsförordnings
948 1318 233 37 föreskrifter
1208 1317 207 48 förenligt.»

338 1372 321 43 Bankoutskottet,
701 1372 57 34 till
794 1371 114 35 vilket
943 1370 122 35 denna
1096 1370 141 34 motion
1265 1367 228 43 hänvisades,
1522 1366 211 36 inhämtade
1761 1365 89 35 full-

240 1423 182 47 mäktiges
449 1423 12 33 i
488 1421 358 49 riksgäldskontoret
876 1420 174 49 yttrande
1078 1427 87 28 över
1193 1419 222 42 densamma,
1445 1416 161 36 varefter
1632 1417 179 35 utskottet
1838 1418 11 33 i

240 1472 192 37 utlåtande
459 1485 46 22 nr
533 1473 45 34 28
607 1471 166 44 anförde,
802 1471 112 36 bland
941 1475 125 39 annat,
1095 1475 54 30 att
1177 1470 182 35 utskottet
1386 1469 12 34 i
1426 1468 116 35 likhet
1570 1467 84 35 med
1673 1466 174 36 fullmäk-

238 1525 78 46 tige
343 1522 129 44 funne,
502 1528 64 38 att,
595 1522 122 35 därest
744 1535 45 22 en
818 1521 112 36 sådan
958 1521 235 47 publikation
1220 1532 78 23 som
1326 1519 70 35 den
1423 1531 44 22 av
1494 1518 230 35 motionären
1752 1516 97 35 före-

239 1574 129 47 slagna
395 1575 154 45 ansåges
575 1573 91 35 böra
693 1573 146 35 komma
866 1572 57 34 till
951 1571 119 43 stånd,
1099 1571 125 35 beslut
1251 1570 223 35 därutinnan
1501 1567 114 36 borde
1638 1567 144 48 föregås
1805 1579 45 23 av

239 1624 210 48 sakkunnig
488 1622 202 49 utredning
730 1622 155 37 rörande
926 1621 71 36 den
1034 1620 216 50 ifrågasatta
1277 1620 300 49 publikationens
1605 1616 150 48 omfång
1781 1617 68 36 och

240 1674 249 36 kostnaderna
529 1673 57 37 för
627 1674 223 35 densamma.
903 1673 97 36 Utan
1041 1677 54 31 att
1136 1671 155 36 sålunda
1326 1670 58 36 för
1428 1670 61 35 det
1530 1669 204 36 dåvarande
1761 1669 87 46 vilja

239 1726 116 35 inlåta
395 1726 56 47 sig
491 1727 47 45 på
578 1723 131 49 frågan
745 1737 60 22 om
843 1728 133 44 nyttan
1005 1723 69 36 och
1102 1722 216 50 betydelsen
1345 1735 43 22 av
1416 1734 45 22 en
1489 1720 104 49 dylik
1620 1720 229 47 publikation

243 1778 133 45 ansåge
405 1776 182 35 utskottet
615 1776 58 46 sig
699 1775 89 36 böra
814 1775 185 47 tillstyrka
1026 1787 45 22 en
1100 1773 204 47 utredning
1329 1773 13 35 i
1370 1777 136 30 ämnet.

340 1825 84 36 Med
463 1824 106 37 bifall
609 1827 58 33 till
708 1825 201 35 utskottets
946 1824 127 35 därom
1105 1823 131 48 gjorda
1263 1823 219 35 hemställan
1510 1821 118 35 beslöt
1655 1819 194 48 riksdagen

241 1875 194 49 uppdraga
462 1878 37 32 åt
524 1875 238 47 fullmäktige
789 1876 13 34 i
826 1874 357 48 riksgäldskontoret
1210 1878 65 38 att,
1305 1872 83 35 med
1408 1870 187 37 anlitande
1614 1883 43 22 av
1675 1869 175 48 förslags-

241 1926 165 48 anslaget
432 1926 59 35 till
518 1924 383 49 riksdagskostnader,
926 1925 75 35 låta
1027 1925 58 34 till
1120 1925 96 34 1914
1245 1927 57 31 års
1329 1922 149 47 riksdag
1504 1921 195 35 verkställa
1727 1919 123 36 utred-

238 1978 95 45 ning
372 1976 189 45 angående
602 1974 275 49 omfattningen
917 1988 43 22 av
992 1975 69 35 och
1088 1973 249 36 kostnaderna
1364 1971 56 36 för
1448 1985 45 22 en
1521 1971 242 48 publikation,
1792 1982 59 22 av-

239 2026 92 36 sedd
371 2031 54 30 att
465 2025 157 37 omfatta
653 2026 474 36 konstitutionsutskottets
1159 2023 184 49 protokoll
1376 2021 58 37 för
1461 2021 103 36 tiden
1594 2021 257 41 1810—1866,

238 2078 13 34 i
288 2077 72 35 den
396 2079 85 33 mån
518 2076 131 36 sådant
684 2089 88 23 vore
799 2076 84 35 med
910 2075 172 48 gällande
1110 2072 485 51 tryckfrihetsförordnings
1623 2069 229 37 föreskrifter

241 2126 189 49 förenligt,
459 2132 96 31 samt
578 2126 58 36 för
658 2126 199 48 riksdagen
877 2125 206 48 framlägga
1101 2126 195 34 resultatet
1314 2137 44 22 av
1377 2122 244 37 omförmälda
1641 2121 209 46 utredning.

340 2177 85 36 Med
465 2179 148 34 erinran
654 2178 130 35 härom
824 2177 92 35 hava
956 2175 236 48 fullmäktige
1229 2177 12 33 i
1277 2175 174 35 skrivelse
1484 2172 71 36 den
1585 2175 19 32 2
1634 2173 92 46 april
1757 2173 93 33 1914

240 2227 196 43 meddelat,
479 2232 55 31 att
573 2227 237 48 fullmäktige
847 2227 71 35 den
956 2228 44 34 15
1030 2226 71 47 maj
1135 2227 95 34 1913
1259 2224 201 49 uppdragit
1488 2227 37 31 åt
1553 2221 211 49 professorn
1791 2221 62 34 vid

344 2285 115 37 Bihang
481 2285 46 29 till
547 2294 103 19 senare
672 2285 170 38 riksdagens
860 2284 146 37 protokoll
1030 2284 90 29 1914.
1165 2284 19 28 8
1206 2283 83 29 saml.
1334 2283 18 26 4
1374 2281 74 36 häft.
1492 2279 64 39 (Nr
1578 2277 107 40 6—7.)
1752 2277 13 29 4
