2218 2671
427 192 18 31 6
889 189 274 32 Bankoutskottets
1185 188 164 31 memorial
1371 186 52 32 Nr
1445 188 27 30 2.

1249 268 210 51 Transport
1489 268 138 36 kronor
1656 267 237 48 25,850,790:
1915 276 41 26 07

511 326 195 49 Härjämte
744 325 97 37 hava
869 323 154 52 jämlikt
1050 323 266 49 reglementets
1345 323 21 35 3
1396 320 21 51 $
1444 320 12 37 i

386 379 207 49 anledning
614 392 44 23 av
678 377 262 51 upptagandet
960 391 45 23 av
1024 376 123 38 nedan
1166 375 164 37 nämnda
1345 380 110 31 stats-

383 435 60 35 lån
484 432 119 37 under
644 434 39 34 år
727 433 97 35 1912
857 430 58 37 till
941 431 141 44 fonden
1104 430 65 44 för
1195 429 262 36 statsskuldens

385 487 216 45 amortering
633 489 139 32 avsatts
801 483 165 50 följande
994 481 307 50 anslagsbelopp:

386 542 58 35 3.6
477 537 40 43 ”/)
545 538 156 37 lånet
768 569 120 4 m.m.
990 568 2 4 ..
1036 536 139 36 kronor
1205 535 174 46 762,821:
1400 543 42 27 28

389 593 96 36 1888
515 594 58 34 års
600 590 63 37 lån
722 622 97 4 sossscos
897 618 108 8 omen
1090 601 17 23 =D
1207 588 239 46 159,600:
1413 582 35 56 —

389 647 98 35 1894
536 657 17 23 »
626 656 17 24 PB
746 675 96 4 sn.
942 673 64 5 un
1207 640 173 47 147,204:
1397 661 50 4 —

390 699 97 35 1900
534 709 19 23 >
625 709 171 23 Mons
872 726 110 5 serenen
1091 706 18 23 »
1207 693 174 46 181,600:
1401 713 43 4 —

390 750 96 36 1904
536 760 17 25 »
624 759 18 25 OP
782 777 224 7 ennen
1090 757 17 24 I
1208 744 239 47 120,000:
1413 740 39 55 —

390 803 96 36 1906
536 814 18 23 »
627 813 17 23 PM
724 831 284 5 dassssnnsnvnnneenn
1093 811 17 23 ND
1209 797 173 44 144,000:
1402 816 44 6 —

390 855 98 37 1908
537 866 17 24 »
627 866 89 23 >».
829 883 180 6 ee
1093 863 18 23 »
1207 850 176 47 212,400:
1399 870 51 5 —

391 908 96 36 1911
538 919 18 24 »
629 919 17 23 »
702 938 121 4 sunnenn
982 937 26 4 a
1093 915 18 24 D
1208 902 174 44 360,000:
1401 922 47 4 —
1546 922 17 23 »
1687 907 212 47 2,147,625:
1922 916 56 26 28.

521 977 156 37 Summa
704 976 246 49 anvisningar
979 977 39 34 år
1050 976 95 35 1912
1176 973 55 36 till
1259 977 106 31 ränta
1387 955 76 53 och

391 1030 232 50 amortering
652 1032 20 34 å
700 1029 72 37 den
802 1028 203 37 fonderade
1034 1025 253 38 statsskulden.
1319 1056 59 4 .........
1458 1025 174 35 kronor
1660 1022 239 49 27,998,415:
1924 1031 56 26 35.

167 1171 39 22 De
230 1170 143 30 fonderade
520 1162 89 37 Dels
646 1175 139 35 genom
814 1159 229 37 verkställda
1072 1158 285 48 amorteringar,
1387 1156 78 37 dels
1494 1156 69 37 ock
1591 1168 138 36 genom
1758 1151 227 51 försäljning

174 1204 191 67 FRA
393 1229 46 23 av
468 1228 75 36 nya
571 1213 252 64 obligationer
850 1212 68 35 har
946 1210 386 50 riksgäldskontorets
1360 1208 256 50 kapitalskuld
1644 1207 58 36 för
1722 1206 44 36 de
1781 1206 204 43 fonderade

202 1276 84 58 under
306 1275 30 58 är
391 1269 200 36 statslånen
619 1266 119 36 under
766 1268 39 33 år
836 1265 97 35 1912
961 1241 203 71 undergått
1194 1261 165 50 följande
1388 1260 280 48 förändringar:

303 1329 5 5 |
1389 1325 114 44 Kronor.
1738 1326 116 27 Kronor.

394 1376 89 40 35/4.
518 1373 260 46 procentlånet,
823 1384 115 23 varav
982 1369 64 36 vid
1090 1370 96 34 1912
1229 1371 58 33 års

445 1425 133 50 början
619 1437 67 23 var
725 1422 225 51 utelöpande
992 1426 53 32 ett
1077 1420 137 50 belopp
1244 1432 46 24 av

446 1477 229 48 84,757,920
726 1475 148 49 kronor,
929 1474 69 37 har
1046 1473 120 37 under
1211 1475 80 33 året

446 1543 138 36 genom
630 1528 225 49 försäljning
895 1541 47 23 av
983 1525 251 50 obligationer
1271 1527 20 33 å

448 1583 137 47 61,000
614 1581 140 36 kronor
782 1580 109 37 ökats
920 1579 95 37 till...
1118 1609 14 4 -
1294 1607 82 5 NNE
1422 1607 37 5 oa
1595 1574 313 47 84,818,920:
1926 1593 48 5 —

394 1611 113 62 1880
524 1637 60 34 års
613 1634 57 37 till
694 1633 74 41 3'/>;
781 1637 150 43 procent
951 1608 250 81 avstämplade
1209 1608 82 66 lån,

446 1700 116 24 varav
611 1684 184 38 utfärdats
847 1691 56 30 tre
949 1683 232 46 emissioner,
1228 1695 66 22 var

447 1739 71 38 och
555 1752 45 24 en
629 1741 20 34 å
679 1738 228 48 39,930,000
945 1737 149 45 kronor,
1129 1740 164 31 motsva-

447 1792 118 36 rande
611 1792 125 47 2,200,
731 1768 83 59 :000
856 1789 104 49 pund
1002 1787 161 49 sterling
1203 1786 89 37 eller

450 1845 150 47 55,440,
605 1821 73 60 000
703 1820 125 59 francs
848 1840 88 38 eller
954 1840 230 48 44.880,000
1199 1838 95 37 riks-

449 1870 118 80 mark,
592 1873 72 60 har
693 1899 220 33 amorterats
941 1870 85 59 2
1102 1923 178 5 RA
1324 1891 212 48 2,595,450:
1557 1911 46 6 —

399 1950 70 36 och
498 1926 222 111 därigenom
748 1947 185 36 minskats
962 1945 94 36 tilll.
1134 1975 62 4 ssccce.
1262 1973 340 6 secure
1674 1940 304 48 10,738,501:
1949 1936 31 59 —

398 2005 107 35 1886
548 2004 60 34 års
653 1999 74 42 3'/»
764 2003 152 43 procent
958 1999 70 43 lån,
1074 1975 160 71 upplagt
1276 1998 20 33 å

452 2055 149 47 72.000,
605 2026 74 64 000
695 2052 139 37 kronor
853 2050 89 38 eller
960 2050 227 47 81,000,000
1202 2047 95 37 riks-

452 2079 116 80 mark,
620 2118 115 23 varav
786 2104 207 36 emitterats
1044 2078 253 70 sammanlagt

453 2160 59 46 64,
518 2135 71 60 546
595 2160 84 46 ,222
723 2157 140 36 kronor
892 2157 46 34 22
969 2160 73 41 öre,
1080 2154 67 36 har
1176 2166 120 23 amor-

451 2188 117 60 terats
595 2183 60 79 med
684 2209 29 37 .
1057 2237 235 5 nn
1364 2204 175 48 444.000:
1559 2224 43 4 —

402 2264 69 36 och
501 2241 224 70 därigenom
733 2239 189 71 ”nedgått
930 2239 96 57 Tål
1030 2291 38 4 np
1122 2289 29 5 n0
1188 2289 30 5 0
1272 2288 123 5 breda
1427 2287 25 5 kr
1465 2286 92 5 annan
1572 2285 44 5 ER
1675 2254 238 46 56,439,111:
1936 2262 40 25 11

1089 2311 208 58 Transport
1326 2320 21 34 3
1352 2283 97 89 039,
1443 2310 96 43 450:
1557 2337 49 5 —
1613 2307 301 55 212,016,532:
1937 2305 55 43 11
