2211 2681
432 137 40 32 24
819 137 357 43 Bevillningsutskottets
1202 136 207 33 Betänkande
1433 136 51 33 Nr
1508 137 51 32 40.

1242 217 209 51 Transport
1478 218 141 37 kronor
1650 219 262 47 149,250,000:
1933 241 45 4 —

516 324 239 37 Beträffande
784 324 72 37 den
884 324 144 51 viktiga
1057 325 131 48 frågan
1220 337 60 23 om
1308 329 74 32 rätt
1401 324 57 36 till
1478 324 141 49 afdrag

388 378 57 35 för
480 377 198 50 utskylder
707 377 68 37 har
802 376 419 51 bevillningsutskottet
1249 378 11 36 i
1289 377 63 38 sitt
1379 377 238 38 betänkande

387 444 44 22 ur
460 432 46 35 29
537 430 125 37 anfört
689 430 12 36 i
729 430 214 37 bufvudsak
974 430 176 50 följande.

515 483 16 36 I
573 482 206 51 anledning
820 483 40 37 af
897 488 54 32 ett
996 483 193 37 uttalande
1242 483 41 37 af
1325 483 293 37 kammarrätten

386 536 141 48 därom,
562 541 55 31 att
645 536 276 50 skattskyldigs
952 539 20 35 å
999 537 138 36 krono-
1168 537 69 37 och
1265 536 352 38 kommunaldebet-

386 589 122 37 sedlar
549 594 197 45 upptagna
786 589 196 50 utskylder
1023 589 117 37 borde
1175 589 237 49 undantagas
1442 589 84 37 från
1554 589 63 37 be-

387 642 209 50 skattning,
638 642 96 37 hade
778 641 132 38 chefen
946 642 58 37 för
1033 642 436 50 finansdepartementet,
1499 642 119 38 under

386 695 269 48 medgifvande
697 708 34 23 ar
774 695 232 49 befogenhet
1050 695 40 36 af
1129 695 122 37 denna
1294 696 159 47 erinran,
1498 695 120 37 tillika

386 747 207 36 framhållit
635 747 73 36 den
750 747 305 37 statsfinansiella
1095 747 219 50 betydelsen
1348 748 41 36 af
1414 752 53 31 ett
1496 748 121 49 dylikt

385 800 145 49 afdrag.
591 800 217 50 Utskylder,
851 800 127 37 därför
1007 800 135 50 afdrag
1179 800 120 38 skulle
1327 800 287 50 ifrågakomma,

385 853 216 48 öfverstege
644 866 87 35 nog,
775 854 122 48 enligt
925 853 434 50 departementschefens
1389 853 226 49 antagande,

384 905 280 50 sammanlagdt
694 907 252 47 100,000,000
966 906 151 36 kronor.
1166 906 171 50 Afginge
1357 906 103 37 detta
1478 905 138 51 belopp

385 959 81 36 från
496 958 284 49 sammanlagda
807 959 357 49 beskattningsbara
1193 959 258 37 inkomsterna
1475 958 12 37 i
1488 957 127 52 riket,

384 1014 120 34 måste
532 1024 87 23 man
648 1011 220 50 antagligen
895 1012 118 36 räkna
1041 1012 85 36 med
1151 1025 47 24 en
1217 1011 181 51 nedgång
1416 1012 11 36 i
1448 1011 72 37 den
1540 1026 77 35 nya

385 1064 170 37 skattens
598 1064 227 49 afkastning
865 1064 86 37 med
988 1064 82 37 icke
1100 1067 39 34 så
1167 1065 82 37 litet
1278 1066 106 36 öfver
1412 1066 203 47 2,000,000

384 1117 150 36 kronor.
590 1117 74 36 För
707 1122 55 31 att
802 1117 128 36 kunna
971 1117 140 37 erhålla
1150 1117 145 50 fyllnad
1324 1117 141 48 härför,
1494 1117 122 37 skulle

383 1183 87 22 man
519 1172 78 33 åter
638 1169 147 49 nödgas
827 1170 88 48 höja
958 1170 428 49 skatteprogressionen.
1455 1170 17 36 I
1513 1171 102 35 valet

383 1221 136 37 mellan
561 1235 45 23 en
648 1221 116 37 sådan
806 1222 134 49 åtgärd
983 1222 89 36 eller
1120 1227 119 32 status
1278 1235 72 35 quo
1378 1223 12 35 i
1419 1223 108 48 fråga
1556 1235 59 23 om

382 1273 196 50 utskylder
593 1273 96 37 hade
705 1273 415 51 departementechefen
1139 1274 79 37 valt
1242 1275 71 37 den
1333 1288 130 24 senare
1478 1279 135 45 vägen.

382 1326 135 37 Denna
545 1327 107 48 fråga
680 1326 96 37 hade
809 1326 112 37 äfven
950 1326 144 38 berörts
1122 1328 12 35 i
1163 1327 101 37 vissa
1292 1327 195 48 motioner,
1508 1327 108 37 hvari

381 1379 132 49 yrkats
555 1379 115 36 sådan
699 1379 175 50 ändring,
905 1385 53 31 att
986 1380 258 49 skattskyldig
1271 1379 258 50 berättigades
1558 1381 57 35 till

382 1431 135 49 afdrag
545 1431 59 37 för
631 1431 207 50 utskylder.
882 1432 132 49 Enligt
1032 1432 204 37 utskottets
1258 1433 242 37 förmenande
1519 1433 96 36 hade

382 1484 62 37 det
472 1484 98 36 varit
595 1484 6 36 i
621 1484 78 49 hög
725 1484 95 49 grad
841 1484 219 48 önskvärdt,
1081 1489 53 32 att
1154 1485 62 36 vid
1238 1485 71 37 den
1329 1499 49 23 nu
1400 1485 215 49 föreslagna

382 1537 301 48 omläggningen
704 1537 40 36 af
756 1536 466 51 inkomstbeskattningen
1239 1538 72 36 den
1325 1538 289 49 ifrågavarande

381 1589 292 48 afdragsrättep,
716 1589 113 36 hvars
862 1590 234 49 principiella
1124 1590 232 49 befogenhet
1387 1590 108 37 torde
1522 1604 92 23 vara

382 1641 220 48 oomstridd,
623 1642 146 36 kunnat
788 1642 255 49 genomföras,
1064 1648 88 31 utan
1175 1648 55 31 att
1248 1642 180 38 behofvet
1447 1643 42 37 af
1505 1647 109 33 stats-

381 1693 208 37 inkomster
617 1694 119 36 under
765 1694 71 37 den
861 1698 190 33 närmaste
1071 1694 201 38 framtiden
1292 1695 131 37 därvid
1443 1696 170 36 tillmätts

381 1746 208 48 afgörande
616 1746 204 49 betydelse.
867 1746 128 37 Under
1023 1748 217 36 nuvarande
1260 1748 260 37 förhållanden
1540 1748 73 36 till-

381 1798 132 36 trodde
542 1798 61 49 sig
622 1798 183 37 utskottet
833 1799 115 37 likväl
968 1799 81 37 icke
1069 1805 54 31 att
1143 1800 188 49 tillstyrka
1350 1800 105 37 bifall
1475 1801 56 36 till
1551 1800 63 37 det

381 1850 40 37 af
438 1851 277 36 motionärerna
734 1851 232 37 framställda
980 1852 186 49 yrkandet
1180 1852 11 37 i
1208 1852 84 37 hela
1307 1852 85 37 dess
1408 1853 101 48 vidd,
1526 1867 85 24 men

381 1904 57 35 för
466 1908 55 31 att
548 1903 12 36 i
589 1908 139 31 största
756 1904 157 49 möjliga
941 1904 234 49 omfattning
1202 1905 209 49 undanröja
1431 1906 45 37 de
1496 1911 116 31 orätt-

380 1956 102 36 visor
510 1956 11 35 i
541 1955 249 38 förevarande
815 1957 184 47 afseende,
1031 1970 92 34 som,
1145 1957 125 37 därest
1289 1958 95 36 intet
1404 1958 134 49 afdrag
1557 1959 58 36 för

381 2008 155 48 erlagda
556 2007 201 50 utskylder
770 2009 233 48 medgåfves,
1025 2009 120 37 skulle
1165 2009 214 38 föranledas
1396 2010 41 37 af
1448 2011 45 36 de
1511 2017 101 31 stora

382 2060 284 48 ojämnheterna
694 2060 12 36 i
734 2060 73 37 den
836 2061 240 37 kommunala
1104 2062 305 49 beskattningen,
1439 2063 96 37 hade
1554 2068 58 32 ut-

383 2113 140 37 skottet
557 2117 123 32 ansett
709 2113 61 49 sig
797 2114 90 36 böra
915 2128 49 22 nu
994 2115 198 36 hemställa
1221 2128 60 23 om
1310 2115 73 36 den
1412 2115 161 50 ändring
1600 2116 13 36 i

383 2168 45 34 10
471 2164 32 49 $,
547 2171 53 30 att
641 2165 136 50 afdrag
818 2167 220 48 medgåfves
1082 2168 57 35 för
1181 2167 71 36 alla
1286 2167 195 49 utskylder
1508 2174 102 31 utom

1236 2228 207 50 Transport
1472 2230 139 36 kronor
1644 2232 261 47 149,250,000:
1923 2224 49 34 —
