1828 2782
542 161 253 31 Slatsutskottets
819 161 162 30 utlåtande
1004 170 39 19 nr
1065 159 25 30 4.
1523 161 39 31 15

130 245 96 35 17:0)
256 246 147 32 Armén:
428 246 217 39 Avlöningar
667 245 54 32 till
744 245 168 41 personal
934 247 12 28 i
969 245 141 31 arméns
1133 254 160 20 reserver
1315 254 47 19 m.
1387 242 40 31 fl.
1465 241 13 29 I
1502 250 57 20 en-

74 300 106 39 lighet
200 300 79 29 med
300 299 125 39 Kungl.
447 298 123 39 Maj:ts
592 298 132 39 förslag
751 297 130 40 (punkt
902 297 52 34 23,
977 306 25 21 s.
1024 296 73 35 43),
1119 295 239 31 innebärande
1380 304 42 21 en
1443 303 42 21 av
1504 295 56 29 be-

75 353 197 39 lastningen
299 353 20 29 å
345 352 158 39 anslaget
530 352 183 29 föranledd
742 350 291 40 anslagshöjning
1060 359 41 20 av
1129 349 63 30 400
1207 348 62 30 000
1298 349 140 33 kronor,
1466 349 94 28 hem-

73 407 118 29 ställer
217 406 179 34 utskottet,

381 461 51 28 att
453 458 188 40 riksdagen
661 458 59 30 må
741 458 52 30 till
814 456 149 31 Armén:
985 456 214 39 Avlöningar
1221 456 53 30 till
1292 455 164 41 personal
1476 455 11 29 i
1507 463 53 21 ar-

337 513 100 29 méns
464 519 154 23 reserver
644 521 46 21 m.
717 511 39 40 fl.
784 511 54 30 för
864 510 205 40 budgetåret
1098 509 141 31 1954/55
1268 509 120 30 anvisa
1416 510 48 29 ett
1492 509 68 28 för-

339 565 216 41 slagsanslag
582 574 41 21 av
652 564 97 30 4400
764 563 62 31 000
855 565 141 29 kronor.

129 673 97 34 18:0)
256 674 147 31 Armén:
429 672 458 41 Rekryteringskostnader.
925 672 148 30 Armén:
1099 671 460 40 Ekiperingsersättningar.

74 728 12 28 I
110 726 154 40 enlighet
286 727 79 29 med
388 726 126 39 Kungl.
539 725 123 40 Maj:ts
686 725 132 39 förslag
846 725 218 40 (punkterna
1087 724 42 29 24
1153 723 65 31 och
1242 723 51 35 25,
1318 732 25 20 s.
1367 722 74 35 44),
1464 723 96 29 inne-

72 781 154 29 bärande
248 780 233 30 oförändrade
503 779 266 39 anslagsbelopp
792 778 64 30 och
877 778 222 29 beträffande
1121 776 438 41 ekiperingsersättningen

73 834 179 29 dessutom
276 833 233 30 oförändrade
532 832 162 39 grunder,
719 831 203 30 hemställer
945 831 180 34 utskottet,

382 888 51 28 att
457 886 185 39 riksdagen
666 885 59 30 må
748 885 54 30 för
826 884 205 40 budgetåret
1056 884 141 31 1954/55
1222 884 120 30 anvisa

382 941 36 32 a)
450 940 51 29 till
522 939 146 29 Armén:
691 937 443 39 Rekryteringskostnader
1156 939 49 28 ett
1226 937 272 39 förslagsanslag
1520 945 40 21 av

338 993 40 29 55
394 992 64 30 000
483 992 143 35 kronor;

382 1047 38 33 b)
451 1046 50 29 till
522 1045 147 30 Armén:
690 1044 447 41 Ekiperingsersättningar
1158 1046 48 28 ett
1227 1044 272 39 förslagsanslag
1520 1052 40 21 av

338 1101 18 28 2
371 1099 63 30 600
449 1098 63 30 000
537 1098 140 30 kronor.

131 1207 97 33 19:0)
257 1208 148 31 Armén:
442 1208 217 39 Avlöningar
695 1207 51 31 till
783 1208 67 29 viss
886 1206 320 40 arbetarpersonal.
1245 1205 13 29 I
1295 1205 152 39 enlighet
1482 1205 78 29 med

75 1261 125 39 Kungl.
220 1260 121 39 Maj:ts
361 1261 132 38 förslag
518 1260 129 40 (punkt
666 1260 52 34 26,
739 1269 25 20 s.
785 1258 163 35 44—46),
968 1258 237 30 innebärande
1225 1268 42 19 en
1287 1258 274 39 anslagsminsk-

75 1315 83 38 ning
181 1323 42 21 av
249 1314 92 29 1500
356 1313 63 29 000
444 1313 138 34 kronor,
608 1322 75 20 som
708 1313 184 29 föranletts
917 1322 42 20 av
983 1322 42 19 en
1049 1312 205 38 minskning
1278 1321 40 21 av
1342 1311 219 40 personalbe-

74 1368 100 28 hovet
201 1367 79 29 från
307 1368 11 27 1
337 1367 63 29 830
425 1367 52 29 till
503 1366 91 29 1647
619 1375 93 25 man,
737 1365 203 30 hemställer
964 1365 179 33 utskottet,

384 1422 50 27 att
458 1420 186 38 riksdagen
669 1419 59 29 må
752 1419 51 29 till
826 1418 148 29 Armén:
1000 1418 213 39 Avlöningar
1239 1418 51 30 till
1315 1418 69 29 viss
1409 1418 152 29 arbetar-

337 1473 165 39 personal
527 1473 52 29 för
603 1472 205 39 budgetåret
836 1471 140 30 1954/55
1003 1472 119 29 anvisa
1150 1473 46 27 ett
1223 1471 272 38 förslagsanslag
1520 1480 40 20 av

340 1527 38 28 15
394 1526 62 29 000
472 1525 61 29 000
559 1526 140 28 kronor.

342 1667 296 29 AVLÖNINGAR
674 1669 40 26 M.
740 1667 39 28 M.
803 1668 104 27 TILL
941 1667 359 27 VÄRNPLIKTIGA.

132 1739 98 33 20:0)
260 1740 147 30 Armén:
438 1740 216 38 Avlöningar
683 1750 47 19 m.
761 1750 46 19 m.
837 1739 53 30 till
918 1738 248 40 värnpliktiga.
1210 1738 124 38 Kungl.
1365 1737 105 39 Maj:t
1498 1737 63 29 har

75 1793 180 37 föreslagit
275 1793 187 38 riksdagen
489 1792 128 39 (punkt
639 1792 51 33 27,
714 1801 25 19 s.
761 1790 146 34 46.-—48)
935 1792 50 28 att
1006 1791 72 29 dels
1100 1791 159 38 medgiva
1282 1791 217 39 utbetalning
1520 1799 41 21 av

77 1846 286 38 tilläggspremier
388 1845 50 29 till
459 1845 92 29 vissa
572 1844 235 39 värnpliktiga
830 1845 8 28 i
862 1843 153 38 enlighet
1036 1844 79 29 med
1136 1844 67 29 vad
1225 1843 337 40 departementsche-

77 1899 54 28 fen
154 1899 8 27 i
185 1898 382 39 statsrådsprotokollet
587 1898 80 28 över
689 1896 311 30 försvarsärenden
1022 1896 53 29 för
1097 1897 66 28 den
1184 1896 19 29 4
1224 1896 141 39 januari
1389 1896 83 30 1954
1493 1896 68 30 för-

76 1952 110 33 ordat,
210 1951 72 29 dels
306 1951 62 29 ock
393 1951 51 28 till
469 1950 142 29 Armén:
638 1950 212 37 Avlöningar
873 1959 45 19 m.
943 1959 43 19 m.
1014 1950 47 28 till
1085 1948 235 41 värnpliktiga
1344 1949 54 29 för
1421 1949 141 38 budget-

76 2004 72 29 året
170 2003 138 31 1954/55
329 2005 120 27 anvisa
470 2005 46 27 ett
537 2003 272 38 förslagsanslag
829 2012 41 19 av
891 2002 39 29 47
947 2002 61 29 600
1024 2002 60 28 000
1106 2003 139 28 kronor.

130 2111 128 29 Vidare
278 2110 62 29 har
362 2111 7 28 i
392 2119 41 20 en
455 2111 94 28 inom
571 2110 109 29 andra
702 2109 205 29 kammaren
930 2119 41 19 av
993 2109 118 29 herrar
1131 2109 178 29 Senander
1331 2110 63 29 och
1415 2110 147 29 Johans-

76 2173 61 18 son
163 2164 7 28 i
196 2163 198 29 Stockholm
417 2162 102 30 väckt
542 2162 131 29 motion
703 2162 61 29 (II:
782 2162 57 32 35)
866 2162 207 33 hemställts,
1097 2164 49 27 att
1169 2162 186 38 riksdagen
1379 2162 107 30 måtte
1507 2163 55 28 be-

77 2217 101 32 sluta,
199 2217 50 27 att
267 2225 40 19 en
327 2215 374 39 utryckningspremie,
721 2215 176 29 beräknad
919 2214 87 29 efter
1026 2224 38 19 en
1086 2215 109 28 krona
1216 2224 60 29 per
1296 2215 266 38 tjänstgörings-

78 2270 75 36 dag,
183 2269 170 28 utbetalas
382 2268 50 28 till
462 2268 40 29 de
530 2267 245 38 värnpliktiga.

134 2321 223 28 Beträffande
384 2320 249 37 motiveringen
663 2319 163 30 hänvisas
853 2320 50 28 till
930 2320 187 28 motionen.

133 2427 163 37 Anslaget
324 2428 35 27 är
389 2427 52 28 för
470 2427 233 28 innevarande
731 2426 167 37 budgetår
927 2426 138 38 uppfört
1095 2427 77 29 med
1200 2426 34 28 51
1256 2426 62 29 000
1333 2426 62 30 000
1423 2427 138 29 kronor.

134 2480 391 39 Departementschefen
557 2479 129 29 räknar
718 2480 75 28 med
826 2489 40 18 en
899 2479 68 28 viss
999 2479 202 39 minskning
1231 2489 40 20 av
1302 2481 260 38 repetitionsöv-
