<?xml version="1.0" encoding="UTF-8"?>
<alto xmlns="http://www.loc.gov/standards/alto/ns-v3#" xmlns:xlink="http://www.w3.org/1999/xlink" xmlns:xsi="http://www.w3.org/2001/XMLSchema-instance" xsi:schemaLocation="http://www.loc.gov/standards/alto/ns-v3# http://www.loc.gov/alto/v3/alto-3-0.xsd">
	<Description>
		<MeasurementUnit>pixel</MeasurementUnit>
		<sourceImageInformation>
			<fileName>/tmp/tess_x7pnqdos_input.PNG</fileName>
		</sourceImageInformation>
		<OCRProcessing ID="OCR_0">
			<ocrProcessingStep>
				<processingSoftware>
					<softwareName>tesseract 5.3.0</softwareName>
				</processingSoftware>
			</ocrProcessingStep>
		</OCRProcessing>
	</Description>
	<Layout>
		<Page WIDTH="2218" HEIGHT="2642" PHYSICAL_IMG_NR="0" ID="page_0">
			<PrintSpace HPOS="0" VPOS="0" WIDTH="2218" HEIGHT="2642">
				<ComposedBlock ID="cblock_0" HPOS="447" VPOS="235" WIDTH="1154" HEIGHT="42">
					<TextBlock ID="block_0" HPOS="447" VPOS="235" WIDTH="1154" HEIGHT="42">
						<TextLine ID="line_0" HPOS="447" VPOS="235" WIDTH="1154" HEIGHT="42">
							<String ID="string_0" HPOS="447" VPOS="235" WIDTH="21" HEIGHT="30" WC="0.97" CONTENT="4"/><SP WIDTH="332" VPOS="235" HPOS="468"/>
							<String ID="string_1" HPOS="800" VPOS="239" WIDTH="412" HEIGHT="35" WC="0.89" CONTENT="Konstitutionsutskottets"/><SP WIDTH="32" VPOS="239" HPOS="1212"/>
							<String ID="string_2" HPOS="1244" VPOS="243" WIDTH="177" HEIGHT="33" WC="0.96" CONTENT="Utlåtande"/><SP WIDTH="27" VPOS="243" HPOS="1421"/>
							<String ID="string_3" HPOS="1448" VPOS="245" WIDTH="65" HEIGHT="31" WC="0.96" CONTENT="N:o"/><SP WIDTH="29" VPOS="245" HPOS="1513"/>
							<String ID="string_4" HPOS="1542" VPOS="248" WIDTH="59" HEIGHT="29" WC="0.95" CONTENT="14."/>
						</TextLine>
					</TextBlock>
				</ComposedBlock>
				<ComposedBlock ID="cblock_1" HPOS="390" VPOS="314" WIDTH="1592" HEIGHT="686">
					<TextBlock ID="block_1" HPOS="391" VPOS="314" WIDTH="1591" HEIGHT="364">
						<TextLine ID="line_1" HPOS="496" VPOS="314" WIDTH="1485" HEIGHT="68">
							<String ID="string_5" HPOS="496" VPOS="314" WIDTH="125" HEIGHT="38" WC="0.95" CONTENT="Sedan"/><SP WIDTH="36" VPOS="314" HPOS="621"/>
							<String ID="string_6" HPOS="657" VPOS="316" WIDTH="134" HEIGHT="50" WC="0.96" CONTENT="högsta"/><SP WIDTH="30" VPOS="316" HPOS="791"/>
							<String ID="string_7" HPOS="821" VPOS="319" WIDTH="211" HEIGHT="38" WC="0.96" CONTENT="domstolen"/><SP WIDTH="30" VPOS="319" HPOS="1032"/>
							<String ID="string_8" HPOS="1062" VPOS="325" WIDTH="40" HEIGHT="34" WC="0.96" CONTENT="år"/><SP WIDTH="31" VPOS="325" HPOS="1102"/>
							<String ID="string_9" HPOS="1133" VPOS="325" WIDTH="94" HEIGHT="34" WC="0.96" CONTENT="1861"/><SP WIDTH="31" VPOS="325" HPOS="1227"/>
							<String ID="string_10" HPOS="1258" VPOS="323" WIDTH="124" HEIGHT="49" WC="0.95" CONTENT="börjat"/><SP WIDTH="27" VPOS="323" HPOS="1382"/>
							<String ID="string_11" HPOS="1409" VPOS="325" WIDTH="129" HEIGHT="37" WC="0.96" CONTENT="arbeta"/><SP WIDTH="27" VPOS="325" HPOS="1538"/>
							<String ID="string_12" HPOS="1565" VPOS="329" WIDTH="49" HEIGHT="46" WC="0.96" CONTENT="på"/><SP WIDTH="27" VPOS="329" HPOS="1614"/>
							<String ID="string_13" HPOS="1641" VPOS="331" WIDTH="62" HEIGHT="33" WC="0.96" CONTENT="två"/><SP WIDTH="28" VPOS="331" HPOS="1703"/>
							<String ID="string_14" HPOS="1731" VPOS="325" WIDTH="250" HEIGHT="57" WC="0.90" CONTENT="afdelningar,"/>
						</TextLine>
						<TextLine ID="line_2" HPOS="394" VPOS="366" WIDTH="1584" HEIGHT="60">
							<String ID="string_15" HPOS="394" VPOS="366" WIDTH="235" HEIGHT="39" WC="0.96" CONTENT="förkortades"/><SP WIDTH="42" VPOS="366" HPOS="629"/>
							<String ID="string_16" HPOS="671" VPOS="370" WIDTH="84" HEIGHT="36" WC="0.96" CONTENT="med"/><SP WIDTH="41" VPOS="370" HPOS="755"/>
							<String ID="string_17" HPOS="796" VPOS="371" WIDTH="131" HEIGHT="49" WC="0.95" CONTENT="hvarje"/><SP WIDTH="33" VPOS="371" HPOS="927"/>
							<String ID="string_18" HPOS="960" VPOS="375" WIDTH="39" HEIGHT="33" WC="0.96" CONTENT="år"/><SP WIDTH="27" VPOS="375" HPOS="999"/>
							<String ID="string_19" HPOS="1026" VPOS="374" WIDTH="75" HEIGHT="36" WC="0.96" CONTENT="den"/><SP WIDTH="28" VPOS="374" HPOS="1101"/>
							<String ID="string_20" HPOS="1129" VPOS="375" WIDTH="65" HEIGHT="47" WC="0.96" CONTENT="tid,"/><SP WIDTH="31" VPOS="375" HPOS="1194"/>
							<String ID="string_21" HPOS="1225" VPOS="389" WIDTH="81" HEIGHT="23" WC="0.93" CONTENT="som"/><SP WIDTH="29" VPOS="389" HPOS="1306"/>
							<String ID="string_22" HPOS="1335" VPOS="377" WIDTH="138" HEIGHT="49" WC="0.91" CONTENT="åtgick,"/><SP WIDTH="29" VPOS="377" HPOS="1473"/>
							<String ID="string_23" HPOS="1502" VPOS="377" WIDTH="115" HEIGHT="38" WC="0.96" CONTENT="innan"/><SP WIDTH="30" VPOS="377" HPOS="1617"/>
							<String ID="string_24" HPOS="1647" VPOS="392" WIDTH="46" HEIGHT="24" WC="0.93" CONTENT="en"/><SP WIDTH="28" VPOS="392" HPOS="1693"/>
							<String ID="string_25" HPOS="1721" VPOS="381" WIDTH="257" HEIGHT="38" WC="0.91" CONTENT="revisionssak"/>
						</TextLine>
						<TextLine ID="line_3" HPOS="393" VPOS="418" WIDTH="1589" HEIGHT="54">
							<String ID="string_26" HPOS="393" VPOS="418" WIDTH="99" HEIGHT="36" WC="0.93" CONTENT="hann"/><SP WIDTH="27" VPOS="418" HPOS="492"/>
							<String ID="string_27" HPOS="519" VPOS="420" WIDTH="165" HEIGHT="48" WC="0.92" CONTENT="afgöras,"/><SP WIDTH="30" VPOS="420" HPOS="684"/>
							<String ID="string_28" HPOS="714" VPOS="424" WIDTH="41" HEIGHT="34" WC="0.96" CONTENT="så"/><SP WIDTH="26" VPOS="424" HPOS="755"/>
							<String ID="string_29" HPOS="781" VPOS="428" WIDTH="55" HEIGHT="31" WC="0.96" CONTENT="att"/><SP WIDTH="29" VPOS="428" HPOS="836"/>
							<String ID="string_30" HPOS="865" VPOS="426" WIDTH="40" HEIGHT="33" WC="0.96" CONTENT="år"/><SP WIDTH="30" VPOS="426" HPOS="905"/>
							<String ID="string_31" HPOS="935" VPOS="427" WIDTH="109" HEIGHT="45" WC="0.96" CONTENT="1869,"/><SP WIDTH="29" VPOS="427" HPOS="1044"/>
							<String ID="string_32" HPOS="1073" VPOS="426" WIDTH="145" HEIGHT="37" WC="0.96" CONTENT="hvilket"/><SP WIDTH="28" VPOS="426" HPOS="1218"/>
							<String ID="string_33" HPOS="1246" VPOS="431" WIDTH="39" HEIGHT="33" WC="0.96" CONTENT="år"/><SP WIDTH="28" VPOS="431" HPOS="1285"/>
							<String ID="string_34" HPOS="1313" VPOS="429" WIDTH="86" HEIGHT="36" WC="0.96" CONTENT="med"/><SP WIDTH="19" VPOS="429" HPOS="1399"/>
							<String ID="string_35" HPOS="1418" VPOS="429" WIDTH="179" HEIGHT="38" WC="0.93" CONTENT="afseende"/><SP WIDTH="22" VPOS="429" HPOS="1597"/>
							<String ID="string_36" HPOS="1619" VPOS="433" WIDTH="20" HEIGHT="34" WC="0.92" CONTENT="å"/><SP WIDTH="19" VPOS="433" HPOS="1639"/>
							<String ID="string_37" HPOS="1658" VPOS="432" WIDTH="324" HEIGHT="39" WC="0.90" CONTENT="arbetsresultatet"/>
						</TextLine>
						<TextLine ID="line_4" HPOS="394" VPOS="470" WIDTH="1587" HEIGHT="66">
							<String ID="string_38" HPOS="394" VPOS="470" WIDTH="127" HEIGHT="36" WC="0.96" CONTENT="ställer"/><SP WIDTH="33" VPOS="470" HPOS="521"/>
							<String ID="string_39" HPOS="554" VPOS="472" WIDTH="60" HEIGHT="48" WC="0.96" CONTENT="sig"/><SP WIDTH="29" VPOS="472" HPOS="614"/>
							<String ID="string_40" HPOS="643" VPOS="479" WIDTH="96" HEIGHT="31" WC="0.93" CONTENT="mest"/><SP WIDTH="26" VPOS="479" HPOS="739"/>
							<String ID="string_41" HPOS="765" VPOS="481" WIDTH="191" HEIGHT="42" WC="0.91" CONTENT="gynsamt,"/><SP WIDTH="29" VPOS="481" HPOS="956"/>
							<String ID="string_42" HPOS="985" VPOS="490" WIDTH="44" HEIGHT="23" WC="0.96" CONTENT="en"/><SP WIDTH="30" VPOS="490" HPOS="1029"/>
							<String ID="string_43" HPOS="1059" VPOS="478" WIDTH="216" HEIGHT="38" WC="0.93" CONTENT="inkommen"/><SP WIDTH="29" VPOS="478" HPOS="1275"/>
							<String ID="string_44" HPOS="1304" VPOS="481" WIDTH="261" HEIGHT="37" WC="0.91" CONTENT="revisionssak"/><SP WIDTH="29" VPOS="481" HPOS="1565"/>
							<String ID="string_45" HPOS="1594" VPOS="483" WIDTH="96" HEIGHT="36" WC="0.96" CONTENT="efter"/><SP WIDTH="28" VPOS="483" HPOS="1690"/>
							<String ID="string_46" HPOS="1718" VPOS="484" WIDTH="115" HEIGHT="37" WC="0.96" CONTENT="ofvan"/><SP WIDTH="30" VPOS="484" HPOS="1833"/>
							<String ID="string_47" HPOS="1863" VPOS="485" WIDTH="118" HEIGHT="51" WC="0.96" CONTENT="följda"/>
						</TextLine>
						<TextLine ID="line_5" HPOS="392" VPOS="521" WIDTH="1587" HEIGHT="64">
							<String ID="string_48" HPOS="392" VPOS="521" WIDTH="355" HEIGHT="52" WC="0.91" CONTENT="beräkningsgrund"/><SP WIDTH="30" VPOS="521" HPOS="747"/>
							<String ID="string_49" HPOS="777" VPOS="527" WIDTH="194" HEIGHT="49" WC="0.91" CONTENT="afgjordes"/><SP WIDTH="29" VPOS="527" HPOS="971"/>
							<String ID="string_50" HPOS="1000" VPOS="529" WIDTH="116" HEIGHT="37" WC="0.96" CONTENT="redan"/><SP WIDTH="29" VPOS="529" HPOS="1116"/>
							<String ID="string_51" HPOS="1145" VPOS="531" WIDTH="95" HEIGHT="37" WC="0.96" CONTENT="efter"/><SP WIDTH="21" VPOS="531" HPOS="1240"/>
							<String ID="string_52" HPOS="1261" VPOS="534" WIDTH="94" HEIGHT="48" WC="0.96" CONTENT="fyra"/><SP WIDTH="28" VPOS="534" HPOS="1355"/>
							<String ID="string_53" HPOS="1383" VPOS="534" WIDTH="183" HEIGHT="37" WC="0.94" CONTENT="månader."/><SP WIDTH="58" VPOS="534" HPOS="1566"/>
							<String ID="string_54" HPOS="1624" VPOS="534" WIDTH="177" HEIGHT="39" WC="0.0" CONTENT="Härefter"/><SP WIDTH="24" VPOS="534" HPOS="1801"/>
							<String ID="string_55" HPOS="1825" VPOS="536" WIDTH="154" HEIGHT="49" WC="0.96" CONTENT="började"/>
						</TextLine>
						<TextLine ID="line_6" HPOS="393" VPOS="573" WIDTH="1585" HEIGHT="64">
							<String ID="string_56" HPOS="393" VPOS="573" WIDTH="59" HEIGHT="36" WC="0.94" CONTENT="väl"/><SP WIDTH="41" VPOS="573" HPOS="452"/>
							<String ID="string_57" HPOS="493" VPOS="575" WIDTH="123" HEIGHT="37" WC="0.96" CONTENT="denna"/><SP WIDTH="41" VPOS="575" HPOS="616"/>
							<String ID="string_58" HPOS="657" VPOS="576" WIDTH="53" HEIGHT="37" WC="0.96" CONTENT="tid"/><SP WIDTH="43" VPOS="576" HPOS="710"/>
							<String ID="string_59" HPOS="753" VPOS="579" WIDTH="237" HEIGHT="49" WC="0.96" CONTENT="småningom"/><SP WIDTH="30" VPOS="579" HPOS="990"/>
							<String ID="string_60" HPOS="1020" VPOS="581" WIDTH="104" HEIGHT="48" WC="0.96" CONTENT="ökas,"/><SP WIDTH="30" VPOS="581" HPOS="1124"/>
							<String ID="string_61" HPOS="1154" VPOS="596" WIDTH="84" HEIGHT="23" WC="0.96" CONTENT="men"/><SP WIDTH="29" VPOS="596" HPOS="1238"/>
							<String ID="string_62" HPOS="1267" VPOS="585" WIDTH="167" HEIGHT="49" WC="0.96" CONTENT="uppgick"/><SP WIDTH="28" VPOS="585" HPOS="1434"/>
							<String ID="string_63" HPOS="1462" VPOS="585" WIDTH="83" HEIGHT="37" WC="0.96" CONTENT="icke"/><SP WIDTH="29" VPOS="585" HPOS="1545"/>
							<String ID="string_64" HPOS="1574" VPOS="587" WIDTH="120" HEIGHT="37" WC="0.96" CONTENT="under"/><SP WIDTH="27" VPOS="587" HPOS="1694"/>
							<String ID="string_65" HPOS="1721" VPOS="590" WIDTH="119" HEIGHT="47" WC="0.96" CONTENT="något"/><SP WIDTH="28" VPOS="590" HPOS="1840"/>
							<String ID="string_66" HPOS="1868" VPOS="590" WIDTH="41" HEIGHT="36" WC="0.96" CONTENT="af"/><SP WIDTH="24" VPOS="590" HPOS="1909"/>
							<String ID="string_67" HPOS="1933" VPOS="590" WIDTH="45" HEIGHT="37" WC="0.96" CONTENT="de"/>
						</TextLine>
						<TextLine ID="line_7" HPOS="391" VPOS="627" WIDTH="960" HEIGHT="51">
							<String ID="string_68" HPOS="391" VPOS="630" WIDTH="167" HEIGHT="33" WC="0.96" CONTENT="närmast"/><SP WIDTH="28" VPOS="630" HPOS="558"/>
							<String ID="string_69" HPOS="586" VPOS="627" WIDTH="165" HEIGHT="49" WC="0.96" CONTENT="följande"/><SP WIDTH="30" VPOS="627" HPOS="751"/>
							<String ID="string_70" HPOS="781" VPOS="630" WIDTH="57" HEIGHT="48" WC="0.96" CONTENT="sju"/><SP WIDTH="29" VPOS="630" HPOS="838"/>
							<String ID="string_71" HPOS="867" VPOS="634" WIDTH="89" HEIGHT="34" WC="0.96" CONTENT="åren"/><SP WIDTH="27" VPOS="634" HPOS="956"/>
							<String ID="string_72" HPOS="983" VPOS="633" WIDTH="56" HEIGHT="36" WC="0.96" CONTENT="till"/><SP WIDTH="29" VPOS="633" HPOS="1039"/>
							<String ID="string_73" HPOS="1068" VPOS="647" WIDTH="68" HEIGHT="24" WC="0.96" CONTENT="sex"/><SP WIDTH="29" VPOS="647" HPOS="1136"/>
							<String ID="string_74" HPOS="1165" VPOS="636" WIDTH="186" HEIGHT="37" WC="0.96" CONTENT="månader."/>
						</TextLine>
					</TextBlock>
					<TextBlock ID="block_2" HPOS="390" VPOS="678" WIDTH="1589" HEIGHT="204">
						<TextLine ID="line_8" HPOS="497" VPOS="678" WIDTH="1482" HEIGHT="60">
							<String ID="string_75" HPOS="497" VPOS="678" WIDTH="125" HEIGHT="38" WC="0.93" CONTENT="Under"/><SP WIDTH="43" VPOS="678" HPOS="622"/>
							<String ID="string_76" HPOS="665" VPOS="683" WIDTH="229" HEIGHT="36" WC="0.92" CONTENT="1880-talets"/><SP WIDTH="43" VPOS="683" HPOS="894"/>
							<String ID="string_77" HPOS="937" VPOS="684" WIDTH="118" HEIGHT="37" WC="0.96" CONTENT="första"/><SP WIDTH="28" VPOS="684" HPOS="1055"/>
							<String ID="string_78" HPOS="1083" VPOS="686" WIDTH="271" HEIGHT="51" WC="0.91" CONTENT="femårsperiod"/><SP WIDTH="35" VPOS="686" HPOS="1354"/>
							<String ID="string_79" HPOS="1389" VPOS="688" WIDTH="119" HEIGHT="37" WC="0.91" CONTENT="stälde"/><SP WIDTH="34" VPOS="688" HPOS="1508"/>
							<String ID="string_80" HPOS="1542" VPOS="690" WIDTH="61" HEIGHT="48" WC="0.96" CONTENT="sig"/><SP WIDTH="32" VPOS="690" HPOS="1603"/>
							<String ID="string_81" HPOS="1635" VPOS="691" WIDTH="254" HEIGHT="38" WC="0.93" CONTENT="förhållandet"/><SP WIDTH="33" VPOS="691" HPOS="1889"/>
							<String ID="string_82" HPOS="1922" VPOS="697" WIDTH="57" HEIGHT="33" WC="0.92" CONTENT="så-"/>
						</TextLine>
						<TextLine ID="line_9" HPOS="390" VPOS="728" WIDTH="1589" HEIGHT="61">
							<String ID="string_83" HPOS="390" VPOS="728" WIDTH="123" HEIGHT="48" WC="0.89" CONTENT="lunda,"/><SP WIDTH="42" VPOS="728" HPOS="513"/>
							<String ID="string_84" HPOS="555" VPOS="737" WIDTH="56" HEIGHT="31" WC="0.96" CONTENT="att"/><SP WIDTH="37" VPOS="737" HPOS="611"/>
							<String ID="string_85" HPOS="648" VPOS="745" WIDTH="45" HEIGHT="23" WC="0.93" CONTENT="en"/><SP WIDTH="28" VPOS="745" HPOS="693"/>
							<String ID="string_86" HPOS="721" VPOS="734" WIDTH="257" HEIGHT="38" WC="0.91" CONTENT="revisionssak"/><SP WIDTH="27" VPOS="734" HPOS="978"/>
							<String ID="string_87" HPOS="1005" VPOS="737" WIDTH="12" HEIGHT="36" WC="0.96" CONTENT="i"/><SP WIDTH="29" VPOS="737" HPOS="1017"/>
							<String ID="string_88" HPOS="1046" VPOS="739" WIDTH="175" HEIGHT="36" WC="0.96" CONTENT="medeltal"/><SP WIDTH="29" VPOS="739" HPOS="1221"/>
							<String ID="string_89" HPOS="1250" VPOS="740" WIDTH="196" HEIGHT="49" WC="0.92" CONTENT="afgjordes"/><SP WIDTH="28" VPOS="740" HPOS="1446"/>
							<String ID="string_90" HPOS="1474" VPOS="755" WIDTH="58" HEIGHT="23" WC="0.95" CONTENT="sex"/><SP WIDTH="28" VPOS="755" HPOS="1532"/>
							<String ID="string_91" HPOS="1560" VPOS="744" WIDTH="61" HEIGHT="35" WC="0.96" CONTENT="och"/><SP WIDTH="31" VPOS="744" HPOS="1621"/>
							<String ID="string_92" HPOS="1652" VPOS="742" WIDTH="37" HEIGHT="40" WC="0.39" CONTENT="Yi"/><SP WIDTH="27" VPOS="742" HPOS="1689"/>
							<String ID="string_93" HPOS="1716" VPOS="745" WIDTH="138" HEIGHT="36" WC="0.95" CONTENT="månad"/><SP WIDTH="28" VPOS="745" HPOS="1854"/>
							<String ID="string_94" HPOS="1882" VPOS="745" WIDTH="97" HEIGHT="37" WC="0.95" CONTENT="efter"/>
						</TextLine>
						<TextLine ID="line_10" HPOS="391" VPOS="781" WIDTH="1586" HEIGHT="63">
							<String ID="string_95" HPOS="391" VPOS="781" WIDTH="64" HEIGHT="37" WC="0.95" CONTENT="det"/><SP WIDTH="39" VPOS="781" HPOS="455"/>
							<String ID="string_96" HPOS="494" VPOS="783" WIDTH="73" HEIGHT="36" WC="0.96" CONTENT="den"/><SP WIDTH="41" VPOS="783" HPOS="567"/>
							<String ID="string_97" HPOS="608" VPOS="784" WIDTH="208" HEIGHT="48" WC="0.95" CONTENT="inkommit,"/><SP WIDTH="44" VPOS="784" HPOS="816"/>
							<String ID="string_98" HPOS="860" VPOS="787" WIDTH="47" HEIGHT="36" WC="0.93" CONTENT="då"/><SP WIDTH="28" VPOS="787" HPOS="907"/>
							<String ID="string_99" HPOS="935" VPOS="788" WIDTH="167" HEIGHT="38" WC="0.93" CONTENT="deremot"/><SP WIDTH="28" VPOS="788" HPOS="1102"/>
							<String ID="string_100" HPOS="1130" VPOS="791" WIDTH="118" HEIGHT="37" WC="0.96" CONTENT="under"/><SP WIDTH="29" VPOS="791" HPOS="1248"/>
							<String ID="string_101" HPOS="1277" VPOS="793" WIDTH="73" HEIGHT="36" WC="0.96" CONTENT="den"/><SP WIDTH="30" VPOS="793" HPOS="1350"/>
							<String ID="string_102" HPOS="1380" VPOS="792" WIDTH="92" HEIGHT="37" WC="0.96" CONTENT="sista"/><SP WIDTH="27" VPOS="792" HPOS="1472"/>
							<String ID="string_103" HPOS="1499" VPOS="794" WIDTH="326" HEIGHT="50" WC="0.92" CONTENT="femårsperioden"/><SP WIDTH="29" VPOS="794" HPOS="1825"/>
							<String ID="string_104" HPOS="1854" VPOS="797" WIDTH="123" HEIGHT="36" WC="0.92" CONTENT="dertill"/>
						</TextLine>
						<TextLine ID="line_11" HPOS="390" VPOS="833" WIDTH="575" HEIGHT="49">
							<String ID="string_105" HPOS="390" VPOS="833" WIDTH="126" HEIGHT="49" WC="0.89" CONTENT="åtgick"/><SP WIDTH="28" VPOS="833" HPOS="516"/>
							<String ID="string_106" HPOS="544" VPOS="835" WIDTH="109" HEIGHT="37" WC="0.96" CONTENT="öfver"/><SP WIDTH="27" VPOS="835" HPOS="653"/>
							<String ID="string_107" HPOS="680" VPOS="838" WIDTH="73" HEIGHT="36" WC="0.11" CONTENT="åtta"/><SP WIDTH="28" VPOS="838" HPOS="753"/>
							<String ID="string_108" HPOS="781" VPOS="840" WIDTH="184" HEIGHT="37" WC="0.94" CONTENT="månader."/>
						</TextLine>
					</TextBlock>
					<TextBlock ID="block_3" HPOS="390" VPOS="885" WIDTH="1591" HEIGHT="115">
						<TextLine ID="line_12" HPOS="493" VPOS="885" WIDTH="1488" HEIGHT="64">
							<String ID="string_109" HPOS="493" VPOS="885" WIDTH="238" HEIGHT="52" WC="0.96" CONTENT="Ställningen"/><SP WIDTH="41" VPOS="885" HPOS="731"/>
							<String ID="string_110" HPOS="772" VPOS="891" WIDTH="121" HEIGHT="36" WC="0.96" CONTENT="under"/><SP WIDTH="40" VPOS="891" HPOS="893"/>
							<String ID="string_111" HPOS="933" VPOS="892" WIDTH="46" HEIGHT="37" WC="0.96" CONTENT="de"/><SP WIDTH="40" VPOS="892" HPOS="979"/>
							<String ID="string_112" HPOS="1019" VPOS="893" WIDTH="77" HEIGHT="37" WC="0.96" CONTENT="fem"/><SP WIDTH="44" VPOS="893" HPOS="1096"/>
							<String ID="string_113" HPOS="1140" VPOS="894" WIDTH="119" HEIGHT="38" WC="0.96" CONTENT="första"/><SP WIDTH="41" VPOS="894" HPOS="1259"/>
							<String ID="string_114" HPOS="1300" VPOS="899" WIDTH="89" HEIGHT="34" WC="0.96" CONTENT="åren"/><SP WIDTH="42" VPOS="899" HPOS="1389"/>
							<String ID="string_115" HPOS="1431" VPOS="901" WIDTH="47" HEIGHT="45" WC="0.96" CONTENT="på"/><SP WIDTH="30" VPOS="901" HPOS="1478"/>
							<String ID="string_116" HPOS="1508" VPOS="899" WIDTH="209" HEIGHT="37" WC="0.96" CONTENT="1890-talet"/><SP WIDTH="27" VPOS="899" HPOS="1717"/>
							<String ID="string_117" HPOS="1744" VPOS="900" WIDTH="168" HEIGHT="49" WC="0.96" CONTENT="framgår"/><SP WIDTH="29" VPOS="900" HPOS="1912"/>
							<String ID="string_118" HPOS="1941" VPOS="902" WIDTH="40" HEIGHT="36" WC="0.96" CONTENT="af"/>
						</TextLine>
						<TextLine ID="line_13" HPOS="390" VPOS="936" WIDTH="1508" HEIGHT="64">
							<String ID="string_119" HPOS="390" VPOS="936" WIDTH="165" HEIGHT="49" WC="0.96" CONTENT="följande"/><SP WIDTH="29" VPOS="936" HPOS="555"/>
							<String ID="string_120" HPOS="584" VPOS="941" WIDTH="214" HEIGHT="49" WC="0.96" CONTENT="uträkning."/><SP WIDTH="57" VPOS="941" HPOS="798"/>
							<String ID="string_121" HPOS="855" VPOS="943" WIDTH="59" HEIGHT="36" WC="0.93" CONTENT="En"/><SP WIDTH="28" VPOS="943" HPOS="914"/>
							<String ID="string_122" HPOS="942" VPOS="945" WIDTH="268" HEIGHT="49" WC="0.92" CONTENT="revisionssak,"/><SP WIDTH="31" VPOS="945" HPOS="1210"/>
							<String ID="string_123" HPOS="1241" VPOS="961" WIDTH="80" HEIGHT="23" WC="0.96" CONTENT="som"/><SP WIDTH="29" VPOS="961" HPOS="1321"/>
							<String ID="string_124" HPOS="1350" VPOS="949" WIDTH="198" HEIGHT="37" WC="0.96" CONTENT="inkommit"/><SP WIDTH="27" VPOS="949" HPOS="1548"/>
							<String ID="string_125" HPOS="1575" VPOS="951" WIDTH="12" HEIGHT="35" WC="0.96" CONTENT="i"/><SP WIDTH="28" VPOS="951" HPOS="1587"/>
							<String ID="string_126" HPOS="1615" VPOS="951" WIDTH="132" HEIGHT="49" WC="0.95" CONTENT="början"/><SP WIDTH="30" VPOS="951" HPOS="1747"/>
							<String ID="string_127" HPOS="1777" VPOS="953" WIDTH="41" HEIGHT="36" WC="0.95" CONTENT="af"/><SP WIDTH="25" VPOS="953" HPOS="1818"/>
							<String ID="string_128" HPOS="1843" VPOS="955" WIDTH="55" HEIGHT="34" WC="0.96" CONTENT="år:"/>
						</TextLine>
					</TextBlock>
				</ComposedBlock>
				<ComposedBlock ID="cblock_2" HPOS="667" VPOS="1011" WIDTH="1058" HEIGHT="86">
					<TextBlock ID="block_4" HPOS="667" VPOS="1011" WIDTH="1058" HEIGHT="86">
						<TextLine ID="line_14" HPOS="667" VPOS="1011" WIDTH="1058" HEIGHT="57">
							<String ID="string_129" HPOS="667" VPOS="1011" WIDTH="96" HEIGHT="35" WC="0.90" CONTENT="1890"/><SP WIDTH="29" VPOS="1011" HPOS="763"/>
							<String ID="string_130" HPOS="792" VPOS="1011" WIDTH="194" HEIGHT="49" WC="0.90" CONTENT="afgjordes"/><SP WIDTH="29" VPOS="1011" HPOS="986"/>
							<String ID="string_131" HPOS="1015" VPOS="1014" WIDTH="99" HEIGHT="37" WC="0.96" CONTENT="efter"/><SP WIDTH="29" VPOS="1014" HPOS="1114"/>
							<String ID="string_132" HPOS="1143" VPOS="1017" WIDTH="175" HEIGHT="48" WC="0.96" CONTENT="omkring"/><SP WIDTH="135" VPOS="1017" HPOS="1318"/>
							<String ID="string_133" HPOS="1453" VPOS="1018" WIDTH="96" HEIGHT="40" WC="0.42" CONTENT="11&#39;/;"/><SP WIDTH="29" VPOS="1018" HPOS="1549"/>
							<String ID="string_134" HPOS="1578" VPOS="1020" WIDTH="147" HEIGHT="48" WC="0.96" CONTENT="månad,"/>
						</TextLine>
						<TextLine ID="line_15" HPOS="667" VPOS="1063" WIDTH="865" HEIGHT="34">
							<String ID="string_135" HPOS="667" VPOS="1063" WIDTH="94" HEIGHT="34" WC="0.95" CONTENT="1891"/>
						</TextLine>
					</TextBlock>
				</ComposedBlock>
				<ComposedBlock ID="cblock_3" HPOS="666" VPOS="1072" WIDTH="990" HEIGHT="195">
					<TextBlock ID="block_5" HPOS="666" VPOS="1072" WIDTH="990" HEIGHT="195">
						<TextLine ID="line_16" HPOS="879" VPOS="1072" WIDTH="777" HEIGHT="38">
							<String ID="string_136" HPOS="879" VPOS="1076" WIDTH="17" HEIGHT="23" WC="0.92" CONTENT="»"/><SP WIDTH="160" VPOS="1076" HPOS="896"/>
							<String ID="string_137" HPOS="1056" VPOS="1079" WIDTH="18" HEIGHT="22" WC="0.91" CONTENT="»"/><SP WIDTH="141" VPOS="1079" HPOS="1074"/>
							<String ID="string_138" HPOS="1215" VPOS="1081" WIDTH="17" HEIGHT="23" WC="0.92" CONTENT="»"/><SP WIDTH="110" VPOS="1081" HPOS="1232"/>
							<String ID="string_139" HPOS="1342" VPOS="1072" WIDTH="18" HEIGHT="34" WC="0.93" CONTENT="1"/><SP WIDTH="31" VPOS="1072" HPOS="1360"/>
							<String ID="string_140" HPOS="1391" VPOS="1073" WIDTH="39" HEIGHT="33" WC="0.96" CONTENT="år"/><SP WIDTH="103" VPOS="1073" HPOS="1430"/>
							<String ID="string_141" HPOS="1533" VPOS="1093" WIDTH="12" HEIGHT="17" WC="0.91" CONTENT="2"/><SP WIDTH="94" VPOS="1093" HPOS="1545"/>
							<String ID="string_142" HPOS="1639" VPOS="1085" WIDTH="17" HEIGHT="21" WC="0.92" CONTENT="»"/>
						</TextLine>
						<TextLine ID="line_17" HPOS="667" VPOS="1114" WIDTH="989" HEIGHT="49">
							<String ID="string_143" HPOS="667" VPOS="1114" WIDTH="96" HEIGHT="35" WC="0.96" CONTENT="1892"/><SP WIDTH="116" VPOS="1114" HPOS="763"/>
							<String ID="string_144" HPOS="879" VPOS="1128" WIDTH="16" HEIGHT="22" WC="0.91" CONTENT="»"/><SP WIDTH="162" VPOS="1128" HPOS="895"/>
							<String ID="string_145" HPOS="1057" VPOS="1131" WIDTH="18" HEIGHT="22" WC="0.92" CONTENT="»"/><SP WIDTH="139" VPOS="1131" HPOS="1075"/>
							<String ID="string_146" HPOS="1214" VPOS="1133" WIDTH="17" HEIGHT="22" WC="0.91" CONTENT="»"/><SP WIDTH="111" VPOS="1133" HPOS="1231"/>
							<String ID="string_147" HPOS="1342" VPOS="1124" WIDTH="17" HEIGHT="33" WC="0.84" CONTENT="1"/><SP WIDTH="45" VPOS="1124" HPOS="1359"/>
							<String ID="string_148" HPOS="1404" VPOS="1134" WIDTH="17" HEIGHT="23" WC="0.76" CONTENT="»"/><SP WIDTH="85" VPOS="1134" HPOS="1421"/>
							<String ID="string_149" HPOS="1506" VPOS="1123" WIDTH="38" HEIGHT="40" WC="0.43" CONTENT="23"/><SP WIDTH="94" VPOS="1123" HPOS="1544"/>
							<String ID="string_150" HPOS="1638" VPOS="1136" WIDTH="18" HEIGHT="22" WC="0.92" CONTENT="»"/>
						</TextLine>
						<TextLine ID="line_18" HPOS="666" VPOS="1166" WIDTH="989" HEIGHT="44">
							<String ID="string_151" HPOS="666" VPOS="1166" WIDTH="96" HEIGHT="35" WC="0.96" CONTENT="1893"/><SP WIDTH="117" VPOS="1166" HPOS="762"/>
							<String ID="string_152" HPOS="879" VPOS="1180" WIDTH="17" HEIGHT="22" WC="0.92" CONTENT="»"/><SP WIDTH="161" VPOS="1180" HPOS="896"/>
							<String ID="string_153" HPOS="1057" VPOS="1183" WIDTH="18" HEIGHT="22" WC="0.92" CONTENT="»"/><SP WIDTH="140" VPOS="1183" HPOS="1075"/>
							<String ID="string_154" HPOS="1215" VPOS="1185" WIDTH="17" HEIGHT="22" WC="0.92" CONTENT="»"/><SP WIDTH="109" VPOS="1185" HPOS="1232"/>
							<String ID="string_155" HPOS="1341" VPOS="1176" WIDTH="18" HEIGHT="33" WC="0.88" CONTENT="1"/><SP WIDTH="44" VPOS="1176" HPOS="1359"/>
							<String ID="string_156" HPOS="1403" VPOS="1186" WIDTH="17" HEIGHT="22" WC="0.88" CONTENT="»"/><SP WIDTH="217" VPOS="1186" HPOS="1420"/>
							<String ID="string_157" HPOS="1637" VPOS="1187" WIDTH="18" HEIGHT="23" WC="0.91" CONTENT="»"/>
						</TextLine>
						<TextLine ID="line_19" HPOS="666" VPOS="1218" WIDTH="990" HEIGHT="49">
							<String ID="string_158" HPOS="666" VPOS="1218" WIDTH="96" HEIGHT="36" WC="0.96" CONTENT="1894"/><SP WIDTH="115" VPOS="1218" HPOS="762"/>
							<String ID="string_159" HPOS="877" VPOS="1232" WIDTH="17" HEIGHT="23" WC="0.91" CONTENT="»"/><SP WIDTH="162" VPOS="1232" HPOS="894"/>
							<String ID="string_160" HPOS="1056" VPOS="1235" WIDTH="16" HEIGHT="22" WC="0.93" CONTENT="»"/><SP WIDTH="141" VPOS="1235" HPOS="1072"/>
							<String ID="string_161" HPOS="1213" VPOS="1236" WIDTH="17" HEIGHT="23" WC="0.92" CONTENT="»"/><SP WIDTH="110" VPOS="1236" HPOS="1230"/>
							<String ID="string_162" HPOS="1340" VPOS="1228" WIDTH="78" HEIGHT="33" WC="0.90" CONTENT="1»"/><SP WIDTH="57" VPOS="1228" HPOS="1418"/>
							<String ID="string_163" HPOS="1475" VPOS="1226" WIDTH="70" HEIGHT="41" WC="0.60" CONTENT="11,"/><SP WIDTH="94" VPOS="1226" HPOS="1545"/>
							<String ID="string_164" HPOS="1639" VPOS="1240" WIDTH="17" HEIGHT="22" WC="0.91" CONTENT="»"/>
						</TextLine>
					</TextBlock>
				</ComposedBlock>
				<ComposedBlock ID="cblock_4" HPOS="379" VPOS="1300" WIDTH="1597" HEIGHT="1096">
					<TextBlock ID="block_6" HPOS="385" VPOS="1300" WIDTH="1589" HEIGHT="219">
						<TextLine ID="line_20" HPOS="490" VPOS="1300" WIDTH="1484" HEIGHT="62">
							<String ID="string_165" HPOS="490" VPOS="1300" WIDTH="70" HEIGHT="37" WC="0.96" CONTENT="Till"/><SP WIDTH="30" VPOS="1300" HPOS="560"/>
							<String ID="string_166" HPOS="590" VPOS="1304" WIDTH="40" HEIGHT="34" WC="0.96" CONTENT="år"/><SP WIDTH="31" VPOS="1304" HPOS="630"/>
							<String ID="string_167" HPOS="661" VPOS="1305" WIDTH="95" HEIGHT="36" WC="0.96" CONTENT="1895"/><SP WIDTH="31" VPOS="1305" HPOS="756"/>
							<String ID="string_168" HPOS="787" VPOS="1305" WIDTH="139" HEIGHT="39" WC="0.95" CONTENT="funnos"/><SP WIDTH="29" VPOS="1305" HPOS="926"/>
							<String ID="string_169" HPOS="955" VPOS="1308" WIDTH="245" HEIGHT="39" WC="0.95" CONTENT="balanserade"/><SP WIDTH="31" VPOS="1308" HPOS="1200"/>
							<String ID="string_170" HPOS="1231" VPOS="1312" WIDTH="72" HEIGHT="35" WC="0.96" CONTENT="579"/><SP WIDTH="30" VPOS="1312" HPOS="1303"/>
							<String ID="string_171" HPOS="1333" VPOS="1312" WIDTH="313" HEIGHT="50" WC="0.91" CONTENT="revisionssaker,"/><SP WIDTH="17" VPOS="1312" HPOS="1646"/>
							<String ID="string_172" HPOS="1663" VPOS="1315" WIDTH="71" HEIGHT="36" WC="0.96" CONTENT="och"/><SP WIDTH="23" VPOS="1315" HPOS="1734"/>
							<String ID="string_173" HPOS="1757" VPOS="1314" WIDTH="120" HEIGHT="37" WC="0.96" CONTENT="under"/><SP WIDTH="19" VPOS="1314" HPOS="1877"/>
							<String ID="string_174" HPOS="1896" VPOS="1318" WIDTH="78" HEIGHT="33" WC="0.96" CONTENT="året"/>
						</TextLine>
						<TextLine ID="line_21" HPOS="386" VPOS="1350" WIDTH="1587" HEIGHT="65">
							<String ID="string_175" HPOS="386" VPOS="1350" WIDTH="194" HEIGHT="51" WC="0.92" CONTENT="afgjordes"/><SP WIDTH="31" VPOS="1350" HPOS="580"/>
							<String ID="string_176" HPOS="611" VPOS="1356" WIDTH="85" HEIGHT="35" WC="0.88" CONTENT="430."/><SP WIDTH="56" VPOS="1356" HPOS="696"/>
							<String ID="string_177" HPOS="752" VPOS="1357" WIDTH="171" HEIGHT="49" WC="0.88" CONTENT="Antager"/><SP WIDTH="23" VPOS="1357" HPOS="923"/>
							<String ID="string_178" HPOS="946" VPOS="1373" WIDTH="96" HEIGHT="33" WC="0.96" CONTENT="man,"/><SP WIDTH="29" VPOS="1373" HPOS="1042"/>
							<String ID="string_179" HPOS="1071" VPOS="1366" WIDTH="55" HEIGHT="32" WC="0.96" CONTENT="att"/><SP WIDTH="27" VPOS="1366" HPOS="1126"/>
							<String ID="string_180" HPOS="1153" VPOS="1362" WIDTH="74" HEIGHT="37" WC="0.96" CONTENT="lika"/><SP WIDTH="28" VPOS="1362" HPOS="1227"/>
							<String ID="string_181" HPOS="1255" VPOS="1366" WIDTH="138" HEIGHT="47" WC="0.96" CONTENT="många"/><SP WIDTH="26" VPOS="1366" HPOS="1393"/>
							<String ID="string_182" HPOS="1419" VPOS="1365" WIDTH="149" HEIGHT="37" WC="0.96" CONTENT="komma"/><SP WIDTH="28" VPOS="1365" HPOS="1568"/>
							<String ID="string_183" HPOS="1596" VPOS="1372" WIDTH="55" HEIGHT="31" WC="0.93" CONTENT="att"/><SP WIDTH="26" VPOS="1372" HPOS="1651"/>
							<String ID="string_184" HPOS="1677" VPOS="1366" WIDTH="155" HEIGHT="49" WC="0.92" CONTENT="afgöras"/><SP WIDTH="32" VPOS="1366" HPOS="1832"/>
							<String ID="string_185" HPOS="1864" VPOS="1369" WIDTH="109" HEIGHT="45" WC="0.96" CONTENT="1896,"/>
						</TextLine>
						<TextLine ID="line_22" HPOS="386" VPOS="1403" WIDTH="1586" HEIGHT="64">
							<String ID="string_186" HPOS="386" VPOS="1403" WIDTH="107" HEIGHT="37" WC="0.96" CONTENT="torde"/><SP WIDTH="42" VPOS="1403" HPOS="493"/>
							<String ID="string_187" HPOS="535" VPOS="1405" WIDTH="120" HEIGHT="49" WC="0.96" CONTENT="enligt"/><SP WIDTH="41" VPOS="1405" HPOS="655"/>
							<String ID="string_188" HPOS="696" VPOS="1408" WIDTH="71" HEIGHT="36" WC="0.96" CONTENT="den"/><SP WIDTH="42" VPOS="1408" HPOS="767"/>
							<String ID="string_189" HPOS="809" VPOS="1409" WIDTH="118" HEIGHT="50" WC="0.93" CONTENT="följda"/><SP WIDTH="42" VPOS="1409" HPOS="927"/>
							<String ID="string_190" HPOS="969" VPOS="1411" WIDTH="406" HEIGHT="52" WC="0.91" CONTENT="beräkningsgrunden"/><SP WIDTH="42" VPOS="1411" HPOS="1375"/>
							<String ID="string_191" HPOS="1417" VPOS="1430" WIDTH="47" HEIGHT="23" WC="0.96" CONTENT="en"/><SP WIDTH="40" VPOS="1430" HPOS="1464"/>
							<String ID="string_192" HPOS="1504" VPOS="1418" WIDTH="12" HEIGHT="35" WC="0.96" CONTENT="i"/><SP WIDTH="41" VPOS="1418" HPOS="1516"/>
							<String ID="string_193" HPOS="1557" VPOS="1418" WIDTH="132" HEIGHT="49" WC="0.95" CONTENT="början"/><SP WIDTH="34" VPOS="1418" HPOS="1689"/>
							<String ID="string_194" HPOS="1723" VPOS="1418" WIDTH="41" HEIGHT="37" WC="0.95" CONTENT="af"/><SP WIDTH="28" VPOS="1418" HPOS="1764"/>
							<String ID="string_195" HPOS="1792" VPOS="1420" WIDTH="97" HEIGHT="36" WC="0.93" CONTENT="1895"/><SP WIDTH="29" VPOS="1420" HPOS="1889"/>
							<String ID="string_196" HPOS="1918" VPOS="1419" WIDTH="54" HEIGHT="36" WC="0.91" CONTENT="in-"/>
						</TextLine>
						<TextLine ID="line_23" HPOS="385" VPOS="1454" WIDTH="1292" HEIGHT="65">
							<String ID="string_197" HPOS="385" VPOS="1454" WIDTH="176" HEIGHT="39" WC="0.96" CONTENT="kommen"/><SP WIDTH="30" VPOS="1454" HPOS="561"/>
							<String ID="string_198" HPOS="591" VPOS="1458" WIDTH="69" HEIGHT="36" WC="0.96" CONTENT="sak"/><SP WIDTH="29" VPOS="1458" HPOS="660"/>
							<String ID="string_199" HPOS="689" VPOS="1473" WIDTH="89" HEIGHT="24" WC="0.93" CONTENT="vara"/><SP WIDTH="27" VPOS="1473" HPOS="778"/>
							<String ID="string_200" HPOS="805" VPOS="1462" WIDTH="151" HEIGHT="50" WC="0.91" CONTENT="afgjord"/><SP WIDTH="28" VPOS="1462" HPOS="956"/>
							<String ID="string_201" HPOS="984" VPOS="1464" WIDTH="99" HEIGHT="37" WC="0.96" CONTENT="först"/><SP WIDTH="29" VPOS="1464" HPOS="1083"/>
							<String ID="string_202" HPOS="1112" VPOS="1466" WIDTH="97" HEIGHT="37" WC="0.96" CONTENT="efter"/><SP WIDTH="27" VPOS="1466" HPOS="1209"/>
							<String ID="string_203" HPOS="1236" VPOS="1475" WIDTH="45" HEIGHT="29" WC="0.96" CONTENT="ett"/><SP WIDTH="27" VPOS="1475" HPOS="1281"/>
							<String ID="string_204" HPOS="1308" VPOS="1469" WIDTH="43" HEIGHT="35" WC="0.69" CONTENT="är"/><SP WIDTH="21" VPOS="1469" HPOS="1351"/>
							<String ID="string_205" HPOS="1372" VPOS="1471" WIDTH="92" HEIGHT="48" WC="0.95" CONTENT="fyra"/><SP WIDTH="28" VPOS="1471" HPOS="1464"/>
							<String ID="string_206" HPOS="1492" VPOS="1471" WIDTH="185" HEIGHT="37" WC="0.91" CONTENT="månader."/>
						</TextLine>
					</TextBlock>
					<TextBlock ID="block_7" HPOS="383" VPOS="1507" WIDTH="1593" HEIGHT="311">
						<TextLine ID="line_24" HPOS="489" VPOS="1507" WIDTH="1487" HEIGHT="59">
							<String ID="string_207" HPOS="489" VPOS="1507" WIDTH="71" HEIGHT="37" WC="0.94" CONTENT="Om"/><SP WIDTH="41" VPOS="1507" HPOS="560"/>
							<String ID="string_208" HPOS="601" VPOS="1524" WIDTH="85" HEIGHT="23" WC="0.96" CONTENT="man"/><SP WIDTH="42" VPOS="1524" HPOS="686"/>
							<String ID="string_209" HPOS="728" VPOS="1518" WIDTH="170" HEIGHT="44" WC="0.96" CONTENT="antager,"/><SP WIDTH="42" VPOS="1518" HPOS="898"/>
							<String ID="string_210" HPOS="940" VPOS="1520" WIDTH="54" HEIGHT="32" WC="0.96" CONTENT="att"/><SP WIDTH="40" VPOS="1520" HPOS="994"/>
							<String ID="string_211" HPOS="1034" VPOS="1517" WIDTH="139" HEIGHT="49" WC="0.96" CONTENT="högsta"/><SP WIDTH="41" VPOS="1517" HPOS="1173"/>
							<String ID="string_212" HPOS="1214" VPOS="1519" WIDTH="213" HEIGHT="39" WC="0.96" CONTENT="domstolen"/><SP WIDTH="40" VPOS="1519" HPOS="1427"/>
							<String ID="string_213" HPOS="1467" VPOS="1522" WIDTH="120" HEIGHT="36" WC="0.93" CONTENT="under"/><SP WIDTH="31" VPOS="1522" HPOS="1587"/>
							<String ID="string_214" HPOS="1618" VPOS="1523" WIDTH="110" HEIGHT="36" WC="0.92" CONTENT="hvart"/><SP WIDTH="27" VPOS="1523" HPOS="1728"/>
							<String ID="string_215" HPOS="1755" VPOS="1523" WIDTH="72" HEIGHT="35" WC="0.96" CONTENT="och"/><SP WIDTH="28" VPOS="1523" HPOS="1827"/>
							<String ID="string_216" HPOS="1855" VPOS="1528" WIDTH="54" HEIGHT="31" WC="0.96" CONTENT="ett"/><SP WIDTH="26" VPOS="1528" HPOS="1909"/>
							<String ID="string_217" HPOS="1935" VPOS="1524" WIDTH="41" HEIGHT="36" WC="0.96" CONTENT="af"/>
						</TextLine>
						<TextLine ID="line_25" HPOS="386" VPOS="1561" WIDTH="1586" HEIGHT="58">
							<String ID="string_218" HPOS="386" VPOS="1561" WIDTH="88" HEIGHT="35" WC="0.96" CONTENT="åren"/><SP WIDTH="44" VPOS="1561" HPOS="474"/>
							<String ID="string_219" HPOS="518" VPOS="1562" WIDTH="96" HEIGHT="36" WC="0.96" CONTENT="1896"/><SP WIDTH="47" VPOS="1562" HPOS="614"/>
							<String ID="string_220" HPOS="661" VPOS="1564" WIDTH="70" HEIGHT="36" WC="0.95" CONTENT="och"/><SP WIDTH="32" VPOS="1564" HPOS="731"/>
							<String ID="string_221" HPOS="763" VPOS="1567" WIDTH="95" HEIGHT="35" WC="0.96" CONTENT="1897"/><SP WIDTH="32" VPOS="1567" HPOS="858"/>
							<String ID="string_222" HPOS="890" VPOS="1567" WIDTH="169" HEIGHT="38" WC="0.96" CONTENT="kommer"/><SP WIDTH="28" VPOS="1567" HPOS="1059"/>
							<String ID="string_223" HPOS="1087" VPOS="1575" WIDTH="55" HEIGHT="31" WC="0.93" CONTENT="att"/><SP WIDTH="28" VPOS="1575" HPOS="1142"/>
							<String ID="string_224" HPOS="1170" VPOS="1571" WIDTH="132" HEIGHT="48" WC="0.92" CONTENT="afgöra"/><SP WIDTH="27" VPOS="1571" HPOS="1302"/>
							<String ID="string_225" HPOS="1329" VPOS="1572" WIDTH="75" HEIGHT="38" WC="0.96" CONTENT="lika"/><SP WIDTH="28" VPOS="1572" HPOS="1404"/>
							<String ID="string_226" HPOS="1432" VPOS="1573" WIDTH="99" HEIGHT="37" WC="0.93" CONTENT="antal"/><SP WIDTH="29" VPOS="1573" HPOS="1531"/>
							<String ID="string_227" HPOS="1560" VPOS="1575" WIDTH="304" HEIGHT="37" WC="0.92" CONTENT="revisionssaker"/><SP WIDTH="29" VPOS="1575" HPOS="1864"/>
							<String ID="string_228" HPOS="1893" VPOS="1589" WIDTH="79" HEIGHT="24" WC="0.96" CONTENT="som"/>
						</TextLine>
						<TextLine ID="line_26" HPOS="385" VPOS="1611" WIDTH="1586" HEIGHT="63">
							<String ID="string_229" HPOS="385" VPOS="1611" WIDTH="117" HEIGHT="36" WC="0.96" CONTENT="under"/><SP WIDTH="28" VPOS="1611" HPOS="502"/>
							<String ID="string_230" HPOS="530" VPOS="1612" WIDTH="46" HEIGHT="37" WC="0.96" CONTENT="de"/><SP WIDTH="29" VPOS="1612" HPOS="576"/>
							<String ID="string_231" HPOS="605" VPOS="1617" WIDTH="63" HEIGHT="34" WC="0.93" CONTENT="två"/><SP WIDTH="28" VPOS="1617" HPOS="668"/>
							<String ID="string_232" HPOS="696" VPOS="1618" WIDTH="316" HEIGHT="49" WC="0.91" CONTENT="nästföregående"/><SP WIDTH="28" VPOS="1618" HPOS="1012"/>
							<String ID="string_233" HPOS="1040" VPOS="1624" WIDTH="102" HEIGHT="43" WC="0.96" CONTENT="åren,"/><SP WIDTH="30" VPOS="1624" HPOS="1142"/>
							<String ID="string_234" HPOS="1172" VPOS="1622" WIDTH="143" HEIGHT="39" WC="0.96" CONTENT="hvilket"/><SP WIDTH="28" VPOS="1622" HPOS="1315"/>
							<String ID="string_235" HPOS="1343" VPOS="1626" WIDTH="100" HEIGHT="36" WC="0.96" CONTENT="antal"/><SP WIDTH="29" VPOS="1626" HPOS="1443"/>
							<String ID="string_236" HPOS="1472" VPOS="1631" WIDTH="41" HEIGHT="31" WC="0.96" CONTENT="är"/><SP WIDTH="27" VPOS="1631" HPOS="1513"/>
							<String ID="string_237" HPOS="1540" VPOS="1627" WIDTH="121" HEIGHT="47" WC="0.96" CONTENT="högre"/><SP WIDTH="25" VPOS="1627" HPOS="1661"/>
							<String ID="string_238" HPOS="1686" VPOS="1632" WIDTH="47" HEIGHT="31" WC="0.96" CONTENT="än"/><SP WIDTH="20" VPOS="1632" HPOS="1733"/>
							<String ID="string_239" HPOS="1753" VPOS="1627" WIDTH="218" HEIGHT="37" WC="0.96" CONTENT="medeltalet"/>
						</TextLine>
						<TextLine ID="line_27" HPOS="385" VPOS="1662" WIDTH="1585" HEIGHT="67">
							<String ID="string_240" HPOS="385" VPOS="1662" WIDTH="43" HEIGHT="36" WC="0.96" CONTENT="af"/><SP WIDTH="23" VPOS="1662" HPOS="428"/>
							<String ID="string_241" HPOS="451" VPOS="1663" WIDTH="44" HEIGHT="37" WC="0.96" CONTENT="de"/><SP WIDTH="29" VPOS="1663" HPOS="495"/>
							<String ID="string_242" HPOS="524" VPOS="1665" WIDTH="119" HEIGHT="37" WC="0.95" CONTENT="under"/><SP WIDTH="28" VPOS="1665" HPOS="643"/>
							<String ID="string_243" HPOS="671" VPOS="1667" WIDTH="46" HEIGHT="37" WC="0.96" CONTENT="de"/><SP WIDTH="29" VPOS="1667" HPOS="717"/>
							<String ID="string_244" HPOS="746" VPOS="1669" WIDTH="51" HEIGHT="36" WC="0.96" CONTENT="tio"/><SP WIDTH="30" VPOS="1669" HPOS="797"/>
							<String ID="string_245" HPOS="827" VPOS="1670" WIDTH="93" HEIGHT="37" WC="0.96" CONTENT="sista"/><SP WIDTH="27" VPOS="1670" HPOS="920"/>
							<String ID="string_246" HPOS="947" VPOS="1674" WIDTH="88" HEIGHT="34" WC="0.96" CONTENT="åren"/><SP WIDTH="29" VPOS="1674" HPOS="1035"/>
							<String ID="string_247" HPOS="1064" VPOS="1674" WIDTH="176" HEIGHT="49" WC="0.91" CONTENT="afgjorda"/><SP WIDTH="28" VPOS="1674" HPOS="1240"/>
							<String ID="string_248" HPOS="1268" VPOS="1676" WIDTH="128" HEIGHT="49" WC="0.96" CONTENT="dylika"/><SP WIDTH="28" VPOS="1676" HPOS="1396"/>
							<String ID="string_249" HPOS="1424" VPOS="1678" WIDTH="83" HEIGHT="46" WC="0.96" CONTENT="mål,"/><SP WIDTH="30" VPOS="1678" HPOS="1507"/>
							<String ID="string_250" HPOS="1537" VPOS="1678" WIDTH="171" HEIGHT="38" WC="0.96" CONTENT="kommer"/><SP WIDTH="28" VPOS="1678" HPOS="1708"/>
							<String ID="string_251" HPOS="1736" VPOS="1692" WIDTH="47" HEIGHT="23" WC="0.96" CONTENT="en"/><SP WIDTH="23" VPOS="1692" HPOS="1783"/>
							<String ID="string_252" HPOS="1806" VPOS="1679" WIDTH="12" HEIGHT="36" WC="0.96" CONTENT="i"/><SP WIDTH="20" VPOS="1679" HPOS="1818"/>
							<String ID="string_253" HPOS="1838" VPOS="1679" WIDTH="132" HEIGHT="50" WC="0.96" CONTENT="början"/>
						</TextLine>
						<TextLine ID="line_28" HPOS="384" VPOS="1714" WIDTH="1586" HEIGHT="66">
							<String ID="string_254" HPOS="384" VPOS="1714" WIDTH="43" HEIGHT="36" WC="0.96" CONTENT="af"/><SP WIDTH="35" VPOS="1714" HPOS="427"/>
							<String ID="string_255" HPOS="462" VPOS="1715" WIDTH="254" HEIGHT="41" WC="0.96" CONTENT="innevarande"/><SP WIDTH="40" VPOS="1715" HPOS="716"/>
							<String ID="string_256" HPOS="756" VPOS="1723" WIDTH="40" HEIGHT="34" WC="0.96" CONTENT="år"/><SP WIDTH="41" VPOS="1723" HPOS="796"/>
							<String ID="string_257" HPOS="837" VPOS="1722" WIDTH="217" HEIGHT="39" WC="0.96" CONTENT="inkommen"/><SP WIDTH="43" VPOS="1722" HPOS="1054"/>
							<String ID="string_258" HPOS="1097" VPOS="1726" WIDTH="68" HEIGHT="36" WC="0.95" CONTENT="sak"/><SP WIDTH="41" VPOS="1726" HPOS="1165"/>
							<String ID="string_259" HPOS="1206" VPOS="1728" WIDTH="34" HEIGHT="48" WC="0.96" CONTENT="ej"/><SP WIDTH="39" VPOS="1728" HPOS="1240"/>
							<String ID="string_260" HPOS="1279" VPOS="1733" WIDTH="55" HEIGHT="32" WC="0.96" CONTENT="att"/><SP WIDTH="33" VPOS="1733" HPOS="1334"/>
							<String ID="string_261" HPOS="1367" VPOS="1728" WIDTH="114" HEIGHT="38" WC="0.93" CONTENT="blifva"/><SP WIDTH="28" VPOS="1728" HPOS="1481"/>
							<String ID="string_262" HPOS="1509" VPOS="1730" WIDTH="152" HEIGHT="50" WC="0.91" CONTENT="afgjord"/><SP WIDTH="30" VPOS="1730" HPOS="1661"/>
							<String ID="string_263" HPOS="1691" VPOS="1732" WIDTH="77" HEIGHT="35" WC="0.96" CONTENT="förr"/><SP WIDTH="29" VPOS="1732" HPOS="1768"/>
							<String ID="string_264" HPOS="1797" VPOS="1736" WIDTH="48" HEIGHT="31" WC="0.96" CONTENT="än"/><SP WIDTH="30" VPOS="1736" HPOS="1845"/>
							<String ID="string_265" HPOS="1875" VPOS="1732" WIDTH="95" HEIGHT="36" WC="0.96" CONTENT="efter"/>
						</TextLine>
						<TextLine ID="line_29" HPOS="383" VPOS="1770" WIDTH="541" HEIGHT="48">
							<String ID="string_266" HPOS="383" VPOS="1771" WIDTH="91" HEIGHT="32" WC="0.94" CONTENT="nära"/><SP WIDTH="26" VPOS="1771" HPOS="474"/>
							<String ID="string_267" HPOS="500" VPOS="1775" WIDTH="44" HEIGHT="29" WC="0.96" CONTENT="ett"/><SP WIDTH="27" VPOS="1775" HPOS="544"/>
							<String ID="string_268" HPOS="571" VPOS="1770" WIDTH="43" HEIGHT="36" WC="0.83" CONTENT="är"/><SP WIDTH="26" VPOS="1770" HPOS="614"/>
							<String ID="string_269" HPOS="640" VPOS="1772" WIDTH="73" HEIGHT="46" WC="0.96" CONTENT="fem"/><SP WIDTH="27" VPOS="1772" HPOS="713"/>
							<String ID="string_270" HPOS="740" VPOS="1774" WIDTH="184" HEIGHT="37" WC="0.91" CONTENT="månader."/>
						</TextLine>
					</TextBlock>
					<TextBlock ID="block_8" HPOS="384" VPOS="1819" WIDTH="1589" HEIGHT="102">
						<TextLine ID="line_30" HPOS="485" VPOS="1819" WIDTH="1488" HEIGHT="64">
							<String ID="string_271" HPOS="485" VPOS="1819" WIDTH="93" HEIGHT="38" WC="0.93" CONTENT="Lika"/><SP WIDTH="42" VPOS="1819" HPOS="578"/>
							<String ID="string_272" HPOS="620" VPOS="1831" WIDTH="203" HEIGHT="41" WC="0.91" CONTENT="ogynsamt"/><SP WIDTH="34" VPOS="1831" HPOS="823"/>
							<String ID="string_273" HPOS="857" VPOS="1827" WIDTH="128" HEIGHT="37" WC="0.96" CONTENT="ställer"/><SP WIDTH="28" VPOS="1827" HPOS="985"/>
							<String ID="string_274" HPOS="1013" VPOS="1829" WIDTH="60" HEIGHT="47" WC="0.96" CONTENT="sig"/><SP WIDTH="27" VPOS="1829" HPOS="1073"/>
							<String ID="string_275" HPOS="1100" VPOS="1830" WIDTH="263" HEIGHT="49" WC="0.96" CONTENT="förhållandet,"/><SP WIDTH="32" VPOS="1830" HPOS="1363"/>
							<String ID="string_276" HPOS="1395" VPOS="1846" WIDTH="57" HEIGHT="22" WC="0.96" CONTENT="om"/><SP WIDTH="31" VPOS="1846" HPOS="1452"/>
							<String ID="string_277" HPOS="1483" VPOS="1847" WIDTH="86" HEIGHT="23" WC="0.96" CONTENT="man"/><SP WIDTH="24" VPOS="1847" HPOS="1569"/>
							<String ID="string_278" HPOS="1593" VPOS="1835" WIDTH="142" HEIGHT="48" WC="0.93" CONTENT="jemför"/><SP WIDTH="28" VPOS="1835" HPOS="1735"/>
							<String ID="string_279" HPOS="1763" VPOS="1835" WIDTH="141" HEIGHT="37" WC="0.96" CONTENT="antalet"/><SP WIDTH="28" VPOS="1835" HPOS="1904"/>
							<String ID="string_280" HPOS="1932" VPOS="1835" WIDTH="41" HEIGHT="36" WC="0.96" CONTENT="af"/>
						</TextLine>
						<TextLine ID="line_31" HPOS="384" VPOS="1871" WIDTH="852" HEIGHT="50">
							<String ID="string_281" HPOS="384" VPOS="1871" WIDTH="174" HEIGHT="50" WC="0.96" CONTENT="samtliga"/><SP WIDTH="30" VPOS="1871" HPOS="558"/>
							<String ID="string_282" HPOS="588" VPOS="1875" WIDTH="245" HEIGHT="39" WC="0.96" CONTENT="balanserade"/><SP WIDTH="29" VPOS="1875" HPOS="833"/>
							<String ID="string_283" HPOS="862" VPOS="1879" WIDTH="72" HEIGHT="36" WC="0.96" CONTENT="mål"/><SP WIDTH="29" VPOS="1879" HPOS="934"/>
							<String ID="string_284" HPOS="963" VPOS="1880" WIDTH="69" HEIGHT="36" WC="0.96" CONTENT="och"/><SP WIDTH="29" VPOS="1880" HPOS="1032"/>
							<String ID="string_285" HPOS="1061" VPOS="1883" WIDTH="175" HEIGHT="36" WC="0.96" CONTENT="ärenden."/>
						</TextLine>
					</TextBlock>
					<TextBlock ID="block_9" HPOS="379" VPOS="1923" WIDTH="1590" HEIGHT="473">
						<TextLine ID="line_32" HPOS="485" VPOS="1923" WIDTH="1484" HEIGHT="66">
							<String ID="string_286" HPOS="485" VPOS="1923" WIDTH="72" HEIGHT="38" WC="0.96" CONTENT="Vid"/><SP WIDTH="29" VPOS="1923" HPOS="557"/>
							<String ID="string_287" HPOS="586" VPOS="1926" WIDTH="114" HEIGHT="38" WC="0.95" CONTENT="slutet"/><SP WIDTH="35" VPOS="1926" HPOS="700"/>
							<String ID="string_288" HPOS="735" VPOS="1929" WIDTH="42" HEIGHT="36" WC="0.96" CONTENT="af"/><SP WIDTH="28" VPOS="1929" HPOS="777"/>
							<String ID="string_289" HPOS="805" VPOS="1933" WIDTH="41" HEIGHT="33" WC="0.96" CONTENT="år"/><SP WIDTH="31" VPOS="1933" HPOS="846"/>
							<String ID="string_290" HPOS="877" VPOS="1933" WIDTH="108" HEIGHT="46" WC="0.96" CONTENT="1860,"/><SP WIDTH="29" VPOS="1933" HPOS="985"/>
							<String ID="string_291" HPOS="1014" VPOS="1933" WIDTH="65" HEIGHT="36" WC="0.96" CONTENT="det"/><SP WIDTH="28" VPOS="1933" HPOS="1079"/>
							<String ID="string_292" HPOS="1107" VPOS="1934" WIDTH="93" HEIGHT="37" WC="0.96" CONTENT="sista"/><SP WIDTH="28" VPOS="1934" HPOS="1200"/>
							<String ID="string_293" HPOS="1228" VPOS="1938" WIDTH="50" HEIGHT="45" WC="0.96" CONTENT="år,"/><SP WIDTH="29" VPOS="1938" HPOS="1278"/>
							<String ID="string_294" HPOS="1307" VPOS="1936" WIDTH="138" HEIGHT="49" WC="0.96" CONTENT="högsta"/><SP WIDTH="28" VPOS="1936" HPOS="1445"/>
							<String ID="string_295" HPOS="1473" VPOS="1938" WIDTH="214" HEIGHT="37" WC="0.96" CONTENT="domstolen"/><SP WIDTH="27" VPOS="1938" HPOS="1687"/>
							<String ID="string_296" HPOS="1714" VPOS="1939" WIDTH="179" HEIGHT="38" WC="0.97" CONTENT="arbetade"/><SP WIDTH="29" VPOS="1939" HPOS="1893"/>
							<String ID="string_297" HPOS="1922" VPOS="1943" WIDTH="47" HEIGHT="46" WC="0.97" CONTENT="på"/>
						</TextLine>
						<TextLine ID="line_33" HPOS="383" VPOS="1975" WIDTH="1585" HEIGHT="61">
							<String ID="string_298" HPOS="383" VPOS="1975" WIDTH="132" HEIGHT="38" WC="0.96" CONTENT="endast"/><SP WIDTH="27" VPOS="1975" HPOS="515"/>
							<String ID="string_299" HPOS="542" VPOS="1990" WIDTH="47" HEIGHT="24" WC="0.93" CONTENT="en"/><SP WIDTH="28" VPOS="1990" HPOS="589"/>
							<String ID="string_300" HPOS="617" VPOS="1980" WIDTH="206" HEIGHT="49" WC="0.91" CONTENT="afdelning,"/><SP WIDTH="31" VPOS="1980" HPOS="823"/>
							<String ID="string_301" HPOS="854" VPOS="1985" WIDTH="174" HEIGHT="47" WC="0.96" CONTENT="utgjorde"/><SP WIDTH="30" VPOS="1985" HPOS="1028"/>
							<String ID="string_302" HPOS="1058" VPOS="1987" WIDTH="283" HEIGHT="49" WC="0.96" CONTENT="sammanlagda"/><SP WIDTH="27" VPOS="1987" HPOS="1341"/>
							<String ID="string_303" HPOS="1368" VPOS="1989" WIDTH="140" HEIGHT="37" WC="0.96" CONTENT="antalet"/><SP WIDTH="27" VPOS="1989" HPOS="1508"/>
							<String ID="string_304" HPOS="1535" VPOS="1990" WIDTH="246" HEIGHT="38" WC="0.96" CONTENT="balanserade"/><SP WIDTH="23" VPOS="1990" HPOS="1781"/>
							<String ID="string_305" HPOS="1804" VPOS="1992" WIDTH="73" HEIGHT="36" WC="0.96" CONTENT="mål"/><SP WIDTH="21" VPOS="1992" HPOS="1877"/>
							<String ID="string_306" HPOS="1898" VPOS="1993" WIDTH="70" HEIGHT="36" WC="0.96" CONTENT="och"/>
						</TextLine>
						<TextLine ID="line_34" HPOS="382" VPOS="2028" WIDTH="1586" HEIGHT="69">
							<String ID="string_307" HPOS="382" VPOS="2028" WIDTH="163" HEIGHT="36" WC="0.93" CONTENT="ärenden"/><SP WIDTH="34" VPOS="2028" HPOS="545"/>
							<String ID="string_308" HPOS="579" VPOS="2033" WIDTH="125" HEIGHT="45" WC="0.87" CONTENT="2,201."/><SP WIDTH="56" VPOS="2033" HPOS="704"/>
							<String ID="string_309" HPOS="760" VPOS="2032" WIDTH="127" HEIGHT="38" WC="0.0" CONTENT="Sedan"/><SP WIDTH="28" VPOS="2032" HPOS="887"/>
							<String ID="string_310" HPOS="915" VPOS="2036" WIDTH="136" HEIGHT="49" WC="0.96" CONTENT="högsta"/><SP WIDTH="28" VPOS="2036" HPOS="1051"/>
							<String ID="string_311" HPOS="1079" VPOS="2038" WIDTH="215" HEIGHT="38" WC="0.96" CONTENT="domstolen"/><SP WIDTH="30" VPOS="2038" HPOS="1294"/>
							<String ID="string_312" HPOS="1324" VPOS="2040" WIDTH="82" HEIGHT="36" WC="0.96" CONTENT="från"/><SP WIDTH="29" VPOS="2040" HPOS="1406"/>
							<String ID="string_313" HPOS="1435" VPOS="2042" WIDTH="69" HEIGHT="36" WC="0.97" CONTENT="och"/><SP WIDTH="29" VPOS="2042" HPOS="1504"/>
							<String ID="string_314" HPOS="1533" VPOS="2043" WIDTH="87" HEIGHT="36" WC="0.96" CONTENT="med"/><SP WIDTH="29" VPOS="2043" HPOS="1620"/>
							<String ID="string_315" HPOS="1649" VPOS="2046" WIDTH="39" HEIGHT="33" WC="0.96" CONTENT="år"/><SP WIDTH="32" VPOS="2046" HPOS="1688"/>
							<String ID="string_316" HPOS="1720" VPOS="2045" WIDTH="94" HEIGHT="35" WC="0.96" CONTENT="1861"/><SP WIDTH="31" VPOS="2045" HPOS="1814"/>
							<String ID="string_317" HPOS="1845" VPOS="2040" WIDTH="123" HEIGHT="57" WC="0.96" CONTENT="börjat"/>
						</TextLine>
						<TextLine ID="line_35" HPOS="381" VPOS="2079" WIDTH="1586" HEIGHT="63">
							<String ID="string_318" HPOS="381" VPOS="2079" WIDTH="129" HEIGHT="37" WC="0.96" CONTENT="arbeta"/><SP WIDTH="40" VPOS="2079" HPOS="510"/>
							<String ID="string_319" HPOS="550" VPOS="2085" WIDTH="49" HEIGHT="46" WC="0.96" CONTENT="på"/><SP WIDTH="36" VPOS="2085" HPOS="599"/>
							<String ID="string_320" HPOS="635" VPOS="2086" WIDTH="63" HEIGHT="34" WC="0.93" CONTENT="två"/><SP WIDTH="36" VPOS="2086" HPOS="698"/>
							<String ID="string_321" HPOS="734" VPOS="2085" WIDTH="249" HEIGHT="50" WC="0.91" CONTENT="afdelningar,"/><SP WIDTH="29" VPOS="2085" HPOS="983"/>
							<String ID="string_322" HPOS="1012" VPOS="2089" WIDTH="216" HEIGHT="39" WC="0.96" CONTENT="minskades"/><SP WIDTH="28" VPOS="2089" HPOS="1228"/>
							<String ID="string_323" HPOS="1256" VPOS="2092" WIDTH="183" HEIGHT="37" WC="0.96" CONTENT="balansen"/><SP WIDTH="28" VPOS="2092" HPOS="1439"/>
							<String ID="string_324" HPOS="1467" VPOS="2094" WIDTH="156" HEIGHT="48" WC="0.95" CONTENT="årligen,"/><SP WIDTH="30" VPOS="2094" HPOS="1623"/>
							<String ID="string_325" HPOS="1653" VPOS="2097" WIDTH="40" HEIGHT="34" WC="0.96" CONTENT="så"/><SP WIDTH="27" VPOS="2097" HPOS="1693"/>
							<String ID="string_326" HPOS="1720" VPOS="2099" WIDTH="54" HEIGHT="32" WC="0.96" CONTENT="att"/><SP WIDTH="28" VPOS="2099" HPOS="1774"/>
							<String ID="string_327" HPOS="1802" VPOS="2096" WIDTH="74" HEIGHT="36" WC="0.96" CONTENT="den"/><SP WIDTH="28" VPOS="2096" HPOS="1876"/>
							<String ID="string_328" HPOS="1904" VPOS="2095" WIDTH="63" HEIGHT="36" WC="0.96" CONTENT="vid"/>
						</TextLine>
						<TextLine ID="line_36" HPOS="383" VPOS="2133" WIDTH="1583" HEIGHT="54">
							<String ID="string_329" HPOS="383" VPOS="2133" WIDTH="97" HEIGHT="35" WC="0.96" CONTENT="1868"/><SP WIDTH="42" VPOS="2133" HPOS="480"/>
							<String ID="string_330" HPOS="522" VPOS="2136" WIDTH="59" HEIGHT="34" WC="0.96" CONTENT="års"/><SP WIDTH="42" VPOS="2136" HPOS="581"/>
							<String ID="string_331" HPOS="623" VPOS="2135" WIDTH="74" HEIGHT="37" WC="0.92" CONTENT="slut"/><SP WIDTH="40" VPOS="2135" HPOS="697"/>
							<String ID="string_332" HPOS="737" VPOS="2137" WIDTH="207" HEIGHT="50" WC="0.90" CONTENT="nedbragts"/><SP WIDTH="43" VPOS="2137" HPOS="944"/>
							<String ID="string_333" HPOS="987" VPOS="2140" WIDTH="54" HEIGHT="36" WC="0.96" CONTENT="till"/><SP WIDTH="35" VPOS="2140" HPOS="1041"/>
							<String ID="string_334" HPOS="1076" VPOS="2143" WIDTH="84" HEIGHT="35" WC="0.94" CONTENT="336."/><SP WIDTH="55" VPOS="2143" HPOS="1160"/>
							<String ID="string_335" HPOS="1215" VPOS="2143" WIDTH="129" HEIGHT="37" WC="0.96" CONTENT="Under"/><SP WIDTH="29" VPOS="2143" HPOS="1344"/>
							<String ID="string_336" HPOS="1373" VPOS="2147" WIDTH="88" HEIGHT="34" WC="0.93" CONTENT="åren"/><SP WIDTH="31" VPOS="2147" HPOS="1461"/>
							<String ID="string_337" HPOS="1492" VPOS="2148" WIDTH="250" HEIGHT="35" WC="0.92" CONTENT="1869—1885"/><SP WIDTH="31" VPOS="2148" HPOS="1742"/>
							<String ID="string_338" HPOS="1773" VPOS="2147" WIDTH="193" HEIGHT="37" WC="0.96" CONTENT="varierade"/>
						</TextLine>
						<TextLine ID="line_37" HPOS="380" VPOS="2183" WIDTH="1587" HEIGHT="64">
							<String ID="string_339" HPOS="380" VPOS="2183" WIDTH="178" HEIGHT="39" WC="0.95" CONTENT="balansen"/><SP WIDTH="43" VPOS="2183" HPOS="558"/>
							<String ID="string_340" HPOS="601" VPOS="2188" WIDTH="159" HEIGHT="37" WC="0.96" CONTENT="emellan"/><SP WIDTH="42" VPOS="2188" HPOS="760"/>
							<String ID="string_341" HPOS="802" VPOS="2189" WIDTH="103" HEIGHT="50" WC="0.96" CONTENT="lägst"/><SP WIDTH="42" VPOS="2189" HPOS="905"/>
							<String ID="string_342" HPOS="947" VPOS="2194" WIDTH="72" HEIGHT="35" WC="0.96" CONTENT="370"/><SP WIDTH="43" VPOS="2194" HPOS="1019"/>
							<String ID="string_343" HPOS="1062" VPOS="2193" WIDTH="55" HEIGHT="48" WC="0.96" CONTENT="(år"/><SP WIDTH="39" VPOS="2193" HPOS="1117"/>
							<String ID="string_344" HPOS="1156" VPOS="2195" WIDTH="111" HEIGHT="49" WC="0.96" CONTENT="1870)"/><SP WIDTH="30" VPOS="2195" HPOS="1267"/>
							<String ID="string_345" HPOS="1297" VPOS="2196" WIDTH="72" HEIGHT="36" WC="0.96" CONTENT="och"/><SP WIDTH="27" VPOS="2196" HPOS="1369"/>
							<String ID="string_346" HPOS="1396" VPOS="2197" WIDTH="116" HEIGHT="49" WC="0.96" CONTENT="högst"/><SP WIDTH="31" VPOS="2197" HPOS="1512"/>
							<String ID="string_347" HPOS="1543" VPOS="2201" WIDTH="72" HEIGHT="33" WC="0.95" CONTENT="713"/><SP WIDTH="29" VPOS="2201" HPOS="1615"/>
							<String ID="string_348" HPOS="1644" VPOS="2197" WIDTH="53" HEIGHT="49" WC="0.96" CONTENT="(år"/><SP WIDTH="30" VPOS="2197" HPOS="1697"/>
							<String ID="string_349" HPOS="1727" VPOS="2199" WIDTH="112" HEIGHT="48" WC="0.96" CONTENT="1876)"/><SP WIDTH="31" VPOS="2199" HPOS="1839"/>
							<String ID="string_350" HPOS="1870" VPOS="2206" WIDTH="97" HEIGHT="30" WC="0.96" CONTENT="samt"/>
						</TextLine>
						<TextLine ID="line_38" HPOS="381" VPOS="2237" WIDTH="1586" HEIGHT="57">
							<String ID="string_351" HPOS="381" VPOS="2237" WIDTH="175" HEIGHT="49" WC="0.96" CONTENT="utgjorde"/><SP WIDTH="31" VPOS="2237" HPOS="556"/>
							<String ID="string_352" HPOS="587" VPOS="2240" WIDTH="121" HEIGHT="49" WC="0.93" CONTENT="enligt"/><SP WIDTH="27" VPOS="2240" HPOS="708"/>
							<String ID="string_353" HPOS="735" VPOS="2242" WIDTH="193" HEIGHT="37" WC="0.92" CONTENT="verkstäld"/><SP WIDTH="28" VPOS="2242" HPOS="928"/>
							<String ID="string_354" HPOS="956" VPOS="2246" WIDTH="204" HEIGHT="48" WC="0.96" CONTENT="uträkning"/><SP WIDTH="27" VPOS="2246" HPOS="1160"/>
							<String ID="string_355" HPOS="1187" VPOS="2248" WIDTH="11" HEIGHT="35" WC="0.96" CONTENT="i"/><SP WIDTH="28" VPOS="2248" HPOS="1198"/>
							<String ID="string_356" HPOS="1226" VPOS="2248" WIDTH="177" HEIGHT="37" WC="0.96" CONTENT="medeltal"/><SP WIDTH="30" VPOS="2248" HPOS="1403"/>
							<String ID="string_357" HPOS="1433" VPOS="2252" WIDTH="83" HEIGHT="33" WC="0.96" CONTENT="522."/><SP WIDTH="58" VPOS="2252" HPOS="1516"/>
							<String ID="string_358" HPOS="1574" VPOS="2249" WIDTH="72" HEIGHT="37" WC="0.96" CONTENT="Vid"/><SP WIDTH="32" VPOS="2249" HPOS="1646"/>
							<String ID="string_359" HPOS="1678" VPOS="2252" WIDTH="96" HEIGHT="35" WC="0.96" CONTENT="1885"/><SP WIDTH="29" VPOS="2252" HPOS="1774"/>
							<String ID="string_360" HPOS="1803" VPOS="2254" WIDTH="60" HEIGHT="33" WC="0.95" CONTENT="års"/><SP WIDTH="30" VPOS="2254" HPOS="1863"/>
							<String ID="string_361" HPOS="1893" VPOS="2251" WIDTH="74" HEIGHT="37" WC="0.96" CONTENT="slut"/>
						</TextLine>
						<TextLine ID="line_39" HPOS="379" VPOS="2288" WIDTH="1586" HEIGHT="59">
							<String ID="string_362" HPOS="379" VPOS="2288" WIDTH="137" HEIGHT="37" WC="0.95" CONTENT="funnos"/><SP WIDTH="28" VPOS="2288" HPOS="516"/>
							<String ID="string_363" HPOS="544" VPOS="2289" WIDTH="12" HEIGHT="36" WC="0.92" CONTENT="1"/><SP WIDTH="23" VPOS="2289" HPOS="556"/>
							<String ID="string_364" HPOS="579" VPOS="2289" WIDTH="364" HEIGHT="48" WC="0.91" CONTENT="justitierevisionen"/><SP WIDTH="29" VPOS="2289" HPOS="943"/>
							<String ID="string_365" HPOS="972" VPOS="2298" WIDTH="73" HEIGHT="35" WC="0.96" CONTENT="554"/><SP WIDTH="30" VPOS="2298" HPOS="1045"/>
							<String ID="string_366" HPOS="1075" VPOS="2298" WIDTH="198" HEIGHT="49" WC="0.92" CONTENT="oafgjorda"/><SP WIDTH="28" VPOS="2298" HPOS="1273"/>
							<String ID="string_367" HPOS="1301" VPOS="2300" WIDTH="73" HEIGHT="35" WC="0.95" CONTENT="mål"/><SP WIDTH="30" VPOS="2300" HPOS="1374"/>
							<String ID="string_368" HPOS="1404" VPOS="2302" WIDTH="69" HEIGHT="35" WC="0.96" CONTENT="och"/><SP WIDTH="29" VPOS="2302" HPOS="1473"/>
							<String ID="string_369" HPOS="1502" VPOS="2302" WIDTH="177" HEIGHT="36" WC="0.96" CONTENT="ärenden."/><SP WIDTH="56" VPOS="2302" HPOS="1679"/>
							<String ID="string_370" HPOS="1735" VPOS="2303" WIDTH="130" HEIGHT="37" WC="0.96" CONTENT="Under"/><SP WIDTH="28" VPOS="2303" HPOS="1865"/>
							<String ID="string_371" HPOS="1893" VPOS="2304" WIDTH="72" HEIGHT="36" WC="0.96" CONTENT="den"/>
						</TextLine>
						<TextLine ID="line_40" HPOS="380" VPOS="2340" WIDTH="1586" HEIGHT="56">
							<String ID="string_372" HPOS="380" VPOS="2340" WIDTH="115" HEIGHT="50" WC="0.92" CONTENT="derpå"/><SP WIDTH="26" VPOS="2340" HPOS="495"/>
							<String ID="string_373" HPOS="521" VPOS="2342" WIDTH="168" HEIGHT="49" WC="0.96" CONTENT="följande"/><SP WIDTH="28" VPOS="2342" HPOS="689"/>
							<String ID="string_374" HPOS="717" VPOS="2346" WIDTH="297" HEIGHT="50" WC="0.96" CONTENT="tioårsperioden"/><SP WIDTH="28" VPOS="2346" HPOS="1014"/>
							<String ID="string_375" HPOS="1042" VPOS="2349" WIDTH="69" HEIGHT="38" WC="0.96" CONTENT="har"/><SP WIDTH="27" VPOS="2349" HPOS="1111"/>
							<String ID="string_376" HPOS="1138" VPOS="2350" WIDTH="181" HEIGHT="39" WC="0.96" CONTENT="balansen"/><SP WIDTH="30" VPOS="2350" HPOS="1319"/>
							<String ID="string_377" HPOS="1349" VPOS="2354" WIDTH="40" HEIGHT="34" WC="0.96" CONTENT="år"/><SP WIDTH="28" VPOS="2354" HPOS="1389"/>
							<String ID="string_378" HPOS="1417" VPOS="2353" WIDTH="95" HEIGHT="37" WC="0.96" CONTENT="efter"/><SP WIDTH="28" VPOS="2353" HPOS="1512"/>
							<String ID="string_379" HPOS="1540" VPOS="2356" WIDTH="41" HEIGHT="34" WC="0.96" CONTENT="år"/><SP WIDTH="28" VPOS="2356" HPOS="1581"/>
							<String ID="string_380" HPOS="1609" VPOS="2359" WIDTH="134" HEIGHT="33" WC="0.92" CONTENT="nästan"/><SP WIDTH="30" VPOS="2359" HPOS="1743"/>
							<String ID="string_381" HPOS="1773" VPOS="2355" WIDTH="193" HEIGHT="37" WC="0.91" CONTENT="oafbrutet"/>
						</TextLine>
					</TextBlock>
				</ComposedBlock>
			</PrintSpace>
		</Page>
	</Layout>
</alto>
