1890 2790
475 155 406 40 Bevillningsutskottets
909 155 218 30 betänkande
1153 164 41 20 nr
1219 155 51 30 56.
1612 153 14 30 1

790 400 59 39 Nr
875 399 62 41 56.

345 501 403 40 Bevillningsutskottets
777 501 219 30 betänkande
1024 501 11 29 i
1062 500 189 39 anledning
1279 508 42 21 av
1348 498 125 40 Kungl.
1500 497 126 40 Maj:ts

564 552 217 40 proposition
810 552 80 30 med
915 551 133 40 förslag
1076 550 52 30 till
1154 550 54 39 lag
1234 549 178 40 angående
1439 548 150 39 ändring
1617 547 11 29 i

564 602 149 39 stadgan
737 602 66 30 den
827 603 39 29 21
890 601 157 40 februari
1071 602 81 29 1941
1182 601 61 35 (nr
1266 601 60 34 98)
1353 609 56 20 om
1433 599 194 37 ersättning

563 653 59 40 för
643 652 508 39 riksdagsmannauppdragets
1172 650 232 40 fullgörande,
1426 659 45 20 m.
1493 658 58 27 m.,
1574 648 54 30 så-

567 704 64 30 vitt
656 703 263 40 propositionen
947 702 182 30 hänvisats
1158 701 52 30 till
1237 699 390 40 bevillningsutskottet,

565 753 110 40 jämte
696 754 11 29 i
726 754 120 30 ämnet
868 752 122 31 väckta
1009 751 183 31 motioner.

168 857 14 29 I
202 866 43 21 en
263 856 68 30 den
353 856 39 30 16
412 864 94 22 mars
529 856 83 30 1951
634 854 219 40 dagtecknad
873 853 227 40 proposition,
1122 862 42 20 nr
1186 852 72 34 132,
1278 852 65 29 har
1362 850 125 40 Kungl.
1508 849 117 40 Maj:t,

126 907 112 30 under
266 906 220 40 åberopande
514 915 44 21 av
587 904 264 41 propositionen
880 904 107 39 bilagt
1017 903 127 39 utdrag
1174 911 41 21 av
1246 900 383 41 statsrådsprotokollet

126 958 81 29 över
226 956 273 31 finansärenden
520 956 55 30 för
596 964 135 22 samma
751 955 77 39 dag,
849 953 180 40 föreslagit
1048 953 189 39 riksdagen
1255 954 52 28 att
1327 952 127 39 antaga
1473 950 59 31 vid
1551 959 79 31 pro-

125 1008 200 40 positionen
349 1006 124 41 fogade
498 1006 133 40 förslag
655 1005 53 30 till

173 1058 34 34 1)
236 1058 56 40 lag
314 1057 177 40 angående
513 1056 150 40 ändring
684 1055 12 30 i
718 1056 149 39 stadgan
889 1055 66 30 den
978 1055 38 29 21
1041 1053 156 30 februari
1221 1052 82 31 1941
1333 1052 58 35 (nr
1414 1051 57 35 98)
1499 1060 59 21 om
1579 1060 51 21 er-

126 1109 155 39 sättning
303 1108 56 30 för
381 1106 509 41 riksdagsmannauppdragets
913 1104 236 40 fullgörande;
1174 1103 65 30 och

171 1159 35 35 2)
234 1158 56 41 lag
313 1167 58 22 om
393 1158 134 30 ändrad
550 1157 131 39 lydelse
704 1165 43 22 av
770 1155 41 32 33
837 1155 16 37 $
878 1153 426 40 kommunalskattelagen
1328 1153 67 30 den
1418 1152 41 30 28
1481 1153 150 39 septem-

126 1211 60 30 ber
212 1210 84 30 1928
326 1208 58 35 (nr
408 1208 95 34 370).

171 1310 161 31 Rörande
355 1308 281 41 propositionens
660 1306 258 40 huvudsakliga
941 1305 157 30 innehåll
1121 1304 57 31 må
1202 1304 190 30 anmärkas
1416 1302 168 40 följande.

170 1362 14 30 I
206 1360 263 41 propositionen
491 1358 149 31 föreslås
663 1360 51 28 att
736 1357 203 30 årsarvodet
961 1356 55 30 för
1039 1355 247 39 riksdagsmän
1309 1354 80 30 med
1412 1353 135 30 faktisk
1571 1352 58 30 bo-

125 1411 155 40 sättning
300 1411 21 30 å
341 1410 263 39 riksdagsorten
626 1409 82 29 eller
729 1407 39 30 så
787 1408 88 29 nära
896 1407 115 30 denna
1031 1407 52 28 att
1103 1404 172 31 nattvilan
1296 1403 239 40 regelmässigt
1556 1403 72 29 kan

127 1462 196 39 tillbringas
350 1461 5 29 i
374 1460 153 30 hemmet
548 1458 91 31 skall
660 1457 194 30 fastställas
874 1456 53 30 till
947 1456 19 30 9
981 1455 63 31 000
1064 1456 130 29 kronor
1215 1457 91 28 samt
1327 1454 55 30 för
1402 1453 119 39 övriga
1542 1453 88 30 riks-

125 1513 169 38 dagsmän
314 1511 53 30 till
388 1510 39 30 12
441 1510 63 30 000
523 1510 141 29 kronor.
684 1508 51 30 Av
754 1508 57 30 det
830 1507 107 39 högre
956 1506 143 30 arvodet
1119 1505 98 30 skola
1236 1504 59 31 två
1313 1503 211 40 tredjedelar
1544 1512 84 20 vara

129 1561 231 40 avdragsgilla
380 1560 57 30 vid
458 1559 169 39 taxering,
650 1558 128 31 medan
799 1557 56 30 för
875 1557 58 29 det
953 1556 93 39 lägre
1068 1555 141 30 arvodet
1231 1554 129 39 avdrag
1381 1552 175 40 medgives
1578 1552 56 30 för

129 1613 103 30 halva
248 1612 171 39 beloppet.

172 1713 266 41 Propositionen
465 1711 65 31 har
558 1709 192 35 hänvisats,
780 1708 105 31 såvitt
914 1707 107 41 angår
1051 1707 166 39 förslaget
1245 1706 53 30 till
1327 1706 55 39 lag
1410 1714 57 21 om
1495 1705 136 30 ändrad

127 1764 129 40 lydelse
280 1773 43 20 av
346 1762 41 32 33
413 1763 15 37 8
454 1759 437 40 kommunalskattelagen,
915 1758 53 31 till
991 1756 381 40 bevillningsutskottet
1396 1756 64 29 och
1483 1755 12 29 i
1518 1754 112 40 övrigt

128 1816 53 29 till
204 1812 437 33 konstitutionsutskottet.

173 1915 64 30 Det
259 1912 246 31 ovannämnda
526 1911 113 30 under
662 1910 35 34 2)
725 1910 179 39 upptagna
927 1902 397 44 författningsförslaget
1348 1906 38 29 är
1409 1914 41 21 av
1473 1905 159 39 följande

128 1964 146 40 lydelse:

766 2051 230 43 Förslag

856 2118 54 31 till

196 2195 62 42 lag
281 2204 66 23 om
372 2191 155 35 ändrad
552 2190 152 44 lydelse
728 2200 49 23 av
801 2189 44 33 33
869 2187 20 43 $
912 2185 486 43 kommunalskattelagen
1424 2184 76 34 den
1525 2185 44 32 28

611 2250 229 44 september
863 2248 88 34 1928
974 2247 68 43 (nr
1065 2246 94 43 370).

177 2355 210 39 Härigenom
414 2352 197 33 förordnas,
639 2352 50 29 att
714 2350 41 30 33
785 2349 15 37 3
829 2347 425 38 kommunalskattelagen
1279 2347 68 29 den
1373 2345 40 30 28
1439 2345 195 40 september

134 2406 93 32 1928!
246 2405 89 31 skall
354 2404 133 30 erhålla
505 2402 135 32 ändrad
660 2401 131 40 lydelse
810 2400 45 40 på
877 2400 67 31 sätt
965 2398 114 30 nedan
1100 2398 150 39 angives.

164 2475 6 15 1
191 2477 109 23 Senaste
319 2474 107 31 lydelse,
445 2479 26 18 se
490 2470 73 26 1950:
580 2470 57 25 308.

164 2525 14 26 1
221 2524 111 30 Bihanyg
344 2523 46 23 till
402 2521 169 31 riksdagens
583 2519 147 32 protokoll
743 2518 77 25 1951.
840 2518 14 24 7
867 2517 83 25 saml.
969 2517 40 23 Nr
1022 2518 39 24 56.
