2222 2632
704 197 264 32 Statsutskottets
993 197 174 32 Memorial
1190 198 61 31 N:o
1276 200 69 30 165.
1767 203 16 27 3

222 284 107 45 1,140
371 282 140 38 kronor
553 283 87 37 med
678 282 262 51 uppflyttning
967 283 12 37 i
1006 284 121 49 högre
1155 283 194 39 löneklass
1379 285 97 36 efter
1505 288 21 34 3
1555 286 70 36 och
1656 287 20 34 6
1706 288 51 44 år,
1786 289 41 33 så

219 338 55 31 att
303 333 297 50 slutaflöningen
628 334 99 37 efter
755 337 19 34 6
805 337 40 34 år
872 334 72 37 blir
975 336 108 46 1,380
1111 335 153 47 kronor,
1292 341 124 32 röstar

988 437 64 46 Ja;

352 536 95 46 Den,
477 536 64 37 det
569 536 33 49 ej
631 536 78 48 vill,
733 542 123 32 röstar

979 639 88 49 Nej;

352 738 144 37 Vinner
535 738 86 50 Nej,
660 739 69 37 har
769 739 234 50 Riksdagen,
1031 740 12 37 i
1066 741 121 36 likhet
1215 740 87 37 med
1330 739 130 37 Andra
1489 740 246 45 Kammaren,
1763 740 63 37 be-

218 794 116 31 stämt
362 789 462 51 begynnelseaflöningen
852 791 59 36 för
938 791 260 38 vaktmästare
1226 792 12 36 i
1265 790 359 49 telegrafstyrelsen
1644 790 57 36 till
1719 793 107 46 1,140

216 840 142 37 kronor
398 839 85 37 med
525 841 263 49 uppflyttning
817 842 11 36 i
856 842 120 48 högre
1004 842 194 37 löneklass
1227 842 97 37 efter
1352 845 33 43 3,
1414 843 34 45 6,
1479 844 20 34 9
1530 841 72 37 och
1631 843 45 34 12
1706 845 50 44 år,
1786 846 41 32 så

218 895 55 32 att
301 890 298 49 slutaflöningen
628 892 99 36 efter
757 894 44 34 12
831 895 40 34 år
898 892 174 38 kommer
1101 898 55 32 att
1183 898 138 44 utgöra
1351 894 109 45 1,650
1489 892 177 37 kronor.»

987 1010 73 46 3:0)

351 1093 198 38 Utskottet
589 1095 98 36 hade
721 1095 53 36 uti
803 1094 448 51 aflöningsreglementet
1279 1094 213 50 föreslagit,
1521 1101 56 30 att
1605 1095 219 50 Riksdagen

218 1148 116 33 måtte
362 1145 88 37 med
479 1145 107 37 bifall
613 1145 57 36 till
697 1146 143 49 Kungl.
869 1146 123 50 Maj:ts
1012 1147 132 36 därom
1161 1145 136 50 gjorda
1314 1145 286 49 framställning
1613 1146 213 37 bestämma

217 1195 460 49 begynnelseaflöningen
705 1196 58 36 för
790 1197 136 36 kassör
954 1198 41 36 af
1018 1200 58 34 1:a
1103 1196 236 49 lönegraden
1367 1196 57 36 till
1454 1198 108 45 1,140
1583 1197 141 37 kronor
1740 1197 85 36 med

216 1246 263 49 uppflyttning
518 1247 12 35 1
570 1247 120 48 högre
730 1246 194 38 löneklass
967 1248 98 37 efter
1092 1249 34 44 3,
1156 1249 33 44 6,
1219 1249 34 45 9,
1284 1249 56 45 12,
1372 1249 44 35 15
1445 1248 71 35 och
1547 1249 44 34 18
1621 1251 52 43 år,
1702 1251 42 33 så
1772 1253 55 31 att

218 1296 297 49 slutaflöningen
545 1297 98 36 efter
672 1298 45 35 18
746 1300 41 34 år
813 1297 128 38 blefve
970 1300 112 45 2,100
1110 1298 152 36 kronor.

353 1347 64 37 Uti
454 1360 47 24 en
528 1347 103 37 inom
660 1347 189 38 utskottet
877 1349 170 49 afgifven
1079 1348 236 37 reservation
1343 1348 99 37 hade
1470 1349 89 36 herr
1586 1349 44 36 D.
1660 1349 166 36 Persson

217 1412 48 22 m.
295 1398 35 36 fl.
359 1398 125 49 yrkat,
513 1404 54 31 att
592 1398 459 51 begynnelseaflöningen
1079 1399 58 37 för
1166 1399 134 37 kassör
1328 1399 42 36 af
1389 1401 56 35 1:a
1458 1399 237 49 lönegraden
1710 1403 116 33 måtte

216 1449 235 37 bestämmas
478 1449 57 36 till
565 1451 109 45 1,260
697 1449 152 38 kronor.

350 1499 137 37 Första
530 1500 234 37 Kammaren
806 1501 69 36 har
914 1500 140 37 bifallit
1093 1500 209 38 utskottets
1343 1500 243 47 hemställan,
1628 1500 198 37 hvaremot

216 1549 132 38 Andra
387 1551 246 45 Kammaren,
672 1551 87 37 med
798 1551 109 37 bifall
946 1550 57 38 till
1041 1551 300 47 reservationen,
1376 1552 166 37 bestämt
1570 1551 255 49 begynnelse-

217 1601 218 48 aflöningen
463 1601 57 37 till
552 1603 107 43 1,260
687 1602 139 37 kronor
854 1602 88 37 med
969 1607 76 32 rätt
1071 1602 58 37 till
1156 1602 263 50 uppflyttning
1444 1602 10 36 i
1484 1602 120 49 högre
1632 1601 192 38 löneklass

217 1652 97 36 efter
351 1655 33 43 3,
426 1654 34 45 6,
502 1655 33 44 9,
577 1654 44 35 12
655 1653 71 36 och
756 1654 44 35 15
830 1656 51 44 år,
910 1657 43 33 så
980 1658 56 31 att
1064 1652 298 50 slutaflöningen
1390 1652 126 38 blefve
1545 1655 113 45 2,100
1685 1653 140 37 kronor

217 1702 98 37 efter
345 1704 45 35 15
418 1705 51 34 år.

350 1803 57 38 Då
443 1803 137 50 frågan
619 1804 162 37 sålunda
817 1807 120 34 måste
966 1804 157 49 afgöras
1150 1818 139 35 genom
1319 1817 223 37 gemensam
1572 1805 251 49 omröstning,

217 1854 57 37 får
302 1854 188 37 utskottet
517 1854 141 37 föreslå
685 1855 170 49 följande
884 1855 456 51 voteringsproposition:

352 1955 117 45 »Den,
499 1968 81 24 som
608 1956 11 36 1
647 1955 121 37 likhet
795 1955 86 37 med
910 1956 136 37 Första
1069 1957 231 36 Kammaren
1325 1955 77 48 vill,
1418 1961 54 32 att
1487 1956 234 49 Riksdagen,
1738 1956 86 37 med

217 2004 107 37 bifall
364 2006 57 36 till
461 2005 142 50 Kungl.
645 2006 126 48 Maj:ts
813 2007 158 48 förslag,
1012 2007 231 36 bestämmer
1272 2006 460 50 begynnelseaflöningen
1767 2007 57 36 för

217 2055 135 37 kassör
393 2057 41 35 af
476 2058 57 34 1:a
573 2056 238 49 lönegraden
851 2056 57 36 till
949 2059 108 42 1,140
1098 2057 140 36 kronor
1267 2058 87 35 med
1383 2057 263 48 uppflyttning
1669 2058 10 35 i
1704 2057 119 48 högre

217 2104 193 40 löneklass
452 2107 97 36 efter
577 2109 34 43 3,
641 2109 33 44 6,
704 2109 33 44 9,
765 2108 56 45 12,
853 2108 44 34 15
926 2107 71 36 och
1023 2109 44 34 18
1098 2110 50 43 år,
1178 2110 41 33 så
1248 2113 54 30 att
1331 2107 296 48 slutaflöningen
1652 2108 97 35 efter
1779 2109 43 34 18

218 2159 39 33 år
285 2156 138 37 blifver
451 2159 109 45 2,100
588 2157 152 46 kronor,
768 2162 124 32 röstar

992 2257 64 45 Ja;
