2222 2630
730 198 256 33 Statsutskottets
1009 199 168 33 utlåtande
1199 200 53 32 Nr
1275 204 29 28 6.
1788 204 40 34 47

731 288 55 33 att
822 284 206 48 riksdagen
1061 288 72 44 må,
1162 285 56 37 till
1260 285 215 42 beredande
1502 287 12 36 i
1543 287 171 49 enlighet
1742 288 85 37 med

628 334 46 39 de
714 335 12 36 i
767 336 420 50 statsrådsprotokollet
1223 343 92 31 över
1351 338 293 39 finansärenden
1677 340 73 37 den
1782 343 45 34 14

622 386 150 50 januari
816 390 98 35 1914
942 389 168 48 angivna
1138 390 168 48 grunder
1333 403 46 24 av
1408 399 98 29 extra
1534 392 206 50 lönetillägg
1762 394 67 49 för

627 439 243 38 innevarande
911 440 42 36 är
993 444 39 33 åt
1073 454 48 23 en
1158 440 61 38 del
1247 442 232 48 tjänstemän
1516 444 71 36 och
1620 444 208 48 betjänte
1808 435 24 61 i

625 490 58 37 till
721 491 388 50 civildepartementet
1150 493 168 37 hörande
1351 494 241 38 ämbetsverk
1619 495 71 37 och
1719 496 109 37 kårer

627 545 21 33 å
685 548 106 32 extra
819 549 76 31 stat
922 544 59 37 för
1009 547 41 34 år
1081 546 97 35 1915
1206 546 131 36 anvisa
1367 552 54 31 ett
1450 547 303 49 förslagsanslag
1779 562 48 22 av

627 596 139 46 20,000
795 595 154 37 kronor.

330 696 100 49 85:0)
458 697 87 37 Med
587 698 209 49 anledning
836 712 48 23 av
924 699 75 37 vad
1042 700 139 49 Kungl.
1223 701 108 49 Maj:t
1366 701 3 36 i
1400 702 120 49 punkt
1549 704 47 35 83
1627 716 46 23 av
1702 703 124 37 denna
1852 712 202 40 Awerstillägg.

226 747 211 38 buvudtitel
475 749 215 50 föreslagit,
719 751 59 36 får
805 751 201 48 utskottet,
1035 752 120 37 under
1184 752 238 50 åberopande
1450 767 47 24 av
1525 755 74 36 vad
1627 754 57 37 till
1713 760 111 32 stats-
1877 768 144 32 (Ordinarie

226 800 332 50 rådsprotokollet,
589 802 69 36 sid.
690 805 86 45 277,
805 803 13 36 i
846 804 156 36 ärendet
1030 805 161 47 anförts,
1219 804 213 49 hemställa,

1918 858 112 39 83.].

728 910 55 32 att
823 906 207 49 riksdagen
1058 910 61 33 må
1147 907 88 48 höja
1263 908 188 37 ordinarie
1480 909 344 50 förslagsanslaget

623 956 55 37 till
709 958 260 50 dälderstillägg,
998 972 51 23 nu
1080 960 164 47 300,000
1273 960 153 46 kronor,
1455 961 87 37 med
1573 964 137 44 753,000
1738 962 84 37 kro-

626 1022 69 23 nor
722 1009 58 37 till
810 1012 164 45 375,000
1003 1011 149 36 kronor.

327 1110 100 49 86:0)
456 1111 129 37 Under
626 1112 122 50 punkt
790 1114 48 35 84
879 1114 69 36 har
984 1114 143 49 Kungl.
1157 1114 108 50 Maj:t
1292 1115 199 50 föreslagit
1532 1117 207 49 riksdagen
1769 1123 54 31 att
1874 1133 77 23 Rese-
1971 1135 46 23 och

223 1162 169 37 beräkna
420 1176 46 23 en
495 1163 163 50 höjning
684 1165 84 35 från
797 1165 71 36 och
895 1166 86 36 med
1007 1169 40 33 år
1071 1168 99 35 1915
1199 1180 47 23 av
1275 1167 65 36 det
1368 1171 20 33 å
1416 1168 190 37 ordinarie
1634 1174 75 32 stat
1727 1183 95 36 upp-
1856 1164 184 66 fraktaments-

223 1214 109 37 förda
370 1215 341 48 förslagsanslaget
751 1216 56 37 till
844 1230 101 23 rese-
974 1218 70 36 och
1072 1218 470 51 traktamentspenningar
1570 1221 84 36 med
1684 1223 138 44 20,000
1865 1210 155 67 Ordna

223 1266 143 36 kronor
394 1265 90 38 eller
511 1267 86 36 från
628 1269 163 45 150,000
821 1269 141 36 kronor
989 1269 56 36 till
1076 1271 163 47 170,000
1268 1271 151 36 kronor.
1878 1277 122 41 anslag.)

362 1331 65 23 ver
468 1318 124 37 denna
632 1319 287 50 framställning
959 1321 173 37 kommer
1168 1322 186 37 utskottet
1387 1329 55 30 att
1469 1324 205 37 framdeles
1704 1325 119 36 under
1899 1338 94 47 [84.]

222 1368 206 50 riksdagen
458 1370 139 49 avgiva
624 1370 207 48 utlåtande,
861 1372 121 36 vilket
1010 1373 190 37 utskottet
1228 1374 124 36 skolat
1380 1375 225 49 härigenom
1632 1376 60 37 för
1724 1376 96 37 riks-

222 1421 124 48 dagen

739 1476 155 36 anmäla.

325 1627 101 48 87:0)
456 1628 142 49 Kungl.
627 1629 108 49 Maj:t
763 1630 69 36 har
859 1630 129 37 vidare
1015 1631 121 37 under
1164 1632 122 49 punkt
1314 1634 46 35 85
1383 1633 200 48 föreslagit
1614 1635 206 50 riksdagen
1855 1649 180 37 Postavgifter

222 1683 55 31 att
318 1679 166 37 beräkna
518 1693 47 23 en
593 1680 161 49 höjning
781 1681 83 36 från
899 1682 70 36 och
998 1683 86 36 med
1113 1686 40 32 år
1183 1685 97 35 1915
1309 1698 48 22 av
1385 1685 65 36 det
1478 1688 21 33 å
1528 1686 188 37 ordinarie
1745 1693 76 31 stut
1838 1683 66 57 POE
1960 1685 85 62 ka

220 1730 190 49 uppförda
450 1731 342 48 förslagsanslaget
832 1733 57 36 till
925 1734 259 48 postavgifter
1211 1735 61 36 för
1313 1737 234 46 tjänstebrev
1588 1738 71 36 och
1692 1739 128 48 dylika
1849 1742 191 39 försändelser.

221 1781 258 37 försändelser
507 1783 85 36 med
623 1785 163 46 340,000
816 1785 142 36 kronor
978 1785 93 36 eller
1090 1786 82 36 från
1193 1788 164 47 860,000
1376 1788 143 36 kronor
1538 1788 57 37 till
1618 1792 201 44 1,200,000
1865 1792 146 63 (Ordinarie

222 1826 152 59 kronor.
1889 1836 95 22 ene

323 1885 150 36 Jämväl
516 1891 91 31 över
650 1887 124 36 denna
808 1887 282 49 framställning
1118 1889 171 38 kommer
1316 1892 187 36 utskottet
1532 1897 55 31 att
1615 1892 203 37 framdeles
1853 1875 13 66 =
1890 1879 93 53 [85-]

220 1937 137 48 avgiva
385 1937 207 47 utlåtande,
622 1938 119 37 vilket
769 1939 188 37 utskottet
986 1940 222 48 härigenom
1237 1942 123 36 skolat
1391 1944 58 35 för
1477 1943 208 49 riksdagen

734 2042 159 36 anmäla.

323 2192 100 47 838:0)
474 2192 240 38 Beträffande
755 2195 133 48 övriga
930 2195 188 37 ordinarie
1160 2197 145 48 anslag,
1348 2210 80 24 som
1471 2199 11 35 i
1523 2199 205 37 riksstaten
1758 2201 59 36 för
1889 2195 99 70 Övriga,

1870 2246 132 16 ordinarie

219 2244 258 38 innevarande
507 2247 40 33 år
575 2250 65 31 äro
669 2246 186 49 uppförda
882 2247 120 36 under
1031 2246 113 49 sjätte
1175 2248 250 48 huvudtiteln,
1454 2250 68 36 har
1548 2251 139 49 Kungl.
1711 2252 106 48 Maj:t
1887 2273 102 30 anslag.

218 2296 82 36 icke
329 2295 199 49 föreslagit
556 2309 124 24 annan
709 2297 175 49 ändring,
913 2303 49 31 än
991 2304 55 30 att
1074 2298 81 37 dels
1184 2301 174 48 anslaget
1386 2301 54 36 till
1471 2302 257 49 inrättningen
1759 2305 58 36 för
1852 2323 62 45 [86
1945 2323 70 37 och

1900 2375 84 46 87.]
