1918 2814
574 134 275 33 Statsutskottets
874 131 177 32 utlåtande
1074 138 43 23 nr
1141 130 32 32 6.
1597 121 40 32 21

482 225 50 27 att
557 219 186 37 riksdagen
771 216 67 37 må,
868 217 12 30 i
908 215 187 36 anledning
1122 223 43 22 av
1194 212 217 32 motionerna
1437 211 104 31 I:141
1572 210 65 31 och

438 272 44 30 II:
498 272 74 35 237,
594 270 52 31 till
668 268 232 37 Stensättning
921 277 42 21 av
985 267 106 36 vägar
1110 264 55 31 för
1187 262 203 38 budgetåret
1413 258 142 35 1945/46
1579 270 58 21 an-

439 322 74 31 visa
534 325 46 27 ett
600 318 350 35 reservationsanslag
971 326 42 21 av
1038 317 14 28 1
1069 316 63 29 000
1146 315 64 31 000
1231 315 139 34 kronor,
1392 316 49 27 att
1463 312 173 30 avräknas

441 377 73 27 mot
534 368 452 35 automobilskattemedlen.

175 508 90 41 20:o0)
296 509 130 36 Bidrag
452 507 53 31 till
534 507 118 31 städer
681 505 67 31 och
776 503 196 32 samhällen
1000 502 57 30 för
1087 497 340 34 tillhandahållande
1455 506 43 22 av
1526 497 103 30 mark

130 570 47 22 m.
199 570 48 22 m.
274 560 81 31 Med
379 558 247 37 tillstyrkande
653 566 43 21 av
722 555 123 36 Kungl.
873 552 118 37 Maj:ts
1018 552 133 35 förslag
1179 550 126 40 (punkt
1329 550 52 35 21,
1407 558 25 21 s.
1460 546 53 41 58)
1544 548 95 29 hem-

134 615 116 30 ställer
275 613 175 34 utskottet,

484 695 50 28 att
556 692 186 35 riksdagen
764 689 58 31 må
844 689 51 30 till
917 687 125 38 Bidrag
1067 686 50 32 till
1142 685 116 32 städer
1280 685 66 30 och
1368 680 193 34 samhällen
1587 683 55 36 för

441 741 333 33 tillhandahållande
795 750 42 21 av
860 739 100 30 mark
981 748 45 21 m.
1049 747 46 21 m.
1116 736 56 31 för
1190 734 204 37 budgetåret
1417 729 143 35 1945/46
1583 741 58 21 an-

444 795 73 31 visa
542 797 48 28 ett
614 791 348 36 reservationsanslag
988 799 44 21 av
1060 787 139 31 100000
1225 787 140 34 kronor,
1391 789 49 27 att
1466 783 171 32 avräknas

442 849 75 27 mot
546 841 450 34 automobilskattemedlen.

177 987 90 41 21:0)
287 988 203 30 Marklösen
504 996 47 21 m.
566 995 47 22 m.
628 985 58 31 för
699 984 93 31 vissa
805 981 397 39 vägbyggnadsföretag.
1219 979 15 31 I
1250 979 154 36 enlighet
1420 978 80 30 med
1518 976 123 36 Kungl.

137 1041 117 38 Maj:ts
278 1040 131 36 förslag
436 1038 124 40 (punkt
584 1038 53 35 22,
663 1047 25 21 s.
714 1036 40 30 59
779 1036 67 30 och
870 1033 52 40 60)
954 1032 200 32 hemställer
1175 1031 177 34 utskottet,

491 1134 49 28 att
564 1129 185 37 riksdagen
771 1127 59 32 må
851 1128 51 30 till
924 1126 200 31 Marklösen
1145 1133 46 22 m.
1213 1133 46 21 m.
1282 1124 55 37 för
1360 1122 91 31 vissa
1472 1120 169 38 vägbygg-

444 1181 224 39 nadsföretag
695 1179 55 31 för
777 1176 202 39 budgetåret
1009 1169 141 43 1945/46
1179 1173 119 32 anvisa
1326 1176 47 28 ett
1399 1170 242 33 reservations-

448 1232 120 36 anslag
589 1240 44 22 av
656 1230 65 30 200
733 1229 65 31 000
818 1229 138 30 kronor.

179 1366 90 41 22:0)
297 1366 131 37 Bidrag
449 1365 53 31 till
523 1362 189 33 underhåll
735 1372 43 22 av
800 1362 107 36 vägar
929 1361 68 30 och
1018 1362 111 35 gator.
1153 1358 124 36 Kungl.
1303 1356 102 37 Maj:t
1427 1356 65 31 har
1519 1354 126 40 (punkt

139 1420 52 36 23,
214 1429 25 22 s.
262 1419 44 31 60
326 1419 67 30 och
414 1416 53 40 61)
495 1416 178 36 föreslagit
695 1415 185 35 riksdagen
898 1415 52 28 att
972 1411 52 31 till
1047 1409 127 38 Bidrag
1194 1408 52 32 till
1266 1406 185 33 underhåll
1473 1416 44 21 av
1538 1406 106 35 vägar

136 1471 67 30 och
216 1473 106 36 gator
343 1469 56 30 för
420 1466 203 38 budgetåret
645 1459 139 43 1945/46
803 1464 121 31 anvisa
946 1465 47 27 ett
1015 1459 271 38 förslagsanslag
1305 1468 42 21 av
1370 1458 16 29 7
1401 1457 66 31 080
1479 1456 66 31 000
1564 1457 78 29 kro-

135 1528 73 27 nor,
227 1521 50 28 att
295 1518 172 31 avräknas
487 1520 73 27 mot
579 1512 451 34 automobilskattemedlen.

182 1619 67 30 Till
266 1618 229 31 förevarande
513 1615 165 32 ändamål
694 1615 66 31 har
775 1614 56 31 för
847 1612 236 32 innevarande
1099 1608 171 39 budgetår
1286 1608 152 32 anvisats
1456 1611 47 27 ett
1519 1607 125 35 belopp

139 1680 42 21 av
200 1671 20 29 6
232 1670 66 30 400
310 1670 64 30 000
390 1669 138 30 kronor.

185 1722 85 37 Väg-
287 1721 66 31 och
369 1718 464 38 vattenbyggnadsstyrelsen
848 1716 65 30 har
928 1714 11 31 i
955 1713 54 32 sin
1023 1712 165 32 skrivelse
1206 1711 67 30 den
1291 1710 37 30 11
1349 1708 194 37 september
1561 1707 83 31 1944

139 1772 176 32 hemställt
341 1780 58 22 om
425 1773 45 28 ett
495 1769 121 37 anslag
640 1769 55 30 för
720 1768 100 30 nästa
845 1763 168 38 budgetår
1038 1773 42 21 av
1107 1763 17 29 7
1140 1761 142 31 080000
1305 1761 139 30 kronor.
1472 1758 174 37 Styrelsen

139 1823 65 30 har
223 1821 124 32 därvid
366 1820 182 35 meddelat,
569 1822 49 28 att
636 1818 165 37 styrelsen
818 1815 58 32 vid
894 1816 67 30 den
978 1812 199 37 fördelning
1196 1822 42 20 av
1257 1812 153 35 anslaget
1430 1810 56 30 för
1502 1809 142 36 budget-

140 1872 72 31 året
240 1866 150 43 1944/45,
417 1879 75 22 som
518 1868 167 37 styrelsen
711 1866 177 31 verkställt
913 1866 11 30 i
950 1864 76 37 juni
1055 1863 94 35 1944,
1177 1862 170 30 beräknat
1372 1859 194 32 kostnaden
1591 1858 55 30 för

140 1920 185 32 underhåll
350 1920 55 31 för
430 1920 42 30 de
495 1920 177 30 närmaste
696 1917 77 37 fyra
798 1916 83 31 åren
905 1915 51 31 till
984 1915 16 29 7
1016 1914 64 30 014
1093 1913 65 30 500
1181 1913 131 29 kronor
1337 1920 61 27 per
1423 1910 48 36 år,
1497 1913 148 27 motsva-

141 1972 109 30 rande
271 1974 48 27 ett
343 1969 231 36 sammanlagt
596 1966 209 37 statsbidrag
829 1966 86 31 efter
940 1965 41 29 95
1005 1959 44 35 ?/o
1073 1973 42 21 av
1140 1963 20 30 6
1174 1962 63 30 663
1252 1961 63 30 775
1339 1961 138 30 kronor.
1503 1959 65 30 Det
1592 1960 54 30 för

141 2021 233 31 innevarande
394 2018 170 38 budgetår
584 2018 164 31 anvisade
769 2015 302 37 förslagsanslaget
1092 2015 141 29 komme
1252 2012 131 31 således
1406 2015 48 27 att
1477 2008 168 33 överskri-

141 2072 62 30 das
225 2071 80 30 med
329 2070 64 30 263
408 2069 61 30 775
492 2070 139 29 kronor.
656 2067 79 31 Med
756 2067 137 36 hänsyn
914 2065 51 31 till
987 2064 179 31 beslutade
1187 2063 66 30 och
1275 2062 149 31 väntade
1445 2061 201 35 inkorpore-

141 2122 116 35 ringar
271 2120 80 31 med
367 2120 107 30 därav
488 2118 206 31 föranledda
707 2117 210 36 utökningar
932 2125 42 21 av
989 2116 78 35 väg-
1083 2115 65 30 och
1162 2114 188 36 gatunäten
1365 2112 11 31 i
1389 2112 90 30 vissa
1493 2110 152 36 bidrags-

141 2171 212 35 berättigade
379 2169 114 31 städer
520 2169 66 30 och
614 2168 193 30 samhällen
835 2170 88 27 samt
950 2165 52 31 till
1030 2164 169 36 utökning
1227 2172 124 28 genom
1378 2162 199 36 utbyggnad
1604 2170 42 21 av

142 2222 77 35 väg-
238 2220 66 30 och
322 2220 178 36 gatunätet
518 2227 81 22 vore
618 2217 119 31 vidare
754 2226 44 21 en
817 2215 129 36 ökning
965 2225 41 21 av
1025 2213 357 36 underhållsanslaget
1402 2210 243 36 ofrånkomlig.

143 2270 120 30 Denna
283 2269 131 35 ökning
432 2268 89 30 hade
542 2267 166 36 styrelsen
727 2267 169 29 beräknat
914 2265 51 30 till
984 2265 65 29 416
1063 2264 63 29 225
1148 2265 138 29 kronor.

187 2316 390 37 Departementschefen
602 2316 65 29 har
691 2315 75 30 icke
789 2314 78 30 haft
889 2313 105 36 något
1017 2317 49 26 att
1090 2313 113 30 erinra
1227 2316 73 26 mot
1325 2312 77 35 väg-
1428 2312 65 29 och
1518 2314 129 26 vatten-

143 2367 363 37 byggnadsstyrelsens
537 2365 234 35 beräkningar
802 2363 177 37 angående
1012 2362 267 36 ifrågavarande
1312 2361 250 36 anslagsbehov
1596 2360 54 29 för

143 2419 98 30 nästa
260 2416 176 37 budgetår.
