1856 2760
282 155 17 25 4
646 149 276 31 Statsutskottets
940 149 173 31 utlåtande
1132 161 38 19 nr
1188 153 60 28 109
1269 150 36 30 år
1323 153 82 32 1964

324 227 46 31 På
395 228 160 39 grundval
580 239 42 20 av
648 232 50 27 ett
722 240 42 19 av
790 229 296 38 rymdkommittén
1112 229 153 40 framlagt
1290 230 221 37 betänkande,
1540 231 228 39 »Organisato-

282 280 85 32 riska
393 282 153 39 åtgärder
571 281 50 31 för
644 282 369 39 rymdverksamhetens
1039 283 213 39 främjande»,
1279 283 180 31 behandlas
1485 284 9 31 i
1521 284 246 39 propositionen

281 334 114 40 frågan
416 346 52 19 om
490 335 140 31 svenska
651 335 138 31 insatser
809 336 43 38 på
872 336 325 40 rymdforskningens
1218 337 143 32 område.
1384 337 119 31 Vidare
1524 338 171 39 redogöres
1717 338 51 31 för

281 387 146 40 Sveriges
441 388 190 40 anslutning
646 388 47 31 till
709 389 57 31 det
781 389 192 38 europeiska
988 394 136 35 organet
1138 390 49 31 för
1201 390 261 31 internationellt
1477 391 185 31 samarbete
1677 391 90 31 inom

280 441 307 40 rymdforskningen
606 441 49 31 för
672 441 135 40 fredliga
826 442 154 31 ändamål
999 442 143 41 (ESRO)
1162 448 87 26 samt
1267 443 194 40 framlägges
1478 444 121 40 förslag
1615 456 53 19 om
1688 445 77 39 god-

280 494 173 31 kännande
472 505 42 20 av
536 494 88 32 vissa
643 495 109 31 därtill
774 495 127 31 knutna
922 496 342 32 överenskommelser.
1286 497 112 31 Medel
1419 496 51 32 för
1490 497 211 32 bestridande
1722 509 43 20 av

279 547 220 31 kostnaderna
530 547 50 31 för
609 548 140 31 svenska
779 548 416 40 rymdforskningsprojekt
1224 549 134 32 föreslås
1388 550 114 32 kunna
1531 550 131 32 anvisas
1692 551 72 32 från

278 601 152 39 anslagen
449 600 47 31 till
514 601 41 31 de
571 600 210 38 medicinska,
799 602 348 40 naturvetenskapliga
1162 603 60 31 och
1240 603 152 31 tekniska
1409 603 298 41 forskningsråden.

319 654 64 30 För
403 654 184 38 främjande
608 665 41 20 av
670 654 169 40 forskning
858 674 40 3 —
918 655 70 31 däri
1010 655 188 40 inbegripen
1219 656 269 41 rymdforskning
1506 676 42 4 —
1568 658 60 30 och
1651 662 113 27 veten-

277 707 126 39 skaplig
428 707 430 40 publiceringsverksamhet
884 719 42 20 m.
939 719 44 20 m.
1009 708 143 38 föreslås,
1179 713 52 27 att
1256 709 48 31 till
1329 710 41 30 de
1396 709 51 39 sju
1474 710 288 40 forskningsråden

275 779 42 4 —
333 764 124 27 statens
474 760 202 32 medicinska
690 760 256 40 forskningsråd,
963 766 127 27 statens
1106 762 239 32 humanistiska
1361 763 256 40 forskningsråd,
1636 769 128 27 statens

276 813 58 31 råd
364 813 50 31 för
444 813 334 41 samhällsforskning,
810 818 126 27 statens
966 815 349 40 naturvetenskapliga
1347 816 256 41 forskningsråd,
1636 822 128 27 statens

275 867 58 30 råd
359 866 50 31 för
434 866 271 41 atomforskning,
732 867 210 39 jordbrukets
969 868 244 40 forskningsråd
1239 869 61 31 och
1327 874 127 28 statens
1480 870 153 32 tekniska
1658 871 104 31 forsk-

275 919 151 40 ningsråd
449 938 41 5 —
512 920 51 31 för
583 923 96 28 nästa
699 920 163 40 budgetår
880 920 133 32 anvisas
1035 922 112 39 anslag
1167 933 42 20 av
1232 922 137 39 tillhopa
1392 926 38 27 56
1444 926 60 28 488
1517 927 60 28 000
1600 924 47 32 kr.
1669 925 93 31 Mot-

274 973 160 30 svarande
452 973 335 40 medelsanvisningar
805 973 50 31 för
872 974 224 31 innevarande
1114 975 161 40 budgetår
1292 976 128 39 uppgår
1439 976 49 31 till
1507 980 40 27 42
1560 981 59 27 085
1633 981 59 28 000
1712 978 47 31 kr.

274 1026 166 39 Förslaget
462 1025 138 32 innebär
622 1026 137 31 sålunda
780 1027 51 31 för
851 1038 43 20 nu
917 1027 145 40 angivna
1084 1028 152 31 ändamål
1258 1040 40 20 en
1321 1030 341 40 anslagsuppräkning
1684 1032 74 31 med

275 1082 37 27 14
325 1082 59 28 403
397 1082 58 28 000
483 1079 47 31 kr.
557 1079 76 31 Den
659 1080 106 31 totala
790 1080 339 40 medelsanvisningen
1155 1081 50 31 för
1230 1082 199 39 budgetåret
1457 1084 141 36 1964/65
1625 1084 135 32 föreslås

273 1132 145 31 fördelad
436 1132 74 31 med
533 1135 37 27 12
583 1135 59 28 360
655 1135 60 28 000
735 1133 47 31 kr.
803 1133 48 30 till
871 1133 182 31 medicinsk
1073 1134 176 40 forskning,
1271 1138 18 27 2
1302 1138 59 28 826
1375 1139 60 27 000
1456 1136 47 31 kr.
1523 1136 48 32 till
1592 1137 166 32 humanis-

271 1185 66 31 tisk
353 1185 177 39 forskning,
548 1188 18 28 2
580 1188 59 28 550
652 1188 59 28 000
729 1185 47 31 kr.
794 1186 48 31 till
860 1186 333 40 samhällsforskning,
1213 1191 37 27 13
1263 1191 61 28 500
1336 1191 60 28 000
1414 1189 47 31 kr.
1479 1189 48 31 till
1544 1195 214 27 naturveten-

271 1238 125 40 skaplig
417 1238 178 39 forskning,
621 1241 15 28 8
649 1241 60 28 802
722 1241 60 28 000
805 1239 47 30 kr.
875 1238 47 32 till
945 1239 271 41 atomforskning,
1242 1244 16 27 2
1271 1244 59 28 950
1344 1245 59 27 000
1426 1242 48 31 kr.
1497 1242 48 32 till
1567 1243 190 39 jordbruks-

271 1291 167 40 forskning
457 1310 42 4 —
519 1291 106 39 jämte
645 1294 60 28 300
718 1295 60 27 000
800 1291 47 32 kr.
870 1292 47 31 till
939 1292 155 40 åtgärder
1114 1293 49 31 för
1184 1298 52 26 att
1258 1294 177 41 förebygga
1458 1296 239 32 skördeskador
1715 1317 42 4 —

270 1349 87 27 samt
376 1348 37 28 13
426 1347 59 28 200
498 1347 60 28 000
579 1344 48 31 kr.
646 1344 48 31 till
716 1344 131 32 teknisk
866 1345 178 40 forskning.
1066 1345 178 32 Dessutom
1265 1347 134 32 föreslås
1419 1353 50 27 ett
1488 1349 193 33 oförändrat
1699 1362 56 20 an-

270 1398 68 39 slag
356 1409 42 20 av
418 1401 18 28 3
449 1400 59 28 700
522 1400 60 28 000
602 1398 47 31 kr.
670 1397 49 31 till
738 1398 187 39 europeiskt
945 1399 185 31 samarbete
1150 1399 87 31 inom
1257 1401 321 41 rymdforskningen.

310 1453 118 31 Vidare
451 1453 178 31 förutsätts
652 1457 52 27 att
729 1453 113 40 frågan
865 1465 53 20 om
944 1454 181 31 medicinsk
1149 1455 506 33 dokumentationsverksamhet
1679 1459 75 30 med

268 1506 91 39 hjälp
378 1518 41 19 av
436 1506 283 40 databehandling
736 1507 82 31 löses
837 1506 88 32 inom
944 1518 113 21 ramen
1077 1508 50 31 för
1144 1509 146 39 anslaget
1310 1509 48 31 till
1376 1509 181 32 medicinsk
1575 1510 178 41 forskning.

309 1561 455 41 Förvaltningskostnaderna
782 1561 54 31 vid
855 1560 86 32 vissa
960 1560 243 41 forskningsråd
1223 1561 135 32 föreslås
1376 1562 101 39 höjda
1496 1564 74 30 med
1590 1575 163 20 samman-

267 1616 67 39 lagt
351 1618 59 29 493
423 1618 59 28 000
501 1615 48 31 kr.
565 1614 189 40 Höjningen
771 1625 42 20 av
831 1614 148 40 anslaget
996 1614 49 31 till
1063 1614 397 40 förvaltningskostnader
1478 1616 55 31 vid
1551 1617 201 32 medicinska

266 1668 279 40 forskningsrådet
564 1667 149 40 betingas
732 1667 42 31 bl.
787 1678 29 20 a.
834 1678 41 20 av
894 1672 53 26 att
963 1667 189 40 ytterligare
1170 1668 59 30 två
1247 1667 347 34 försvarsmedicinska
1612 1670 139 32 forskar-

266 1732 140 29 grupper
423 1740 41 5 —
481 1721 50 31 för
549 1720 254 40 bakteriologisk
820 1720 170 31 bioteknik
1008 1721 61 30 och
1089 1720 175 40 toxikologi
1282 1740 42 4 —
1341 1721 134 32 föreslås
1493 1722 176 33 inrättade.
1688 1725 64 31 För

264 1774 172 40 ledningen
455 1785 42 20 av
516 1774 40 31 de
575 1785 65 27 nya
659 1773 312 40 forskargrupperna
991 1773 134 31 föreslås
1144 1774 58 31 två
1220 1774 201 38 professurer
1440 1775 176 34 inrättade.

305 1891 94 31 Efter
414 1903 39 19 en
469 1892 122 31 allmän
607 1891 166 39 inledning
791 1892 38 38 (s.
847 1895 18 27 4
880 1892 59 31 och
958 1892 32 40 5)
1007 1892 126 31 lämnas
1151 1892 8 31 i
1175 1893 245 38 propositionen
1437 1905 38 20 nr
1491 1897 38 28 69
1547 1906 40 20 en
1604 1895 145 31 översikt

263 1947 79 28 över
365 1944 229 40 forskningens
619 1945 119 31 villkor
762 1945 60 30 och
850 1945 117 36 behov,
994 1945 237 38 innefattande,
1259 1949 118 28 utöver
1402 1958 40 20 en
1468 1947 212 41 beskrivning
1705 1960 43 20 av

262 1997 423 40 forskningsberedningens
705 1998 167 39 uppgifter
893 1998 61 31 och
977 1999 221 39 uppläggning
1219 2010 42 20 av
1284 1999 58 32 sitt
1361 2000 123 37 arbete,
1507 2012 40 20 en
1569 2002 114 39 analys
1705 2014 42 19 av

261 2050 226 41 forskningens
511 2061 141 21 resurser
674 2051 60 31 och
760 2051 303 40 forskningsrådens
1087 2052 265 39 långtidsplaner.
1375 2053 17 31 I
1415 2054 59 31 allt
1497 2055 177 40 väsentligt
1697 2056 51 31 får

261 2104 165 31 utskottet
443 2104 60 31 här
520 2103 138 32 hänvisa
676 2104 47 31 till
741 2104 255 39 propositionen,
1016 2116 23 20 s.
1057 2108 109 28 6—18.
1185 2105 85 32 Från
1289 2106 186 32 översikten
1493 2108 55 31 må
1566 2109 179 31 emellertid

260 2158 127 38 återges
406 2157 154 39 följande.

302 2212 125 31 Genom
448 2212 110 32 beslut
578 2213 63 31 den
664 2215 37 28 14
722 2213 172 31 december
917 2216 79 28 1962
1017 2213 197 33 förordnade
1232 2215 123 40 Kungl.
1376 2216 113 39 Maj:t,
1509 2222 52 27 att
1582 2229 39 20 en
1640 2218 104 38 forsk-

257 2265 274 39 ningsberedning
555 2266 102 31 skulle
681 2266 140 31 inrättas
845 2266 49 31 för
917 2267 131 31 samråd
1073 2278 53 20 om
1149 2268 63 30 den
1235 2269 196 40 långsiktiga
1456 2270 219 41 inriktningen
1702 2283 41 20 av

257 2318 62 30 den
338 2318 138 31 svenska
494 2318 356 40 forskningspolitiken.

297 2399 17 30 I
337 2399 128 30 samråd
488 2399 75 31 med
587 2399 40 31 de
649 2398 362 41 forskningsexekutiva
1034 2411 140 29 organen
1196 2402 60 31 har
1277 2403 219 40 beredningen
1520 2404 148 41 planlagt
1690 2410 51 27 ut-

256 2442 173 40 redningar
451 2454 54 20 om
529 2443 63 31 den
617 2443 195 40 långsiktiga
835 2444 232 40 utvecklingen
1091 2457 41 19 av
1157 2447 224 39 vetenskapen
1405 2448 61 31 och
1490 2460 54 19 om
1568 2450 174 31 tendenser

255 2487 89 31 inom
368 2488 62 30 den
453 2487 159 31 moderna
636 2487 219 40 forskningen.
880 2489 64 30 För
965 2493 53 27 att
1043 2490 105 31 skaffa
1171 2495 50 26 ett
1244 2491 149 31 material
1418 2503 69 20 som
1511 2494 158 40 underlag
1691 2495 50 30 för

254 2531 422 40 forskningsberedningens
698 2532 218 31 diskussioner
935 2533 60 31 har
1015 2533 112 32 vidare
1144 2535 74 31 med
1239 2534 91 40 hjälp
1350 2547 41 20 av
1413 2537 327 41 sakkunniggrupper
