2208 2632
418 217 18 27 4
873 217 321 38 Bevillningsutskottets
1218 218 188 28 Betänkande
1430 218 54 28 N:o
1507 219 49 28 37.

1324 294 204 46 Transport
1554 295 140 36 kronor
1723 298 231 43 60,590,000:
1973 320 43 4 —

419 361 12 34 i
457 360 54 35 sin
540 358 113 37 ofvan
681 358 256 45 omförmälda,
964 360 71 36 den
1065 363 19 34 9
1106 361 192 36 december
1322 362 90 35 1899
1434 361 252 48 dagtecknade

420 409 188 37 skrifvelse
635 409 125 37 anfört
782 409 179 49 följande:

544 461 131 36 Denna
713 462 246 36 inkomsttitel
998 475 66 23 var
1090 461 58 36 för
1188 461 39 36 år
1271 465 94 33 1898
1407 463 186 35 beräknad
1630 464 56 35 till

422 514 154 41 350,000
617 512 146 44 kronor,
799 525 86 23 men
921 513 82 35 med
1030 512 73 36 fäst
1130 512 169 37 afseende
1328 512 20 36 å
1376 513 69 36 den
1472 514 215 48 minskning

420 563 11 34 i
457 563 230 45 bankbolags
715 562 294 47 sedelutgifning,
1039 576 80 23 som
1145 563 119 37 under
1292 563 251 37 innevarande
1571 564 39 36 år
1628 566 59 34 till

420 612 186 49 äfventyrs
645 613 124 36 kunde
806 626 67 35 ega
909 627 80 22 rum
1026 615 12 34 i
1075 613 94 47 följd
1200 614 40 36 af
1271 614 218 46 stadgandet
1515 615 13 35 i
1555 612 18 48 $
1602 619 41 32 41
1676 616 10 34 i

420 664 106 45 lagen
559 663 58 36 för
649 663 165 46 Sveriges
850 665 175 35 riksbank
1059 664 70 37 den
1163 667 63 43 12,
1252 666 65 45 maj
1349 667 104 43 1898,
1480 666 208 36 beräknade

421 714 228 36 sistnämnda
689 714 57 36 års
785 715 163 46 Riksdag
974 715 424 49 bevillningsafgifterna
1423 716 57 36 för
1507 716 182 35 särskilda

420 764 185 37 förmåner
633 765 67 35 och
727 766 216 47 rättigheter
970 764 59 37 för
1056 766 41 35 år
1121 769 89 33 1899
1239 768 58 35 till
1318 772 52 31 ett
1387 766 147 36 nedsatt
1552 767 136 47 belopp

421 815 40 36 af
485 818 157 42 750,000
671 816 145 35 kronor.
871 815 258 38 Omförmälda
1155 818 145 45 lagrum
1329 817 217 45 innehåller,
1574 817 113 36 bland

422 872 121 38 annat,
577 872 55 29 att
667 866 167 36 enskilda
870 868 139 35 banker
1042 880 67 33 ega
1142 873 54 30 att
1226 869 98 35 intill
1357 867 185 48 utgången
1577 867 40 37 af
1650 868 40 35 år

425 920 91 33 1903
545 915 147 48 utgifna
719 930 94 33 egna
840 917 128 45 sedlar,
995 925 96 28 samt
1117 923 53 31 att
1196 918 82 37 från
1302 919 128 45 början
1457 917 42 37 af
1524 918 40 36 år
1595 922 91 33 1899

421 968 57 35 till
515 967 186 47 utgången
736 967 41 36 af
810 967 40 36 år
891 971 91 33 1903
1021 969 143 35 enskild
1195 970 110 44 bank,
1337 982 88 32 som,
1459 968 91 37 efter
1577 970 113 35 minst

422 1024 53 30 tre
502 1017 177 37 månader
702 1017 102 37 förut
822 1019 67 35 hos
909 1018 125 37 chefen
1053 1018 59 37 för
1130 1020 414 46 finansdepartementet
1563 1020 126 36 derom

421 1069 105 46 gjord
554 1069 182 44 anmälan,
764 1068 128 37 afstått
917 1069 81 36 från
1025 1071 56 34 sin
1108 1076 72 29 rätt
1207 1075 55 31 att
1288 1070 142 46 utgifva
1457 1084 94 32 egna
1570 1071 120 35 sedlar

422 1125 94 30 samt
546 1120 80 35 icke
663 1119 162 47 indragit
860 1119 112 46 något
1005 1119 41 36 af
1078 1121 79 34 sina
1184 1121 69 36 den
1286 1124 16 33 1
1329 1121 148 46 januari
1508 1123 94 35 1896
1631 1121 59 36 be-

422 1171 144 46 fintliga
594 1169 354 47 afdelningskontor,
976 1183 84 33 eger
1086 1170 144 48 åtnjuta
1257 1171 68 36 hos
1352 1172 221 35 riksbanken
1593 1172 98 36 vissa

422 1220 195 37 förmåner.

520 1271 85 37 Med
646 1271 168 36 sistlidna
855 1271 56 36 års
944 1271 140 48 utgång
1111 1271 194 47 upphörde
1334 1285 43 23 en
1405 1272 142 36 enskild
1576 1272 114 36 scdel-

423 1322 216 45 utgifvande
678 1322 110 44 bank,
829 1321 276 37 Vesterbottens
1148 1323 165 35 enskilda
1353 1323 108 44 bank,
1506 1322 86 36 med
1636 1323 52 35 sin

423 1374 143 41 rörelse,
607 1386 78 23 som
717 1372 46 36 då
791 1372 185 47 öfvertogs
1003 1372 41 36 af
1069 1378 52 30 ett
1147 1373 197 49 nybildadt
1369 1374 321 47 bankaktiebolag.

422 1423 54 36 De
501 1422 376 48 bevillningsafgifter
912 1423 119 36 denna
1058 1424 100 35 bank
1185 1425 118 45 erlagt
1329 1423 109 37 hafva
1465 1424 119 36 under
1611 1425 79 34 sist-

422 1474 176 36 förflutna
625 1473 262 47 femårsperiod
915 1475 12 34 i
952 1474 176 36 medeltal
1153 1475 140 46 utgjort
1322 1478 129 41 29,937
1480 1475 148 35 kronor.

521 1525 128 48 Enligt
688 1525 97 36 hvad
826 1525 265 36 statskontoret
1127 1526 179 35 inhemtat
1335 1525 66 36 har
1427 1526 180 48 styrelsen
1633 1524 58 37 för

423 1575 395 47 Mälareprovinsernas
859 1575 166 36 enskilda
1064 1576 100 36 bank
1203 1577 66 35 hos
1310 1575 126 37 chefen
1471 1576 58 36 för
1557 1576 134 35 finans-

424 1626 291 48 departernentet
754 1627 151 43 anmält,
944 1632 54 29 att
1038 1627 163 35 bankens
1242 1627 169 48 delegare
1446 1626 20 36 å
1506 1626 185 36 ordinarie

424 1677 284 46 bolagsstämma
747 1676 71 36 den
860 1680 20 33 8
922 1676 165 36 sistlidne
1118 1690 100 23 mars
1259 1678 159 44 beslutit,
1458 1683 54 30 att
1543 1678 148 35 banken

423 1727 63 36 vid
529 1729 94 34 1902
665 1727 57 35 års
761 1727 143 47 utgäng
935 1728 92 35 skall
1060 1728 173 46 upplösas
1261 1727 59 37 för
1347 1733 53 30 att
1426 1728 181 35 ombildas
1635 1728 56 35 till

424 1778 319 45 bankaktiebolag.
795 1777 17 35 I
845 1777 110 46 öfrigt
981 1778 68 35 har
1076 1779 110 46 ingen
1214 1779 185 43 anmälan,
1428 1792 77 22 som
1534 1777 82 37 haft
1643 1778 47 36 af-

424 1829 129 36 seende
593 1828 21 36 å
646 1828 242 48 upphörande
927 1827 40 37 af
1003 1829 167 35 enskilda
1209 1829 159 35 bankers
1395 1828 296 47 sedelutgifning,

424 1880 56 35 till
506 1879 414 46 finansdepartementet
945 1879 207 36 inkommit.

523 1930 57 35 Då
621 1929 120 36 denna
776 1930 163 35 inkomst
974 1930 118 37 under
1118 1935 140 31 senaste
1286 1930 85 36 åren
1398 1929 173 37 befunnit
1598 1931 55 45 sig
1679 1931 12 34 i

424 1982 162 45 stegring
626 1981 67 35 och
732 1981 12 35 i
775 1980 174 36 medeltal
974 1980 58 36 för
1060 1981 86 36 åren
1177 1982 243 36 1896—1898
1450 1981 158 46 uppgått
1633 1981 58 35 till

426 2033 154 43 981,306
610 2032 137 35 kronor
773 2036 97 30 samt
895 2030 57 37 för
979 2031 40 36 år
1048 2034 94 34 1898
1170 2032 140 35 influtit
1336 2031 83 36 med
1446 2032 79 36 icke
1547 2032 144 35 mindre

425 2089 45 28 än
514 2085 187 42 1,065,422
743 2082 148 45 kronor,
919 2095 105 24 anser
1051 2083 56 45 sig
1134 2083 262 35 statskontoret
1422 2083 99 44 böra,
1549 2081 142 37 oafsedt

426 2133 236 47 möjligheten
691 2132 111 44 deraf,
831 2138 55 30 att
912 2146 43 23 en
983 2133 90 35 eller
1101 2146 120 23 annan
1250 2133 99 36 bank
1367 2133 166 36 kommer
1560 2138 54 31 att
1640 2145 53 22 re-

426 2183 72 36 dan
525 2183 119 36 under
671 2183 44 35 de
742 2184 116 47 begge
885 2188 184 32 närmaste
1097 2184 85 36 åren
1210 2184 171 48 upphöra
1400 2183 82 36 med
1502 2185 56 34 sin
1578 2183 113 36 sedel-

1324 2276 201 47 Transport
1553 2276 137 35 kronor
1718 2278 232 42 60,590,000:
1980 2293 48 4 —
