<?xml version="1.0" encoding="UTF-8"?>
<alto xmlns="http://www.loc.gov/standards/alto/ns-v3#" xmlns:xlink="http://www.w3.org/1999/xlink" xmlns:xsi="http://www.w3.org/2001/XMLSchema-instance" xsi:schemaLocation="http://www.loc.gov/standards/alto/ns-v3# http://www.loc.gov/alto/v3/alto-3-0.xsd">
	<Description>
		<MeasurementUnit>pixel</MeasurementUnit>
		<sourceImageInformation>
			<fileName>/tmp/tess__lfg295e_input.PNG</fileName>
		</sourceImageInformation>
		<OCRProcessing ID="OCR_0">
			<ocrProcessingStep>
				<processingSoftware>
					<softwareName>tesseract 5.3.0</softwareName>
				</processingSoftware>
			</ocrProcessingStep>
		</OCRProcessing>
	</Description>
	<Layout>
		<Page WIDTH="1904" HEIGHT="2796" PHYSICAL_IMG_NR="0" ID="page_0">
			<PrintSpace HPOS="0" VPOS="0" WIDTH="1904" HEIGHT="2796">
				<ComposedBlock ID="cblock_0" HPOS="558" VPOS="123" WIDTH="1078" HEIGHT="35">
					<TextBlock ID="block_0" HPOS="558" VPOS="123" WIDTH="1078" HEIGHT="35">
						<TextLine ID="line_0" HPOS="558" VPOS="123" WIDTH="1078" HEIGHT="35">
							<String ID="string_0" HPOS="558" VPOS="127" WIDTH="275" HEIGHT="30" WC="0.92" CONTENT="Statsutskottets"/><SP WIDTH="26" VPOS="127" HPOS="833"/>
							<String ID="string_1" HPOS="859" VPOS="127" WIDTH="176" HEIGHT="31" WC="0.95" CONTENT="utlåtande"/><SP WIDTH="24" VPOS="127" HPOS="1035"/>
							<String ID="string_2" HPOS="1059" VPOS="138" WIDTH="42" HEIGHT="20" WC="0.95" CONTENT="nr"/><SP WIDTH="25" VPOS="138" HPOS="1101"/>
							<String ID="string_3" HPOS="1126" VPOS="126" WIDTH="69" HEIGHT="31" WC="0.95" CONTENT="140."/><SP WIDTH="422" VPOS="126" HPOS="1195"/>
							<String ID="string_4" HPOS="1617" VPOS="123" WIDTH="19" HEIGHT="30" WC="0.96" CONTENT="9"/>
						</TextLine>
					</TextBlock>
				</ComposedBlock>
				<ComposedBlock ID="cblock_1" HPOS="128" VPOS="205" WIDTH="1511" HEIGHT="903">
					<TextBlock ID="block_1" HPOS="128" VPOS="205" WIDTH="1508" HEIGHT="294">
						<TextLine ID="line_1" HPOS="173" VPOS="205" WIDTH="1462" HEIGHT="39">
							<String ID="string_5" HPOS="173" VPOS="205" WIDTH="73" HEIGHT="29" WC="0.95" CONTENT="Vad"/><SP WIDTH="19" VPOS="205" HPOS="246"/>
							<String ID="string_6" HPOS="265" VPOS="205" WIDTH="108" HEIGHT="39" WC="0.93" CONTENT="angår"/><SP WIDTH="27" VPOS="205" HPOS="373"/>
							<String ID="string_7" HPOS="400" VPOS="205" WIDTH="408" HEIGHT="30" WC="0.90" CONTENT="luftfartsverket"/><SP WIDTH="26" VPOS="205" HPOS="808"/>
							<String ID="string_8" HPOS="834" VPOS="206" WIDTH="135" HEIGHT="29" WC="0.91" CONTENT="erinras"/><SP WIDTH="20" VPOS="206" HPOS="969"/>
							<String ID="string_9" HPOS="989" VPOS="208" WIDTH="49" HEIGHT="27" WC="0.96" CONTENT="att"/><SP WIDTH="17" VPOS="208" HPOS="1038"/>
							<String ID="string_10" HPOS="1055" VPOS="206" WIDTH="55" HEIGHT="29" WC="0.96" CONTENT="för"/><SP WIDTH="21" VPOS="206" HPOS="1110"/>
							<String ID="string_11" HPOS="1131" VPOS="205" WIDTH="218" HEIGHT="30" WC="0.96" CONTENT="närvarande"/><SP WIDTH="19" VPOS="205" HPOS="1349"/>
							<String ID="string_12" HPOS="1368" VPOS="205" WIDTH="173" HEIGHT="30" WC="0.91" CONTENT="särskilda"/><SP WIDTH="18" VPOS="205" HPOS="1541"/>
							<String ID="string_13" HPOS="1559" VPOS="214" WIDTH="76" HEIGHT="30" WC="0.91" CONTENT="per-"/>
						</TextLine>
						<TextLine ID="line_2" HPOS="129" VPOS="255" WIDTH="1505" HEIGHT="41">
							<String ID="string_14" HPOS="129" VPOS="255" WIDTH="363" HEIGHT="39" WC="0.91" CONTENT="sonalförteckningar"/><SP WIDTH="20" VPOS="255" HPOS="492"/>
							<String ID="string_15" HPOS="512" VPOS="256" WIDTH="119" HEIGHT="30" WC="0.96" CONTENT="finnas"/><SP WIDTH="21" VPOS="256" HPOS="631"/>
							<String ID="string_16" HPOS="652" VPOS="256" WIDTH="55" HEIGHT="29" WC="0.93" CONTENT="för"/><SP WIDTH="22" VPOS="256" HPOS="707"/>
							<String ID="string_17" HPOS="729" VPOS="256" WIDTH="333" HEIGHT="39" WC="0.91" CONTENT="luftfartsstyrelsen"/><SP WIDTH="21" VPOS="256" HPOS="1062"/>
							<String ID="string_18" HPOS="1083" VPOS="257" WIDTH="65" HEIGHT="29" WC="0.92" CONTENT="och"/><SP WIDTH="23" VPOS="257" HPOS="1148"/>
							<String ID="string_19" HPOS="1171" VPOS="256" WIDTH="463" HEIGHT="40" WC="0.91" CONTENT="flygplatsorganisationen."/>
						</TextLine>
						<TextLine ID="line_3" HPOS="129" VPOS="306" WIDTH="1507" HEIGHT="41">
							<String ID="string_20" HPOS="129" VPOS="306" WIDTH="198" HEIGHT="39" WC="0.96" CONTENT="Anledning"/><SP WIDTH="28" VPOS="306" HPOS="327"/>
							<String ID="string_21" HPOS="355" VPOS="308" WIDTH="50" HEIGHT="28" WC="0.96" CONTENT="att"/><SP WIDTH="26" VPOS="308" HPOS="405"/>
							<String ID="string_22" HPOS="431" VPOS="306" WIDTH="55" HEIGHT="30" WC="0.96" CONTENT="för"/><SP WIDTH="26" VPOS="306" HPOS="486"/>
							<String ID="string_23" HPOS="512" VPOS="306" WIDTH="191" HEIGHT="30" WC="0.96" CONTENT="framtiden"/><SP WIDTH="27" VPOS="306" HPOS="703"/>
							<String ID="string_24" HPOS="730" VPOS="307" WIDTH="173" HEIGHT="30" WC="0.96" CONTENT="bibehålla"/><SP WIDTH="27" VPOS="307" HPOS="903"/>
							<String ID="string_25" HPOS="930" VPOS="307" WIDTH="115" HEIGHT="30" WC="0.95" CONTENT="denna"/><SP WIDTH="27" VPOS="307" HPOS="1045"/>
							<String ID="string_26" HPOS="1072" VPOS="307" WIDTH="216" HEIGHT="40" WC="0.96" CONTENT="uppdelning"/><SP WIDTH="26" VPOS="307" HPOS="1288"/>
							<String ID="string_27" HPOS="1314" VPOS="316" WIDTH="102" HEIGHT="20" WC="0.95" CONTENT="anses"/><SP WIDTH="28" VPOS="316" HPOS="1416"/>
							<String ID="string_28" HPOS="1444" VPOS="306" WIDTH="76" HEIGHT="30" WC="0.91" CONTENT="icke"/><SP WIDTH="25" VPOS="306" HPOS="1520"/>
							<String ID="string_29" HPOS="1545" VPOS="306" WIDTH="91" HEIGHT="30" WC="0.90" CONTENT="före-"/>
						</TextLine>
						<TextLine ID="line_4" HPOS="129" VPOS="357" WIDTH="1506" HEIGHT="39">
							<String ID="string_30" HPOS="129" VPOS="357" WIDTH="100" HEIGHT="39" WC="0.96" CONTENT="ligga."/><SP WIDTH="28" VPOS="357" HPOS="229"/>
							<String ID="string_31" HPOS="257" VPOS="357" WIDTH="143" HEIGHT="29" WC="0.96" CONTENT="Liksom"/><SP WIDTH="27" VPOS="357" HPOS="400"/>
							<String ID="string_32" HPOS="427" VPOS="357" WIDTH="222" HEIGHT="30" WC="0.96" CONTENT="beträffande"/><SP WIDTH="28" VPOS="357" HPOS="649"/>
							<String ID="string_33" HPOS="677" VPOS="358" WIDTH="118" HEIGHT="38" WC="0.93" CONTENT="övriga"/><SP WIDTH="26" VPOS="358" HPOS="795"/>
							<String ID="string_34" HPOS="821" VPOS="358" WIDTH="414" HEIGHT="29" WC="0.90" CONTENT="kommunikationsverk"/><SP WIDTH="27" VPOS="358" HPOS="1235"/>
							<String ID="string_35" HPOS="1262" VPOS="357" WIDTH="148" HEIGHT="30" WC="0.96" CONTENT="föreslås"/><SP WIDTH="28" VPOS="357" HPOS="1410"/>
							<String ID="string_36" HPOS="1438" VPOS="357" WIDTH="120" HEIGHT="30" WC="0.96" CONTENT="därför"/><SP WIDTH="27" VPOS="357" HPOS="1558"/>
							<String ID="string_37" HPOS="1585" VPOS="359" WIDTH="50" HEIGHT="27" WC="0.96" CONTENT="att"/>
						</TextLine>
						<TextLine ID="line_5" HPOS="129" VPOS="408" WIDTH="1507" HEIGHT="40">
							<String ID="string_38" HPOS="129" VPOS="408" WIDTH="188" HEIGHT="39" WC="0.96" CONTENT="styrelsens"/><SP WIDTH="23" VPOS="408" HPOS="317"/>
							<String ID="string_39" HPOS="340" VPOS="408" WIDTH="65" HEIGHT="29" WC="0.91" CONTENT="och"/><SP WIDTH="25" VPOS="408" HPOS="405"/>
							<String ID="string_40" HPOS="430" VPOS="408" WIDTH="374" HEIGHT="39" WC="0.91" CONTENT="lokalförvaltningens"/><SP WIDTH="24" VPOS="408" HPOS="804"/>
							<String ID="string_41" HPOS="828" VPOS="409" WIDTH="238" HEIGHT="39" WC="0.93" CONTENT="befattningar"/><SP WIDTH="26" VPOS="409" HPOS="1066"/>
							<String ID="string_42" HPOS="1092" VPOS="408" WIDTH="258" HEIGHT="30" WC="0.92" CONTENT="sammanföras"/><SP WIDTH="22" VPOS="408" HPOS="1350"/>
							<String ID="string_43" HPOS="1372" VPOS="408" WIDTH="11" HEIGHT="30" WC="0.96" CONTENT="i"/><SP WIDTH="26" VPOS="408" HPOS="1383"/>
							<String ID="string_44" HPOS="1409" VPOS="417" WIDTH="43" HEIGHT="21" WC="0.96" CONTENT="en"/><SP WIDTH="22" VPOS="417" HPOS="1452"/>
							<String ID="string_45" HPOS="1474" VPOS="408" WIDTH="55" HEIGHT="30" WC="0.93" CONTENT="för"/><SP WIDTH="23" VPOS="408" HPOS="1529"/>
							<String ID="string_46" HPOS="1552" VPOS="408" WIDTH="84" HEIGHT="29" WC="0.92" CONTENT="luft-"/>
						</TextLine>
						<TextLine ID="line_6" HPOS="128" VPOS="458" WIDTH="1462" HEIGHT="41">
							<String ID="string_47" HPOS="128" VPOS="458" WIDTH="210" HEIGHT="31" WC="0.91" CONTENT="fartsverket"/><SP WIDTH="22" VPOS="458" HPOS="338"/>
							<String ID="string_48" HPOS="360" VPOS="466" WIDTH="200" HEIGHT="32" WC="0.92" CONTENT="gemensam"/><SP WIDTH="22" VPOS="466" HPOS="560"/>
							<String ID="string_49" HPOS="582" VPOS="459" WIDTH="388" HEIGHT="40" WC="0.91" CONTENT="personalförteckning"/><SP WIDTH="22" VPOS="459" HPOS="970"/>
							<String ID="string_50" HPOS="992" VPOS="460" WIDTH="80" HEIGHT="29" WC="0.96" CONTENT="från"/><SP WIDTH="24" VPOS="460" HPOS="1072"/>
							<String ID="string_51" HPOS="1096" VPOS="459" WIDTH="65" HEIGHT="30" WC="0.96" CONTENT="och"/><SP WIDTH="22" VPOS="459" HPOS="1161"/>
							<String ID="string_52" HPOS="1183" VPOS="460" WIDTH="79" HEIGHT="29" WC="0.96" CONTENT="med"/><SP WIDTH="23" VPOS="460" HPOS="1262"/>
							<String ID="string_53" HPOS="1285" VPOS="460" WIDTH="102" HEIGHT="29" WC="0.96" CONTENT="nästa"/><SP WIDTH="23" VPOS="460" HPOS="1387"/>
							<String ID="string_54" HPOS="1410" VPOS="459" WIDTH="180" HEIGHT="39" WC="0.96" CONTENT="budgetår."/>
						</TextLine>
					</TextBlock>
					<TextBlock ID="block_2" HPOS="128" VPOS="509" WIDTH="1509" HEIGHT="284">
						<TextLine ID="line_7" HPOS="173" VPOS="509" WIDTH="1464" HEIGHT="41">
							<String ID="string_55" HPOS="173" VPOS="510" WIDTH="13" HEIGHT="29" WC="0.96" CONTENT="I"/><SP WIDTH="21" VPOS="510" HPOS="186"/>
							<String ID="string_56" HPOS="207" VPOS="510" WIDTH="66" HEIGHT="29" WC="0.96" CONTENT="den"/><SP WIDTH="20" VPOS="510" HPOS="273"/>
							<String ID="string_57" HPOS="293" VPOS="509" WIDTH="55" HEIGHT="30" WC="0.92" CONTENT="för"/><SP WIDTH="20" VPOS="509" HPOS="348"/>
							<String ID="string_58" HPOS="368" VPOS="510" WIDTH="282" HEIGHT="30" WC="0.91" CONTENT="luftfartsverket"/><SP WIDTH="23" VPOS="510" HPOS="650"/>
							<String ID="string_59" HPOS="673" VPOS="518" WIDTH="260" HEIGHT="31" WC="0.93" CONTENT="gemensamma"/><SP WIDTH="18" VPOS="518" HPOS="933"/>
							<String ID="string_60" HPOS="951" VPOS="510" WIDTH="432" HEIGHT="40" WC="0.89" CONTENT="personalförteckningen"/><SP WIDTH="21" VPOS="510" HPOS="1383"/>
							<String ID="string_61" HPOS="1404" VPOS="510" WIDTH="147" HEIGHT="30" WC="0.93" CONTENT="föreslås"/><SP WIDTH="21" VPOS="510" HPOS="1551"/>
							<String ID="string_62" HPOS="1572" VPOS="509" WIDTH="65" HEIGHT="30" WC="0.91" CONTENT="föl-"/>
						</TextLine>
						<TextLine ID="line_8" HPOS="128" VPOS="560" WIDTH="1509" HEIGHT="40">
							<String ID="string_63" HPOS="128" VPOS="560" WIDTH="106" HEIGHT="39" WC="0.92" CONTENT="jande"/><SP WIDTH="21" VPOS="560" HPOS="234"/>
							<String ID="string_64" HPOS="255" VPOS="561" WIDTH="200" HEIGHT="39" WC="0.96" CONTENT="ändringar,"/><SP WIDTH="22" VPOS="561" HPOS="455"/>
							<String ID="string_65" HPOS="477" VPOS="561" WIDTH="176" HEIGHT="39" WC="0.96" CONTENT="nämligen"/><SP WIDTH="21" VPOS="561" HPOS="653"/>
							<String ID="string_66" HPOS="674" VPOS="561" WIDTH="185" HEIGHT="30" WC="0.96" CONTENT="införande"/><SP WIDTH="21" VPOS="561" HPOS="859"/>
							<String ID="string_67" HPOS="880" VPOS="571" WIDTH="42" HEIGHT="20" WC="0.96" CONTENT="av"/><SP WIDTH="22" VPOS="571" HPOS="922"/>
							<String ID="string_68" HPOS="944" VPOS="562" WIDTH="18" HEIGHT="29" WC="0.93" CONTENT="2"/><SP WIDTH="21" VPOS="562" HPOS="962"/>
							<String ID="string_69" HPOS="983" VPOS="561" WIDTH="204" HEIGHT="39" WC="0.92" CONTENT="byråchefer"/><SP WIDTH="23" VPOS="561" HPOS="1187"/>
							<String ID="string_70" HPOS="1210" VPOS="561" WIDTH="11" HEIGHT="29" WC="0.96" CONTENT="i"/><SP WIDTH="22" VPOS="561" HPOS="1221"/>
							<String ID="string_71" HPOS="1243" VPOS="561" WIDTH="45" HEIGHT="31" WC="0.96" CONTENT="Ca"/><SP WIDTH="23" VPOS="561" HPOS="1288"/>
							<String ID="string_72" HPOS="1311" VPOS="561" WIDTH="52" HEIGHT="34" WC="0.96" CONTENT="33,"/><SP WIDTH="23" VPOS="561" HPOS="1363"/>
							<String ID="string_73" HPOS="1386" VPOS="561" WIDTH="185" HEIGHT="29" WC="0.96" CONTENT="införande"/><SP WIDTH="24" VPOS="561" HPOS="1571"/>
							<String ID="string_74" HPOS="1595" VPOS="570" WIDTH="42" HEIGHT="20" WC="0.96" CONTENT="av"/>
						</TextLine>
						<TextLine ID="line_9" HPOS="131" VPOS="611" WIDTH="1506" HEIGHT="39">
							<String ID="string_75" HPOS="131" VPOS="612" WIDTH="14" HEIGHT="28" WC="0.90" CONTENT="1"/><SP WIDTH="24" VPOS="612" HPOS="145"/>
							<String ID="string_76" HPOS="169" VPOS="611" WIDTH="242" HEIGHT="39" WC="0.90" CONTENT="byrådirektör"/><SP WIDTH="21" VPOS="611" HPOS="411"/>
							<String ID="string_77" HPOS="432" VPOS="612" WIDTH="12" HEIGHT="29" WC="0.96" CONTENT="i"/><SP WIDTH="22" VPOS="612" HPOS="444"/>
							<String ID="string_78" HPOS="466" VPOS="612" WIDTH="45" HEIGHT="29" WC="0.95" CONTENT="Ca"/><SP WIDTH="21" VPOS="612" HPOS="511"/>
							<String ID="string_79" HPOS="532" VPOS="612" WIDTH="51" HEIGHT="34" WC="0.96" CONTENT="31,"/><SP WIDTH="22" VPOS="612" HPOS="583"/>
							<String ID="string_80" HPOS="605" VPOS="612" WIDTH="186" HEIGHT="29" WC="0.96" CONTENT="införande"/><SP WIDTH="20" VPOS="612" HPOS="791"/>
							<String ID="string_81" HPOS="811" VPOS="621" WIDTH="42" HEIGHT="21" WC="0.96" CONTENT="av"/><SP WIDTH="20" VPOS="621" HPOS="853"/>
							<String ID="string_82" HPOS="873" VPOS="612" WIDTH="19" HEIGHT="29" WC="0.93" CONTENT="2"/><SP WIDTH="21" VPOS="612" HPOS="892"/>
							<String ID="string_83" HPOS="913" VPOS="612" WIDTH="280" HEIGHT="30" WC="0.91" CONTENT="distriktschefer"/><SP WIDTH="20" VPOS="612" HPOS="1193"/>
							<String ID="string_84" HPOS="1213" VPOS="612" WIDTH="12" HEIGHT="29" WC="0.96" CONTENT="i"/><SP WIDTH="21" VPOS="612" HPOS="1225"/>
							<String ID="string_85" HPOS="1246" VPOS="612" WIDTH="45" HEIGHT="30" WC="0.96" CONTENT="Ca"/><SP WIDTH="20" VPOS="612" HPOS="1291"/>
							<String ID="string_86" HPOS="1311" VPOS="611" WIDTH="52" HEIGHT="35" WC="0.96" CONTENT="31,"/><SP WIDTH="23" VPOS="611" HPOS="1363"/>
							<String ID="string_87" HPOS="1386" VPOS="612" WIDTH="186" HEIGHT="29" WC="0.95" CONTENT="införande"/><SP WIDTH="22" VPOS="612" HPOS="1572"/>
							<String ID="string_88" HPOS="1594" VPOS="620" WIDTH="43" HEIGHT="21" WC="0.95" CONTENT="av"/>
						</TextLine>
						<TextLine ID="line_10" HPOS="132" VPOS="662" WIDTH="1505" HEIGHT="40">
							<String ID="string_89" HPOS="132" VPOS="662" WIDTH="13" HEIGHT="28" WC="0.93" CONTENT="1"/><SP WIDTH="26" VPOS="662" HPOS="145"/>
							<String ID="string_90" HPOS="171" VPOS="662" WIDTH="247" HEIGHT="39" WC="0.92" CONTENT="flygplatschef"/><SP WIDTH="23" VPOS="662" HPOS="418"/>
							<String ID="string_91" HPOS="441" VPOS="662" WIDTH="12" HEIGHT="29" WC="0.96" CONTENT="i"/><SP WIDTH="24" VPOS="662" HPOS="453"/>
							<String ID="string_92" HPOS="477" VPOS="662" WIDTH="45" HEIGHT="30" WC="0.96" CONTENT="Ca"/><SP WIDTH="24" VPOS="662" HPOS="522"/>
							<String ID="string_93" HPOS="546" VPOS="662" WIDTH="51" HEIGHT="34" WC="0.95" CONTENT="31,"/><SP WIDTH="24" VPOS="662" HPOS="597"/>
							<String ID="string_94" HPOS="621" VPOS="662" WIDTH="218" HEIGHT="39" WC="0.96" CONTENT="uteslutning"/><SP WIDTH="22" VPOS="662" HPOS="839"/>
							<String ID="string_95" HPOS="861" VPOS="672" WIDTH="42" HEIGHT="20" WC="0.96" CONTENT="av"/><SP WIDTH="26" VPOS="672" HPOS="903"/>
							<String ID="string_96" HPOS="929" VPOS="663" WIDTH="15" HEIGHT="29" WC="0.96" CONTENT="1"/><SP WIDTH="24" VPOS="663" HPOS="944"/>
							<String ID="string_97" HPOS="968" VPOS="663" WIDTH="109" HEIGHT="29" WC="0.93" CONTENT="förste"/><SP WIDTH="22" VPOS="663" HPOS="1077"/>
							<String ID="string_98" HPOS="1099" VPOS="662" WIDTH="249" HEIGHT="40" WC="0.90" CONTENT="byråingenjör"/><SP WIDTH="22" VPOS="662" HPOS="1348"/>
							<String ID="string_99" HPOS="1370" VPOS="662" WIDTH="11" HEIGHT="30" WC="0.96" CONTENT="i"/><SP WIDTH="23" VPOS="662" HPOS="1381"/>
							<String ID="string_100" HPOS="1404" VPOS="662" WIDTH="46" HEIGHT="30" WC="0.96" CONTENT="Ca"/><SP WIDTH="23" VPOS="662" HPOS="1450"/>
							<String ID="string_101" HPOS="1473" VPOS="662" WIDTH="51" HEIGHT="34" WC="0.93" CONTENT="29,"/><SP WIDTH="22" VPOS="662" HPOS="1524"/>
							<String ID="string_102" HPOS="1546" VPOS="662" WIDTH="91" HEIGHT="29" WC="0.92" CONTENT="infö-"/>
						</TextLine>
						<TextLine ID="line_11" HPOS="129" VPOS="713" WIDTH="1508" HEIGHT="39">
							<String ID="string_103" HPOS="129" VPOS="713" WIDTH="108" HEIGHT="29" WC="0.95" CONTENT="rande"/><SP WIDTH="20" VPOS="713" HPOS="237"/>
							<String ID="string_104" HPOS="257" VPOS="722" WIDTH="42" HEIGHT="21" WC="0.96" CONTENT="av"/><SP WIDTH="21" VPOS="722" HPOS="299"/>
							<String ID="string_105" HPOS="320" VPOS="713" WIDTH="19" HEIGHT="29" WC="0.96" CONTENT="2"/><SP WIDTH="19" VPOS="713" HPOS="339"/>
							<String ID="string_106" HPOS="358" VPOS="713" WIDTH="109" HEIGHT="30" WC="0.93" CONTENT="förste"/><SP WIDTH="19" VPOS="713" HPOS="467"/>
							<String ID="string_107" HPOS="486" VPOS="713" WIDTH="302" HEIGHT="39" WC="0.91" CONTENT="byråsekreterare"/><SP WIDTH="20" VPOS="713" HPOS="788"/>
							<String ID="string_108" HPOS="808" VPOS="713" WIDTH="11" HEIGHT="29" WC="0.96" CONTENT="i"/><SP WIDTH="20" VPOS="713" HPOS="819"/>
							<String ID="string_109" HPOS="839" VPOS="713" WIDTH="45" HEIGHT="30" WC="0.95" CONTENT="Ca"/><SP WIDTH="20" VPOS="713" HPOS="884"/>
							<String ID="string_110" HPOS="904" VPOS="713" WIDTH="41" HEIGHT="30" WC="0.96" CONTENT="29"/><SP WIDTH="19" VPOS="713" HPOS="945"/>
							<String ID="string_111" HPOS="964" VPOS="714" WIDTH="65" HEIGHT="29" WC="0.96" CONTENT="och"/><SP WIDTH="21" VPOS="714" HPOS="1029"/>
							<String ID="string_112" HPOS="1050" VPOS="713" WIDTH="218" HEIGHT="39" WC="0.95" CONTENT="uteslutning"/><SP WIDTH="19" VPOS="713" HPOS="1268"/>
							<String ID="string_113" HPOS="1287" VPOS="723" WIDTH="43" HEIGHT="20" WC="0.96" CONTENT="av"/><SP WIDTH="20" VPOS="723" HPOS="1330"/>
							<String ID="string_114" HPOS="1350" VPOS="713" WIDTH="18" HEIGHT="30" WC="0.93" CONTENT="3"/><SP WIDTH="22" VPOS="713" HPOS="1368"/>
							<String ID="string_115" HPOS="1390" VPOS="713" WIDTH="247" HEIGHT="39" WC="0.92" CONTENT="flygplatsche-"/>
						</TextLine>
						<TextLine ID="line_12" HPOS="129" VPOS="763" WIDTH="215" HEIGHT="30">
							<String ID="string_116" HPOS="129" VPOS="763" WIDTH="52" HEIGHT="29" WC="0.96" CONTENT="fer"/><SP WIDTH="19" VPOS="763" HPOS="181"/>
							<String ID="string_117" HPOS="200" VPOS="763" WIDTH="11" HEIGHT="29" WC="0.96" CONTENT="i"/><SP WIDTH="18" VPOS="763" HPOS="211"/>
							<String ID="string_118" HPOS="229" VPOS="763" WIDTH="45" HEIGHT="30" WC="0.96" CONTENT="Ca"/><SP WIDTH="19" VPOS="763" HPOS="274"/>
							<String ID="string_119" HPOS="293" VPOS="763" WIDTH="51" HEIGHT="30" WC="0.95" CONTENT="28."/>
						</TextLine>
					</TextBlock>
					<TextBlock ID="block_3" HPOS="129" VPOS="814" WIDTH="1510" HEIGHT="193">
						<TextLine ID="line_13" HPOS="175" VPOS="814" WIDTH="1462" HEIGHT="40">
							<String ID="string_120" HPOS="175" VPOS="814" WIDTH="227" HEIGHT="30" WC="0.93" CONTENT="Beträffande"/><SP WIDTH="33" VPOS="814" HPOS="402"/>
							<String ID="string_121" HPOS="435" VPOS="815" WIDTH="399" HEIGHT="39" WC="0.90" CONTENT="tjänsteförteckningen"/><SP WIDTH="31" VPOS="815" HPOS="834"/>
							<String ID="string_122" HPOS="865" VPOS="815" WIDTH="111" HEIGHT="30" WC="0.96" CONTENT="skulle"/><SP WIDTH="30" VPOS="815" HPOS="976"/>
							<String ID="string_123" HPOS="1006" VPOS="815" WIDTH="157" HEIGHT="39" WC="0.96" CONTENT="följande"/><SP WIDTH="30" VPOS="815" HPOS="1163"/>
							<String ID="string_124" HPOS="1193" VPOS="814" WIDTH="248" HEIGHT="40" WC="0.94" CONTENT="förändringar"/><SP WIDTH="28" VPOS="814" HPOS="1441"/>
							<String ID="string_125" HPOS="1469" VPOS="814" WIDTH="168" HEIGHT="39" WC="0.94" CONTENT="vidtagas,"/>
						</TextLine>
						<TextLine ID="line_14" HPOS="131" VPOS="865" WIDTH="1508" HEIGHT="40">
							<String ID="string_126" HPOS="131" VPOS="865" WIDTH="176" HEIGHT="38" WC="0.96" CONTENT="nämligen"/><SP WIDTH="17" VPOS="865" HPOS="307"/>
							<String ID="string_127" HPOS="324" VPOS="865" WIDTH="186" HEIGHT="30" WC="0.96" CONTENT="införande"/><SP WIDTH="19" VPOS="865" HPOS="510"/>
							<String ID="string_128" HPOS="529" VPOS="875" WIDTH="42" HEIGHT="20" WC="0.96" CONTENT="av"/><SP WIDTH="19" VPOS="875" HPOS="571"/>
							<String ID="string_129" HPOS="590" VPOS="866" WIDTH="167" HEIGHT="38" WC="0.96" CONTENT="byråchef"/><SP WIDTH="16" VPOS="866" HPOS="757"/>
							<String ID="string_130" HPOS="773" VPOS="867" WIDTH="11" HEIGHT="29" WC="0.96" CONTENT="i"/><SP WIDTH="18" VPOS="867" HPOS="784"/>
							<String ID="string_131" HPOS="802" VPOS="866" WIDTH="45" HEIGHT="29" WC="0.96" CONTENT="Ca"/><SP WIDTH="18" VPOS="866" HPOS="847"/>
							<String ID="string_132" HPOS="865" VPOS="866" WIDTH="52" HEIGHT="34" WC="0.93" CONTENT="33,"/><SP WIDTH="18" VPOS="866" HPOS="917"/>
							<String ID="string_133" HPOS="935" VPOS="866" WIDTH="253" HEIGHT="39" WC="0.92" CONTENT="byrådirektör,"/><SP WIDTH="19" VPOS="866" HPOS="1188"/>
							<String ID="string_134" HPOS="1207" VPOS="865" WIDTH="243" HEIGHT="30" WC="0.96" CONTENT="distriktschef"/><SP WIDTH="20" VPOS="865" HPOS="1450"/>
							<String ID="string_135" HPOS="1470" VPOS="865" WIDTH="65" HEIGHT="30" WC="0.93" CONTENT="och"/><SP WIDTH="16" VPOS="865" HPOS="1535"/>
							<String ID="string_136" HPOS="1551" VPOS="865" WIDTH="88" HEIGHT="39" WC="0.92" CONTENT="flyg-"/>
						</TextLine>
						<TextLine ID="line_15" HPOS="129" VPOS="916" WIDTH="1510" HEIGHT="39">
							<String ID="string_137" HPOS="129" VPOS="916" WIDTH="174" HEIGHT="39" WC="0.96" CONTENT="platschef"/><SP WIDTH="16" VPOS="916" HPOS="303"/>
							<String ID="string_138" HPOS="319" VPOS="916" WIDTH="10" HEIGHT="29" WC="0.96" CONTENT="i"/><SP WIDTH="19" VPOS="916" HPOS="329"/>
							<String ID="string_139" HPOS="348" VPOS="916" WIDTH="46" HEIGHT="30" WC="0.96" CONTENT="Ca"/><SP WIDTH="17" VPOS="916" HPOS="394"/>
							<String ID="string_140" HPOS="411" VPOS="916" WIDTH="38" HEIGHT="30" WC="0.96" CONTENT="31"/><SP WIDTH="22" VPOS="916" HPOS="449"/>
							<String ID="string_141" HPOS="471" VPOS="918" WIDTH="89" HEIGHT="28" WC="0.96" CONTENT="samt"/><SP WIDTH="18" VPOS="918" HPOS="560"/>
							<String ID="string_142" HPOS="578" VPOS="917" WIDTH="108" HEIGHT="29" WC="0.93" CONTENT="förste"/><SP WIDTH="20" VPOS="917" HPOS="686"/>
							<String ID="string_143" HPOS="706" VPOS="917" WIDTH="302" HEIGHT="38" WC="0.92" CONTENT="byråsekreterare"/><SP WIDTH="17" VPOS="917" HPOS="1008"/>
							<String ID="string_144" HPOS="1025" VPOS="917" WIDTH="10" HEIGHT="28" WC="0.96" CONTENT="i"/><SP WIDTH="20" VPOS="917" HPOS="1035"/>
							<String ID="string_145" HPOS="1055" VPOS="917" WIDTH="45" HEIGHT="29" WC="0.96" CONTENT="Ca"/><SP WIDTH="18" VPOS="917" HPOS="1100"/>
							<String ID="string_146" HPOS="1118" VPOS="916" WIDTH="40" HEIGHT="30" WC="0.96" CONTENT="29"/><SP WIDTH="19" VPOS="916" HPOS="1158"/>
							<String ID="string_147" HPOS="1177" VPOS="917" WIDTH="164" HEIGHT="29" WC="0.96" CONTENT="ävensom"/><SP WIDTH="20" VPOS="917" HPOS="1341"/>
							<String ID="string_148" HPOS="1361" VPOS="916" WIDTH="218" HEIGHT="39" WC="0.95" CONTENT="uteslutning"/><SP WIDTH="17" VPOS="916" HPOS="1579"/>
							<String ID="string_149" HPOS="1596" VPOS="925" WIDTH="43" HEIGHT="21" WC="0.95" CONTENT="av"/>
						</TextLine>
						<TextLine ID="line_16" HPOS="131" VPOS="966" WIDTH="1062" HEIGHT="41">
							<String ID="string_150" HPOS="131" VPOS="966" WIDTH="108" HEIGHT="30" WC="0.93" CONTENT="förste"/><SP WIDTH="19" VPOS="966" HPOS="239"/>
							<String ID="string_151" HPOS="258" VPOS="966" WIDTH="250" HEIGHT="40" WC="0.92" CONTENT="byråingenjör"/><SP WIDTH="20" VPOS="966" HPOS="508"/>
							<String ID="string_152" HPOS="528" VPOS="967" WIDTH="10" HEIGHT="29" WC="0.96" CONTENT="i"/><SP WIDTH="23" VPOS="967" HPOS="538"/>
							<String ID="string_153" HPOS="561" VPOS="967" WIDTH="45" HEIGHT="30" WC="0.96" CONTENT="Ca"/><SP WIDTH="22" VPOS="967" HPOS="606"/>
							<String ID="string_154" HPOS="628" VPOS="967" WIDTH="41" HEIGHT="29" WC="0.96" CONTENT="29"/><SP WIDTH="20" VPOS="967" HPOS="669"/>
							<String ID="string_155" HPOS="689" VPOS="968" WIDTH="64" HEIGHT="29" WC="0.93" CONTENT="och"/><SP WIDTH="20" VPOS="968" HPOS="753"/>
							<String ID="string_156" HPOS="773" VPOS="967" WIDTH="249" HEIGHT="40" WC="0.90" CONTENT="flygplatschef"/><SP WIDTH="19" VPOS="967" HPOS="1022"/>
							<String ID="string_157" HPOS="1041" VPOS="968" WIDTH="11" HEIGHT="28" WC="0.96" CONTENT="i"/><SP WIDTH="24" VPOS="968" HPOS="1052"/>
							<String ID="string_158" HPOS="1076" VPOS="968" WIDTH="45" HEIGHT="29" WC="0.96" CONTENT="Ca"/><SP WIDTH="21" VPOS="968" HPOS="1121"/>
							<String ID="string_159" HPOS="1142" VPOS="967" WIDTH="51" HEIGHT="30" WC="0.96" CONTENT="28."/>
						</TextLine>
					</TextBlock>
					<TextBlock ID="block_4" HPOS="132" VPOS="1017" WIDTH="1507" HEIGHT="91">
						<TextLine ID="line_17" HPOS="176" VPOS="1017" WIDTH="1463" HEIGHT="40">
							<String ID="string_160" HPOS="176" VPOS="1017" WIDTH="168" HEIGHT="39" WC="0.96" CONTENT="Slutligen"/><SP WIDTH="21" VPOS="1017" HPOS="344"/>
							<String ID="string_161" HPOS="365" VPOS="1017" WIDTH="148" HEIGHT="30" WC="0.96" CONTENT="föreslås"/><SP WIDTH="22" VPOS="1017" HPOS="513"/>
							<String ID="string_162" HPOS="535" VPOS="1018" WIDTH="222" HEIGHT="29" WC="0.96" CONTENT="beträffande"/><SP WIDTH="33" VPOS="1018" HPOS="757"/>
							<String ID="string_163" HPOS="790" VPOS="1018" WIDTH="293" HEIGHT="39" WC="0.93" CONTENT="Södertälje"/><SP WIDTH="30" VPOS="1018" HPOS="1083"/>
							<String ID="string_164" HPOS="1113" VPOS="1018" WIDTH="244" HEIGHT="30" WC="0.92" CONTENT="kanalverk"/><SP WIDTH="69" VPOS="1018" HPOS="1357"/>
							<String ID="string_165" HPOS="1426" VPOS="1019" WIDTH="50" HEIGHT="28" WC="0.85" CONTENT="att"/><SP WIDTH="21" VPOS="1019" HPOS="1476"/>
							<String ID="string_166" HPOS="1497" VPOS="1018" WIDTH="11" HEIGHT="29" WC="0.85" CONTENT="i"/><SP WIDTH="22" VPOS="1018" HPOS="1508"/>
							<String ID="string_167" HPOS="1530" VPOS="1018" WIDTH="109" HEIGHT="39" WC="0.89" CONTENT="tjäns-"/>
						</TextLine>
						<TextLine ID="line_18" HPOS="132" VPOS="1068" WIDTH="1154" HEIGHT="40">
							<String ID="string_168" HPOS="132" VPOS="1068" WIDTH="300" HEIGHT="40" WC="0.88" CONTENT="teförteckningen"/><SP WIDTH="25" VPOS="1068" HPOS="432"/>
							<String ID="string_169" HPOS="457" VPOS="1069" WIDTH="132" HEIGHT="29" WC="0.92" CONTENT="införes"/><SP WIDTH="21" VPOS="1069" HPOS="589"/>
							<String ID="string_170" HPOS="610" VPOS="1068" WIDTH="234" HEIGHT="39" WC="0.92" CONTENT="tjänstetiteln"/><SP WIDTH="22" VPOS="1068" HPOS="844"/>
							<String ID="string_171" HPOS="866" VPOS="1069" WIDTH="246" HEIGHT="29" WC="0.89" CONTENT="trafikbiträde"/><SP WIDTH="22" VPOS="1069" HPOS="1112"/>
							<String ID="string_172" HPOS="1134" VPOS="1069" WIDTH="11" HEIGHT="29" WC="0.96" CONTENT="i"/><SP WIDTH="23" VPOS="1069" HPOS="1145"/>
							<String ID="string_173" HPOS="1168" VPOS="1068" WIDTH="45" HEIGHT="30" WC="0.96" CONTENT="Ca"/><SP WIDTH="24" VPOS="1068" HPOS="1213"/>
							<String ID="string_174" HPOS="1237" VPOS="1069" WIDTH="49" HEIGHT="29" WC="0.96" CONTENT="10."/>
						</TextLine>
					</TextBlock>
				</ComposedBlock>
				<ComposedBlock ID="cblock_2" HPOS="132" VPOS="1144" WIDTH="1515" HEIGHT="894">
					<TextBlock ID="block_5" HPOS="132" VPOS="1144" WIDTH="1515" HEIGHT="848">
						<TextLine ID="line_19" HPOS="178" VPOS="1144" WIDTH="1462" HEIGHT="41">
							<String ID="string_175" HPOS="178" VPOS="1144" WIDTH="185" HEIGHT="30" WC="0.96" CONTENT="Utskottet."/><SP WIDTH="21" VPOS="1144" HPOS="363"/>
							<String ID="string_176" HPOS="384" VPOS="1144" WIDTH="127" HEIGHT="39" WC="0.96" CONTENT="Kungl."/><SP WIDTH="20" VPOS="1144" HPOS="511"/>
							<String ID="string_177" HPOS="531" VPOS="1145" WIDTH="124" HEIGHT="39" WC="0.96" CONTENT="Maj:ts"/><SP WIDTH="22" VPOS="1145" HPOS="655"/>
							<String ID="string_178" HPOS="677" VPOS="1145" WIDTH="11" HEIGHT="29" WC="0.96" CONTENT="i"/><SP WIDTH="19" VPOS="1145" HPOS="688"/>
							<String ID="string_179" HPOS="707" VPOS="1145" WIDTH="229" HEIGHT="29" WC="0.96" CONTENT="förevarande"/><SP WIDTH="20" VPOS="1145" HPOS="936"/>
							<String ID="string_180" HPOS="956" VPOS="1145" WIDTH="217" HEIGHT="40" WC="0.96" CONTENT="proposition"/><SP WIDTH="19" VPOS="1145" HPOS="1173"/>
							<String ID="string_181" HPOS="1192" VPOS="1145" WIDTH="198" HEIGHT="38" WC="0.95" CONTENT="framlagda"/><SP WIDTH="19" VPOS="1145" HPOS="1390"/>
							<String ID="string_182" HPOS="1409" VPOS="1144" WIDTH="132" HEIGHT="39" WC="0.96" CONTENT="förslag"/><SP WIDTH="19" VPOS="1144" HPOS="1541"/>
							<String ID="string_183" HPOS="1560" VPOS="1153" WIDTH="80" HEIGHT="22" WC="0.96" CONTENT="avse"/>
						</TextLine>
						<TextLine ID="line_20" HPOS="132" VPOS="1195" WIDTH="1509" HEIGHT="40">
							<String ID="string_184" HPOS="132" VPOS="1195" WIDTH="248" HEIGHT="39" WC="0.90" CONTENT="nyinrättande"/><SP WIDTH="21" VPOS="1195" HPOS="380"/>
							<String ID="string_185" HPOS="401" VPOS="1195" WIDTH="82" HEIGHT="30" WC="0.96" CONTENT="eller"/><SP WIDTH="22" VPOS="1195" HPOS="483"/>
							<String ID="string_186" HPOS="505" VPOS="1196" WIDTH="242" HEIGHT="39" WC="0.96" CONTENT="uppflyttning"/><SP WIDTH="20" VPOS="1196" HPOS="747"/>
							<String ID="string_187" HPOS="767" VPOS="1196" WIDTH="11" HEIGHT="29" WC="0.96" CONTENT="i"/><SP WIDTH="21" VPOS="1196" HPOS="778"/>
							<String ID="string_188" HPOS="799" VPOS="1196" WIDTH="106" HEIGHT="39" WC="0.96" CONTENT="högre"/><SP WIDTH="23" VPOS="1196" HPOS="905"/>
							<String ID="string_189" HPOS="928" VPOS="1196" WIDTH="165" HEIGHT="39" WC="0.96" CONTENT="lönegrad"/><SP WIDTH="21" VPOS="1196" HPOS="1093"/>
							<String ID="string_190" HPOS="1114" VPOS="1205" WIDTH="42" HEIGHT="21" WC="0.95" CONTENT="av"/><SP WIDTH="22" VPOS="1205" HPOS="1156"/>
							<String ID="string_191" HPOS="1178" VPOS="1197" WIDTH="48" HEIGHT="28" WC="0.96" CONTENT="ett"/><SP WIDTH="23" VPOS="1197" HPOS="1226"/>
							<String ID="string_192" HPOS="1249" VPOS="1196" WIDTH="196" HEIGHT="38" WC="0.96" CONTENT="betydande"/><SP WIDTH="23" VPOS="1196" HPOS="1445"/>
							<String ID="string_193" HPOS="1468" VPOS="1195" WIDTH="95" HEIGHT="30" WC="0.91" CONTENT="antal"/><SP WIDTH="22" VPOS="1195" HPOS="1563"/>
							<String ID="string_194" HPOS="1585" VPOS="1195" WIDTH="56" HEIGHT="29" WC="0.91" CONTENT="be-"/>
						</TextLine>
						<TextLine ID="line_21" HPOS="133" VPOS="1245" WIDTH="1508" HEIGHT="41">
							<String ID="string_195" HPOS="133" VPOS="1245" WIDTH="194" HEIGHT="40" WC="0.91" CONTENT="fattningar"/><SP WIDTH="26" VPOS="1245" HPOS="327"/>
							<String ID="string_196" HPOS="353" VPOS="1246" WIDTH="58" HEIGHT="30" WC="0.93" CONTENT="vid"/><SP WIDTH="24" VPOS="1246" HPOS="411"/>
							<String ID="string_197" HPOS="435" VPOS="1246" WIDTH="469" HEIGHT="34" WC="0.92" CONTENT="kommunikationsverken,"/><SP WIDTH="26" VPOS="1246" HPOS="904"/>
							<String ID="string_198" HPOS="930" VPOS="1247" WIDTH="75" HEIGHT="29" WC="0.96" CONTENT="däri"/><SP WIDTH="25" VPOS="1247" HPOS="1005"/>
							<String ID="string_199" HPOS="1030" VPOS="1247" WIDTH="194" HEIGHT="29" WC="0.96" CONTENT="inräknade"/><SP WIDTH="23" VPOS="1247" HPOS="1224"/>
							<String ID="string_200" HPOS="1247" VPOS="1246" WIDTH="133" HEIGHT="40" WC="0.90" CONTENT="jämväl"/><SP WIDTH="25" VPOS="1246" HPOS="1380"/>
							<String ID="string_201" HPOS="1405" VPOS="1246" WIDTH="236" HEIGHT="30" WC="0.90" CONTENT="luftfartsver-"/>
						</TextLine>
						<TextLine ID="line_22" HPOS="133" VPOS="1296" WIDTH="1508" HEIGHT="40">
							<String ID="string_202" HPOS="133" VPOS="1296" WIDTH="58" HEIGHT="30" WC="0.96" CONTENT="ket"/><SP WIDTH="24" VPOS="1296" HPOS="191"/>
							<String ID="string_203" HPOS="215" VPOS="1296" WIDTH="64" HEIGHT="30" WC="0.96" CONTENT="och"/><SP WIDTH="27" VPOS="1296" HPOS="279"/>
							<String ID="string_204" HPOS="306" VPOS="1297" WIDTH="193" HEIGHT="39" WC="0.93" CONTENT="Södertälje"/><SP WIDTH="24" VPOS="1297" HPOS="499"/>
							<String ID="string_205" HPOS="523" VPOS="1297" WIDTH="203" HEIGHT="30" WC="0.91" CONTENT="kanalverk."/><SP WIDTH="25" VPOS="1297" HPOS="726"/>
							<String ID="string_206" HPOS="751" VPOS="1297" WIDTH="188" HEIGHT="39" WC="0.96" CONTENT="Förslagen"/><SP WIDTH="23" VPOS="1297" HPOS="939"/>
							<String ID="string_207" HPOS="962" VPOS="1298" WIDTH="46" HEIGHT="29" WC="0.96" CONTENT="ha"/><SP WIDTH="24" VPOS="1298" HPOS="1008"/>
							<String ID="string_208" HPOS="1032" VPOS="1297" WIDTH="52" HEIGHT="30" WC="0.96" CONTENT="till"/><SP WIDTH="24" VPOS="1297" HPOS="1084"/>
							<String ID="string_209" HPOS="1108" VPOS="1306" WIDTH="43" HEIGHT="22" WC="0.96" CONTENT="en"/><SP WIDTH="26" VPOS="1306" HPOS="1151"/>
							<String ID="string_210" HPOS="1177" VPOS="1297" WIDTH="54" HEIGHT="29" WC="0.93" CONTENT="del"/><SP WIDTH="24" VPOS="1297" HPOS="1231"/>
							<String ID="string_211" HPOS="1255" VPOS="1297" WIDTH="186" HEIGHT="30" WC="0.92" CONTENT="föranletts"/><SP WIDTH="27" VPOS="1297" HPOS="1441"/>
							<String ID="string_212" HPOS="1468" VPOS="1306" WIDTH="42" HEIGHT="21" WC="0.90" CONTENT="av"/><SP WIDTH="23" VPOS="1306" HPOS="1510"/>
							<String ID="string_213" HPOS="1533" VPOS="1297" WIDTH="108" HEIGHT="29" WC="0.90" CONTENT="fram-"/>
						</TextLine>
						<TextLine ID="line_23" HPOS="136" VPOS="1347" WIDTH="1506" HEIGHT="40">
							<String ID="string_214" HPOS="136" VPOS="1347" WIDTH="206" HEIGHT="39" WC="0.96" CONTENT="ställningar"/><SP WIDTH="24" VPOS="1347" HPOS="342"/>
							<String ID="string_215" HPOS="366" VPOS="1357" WIDTH="43" HEIGHT="20" WC="0.96" CONTENT="av"/><SP WIDTH="24" VPOS="1357" HPOS="409"/>
							<String ID="string_216" HPOS="433" VPOS="1348" WIDTH="259" HEIGHT="29" WC="0.93" CONTENT="vederbörande"/><SP WIDTH="25" VPOS="1348" HPOS="692"/>
							<String ID="string_217" HPOS="717" VPOS="1348" WIDTH="279" HEIGHT="39" WC="0.91" CONTENT="verksstyrelser,"/><SP WIDTH="24" VPOS="1348" HPOS="996"/>
							<String ID="string_218" HPOS="1020" VPOS="1348" WIDTH="94" HEIGHT="30" WC="0.96" CONTENT="vilka"/><SP WIDTH="24" VPOS="1348" HPOS="1114"/>
							<String ID="string_219" HPOS="1138" VPOS="1348" WIDTH="11" HEIGHT="29" WC="0.96" CONTENT="i"/><SP WIDTH="26" VPOS="1348" HPOS="1149"/>
							<String ID="string_220" HPOS="1175" VPOS="1350" WIDTH="86" HEIGHT="27" WC="0.96" CONTENT="stort"/><SP WIDTH="26" VPOS="1350" HPOS="1261"/>
							<String ID="string_221" HPOS="1287" VPOS="1349" WIDTH="66" HEIGHT="28" WC="0.93" CONTENT="sett"/><SP WIDTH="24" VPOS="1349" HPOS="1353"/>
							<String ID="string_222" HPOS="1377" VPOS="1348" WIDTH="232" HEIGHT="38" WC="0.91" CONTENT="tillgodosetts"/><SP WIDTH="23" VPOS="1348" HPOS="1609"/>
							<String ID="string_223" HPOS="1632" VPOS="1347" WIDTH="10" HEIGHT="29" WC="0.95" CONTENT="i"/>
						</TextLine>
						<TextLine ID="line_24" HPOS="137" VPOS="1398" WIDTH="1507" HEIGHT="39">
							<String ID="string_224" HPOS="137" VPOS="1398" WIDTH="66" HEIGHT="29" WC="0.96" CONTENT="den"/><SP WIDTH="26" VPOS="1398" HPOS="203"/>
							<String ID="string_225" HPOS="229" VPOS="1398" WIDTH="214" HEIGHT="39" WC="0.96" CONTENT="omfattning"/><SP WIDTH="26" VPOS="1398" HPOS="443"/>
							<String ID="string_226" HPOS="469" VPOS="1407" WIDTH="74" HEIGHT="20" WC="0.91" CONTENT="som"/><SP WIDTH="25" VPOS="1407" HPOS="543"/>
							<String ID="string_227" HPOS="568" VPOS="1398" WIDTH="190" HEIGHT="39" WC="0.90" CONTENT="tillstyrkts"/><SP WIDTH="25" VPOS="1398" HPOS="758"/>
							<String ID="string_228" HPOS="783" VPOS="1408" WIDTH="42" HEIGHT="20" WC="0.96" CONTENT="av"/><SP WIDTH="25" VPOS="1408" HPOS="825"/>
							<String ID="string_229" HPOS="850" VPOS="1400" WIDTH="132" HEIGHT="28" WC="0.93" CONTENT="statens"/><SP WIDTH="29" VPOS="1400" HPOS="982"/>
							<String ID="string_230" HPOS="1011" VPOS="1399" WIDTH="223" HEIGHT="29" WC="0.90" CONTENT="lönenämnd."/><SP WIDTH="28" VPOS="1399" HPOS="1234"/>
							<String ID="string_231" HPOS="1262" VPOS="1399" WIDTH="110" HEIGHT="29" WC="0.96" CONTENT="Dessa"/><SP WIDTH="27" VPOS="1399" HPOS="1372"/>
							<String ID="string_232" HPOS="1399" VPOS="1398" WIDTH="142" HEIGHT="39" WC="0.95" CONTENT="förslag,"/><SP WIDTH="28" VPOS="1398" HPOS="1541"/>
							<String ID="string_233" HPOS="1569" VPOS="1407" WIDTH="75" HEIGHT="20" WC="0.96" CONTENT="som"/>
						</TextLine>
						<TextLine ID="line_25" HPOS="135" VPOS="1448" WIDTH="1508" HEIGHT="39">
							<String ID="string_234" HPOS="135" VPOS="1448" WIDTH="36" HEIGHT="30" WC="0.96" CONTENT="få"/><SP WIDTH="26" VPOS="1448" HPOS="171"/>
							<String ID="string_235" HPOS="197" VPOS="1457" WIDTH="53" HEIGHT="20" WC="0.96" CONTENT="ses"/><SP WIDTH="22" VPOS="1457" HPOS="250"/>
							<String ID="string_236" HPOS="272" VPOS="1450" WIDTH="73" HEIGHT="27" WC="0.96" CONTENT="mot"/><SP WIDTH="23" VPOS="1450" HPOS="345"/>
							<String ID="string_237" HPOS="368" VPOS="1448" WIDTH="231" HEIGHT="39" WC="0.96" CONTENT="bakgrunden"/><SP WIDTH="24" VPOS="1448" HPOS="599"/>
							<String ID="string_238" HPOS="623" VPOS="1458" WIDTH="42" HEIGHT="20" WC="0.96" CONTENT="av"/><SP WIDTH="23" VPOS="1458" HPOS="665"/>
							<String ID="string_239" HPOS="688" VPOS="1449" WIDTH="66" HEIGHT="29" WC="0.96" CONTENT="den"/><SP WIDTH="25" VPOS="1449" HPOS="754"/>
							<String ID="string_240" HPOS="779" VPOS="1449" WIDTH="178" HEIGHT="29" WC="0.96" CONTENT="allmänna"/><SP WIDTH="26" VPOS="1449" HPOS="957"/>
							<String ID="string_241" HPOS="983" VPOS="1449" WIDTH="203" HEIGHT="38" WC="0.96" CONTENT="fortgående"/><SP WIDTH="24" VPOS="1449" HPOS="1186"/>
							<String ID="string_242" HPOS="1210" VPOS="1448" WIDTH="246" HEIGHT="39" WC="0.96" CONTENT="utvecklingen"/><SP WIDTH="23" VPOS="1448" HPOS="1456"/>
							<String ID="string_243" HPOS="1479" VPOS="1458" WIDTH="42" HEIGHT="20" WC="0.92" CONTENT="av"/><SP WIDTH="24" VPOS="1458" HPOS="1521"/>
							<String ID="string_244" HPOS="1545" VPOS="1449" WIDTH="98" HEIGHT="28" WC="0.92" CONTENT="kom-"/>
						</TextLine>
						<TextLine ID="line_26" HPOS="135" VPOS="1498" WIDTH="1509" HEIGHT="40">
							<String ID="string_245" HPOS="135" VPOS="1498" WIDTH="393" HEIGHT="31" WC="0.92" CONTENT="munikationsverkens"/><SP WIDTH="18" VPOS="1498" HPOS="528"/>
							<String ID="string_246" HPOS="546" VPOS="1499" WIDTH="129" HEIGHT="30" WC="0.96" CONTENT="rörelse"/><SP WIDTH="22" VPOS="1499" HPOS="675"/>
							<String ID="string_247" HPOS="697" VPOS="1501" WIDTH="90" HEIGHT="28" WC="0.96" CONTENT="samt"/><SP WIDTH="20" VPOS="1501" HPOS="787"/>
							<String ID="string_248" HPOS="807" VPOS="1499" WIDTH="229" HEIGHT="39" WC="0.93" CONTENT="genomförda"/><SP WIDTH="20" VPOS="1499" HPOS="1036"/>
							<String ID="string_249" HPOS="1056" VPOS="1499" WIDTH="229" HEIGHT="30" WC="0.92" CONTENT="statsförvärv"/><SP WIDTH="20" VPOS="1499" HPOS="1285"/>
							<String ID="string_250" HPOS="1305" VPOS="1508" WIDTH="43" HEIGHT="21" WC="0.96" CONTENT="av"/><SP WIDTH="21" VPOS="1508" HPOS="1348"/>
							<String ID="string_251" HPOS="1369" VPOS="1499" WIDTH="160" HEIGHT="30" WC="0.93" CONTENT="enskilda"/><SP WIDTH="18" VPOS="1499" HPOS="1529"/>
							<String ID="string_252" HPOS="1547" VPOS="1499" WIDTH="97" HEIGHT="39" WC="0.92" CONTENT="järn-"/>
						</TextLine>
						<TextLine ID="line_27" HPOS="136" VPOS="1549" WIDTH="1508" HEIGHT="39">
							<String ID="string_253" HPOS="136" VPOS="1550" WIDTH="115" HEIGHT="38" WC="0.95" CONTENT="vägar,"/><SP WIDTH="20" VPOS="1550" HPOS="251"/>
							<String ID="string_254" HPOS="271" VPOS="1549" WIDTH="45" HEIGHT="30" WC="0.96" CONTENT="ha"/><SP WIDTH="21" VPOS="1549" HPOS="316"/>
							<String ID="string_255" HPOS="337" VPOS="1549" WIDTH="76" HEIGHT="30" WC="0.96" CONTENT="icke"/><SP WIDTH="21" VPOS="1549" HPOS="413"/>
							<String ID="string_256" HPOS="434" VPOS="1549" WIDTH="167" HEIGHT="30" WC="0.96" CONTENT="föranlett"/><SP WIDTH="23" VPOS="1549" HPOS="601"/>
							<String ID="string_257" HPOS="624" VPOS="1550" WIDTH="115" HEIGHT="38" WC="0.96" CONTENT="någon"/><SP WIDTH="19" VPOS="1550" HPOS="739"/>
							<String ID="string_258" HPOS="758" VPOS="1550" WIDTH="141" HEIGHT="29" WC="0.96" CONTENT="erinran"/><SP WIDTH="20" VPOS="1550" HPOS="899"/>
							<String ID="string_259" HPOS="919" VPOS="1550" WIDTH="80" HEIGHT="30" WC="0.96" CONTENT="från"/><SP WIDTH="21" VPOS="1550" HPOS="999"/>
							<String ID="string_260" HPOS="1020" VPOS="1550" WIDTH="189" HEIGHT="29" WC="0.96" CONTENT="utskottets"/><SP WIDTH="21" VPOS="1550" HPOS="1209"/>
							<String ID="string_261" HPOS="1230" VPOS="1550" WIDTH="85" HEIGHT="29" WC="0.95" CONTENT="sida."/><SP WIDTH="20" VPOS="1550" HPOS="1315"/>
							<String ID="string_262" HPOS="1335" VPOS="1549" WIDTH="66" HEIGHT="31" WC="0.96" CONTENT="Det"/><SP WIDTH="21" VPOS="1549" HPOS="1401"/>
							<String ID="string_263" HPOS="1422" VPOS="1549" WIDTH="222" HEIGHT="30" WC="0.96" CONTENT="beträffande"/>
						</TextLine>
						<TextLine ID="line_28" HPOS="136" VPOS="1599" WIDTH="1508" HEIGHT="40">
							<String ID="string_264" HPOS="136" VPOS="1599" WIDTH="242" HEIGHT="40" WC="0.96" CONTENT="uppflyttning"/><SP WIDTH="22" VPOS="1599" HPOS="378"/>
							<String ID="string_265" HPOS="400" VPOS="1610" WIDTH="42" HEIGHT="20" WC="0.96" CONTENT="av"/><SP WIDTH="21" VPOS="1610" HPOS="442"/>
							<String ID="string_266" HPOS="463" VPOS="1600" WIDTH="93" HEIGHT="30" WC="0.93" CONTENT="vissa"/><SP WIDTH="23" VPOS="1600" HPOS="556"/>
							<String ID="string_267" HPOS="579" VPOS="1600" WIDTH="214" HEIGHT="30" WC="0.90" CONTENT="kontorister"/><SP WIDTH="22" VPOS="1600" HPOS="793"/>
							<String ID="string_268" HPOS="815" VPOS="1601" WIDTH="57" HEIGHT="29" WC="0.93" CONTENT="vid"/><SP WIDTH="22" VPOS="1601" HPOS="872"/>
							<String ID="string_269" HPOS="894" VPOS="1600" WIDTH="340" HEIGHT="39" WC="0.92" CONTENT="järnvägsstyrelsen"/><SP WIDTH="22" VPOS="1600" HPOS="1234"/>
							<String ID="string_270" HPOS="1256" VPOS="1600" WIDTH="199" HEIGHT="39" WC="0.94" CONTENT="framlagda"/><SP WIDTH="23" VPOS="1600" HPOS="1455"/>
							<String ID="string_271" HPOS="1478" VPOS="1600" WIDTH="166" HEIGHT="39" WC="0.96" CONTENT="förslaget"/>
						</TextLine>
						<TextLine ID="line_29" HPOS="138" VPOS="1650" WIDTH="1506" HEIGHT="40">
							<String ID="string_272" HPOS="138" VPOS="1651" WIDTH="83" HEIGHT="33" WC="0.96" CONTENT="åter,"/><SP WIDTH="32" VPOS="1651" HPOS="221"/>
							<String ID="string_273" HPOS="253" VPOS="1660" WIDTH="74" HEIGHT="20" WC="0.93" CONTENT="som"/><SP WIDTH="29" VPOS="1660" HPOS="327"/>
							<String ID="string_274" HPOS="356" VPOS="1651" WIDTH="178" HEIGHT="39" WC="0.91" CONTENT="avstyrkts"/><SP WIDTH="28" VPOS="1651" HPOS="534"/>
							<String ID="string_275" HPOS="562" VPOS="1660" WIDTH="43" HEIGHT="21" WC="0.93" CONTENT="av"/><SP WIDTH="27" VPOS="1660" HPOS="605"/>
							<String ID="string_276" HPOS="632" VPOS="1650" WIDTH="341" HEIGHT="40" WC="0.92" CONTENT="järnvägsstyrelsen"/><SP WIDTH="32" VPOS="1650" HPOS="973"/>
							<String ID="string_277" HPOS="1005" VPOS="1651" WIDTH="65" HEIGHT="29" WC="0.95" CONTENT="och"/><SP WIDTH="31" VPOS="1651" HPOS="1070"/>
							<String ID="string_278" HPOS="1101" VPOS="1653" WIDTH="132" HEIGHT="28" WC="0.92" CONTENT="statens"/><SP WIDTH="30" VPOS="1653" HPOS="1233"/>
							<String ID="string_279" HPOS="1263" VPOS="1651" WIDTH="224" HEIGHT="33" WC="0.91" CONTENT="lönenämnd,"/><SP WIDTH="30" VPOS="1651" HPOS="1487"/>
							<String ID="string_280" HPOS="1517" VPOS="1651" WIDTH="127" HEIGHT="39" WC="0.96" CONTENT="bygger"/>
						</TextLine>
						<TextLine ID="line_30" HPOS="136" VPOS="1701" WIDTH="1509" HEIGHT="39">
							<String ID="string_281" HPOS="136" VPOS="1702" WIDTH="45" HEIGHT="38" WC="0.96" CONTENT="på"/><SP WIDTH="20" VPOS="1702" HPOS="181"/>
							<String ID="string_282" HPOS="201" VPOS="1701" WIDTH="198" HEIGHT="39" WC="0.96" CONTENT="utredning,"/><SP WIDTH="21" VPOS="1701" HPOS="399"/>
							<String ID="string_283" HPOS="420" VPOS="1701" WIDTH="191" HEIGHT="30" WC="0.96" CONTENT="verkställd"/><SP WIDTH="21" VPOS="1701" HPOS="611"/>
							<String ID="string_284" HPOS="632" VPOS="1712" WIDTH="42" HEIGHT="20" WC="0.96" CONTENT="av"/><SP WIDTH="23" VPOS="1712" HPOS="674"/>
							<String ID="string_285" HPOS="697" VPOS="1701" WIDTH="81" HEIGHT="30" WC="0.96" CONTENT="1947"/><SP WIDTH="23" VPOS="1701" HPOS="778"/>
							<String ID="string_286" HPOS="801" VPOS="1702" WIDTH="57" HEIGHT="30" WC="0.91" CONTENT="års"/><SP WIDTH="19" VPOS="1702" HPOS="858"/>
							<String ID="string_287" HPOS="877" VPOS="1702" WIDTH="354" HEIGHT="38" WC="0.91" CONTENT="biträdesutredning."/><SP WIDTH="21" VPOS="1702" HPOS="1231"/>
							<String ID="string_288" HPOS="1252" VPOS="1702" WIDTH="177" HEIGHT="29" WC="0.96" CONTENT="Utskottet"/><SP WIDTH="24" VPOS="1702" HPOS="1429"/>
							<String ID="string_289" HPOS="1453" VPOS="1702" WIDTH="38" HEIGHT="29" WC="0.96" CONTENT="är"/><SP WIDTH="21" VPOS="1702" HPOS="1491"/>
							<String ID="string_290" HPOS="1512" VPOS="1702" WIDTH="55" HEIGHT="29" WC="0.96" CONTENT="för"/><SP WIDTH="24" VPOS="1702" HPOS="1567"/>
							<String ID="string_291" HPOS="1591" VPOS="1701" WIDTH="54" HEIGHT="30" WC="0.96" CONTENT="sin"/>
						</TextLine>
						<TextLine ID="line_31" HPOS="137" VPOS="1752" WIDTH="1509" HEIGHT="40">
							<String ID="string_292" HPOS="137" VPOS="1752" WIDTH="54" HEIGHT="29" WC="0.96" CONTENT="del"/><SP WIDTH="19" VPOS="1752" HPOS="191"/>
							<String ID="string_293" HPOS="210" VPOS="1752" WIDTH="79" HEIGHT="29" WC="0.96" CONTENT="med"/><SP WIDTH="19" VPOS="1752" HPOS="289"/>
							<String ID="string_294" HPOS="308" VPOS="1752" WIDTH="138" HEIGHT="39" WC="0.96" CONTENT="hänsyn"/><SP WIDTH="19" VPOS="1752" HPOS="446"/>
							<String ID="string_295" HPOS="465" VPOS="1752" WIDTH="52" HEIGHT="29" WC="0.96" CONTENT="till"/><SP WIDTH="18" VPOS="1752" HPOS="517"/>
							<String ID="string_296" HPOS="535" VPOS="1753" WIDTH="67" HEIGHT="29" WC="0.93" CONTENT="vad"/><SP WIDTH="19" VPOS="1753" HPOS="602"/>
							<String ID="string_297" HPOS="621" VPOS="1752" WIDTH="386" HEIGHT="40" WC="0.91" CONTENT="departementschefen"/><SP WIDTH="22" VPOS="1752" HPOS="1007"/>
							<String ID="string_298" HPOS="1029" VPOS="1753" WIDTH="117" HEIGHT="29" WC="0.96" CONTENT="anfört"/><SP WIDTH="18" VPOS="1753" HPOS="1146"/>
							<String ID="string_299" HPOS="1164" VPOS="1753" WIDTH="11" HEIGHT="29" WC="0.96" CONTENT="i"/><SP WIDTH="18" VPOS="1753" HPOS="1175"/>
							<String ID="string_300" HPOS="1193" VPOS="1752" WIDTH="125" HEIGHT="40" WC="0.96" CONTENT="frågan"/><SP WIDTH="19" VPOS="1752" HPOS="1318"/>
							<String ID="string_301" HPOS="1337" VPOS="1752" WIDTH="112" HEIGHT="30" WC="0.96" CONTENT="berett"/><SP WIDTH="19" VPOS="1752" HPOS="1449"/>
							<String ID="string_302" HPOS="1468" VPOS="1752" WIDTH="178" HEIGHT="39" WC="0.0" CONTENT="tillstyrka"/>
						</TextLine>
						<TextLine ID="line_32" HPOS="137" VPOS="1802" WIDTH="1510" HEIGHT="40">
							<String ID="string_303" HPOS="137" VPOS="1802" WIDTH="131" HEIGHT="39" WC="0.95" CONTENT="jämväl"/><SP WIDTH="22" VPOS="1802" HPOS="268"/>
							<String ID="string_304" HPOS="290" VPOS="1803" WIDTH="95" HEIGHT="29" WC="0.96" CONTENT="detta"/><SP WIDTH="21" VPOS="1803" HPOS="385"/>
							<String ID="string_305" HPOS="406" VPOS="1803" WIDTH="142" HEIGHT="39" WC="0.96" CONTENT="förslag."/><SP WIDTH="22" VPOS="1803" HPOS="548"/>
							<String ID="string_306" HPOS="570" VPOS="1803" WIDTH="65" HEIGHT="29" WC="0.93" CONTENT="Det"/><SP WIDTH="22" VPOS="1803" HPOS="635"/>
							<String ID="string_307" HPOS="657" VPOS="1803" WIDTH="206" HEIGHT="29" WC="0.90" CONTENT="motionsvis"/><SP WIDTH="21" VPOS="1803" HPOS="863"/>
							<String ID="string_308" HPOS="884" VPOS="1803" WIDTH="197" HEIGHT="29" WC="0.96" CONTENT="framförda"/><SP WIDTH="20" VPOS="1803" HPOS="1081"/>
							<String ID="string_309" HPOS="1101" VPOS="1803" WIDTH="172" HEIGHT="39" WC="0.96" CONTENT="yrkandet"/><SP WIDTH="22" VPOS="1803" HPOS="1273"/>
							<String ID="string_310" HPOS="1295" VPOS="1812" WIDTH="56" HEIGHT="20" WC="0.96" CONTENT="om"/><SP WIDTH="22" VPOS="1812" HPOS="1351"/>
							<String ID="string_311" HPOS="1373" VPOS="1812" WIDTH="43" HEIGHT="20" WC="0.95" CONTENT="en"/><SP WIDTH="24" VPOS="1812" HPOS="1416"/>
							<String ID="string_312" HPOS="1440" VPOS="1802" WIDTH="207" HEIGHT="39" WC="0.96" CONTENT="utvidgning"/>
						</TextLine>
						<TextLine ID="line_33" HPOS="139" VPOS="1853" WIDTH="1506" HEIGHT="39">
							<String ID="string_313" HPOS="139" VPOS="1863" WIDTH="42" HEIGHT="19" WC="0.93" CONTENT="av"/><SP WIDTH="28" VPOS="1863" HPOS="181"/>
							<String ID="string_314" HPOS="209" VPOS="1853" WIDTH="405" HEIGHT="39" WC="0.92" CONTENT="departementschefens"/><SP WIDTH="29" VPOS="1853" HPOS="614"/>
							<String ID="string_315" HPOS="643" VPOS="1853" WIDTH="132" HEIGHT="39" WC="0.96" CONTENT="förslag"/><SP WIDTH="28" VPOS="1853" HPOS="775"/>
							<String ID="string_316" HPOS="803" VPOS="1854" WIDTH="11" HEIGHT="28" WC="0.96" CONTENT="i"/><SP WIDTH="29" VPOS="1854" HPOS="814"/>
							<String ID="string_317" HPOS="843" VPOS="1854" WIDTH="115" HEIGHT="29" WC="0.96" CONTENT="denna"/><SP WIDTH="29" VPOS="1854" HPOS="958"/>
							<String ID="string_318" HPOS="987" VPOS="1853" WIDTH="54" HEIGHT="30" WC="0.96" CONTENT="del"/><SP WIDTH="32" VPOS="1853" HPOS="1041"/>
							<String ID="string_319" HPOS="1073" VPOS="1862" WIDTH="101" HEIGHT="21" WC="0.96" CONTENT="anser"/><SP WIDTH="31" VPOS="1862" HPOS="1174"/>
							<String ID="string_320" HPOS="1205" VPOS="1853" WIDTH="50" HEIGHT="39" WC="0.96" CONTENT="sig"/><SP WIDTH="30" VPOS="1853" HPOS="1255"/>
							<String ID="string_321" HPOS="1285" VPOS="1854" WIDTH="172" HEIGHT="29" WC="0.96" CONTENT="utskottet"/><SP WIDTH="31" VPOS="1854" HPOS="1457"/>
							<String ID="string_322" HPOS="1488" VPOS="1854" WIDTH="157" HEIGHT="29" WC="0.96" CONTENT="däremot"/>
						</TextLine>
						<TextLine ID="line_34" HPOS="139" VPOS="1903" WIDTH="1508" HEIGHT="39">
							<String ID="string_323" HPOS="139" VPOS="1904" WIDTH="76" HEIGHT="28" WC="0.96" CONTENT="icke"/><SP WIDTH="19" VPOS="1904" HPOS="215"/>
							<String ID="string_324" HPOS="234" VPOS="1903" WIDTH="83" HEIGHT="29" WC="0.96" CONTENT="böra"/><SP WIDTH="20" VPOS="1903" HPOS="317"/>
							<String ID="string_325" HPOS="337" VPOS="1903" WIDTH="153" HEIGHT="29" WC="0.96" CONTENT="förorda."/><SP WIDTH="23" VPOS="1903" HPOS="490"/>
							<String ID="string_326" HPOS="513" VPOS="1903" WIDTH="75" HEIGHT="30" WC="0.93" CONTENT="Vad"/><SP WIDTH="20" VPOS="1903" HPOS="588"/>
							<String ID="string_327" HPOS="608" VPOS="1903" WIDTH="386" HEIGHT="39" WC="0.89" CONTENT="departementschefen"/><SP WIDTH="21" VPOS="1903" HPOS="994"/>
							<String ID="string_328" HPOS="1015" VPOS="1904" WIDTH="10" HEIGHT="28" WC="0.96" CONTENT="i"/><SP WIDTH="21" VPOS="1904" HPOS="1025"/>
							<String ID="string_329" HPOS="1046" VPOS="1904" WIDTH="111" HEIGHT="38" WC="0.96" CONTENT="övrigt"/><SP WIDTH="21" VPOS="1904" HPOS="1157"/>
							<String ID="string_330" HPOS="1178" VPOS="1904" WIDTH="117" HEIGHT="29" WC="0.96" CONTENT="anfört"/><SP WIDTH="21" VPOS="1904" HPOS="1295"/>
							<String ID="string_331" HPOS="1316" VPOS="1904" WIDTH="65" HEIGHT="29" WC="0.96" CONTENT="och"/><SP WIDTH="23" VPOS="1904" HPOS="1381"/>
							<String ID="string_332" HPOS="1404" VPOS="1904" WIDTH="158" HEIGHT="29" WC="0.96" CONTENT="förordat"/><SP WIDTH="21" VPOS="1904" HPOS="1562"/>
							<String ID="string_333" HPOS="1583" VPOS="1904" WIDTH="64" HEIGHT="29" WC="0.96" CONTENT="har"/>
						</TextLine>
						<TextLine ID="line_35" HPOS="138" VPOS="1953" WIDTH="992" HEIGHT="39">
							<String ID="string_334" HPOS="138" VPOS="1954" WIDTH="76" HEIGHT="29" WC="0.96" CONTENT="icke"/><SP WIDTH="23" VPOS="1954" HPOS="214"/>
							<String ID="string_335" HPOS="237" VPOS="1953" WIDTH="167" HEIGHT="30" WC="0.96" CONTENT="föranlett"/><SP WIDTH="21" VPOS="1953" HPOS="404"/>
							<String ID="string_336" HPOS="425" VPOS="1954" WIDTH="114" HEIGHT="38" WC="0.96" CONTENT="någon"/><SP WIDTH="24" VPOS="1954" HPOS="539"/>
							<String ID="string_337" HPOS="563" VPOS="1954" WIDTH="142" HEIGHT="29" WC="0.95" CONTENT="erinran"/><SP WIDTH="23" VPOS="1954" HPOS="705"/>
							<String ID="string_338" HPOS="728" VPOS="1954" WIDTH="79" HEIGHT="29" WC="0.96" CONTENT="från"/><SP WIDTH="24" VPOS="1954" HPOS="807"/>
							<String ID="string_339" HPOS="831" VPOS="1954" WIDTH="190" HEIGHT="29" WC="0.96" CONTENT="utskottets"/><SP WIDTH="24" VPOS="1954" HPOS="1021"/>
							<String ID="string_340" HPOS="1045" VPOS="1954" WIDTH="85" HEIGHT="29" WC="0.96" CONTENT="sida."/>
						</TextLine>
					</TextBlock>
					<TextBlock ID="block_6" HPOS="185" VPOS="2004" WIDTH="538" HEIGHT="34">
						<TextLine ID="line_36" HPOS="185" VPOS="2004" WIDTH="538" HEIGHT="34">
							<String ID="string_341" HPOS="185" VPOS="2004" WIDTH="175" HEIGHT="29" WC="0.96" CONTENT="Utskottet"/><SP WIDTH="23" VPOS="2004" HPOS="360"/>
							<String ID="string_342" HPOS="383" VPOS="2004" WIDTH="203" HEIGHT="29" WC="0.96" CONTENT="hemställer"/><SP WIDTH="24" VPOS="2004" HPOS="586"/>
							<String ID="string_343" HPOS="610" VPOS="2004" WIDTH="113" HEIGHT="34" WC="0.96" CONTENT="alltså,"/>
						</TextLine>
					</TextBlock>
				</ComposedBlock>
				<ComposedBlock ID="cblock_3" HPOS="451" VPOS="2091" WIDTH="1199" HEIGHT="339">
					<TextBlock ID="block_7" HPOS="495" VPOS="2091" WIDTH="384" HEIGHT="39">
						<TextLine ID="line_37" HPOS="495" VPOS="2091" WIDTH="384" HEIGHT="39">
							<String ID="string_344" HPOS="495" VPOS="2091" WIDTH="24" HEIGHT="29" WC="0.94" CONTENT="I."/><SP WIDTH="22" VPOS="2091" HPOS="519"/>
							<String ID="string_345" HPOS="541" VPOS="2093" WIDTH="50" HEIGHT="28" WC="0.96" CONTENT="att"/><SP WIDTH="21" VPOS="2093" HPOS="591"/>
							<String ID="string_346" HPOS="612" VPOS="2091" WIDTH="188" HEIGHT="39" WC="0.95" CONTENT="riksdagen"/><SP WIDTH="22" VPOS="2091" HPOS="800"/>
							<String ID="string_347" HPOS="822" VPOS="2091" WIDTH="57" HEIGHT="30" WC="0.95" CONTENT="må"/>
						</TextLine>
					</TextBlock>
					<TextBlock ID="block_8" HPOS="451" VPOS="2139" WIDTH="1199" HEIGHT="291">
						<TextLine ID="line_38" HPOS="495" VPOS="2139" WIDTH="1155" HEIGHT="41">
							<String ID="string_348" HPOS="495" VPOS="2142" WIDTH="36" HEIGHT="32" WC="0.96" CONTENT="a)"/><SP WIDTH="25" VPOS="2142" HPOS="531"/>
							<String ID="string_349" HPOS="556" VPOS="2142" WIDTH="209" HEIGHT="38" WC="0.96" CONTENT="bemyndiga"/><SP WIDTH="22" VPOS="2142" HPOS="765"/>
							<String ID="string_350" HPOS="787" VPOS="2141" WIDTH="125" HEIGHT="38" WC="0.94" CONTENT="Kungl."/><SP WIDTH="22" VPOS="2141" HPOS="912"/>
							<String ID="string_351" HPOS="934" VPOS="2141" WIDTH="105" HEIGHT="39" WC="0.96" CONTENT="Maj:t"/><SP WIDTH="22" VPOS="2141" HPOS="1039"/>
							<String ID="string_352" HPOS="1061" VPOS="2143" WIDTH="49" HEIGHT="28" WC="0.95" CONTENT="att"/><SP WIDTH="20" VPOS="2143" HPOS="1110"/>
							<String ID="string_353" HPOS="1130" VPOS="2141" WIDTH="11" HEIGHT="29" WC="0.96" CONTENT="i"/><SP WIDTH="23" VPOS="2141" HPOS="1141"/>
							<String ID="string_354" HPOS="1164" VPOS="2141" WIDTH="40" HEIGHT="29" WC="0.96" CONTENT="de"/><SP WIDTH="22" VPOS="2141" HPOS="1204"/>
							<String ID="string_355" HPOS="1226" VPOS="2150" WIDTH="41" HEIGHT="20" WC="0.96" CONTENT="av"/><SP WIDTH="21" VPOS="2150" HPOS="1267"/>
							<String ID="string_356" HPOS="1288" VPOS="2140" WIDTH="187" HEIGHT="37" WC="0.92" CONTENT="riksdagen"/><SP WIDTH="22" VPOS="2140" HPOS="1475"/>
							<String ID="string_357" HPOS="1497" VPOS="2139" WIDTH="153" HEIGHT="39" WC="0.92" CONTENT="godkän-"/>
						</TextLine>
						<TextLine ID="line_39" HPOS="451" VPOS="2190" WIDTH="1198" HEIGHT="40">
							<String ID="string_358" HPOS="451" VPOS="2193" WIDTH="43" HEIGHT="28" WC="0.93" CONTENT="da"/><SP WIDTH="19" VPOS="2193" HPOS="494"/>
							<String ID="string_359" HPOS="513" VPOS="2192" WIDTH="475" HEIGHT="38" WC="0.91" CONTENT="personalförteckningarna"/><SP WIDTH="18" VPOS="2192" HPOS="988"/>
							<String ID="string_360" HPOS="1006" VPOS="2192" WIDTH="54" HEIGHT="28" WC="0.91" CONTENT="för"/><SP WIDTH="19" VPOS="2192" HPOS="1060"/>
							<String ID="string_361" HPOS="1079" VPOS="2193" WIDTH="92" HEIGHT="37" WC="0.91" CONTENT="post-"/><SP WIDTH="17" VPOS="2193" HPOS="1171"/>
							<String ID="string_362" HPOS="1188" VPOS="2191" WIDTH="64" HEIGHT="29" WC="0.93" CONTENT="och"/><SP WIDTH="20" VPOS="2191" HPOS="1252"/>
							<String ID="string_363" HPOS="1272" VPOS="2190" WIDTH="289" HEIGHT="38" WC="0.92" CONTENT="telegrafverken,"/><SP WIDTH="20" VPOS="2190" HPOS="1561"/>
							<String ID="string_364" HPOS="1581" VPOS="2191" WIDTH="68" HEIGHT="27" WC="0.91" CONTENT="sta-"/>
						</TextLine>
						<TextLine ID="line_40" HPOS="452" VPOS="2239" WIDTH="1197" HEIGHT="41">
							<String ID="string_365" HPOS="452" VPOS="2244" WIDTH="77" HEIGHT="27" WC="0.96" CONTENT="tens"/><SP WIDTH="26" VPOS="2244" HPOS="529"/>
							<String ID="string_366" HPOS="555" VPOS="2242" WIDTH="199" HEIGHT="38" WC="0.96" CONTENT="järnvägar,"/><SP WIDTH="30" VPOS="2242" HPOS="754"/>
							<String ID="string_367" HPOS="784" VPOS="2244" WIDTH="132" HEIGHT="27" WC="0.93" CONTENT="statens"/><SP WIDTH="28" VPOS="2244" HPOS="916"/>
							<String ID="string_368" HPOS="944" VPOS="2241" WIDTH="299" HEIGHT="33" WC="0.91" CONTENT="vattenfallsverk,"/><SP WIDTH="29" VPOS="2241" HPOS="1243"/>
							<String ID="string_369" HPOS="1272" VPOS="2240" WIDTH="282" HEIGHT="29" WC="0.92" CONTENT="luftfartsverket"/><SP WIDTH="30" VPOS="2240" HPOS="1554"/>
							<String ID="string_370" HPOS="1584" VPOS="2239" WIDTH="65" HEIGHT="29" WC="0.96" CONTENT="och"/>
						</TextLine>
						<TextLine ID="line_41" HPOS="454" VPOS="2290" WIDTH="1196" HEIGHT="40">
							<String ID="string_371" HPOS="454" VPOS="2292" WIDTH="193" HEIGHT="38" WC="0.93" CONTENT="Södertälje"/><SP WIDTH="34" VPOS="2292" HPOS="647"/>
							<String ID="string_372" HPOS="681" VPOS="2292" WIDTH="192" HEIGHT="29" WC="0.91" CONTENT="kanalverk"/><SP WIDTH="32" VPOS="2292" HPOS="873"/>
							<String ID="string_373" HPOS="905" VPOS="2291" WIDTH="138" HEIGHT="38" WC="0.96" CONTENT="vidtaga"/><SP WIDTH="35" VPOS="2291" HPOS="1043"/>
							<String ID="string_374" HPOS="1078" VPOS="2292" WIDTH="41" HEIGHT="28" WC="0.96" CONTENT="de"/><SP WIDTH="33" VPOS="2292" HPOS="1119"/>
							<String ID="string_375" HPOS="1152" VPOS="2291" WIDTH="200" HEIGHT="38" WC="0.96" CONTENT="ändringar,"/><SP WIDTH="34" VPOS="2291" HPOS="1352"/>
							<String ID="string_376" HPOS="1386" VPOS="2299" WIDTH="74" HEIGHT="20" WC="0.92" CONTENT="som"/><SP WIDTH="33" VPOS="2299" HPOS="1460"/>
							<String ID="string_377" HPOS="1493" VPOS="2290" WIDTH="157" HEIGHT="39" WC="0.90" CONTENT="departe-"/>
						</TextLine>
						<TextLine ID="line_42" HPOS="453" VPOS="2339" WIDTH="1197" HEIGHT="41">
							<String ID="string_378" HPOS="453" VPOS="2342" WIDTH="241" HEIGHT="29" WC="0.92" CONTENT="mentschefen"/><SP WIDTH="29" VPOS="2342" HPOS="694"/>
							<String ID="string_379" HPOS="723" VPOS="2342" WIDTH="10" HEIGHT="29" WC="0.92" CONTENT="i"/><SP WIDTH="32" VPOS="2342" HPOS="733"/>
							<String ID="string_380" HPOS="765" VPOS="2341" WIDTH="383" HEIGHT="39" WC="0.91" CONTENT="statsrådsprotokollet"/><SP WIDTH="41" VPOS="2341" HPOS="1148"/>
							<String ID="string_381" HPOS="1189" VPOS="2342" WIDTH="80" HEIGHT="28" WC="0.93" CONTENT="över"/><SP WIDTH="38" VPOS="2342" HPOS="1269"/>
							<String ID="string_382" HPOS="1307" VPOS="2339" WIDTH="343" HEIGHT="30" WC="0.91" CONTENT="kommunikations-"/>
						</TextLine>
						<TextLine ID="line_43" HPOS="453" VPOS="2391" WIDTH="751" HEIGHT="39">
							<String ID="string_383" HPOS="453" VPOS="2393" WIDTH="152" HEIGHT="28" WC="0.96" CONTENT="ärenden"/><SP WIDTH="23" VPOS="2393" HPOS="605"/>
							<String ID="string_384" HPOS="628" VPOS="2392" WIDTH="55" HEIGHT="29" WC="0.96" CONTENT="för"/><SP WIDTH="20" VPOS="2392" HPOS="683"/>
							<String ID="string_385" HPOS="703" VPOS="2393" WIDTH="66" HEIGHT="28" WC="0.96" CONTENT="den"/><SP WIDTH="23" VPOS="2393" HPOS="769"/>
							<String ID="string_386" HPOS="792" VPOS="2392" WIDTH="18" HEIGHT="29" WC="0.96" CONTENT="8"/><SP WIDTH="22" VPOS="2392" HPOS="810"/>
							<String ID="string_387" HPOS="832" VPOS="2392" WIDTH="69" HEIGHT="38" WC="0.96" CONTENT="maj"/><SP WIDTH="27" VPOS="2392" HPOS="901"/>
							<String ID="string_388" HPOS="928" VPOS="2391" WIDTH="83" HEIGHT="29" WC="0.96" CONTENT="1948"/><SP WIDTH="21" VPOS="2391" HPOS="1011"/>
							<String ID="string_389" HPOS="1032" VPOS="2391" WIDTH="172" HEIGHT="34" WC="0.96" CONTENT="förordat;"/>
						</TextLine>
					</TextBlock>
				</ComposedBlock>
			</PrintSpace>
		</Page>
	</Layout>
</alto>
