2220 2634
443 199 45 45 23
893 207 250 33 Statsutskottets
1172 209 172 33 Utlåtande
1365 211 64 31 N:o
1452 213 78 30 120.

507 288 79 50 Jag
621 289 229 50 hemställer,
887 297 55 31 att
978 293 457 50 begynnelseaflöningen
1472 296 61 37 för
1564 297 344 39 kontorsskrifvare
1936 300 64 36 be-

407 344 179 33 stämmes
627 341 58 36 till
728 344 111 46 1,020
880 344 153 37 kronor.
1089 345 76 37 För
1201 346 85 47 den,
1330 360 81 24 som
1452 348 112 37 däraf
1602 349 104 48 gjort
1738 350 60 48 sig
1825 351 175 49 förtjänt,

406 405 114 35 synes
565 393 410 52 aflöningsförhöjning
1016 396 208 50 lämpligen
1264 398 93 37 böra
1397 402 90 46 utgå
1514 400 87 37 med
1632 403 71 35 120
1732 402 141 37 kronor
1901 403 99 37 efter

404 457 98 36 resp.
533 446 35 46 2,
598 447 35 44 4,
663 447 20 34 6
714 446 72 36 och
816 449 20 34 9
866 449 41 34 år
934 453 96 31 samt
1054 449 84 36 med
1161 451 71 35 150
1251 450 142 37 kronor
1411 452 98 36 efter
1527 465 99 36 resp.
1650 455 45 33 12
1716 454 72 36 och
1811 456 44 34 15
1881 458 52 44 år,
1953 455 47 36 då

405 495 295 50 slutaflöningen
729 498 122 37 skulle
870 498 115 38 blifva
1005 500 75 36 den
1099 502 41 35 af
1156 501 289 38 kommitterade
1463 503 231 50 föreslagna,
1719 507 110 45 1,800
1845 506 152 37 kronor.

510 546 189 50 Slutligen
727 549 68 36 har
817 551 70 48 jag
915 556 54 31 att
996 556 105 43 yttra
1128 553 79 47 mig
1236 553 108 37 öfver
1371 555 262 48 aflöningarna
1655 555 58 37 till
1731 557 266 38 vaktmästare.

404 598 133 49 Enligt
578 599 310 39 kommitterades
928 603 149 49 förslag
1104 604 118 37 borde
1250 605 460 51 begynnelseaflöningen
1738 608 61 37 för
1826 609 173 37 vaktmä-

404 655 100 32 stare
546 655 119 33 sättas
709 653 53 36 till
800 655 109 46 1,020
938 655 141 36 kronor
1107 656 69 36 och
1205 656 295 50 slutaflöningen
1528 658 98 37 efter
1656 662 45 34 15
1731 663 41 33 år
1798 660 58 36 till
1888 663 111 45 1,800

403 702 150 36 kronor.
610 703 138 37 Härtill
789 705 120 37 skulle
952 706 59 36 för
1054 707 85 48 den,
1182 707 155 37 hvilken
1379 710 142 37 erhölle
1561 711 176 49 uppdrag
1778 717 56 31 att
1861 712 136 48 tjänst-

402 759 94 42 göra
538 757 125 34 såsom
704 756 119 37 förste
863 757 270 50 vaktmästare,
1175 760 151 37 komma
1367 766 55 32 ett
1461 763 158 36 arfvode
1660 765 42 34 af
1740 765 73 35 200
1842 764 154 37 kronor.

404 806 185 48 Samtliga
617 807 256 37 vaktmästare
902 809 120 37 skulle
1052 810 193 38 dessutom
1273 812 143 37 erhålla
1442 814 414 37 uniformsbeklädnad.

504 858 83 36 Mot
622 859 184 49 förslaget
834 873 62 23 om
924 861 157 37 arfvode
1109 862 57 36 till
1193 864 120 36 förste
1341 865 261 37 vaktmästare
1630 866 69 36 har
1721 866 70 49 jag
1817 867 96 37 intet
1941 873 57 32 att

401 908 177 48 invända,
620 923 87 24 men
747 925 113 23 anser
891 912 70 49 jag
988 913 456 52 begynnelseaflöningen
1472 917 58 36 för
1559 917 257 38 vaktmästare
1844 920 62 35 väl
1934 920 63 48 låg

402 961 69 35 och
513 961 292 50 slutaflöningen
848 967 117 45 något
1007 965 89 49 hög.
1152 966 77 49 Jag
1269 967 147 37 erinrar
1442 968 12 36 i
1483 968 104 37 detta
1626 970 285 48 sammanhang,
1941 976 56 32 att

399 1012 12 35 i
439 1012 64 36 det
544 1013 62 36 för
645 1013 256 38 innevarande
929 1019 60 33 års
1017 1016 159 49 riksdag
1202 1019 214 48 framlagda
1442 1020 188 49 förslaget
1656 1021 57 36 till
1742 1027 76 31 stat
1846 1022 60 36 för
1932 1036 66 23 ve-

400 1063 332 39 terinärinstitutet
761 1069 124 34 såsom
913 1067 172 50 aflöning
1112 1069 57 36 till
1197 1070 259 38 vaktmästare
1484 1072 198 48 upptagits
1719 1075 109 45 1,200
1857 1074 141 36 kronor

399 1115 86 36 med
513 1120 77 32 rätt
618 1116 57 36 till
702 1122 55 32 ett
785 1117 264 51 ålderstillägg
1077 1123 21 32 å
1128 1122 71 35 100
1227 1122 142 36 kronor
1398 1123 94 36 efter
1523 1123 75 37 fem
1626 1127 51 33 år.

502 1166 75 38 Vid
605 1168 235 38 bedömande
868 1170 40 36 af
931 1170 272 51 lönebeloppet
1231 1186 116 35 synas
1375 1175 80 48 mig
1478 1175 212 37 emellertid
1711 1176 285 38 vaktmästarna

398 1218 13 36 i
437 1219 363 50 telegrafstyrelsen,
829 1222 86 36 med
942 1222 153 49 hänsyn
1113 1224 57 35 till
1188 1224 168 48 längden
1377 1226 40 35 af
1432 1227 73 35 den
1525 1227 155 48 dagliga
1700 1227 295 49 tjänstgörings-

398 1269 115 44 tiden,
545 1284 81 23 som
654 1272 82 37 icke
764 1273 108 37 torde
900 1274 195 49 medgifva
1123 1275 148 37 tillfälle
1299 1277 59 36 för
1386 1277 85 37 dem
1500 1284 56 30 att
1579 1279 11 35 i
1610 1279 176 37 afsevärd
1804 1280 96 48 grad
1919 1282 77 35 för-

399 1322 120 36 skaffa
561 1324 63 48 sig
664 1329 106 31 extra
806 1324 221 49 inkomster,
1066 1325 242 52 rättvisligen
1335 1329 82 36 icke
1446 1329 91 37 böra
1560 1331 185 47 jämföras
1773 1332 86 36 med
1887 1333 109 35 vakt-

398 1379 193 32 mästarna
618 1375 12 36 i
658 1381 144 31 statens
831 1377 93 36 verk
952 1378 12 35 i
993 1378 216 48 allmänhet,
1238 1385 93 31 utan
1359 1394 111 23 anser
1493 1381 72 49 jag
1594 1382 109 37 deras
1728 1383 266 49 aflöningsför-

398 1428 129 33 måner
555 1426 93 37 böra
674 1427 228 38 bestämmas
930 1432 119 46 något
1067 1430 131 49 högre.
1245 1431 78 49 Jag
1341 1432 159 37 föreslår
1518 1433 121 46 alltså,
1659 1439 55 31 att
1741 1435 255 50 begynnelse-

398 1476 217 50 aflöningen
643 1479 229 37 bestämmes
899 1480 56 36 till
987 1483 111 44 1,140
1127 1483 154 48 kronor,
1310 1485 87 36 med
1425 1489 74 32 rätt
1526 1485 56 36 till
1610 1486 223 49 förhöjning
1862 1488 40 35 af
1921 1490 73 34 120

396 1528 141 37 kronor
565 1530 97 36 efter
689 1544 99 37 resp.
820 1534 34 45 3,
885 1534 20 34 6
935 1533 70 36 och
1035 1536 21 33 9
1086 1537 40 33 år
1154 1540 97 31 samt
1278 1536 42 35 af
1348 1538 72 35 150
1438 1537 142 36 kronor
1609 1537 98 37 efter
1733 1540 45 34 12
1799 1541 51 34 år.
1895 1539 100 36 Slut-

396 1580 218 49 aflöningen
647 1582 122 38 skulle
798 1583 48 36 då
873 1583 116 38 blifva
1020 1587 112 45 1,650
1160 1586 150 37 kronor.
1367 1588 56 36 Då
1450 1588 198 37 förmånen
1676 1590 41 36 af
1740 1590 254 37 beklädnads-

397 1634 216 47 ersättning
640 1634 106 36 torde
775 1635 120 48 enligt
922 1636 79 49 mig
1028 1637 85 36 från
1141 1638 354 50 telegrafstyrelsen
1523 1640 150 37 lämnad
1693 1642 153 48 uppgift
1865 1642 129 38 kunna

397 1684 147 37 skattas
585 1685 57 37 till
684 1691 53 31 ett
769 1688 115 35 värde
922 1689 41 35 af
991 1690 72 35 120
1092 1689 152 48 kronor,
1274 1691 123 36 skulle
1425 1691 233 50 afllöningen
1699 1693 157 37 sålunda
1884 1694 109 50 börja

396 1736 84 36 med
523 1741 55 31 ett
619 1737 137 50 belopp
799 1739 41 35 af
868 1741 110 44 1,260
1007 1741 142 36 kronor
1177 1742 70 36 och
1276 1742 99 37 sluta
1402 1743 85 36 med
1519 1745 111 46 1,770
1671 1744 151 37 kronor.
1879 1746 114 37 Detta

395 1787 159 37 innebär
576 1789 43 48 ju
653 1802 46 23 en
727 1790 192 49 väsentlig
946 1791 232 50 förbättring
1205 1793 10 36 i
1240 1794 222 48 jämförelse
1491 1796 85 36 med
1605 1810 50 22 nu
1683 1797 190 48 utgående
1903 1798 88 37 aflö-

395 1840 105 48 ning,
530 1853 82 23 som
641 1840 126 49 börjar
794 1843 86 35 med
908 1844 74 35 800
1011 1844 143 36 kronor
1183 1845 71 36 och
1282 1846 76 36 kan
1387 1847 98 48 stiga
1513 1848 56 35 till
1600 1849 73 35 900
1702 1849 154 47 kronor,
1881 1849 111 37 hvar-

394 1890 57 37 till
479 1891 174 37 kommer
680 1892 463 52 beklädnadsersättning.

497 1943 135 49 Enligt
673 1944 63 37 det
777 1945 42 36 af
856 1946 290 39 kommitterade
1178 1948 212 49 framlagda
1418 1949 145 49 förslag
1591 1950 56 37 till
1676 1952 316 49 aflöningsregle-

395 2000 125 30 mente
563 1995 120 37 skulle
725 1997 286 38 vaktmästarna
1052 1999 157 37 beredas
1250 2001 199 37 förmånen
1491 2002 41 35 af
1566 2015 48 23 en
1642 2003 82 36 half
1748 2004 156 36 månads
1934 2018 57 23 se-

394 2050 152 32 mester.
601 2048 83 36 Hur
723 2053 46 31 än
812 2049 135 49 frågan
983 2064 59 22 om
1086 2057 182 31 semester
1308 2052 60 37 för
1409 2055 265 36 motsvarande
1708 2056 283 48 statstjänare
1970 2044 24 64 i

394 2096 118 37 andra
552 2099 94 36 verk
689 2100 74 36 kan
806 2101 150 36 komma
998 2107 57 31 att
1096 2103 151 47 ordnas,
1276 2117 116 36 synes
1421 2118 46 23 en
1496 2105 107 49 dylik
1630 2106 147 37 förmån
1806 2108 185 48 gifvetvis

394 2148 91 37 böra
503 2148 212 39 tillkomma
734 2152 288 38 vaktmistarna
1041 2154 12 36 i
1073 2154 365 50 telegrafstyrelsen,
1464 2157 129 37 hvilka
1613 2158 157 49 åläggas
1791 2172 47 23 en
1858 2159 133 48 daglig

392 2200 335 50 tjänstgöringstid
756 2204 41 35 af
822 2205 113 36 minst
964 2208 78 33 åtta
1069 2206 160 37 timmar.

496 2251 84 36 Den
610 2254 43 35 af
676 2254 288 39 kommitterade
994 2257 203 38 förordade
1226 2258 270 50 fördelningen
1520 2260 140 37 mellan
1679 2261 63 36 lön
1763 2262 70 36 och
1853 2262 137 48 tjänst-

391 2304 377 50 göringspenningar
810 2320 115 37 synes
959 2308 80 49 mig
1067 2322 92 23 vara
1186 2310 41 36 af
1252 2310 262 38 beskaffenhet
1541 2317 56 31 att
1625 2313 128 36 kunna
1780 2314 208 47 godtagas;
