2220 2634
461 209 46 32 56
831 211 261 33 Statsutskottets
1125 212 176 33 Utlåtande
1328 213 65 32 N:o
1420 216 75 29 120.

191 292 30 57 as
233 286 140 68 Ppförande
511 289 138 38 Tillika
689 290 114 38 hafva
843 291 290 38 kommitterade
1175 292 83 50 (sid.
1305 292 86 49 188)
1433 293 210 49 föreslagit,
1681 299 56 32 att
1772 294 230 50 linjeunder-

218 334 71 51 befäl
307 362 50 23 och
408 342 142 37 befälet
591 343 72 36 och
703 348 290 44 reparatörerna
1033 347 118 34 måtte
1192 344 183 50 uppföras
1413 348 47 45 på
1497 345 189 37 ordinarie
1714 351 74 32 stat
1816 347 117 36 redan
1962 350 41 33 år

208 397 162 57 iparstörer
412 396 109 45 1907,
550 394 146 37 hvilket
723 395 355 50 telegrafstyrelsen
1106 395 54 37 uti
1188 396 161 49 afgifvet
1376 396 196 38 utlåtande
1601 397 183 38 förklarat
1812 399 61 48 sig
1899 398 103 38 finna

184 467 53 21 etat
258 464 58 24 från
340 465 49 23 och
408 445 315 50 OUNdgängligen
764 447 250 49 nödvändigt.
1070 447 18 37 I
1129 448 125 36 denna
1290 448 111 49 fråga
1427 453 123 44 yttrar
1577 448 227 38 kommittén
1832 450 169 49 följande

184 500 57 22 med
266 499 27 23 år
315 501 73 22 1907.
408 496 83 49 (sid.
525 493 104 57 188):

509 549 260 37 »Beträffande
797 549 243 50 tidpunkten,
1061 549 47 37 då
1127 549 441 49 aflöningsreglementet
1589 550 121 37 skulle
1730 551 108 37 träda
1856 552 12 36 i
1887 551 113 48 kraft,

406 600 120 37 tillåta
568 601 60 49 sig
668 601 288 36 kommitterade
999 601 184 47 meddela,
1224 607 67 41 att,
1334 602 96 36 efter
1470 602 102 37 hvad
1615 602 287 38 kommitterade
1942 604 58 36 in-

405 652 157 48 hämtat,
604 652 63 37 vid
707 653 46 37 de
795 652 302 50 förhandlingar,
1140 666 81 23 som
1258 653 120 37 under
1405 656 41 33 år
1477 655 97 35 1906
1605 654 202 49 föregingo
1836 655 165 37 bestäm-

405 704 154 37 mandet
587 705 42 36 af
652 704 47 37 de
728 718 50 22 nu
805 705 63 36 för
894 710 290 44 reparatörerna
1213 705 70 36 och
1312 705 297 48 linjearbetarna
1637 706 178 48 gällande
1843 707 158 36 aflönin-

404 769 132 35 garna,
577 756 353 49 telegrafstyrelsen
971 756 105 37 ställt
1116 757 12 36 i
1165 756 111 37 säker
1311 757 121 36 utsikt
1459 757 59 36 för
1546 757 355 49 linjeunderbefälet
1929 759 72 36 och

404 812 298 44 reparatörerna,
740 813 56 32 att
823 808 286 49 framställning
1138 821 60 23 om
1227 808 110 37 deras
1365 809 240 49 uppförande
1634 812 48 46 på
1709 809 186 38 ordinarie
1924 815 77 32 stat

406 859 121 37 skulle
555 860 69 36 hos
652 860 141 49 Kungl.
824 860 107 49 Maj:t
958 865 116 42 göras
1103 862 39 34 så
1169 860 128 49 tidigt,
1327 865 55 31 att
1405 860 238 50 proposition
1666 860 12 37 i
1698 861 156 37 ärendet
1872 862 128 37 hunne

403 910 58 36 till
488 911 259 37 innevarande
776 915 60 33 års
863 912 172 48 Riksdag
1063 911 145 48 aflåtas,
1237 912 197 36 äfvensom
1463 917 56 32 att
1550 912 8 36 i
1578 912 143 37 samma
1739 913 262 49 underdåniga

402 962 282 49 framställning
712 963 121 37 skulle
861 964 233 47 framhållas,
1123 968 55 32 att
1207 963 63 37 det
1297 976 91 24 vore
1417 963 251 49 synnerligen
1696 965 218 48 önskvärdt,
1944 970 56 31 att

402 1014 291 49 ifrågavarande
733 1015 179 49 personal
951 1015 119 36 redan
1111 1015 121 36 under
1272 1018 42 33 år
1357 1016 97 35 1907
1492 1015 127 37 blefve
1658 1018 20 34 å
1706 1016 188 37 ordinarie
1924 1022 76 31 stat

403 1066 173 36 anställd.
632 1066 72 36 Till
746 1066 96 50 följd
884 1067 109 36 däraf
1030 1066 82 37 blef
1149 1067 71 36 ock
1256 1066 202 49 ifrågasatt
1486 1067 259 49 omreglering
1771 1068 42 36 af
1836 1068 164 37 löneför-

402 1117 226 38 hållandena
668 1118 114 37 äfven
823 1118 59 37 för
922 1117 358 50 linjeunderbefälet
1321 1118 71 36 och
1432 1123 291 43 reparatörerna
1759 1119 76 36 tills
1869 1119 130 37 vidare

403 1170 242 49 uppskjuten,
687 1170 71 36 och
800 1169 135 38 endast
971 1174 56 32 ett
1063 1169 185 49 tillfälligt
1281 1169 223 49 lönetillägg
1533 1169 89 48 blef,
1653 1173 123 34 såsom
1804 1171 102 36 förut
1934 1184 65 23 an-

403 1222 154 47 märkts,
600 1221 184 49 beviljadt
821 1221 101 37 vissa
950 1222 41 36 af
1016 1221 98 48 dem,
1142 1221 12 36 i
1182 1221 178 36 afvaktan
1388 1224 48 46 på
1462 1221 145 49 Kungl.
1638 1221 125 49 Maj:ts
1792 1223 70 36 och
1889 1223 111 36 Riks-

404 1273 144 48 dagens
593 1273 125 37 beslut
757 1273 13 36 i
811 1273 146 49 frågan.
1027 1273 58 36 Då
1126 1273 210 36 emellertid
1381 1273 356 49 telegrafstyrelsen
1785 1275 215 36 sedermera

403 1324 119 37 erhöll
551 1324 277 38 underrättelse
856 1325 142 46 därom,
1027 1329 57 32 att
1110 1325 291 36 kommitterade
1429 1325 183 49 uppgjort
1643 1325 147 49 förslag
1817 1328 12 33 i
1857 1339 142 25 samma

403 1378 109 47 syfte,
545 1390 82 23 som
655 1376 355 50 telegrafstyrelsen
1037 1376 175 47 utlofvat,
1241 1380 120 45 ansåg
1388 1376 60 49 sig
1476 1377 189 48 styrelsen
1694 1377 63 36 vid
1777 1377 221 49 afgifvande

403 1428 41 36 af
480 1428 256 49 underdånigt
776 1428 223 49 statförslag
1039 1428 61 37 för
1137 1431 40 34 år
1207 1430 97 35 1908
1332 1428 85 36 icke
1447 1428 164 37 behöfva
1639 1429 60 36 för
1727 1429 58 37 sin
1814 1429 61 37 del
1902 1434 97 44 göra

402 1480 285 49 framställning
714 1481 144 36 därom.

504 1532 313 47 Kommitterade,
847 1545 82 23 som
956 1531 58 37 till
1044 1531 92 37 fullo
1165 1531 85 37 dela
1273 1531 380 50 telegrafstyrelsens
1673 1532 244 49 uppfattnind
1937 1546 60 23 om

402 1584 318 48 önskvärdheten,
762 1589 56 31 att
857 1583 357 50 linjeunderbefälet
1254 1583 70 37 och
1365 1589 289 43 reparatörerna
1691 1584 86 36 med
1815 1584 63 37 det
1905 1584 93 37 allra

402 1640 171 32 snaraste
616 1638 113 34 måtte
768 1636 141 36 erhålla
942 1635 73 37 den
1044 1635 42 36 af
1111 1635 85 36 dem
1226 1634 227 38 förväntade
1482 1635 189 37 ordinarie
1699 1636 297 49 anställningen,

400 1687 193 49 tillstyrka
633 1687 129 37 därför
802 1691 48 46 på
890 1688 63 36 det
993 1686 194 49 lifligaste,
1224 1691 56 32 att
1307 1687 290 48 ifrågavarande
1627 1687 57 36 till
1712 1687 237 49 uppförande
1977 1691 21 33 å

401 1739 190 37 ordinarie
620 1744 75 32 stat
721 1739 220 49 föreslagna
969 1738 177 50 personal
1174 1741 115 34 måtte
1318 1738 180 37 anställas
1526 1739 119 36 redan
1673 1741 40 33 år
1744 1740 131 35 1907.»

502 1792 57 36 De
600 1791 282 49 förändringar,
924 1804 82 23 som
1048 1790 293 37 kommitterade
1374 1790 197 49 föreslagit
1611 1791 12 35 i
1662 1791 108 48 fråga
1798 1804 60 23 om
1886 1791 108 49 linje-

400 1842 215 48 distrikten,
656 1842 120 38 finnas
818 1842 315 37 sammanfattade
1169 1842 13 36 1
1223 1842 167 49 följande
1422 1841 222 49 jämförelse
1672 1842 139 36 mellan
1839 1856 49 23 nu
1915 1842 82 50 gäl-

400 1894 108 38 lande
538 1895 68 36 och
637 1895 41 36 af
701 1894 290 37 kommitterade
1022 1893 216 50 föreslagen
1268 1893 262 49 organisation
1558 1893 41 37 af
1624 1893 309 49 linjedistrikten.

581 1997 97 32 Enligt
696 2005 40 16 nu
755 1997 132 32 gällande
907 1999 70 22 stat:
1293 1996 99 32 Enligt
1411 1996 31 24 af
1458 1996 221 24 kommitterade
1699 1996 165 32 föreslagen
1884 1999 68 22 stat:

504 2053 20 30 6
554 2051 259 44 linjedirektörer
1338 2053 21 29 7
1379 2051 261 41 Unjedirektörer

505 2104 20 30 8
555 2103 263 44 linjeingenjörer
1316 2106 43 28 16
1378 2103 267 41 linjeingenjörer

1340 2157 20 29 7
1380 2155 151 31 kassörer
1559 2154 205 41 (kvinnliga)

504 2206 19 31 6
554 2205 187 34 bokhållare
769 2206 169 42 (manliga)
1340 2207 20 30 6
1381 2206 187 32 bokhållare
1598 2205 205 41 (kvinnliga)

1342 2261 20 28 9
1382 2258 224 40 linjemästare
1621 2258 43 39 af
1674 2258 107 39 första
1801 2257 195 40 lönegraden

1316 2312 46 30 25
1382 2310 225 40 linjemästare
1622 2309 42 40 af
1675 2310 108 31 andra
1799 2307 194 41 lönegraden
