2218 2640
722 218 250 33 Statsutskottets
1002 214 170 34 Utlåtande
1194 213 64 31 N:o
1282 214 72 31 120.
1737 207 39 31 19

979 294 21 48 8
1029 295 34 34 9.

328 369 97 47 Den,
455 381 80 31 som
564 370 47 46 på
638 364 255 39 förordnande
921 361 182 38 förvaltar
1121 360 104 48 ledig
1243 359 130 50 tjänst,
1395 357 165 49 åtnjuter
1579 355 120 37 under
1716 354 103 37 tiden

226 422 47 37 de
301 420 87 38 med
416 421 219 36 densamma
661 416 183 39 förenade
874 413 390 49 aflöningsförmåner.

967 499 21 50 8
1018 500 58 36 10.

331 575 171 37 Afhåller
543 574 59 48 sig
641 573 233 49 tjänsteman
907 569 84 36 från
1019 566 260 51 tjänstgöring
1307 570 89 32 utan
1424 569 56 31 att
1506 563 116 36 hafva
1649 561 13 36 i
1689 560 134 37 veder-

226 628 127 50 börlig
390 627 165 48 ordning
591 625 150 38 erhållit
768 620 292 53 tjänstledighet
1089 619 92 37 eller
1208 618 129 36 kunna
1365 616 132 49 styrka
1525 614 133 50 giltigt
1684 612 139 47 förfall,

228 684 59 34 må
315 681 74 36 han
418 679 121 37 under
566 678 106 36 tiden
700 678 32 48 ej
764 675 148 49 åtnjuta
939 676 126 45 någon
1095 671 180 48 aflöning.
1330 668 149 37 Varder
1506 669 234 47 tjänsteman
1771 663 54 37 af-

227 732 141 49 stängd
395 732 85 36 från
509 729 261 50 tjänstgöring
798 727 92 37 eller
917 730 116 43 tagen
1061 725 12 35 i
1101 723 128 47 häkte,
1259 721 96 38 skall
1383 720 120 38 under
1529 719 110 36 tiden
1667 717 73 37 den
1760 715 61 37 del

225 785 44 36 af
293 785 95 36 hans
417 783 180 48 aflöning,
627 794 81 23 som
735 780 85 36 icke
849 780 41 35 af
924 775 356 50 telegrafstyrelsen
1307 772 157 51 pröfvas
1500 771 93 37 böra
1628 768 194 37 användas

227 836 58 37 till
314 835 289 48 befattningens
631 830 291 52 uppehållande,
952 828 221 42 innebållas,
1206 829 41 33 så
1274 825 87 36 vida
1389 825 34 48 ej
1462 820 360 51 telegrafstyrelsen

226 890 124 35 finner
378 887 143 49 skäligt
549 886 73 36 låta
649 885 140 36 honom
816 882 171 50 uppbära
1016 883 117 46 något
1160 878 118 37 däraf.

970 966 21 50 &
1023 968 57 37 11.

332 1042 75 36 Vid
435 1041 146 49 afgång
609 1040 84 36 från
720 1036 321 49 telegrafverkets
1069 1035 118 47 tjänst
1214 1032 57 37 till
1299 1031 98 50 följd
1425 1030 42 37 af
1490 1026 333 50 afskedstagande,

229 1093 269 50 entledigande
526 1093 91 36 eller
645 1090 166 38 dödsfall
838 1092 114 46 utgår
981 1087 136 49 själfva
1144 1086 113 37 lönen
1285 1084 57 36 till
1370 1082 206 38 månadens
1596 1080 86 36 slut.
1724 1079 100 36 Ena-

228 1147 126 36 handa
394 1151 42 31 är
476 1144 253 37 förhållandet
769 1142 87 37 med
893 1141 134 36 sådant
1055 1138 169 47 arfvode,
1254 1149 82 24 som
1364 1135 84 37 icke
1475 1133 196 38 betråktas
1700 1134 122 34 såsom

228 1196 508 52 tjänstgöringspenningar.

333 1249 141 36 Aflider
502 1248 63 36 vid
593 1245 302 50 telegrafverket
923 1242 163 38 anställd
1114 1254 155 36 person,
1299 1252 80 24 som
1406 1237 161 37 innehar
1594 1234 230 48 befattning,

230 1302 154 36 hvilken
411 1301 84 36 icke
524 1305 41 31 är
592 1298 165 50 uppförd
785 1300 21 33 å
834 1294 189 38 ordinarie
1052 1298 86 41 stat,
1169 1295 70 43 må,
1268 1291 127 36 därest
1423 1289 70 37 och
1520 1289 12 35 i
1552 1288 73 36 den
1645 1289 86 34 mån
1751 1285 74 37 den

230 1352 239 51 myndighet,
503 1364 78 24 som
612 1350 146 48 antagit
786 1349 155 45 honom,
970 1349 41 34 så
1039 1345 154 50 pröfvar
1221 1343 152 48 skäligt,
1404 1341 74 37 den
1504 1340 60 37 för
1591 1339 142 36 honom
1761 1338 65 36 be-

230 1405 150 38 stämda
408 1403 216 49 aflöningen
655 1405 93 45 utgå
775 1400 57 36 till
861 1399 206 37 månadens
1097 1396 83 37 slut.

973 1483 21 49 &
1026 1485 58 34 12.

334 1559 144 37 Aflider
513 1559 241 48 tjänsteman,
784 1567 89 25 vare
903 1553 60 48 sig
991 1550 189 39 ordinarie
1209 1549 92 37 eller
1329 1553 120 41 extra,
1479 1547 92 36 eller
1599 1545 64 36 vid
1691 1544 136 37 verket

232 1612 163 36 anställd
437 1609 321 48 telegrambärare
796 1607 92 36 eller
921 1605 173 36 arbetare
1122 1603 12 35 i
1161 1602 94 49 följd
1284 1601 41 36 af
1351 1597 331 52 olyckshändelse,
1711 1595 116 37 timad

231 1664 121 35 under
379 1661 302 50 tjänstutöfning
709 1659 92 37 eller
830 1658 129 37 arbete
987 1656 63 36 vid
1069 1655 146 46 verket,
1236 1656 60 33 må
1315 1657 54 31 ett
1388 1651 151 48 belopp,
1561 1647 267 39 motsvarande

233 1716 73 35 den
348 1714 158 37 aflidnes
548 1712 170 48 aflöning
758 1711 60 35 för
860 1723 48 22 en
940 1706 149 47 månad,
1119 1708 122 34 såsom
1271 1701 360 51 begrafningshjälp
1660 1699 166 37 tilldelas

232 1767 96 36 hans
357 1765 158 37 dödsbo.

977 1809 20 50 då
1029 1811 57 35 13.

337 1902 74 37 Vid
453 1902 226 49 tjänsteresa
720 1899 102 36 inom
864 1897 100 37 riket
1005 1897 111 46 utgår
1148 1891 285 39 resekostnads-
1462 1890 70 37 och
1559 1888 269 37 traktaments-

235 1954 216 48 ersättning
490 1953 61 36 för
592 1952 231 49 tjänstemän
861 1948 121 48 enligt
1008 1944 340 40 bestämmelserna
1375 1943 12 36 i
1416 1941 178 50 gällande
1622 1938 208 48 reseregle-

236 2011 140 41 mente,
419 2005 99 36 dock
559 2008 56 32 att
655 2002 63 37 vid
759 2000 267 49 långvarigare
1067 1998 185 49 uppdrag,
1296 1995 181 37 förenade
1518 1993 87 37 med
1633 2004 84 24 resa
1745 1991 85 37 från

236 2057 288 47 boningsorten,
562 2055 64 36 vid
655 2054 79 36 ofta
763 2049 310 40 återkommande
1101 2050 249 47 tjänsteresor
1378 2046 91 36 eller
1495 2045 13 36 i
1536 2042 188 39 särskilda
1751 2041 80 47 fall,

238 2108 45 37 då
324 2107 379 47 omständigheterna
735 2103 127 37 därtill
891 2103 112 48 eljest
1029 2099 210 47 föranleda,
1268 2096 360 49 telegrafstyrelsen
1657 2098 92 43 äger
1778 2098 54 31 att

236 2160 210 36 bestämma
473 2158 106 48 lägre
607 2155 286 37 resekostnads-
923 2154 72 35 och
1024 2148 480 48 traktamentsersättning.

981 2238 20 49 8
1034 2240 56 34 14.

341 2310 472 50 Felräkningspenningar
841 2307 225 37 tillkomma:

343 2366 74 35 den
455 2364 69 36 hos
557 2360 357 50 telegrafstyrelsen
955 2357 187 39 anställde
1172 2355 330 37 hufvudkassören
1531 2351 86 37 med
1646 2352 73 35 500
1748 2349 87 37 kro-

239 2431 81 34 nor,
350 2418 59 35 för
437 2419 41 33 år
505 2414 178 45 räknadt;
