<?xml version="1.0" encoding="UTF-8"?>
<alto xmlns="http://www.loc.gov/standards/alto/ns-v3#" xmlns:xlink="http://www.w3.org/1999/xlink" xmlns:xsi="http://www.w3.org/2001/XMLSchema-instance" xsi:schemaLocation="http://www.loc.gov/standards/alto/ns-v3# http://www.loc.gov/alto/v3/alto-3-0.xsd">
	<Description>
		<MeasurementUnit>pixel</MeasurementUnit>
		<sourceImageInformation>
			<fileName>/tmp/tess_y0hcvjrw_input.PNG</fileName>
		</sourceImageInformation>
		<OCRProcessing ID="OCR_0">
			<ocrProcessingStep>
				<processingSoftware>
					<softwareName>tesseract 5.3.0</softwareName>
				</processingSoftware>
			</ocrProcessingStep>
		</OCRProcessing>
	</Description>
	<Layout>
		<Page WIDTH="2226" HEIGHT="2634" PHYSICAL_IMG_NR="0" ID="page_0">
			<PrintSpace HPOS="0" VPOS="0" WIDTH="2226" HEIGHT="2634">
				<ComposedBlock ID="cblock_0" HPOS="179" VPOS="873" WIDTH="188" HEIGHT="307">
					<TextBlock ID="block_0" HPOS="179" VPOS="873" WIDTH="188" HEIGHT="307">
						<TextLine ID="line_0" HPOS="189" VPOS="873" WIDTH="172" HEIGHT="32">
							<String ID="string_0" HPOS="189" VPOS="873" WIDTH="172" HEIGHT="32" WC="0.92" CONTENT="Telegrafsty-"/>
						</TextLine>
						<TextLine ID="line_1" HPOS="184" VPOS="909" WIDTH="183" HEIGHT="23">
							<String ID="string_1" HPOS="184" VPOS="909" WIDTH="97" HEIGHT="22" WC="0.91" CONTENT="relsens"/><SP WIDTH="19" VPOS="909" HPOS="281"/>
							<String ID="string_2" HPOS="300" VPOS="910" WIDTH="67" HEIGHT="22" WC="0.91" CONTENT="utlå-"/>
						</TextLine>
						<TextLine ID="line_2" HPOS="189" VPOS="944" WIDTH="167" HEIGHT="23">
							<String ID="string_3" HPOS="189" VPOS="944" WIDTH="75" HEIGHT="22" WC="0.96" CONTENT="tande"/><SP WIDTH="19" VPOS="944" HPOS="264"/>
							<String ID="string_4" HPOS="283" VPOS="944" WIDTH="73" HEIGHT="23" WC="0.96" CONTENT="öfver"/>
						</TextLine>
						<TextLine ID="line_3" HPOS="187" VPOS="978" WIDTH="176" HEIGHT="24">
							<String ID="string_5" HPOS="187" VPOS="978" WIDTH="176" HEIGHT="24" WC="0.91" CONTENT="kommittera-"/>
						</TextLine>
						<TextLine ID="line_4" HPOS="192" VPOS="1012" WIDTH="162" HEIGHT="31">
							<String ID="string_6" HPOS="192" VPOS="1012" WIDTH="44" HEIGHT="22" WC="0.95" CONTENT="des"/><SP WIDTH="19" VPOS="1012" HPOS="236"/>
							<String ID="string_7" HPOS="255" VPOS="1013" WIDTH="99" HEIGHT="30" WC="0.95" CONTENT="förslag"/>
						</TextLine>
						<TextLine ID="line_5" HPOS="194" VPOS="1047" WIDTH="162" HEIGHT="24">
							<String ID="string_8" HPOS="194" VPOS="1047" WIDTH="162" HEIGHT="24" WC="0.96" CONTENT="beträffande"/>
						</TextLine>
						<TextLine ID="line_6" HPOS="179" VPOS="1081" WIDTH="185" HEIGHT="29">
							<String ID="string_9" HPOS="179" VPOS="1081" WIDTH="120" HEIGHT="29" WC="0.92" CONTENT="anslagen"/><SP WIDTH="21" VPOS="1081" HPOS="299"/>
							<String ID="string_10" HPOS="320" VPOS="1090" WIDTH="44" HEIGHT="15" WC="0.92" CONTENT="un-"/>
						</TextLine>
						<TextLine ID="line_7" HPOS="181" VPOS="1114" WIDTH="184" HEIGHT="26">
							<String ID="string_11" HPOS="181" VPOS="1114" WIDTH="43" HEIGHT="24" WC="0.95" CONTENT="der"/><SP WIDTH="18" VPOS="1114" HPOS="224"/>
							<String ID="string_12" HPOS="242" VPOS="1117" WIDTH="123" HEIGHT="23" WC="0.95" CONTENT="rubriken"/>
						</TextLine>
						<TextLine ID="line_8" HPOS="191" VPOS="1151" WIDTH="161" HEIGHT="29">
							<String ID="string_13" HPOS="191" VPOS="1151" WIDTH="161" HEIGHT="29" WC="0.96" CONTENT="fastigheter."/>
						</TextLine>
					</TextBlock>
				</ComposedBlock>
				<ComposedBlock ID="cblock_1" HPOS="457" VPOS="210" WIDTH="1067" HEIGHT="41">
					<TextBlock ID="block_1" HPOS="457" VPOS="210" WIDTH="1067" HEIGHT="41">
						<TextLine ID="line_9" HPOS="457" VPOS="210" WIDTH="1067" HEIGHT="41">
							<String ID="string_14" HPOS="457" VPOS="210" WIDTH="42" HEIGHT="31" WC="0.96" CONTENT="78"/><SP WIDTH="361" VPOS="210" HPOS="499"/>
							<String ID="string_15" HPOS="860" VPOS="213" WIDTH="261" HEIGHT="34" WC="0.91" CONTENT="Statsutskottets"/><SP WIDTH="33" VPOS="213" HPOS="1121"/>
							<String ID="string_16" HPOS="1154" VPOS="216" WIDTH="177" HEIGHT="33" WC="0.96" CONTENT="Utlåtande"/><SP WIDTH="27" VPOS="216" HPOS="1331"/>
							<String ID="string_17" HPOS="1358" VPOS="219" WIDTH="66" HEIGHT="31" WC="0.95" CONTENT="N:o"/><SP WIDTH="28" VPOS="219" HPOS="1424"/>
							<String ID="string_18" HPOS="1452" VPOS="222" WIDTH="72" HEIGHT="29" WC="0.96" CONTENT="120."/>
						</TextLine>
					</TextBlock>
				</ComposedBlock>
				<ComposedBlock ID="cblock_2" HPOS="398" VPOS="289" WIDTH="1593" HEIGHT="523">
					<TextBlock ID="block_2" HPOS="401" VPOS="289" WIDTH="1590" HEIGHT="204">
						<TextLine ID="line_10" HPOS="401" VPOS="289" WIDTH="1590" HEIGHT="62">
							<String ID="string_19" HPOS="401" VPOS="289" WIDTH="105" HEIGHT="38" WC="0.96" CONTENT="bifall"/><SP WIDTH="29" VPOS="289" HPOS="506"/>
							<String ID="string_20" HPOS="535" VPOS="290" WIDTH="57" HEIGHT="37" WC="0.92" CONTENT="till"/><SP WIDTH="29" VPOS="290" HPOS="592"/>
							<String ID="string_21" HPOS="621" VPOS="291" WIDTH="311" HEIGHT="40" WC="0.92" CONTENT="kommitterades"/><SP WIDTH="28" VPOS="291" HPOS="932"/>
							<String ID="string_22" HPOS="960" VPOS="296" WIDTH="114" HEIGHT="36" WC="0.96" CONTENT="ofvan"/><SP WIDTH="29" VPOS="296" HPOS="1074"/>
							<String ID="string_23" HPOS="1103" VPOS="296" WIDTH="235" HEIGHT="39" WC="0.96" CONTENT="framställda"/><SP WIDTH="28" VPOS="296" HPOS="1338"/>
							<String ID="string_24" HPOS="1366" VPOS="299" WIDTH="146" HEIGHT="50" WC="0.96" CONTENT="förslag"/><SP WIDTH="28" VPOS="299" HPOS="1512"/>
							<String ID="string_25" HPOS="1540" VPOS="314" WIDTH="59" HEIGHT="23" WC="0.94" CONTENT="om"/><SP WIDTH="29" VPOS="314" HPOS="1599"/>
							<String ID="string_26" HPOS="1628" VPOS="301" WIDTH="214" HEIGHT="50" WC="0.95" CONTENT="beviljande"/><SP WIDTH="30" VPOS="301" HPOS="1842"/>
							<String ID="string_27" HPOS="1872" VPOS="304" WIDTH="40" HEIGHT="36" WC="0.96" CONTENT="af"/><SP WIDTH="25" VPOS="304" HPOS="1912"/>
							<String ID="string_28" HPOS="1937" VPOS="309" WIDTH="54" HEIGHT="31" WC="0.96" CONTENT="ett"/>
						</TextLine>
						<TextLine ID="line_11" HPOS="401" VPOS="341" WIDTH="1588" HEIGHT="64">
							<String ID="string_29" HPOS="401" VPOS="341" WIDTH="280" HEIGHT="50" WC="0.92" CONTENT="byggnadslån,"/><SP WIDTH="21" VPOS="341" HPOS="681"/>
							<String ID="string_30" HPOS="702" VPOS="345" WIDTH="63" HEIGHT="36" WC="0.96" CONTENT="det"/><SP WIDTH="19" VPOS="345" HPOS="765"/>
							<String ID="string_31" HPOS="784" VPOS="345" WIDTH="9" HEIGHT="36" WC="0.93" CONTENT="i"/><SP WIDTH="21" VPOS="345" HPOS="793"/>
							<String ID="string_32" HPOS="814" VPOS="347" WIDTH="306" HEIGHT="47" WC="0.92" CONTENT="utgiftsstaterna"/><SP WIDTH="20" VPOS="347" HPOS="1120"/>
							<String ID="string_33" HPOS="1140" VPOS="350" WIDTH="118" HEIGHT="36" WC="0.96" CONTENT="under"/><SP WIDTH="25" VPOS="350" HPOS="1258"/>
							<String ID="string_34" HPOS="1283" VPOS="351" WIDTH="179" HEIGHT="37" WC="0.93" CONTENT="rubriken"/><SP WIDTH="19" VPOS="351" HPOS="1462"/>
							<String ID="string_35" HPOS="1481" VPOS="353" WIDTH="49" HEIGHT="35" WC="0.82" CONTENT="»F"/><SP WIDTH="4" VPOS="353" HPOS="1530"/>
							<String ID="string_36" HPOS="1534" VPOS="353" WIDTH="228" HEIGHT="49" WC="0.91" CONTENT="astigheter»"/><SP WIDTH="22" VPOS="353" HPOS="1762"/>
							<String ID="string_37" HPOS="1784" VPOS="361" WIDTH="205" HEIGHT="44" WC="0.96" CONTENT="upptagna,"/>
						</TextLine>
						<TextLine ID="line_12" HPOS="401" VPOS="394" WIDTH="1588" HEIGHT="60">
							<String ID="string_38" HPOS="401" VPOS="394" WIDTH="59" HEIGHT="35" WC="0.78" CONTENT="för"/><SP WIDTH="49" VPOS="394" HPOS="460"/>
							<String ID="string_39" HPOS="509" VPOS="395" WIDTH="388" HEIGHT="50" WC="0.54" CONTENT="stationsbyggnader"/><SP WIDTH="50" VPOS="395" HPOS="897"/>
							<String ID="string_40" HPOS="947" VPOS="400" WIDTH="154" HEIGHT="37" WC="0.92" CONTENT="afsedda"/><SP WIDTH="51" VPOS="400" HPOS="1101"/>
							<String ID="string_41" HPOS="1152" VPOS="401" WIDTH="137" HEIGHT="50" WC="0.96" CONTENT="belopp"/><SP WIDTH="48" VPOS="401" HPOS="1289"/>
							<String ID="string_42" HPOS="1337" VPOS="403" WIDTH="121" HEIGHT="37" WC="0.96" CONTENT="skulle"/><SP WIDTH="46" VPOS="403" HPOS="1458"/>
							<String ID="string_43" HPOS="1504" VPOS="405" WIDTH="129" HEIGHT="36" WC="0.94" CONTENT="kunna"/><SP WIDTH="46" VPOS="405" HPOS="1633"/>
							<String ID="string_44" HPOS="1679" VPOS="406" WIDTH="209" HEIGHT="48" WC="0.67" CONTENT="begränsas"/><SP WIDTH="45" VPOS="406" HPOS="1888"/>
							<String ID="string_45" HPOS="1933" VPOS="408" WIDTH="56" HEIGHT="36" WC="0.67" CONTENT="till"/>
						</TextLine>
						<TextLine ID="line_13" HPOS="402" VPOS="447" WIDTH="497" HEIGHT="46">
							<String ID="string_46" HPOS="402" VPOS="447" WIDTH="162" HEIGHT="46" WC="0.65" CONTENT="500,000"/><SP WIDTH="28" VPOS="447" HPOS="564"/>
							<String ID="string_47" HPOS="592" VPOS="447" WIDTH="140" HEIGHT="37" WC="0.96" CONTENT="kronor"/><SP WIDTH="27" VPOS="447" HPOS="732"/>
							<String ID="string_48" HPOS="759" VPOS="449" WIDTH="60" HEIGHT="36" WC="0.96" CONTENT="för"/><SP WIDTH="29" VPOS="449" HPOS="819"/>
							<String ID="string_49" HPOS="848" VPOS="453" WIDTH="51" HEIGHT="33" WC="0.96" CONTENT="år."/>
						</TextLine>
					</TextBlock>
					<TextBlock ID="block_3" HPOS="399" VPOS="498" WIDTH="1590" HEIGHT="212">
						<TextLine ID="line_14" HPOS="502" VPOS="498" WIDTH="1487" HEIGHT="59">
							<String ID="string_50" HPOS="502" VPOS="498" WIDTH="72" HEIGHT="36" WC="0.96" CONTENT="Till"/><SP WIDTH="29" VPOS="498" HPOS="574"/>
							<String ID="string_51" HPOS="603" VPOS="499" WIDTH="46" HEIGHT="36" WC="0.96" CONTENT="de"/><SP WIDTH="29" VPOS="499" HPOS="649"/>
							<String ID="string_52" HPOS="678" VPOS="513" WIDTH="48" HEIGHT="23" WC="0.95" CONTENT="nu"/><SP WIDTH="29" VPOS="513" HPOS="726"/>
							<String ID="string_53" HPOS="755" VPOS="502" WIDTH="165" HEIGHT="36" WC="0.96" CONTENT="nämnda"/><SP WIDTH="27" VPOS="502" HPOS="920"/>
							<String ID="string_54" HPOS="947" VPOS="502" WIDTH="58" HEIGHT="37" WC="0.96" CONTENT="för"/><SP WIDTH="29" VPOS="502" HPOS="1005"/>
							<String ID="string_55" HPOS="1034" VPOS="506" WIDTH="41" HEIGHT="33" WC="0.96" CONTENT="år"/><SP WIDTH="32" VPOS="506" HPOS="1075"/>
							<String ID="string_56" HPOS="1107" VPOS="506" WIDTH="95" HEIGHT="35" WC="0.96" CONTENT="1908"/><SP WIDTH="30" VPOS="506" HPOS="1202"/>
							<String ID="string_57" HPOS="1232" VPOS="505" WIDTH="214" HEIGHT="39" WC="0.96" CONTENT="beräknade"/><SP WIDTH="21" VPOS="505" HPOS="1446"/>
							<String ID="string_58" HPOS="1467" VPOS="507" WIDTH="138" HEIGHT="50" WC="0.96" CONTENT="belopp"/><SP WIDTH="21" VPOS="507" HPOS="1605"/>
							<String ID="string_59" HPOS="1626" VPOS="508" WIDTH="128" HEIGHT="48" WC="0.96" CONTENT="borde,"/><SP WIDTH="21" VPOS="508" HPOS="1754"/>
							<String ID="string_60" HPOS="1775" VPOS="510" WIDTH="12" HEIGHT="35" WC="0.96" CONTENT="i"/><SP WIDTH="19" VPOS="510" HPOS="1787"/>
							<String ID="string_61" HPOS="1806" VPOS="510" WIDTH="183" HEIGHT="38" WC="0.96" CONTENT="händelse"/>
						</TextLine>
						<TextLine ID="line_15" HPOS="399" VPOS="549" WIDTH="1590" HEIGHT="57">
							<String ID="string_62" HPOS="399" VPOS="549" WIDTH="41" HEIGHT="36" WC="0.91" CONTENT="af"/><SP WIDTH="36" VPOS="549" HPOS="440"/>
							<String ID="string_63" HPOS="476" VPOS="549" WIDTH="104" HEIGHT="37" WC="0.91" CONTENT="bifall"/><SP WIDTH="41" VPOS="549" HPOS="580"/>
							<String ID="string_64" HPOS="621" VPOS="550" WIDTH="57" HEIGHT="37" WC="0.93" CONTENT="till"/><SP WIDTH="41" VPOS="550" HPOS="678"/>
							<String ID="string_65" HPOS="719" VPOS="552" WIDTH="307" HEIGHT="39" WC="0.92" CONTENT="kommitterades"/><SP WIDTH="42" VPOS="552" HPOS="1026"/>
							<String ID="string_66" HPOS="1068" VPOS="556" WIDTH="281" HEIGHT="50" WC="0.96" CONTENT="framställning"/><SP WIDTH="33" VPOS="556" HPOS="1349"/>
							<String ID="string_67" HPOS="1382" VPOS="572" WIDTH="59" HEIGHT="22" WC="0.96" CONTENT="om"/><SP WIDTH="29" VPOS="572" HPOS="1441"/>
							<String ID="string_68" HPOS="1470" VPOS="560" WIDTH="246" HEIGHT="37" WC="0.95" CONTENT="anordnande"/><SP WIDTH="29" VPOS="560" HPOS="1716"/>
							<String ID="string_69" HPOS="1745" VPOS="561" WIDTH="41" HEIGHT="36" WC="0.96" CONTENT="af"/><SP WIDTH="25" VPOS="561" HPOS="1786"/>
							<String ID="string_70" HPOS="1811" VPOS="563" WIDTH="178" HEIGHT="36" WC="0.96" CONTENT="särskildt"/>
						</TextLine>
						<TextLine ID="line_16" HPOS="399" VPOS="601" WIDTH="1589" HEIGHT="62">
							<String ID="string_71" HPOS="399" VPOS="601" WIDTH="155" HEIGHT="47" WC="0.96" CONTENT="sjukhus"/><SP WIDTH="29" VPOS="601" HPOS="554"/>
							<String ID="string_72" HPOS="583" VPOS="602" WIDTH="61" HEIGHT="36" WC="0.96" CONTENT="för"/><SP WIDTH="29" VPOS="602" HPOS="644"/>
							<String ID="string_73" HPOS="673" VPOS="603" WIDTH="41" HEIGHT="36" WC="0.93" CONTENT="af"/><SP WIDTH="23" VPOS="603" HPOS="714"/>
							<String ID="string_74" HPOS="737" VPOS="604" WIDTH="314" HEIGHT="49" WC="0.90" CONTENT="lungtuberkulos"/><SP WIDTH="27" VPOS="604" HPOS="1051"/>
							<String ID="string_75" HPOS="1078" VPOS="607" WIDTH="150" HEIGHT="38" WC="0.95" CONTENT="lidande"/><SP WIDTH="22" VPOS="607" HPOS="1228"/>
							<String ID="string_76" HPOS="1250" VPOS="610" WIDTH="172" HEIGHT="37" WC="0.96" CONTENT="arbetare"/><SP WIDTH="20" VPOS="610" HPOS="1422"/>
							<String ID="string_77" HPOS="1442" VPOS="611" WIDTH="61" HEIGHT="35" WC="0.93" CONTENT="vid"/><SP WIDTH="22" VPOS="611" HPOS="1503"/>
							<String ID="string_78" HPOS="1525" VPOS="611" WIDTH="308" HEIGHT="49" WC="0.92" CONTENT="telegrafverket,"/><SP WIDTH="21" VPOS="611" HPOS="1833"/>
							<String ID="string_79" HPOS="1854" VPOS="613" WIDTH="134" HEIGHT="50" WC="0.96" CONTENT="läggas"/>
						</TextLine>
						<TextLine ID="line_17" HPOS="399" VPOS="653" WIDTH="1356" HEIGHT="57">
							<String ID="string_80" HPOS="399" VPOS="653" WIDTH="71" HEIGHT="36" WC="0.96" CONTENT="den"/><SP WIDTH="29" VPOS="653" HPOS="470"/>
							<String ID="string_81" HPOS="499" VPOS="654" WIDTH="102" HEIGHT="36" WC="0.93" CONTENT="förut"/><SP WIDTH="28" VPOS="654" HPOS="601"/>
							<String ID="string_82" HPOS="629" VPOS="656" WIDTH="156" HEIGHT="47" WC="0.91" CONTENT="angifna"/><SP WIDTH="29" VPOS="656" HPOS="785"/>
							<String ID="string_83" HPOS="814" VPOS="657" WIDTH="423" HEIGHT="49" WC="0.91" CONTENT="byggnadskostnaden"/><SP WIDTH="28" VPOS="657" HPOS="1237"/>
							<String ID="string_84" HPOS="1265" VPOS="661" WIDTH="143" HEIGHT="48" WC="0.93" CONTENT="härför,"/><SP WIDTH="31" VPOS="661" HPOS="1408"/>
							<String ID="string_85" HPOS="1439" VPOS="665" WIDTH="137" HEIGHT="45" WC="0.91" CONTENT="38,000"/><SP WIDTH="31" VPOS="665" HPOS="1576"/>
							<String ID="string_86" HPOS="1607" VPOS="664" WIDTH="148" HEIGHT="37" WC="0.96" CONTENT="kronor."/>
						</TextLine>
					</TextBlock>
					<TextBlock ID="block_4" HPOS="398" VPOS="705" WIDTH="1588" HEIGHT="107">
						<TextLine ID="line_18" HPOS="499" VPOS="705" WIDTH="1487" HEIGHT="61">
							<String ID="string_87" HPOS="499" VPOS="705" WIDTH="16" HEIGHT="36" WC="0.95" CONTENT="I"/><SP WIDTH="30" VPOS="705" HPOS="515"/>
							<String ID="string_88" HPOS="545" VPOS="711" WIDTH="124" HEIGHT="32" WC="0.96" CONTENT="staten"/><SP WIDTH="28" VPOS="711" HPOS="669"/>
							<String ID="string_89" HPOS="697" VPOS="708" WIDTH="56" HEIGHT="36" WC="0.96" CONTENT="fär"/><SP WIDTH="29" VPOS="708" HPOS="753"/>
							<String ID="string_90" HPOS="782" VPOS="711" WIDTH="40" HEIGHT="34" WC="0.96" CONTENT="år"/><SP WIDTH="32" VPOS="711" HPOS="822"/>
							<String ID="string_91" HPOS="854" VPOS="712" WIDTH="96" HEIGHT="35" WC="0.96" CONTENT="1908"/><SP WIDTH="30" VPOS="712" HPOS="950"/>
							<String ID="string_92" HPOS="980" VPOS="710" WIDTH="116" HEIGHT="38" WC="0.95" CONTENT="borde"/><SP WIDTH="29" VPOS="710" HPOS="1096"/>
							<String ID="string_93" HPOS="1125" VPOS="712" WIDTH="109" HEIGHT="37" WC="0.96" CONTENT="alltså"/><SP WIDTH="29" VPOS="712" HPOS="1234"/>
							<String ID="string_94" HPOS="1263" VPOS="713" WIDTH="121" HEIGHT="49" WC="0.93" CONTENT="enligt"/><SP WIDTH="28" VPOS="713" HPOS="1384"/>
							<String ID="string_95" HPOS="1412" VPOS="715" WIDTH="311" HEIGHT="38" WC="0.92" CONTENT="kommitterades"/><SP WIDTH="29" VPOS="715" HPOS="1723"/>
							<String ID="string_96" HPOS="1752" VPOS="717" WIDTH="145" HEIGHT="49" WC="0.93" CONTENT="förslag"/><SP WIDTH="23" VPOS="717" HPOS="1897"/>
							<String ID="string_97" HPOS="1920" VPOS="732" WIDTH="66" HEIGHT="22" WC="0.90" CONTENT="un-"/>
						</TextLine>
						<TextLine ID="line_19" HPOS="398" VPOS="756" WIDTH="1123" HEIGHT="56">
							<String ID="string_98" HPOS="398" VPOS="756" WIDTH="65" HEIGHT="37" WC="0.96" CONTENT="der"/><SP WIDTH="28" VPOS="756" HPOS="463"/>
							<String ID="string_99" HPOS="491" VPOS="771" WIDTH="48" HEIGHT="23" WC="0.96" CONTENT="nu"/><SP WIDTH="29" VPOS="771" HPOS="539"/>
							<String ID="string_100" HPOS="568" VPOS="758" WIDTH="251" HEIGHT="39" WC="0.95" CONTENT="förevarande"/><SP WIDTH="29" VPOS="758" HPOS="819"/>
							<String ID="string_101" HPOS="848" VPOS="761" WIDTH="83" HEIGHT="37" WC="0.95" CONTENT="titel"/><SP WIDTH="28" VPOS="761" HPOS="931"/>
							<String ID="string_102" HPOS="959" VPOS="768" WIDTH="188" HEIGHT="44" WC="0.93" CONTENT="upptagas"/><SP WIDTH="29" VPOS="768" HPOS="1147"/>
							<String ID="string_103" HPOS="1176" VPOS="766" WIDTH="166" HEIGHT="46" WC="0.91" CONTENT="538,000"/><SP WIDTH="28" VPOS="766" HPOS="1342"/>
							<String ID="string_104" HPOS="1370" VPOS="766" WIDTH="151" HEIGHT="37" WC="0.96" CONTENT="kronor."/>
						</TextLine>
					</TextBlock>
				</ComposedBlock>
				<ComposedBlock ID="cblock_3" HPOS="380" VPOS="861" WIDTH="1606" HEIGHT="1511">
					<TextBlock ID="block_5" HPOS="392" VPOS="861" WIDTH="1594" HEIGHT="466">
						<TextLine ID="line_20" HPOS="497" VPOS="861" WIDTH="1488" HEIGHT="54">
							<String ID="string_105" HPOS="497" VPOS="861" WIDTH="65" HEIGHT="37" WC="0.96" CONTENT="Uti"/><SP WIDTH="42" VPOS="861" HPOS="562"/>
							<String ID="string_106" HPOS="604" VPOS="862" WIDTH="66" HEIGHT="36" WC="0.93" CONTENT="sitt"/><SP WIDTH="41" VPOS="862" HPOS="670"/>
							<String ID="string_107" HPOS="711" VPOS="865" WIDTH="147" HEIGHT="48" WC="0.91" CONTENT="afgifna"/><SP WIDTH="39" VPOS="865" HPOS="858"/>
							<String ID="string_108" HPOS="897" VPOS="866" WIDTH="249" HEIGHT="49" WC="0.80" CONTENT="underdåniga"/><SP WIDTH="41" VPOS="866" HPOS="1146"/>
							<String ID="string_109" HPOS="1187" VPOS="868" WIDTH="186" HEIGHT="37" WC="0.89" CONTENT="utlåtande"/><SP WIDTH="36" VPOS="868" HPOS="1373"/>
							<String ID="string_110" HPOS="1409" VPOS="869" WIDTH="108" HEIGHT="37" WC="0.93" CONTENT="öfver"/><SP WIDTH="28" VPOS="869" HPOS="1517"/>
							<String ID="string_111" HPOS="1545" VPOS="870" WIDTH="312" HEIGHT="38" WC="0.92" CONTENT="kommitterades"/><SP WIDTH="31" VPOS="870" HPOS="1857"/>
							<String ID="string_112" HPOS="1888" VPOS="873" WIDTH="97" HEIGHT="37" WC="0.92" CONTENT="före-"/>
						</TextLine>
						<TextLine ID="line_21" HPOS="397" VPOS="912" WIDTH="1588" HEIGHT="62">
							<String ID="string_113" HPOS="397" VPOS="912" WIDTH="179" HEIGHT="49" WC="0.95" CONTENT="liggande"/><SP WIDTH="30" VPOS="912" HPOS="576"/>
							<String ID="string_114" HPOS="606" VPOS="914" WIDTH="145" HEIGHT="49" WC="0.96" CONTENT="förslag"/><SP WIDTH="28" VPOS="914" HPOS="751"/>
							<String ID="string_115" HPOS="779" VPOS="916" WIDTH="68" HEIGHT="35" WC="0.92" CONTENT="har"/><SP WIDTH="29" VPOS="916" HPOS="847"/>
							<String ID="string_116" HPOS="876" VPOS="917" WIDTH="314" HEIGHT="50" WC="0.92" CONTENT="telegrafstyrelsen"/><SP WIDTH="28" VPOS="917" HPOS="1190"/>
							<String ID="string_117" HPOS="1218" VPOS="919" WIDTH="234" HEIGHT="38" WC="0.96" CONTENT="beträffande"/><SP WIDTH="37" VPOS="919" HPOS="1452"/>
							<String ID="string_118" HPOS="1489" VPOS="921" WIDTH="62" HEIGHT="37" WC="0.96" CONTENT="det"/><SP WIDTH="30" VPOS="921" HPOS="1551"/>
							<String ID="string_119" HPOS="1581" VPOS="922" WIDTH="41" HEIGHT="36" WC="0.96" CONTENT="af"/><SP WIDTH="21" VPOS="922" HPOS="1622"/>
							<String ID="string_120" HPOS="1643" VPOS="924" WIDTH="185" HEIGHT="47" WC="0.96" CONTENT="styrelsen"/><SP WIDTH="19" VPOS="924" HPOS="1828"/>
							<String ID="string_121" HPOS="1847" VPOS="924" WIDTH="138" HEIGHT="50" WC="0.90" CONTENT="ifråga-"/>
						</TextLine>
						<TextLine ID="line_22" HPOS="395" VPOS="965" WIDTH="1591" HEIGHT="58">
							<String ID="string_122" HPOS="395" VPOS="969" WIDTH="96" HEIGHT="31" WC="0.95" CONTENT="satta"/><SP WIDTH="41" VPOS="969" HPOS="491"/>
							<String ID="string_123" HPOS="532" VPOS="965" WIDTH="159" HEIGHT="49" WC="0.96" CONTENT="inköpet"/><SP WIDTH="40" VPOS="965" HPOS="691"/>
							<String ID="string_124" HPOS="731" VPOS="967" WIDTH="41" HEIGHT="36" WC="0.95" CONTENT="af"/><SP WIDTH="38" VPOS="967" HPOS="772"/>
							<String ID="string_125" HPOS="810" VPOS="968" WIDTH="73" HEIGHT="35" WC="0.95" CONTENT="den"/><SP WIDTH="45" VPOS="968" HPOS="883"/>
							<String ID="string_126" HPOS="928" VPOS="968" WIDTH="114" HEIGHT="36" WC="0.93" CONTENT="ofvan"/><SP WIDTH="42" VPOS="968" HPOS="1042"/>
							<String ID="string_127" HPOS="1084" VPOS="971" WIDTH="250" HEIGHT="37" WC="0.90" CONTENT="omförmälda"/><SP WIDTH="33" VPOS="971" HPOS="1334"/>
							<String ID="string_128" HPOS="1367" VPOS="973" WIDTH="354" HEIGHT="50" WC="0.91" CONTENT="museibyggnaden"/><SP WIDTH="28" VPOS="973" HPOS="1721"/>
							<String ID="string_129" HPOS="1749" VPOS="975" WIDTH="11" HEIGHT="36" WC="0.96" CONTENT="i"/><SP WIDTH="29" VPOS="975" HPOS="1760"/>
							<String ID="string_130" HPOS="1789" VPOS="976" WIDTH="110" HEIGHT="37" WC="0.96" CONTENT="Lund"/><SP WIDTH="28" VPOS="976" HPOS="1899"/>
							<String ID="string_131" HPOS="1927" VPOS="977" WIDTH="59" HEIGHT="36" WC="0.96" CONTENT="för"/>
						</TextLine>
						<TextLine ID="line_23" HPOS="395" VPOS="1016" WIDTH="1590" HEIGHT="54">
							<String ID="string_132" HPOS="395" VPOS="1016" WIDTH="317" HEIGHT="49" WC="0.92" CONTENT="telegrafverkets"/><SP WIDTH="29" VPOS="1016" HPOS="712"/>
							<String ID="string_133" HPOS="741" VPOS="1019" WIDTH="167" HEIGHT="49" WC="0.96" CONTENT="räkning"/><SP WIDTH="27" VPOS="1019" HPOS="908"/>
							<String ID="string_134" HPOS="935" VPOS="1021" WIDTH="172" HEIGHT="49" WC="0.96" CONTENT="upplyst,"/><SP WIDTH="24" VPOS="1021" HPOS="1107"/>
							<String ID="string_135" HPOS="1131" VPOS="1027" WIDTH="55" HEIGHT="31" WC="0.96" CONTENT="att"/><SP WIDTH="28" VPOS="1027" HPOS="1186"/>
							<String ID="string_136" HPOS="1214" VPOS="1023" WIDTH="284" HEIGHT="38" WC="0.95" CONTENT="universitetets"/><SP WIDTH="29" VPOS="1023" HPOS="1498"/>
							<String ID="string_137" HPOS="1527" VPOS="1026" WIDTH="12" HEIGHT="35" WC="0.96" CONTENT="i"/><SP WIDTH="28" VPOS="1026" HPOS="1539"/>
							<String ID="string_138" HPOS="1567" VPOS="1026" WIDTH="110" HEIGHT="36" WC="0.49" CONTENT="lund"/><SP WIDTH="21" VPOS="1026" HPOS="1677"/>
							<String ID="string_139" HPOS="1698" VPOS="1026" WIDTH="287" HEIGHT="39" WC="0.92" CONTENT="drätselnämnd"/>
						</TextLine>
						<TextLine ID="line_24" HPOS="394" VPOS="1068" WIDTH="1591" HEIGHT="60">
							<String ID="string_140" HPOS="394" VPOS="1068" WIDTH="54" HEIGHT="36" WC="0.89" CONTENT="till"/><SP WIDTH="37" VPOS="1068" HPOS="448"/>
							<String ID="string_141" HPOS="485" VPOS="1068" WIDTH="188" HEIGHT="49" WC="0.95" CONTENT="styrelsen"/><SP WIDTH="32" VPOS="1068" HPOS="673"/>
							<String ID="string_142" HPOS="705" VPOS="1071" WIDTH="201" HEIGHT="47" WC="0.96" CONTENT="meddelat,"/><SP WIDTH="30" VPOS="1071" HPOS="906"/>
							<String ID="string_143" HPOS="936" VPOS="1077" WIDTH="65" HEIGHT="43" WC="0.96" CONTENT="att,"/><SP WIDTH="39" VPOS="1077" HPOS="1001"/>
							<String ID="string_144" HPOS="1040" VPOS="1072" WIDTH="120" HEIGHT="50" WC="0.96" CONTENT="enligt"/><SP WIDTH="41" VPOS="1072" HPOS="1160"/>
							<String ID="string_145" HPOS="1201" VPOS="1074" WIDTH="99" HEIGHT="37" WC="0.96" CONTENT="hvad"/><SP WIDTH="30" VPOS="1074" HPOS="1300"/>
							<String ID="string_146" HPOS="1330" VPOS="1076" WIDTH="188" HEIGHT="36" WC="0.96" CONTENT="nämnden"/><SP WIDTH="29" VPOS="1076" HPOS="1518"/>
							<String ID="string_147" HPOS="1547" VPOS="1077" WIDTH="197" HEIGHT="48" WC="0.95" CONTENT="inhämtat,"/><SP WIDTH="30" VPOS="1077" HPOS="1744"/>
							<String ID="string_148" HPOS="1774" VPOS="1079" WIDTH="91" HEIGHT="49" WC="0.96" CONTENT="föga"/><SP WIDTH="29" VPOS="1079" HPOS="1865"/>
							<String ID="string_149" HPOS="1894" VPOS="1080" WIDTH="91" HEIGHT="37" WC="0.96" CONTENT="eller"/>
						</TextLine>
						<TextLine ID="line_25" HPOS="392" VPOS="1120" WIDTH="1590" HEIGHT="56">
							<String ID="string_150" HPOS="392" VPOS="1120" WIDTH="116" HEIGHT="49" WC="0.96" CONTENT="ingen"/><SP WIDTH="28" VPOS="1120" HPOS="508"/>
							<String ID="string_151" HPOS="536" VPOS="1121" WIDTH="120" HEIGHT="37" WC="0.96" CONTENT="utsikt"/><SP WIDTH="30" VPOS="1121" HPOS="656"/>
							<String ID="string_152" HPOS="686" VPOS="1122" WIDTH="135" HEIGHT="37" WC="0.96" CONTENT="funnes"/><SP WIDTH="28" VPOS="1122" HPOS="821"/>
							<String ID="string_153" HPOS="849" VPOS="1123" WIDTH="60" HEIGHT="37" WC="0.96" CONTENT="för"/><SP WIDTH="28" VPOS="1123" HPOS="909"/>
							<String ID="string_154" HPOS="937" VPOS="1130" WIDTH="53" HEIGHT="30" WC="0.96" CONTENT="att"/><SP WIDTH="30" VPOS="1130" HPOS="990"/>
							<String ID="string_155" HPOS="1020" VPOS="1138" WIDTH="47" HEIGHT="23" WC="0.96" CONTENT="en"/><SP WIDTH="28" VPOS="1138" HPOS="1067"/>
							<String ID="string_156" HPOS="1095" VPOS="1125" WIDTH="283" HEIGHT="51" WC="0.95" CONTENT="framställning"/><SP WIDTH="26" VPOS="1125" HPOS="1378"/>
							<String ID="string_157" HPOS="1404" VPOS="1128" WIDTH="82" HEIGHT="36" WC="0.96" CONTENT="från"/><SP WIDTH="30" VPOS="1128" HPOS="1486"/>
							<String ID="string_158" HPOS="1516" VPOS="1129" WIDTH="284" HEIGHT="38" WC="0.96" CONTENT="universitetets"/><SP WIDTH="23" VPOS="1129" HPOS="1800"/>
							<String ID="string_159" HPOS="1823" VPOS="1131" WIDTH="81" HEIGHT="37" WC="0.96" CONTENT="sida"/><SP WIDTH="20" VPOS="1131" HPOS="1904"/>
							<String ID="string_160" HPOS="1924" VPOS="1146" WIDTH="58" HEIGHT="22" WC="0.96" CONTENT="om"/>
						</TextLine>
						<TextLine ID="line_26" HPOS="393" VPOS="1172" WIDTH="1591" HEIGHT="59">
							<String ID="string_161" HPOS="393" VPOS="1172" WIDTH="215" HEIGHT="38" WC="0.96" CONTENT="erhållande"/><SP WIDTH="20" VPOS="1172" HPOS="608"/>
							<String ID="string_162" HPOS="628" VPOS="1174" WIDTH="42" HEIGHT="36" WC="0.96" CONTENT="af"/><SP WIDTH="15" VPOS="1174" HPOS="670"/>
							<String ID="string_163" HPOS="685" VPOS="1175" WIDTH="122" HEIGHT="36" WC="0.96" CONTENT="medel"/><SP WIDTH="21" VPOS="1175" HPOS="807"/>
							<String ID="string_164" HPOS="828" VPOS="1175" WIDTH="60" HEIGHT="36" WC="0.96" CONTENT="för"/><SP WIDTH="19" VPOS="1175" HPOS="888"/>
							<String ID="string_165" HPOS="907" VPOS="1189" WIDTH="46" HEIGHT="23" WC="0.96" CONTENT="en"/><SP WIDTH="20" VPOS="1189" HPOS="953"/>
							<String ID="string_166" HPOS="973" VPOS="1190" WIDTH="50" HEIGHT="35" WC="0.93" CONTENT="ny"/><SP WIDTH="20" VPOS="1190" HPOS="1023"/>
							<String ID="string_167" HPOS="1043" VPOS="1178" WIDTH="304" HEIGHT="49" WC="0.89" CONTENT="museibyggnad"/><SP WIDTH="20" VPOS="1178" HPOS="1347"/>
							<String ID="string_168" HPOS="1367" VPOS="1180" WIDTH="119" HEIGHT="37" WC="0.96" CONTENT="skulle"/><SP WIDTH="20" VPOS="1180" HPOS="1486"/>
							<String ID="string_169" HPOS="1506" VPOS="1181" WIDTH="116" HEIGHT="36" WC="0.96" CONTENT="vinna"/><SP WIDTH="20" VPOS="1181" HPOS="1622"/>
							<String ID="string_170" HPOS="1642" VPOS="1182" WIDTH="224" HEIGHT="49" WC="0.95" CONTENT="beaktande,"/><SP WIDTH="22" VPOS="1182" HPOS="1866"/>
							<String ID="string_171" HPOS="1888" VPOS="1189" WIDTH="96" HEIGHT="32" WC="0.96" CONTENT="samt"/>
						</TextLine>
						<TextLine ID="line_27" HPOS="392" VPOS="1224" WIDTH="1591" HEIGHT="60">
							<String ID="string_172" HPOS="392" VPOS="1229" WIDTH="55" HEIGHT="31" WC="0.96" CONTENT="att"/><SP WIDTH="40" VPOS="1229" HPOS="447"/>
							<String ID="string_173" HPOS="487" VPOS="1224" WIDTH="111" HEIGHT="37" WC="0.10" CONTENT="alltså"/><SP WIDTH="37" VPOS="1224" HPOS="598"/>
							<String ID="string_174" HPOS="635" VPOS="1229" WIDTH="127" HEIGHT="46" WC="0.96" CONTENT="någon"/><SP WIDTH="28" VPOS="1229" HPOS="762"/>
							<String ID="string_175" HPOS="790" VPOS="1227" WIDTH="228" HEIGHT="50" WC="0.96" CONTENT="försäljning"/><SP WIDTH="27" VPOS="1227" HPOS="1018"/>
							<String ID="string_176" HPOS="1045" VPOS="1228" WIDTH="58" HEIGHT="37" WC="0.93" CONTENT="till"/><SP WIDTH="28" VPOS="1228" HPOS="1103"/>
							<String ID="string_177" HPOS="1131" VPOS="1229" WIDTH="298" HEIGHT="50" WC="0.91" CONTENT="telegrafverket"/><SP WIDTH="27" VPOS="1229" HPOS="1429"/>
							<String ID="string_178" HPOS="1456" VPOS="1232" WIDTH="41" HEIGHT="36" WC="0.96" CONTENT="af"/><SP WIDTH="23" VPOS="1232" HPOS="1497"/>
							<String ID="string_179" HPOS="1520" VPOS="1234" WIDTH="163" HEIGHT="37" WC="0.96" CONTENT="nämnda"/><SP WIDTH="28" VPOS="1234" HPOS="1683"/>
							<String ID="string_180" HPOS="1711" VPOS="1235" WIDTH="184" HEIGHT="49" WC="0.95" CONTENT="byggnad"/><SP WIDTH="29" VPOS="1235" HPOS="1895"/>
							<String ID="string_181" HPOS="1924" VPOS="1237" WIDTH="59" HEIGHT="36" WC="0.96" CONTENT="för"/>
						</TextLine>
						<TextLine ID="line_28" HPOS="392" VPOS="1277" WIDTH="1077" HEIGHT="50">
							<String ID="string_182" HPOS="392" VPOS="1277" WIDTH="236" HEIGHT="37" WC="0.95" CONTENT="närvarande"/><SP WIDTH="28" VPOS="1277" HPOS="628"/>
							<String ID="string_183" HPOS="656" VPOS="1278" WIDTH="83" HEIGHT="37" WC="0.96" CONTENT="icke"/><SP WIDTH="29" VPOS="1278" HPOS="739"/>
							<String ID="string_184" HPOS="768" VPOS="1284" WIDTH="131" HEIGHT="43" WC="0.96" CONTENT="syntes"/><SP WIDTH="28" VPOS="1284" HPOS="899"/>
							<String ID="string_185" HPOS="927" VPOS="1280" WIDTH="127" HEIGHT="37" WC="0.96" CONTENT="kunna"/><SP WIDTH="29" VPOS="1280" HPOS="1054"/>
							<String ID="string_186" HPOS="1083" VPOS="1281" WIDTH="148" HEIGHT="37" WC="0.96" CONTENT="komma"/><SP WIDTH="28" VPOS="1281" HPOS="1231"/>
							<String ID="string_187" HPOS="1259" VPOS="1282" WIDTH="59" HEIGHT="37" WC="0.96" CONTENT="till"/><SP WIDTH="29" VPOS="1282" HPOS="1318"/>
							<String ID="string_188" HPOS="1347" VPOS="1284" WIDTH="122" HEIGHT="36" WC="0.95" CONTENT="stånd."/>
						</TextLine>
					</TextBlock>
					<TextBlock ID="block_6" HPOS="388" VPOS="1327" WIDTH="1593" HEIGHT="349">
						<TextLine ID="line_29" HPOS="492" VPOS="1327" WIDTH="1489" HEIGHT="61">
							<String ID="string_189" HPOS="492" VPOS="1327" WIDTH="73" HEIGHT="38" WC="0.96" CONTENT="Vid"/><SP WIDTH="30" VPOS="1327" HPOS="565"/>
							<String ID="string_190" HPOS="595" VPOS="1329" WIDTH="134" HEIGHT="37" WC="0.96" CONTENT="sådant"/><SP WIDTH="28" VPOS="1329" HPOS="729"/>
							<String ID="string_191" HPOS="757" VPOS="1330" WIDTH="235" HEIGHT="38" WC="0.95" CONTENT="förhållande"/><SP WIDTH="28" VPOS="1330" HPOS="992"/>
							<String ID="string_192" HPOS="1020" VPOS="1333" WIDTH="71" HEIGHT="36" WC="0.96" CONTENT="och"/><SP WIDTH="29" VPOS="1333" HPOS="1091"/>
							<String ID="string_193" HPOS="1120" VPOS="1333" WIDTH="46" HEIGHT="36" WC="0.93" CONTENT="då"/><SP WIDTH="26" VPOS="1333" HPOS="1166"/>
							<String ID="string_194" HPOS="1192" VPOS="1334" WIDTH="183" HEIGHT="37" WC="0.91" CONTENT="behofvet"/><SP WIDTH="29" VPOS="1334" HPOS="1375"/>
							<String ID="string_195" HPOS="1404" VPOS="1335" WIDTH="42" HEIGHT="36" WC="0.96" CONTENT="af"/><SP WIDTH="19" VPOS="1335" HPOS="1446"/>
							<String ID="string_196" HPOS="1465" VPOS="1350" WIDTH="75" HEIGHT="35" WC="0.96" CONTENT="nya"/><SP WIDTH="19" VPOS="1350" HPOS="1540"/>
							<String ID="string_197" HPOS="1559" VPOS="1337" WIDTH="146" HEIGHT="37" WC="0.96" CONTENT="lokaler"/><SP WIDTH="18" VPOS="1337" HPOS="1705"/>
							<String ID="string_198" HPOS="1723" VPOS="1338" WIDTH="60" HEIGHT="36" WC="0.92" CONTENT="för"/><SP WIDTH="19" VPOS="1338" HPOS="1783"/>
							<String ID="string_199" HPOS="1802" VPOS="1339" WIDTH="179" HEIGHT="49" WC="0.91" CONTENT="telegraf-"/>
						</TextLine>
						<TextLine ID="line_30" HPOS="392" VPOS="1380" WIDTH="1587" HEIGHT="60">
							<String ID="string_200" HPOS="392" VPOS="1380" WIDTH="69" HEIGHT="35" WC="0.92" CONTENT="och"/><SP WIDTH="41" VPOS="1380" HPOS="461"/>
							<String ID="string_201" HPOS="502" VPOS="1380" WIDTH="338" HEIGHT="39" WC="0.78" CONTENT="telefonstationen"/><SP WIDTH="42" VPOS="1380" HPOS="840"/>
							<String ID="string_202" HPOS="882" VPOS="1384" WIDTH="11" HEIGHT="35" WC="0.96" CONTENT="i"/><SP WIDTH="28" VPOS="1384" HPOS="893"/>
							<String ID="string_203" HPOS="921" VPOS="1383" WIDTH="108" HEIGHT="37" WC="0.95" CONTENT="Lund"/><SP WIDTH="36" VPOS="1383" HPOS="1029"/>
							<String ID="string_204" HPOS="1065" VPOS="1384" WIDTH="117" HEIGHT="37" WC="0.93" CONTENT="likväl"/><SP WIDTH="30" VPOS="1384" HPOS="1182"/>
							<String ID="string_205" HPOS="1212" VPOS="1386" WIDTH="216" HEIGHT="49" WC="0.90" CONTENT="kvarstode,"/><SP WIDTH="29" VPOS="1386" HPOS="1428"/>
							<String ID="string_206" HPOS="1457" VPOS="1387" WIDTH="68" HEIGHT="37" WC="0.96" CONTENT="har"/><SP WIDTH="29" VPOS="1387" HPOS="1525"/>
							<String ID="string_207" HPOS="1554" VPOS="1389" WIDTH="186" HEIGHT="48" WC="0.96" CONTENT="styrelsen"/><SP WIDTH="30" VPOS="1389" HPOS="1740"/>
							<String ID="string_208" HPOS="1770" VPOS="1391" WIDTH="209" HEIGHT="49" WC="0.96" CONTENT="föreslagit,"/>
						</TextLine>
						<TextLine ID="line_31" HPOS="390" VPOS="1432" WIDTH="1589" HEIGHT="58">
							<String ID="string_209" HPOS="390" VPOS="1436" WIDTH="56" HEIGHT="32" WC="0.96" CONTENT="att"/><SP WIDTH="32" VPOS="1436" HPOS="446"/>
							<String ID="string_210" HPOS="478" VPOS="1432" WIDTH="63" HEIGHT="37" WC="0.96" CONTENT="det"/><SP WIDTH="37" VPOS="1432" HPOS="541"/>
							<String ID="string_211" HPOS="578" VPOS="1433" WIDTH="59" HEIGHT="36" WC="0.96" CONTENT="för"/><SP WIDTH="27" VPOS="1433" HPOS="637"/>
							<String ID="string_212" HPOS="664" VPOS="1434" WIDTH="117" HEIGHT="49" WC="0.96" CONTENT="inköp"/><SP WIDTH="30" VPOS="1434" HPOS="781"/>
							<String ID="string_213" HPOS="811" VPOS="1435" WIDTH="41" HEIGHT="36" WC="0.93" CONTENT="af"/><SP WIDTH="25" VPOS="1435" HPOS="852"/>
							<String ID="string_214" HPOS="877" VPOS="1436" WIDTH="353" HEIGHT="49" WC="0.92" CONTENT="museibyggnaden"/><SP WIDTH="29" VPOS="1436" HPOS="1230"/>
							<String ID="string_215" HPOS="1259" VPOS="1438" WIDTH="216" HEIGHT="38" WC="0.96" CONTENT="beräknade"/><SP WIDTH="30" VPOS="1438" HPOS="1475"/>
							<String ID="string_216" HPOS="1505" VPOS="1440" WIDTH="192" HEIGHT="50" WC="0.92" CONTENT="beloppet,"/><SP WIDTH="31" VPOS="1440" HPOS="1697"/>
							<String ID="string_217" HPOS="1728" VPOS="1444" WIDTH="138" HEIGHT="46" WC="0.92" CONTENT="75,000"/><SP WIDTH="29" VPOS="1444" HPOS="1866"/>
							<String ID="string_218" HPOS="1895" VPOS="1444" WIDTH="84" HEIGHT="36" WC="0.92" CONTENT="kro-"/>
						</TextLine>
						<TextLine ID="line_32" HPOS="390" VPOS="1486" WIDTH="1589" HEIGHT="46">
							<String ID="string_219" HPOS="390" VPOS="1496" WIDTH="79" HEIGHT="33" WC="0.95" CONTENT="nor,"/><SP WIDTH="43" VPOS="1496" HPOS="469"/>
							<String ID="string_220" HPOS="512" VPOS="1486" WIDTH="115" HEIGHT="35" WC="0.95" CONTENT="måtte"/><SP WIDTH="41" VPOS="1486" HPOS="627"/>
							<String ID="string_221" HPOS="668" VPOS="1499" WIDTH="215" HEIGHT="24" WC="0.95" CONTENT="reserveras"/><SP WIDTH="36" VPOS="1499" HPOS="883"/>
							<String ID="string_222" HPOS="919" VPOS="1488" WIDTH="56" HEIGHT="36" WC="0.93" CONTENT="för"/><SP WIDTH="28" VPOS="1488" HPOS="975"/>
							<String ID="string_223" HPOS="1003" VPOS="1488" WIDTH="245" HEIGHT="38" WC="0.92" CONTENT="anskaffande"/><SP WIDTH="31" VPOS="1488" HPOS="1248"/>
							<String ID="string_224" HPOS="1279" VPOS="1491" WIDTH="41" HEIGHT="35" WC="0.96" CONTENT="af"/><SP WIDTH="24" VPOS="1491" HPOS="1320"/>
							<String ID="string_225" HPOS="1344" VPOS="1491" WIDTH="144" HEIGHT="37" WC="0.96" CONTENT="lokaler"/><SP WIDTH="28" VPOS="1491" HPOS="1488"/>
							<String ID="string_226" HPOS="1516" VPOS="1492" WIDTH="10" HEIGHT="36" WC="0.96" CONTENT="i"/><SP WIDTH="29" VPOS="1492" HPOS="1526"/>
							<String ID="string_227" HPOS="1555" VPOS="1493" WIDTH="218" HEIGHT="37" WC="0.96" CONTENT="landsorten"/><SP WIDTH="30" VPOS="1493" HPOS="1773"/>
							<String ID="string_228" HPOS="1803" VPOS="1495" WIDTH="58" HEIGHT="36" WC="0.93" CONTENT="för"/><SP WIDTH="27" VPOS="1495" HPOS="1861"/>
							<String ID="string_229" HPOS="1888" VPOS="1496" WIDTH="91" HEIGHT="36" WC="0.90" CONTENT="tele-"/>
						</TextLine>
						<TextLine ID="line_33" HPOS="389" VPOS="1535" WIDTH="1590" HEIGHT="55">
							<String ID="string_230" HPOS="389" VPOS="1535" WIDTH="242" HEIGHT="49" WC="0.90" CONTENT="grafverkets"/><SP WIDTH="29" VPOS="1535" HPOS="631"/>
							<String ID="string_231" HPOS="660" VPOS="1537" WIDTH="124" HEIGHT="38" WC="0.92" CONTENT="behof."/><SP WIDTH="58" VPOS="1537" HPOS="784"/>
							<String ID="string_232" HPOS="842" VPOS="1539" WIDTH="75" HEIGHT="37" WC="0.94" CONTENT="Det"/><SP WIDTH="27" VPOS="1539" HPOS="917"/>
							<String ID="string_233" HPOS="944" VPOS="1540" WIDTH="11" HEIGHT="35" WC="0.93" CONTENT="i"/><SP WIDTH="29" VPOS="1540" HPOS="955"/>
							<String ID="string_234" HPOS="984" VPOS="1540" WIDTH="264" HEIGHT="50" WC="0.91" CONTENT="statförslaget"/><SP WIDTH="29" VPOS="1540" HPOS="1248"/>
							<String ID="string_235" HPOS="1277" VPOS="1542" WIDTH="59" HEIGHT="37" WC="0.96" CONTENT="för"/><SP WIDTH="20" VPOS="1542" HPOS="1336"/>
							<String ID="string_236" HPOS="1356" VPOS="1546" WIDTH="40" HEIGHT="33" WC="0.96" CONTENT="år"/><SP WIDTH="22" VPOS="1546" HPOS="1396"/>
							<String ID="string_237" HPOS="1418" VPOS="1545" WIDTH="95" HEIGHT="36" WC="0.96" CONTENT="1908"/><SP WIDTH="21" VPOS="1545" HPOS="1513"/>
							<String ID="string_238" HPOS="1534" VPOS="1544" WIDTH="59" HEIGHT="37" WC="0.96" CONTENT="för"/><SP WIDTH="20" VPOS="1544" HPOS="1593"/>
							<String ID="string_239" HPOS="1613" VPOS="1545" WIDTH="234" HEIGHT="38" WC="0.93" CONTENT="sistnämnda"/><SP WIDTH="19" VPOS="1545" HPOS="1847"/>
							<String ID="string_240" HPOS="1866" VPOS="1549" WIDTH="113" HEIGHT="36" WC="0.92" CONTENT="ända-"/>
						</TextLine>
						<TextLine ID="line_34" HPOS="389" VPOS="1588" WIDTH="1589" HEIGHT="59">
							<String ID="string_241" HPOS="389" VPOS="1588" WIDTH="71" HEIGHT="36" WC="0.95" CONTENT="mål"/><SP WIDTH="40" VPOS="1588" HPOS="460"/>
							<String ID="string_242" HPOS="500" VPOS="1593" WIDTH="196" HEIGHT="44" WC="0.94" CONTENT="upptagna"/><SP WIDTH="40" VPOS="1593" HPOS="696"/>
							<String ID="string_243" HPOS="736" VPOS="1590" WIDTH="192" HEIGHT="50" WC="0.93" CONTENT="beloppet,"/><SP WIDTH="30" VPOS="1590" HPOS="928"/>
							<String ID="string_244" HPOS="958" VPOS="1593" WIDTH="138" HEIGHT="47" WC="0.91" CONTENT="25,000"/><SP WIDTH="29" VPOS="1593" HPOS="1096"/>
							<String ID="string_245" HPOS="1125" VPOS="1593" WIDTH="152" HEIGHT="49" WC="0.96" CONTENT="kronor,"/><SP WIDTH="30" VPOS="1593" HPOS="1277"/>
							<String ID="string_246" HPOS="1307" VPOS="1595" WIDTH="117" HEIGHT="36" WC="0.96" CONTENT="borde"/><SP WIDTH="29" VPOS="1595" HPOS="1424"/>
							<String ID="string_247" HPOS="1453" VPOS="1595" WIDTH="110" HEIGHT="38" WC="0.96" CONTENT="alltså"/><SP WIDTH="28" VPOS="1595" HPOS="1563"/>
							<String ID="string_248" HPOS="1591" VPOS="1597" WIDTH="108" HEIGHT="50" WC="0.96" CONTENT="höjas"/><SP WIDTH="30" VPOS="1597" HPOS="1699"/>
							<String ID="string_249" HPOS="1729" VPOS="1599" WIDTH="56" HEIGHT="35" WC="0.93" CONTENT="till"/><SP WIDTH="32" VPOS="1599" HPOS="1785"/>
							<String ID="string_250" HPOS="1817" VPOS="1601" WIDTH="161" HEIGHT="46" WC="0.90" CONTENT="100,000"/>
						</TextLine>
						<TextLine ID="line_35" HPOS="388" VPOS="1639" WIDTH="149" HEIGHT="37">
							<String ID="string_251" HPOS="388" VPOS="1639" WIDTH="149" HEIGHT="37" WC="0.96" CONTENT="kronor."/>
						</TextLine>
					</TextBlock>
					<TextBlock ID="block_7" HPOS="384" VPOS="1691" WIDTH="1593" HEIGHT="315">
						<TextLine ID="line_36" HPOS="488" VPOS="1691" WIDTH="1489" HEIGHT="61">
							<String ID="string_252" HPOS="488" VPOS="1691" WIDTH="17" HEIGHT="36" WC="0.96" CONTENT="I"/><SP WIDTH="27" VPOS="1691" HPOS="505"/>
							<String ID="string_253" HPOS="532" VPOS="1692" WIDTH="109" HEIGHT="48" WC="0.96" CONTENT="fråga"/><SP WIDTH="28" VPOS="1692" HPOS="641"/>
							<String ID="string_254" HPOS="669" VPOS="1706" WIDTH="60" HEIGHT="24" WC="0.96" CONTENT="om"/><SP WIDTH="30" VPOS="1706" HPOS="729"/>
							<String ID="string_255" HPOS="759" VPOS="1694" WIDTH="64" HEIGHT="36" WC="0.96" CONTENT="det"/><SP WIDTH="28" VPOS="1694" HPOS="823"/>
							<String ID="string_256" HPOS="851" VPOS="1696" WIDTH="41" HEIGHT="35" WC="0.93" CONTENT="af"/><SP WIDTH="25" VPOS="1696" HPOS="892"/>
							<String ID="string_257" HPOS="917" VPOS="1696" WIDTH="286" HEIGHT="37" WC="0.91" CONTENT="kommitterade"/><SP WIDTH="29" VPOS="1696" HPOS="1203"/>
							<String ID="string_258" HPOS="1232" VPOS="1698" WIDTH="60" HEIGHT="36" WC="0.96" CONTENT="för"/><SP WIDTH="28" VPOS="1698" HPOS="1292"/>
							<String ID="string_259" HPOS="1320" VPOS="1698" WIDTH="117" HEIGHT="49" WC="0.96" CONTENT="inköp"/><SP WIDTH="29" VPOS="1698" HPOS="1437"/>
							<String ID="string_260" HPOS="1466" VPOS="1700" WIDTH="42" HEIGHT="35" WC="0.96" CONTENT="af"/><SP WIDTH="15" VPOS="1700" HPOS="1508"/>
							<String ID="string_261" HPOS="1523" VPOS="1700" WIDTH="243" HEIGHT="49" WC="0.95" CONTENT="tillbyggnad"/><SP WIDTH="20" VPOS="1700" HPOS="1766"/>
							<String ID="string_262" HPOS="1786" VPOS="1702" WIDTH="41" HEIGHT="36" WC="0.96" CONTENT="af"/><SP WIDTH="16" VPOS="1702" HPOS="1827"/>
							<String ID="string_263" HPOS="1843" VPOS="1703" WIDTH="134" HEIGHT="49" WC="0.90" CONTENT="fastig-"/>
						</TextLine>
						<TextLine ID="line_37" HPOS="387" VPOS="1742" WIDTH="1590" HEIGHT="61">
							<String ID="string_264" HPOS="387" VPOS="1742" WIDTH="105" HEIGHT="37" WC="0.96" CONTENT="heter"/><SP WIDTH="27" VPOS="1742" HPOS="492"/>
							<String ID="string_265" HPOS="519" VPOS="1744" WIDTH="12" HEIGHT="35" WC="0.93" CONTENT="i"/><SP WIDTH="29" VPOS="1744" HPOS="531"/>
							<String ID="string_266" HPOS="560" VPOS="1744" WIDTH="137" HEIGHT="37" WC="0.96" CONTENT="Malmö"/><SP WIDTH="29" VPOS="1744" HPOS="697"/>
							<String ID="string_267" HPOS="726" VPOS="1751" WIDTH="195" HEIGHT="43" WC="0.96" CONTENT="upptagna"/><SP WIDTH="28" VPOS="1751" HPOS="921"/>
							<String ID="string_268" HPOS="949" VPOS="1747" WIDTH="150" HEIGHT="49" WC="0.93" CONTENT="belopp,"/><SP WIDTH="31" VPOS="1747" HPOS="1099"/>
							<String ID="string_269" HPOS="1130" VPOS="1750" WIDTH="163" HEIGHT="46" WC="0.91" CONTENT="580,000"/><SP WIDTH="30" VPOS="1750" HPOS="1293"/>
							<String ID="string_270" HPOS="1323" VPOS="1750" WIDTH="151" HEIGHT="47" WC="0.95" CONTENT="kronor,"/><SP WIDTH="30" VPOS="1750" HPOS="1474"/>
							<String ID="string_271" HPOS="1504" VPOS="1751" WIDTH="67" HEIGHT="37" WC="0.96" CONTENT="har"/><SP WIDTH="19" VPOS="1751" HPOS="1571"/>
							<String ID="string_272" HPOS="1590" VPOS="1752" WIDTH="347" HEIGHT="51" WC="0.91" CONTENT="telegrafstyrelsen"/><SP WIDTH="29" VPOS="1752" HPOS="1937"/>
							<String ID="string_273" HPOS="1966" VPOS="1756" WIDTH="11" HEIGHT="36" WC="0.96" CONTENT="i"/>
						</TextLine>
						<TextLine ID="line_38" HPOS="386" VPOS="1795" WIDTH="1589" HEIGHT="59">
							<String ID="string_274" HPOS="386" VPOS="1795" WIDTH="66" HEIGHT="35" WC="0.90" CONTENT="sitt"/><SP WIDTH="41" VPOS="1795" HPOS="452"/>
							<String ID="string_275" HPOS="493" VPOS="1796" WIDTH="255" HEIGHT="48" WC="0.87" CONTENT="nyssberörda"/><SP WIDTH="41" VPOS="1796" HPOS="748"/>
							<String ID="string_276" HPOS="789" VPOS="1797" WIDTH="193" HEIGHT="38" WC="0.96" CONTENT="utlåtande"/><SP WIDTH="28" VPOS="1797" HPOS="982"/>
							<String ID="string_277" HPOS="1010" VPOS="1799" WIDTH="200" HEIGHT="49" WC="0.96" CONTENT="meddelat,"/><SP WIDTH="31" VPOS="1799" HPOS="1210"/>
							<String ID="string_278" HPOS="1241" VPOS="1806" WIDTH="66" HEIGHT="42" WC="0.93" CONTENT="att,"/><SP WIDTH="29" VPOS="1806" HPOS="1307"/>
							<String ID="string_279" HPOS="1336" VPOS="1802" WIDTH="153" HEIGHT="37" WC="0.92" CONTENT="utöfver"/><SP WIDTH="28" VPOS="1802" HPOS="1489"/>
							<String ID="string_280" HPOS="1517" VPOS="1803" WIDTH="46" HEIGHT="37" WC="0.97" CONTENT="de"/><SP WIDTH="29" VPOS="1803" HPOS="1563"/>
							<String ID="string_281" HPOS="1592" VPOS="1804" WIDTH="12" HEIGHT="35" WC="0.96" CONTENT="i"/><SP WIDTH="29" VPOS="1804" HPOS="1604"/>
							<String ID="string_282" HPOS="1633" VPOS="1804" WIDTH="63" HEIGHT="37" WC="0.96" CONTENT="det"/><SP WIDTH="28" VPOS="1804" HPOS="1696"/>
							<String ID="string_283" HPOS="1724" VPOS="1806" WIDTH="42" HEIGHT="35" WC="0.96" CONTENT="af"/><SP WIDTH="21" VPOS="1806" HPOS="1766"/>
							<String ID="string_284" HPOS="1787" VPOS="1806" WIDTH="188" HEIGHT="48" WC="0.95" CONTENT="styrelsen"/>
						</TextLine>
						<TextLine ID="line_39" HPOS="386" VPOS="1847" WIDTH="1588" HEIGHT="60">
							<String ID="string_285" HPOS="386" VPOS="1847" WIDTH="145" HEIGHT="48" WC="0.92" CONTENT="afgifna"/><SP WIDTH="43" VPOS="1847" HPOS="531"/>
							<String ID="string_286" HPOS="574" VPOS="1848" WIDTH="265" HEIGHT="50" WC="0.85" CONTENT="statförslaget"/><SP WIDTH="41" VPOS="1848" HPOS="839"/>
							<String ID="string_287" HPOS="880" VPOS="1850" WIDTH="128" HEIGHT="37" WC="0.96" CONTENT="härför"/><SP WIDTH="32" VPOS="1850" HPOS="1008"/>
							<String ID="string_288" HPOS="1040" VPOS="1858" WIDTH="194" HEIGHT="43" WC="0.96" CONTENT="upptagna"/><SP WIDTH="28" VPOS="1858" HPOS="1234"/>
							<String ID="string_289" HPOS="1262" VPOS="1853" WIDTH="150" HEIGHT="50" WC="0.93" CONTENT="belopp,"/><SP WIDTH="29" VPOS="1853" HPOS="1412"/>
							<String ID="string_290" HPOS="1441" VPOS="1854" WIDTH="159" HEIGHT="50" WC="0.92" CONTENT="tillhopa"/><SP WIDTH="28" VPOS="1854" HPOS="1600"/>
							<String ID="string_291" HPOS="1628" VPOS="1858" WIDTH="165" HEIGHT="44" WC="0.90" CONTENT="519,000"/><SP WIDTH="29" VPOS="1858" HPOS="1793"/>
							<String ID="string_292" HPOS="1822" VPOS="1859" WIDTH="152" HEIGHT="48" WC="0.96" CONTENT="kronor,"/>
						</TextLine>
						<TextLine ID="line_40" HPOS="384" VPOS="1899" WIDTH="1591" HEIGHT="61">
							<String ID="string_293" HPOS="384" VPOS="1899" WIDTH="224" HEIGHT="49" WC="0.92" CONTENT="ytterligare"/><SP WIDTH="39" VPOS="1899" HPOS="608"/>
							<String ID="string_294" HPOS="647" VPOS="1901" WIDTH="241" HEIGHT="37" WC="0.91" CONTENT="erfordrades"/><SP WIDTH="29" VPOS="1901" HPOS="888"/>
							<String ID="string_295" HPOS="917" VPOS="1903" WIDTH="58" HEIGHT="35" WC="0.96" CONTENT="för"/><SP WIDTH="28" VPOS="1903" HPOS="975"/>
							<String ID="string_296" HPOS="1003" VPOS="1903" WIDTH="239" HEIGHT="50" WC="0.96" CONTENT="tillbyggnad"/><SP WIDTH="31" VPOS="1903" HPOS="1242"/>
							<String ID="string_297" HPOS="1273" VPOS="1906" WIDTH="42" HEIGHT="36" WC="0.96" CONTENT="af"/><SP WIDTH="25" VPOS="1906" HPOS="1315"/>
							<String ID="string_298" HPOS="1340" VPOS="1906" WIDTH="73" HEIGHT="36" WC="0.96" CONTENT="den"/><SP WIDTH="29" VPOS="1906" HPOS="1413"/>
							<String ID="string_299" HPOS="1442" VPOS="1908" WIDTH="217" HEIGHT="36" WC="0.91" CONTENT="nuvarande"/><SP WIDTH="30" VPOS="1908" HPOS="1659"/>
							<String ID="string_300" HPOS="1689" VPOS="1909" WIDTH="286" HEIGHT="51" WC="0.91" CONTENT="stationsbygg-"/>
						</TextLine>
						<TextLine ID="line_41" HPOS="384" VPOS="1950" WIDTH="1324" HEIGHT="56">
							<String ID="string_301" HPOS="384" VPOS="1950" WIDTH="123" HEIGHT="37" WC="0.95" CONTENT="naden"/><SP WIDTH="28" VPOS="1950" HPOS="507"/>
							<String ID="string_302" HPOS="535" VPOS="1952" WIDTH="142" HEIGHT="37" WC="0.96" CONTENT="utefter"/><SP WIDTH="29" VPOS="1952" HPOS="677"/>
							<String ID="string_303" HPOS="706" VPOS="1966" WIDTH="110" HEIGHT="24" WC="0.96" CONTENT="norra"/><SP WIDTH="33" VPOS="1966" HPOS="816"/>
							<String ID="string_304" HPOS="849" VPOS="1953" WIDTH="195" HEIGHT="48" WC="0.95" CONTENT="Vallgatan"/><SP WIDTH="29" VPOS="1953" HPOS="1044"/>
							<String ID="string_305" HPOS="1073" VPOS="1961" WIDTH="54" HEIGHT="31" WC="0.95" CONTENT="ett"/><SP WIDTH="30" VPOS="1961" HPOS="1127"/>
							<String ID="string_306" HPOS="1157" VPOS="1957" WIDTH="135" HEIGHT="49" WC="0.96" CONTENT="belopp"/><SP WIDTH="31" VPOS="1957" HPOS="1292"/>
							<String ID="string_307" HPOS="1323" VPOS="1958" WIDTH="40" HEIGHT="36" WC="0.93" CONTENT="af"/><SP WIDTH="27" VPOS="1958" HPOS="1363"/>
							<String ID="string_308" HPOS="1390" VPOS="1960" WIDTH="136" HEIGHT="46" WC="0.91" CONTENT="61,000"/><SP WIDTH="30" VPOS="1960" HPOS="1526"/>
							<String ID="string_309" HPOS="1556" VPOS="1960" WIDTH="152" HEIGHT="37" WC="0.96" CONTENT="kronor."/>
						</TextLine>
					</TextBlock>
					<TextBlock ID="block_8" HPOS="383" VPOS="2003" WIDTH="1591" HEIGHT="138">
						<TextLine ID="line_42" HPOS="486" VPOS="2003" WIDTH="1488" HEIGHT="60">
							<String ID="string_310" HPOS="486" VPOS="2003" WIDTH="370" HEIGHT="51" WC="0.91" CONTENT="Telegrafstyrelsen"/><SP WIDTH="38" VPOS="2003" HPOS="856"/>
							<String ID="string_311" HPOS="894" VPOS="2005" WIDTH="67" HEIGHT="37" WC="0.95" CONTENT="har"/><SP WIDTH="28" VPOS="2005" HPOS="961"/>
							<String ID="string_312" HPOS="989" VPOS="2006" WIDTH="119" HEIGHT="38" WC="0.95" CONTENT="tillika"/><SP WIDTH="28" VPOS="2006" HPOS="1108"/>
							<String ID="string_313" HPOS="1136" VPOS="2008" WIDTH="166" HEIGHT="50" WC="0.96" CONTENT="upplyst,"/><SP WIDTH="32" VPOS="2008" HPOS="1302"/>
							<String ID="string_314" HPOS="1334" VPOS="2014" WIDTH="55" HEIGHT="32" WC="0.96" CONTENT="att"/><SP WIDTH="27" VPOS="2014" HPOS="1389"/>
							<String ID="string_315" HPOS="1416" VPOS="2010" WIDTH="213" HEIGHT="38" WC="0.96" CONTENT="kostnaden"/><SP WIDTH="28" VPOS="2010" HPOS="1629"/>
							<String ID="string_316" HPOS="1657" VPOS="2015" WIDTH="60" HEIGHT="34" WC="0.96" CONTENT="för"/><SP WIDTH="26" VPOS="2015" HPOS="1717"/>
							<String ID="string_317" HPOS="1743" VPOS="2014" WIDTH="231" HEIGHT="49" WC="0.96" CONTENT="utvidgning"/>
						</TextLine>
						<TextLine ID="line_43" HPOS="384" VPOS="2053" WIDTH="1588" HEIGHT="61">
							<String ID="string_318" HPOS="384" VPOS="2053" WIDTH="40" HEIGHT="36" WC="0.92" CONTENT="af"/><SP WIDTH="37" VPOS="2053" HPOS="424"/>
							<String ID="string_319" HPOS="461" VPOS="2054" WIDTH="318" HEIGHT="49" WC="0.92" CONTENT="telegrafverkets"/><SP WIDTH="41" VPOS="2054" HPOS="779"/>
							<String ID="string_320" HPOS="820" VPOS="2057" WIDTH="145" HEIGHT="37" WC="0.96" CONTENT="lokaler"/><SP WIDTH="37" VPOS="2057" HPOS="965"/>
							<String ID="string_321" HPOS="1002" VPOS="2058" WIDTH="11" HEIGHT="35" WC="0.96" CONTENT="i"/><SP WIDTH="30" VPOS="2058" HPOS="1013"/>
							<String ID="string_322" HPOS="1043" VPOS="2058" WIDTH="219" HEIGHT="39" WC="0.95" CONTENT="Stockholm"/><SP WIDTH="30" VPOS="2058" HPOS="1262"/>
							<String ID="string_323" HPOS="1292" VPOS="2061" WIDTH="205" HEIGHT="38" WC="0.95" CONTENT="beräknats"/><SP WIDTH="29" VPOS="2061" HPOS="1497"/>
							<String ID="string_324" HPOS="1526" VPOS="2067" WIDTH="129" HEIGHT="46" WC="0.96" CONTENT="uppgå"/><SP WIDTH="28" VPOS="2067" HPOS="1655"/>
							<String ID="string_325" HPOS="1683" VPOS="2065" WIDTH="55" HEIGHT="36" WC="0.93" CONTENT="till"/><SP WIDTH="32" VPOS="2065" HPOS="1738"/>
							<String ID="string_326" HPOS="1770" VPOS="2067" WIDTH="202" HEIGHT="47" WC="0.90" CONTENT="1,100,000"/>
						</TextLine>
						<TextLine ID="line_44" HPOS="383" VPOS="2105" WIDTH="148" HEIGHT="36">
							<String ID="string_327" HPOS="383" VPOS="2105" WIDTH="148" HEIGHT="36" WC="0.95" CONTENT="kronor."/>
						</TextLine>
					</TextBlock>
					<TextBlock ID="block_9" HPOS="380" VPOS="2156" WIDTH="1592" HEIGHT="216">
						<TextLine ID="line_45" HPOS="486" VPOS="2156" WIDTH="1486" HEIGHT="59">
							<String ID="string_328" HPOS="486" VPOS="2156" WIDTH="125" HEIGHT="38" WC="0.96" CONTENT="Sedan"/><SP WIDTH="41" VPOS="2156" HPOS="611"/>
							<String ID="string_329" HPOS="652" VPOS="2159" WIDTH="60" HEIGHT="37" WC="0.96" CONTENT="för"/><SP WIDTH="27" VPOS="2159" HPOS="712"/>
							<String ID="string_330" HPOS="739" VPOS="2160" WIDTH="234" HEIGHT="37" WC="0.95" CONTENT="sistnämnda"/><SP WIDTH="29" VPOS="2160" HPOS="973"/>
							<String ID="string_331" HPOS="1002" VPOS="2162" WIDTH="171" HEIGHT="37" WC="0.96" CONTENT="ändamål"/><SP WIDTH="28" VPOS="2162" HPOS="1173"/>
							<String ID="string_332" HPOS="1201" VPOS="2164" WIDTH="117" HEIGHT="49" WC="0.96" CONTENT="tagits"/><SP WIDTH="28" VPOS="2164" HPOS="1318"/>
							<String ID="string_333" HPOS="1346" VPOS="2165" WIDTH="13" HEIGHT="36" WC="0.96" CONTENT="i"/><SP WIDTH="27" VPOS="2165" HPOS="1359"/>
							<String ID="string_334" HPOS="1386" VPOS="2166" WIDTH="163" HEIGHT="49" WC="0.96" CONTENT="anspråk"/><SP WIDTH="29" VPOS="2166" HPOS="1549"/>
							<String ID="string_335" HPOS="1578" VPOS="2169" WIDTH="243" HEIGHT="36" WC="0.96" CONTENT="reserverade"/><SP WIDTH="29" VPOS="2169" HPOS="1821"/>
							<String ID="string_336" HPOS="1850" VPOS="2170" WIDTH="122" HEIGHT="37" WC="0.96" CONTENT="medel"/>
						</TextLine>
						<TextLine ID="line_46" HPOS="383" VPOS="2209" WIDTH="1589" HEIGHT="58">
							<String ID="string_337" HPOS="383" VPOS="2210" WIDTH="163" HEIGHT="46" WC="0.92" CONTENT="300,000"/><SP WIDTH="42" VPOS="2210" HPOS="546"/>
							<String ID="string_338" HPOS="588" VPOS="2209" WIDTH="152" HEIGHT="49" WC="0.95" CONTENT="kronor,"/><SP WIDTH="41" VPOS="2209" HPOS="740"/>
							<String ID="string_339" HPOS="781" VPOS="2212" WIDTH="12" HEIGHT="36" WC="0.92" CONTENT="i"/><SP WIDTH="42" VPOS="2212" HPOS="793"/>
							<String ID="string_340" HPOS="835" VPOS="2212" WIDTH="265" HEIGHT="49" WC="0.92" CONTENT="statförslaget"/><SP WIDTH="28" VPOS="2212" HPOS="1100"/>
							<String ID="string_341" HPOS="1128" VPOS="2216" WIDTH="59" HEIGHT="35" WC="0.96" CONTENT="för"/><SP WIDTH="28" VPOS="2216" HPOS="1187"/>
							<String ID="string_342" HPOS="1215" VPOS="2219" WIDTH="39" HEIGHT="33" WC="0.96" CONTENT="år"/><SP WIDTH="32" VPOS="2219" HPOS="1254"/>
							<String ID="string_343" HPOS="1286" VPOS="2218" WIDTH="97" HEIGHT="35" WC="0.96" CONTENT="1908"/><SP WIDTH="30" VPOS="2218" HPOS="1383"/>
							<String ID="string_344" HPOS="1413" VPOS="2223" WIDTH="196" HEIGHT="44" WC="0.93" CONTENT="upptagna"/><SP WIDTH="30" VPOS="2223" HPOS="1609"/>
							<String ID="string_345" HPOS="1639" VPOS="2222" WIDTH="164" HEIGHT="45" WC="0.90" CONTENT="200,000"/><SP WIDTH="28" VPOS="2222" HPOS="1803"/>
							<String ID="string_346" HPOS="1831" VPOS="2221" WIDTH="141" HEIGHT="37" WC="0.96" CONTENT="kronor"/>
						</TextLine>
						<TextLine ID="line_47" HPOS="382" VPOS="2260" WIDTH="1588" HEIGHT="59">
							<String ID="string_347" HPOS="382" VPOS="2266" WIDTH="98" HEIGHT="31" WC="0.96" CONTENT="samt"/><SP WIDTH="39" VPOS="2266" HPOS="480"/>
							<String ID="string_348" HPOS="519" VPOS="2261" WIDTH="42" HEIGHT="36" WC="0.93" CONTENT="af"/><SP WIDTH="30" VPOS="2261" HPOS="561"/>
							<String ID="string_349" HPOS="591" VPOS="2260" WIDTH="209" HEIGHT="40" WC="0.91" CONTENT="lånemedel"/><SP WIDTH="31" VPOS="2260" HPOS="800"/>
							<String ID="string_350" HPOS="831" VPOS="2266" WIDTH="162" HEIGHT="44" WC="0.91" CONTENT="500,000"/><SP WIDTH="28" VPOS="2266" HPOS="993"/>
							<String ID="string_351" HPOS="1021" VPOS="2264" WIDTH="153" HEIGHT="50" WC="0.96" CONTENT="kronor,"/><SP WIDTH="31" VPOS="2264" HPOS="1174"/>
							<String ID="string_352" HPOS="1205" VPOS="2268" WIDTH="66" HEIGHT="36" WC="0.96" CONTENT="har"/><SP WIDTH="30" VPOS="2268" HPOS="1271"/>
							<String ID="string_353" HPOS="1301" VPOS="2270" WIDTH="229" HEIGHT="46" WC="0.93" CONTENT="återstoden,"/><SP WIDTH="33" VPOS="2270" HPOS="1530"/>
							<String ID="string_354" HPOS="1563" VPOS="2273" WIDTH="162" HEIGHT="41" WC="0.91" CONTENT="100,000"/><SP WIDTH="29" VPOS="2273" HPOS="1725"/>
							<String ID="string_355" HPOS="1754" VPOS="2273" WIDTH="150" HEIGHT="46" WC="0.96" CONTENT="kronor,"/><SP WIDTH="30" VPOS="2273" HPOS="1904"/>
							<String ID="string_356" HPOS="1934" VPOS="2273" WIDTH="36" HEIGHT="36" WC="0.96" CONTENT="af"/>
						</TextLine>
						<TextLine ID="line_48" HPOS="380" VPOS="2312" WIDTH="1536" HEIGHT="60">
							<String ID="string_357" HPOS="380" VPOS="2312" WIDTH="290" HEIGHT="38" WC="0.91" CONTENT="kommitterade"/><SP WIDTH="29" VPOS="2312" HPOS="670"/>
							<String ID="string_358" HPOS="699" VPOS="2315" WIDTH="136" HEIGHT="38" WC="0.90" CONTENT="afsetts"/><SP WIDTH="29" VPOS="2315" HPOS="835"/>
							<String ID="string_359" HPOS="864" VPOS="2322" WIDTH="55" HEIGHT="31" WC="0.96" CONTENT="att"/><SP WIDTH="27" VPOS="2322" HPOS="919"/>
							<String ID="string_360" HPOS="946" VPOS="2322" WIDTH="187" HEIGHT="44" WC="0.96" CONTENT="upptagas"/><SP WIDTH="28" VPOS="2322" HPOS="1133"/>
							<String ID="string_361" HPOS="1161" VPOS="2320" WIDTH="11" HEIGHT="35" WC="0.96" CONTENT="i"/><SP WIDTH="31" VPOS="2320" HPOS="1172"/>
							<String ID="string_362" HPOS="1203" VPOS="2322" WIDTH="97" HEIGHT="34" WC="0.96" CONTENT="1910"/><SP WIDTH="30" VPOS="2322" HPOS="1300"/>
							<String ID="string_363" HPOS="1330" VPOS="2323" WIDTH="58" HEIGHT="34" WC="0.96" CONTENT="års"/><SP WIDTH="29" VPOS="2323" HPOS="1388"/>
							<String ID="string_364" HPOS="1417" VPOS="2326" WIDTH="73" HEIGHT="32" WC="0.96" CONTENT="stat"/><SP WIDTH="27" VPOS="2326" HPOS="1490"/>
							<String ID="string_365" HPOS="1517" VPOS="2323" WIDTH="61" HEIGHT="36" WC="0.93" CONTENT="för"/><SP WIDTH="27" VPOS="2323" HPOS="1578"/>
							<String ID="string_366" HPOS="1605" VPOS="2324" WIDTH="311" HEIGHT="48" WC="0.91" CONTENT="telegrafverket."/>
						</TextLine>
					</TextBlock>
				</ComposedBlock>
			</PrintSpace>
		</Page>
	</Layout>
</alto>
