1922 2858
527 179 319 31 Bankoutskottets
866 177 188 31 utlåtande
1073 177 52 31 Nr
1150 176 29 30 6.
1546 172 18 31 3

145 258 68 31 Vid
234 257 169 31 anmälan
425 267 45 20 av
492 257 131 35 frågan
644 266 56 21 om
720 255 181 37 reglering
923 255 56 30 för
1000 255 213 35 budgetåret
1233 253 172 35 1933/1934
1427 263 45 20 av
1495 251 109 36 utgif-

103 312 102 28 terna
225 309 114 31 under
360 308 214 31 riksstatens
595 308 86 31 elfte
701 306 206 32 huvudtitel
929 306 65 31 har
1017 306 125 31 ehefen
1164 305 55 31 för
1239 304 364 36 finansdepartemen-

105 362 58 35 tet,
193 361 1 31 i
213 360 173 32 samband
404 360 81 31 med
502 359 219 36 behandling
741 369 45 21 av
806 358 182 32 ordinarie
1008 356 320 37 förslagsanslaget
1348 355 57 32 till
1425 354 180 38 pensione-

103 412 82 37 ring
208 422 46 21 av
279 412 111 31 civila
413 411 344 37 tjänstinnehavare,
781 410 184 36 redogjort
990 410 55 30 för
1069 409 64 31 och
1158 408 93 36 tagit
1276 407 174 36 ställning
1473 406 57 31 till
1555 407 51 30 ett

103 475 46 21 av
170 465 67 31 den
258 475 25 21 s.
304 464 33 31 k.
358 463 422 37 granskningsnämnden
803 462 173 35 framlagt
995 461 136 36 förslag
1152 470 56 22 om
1231 459 165 36 tillfällig
1419 458 186 32 inskränk-

104 516 87 37 ning
209 517 13 30 i
242 516 132 32 hittills
392 515 191 37 tillämpad
601 514 190 36 fondering
811 524 47 21 av
877 513 58 31 till
954 512 109 32 civila
1082 511 299 38 pensionsfonden
1402 510 204 37 inflytande

104 568 325 36 pensionsavgifter
448 567 64 32 och
530 565 334 37 ränteavkastning.
883 563 399 38 Departementsechefen
1301 563 66 31 har
1388 563 128 31 därvid
1537 561 69 32 till-

104 620 128 36 styrkt,
255 621 55 29 att
334 620 69 31 den
427 618 286 37 kapitalökning,
737 628 73 21 som
832 616 114 37 enligt
971 616 166 37 gällande
1160 615 265 32 bestämmelser
1448 614 158 31 kommer

105 672 54 31 att
183 673 129 35 uppstå
335 672 22 31 å
382 670 300 37 pensionsfonden
705 670 113 31 under
843 669 211 36 budgetåret
1080 666 181 38 1932/1933,
1285 667 112 30 måtte
1421 665 186 33 användas

106 723 56 31 till
178 723 212 31 minskande
409 732 46 21 av
473 722 234 32 statsverkets
725 720 153 37 utgifter
898 720 112 31 under
1030 720 212 35 budgetåret
1261 718 172 35 1933/1934
1452 718 55 31 för
1526 727 81 27 pen-

106 774 180 37 sionering
309 785 46 20 av
377 774 109 31 civila
507 773 346 37 tjänstinnehavare.

144 827 19 31 I
185 826 151 32 berörda
357 825 259 36 sammanhang
637 825 67 31 har
726 823 391 38 departementsechefen
1140 821 212 37 framhållit,
1373 822 55 30 att
1447 821 68 31 den
1537 819 71 33 till-

106 879 141 36 styrkta
280 877 259 37 anordningen,
573 877 122 31 vilken
730 876 150 31 innebär
915 876 124 35 avsteg
1076 875 84 30 från
1185 873 277 32 föreskrifterna
1487 873 12 31 i
1525 873 38 29 11
1590 870 17 37 $

106 930 113 32 andra
237 930 140 36 stycket
395 930 107 36 lagen
519 929 68 32 den
605 929 38 30 11
662 928 144 32 oktober
826 928 78 30 1907
923 926 183 37 angående
1126 925 110 32 civila
1254 924 354 38 tjänstinnehavares

106 983 75 30 rätt
200 982 57 30 till
280 981 159 37 pension,
463 981 107 31 borde
596 982 105 35 göras
724 980 173 31 beroende
921 989 46 21 av
991 978 204 36 antagande
1220 987 46 21 av
1291 987 44 21 en
1359 976 155 32 särskild
1538 976 70 36 lag,

107 1044 73 21 som
199 1033 193 37 möjliggör
412 1033 51 31 ett
483 1031 182 37 tillfälligt
684 1032 186 35 undantag
892 1031 83 30 från
995 1029 157 32 nämnda
1174 1028 237 32 föreskrifter.

146 1137 183 32 Utskottet
347 1137 66 30 har
432 1136 117 31 ansett
566 1135 55 37 sig
638 1135 86 32 böra
743 1135 144 31 biträda
904 1134 58 31 det
979 1134 66 31 här
1064 1132 282 37 ifrågavarande
1364 1131 244 37 lagförslaget.

107 1189 18 31 I
145 1188 148 33 särskilt
313 1188 188 31 utlåtande
523 1187 116 32 denna
661 1187 69 36 dag
753 1185 56 36 (nr
832 1186 48 36 11,
900 1185 114 37 punkt
1035 1184 31 36 1)
1089 1184 158 31 kommer
1267 1183 176 31 utskottet
1464 1183 54 31 att
1538 1182 71 31 till-

107 1240 125 37 styrka
246 1239 106 33 bifall
369 1239 58 32 till
444 1239 134 36 Kungl.
595 1238 129 37 Maj:ts
741 1237 114 32 under
873 1236 87 32 elfte
977 1235 232 32 huvudtiteln
1226 1234 229 32 framställda
1474 1233 135 37 förslag

107 1293 12 30 i
139 1292 106 37 fråga
263 1301 56 22 om
341 1290 245 37 beräkningen
606 1300 45 21 av
670 1289 164 37 anslaget
855 1289 57 31 till
931 1287 251 38 pensionering
1201 1297 47 21 av
1268 1286 109 32 civila
1397 1285 210 37 tjänstinne-

107 1344 143 31 havare.

147 1395 184 32 Utskottet
349 1394 216 36 hemställer,

548 1481 55 30 att
623 1480 194 35 riksdagen
838 1481 59 29 må
917 1478 128 32 bifalla
1066 1478 134 36 Kungl.
1222 1477 129 36 Maj:ts
1374 1476 236 32 förevarande

509 1530 229 38 proposition.

149 1637 203 32 Stockholm
371 1636 70 31 den
461 1636 38 30 10
519 1634 160 32 februari
700 1634 86 31 19383.

580 1738 52 31 På
654 1737 310 32 bankoutskottets
985 1738 152 34 vägnar:

609 1824 200 31 HARALD
832 1821 274 33 ÄKERBERG.

154 2120 197 23 Närvarande:
371 2126 27 16 se
419 2118 170 31 anteckning
607 2114 16 27 å
641 2114 146 27 utlåtande
807 2124 34 16 nr
861 2118 22 21 5.
