1926 2838
311 193 117 32 Första
453 193 202 31 kammarens
677 192 111 34 första
813 193 164 42 tillfälliga
1001 196 132 32 utskotts
1155 196 165 32 utlåtande
1343 197 53 31 Nr
1419 199 52 30 15.
1614 198 20 31 5

189 280 187 33 Nordiska
400 283 154 35 museet,
580 290 79 22 som
685 280 121 33 under
831 284 50 31 ett
905 281 125 33 flertal
1057 282 42 33 år
1123 283 87 32 med
1236 283 151 34 särskilt
1411 284 221 41 statsanslag

147 334 192 33 verkställt
362 333 230 43 upptagning
616 344 46 22 av
684 334 306 33 kulturhistorisk
1013 335 83 33 film
1119 336 69 32 och
1211 346 80 23 som
1314 337 60 33 för
1395 338 237 32 närvarande

146 388 88 41 äger
255 387 171 42 omkring
447 387 121 33 21.000
588 390 118 31 meter
726 388 232 33 normalfilm
981 389 68 32 och
1072 390 171 41 omkring
1264 390 99 33 2.000
1383 393 119 31 meter
1523 391 110 33 smal-

147 441 93 39 film,
265 442 171 32 kommer
459 441 159 33 sålunda
642 441 13 32 i
679 441 203 34 framtiden
909 442 221 34 tvivelsutan
1157 446 52 30 att
1234 444 101 33 bliva
1359 444 13 33 i
1397 447 91 31 stort
1512 444 120 33 behov

145 505 47 23 av
217 495 180 42 lämpliga
423 495 367 41 förvaringslokaler,
819 496 67 32 där
913 496 95 32 även
1036 497 45 32 de
1109 497 117 33 delvis
1251 500 131 40 ytterst
1408 497 223 34 intressanta

144 549 177 33 filmerna
348 549 126 33 kunde
502 549 152 33 komma
683 549 253 33 allmänheten
964 550 56 32 till
1048 551 125 40 godo».

188 657 73 32 För
286 664 91 33 egen
404 656 59 33 del
487 656 71 33 har
583 656 118 34 andra
727 656 240 35 kammarens
994 658 138 33 utskott
1158 658 125 33 anfört
1309 658 187 42 följande:

189 709 271 34 »Motionärens
488 710 140 42 förslag
657 721 60 22 om
746 711 229 34 inrättandet
1004 722 45 22 av
1079 715 50 30 ett
1156 713 140 41 statligt
1324 713 194 33 filmarkiv
1545 714 86 32 med

144 763 126 33 därtill
302 764 167 33 hörande
501 764 258 33 filmmuseum
790 765 86 33 med
909 765 406 43 visningsmöjligheter
1346 767 76 33 kan
1456 768 175 33 utskottet

143 817 159 33 biträda.
323 817 220 43 Betydelsen
565 827 46 23 av
632 820 53 31 att
706 818 129 34 kunna
857 818 55 34 till
933 819 179 33 framtida
1133 820 260 42 generationer
1414 821 217 33 överlämna

144 871 362 42 filmupptagningar
526 881 47 23 av
592 871 90 34 våra
703 872 69 33 och
793 873 227 33 kommande
1041 873 134 42 dagars
1193 884 106 23 mera
1320 874 210 43 betydande
1551 875 81 33 kul-

145 925 259 33 turhistoriska
433 925 216 33 företeelser
676 926 69 32 och
774 926 294 42 personligheter
1095 927 68 33 bör
1191 927 34 42 ej
1259 928 272 33 underskattas.
1560 929 71 32 Fil-

142 988 87 22 men
256 979 51 32 tål
333 979 61 32 väl
420 989 46 23 en
492 979 219 41 jämförelse
737 980 227 33 därutinnan
989 981 87 32 med
1103 981 61 33 det
1190 981 153 33 skrivna
1369 982 91 32 eller
1486 982 144 42 tryckta

143 1032 116 38 ordet,
284 1032 38 33 åt
345 1042 85 24 vars
452 1032 215 33 bevarande
689 1033 61 33 för
772 1033 203 33 framtiden
1000 1034 115 32 sedan
1137 1034 110 42 länge
1271 1035 13 32 i
1307 1035 99 33 form
1431 1045 46 22 av
1502 1035 129 33 biblio-

144 1085 61 33 tek
228 1086 69 32 och
321 1086 107 32 arkiv
450 1089 100 30 stora
573 1096 167 23 summor
761 1087 135 33 offrats
918 1097 81 23 som
1022 1098 45 22 en
1091 1087 218 42 självfallen
1333 1088 91 42 gärd
1448 1088 38 33 åt
1508 1089 123 33 kultu-

143 1149 86 22 rens
258 1139 103 33 krav.
391 1139 84 32 Men
507 1140 33 40 ej
575 1139 92 34 blott
697 1143 49 30 ett
776 1144 83 29 rent
887 1140 202 39 historiskt,
1119 1141 150 33 särskilt
1299 1142 330 38 kulturhistoriskt,

141 1192 156 33 intresse
318 1193 119 33 skulle
459 1193 155 32 därmed
635 1193 222 42 tillgodoses.
879 1194 273 43 Undervisning
1173 1195 49 42 på
1244 1195 123 33 skilda
1387 1196 140 34 stadier
1547 1196 84 32 krä-

142 1256 66 22 ver
236 1246 113 33 också
377 1257 158 23 numera
565 1247 40 32 så
634 1250 77 30 stor
739 1247 235 42 åskådlighet
1003 1248 68 32 och
1101 1249 268 41 noggrannhet,
1400 1252 52 30 att
1482 1249 149 33 utveck-

142 1299 125 42 lingen
295 1300 209 42 säkerligen
532 1301 171 32 kommer
730 1304 53 30 att
810 1302 227 32 aktualisera
1067 1302 122 33 denna
1216 1302 108 42 fråga
1352 1302 102 33 inom
1483 1303 34 41 ej
1550 1303 80 33 allt-

142 1353 60 33 för
230 1354 176 42 avlägsen
435 1354 166 33 framtid.
631 1354 130 33 Såsom
792 1365 47 22 av
867 1358 138 30 statens
1034 1355 240 43 biografbyrå
1304 1356 227 33 framhållits
1560 1356 71 33 har

141 1406 122 43 Norge
292 1408 117 32 redan
438 1408 113 42 gripit
578 1408 55 42 sig
661 1418 48 23 an
737 1409 88 32 med
854 1409 123 32 denna
1006 1409 106 41 fråga
1142 1413 97 29 samt
1268 1419 47 23 av
1344 1409 285 34 filmcensurens

141 1461 330 33 överskottsmedel
497 1462 135 41 skapat
658 1472 45 22 en
730 1462 189 38 filmfond,
946 1462 139 33 avsedd
1112 1465 52 30 att
1191 1462 108 42 tjäna
1325 1472 144 24 samma
1496 1463 133 42 syften,

140 1524 80 22 som
246 1525 52 22 nu
326 1515 249 33 förevarande
600 1515 141 32 motion
769 1515 91 41 tagit
886 1515 95 33 sikte
1008 1515 59 42 på.
1094 1515 72 33 Det
1193 1516 192 33 allmänna
1411 1516 71 33 har
1510 1517 119 32 under

141 1577 133 23 senare
296 1568 44 32 år
359 1568 152 41 nedlagt
534 1569 206 32 avsevärda
762 1568 136 42 belopp
922 1568 48 42 på
995 1569 224 41 anläggning
1242 1569 69 33 och
1333 1569 297 42 modernisering

140 1630 47 22 av
214 1631 158 28 museer,
401 1621 60 33 för
489 1624 53 30 att
570 1622 156 32 därmed
755 1622 108 41 tjäna
892 1622 104 32 såväl
1026 1622 195 42 forskning
1250 1633 80 22 som
1359 1623 268 42 fackbildning.

141 1674 71 33 Det
235 1685 109 32 synes
367 1675 129 33 därför
518 1675 189 42 naturligt,
732 1679 54 29 att
809 1676 111 32 också
945 1676 71 32 den
1040 1676 198 42 möjlighet
1261 1677 57 32 till
1341 1677 288 42 komplettering

140 1738 46 21 av
211 1738 217 23 museernas
454 1729 238 33 verksamhet
717 1729 69 33 bör
811 1729 264 42 tillvaratagas,
1101 1740 81 22 som
1209 1730 180 41 erbjuder
1414 1730 54 42 sig
1495 1739 133 33 genom

141 1782 268 41 upprättandet
436 1792 47 23 av
511 1785 50 30 ett
588 1783 157 32 centralt
773 1783 188 41 offentligt
987 1783 204 33 filmarkiv.

184 1835 180 33 Däremot
387 1846 109 22 anser
518 1836 55 41 sig
596 1836 176 33 utskottet
796 1837 34 41 ej
859 1837 128 32 kunna
1012 1837 184 42 tillstyrka
1218 1837 190 33 motionen
1432 1837 13 33 i
1469 1837 84 33 dess
1575 1848 54 23 se-

140 1898 92 22 nare
260 1889 71 32 del.
359 1888 56 33 Av
443 1889 246 42 utredningen
716 1890 13 32 i
758 1890 153 32 ärendet
939 1890 178 41 framgår,
1146 1893 53 30 att
1226 1891 252 32 kostnaderna
1508 1891 120 33 skulle

141 1941 125 42 uppgå
295 1941 56 33 till
378 1942 207 33 avsevärda
613 1942 147 42 belopp.
789 1942 58 33 Då
875 1943 13 32 i
916 1943 182 32 samband
1126 1944 87 32 med
1242 1943 173 41 fjolårets
1444 1944 185 41 riksdags-

140 1994 187 41 jubileum
355 2005 43 22 en
426 1995 130 42 längre
584 1995 387 42 journalupptagning
998 1996 128 41 gjorts,
1154 1996 127 33 vilken
1309 1996 123 33 finnes
1460 1997 168 42 tillgäng-

140 2048 50 41 lig
213 2048 60 33 för
294 2049 179 33 framtida
496 2049 213 41 arkivering
732 2049 69 32 och
825 2049 238 42 förevisning,
1086 2060 108 31 synes
1217 2050 188 42 knappast
1428 2050 200 42 tillräcklig

141 2102 203 42 anledning
372 2102 180 42 föreligga
580 2106 53 29 att
660 2103 185 42 tillstyrka
874 2113 44 22 en
947 2113 50 32 ny
1025 2103 327 42 filmupptagning,
1381 2114 86 23 vars
1496 2104 133 32 anord-

139 2155 124 32 nande
285 2156 119 32 under
422 2156 255 32 innevarande
697 2156 303 42 riksdagsperiod
1021 2156 59 33 för
1099 2157 120 40 övrigt
1239 2157 121 32 skulle
1380 2158 102 32 möta
1503 2157 126 42 betyd-

140 2208 74 40 liga
240 2209 194 41 praktiska
461 2209 239 41 svårigheter.

185 2261 183 33 Utskottet
394 2262 61 32 får
481 2262 139 38 därför,
648 2263 120 32 under
795 2262 237 42 åberopande
1060 2272 46 22 av
1133 2263 61 32 det
1221 2273 96 22 ovan
1346 2263 159 33 anförda
1533 2267 95 29 samt

140 2324 47 22 av
212 2314 205 32 innehållet
441 2315 13 31 i
480 2315 46 32 de
550 2316 89 31 över
662 2316 190 31 motionen
878 2316 159 40 avgivna
1062 2315 234 42 yttrandena,
1323 2315 149 38 föreslå,

185 2371 52 30 att
257 2370 118 32 andra
395 2369 220 33 kammaren
635 2371 86 31 med
742 2370 107 32 bifall
871 2371 130 32 endast
1021 2371 188 33 såtillvida
1230 2371 55 32 till
1305 2371 189 33 motionen
1514 2372 115 32 måtte

139 2421 144 33 besluta
306 2426 52 28 att
378 2423 67 32 hos
466 2423 131 41 Kungl.
620 2423 110 41 Maj:t
755 2424 151 32 anhålla
929 2434 60 22 om
1014 2425 197 40 utredning
1234 2425 192 40 angående
1449 2425 179 32 inrättan-

142 2475 61 33 det
230 2485 45 22 av
303 2478 49 29 ett
378 2476 156 32 centralt
561 2479 137 30 statens
724 2477 193 32 filmarkiv
944 2481 95 29 samt
1066 2488 60 22 om
1153 2478 145 32 formen
1327 2478 68 32 och
1422 2479 206 32 kostnaden

142 2529 59 31 för
224 2531 49 30 ett
297 2528 148 42 dylikt.»

177 2601 107 32 Bihang
304 2602 41 26 till
366 2603 156 32 riksdagens
540 2603 133 32 protokoll
694 2605 77 25 1936.
815 2606 31 24 12
865 2604 76 26 szaml.
982 2606 13 24 1
1014 2604 60 26 avd.
1113 2604 42 26 Nr
1176 2606 39 24 15.
1578 2607 15 24 2

1692 663 98 27 Andra

1656 698 174 27 kammarens

1687 735 110 27 utskott.
