1924 2852
329 202 18 31 8
651 197 416 39 Bevillningsutskottets
1087 195 224 34 betänkande
1329 195 51 32 Nr
1405 194 51 31 51.

684 279 12 30 i
730 278 67 31 vad
832 277 197 31 densamma
1061 285 98 21 avser
1183 275 137 30 fortsatt
1343 272 217 38 upptagande
1583 283 44 20 av
1651 273 137 30 omsätt-

684 330 116 35 nings-
824 329 60 30 och
908 327 349 36 utskänkningsskatt
1279 327 21 29 å
1323 325 240 36 spritdrycker,
1587 326 127 34 antaga
1730 324 56 30 det

684 381 77 31 med
795 380 253 36 propositionen
1083 378 194 36 framlagda
1313 377 163 36 förslaget
1504 377 55 30 till
1583 376 202 35 förordning

683 432 175 38 angående
882 432 133 31 fortsatt
1038 430 223 36 tillämpning
1278 440 45 20 av
1339 429 246 36 förordningen
1598 428 64 31 den
1676 428 17 30 8
1710 427 78 37 juni

683 486 83 31 1923
791 487 55 36 (nr
870 485 75 38 155)
968 483 175 37 angående
1166 483 242 36 omsättnings-
1432 482 60 32 och
1520 481 268 36 utskänknings-

683 539 92 31 skatt
797 540 21 29 å
841 537 238 37 spritdrycker.

329 636 17 31 I
369 635 186 36 anledning
578 645 44 21 av
647 634 66 32 vad
738 634 12 30 i
774 633 132 36 Kungl.
930 632 118 37 Maj:ts
1073 630 222 32 förevarande
1318 630 206 37 proposition
1548 639 40 21 nr
1614 629 61 30 225
1707 628 82 31 före-

286 688 119 36 slagits
439 687 173 37 angående
636 687 189 35 beräkning
849 696 45 20 av
918 684 292 32 inkomsttitlarna
1234 682 177 32 tullmedel
1436 683 88 30 samt
1547 681 242 35 omsättnings-

286 741 60 31 och
370 740 345 36 utskänkningsskatt
737 741 21 30 å
781 738 229 37 spritdrycker
1033 738 153 30 kommer
1209 736 162 31 utskottet
1395 735 179 31 framdeles
1597 734 49 31 att
1663 733 126 36 avgiva

287 793 169 37 yttrande,
481 793 108 31 vilket
612 793 163 31 utskottet
797 790 140 32 härmed
962 790 54 30 får
1039 790 52 30 för
1115 788 179 37 riksdagen

728 889 32 37 2)
783 886 148 32 anmäla.

330 984 195 31 Stockholm
549 983 64 31 den
638 983 39 30 28
703 982 69 36 maj
798 982 94 30 1924.

723 1077 49 31 På
795 1075 391 37 bevillningsutskottets
1210 1077 149 34 vägnar:

900 1163 118 31 ERIK
1042 1161 148 33 RÖING.

287 1455 183 26 Närvarande
480 1463 7 16 :
506 1455 97 24 herrar
624 1454 95 30 Röing,
734 1453 97 24 Gustat
842 1453 121 27 Nilsson,
978 1446 73 30 Örne
1062 1448 21 34 ",
1098 1452 76 30 Bärg,
1187 1451 105 23 Boman
1304 1447 20 31 ”,
1337 1449 178 25 Johansson
1504 1442 18 44 i
1530 1448 146 28 Kullersta,
1691 1447 101 24 Olsson

495 1500 7 22 i
532 1499 121 27 Ramsta,
683 1496 161 28 Lithander,
874 1497 102 23 Olsson
996 1496 8 23 i
1025 1495 160 28 Golvvasta,
1210 1494 163 24 Johansson
1393 1493 8 23 i
1423 1492 161 30 Hornsberg
1594 1488 20 31 +
1639 1491 125 23 Jönsson
1783 1490 8 22 i

495 1538 151 32 Slätåker”,
661 1541 139 24 Svensson
813 1541 8 23 i
833 1539 174 31 Grindstorp,
1022 1538 155 24 Alexander
1188 1538 121 27 Nilsson,
1320 1537 131 24 Carlsson
1463 1536 9 23 i
1483 1532 110 31 Gävle”,
1606 1533 185 28 Clemedtson,

495 1584 163 31 Björklund,
679 1585 155 30 Bengtsson
850 1584 7 23 i
872 1580 128 31 Kullen",
1019 1582 99 24 Olsson
1133 1582 7 23 i
1156 1581 90 27 Gävle,
1268 1576 144 28 Granath”
1426 1579 49 24 och
1491 1579 117 23 Ericson
1623 1578 7 23 i
1646 1576 146 25 Boxholm.

345 1662 12 13 >
377 1664 60 24 Icke
457 1664 125 24 närvarit
602 1663 46 24 vid
668 1663 169 31 justeringen
859 1669 32 17 av
912 1660 200 25 betänkandet.

865 1936 361 40 Reservation

333 2054 45 20 av
401 2043 120 31 herrar
544 2042 193 31 Lithander
760 2041 61 30 och
844 2041 198 36 Bengtsson
1066 2039 12 30 i
1101 2038 141 35 Kullen,
1267 2037 96 31 vilka
1386 2036 117 31 anfört
1526 2035 165 36 följande:

334 2096 140 35 »Enligt
496 2095 18 39 $
531 2095 39 30 54
587 2095 13 30 i
616 2093 159 37 gällande
792 2092 306 37 riksdagsordning
1115 2091 62 31 bör
1192 2089 209 37 proposition
1417 2088 60 31 vid
1494 2088 142 36 lagtima
1654 2086 138 36 riksdag

288 2148 181 32 avlämnas
492 2147 94 31 inom
610 2146 119 37 sjuttio
755 2145 107 37 dagar
879 2145 79 31 från
974 2144 74 32 dess
1063 2143 177 37 öppnande
1256 2142 62 32 och
1334 2143 57 30 må
1407 2141 207 37 proposition
1630 2140 31 36 ej
1677 2148 116 22 senare

288 2201 144 37 avlåtas,
469 2202 84 29 utan
581 2201 36 29 så
645 2202 48 35 är,
722 2200 51 30 att
796 2198 197 36 Konungen
1017 2198 111 30 finner
1151 2197 114 35 någon
1289 2194 108 32 under
1421 2193 182 37 riksdagen
1628 2187 165 46 inträffad

288 2253 160 31 händelse
480 2252 120 32 därtill
635 2251 176 31 föranleda
833 2251 81 30 eller
937 2252 125 34 prövar
1086 2249 153 36 uppskov
1263 2247 76 31 med
1363 2246 304 35 framställningen
1691 2243 103 32 lända

291 2306 89 30 riket
402 2305 56 31 till
482 2314 87 21 men.

332 2357 45 31 Vi
401 2366 80 21 anse
504 2356 84 36 icke,
611 2357 52 30 att
685 2356 115 35 någon
823 2354 158 31 händelse
1005 2353 159 31 inträffat
1187 2351 108 32 under
1319 2349 192 37 riksdagen,
1536 2358 72 22 som
1632 2348 76 31 bort
1728 2347 65 31 för-

289 2409 122 31 anleda
433 2408 244 31 avlämnandet
700 2418 45 20 av
767 2407 65 31 den
855 2406 118 36 kungl.
998 2405 250 37 propositionen
1272 2414 42 20 nr
1338 2403 62 31 225
1425 2403 37 30 så
1486 2403 75 30 sent
1583 2410 72 21 som
1671 2400 64 31 den
1752 2399 40 31 16

291 2461 69 36 maj
386 2460 84 32 1924
495 2460 60 31 och
578 2460 30 36 ej
632 2460 106 30 heller
761 2461 50 29 att
834 2459 153 36 uppskov
1011 2457 76 32 med
1111 2457 124 36 frågan
1259 2466 54 21 om
1337 2455 40 32 de
1400 2455 12 30 i
1435 2454 251 37 propositionen
1710 2452 83 30 före-

290 2514 120 36 slagna
447 2513 237 36 ändringarna
718 2513 12 30 i
765 2511 246 36 förordningen
1048 2511 135 31 kunnat
1219 2518 97 22 anses
1355 2507 103 32 lända
1496 2506 89 31 riket
1618 2505 54 31 till
1705 2514 86 22 men.
