1908 2836
512 133 380 30 Jordbruksutskottets
917 131 176 31 utlåtande
1119 131 48 30 Nr
1194 131 50 30 88.
1591 122 38 30 37

122 229 57 20 om
198 219 68 30 viss
286 219 48 30 tid
354 218 87 31 efter
459 218 183 30 förvärvet.
685 217 64 36 Jag
785 217 65 30 har
867 217 11 29 i
897 216 112 30 stället
1027 215 148 30 kommit
1193 214 52 30 till
1263 214 65 30 den
1347 212 281 37 uppfattningen,

123 273 49 28 att
199 269 266 37 ifrågavarande
490 268 220 37 spekulation
736 267 197 36 lämpligast
960 267 63 29 bör
1047 266 193 35 bekämpas
1267 273 123 28 genom
1417 273 42 21 en
1484 262 144 37 lagstift-

123 321 92 36 ning,
243 330 75 21 som
344 320 189 36 begränsar
558 319 270 36 nytillträdande
855 317 303 36 fastighetsägares
1185 316 68 30 rätt
1280 318 50 27 att
1355 315 151 30 avverka
1534 314 94 35 skog.

124 372 182 35 Samtidigt
326 380 75 21 som
420 380 42 21 en
482 370 94 37 dylik
596 369 217 37 lagstiftning
833 369 11 29 i
864 368 111 30 första
994 368 95 29 hand
1111 367 111 30 skulle
1242 365 114 37 åsyfta
1378 368 49 28 att
1447 364 183 31 förhindra

123 423 159 35 skövling
304 432 42 20 av
368 423 139 35 skogen,
531 421 140 30 komme
694 421 67 29 den
784 420 143 30 därmed
952 418 105 31 också
1079 420 50 28 att
1151 417 202 30 överhuvud
1378 419 91 33 taget
1492 415 138 30 minska

123 474 173 30 lockelsen
321 473 51 30 till
399 471 373 38 spekulationsaffärer
797 471 79 30 med
902 469 325 37 skogsegendomar.

168 523 121 32 Såsom
308 522 154 38 framgår
482 533 41 21 av
543 523 65 30 den
630 521 207 37 föregående
854 521 238 37 redogörelsen
1110 520 98 30 torde
1227 519 158 36 gällande
1406 516 220 37 skogsvårds-

125 576 54 35 lag
202 575 10 29 i
235 575 66 30 vad
325 574 108 37 angår
455 582 105 28 yngre
585 574 85 35 skog
692 572 171 31 innefatta
885 570 207 37 tillräckliga
1116 569 174 37 garantier
1312 572 72 27 mot
1408 567 157 36 skövling
1589 575 42 22 av

125 626 140 36 skogen.
313 626 13 29 I
351 625 100 36 fråga
475 634 58 21 om
558 624 109 31 sådan
692 624 85 36 skog
800 623 139 36 stadgas
964 621 185 36 nämligen,
1176 624 49 27 att
1249 621 129 35 skogen
1405 619 75 31 icke
1506 617 58 31 må
1589 635 44 4 —

124 677 145 30 bortsett
291 676 80 31 från
394 674 366 32 husbehovsändamål
780 693 44 4 —
847 673 167 31 avverkas
1036 672 205 31 annorledes
1264 671 45 30 än
1331 679 124 28 genom
1476 669 56 30 för
1554 669 78 30 sko-

125 735 82 29 gens
232 727 199 36 utveckling
454 725 275 36 ändamålsenlig
757 724 145 37 gallring
929 722 91 37 eller,
1046 723 88 30 efter
1159 720 156 32 tillstånd
1341 730 42 22 av
1411 718 220 38 skogsvårds-

126 778 177 37 styrelsen,
332 777 115 32 såsom
474 778 55 29 led
555 776 11 30 i
593 786 43 21 en
663 775 159 31 rationell
848 773 331 38 skogshushållning
1204 772 83 31 eller
1312 771 99 37 eljest
1437 771 11 30 i
1474 771 157 30 överens-

126 829 197 31 stämmelse
345 829 80 30 med
450 828 67 36 god
540 826 200 37 skogsvård.
789 826 74 31 Vad
887 824 74 32 åter
984 823 108 38 angår
1117 824 96 35 skog,
1238 832 75 21 som
1339 822 76 31 icke
1440 822 40 30 är
1503 824 49 28 att
1575 820 57 31 be-

127 880 115 31 trakta
268 879 115 31 såsom
410 887 115 29 yngre,
554 877 194 32 innehåller
775 875 309 38 skogsvårdslagen
1109 893 46 5 -—
1179 874 88 30 även
1293 874 65 30 här
1383 873 144 30 bortsett
1553 870 81 32 från

126 931 287 36 husbehovsskog
437 948 44 4 —
505 929 122 31 endast
653 927 180 32 föreskrift
860 936 58 21 om
943 929 50 28 att
1020 925 214 36 avverkning
1261 924 32 37 ej
1321 923 59 32 må
1407 922 39 32 så
1472 922 161 31 bedrivas

126 982 65 30 och
213 981 31 36 ej
266 982 108 30 heller
394 980 88 31 efter
501 979 213 36 avverkning
734 979 80 30 med
834 978 146 30 marken
1000 976 38 32 så
1059 976 163 35 förfaras,
1243 978 49 28 att
1312 975 147 36 skogens
1479 972 155 32 återväxt

126 1033 194 36 äventyras.
368 1031 123 31 Denna
514 1030 180 31 föreskrift
717 1029 146 31 innebär
888 1027 152 38 tydligen
1064 1027 83 36 föga
1170 1026 158 37 trygghet
1352 1028 73 28 mot
1450 1034 42 21 ur
1517 1024 116 36 skogs-

126 1083 287 36 hushållningens
436 1082 179 36 synpunkt
639 1080 119 31 alltför
780 1079 227 37 långtgående
1030 1077 263 36 avverkningar.
1341 1075 64 31 Det
1428 1075 96 31 torde
1547 1075 86 29 kun-

127 1143 45 22 na
192 1133 231 37 ifrågasättas,
444 1142 58 21 om
521 1132 76 31 icke
616 1130 311 38 skogsvårdslagen
948 1129 108 31 borde
1076 1128 146 36 skärpas
1244 1127 135 30 därhän
1401 1129 49 28 att
1471 1125 76 36 den,
1571 1124 63 30 lik-

126 1194 77 21 som
225 1184 79 31 med
327 1184 169 31 avseende
519 1182 20 32 å
563 1183 66 30 den
651 1189 107 30 yngre
781 1181 139 36 skogen,
944 1180 87 30 även
1054 1178 223 32 beträffande
1299 1178 66 30 den
1388 1177 95 31 äldre
1505 1176 130 36 skogen

128 1235 196 37 uppställde
345 1235 91 30 vissa
456 1235 86 30 krav
563 1233 11 31 i
595 1232 99 38 fråga
716 1242 58 21 om
796 1230 269 37 hushållningen
1086 1229 81 31 med
1190 1229 214 30 densamma.
1449 1226 53 31 En
1525 1225 109 32 sådan

128 1286 191 37 skärpning
337 1295 42 22 av
396 1284 310 38 skogsvårdslagen
725 1292 102 22 anser
841 1282 59 37 jag
916 1280 191 33 emellertid
1124 1280 76 31 icke
1216 1281 120 29 kunna
1353 1278 185 31 motiveras
1556 1276 80 31 med

127 1338 137 37 hänsyn
291 1337 122 30 enbart
436 1336 49 30 till
511 1334 215 32 önskemålet
751 1336 49 28 att
824 1333 181 31 motverka
1030 1330 263 39 spekulationen
1319 1329 79 31 med
1426 1329 94 36 skog,
1548 1330 85 28 utan

128 1389 98 30 torde
250 1388 204 30 densamma
476 1386 37 32 få
536 1386 94 31 bliva
652 1385 172 31 beroende
848 1393 42 22 av
914 1393 42 21 en
978 1392 96 21 mera
1097 1380 137 38 allsidig
1255 1379 270 36 undersökning.

173 1438 236 32 Centralrådet
433 1437 57 31 för
511 1435 436 37 skogsvårdsstyrelsernas
969 1433 154 31 förbund
1145 1433 66 30 har
1233 1432 11 30 i
1265 1431 53 31 sin
1342 1430 95 31 förut
1461 1428 176 37 återgivna

129 1489 257 36 framställning
411 1487 186 37 föreslagit,
626 1489 49 28 att
708 1486 3 30 i
749 1487 8 29 5
784 1486 18 37 8
827 1485 111 31 andra
963 1484 133 36 stycket
1121 1481 310 38 skogsvårdslagen
1454 1479 107 32 måtte
1586 1479 50 30 in-

129 1541 95 30 föras
247 1543 47 27 ett
318 1539 200 36 stadgande,
543 1541 48 27 att
616 1537 213 36 avverkning
853 1535 57 31 för
934 1537 106 29 annat
1065 1532 166 32 ändamål
1254 1532 45 30 än
1323 1532 180 30 husbehov
1526 1530 112 30 under

130 1591 71 31 fem
229 1590 39 32 år
294 1590 87 31 efter
406 1590 56 30 det
489 1588 164 36 fastighet
679 1596 124 28 genom
829 1587 81 35 köp,
936 1586 81 36 byte
1044 1585 84 30 eller
1152 1583 87 37 gåva
1264 1583 75 36 bytt
1365 1583 102 36 ägare
1494 1581 31 36 ej
1552 1583 84 28 utan

130 1641 394 37 skogsvårdsstyrelsens
553 1638 157 32 tillstånd
739 1638 93 36 finge
860 1637 60 31 ske
950 1635 205 32 annorledes
1183 1634 46 30 än
1256 1633 10 31 i
1295 1627 342 46 överensstämmelse

130 1693 79 31 med
232 1692 66 37 god
321 1691 199 37 skogsvård.
566 1689 271 31 Bestämmelsen
861 1688 66 30 har
948 1688 126 30 avsetts
1096 1684 99 33 skola
1217 1684 187 37 begränsas
1426 1683 50 31 till
1497 1682 73 36 fall,
1593 1681 45 32 då

129 1743 163 37 fastighet
315 1751 124 28 genom
463 1741 238 37 nyssnämnda
726 1740 227 30 förvärvssätt
977 1736 142 38 övergår
1142 1736 51 30 till
1218 1745 117 21 annan
1360 1736 44 29 än
1430 1732 206 38 föregående

129 1795 145 36 ägarens
291 1793 141 36 arvinge
450 1793 80 30 eller
549 1792 113 30 make.
703 1789 236 36 Centralrådet
960 1789 64 29 har
1045 1788 174 34 förutsatt,
1239 1789 49 28 att
1308 1779 328 47 skogsvårdsstyrel-

132 1855 98 21 serna
254 1845 110 30 skulle
386 1843 155 31 förlänas
560 1842 210 36 befogenhet
789 1843 49 28 att
858 1840 119 36 pröva,
999 1838 10 31 i
1030 1838 106 30 vilket
1157 1837 90 36 syfte
1269 1839 46 28 ett
1337 1835 140 31 förvärv
1499 1833 138 32 skedde.

133 1895 117 31 Skulle
277 1896 55 29 det
359 1894 123 30 därvid
506 1893 172 34 befinnas,
706 1895 48 27 att
781 1892 175 29 förvärvet
984 1899 80 20 vore
1090 1891 84 27 utan
1201 1886 209 37 spekulativt
1436 1885 111 35 inslag
1573 1884 66 30 och

132 1947 156 35 köparen
316 1944 176 36 samtidigt
517 1943 117 30 kunde
659 1942 130 36 styrka,
817 1944 48 27 att
892 1949 41 21 en
961 1938 213 36 avverkning
1199 1937 20 31 å
1246 1937 207 36 fastigheten
1481 1935 36 30 så
1544 1934 95 36 långt

133 1995 309 38 skogsvårdslagen
468 1993 165 36 medgåve
659 2002 81 20 vore
767 2001 42 21 av
834 1990 167 36 väsentlig
1024 1989 176 36 betydelse
1226 1988 55 30 för
1307 1988 88 29 hans
1422 1981 219 44 möjligheter

132 2050 49 28 att
204 2046 138 31 behålla
366 2045 217 36 fastigheten,
607 2044 111 30 skulle
743 2041 375 37 skogsvårdsstyrelsen
1144 2039 118 30 lämna
1285 2036 155 32 tillstånd
1464 2035 125 31 därtill.
1627 2034 12 30 I

133 2097 124 32 sådant
279 2097 61 30 fall
362 2097 166 34 däremot,
552 2094 44 31 då
618 2094 198 35 visserligen
839 2093 104 35 köpet
963 2091 116 30 kunde
1100 2090 178 30 betraktas
1301 2097 73 21 som
1396 2087 144 36 legitimt
1560 2094 79 22 men

133 2152 47 27 ett
198 2152 96 31 uttag
316 2147 37 31 så
372 2147 94 36 långt
486 2147 99 35 lagen
604 2144 167 37 medgåve
789 2153 42 21 av
850 2144 67 29 den
937 2142 95 30 äldre
1051 2141 129 35 skogen
1201 2140 74 30 icke
1294 2139 117 30 kunde
1430 2147 99 21 anses
1547 2136 93 30 bliva

133 2209 42 20 av
198 2199 194 29 nämnvärd
413 2197 174 36 betydelse
608 2196 56 30 för
684 2196 173 34 köparens
879 2192 228 31 ekonomiska
1129 2190 172 36 ställning,
1325 2189 111 30 skulle
1457 2188 111 30 under
1590 2196 49 21 re-

134 2249 274 30 striktionstiden
431 2248 110 35 dylikt
564 2246 156 30 tillstånd
744 2245 75 30 icke
843 2245 146 28 lämnas.

179 2298 119 31 Såsom
323 2301 45 26 ett
391 2297 180 30 alternativ
592 2297 50 28 till
666 2294 246 31 centralrådets
936 2293 129 36 förslag
1090 2292 63 29 har
1178 2291 94 29 inom
1294 2289 344 37 jordbruksdeparte-

136 2351 126 28 mentet
281 2348 190 29 utarbetats
489 2349 46 27 ett
554 2345 353 35 författningsutkast,
930 2341 236 31 innebärande
1184 2341 90 29 vissa
1293 2339 229 36 skärpningar
1542 2338 9 29 i
1571 2338 67 29 för-

133 2398 162 31 hållande
321 2398 49 29 till
398 2396 241 30 förstnämnda
666 2395 138 34 förslag.
857 2393 114 35 Enligt
998 2392 54 29 det
1080 2392 95 28 inom
1202 2391 270 35 departementet
1499 2389 140 35 upprät-

134 2449 78 29 tade
250 2448 150 29 utkastet
427 2447 109 29 skulle
563 2445 200 30 förvärvare
788 2453 41 20 av
856 2442 172 35 fastighet,
1057 2441 193 30 oberoende
1278 2449 42 20 av
1347 2449 56 20 om
1431 2439 41 30 de
1497 2438 141 30 avverk-
