1906 2790
318 157 19 29 8
712 159 357 34 Bevillningsutskottets
1090 159 193 27 betänkande
1303 168 37 18 nr
1360 160 46 25 39.

317 236 115 30 tionen
454 246 41 20 nr
517 237 175 35 255/1945,
715 241 48 26 att
784 238 191 38 avgifterna
998 238 75 30 icke
1092 238 107 30 borde
1220 238 124 38 inflyta
1366 238 49 30 till
1438 239 65 29 den
1525 238 177 30 allmänna
1722 238 84 30 bud-

317 292 96 35 geten
431 293 84 27 utan
532 290 161 30 fonderas
712 290 55 30 för
784 294 48 27 att
849 292 178 29 användas
1047 291 55 30 för
1118 291 131 31 sådana
1267 299 256 31 gemensamma
1541 290 172 37 ändamål,
1732 300 75 21 som

317 343 187 38 lämpligen
531 343 106 30 borde
661 344 197 38 tillgodoses
885 354 43 20 av
955 345 149 29 intäkter
1132 354 41 20 av
1201 345 90 30 detta
1320 346 82 37 slag.
1443 345 13 29 I
1485 344 89 31 vissa
1602 344 61 30 fall
1691 344 115 30 kunde

317 395 54 32 det
392 405 84 21 vara
497 396 164 39 lämpligt,
683 401 49 26 att
753 397 191 39 avgifterna
967 398 243 39 disponerades
1232 398 55 29 för
1306 398 257 39 prisreduktion
1584 397 44 39 på
1648 397 158 39 återupp-

316 449 338 38 byggnadskrediter.
696 450 13 29 I
737 451 108 30 andra
874 450 62 31 fall
965 454 113 36 syntes
1104 461 41 20 en
1173 451 183 30 reduktion
1383 461 44 20 av
1455 451 90 30 vissa
1571 451 236 38 importpriser

316 502 118 30 kunna
457 502 264 39 ifrågakomma.
756 504 14 29 I
791 503 72 31 åter
885 504 111 30 andra
1017 504 61 30 fall
1099 522 44 4 —
1163 504 205 39 exempelvis
1392 504 55 30 för
1468 503 262 31 träindustriens
1753 504 52 29 del

315 572 43 4 —
379 557 115 37 syntes
517 556 10 29 i
551 555 107 31 första
681 557 96 30 hand
799 557 83 30 böra
906 558 188 38 övervägas
1118 561 47 27 att
1187 558 183 38 disponera
1395 558 135 29 medlen
1553 557 55 30 för
1630 557 175 30 allmänna

316 607 158 40 åtgärder
496 609 9 29 i
531 609 87 39 syfte
643 614 48 26 att
715 609 172 32 bibehålla
913 611 81 30 eller
1018 610 164 31 förkovra
1206 610 333 39 skogsnäringarnas
1564 610 241 39 produktions-

316 664 295 38 förutsättningar.

359 717 14 29 I
393 716 259 39 propositionen
674 726 41 20 nr
736 714 165 33 237/1946
925 716 220 40 återupptogs
1168 716 123 39 frågan
1314 727 57 20 om
1394 716 202 39 disposition
1619 726 42 21 av
1683 716 122 39 prisut-

315 770 376 38 jämningsavgifterna.
729 769 224 31 Beträffande
980 771 40 29 de
1044 770 109 30 under
1177 769 201 39 budgetåret
1407 767 142 33 1945/46
1574 769 149 31 influtna
1750 779 55 20 av-

316 822 146 39 gifterna
481 823 165 39 föreslogs
665 824 74 35 här,
760 827 47 28 att
830 825 35 28 11
888 824 161 38 miljoner
1068 824 129 29 kronor
1217 824 110 29 skulle
1345 824 151 29 avsättas
1516 823 50 30 till
1586 833 42 20 en
1647 823 87 30 fond
1752 823 54 30 för

315 876 478 39 skogsforskningsändamål,
817 877 19 30 5
860 876 160 39 miljoner
1041 877 129 29 kronor
1194 877 48 29 till
1267 876 126 31 sociala
1417 876 162 30 ändamål
1603 877 10 29 i
1637 876 169 30 samband

315 931 77 29 med
417 930 271 39 skogsnäringen
714 934 88 26 samt
829 929 195 31 återstoden
1050 930 186 30 tillsvidare
1260 929 164 30 fonderas
1450 929 55 30 för
1531 932 48 28 att
1606 929 200 39 disponeras

317 984 226 30 tillsammans
568 984 77 29 med
672 984 41 29 de
737 984 119 35 medel,
884 993 76 20 som
984 983 138 30 komme
1148 986 47 28 att
1222 983 122 39 inflyta
1373 982 86 31 efter
1485 983 65 30 den
1578 984 13 28 1
1620 983 62 38 juli
1712 983 92 30 1946.

315 1037 224 30 Beträffande
567 1037 212 30 sistnämnda
809 1036 110 30 medel
949 1036 172 36 anfördes,
1150 1039 48 28 att
1226 1036 108 38 några
1363 1037 162 29 närmare
1554 1036 169 38 riktlinjer
1751 1036 55 29 för

315 1090 152 30 medlens
490 1090 223 38 användning
737 1090 55 30 för
816 1090 54 31 det
895 1089 198 31 dåvarande
1118 1089 75 30 icke
1217 1090 107 29 borde
1348 1090 199 38 uppdragas
1569 1092 84 27 utan
1678 1092 48 28 att
1751 1089 55 29 det

314 1143 105 30 borde
447 1152 83 21 vara
557 1143 197 38 tillräckligt
780 1146 47 28 att
854 1143 119 35 uttala,
1002 1146 49 27 att
1076 1143 134 29 medlen
1237 1143 106 29 borde
1371 1143 200 38 disponeras
1598 1143 78 29 med
1703 1142 102 30 beak-

316 1197 100 29 tande
436 1205 43 21 av
498 1196 152 30 medlens
667 1203 173 32 ursprung
860 1196 65 29 och
945 1196 170 30 särskilda
1133 1196 175 30 karaktär.
1341 1196 53 29 En
1413 1205 94 20 mera
1528 1195 176 30 utformad
1722 1196 83 38 plan

314 1249 54 30 för
386 1249 268 38 användningen
674 1249 107 30 borde
800 1249 230 30 underställas
1051 1249 193 38 riksdagen.
1276 1249 132 29 Hinder
1428 1249 108 29 borde
1556 1249 89 29 dock
1664 1249 31 38 ej
1717 1249 87 29 före-

314 1302 89 39 ligga
424 1302 55 30 för
498 1303 122 38 Kungl.
643 1302 99 38 Maj:t
763 1307 48 26 att
831 1302 106 30 redan
958 1302 107 29 innan
1087 1302 90 30 detta
1198 1303 96 34 skett,
1317 1311 57 20 om
1394 1301 36 31 så
1452 1302 110 30 skulle
1582 1302 71 30 visa
1675 1302 49 38 sig
1745 1301 59 40 på-

313 1355 107 31 kallat
443 1355 56 30 för
523 1358 48 28 att
596 1355 153 30 undvika
774 1364 41 21 en
839 1355 97 39 eljest
960 1354 233 39 ofrånkomlig
1219 1355 144 38 höjning
1386 1365 43 20 av
1453 1355 155 39 priserna
1634 1355 20 30 å
1679 1354 125 39 sågade

312 1409 167 35 trävaror,
505 1409 159 30 använda
691 1418 42 20 en
758 1409 107 29 större
891 1409 81 29 eller
997 1409 134 29 mindre
1155 1409 52 29 del
1235 1418 43 20 av
1303 1408 264 39 avgiftsmedlen
1593 1408 56 30 för
1674 1409 129 29 utbeta-

312 1462 101 29 lande
440 1471 43 20 av
509 1462 405 38 prisutjämningsbidrag
942 1461 21 31 å
987 1462 165 29 trävaror.
1191 1457 93 34 Även
1311 1461 55 30 för
1392 1462 109 30 andra
1529 1461 274 39 clearinganord-

315 1515 122 39 ningar
458 1525 42 20 av
521 1515 226 39 prispolitiskt
768 1516 188 38 angelägen
976 1518 103 28 natur
1098 1515 106 31 borde
1224 1515 146 35 medlen,
1393 1525 55 20 om
1472 1514 36 31 så
1531 1516 167 38 prövades
1720 1516 82 30 nöd-

314 1568 151 39 vändigt,
488 1569 119 30 kunna
627 1568 36 31 få
684 1569 140 30 komma
847 1568 49 30 till
914 1568 235 39 användning.

355 1621 197 39 Riksdagen
574 1621 182 38 godkände
778 1621 121 39 Kungl.
925 1621 116 38 Maj:ts
1062 1621 128 39 förslag
1214 1621 10 30 i
1246 1621 228 31 förevarande
1497 1621 195 30 hänseende
1716 1622 87 29 dock

312 1674 78 30 med
414 1674 126 39 tillägg,
563 1679 48 27 att
633 1675 119 29 utöver
776 1674 148 39 angivna
948 1674 124 39 belopp
1096 1674 201 39 erforderlig
1321 1684 135 21 summa
1481 1675 111 30 skulle
1612 1675 117 30 ställas
1754 1675 49 29 till

312 1727 207 39 förfogande
540 1727 54 30 för
616 1727 202 39 föreningen
840 1727 54 30 för
916 1727 255 39 växtförädling
1194 1737 42 21 av
1258 1728 191 38 skogsträd,
1473 1728 242 30 motsvarande
1738 1727 66 30 vad

312 1789 73 22 som
412 1780 218 31 erfordrades
657 1780 55 30 för
739 1781 162 38 täckning
929 1790 44 21 av
998 1781 89 30 vissa
1114 1780 340 39 engångskostnader
1481 1781 55 30 för
1562 1781 240 39 nybyggnads-

311 1833 140 31 arbeten
473 1843 43 20 m.
536 1843 43 20 m.
600 1833 55 30 för
674 1843 43 20 en
734 1834 178 30 beräknad
931 1834 149 30 kostnad
1101 1844 43 20 av
1163 1835 64 29 553
1241 1835 64 29 000
1323 1834 138 30 kronor.

355 1887 133 30 Genom
511 1887 110 30 beslut
647 1887 65 30 den
741 1888 38 29 14
805 1887 72 38 juni
909 1888 84 29 1946
1017 1887 64 30 har
1107 1887 123 39 Kungl.
1259 1887 100 39 Maj:t
1386 1887 206 36 föreskrivit,
1618 1892 48 26 att
1693 1897 42 21 av
1762 1887 41 30 de

312 1940 119 36 medel,
460 1949 75 21 som
562 1940 108 30 under
696 1939 202 39 budgetåret
926 1938 143 32 1945/46
1095 1940 130 32 influtit
1249 1941 50 29 till
1327 1940 394 31 diversemedelsfonden
1749 1940 55 31 för

311 1993 433 39 prisutjämningsavgifter
776 1995 36 28 11
835 1994 56 29 000
906 1994 64 29 000
1000 1994 129 29 kronor
1160 1994 110 29 skulle
1300 1994 150 30 avsättas
1479 1994 49 29 till
1559 2003 42 21 en
1632 1994 85 30 fond
1748 1994 56 30 för

312 2045 365 40 forskningsändamål
701 2052 89 26 samt
817 2047 16 29 5
850 2047 63 30 000
927 2047 64 30 000
1018 2048 130 28 kronor
1175 2056 190 21 reserveras
1391 2047 55 30 för
1475 2047 127 30 sociala
1629 2046 173 36 ändamål,

312 2098 119 31 varvid
455 2100 41 29 de
519 2102 132 28 avsatta
672 2100 136 29 medlen
831 2100 110 30 skulle
964 2100 166 30 bokföras
1153 2100 55 30 för
1231 2100 49 38 sig
1305 2100 63 30 och
1395 2100 201 39 disponeras
1621 2101 10 29 i
1654 2100 148 39 enlighet

311 2152 77 30 med
410 2152 42 30 de
472 2152 256 30 bestämmelser
749 2153 122 38 Kungl.
892 2153 102 39 Maj:t
1014 2153 185 30 framdeles
1221 2153 77 30 ville
1319 2153 167 31 meddela.
1520 2153 199 31 Sedermera
1740 2154 64 29 har

315 2205 123 40 Kungl.
463 2206 101 39 Maj:t
586 2206 71 31 dels
680 2214 124 31 genom
827 2206 112 31 beslut
960 2206 67 31 den
1049 2207 19 30 5
1090 2206 62 39 juli
1179 2207 83 30 1946
1283 2207 182 31 förordnat
1485 2208 142 38 styrelse
1651 2207 54 31 för
1727 2207 75 30 fon-

311 2258 65 30 den
391 2258 55 31 för
460 2258 373 39 forskningsändamål,
851 2260 72 29 dels
939 2259 65 30 ock
1020 2267 123 31 genom
1157 2260 111 30 beslut
1283 2260 66 29 den
1365 2261 42 29 30
1424 2260 179 30 december
1621 2261 83 29 1946
1720 2260 81 30 fast-

314 2312 91 31 ställt
434 2313 252 39 grundstadgar
713 2313 54 30 för
794 2312 139 37 fonden,
962 2314 11 29 i
1001 2313 184 40 stadgarna
1213 2314 174 30 benämnd
1415 2313 144 31 Fonden
1586 2314 56 31 för
1670 2314 133 39 skoglig

313 2365 191 40 forskning.
530 2366 122 30 Vidare
676 2366 65 31 har
764 2366 122 39 Kungl.
913 2366 100 39 Maj:t
1037 2376 41 21 av
1103 2367 43 30 de
1168 2366 55 31 för
1247 2366 127 31 sociala
1399 2367 165 30 ändamål
1587 2367 216 31 reserverade

312 2419 135 30 medlen
467 2427 123 31 genom
606 2420 112 30 beslut
736 2420 66 30 den
823 2420 38 30 18
881 2421 144 30 oktober
1045 2421 83 29 1946
1145 2420 175 31 tillerkänt
1335 2420 466 40 sågverksindustriarbetar-

312 2480 63 21 nas
394 2472 153 30 erkända
568 2473 346 30 arbetslöshetskassa
934 2476 47 27 ett
1003 2473 120 40 bidrag
1146 2483 41 20 av
1213 2475 13 28 1
1243 2474 64 30 500
1320 2474 65 30 000
1406 2475 137 30 kronor.
