2206 2663
398 206 16 30 6
565 208 113 33 dudra
704 209 218 33 Kammarens
951 211 176 41 Tillfälliga
1157 212 138 33 Utskolts
1319 213 77 35 (N:o
1422 217 35 38 3)
1488 214 172 33 Utlåtande
1684 216 61 32 N:o
1769 219 51 29 24.

395 292 320 48 ganiskt-kemiska
758 296 331 47 sammansättning.
1147 297 219 48 Derigenom
1408 302 59 32 äro
1505 299 35 35 vi
1583 300 240 36 urståndsatta
1852 302 53 35 att
1933 302 55 35 för

395 347 238 49 bokföringen
664 349 37 35 af
729 350 82 35 våra
840 350 283 46 bränslevärden,
1153 352 139 36 hvilket
1318 354 42 47 ju
1389 354 111 35 måste
1529 367 83 23 vara
1641 357 53 34 ett
1723 356 263 48 oundgängligt

394 403 117 35 vilkor
554 403 55 36 för
652 404 194 36 utredande
890 405 64 35 och
998 406 287 36 kontrollerande
1314 408 37 35 af
1379 408 275 48 hushållningen
1687 411 80 34 med
1796 411 189 45 desamma,

395 457 177 49 uppställa
603 458 287 37 bränslekontots
919 460 191 36 debetsida.
1161 461 187 36 Likaledes
1376 463 111 35 sakna
1516 464 35 34 vi
1579 464 129 36 sådana
1729 465 159 36 kemiska
1909 479 78 22 ana-

393 512 95 48 lyser
530 514 45 46 på
609 513 42 35 de
681 513 93 36 olika
803 514 207 48 produkter,
1041 527 73 24 som
1147 517 220 47 uppkomma
1391 518 60 35 vid
1482 518 206 49 kolningen,
1719 521 54 34 att
1803 521 34 34 vi
1866 521 122 35 kunna

394 567 178 48 uppställa
602 568 286 36 bränslekontots
917 569 203 37 kreditsida.
1179 572 110 35 Detta
1318 574 86 45 gent
1433 575 97 33 emot
1559 574 60 35 det
1646 574 165 36 tekniska
1841 576 145 35 resulta-

394 624 54 33 tet
476 622 37 35 af
540 623 156 47 utbytet.
755 624 96 35 Gent
881 627 96 33 emot
1005 625 60 36 det
1094 625 230 37 ekonomiska
1352 630 37 32 är
1417 628 37 34 af
1485 628 76 47 vigt
1589 630 54 34 att
1671 629 178 36 dessutom
1870 630 116 36 känna

394 676 158 35 vilkoren
598 678 54 34 för
694 678 94 34 huru
828 691 184 35 processen
1053 680 91 34 skall
1172 680 95 35 ledas
1297 681 54 34 för
1379 684 54 32 att
1461 683 78 34 med
1571 683 130 35 minsta
1731 684 145 47 möjliga
1905 685 80 34 eko-

394 729 161 35 nomiska
579 731 247 48 uppoffringar
855 732 133 35 erhålla
1016 733 43 35 de
1088 733 54 35 för
1171 734 94 35 olika
1295 735 305 48 omständigheter
1629 737 250 36 värdefullaste
1908 750 77 36 pro-

394 784 177 35 dukterna
609 786 12 34 i
650 786 201 47 möjligaste
880 788 128 34 största
1037 788 180 48 mängder,
1276 790 78 34 Den
1386 791 213 44 erfarenhet,
1630 792 35 34 vi
1694 804 74 34 ega,
1799 792 64 35 har
1891 805 94 23 nem-

393 839 95 47 ligen
521 839 101 45 visat,
652 842 54 33 att
735 841 174 47 mängden
941 842 66 35 och
1038 842 288 37 beskaffenheten
1358 844 37 35 af
1414 845 159 35 erhållna
1593 845 391 50 destillationsproduk-

392 897 53 31 ter
486 896 59 32 äro
588 894 175 36 beroende
803 897 25 32 t.
875 908 51 22 ex.
973 896 37 35 af
1051 896 203 48 trädslaget,
1299 898 60 35 det
1396 898 55 35 för
1496 899 194 48 kolningen
1731 901 161 35 använda
1918 901 65 35 vir-

393 948 78 35 kets
507 948 254 47 torrhetsgrad,
797 950 77 35 dess
902 950 266 49 finfördelning,
1198 952 99 35 tiden
1327 953 54 35 för
1409 966 203 35 processens
1641 955 249 36 fullbordande
1919 956 66 35 och

393 1002 66 35 den
489 1003 9 34 i
530 1004 258 48 sammanhang
817 1005 144 35 dermed
989 1006 160 35 använda
1173 1008 263 47 temperaturen
1466 1021 47 23 m.
1545 1022 45 22 m.

499 1057 220 48 Visserligen
761 1063 102 42 göras
900 1072 61 31 nu,
992 1060 105 35 sedan
1124 1061 142 48 frågans
1290 1062 78 47 vigt
1396 1075 128 34 genom
1556 1064 207 35 förändrade
1793 1065 191 35 förhållan-

393 1111 67 35 den
505 1124 95 23 mera
629 1112 149 36 allmänt
808 1114 195 48 uppfattas,
1034 1115 37 35 af
1099 1115 158 36 enskilde
1287 1117 80 34 med
1397 1118 30 46 ej
1458 1118 102 47 ringa
1588 1119 247 47 uppoffringar
1865 1119 119 35 försök

391 1167 55 33 för
475 1166 77 34 dess
580 1167 205 47 utredning,
818 1180 79 22 men
928 1169 74 34 dels
1030 1169 127 35 saknas
1185 1170 55 34 för
1269 1171 115 35 dessas
1404 1172 232 47 fullständiga
1654 1173 65 35 och
1740 1173 243 47 konseqventa

394 1220 279 47 genomförande
715 1221 13 34 i
769 1221 196 36 allmänhet
994 1223 228 48 erforderliga
1252 1224 115 36 medel
1397 1226 64 34 och
1490 1226 103 35 äfven
1625 1226 158 44 intresse,
1815 1227 43 35 då
1887 1240 96 22 mera

391 1274 164 48 speciella
597 1275 171 48 spörsmål
811 1276 91 35 afses
945 1279 53 33 att
1040 1277 36 35 få
1118 1278 200 45 besvarade,
1358 1279 74 35 dels
1461 1280 49 35 bli
1539 1293 120 22 vunna
1688 1281 149 35 resultat
1865 1283 30 46 ej
1926 1282 54 34 be-

392 1328 224 47 kantgjorda,
656 1329 61 35 det
754 1330 178 35 allmänna
960 1331 57 34 till
1046 1344 106 34 gagn,
1183 1334 37 33 så
1249 1345 73 23 som
1354 1334 144 46 frågans
1527 1335 78 47 vigt
1633 1335 142 35 kräfver
1804 1336 66 35 och
1900 1348 81 23 vore

391 1382 169 48 förenligt
588 1383 81 35 med
697 1385 133 34 statens
859 1384 185 45 intressen,
1075 1386 30 47 ej
1138 1386 108 35 minst
1274 1387 12 34 i
1315 1387 77 36 dess
1422 1388 178 48 egenskap
1630 1389 37 35 af
1694 1389 139 36 landets
1854 1392 128 33 största

389 1436 211 47 skogsegare
634 1438 65 34 och
729 1450 102 35 egare
860 1438 55 35 till
946 1439 214 36 vidsträckta
1188 1440 141 48 skogar,
1359 1442 12 34 i
1399 1442 122 35 hvilka
1550 1456 61 31 nu,
1641 1445 46 46 på
1716 1444 118 47 grund
1863 1444 37 35 af
1928 1444 53 35 de-

391 1502 56 23 ras
482 1491 156 47 aflägsna
665 1491 78 48 läge
773 1493 65 34 och
855 1493 89 35 brist
958 1495 45 46 på
1019 1494 335 46 samfärdselmedel,
1386 1496 243 48 skogsaffallet
1657 1498 31 47 ej
1720 1498 64 35 alls
1814 1498 69 35 kan
1912 1498 69 35 till-

389 1545 205 46 godogöras.

494 1599 140 35 Jemför
672 1613 82 22 man
789 1601 42 35 de
864 1601 159 44 resultat,
1059 1614 87 33 som,
1178 1603 80 35 med
1287 1603 195 48 anledning
1510 1605 37 35 af
1575 1605 93 36 hvad
1694 1607 63 47 jag
1786 1607 63 35 här
1873 1607 106 35 ofvan

387 1653 150 48 påvisat,
568 1653 115 36 skulle
713 1654 122 35 kunna
864 1655 125 36 tänkas
1018 1656 139 48 framgå
1185 1670 42 21 ur
1256 1659 52 33 ett
1336 1659 245 47 systematiskt
1611 1660 65 35 och
1706 1662 45 46 på
1772 1661 207 48 vetenskap-

387 1707 72 47 liga
500 1708 156 47 grunder
694 1709 138 35 utfördt
870 1710 119 35 arbete
1024 1711 53 34 för
1107 1711 97 35 bästa
1234 1712 231 36 ekonomiska
1495 1714 308 47 tillgodogörande
1833 1716 37 34 af
1898 1717 82 33 våra

388 1762 316 48 skogsprodukter,
735 1763 80 35 med
844 1764 187 36 resultatet
1058 1765 12 34 1
1099 1766 67 34 den
1195 1765 112 36 ökade
1337 1766 280 50 virkestillgång,
1636 1781 75 23 som
1733 1769 114 35 skulle
1868 1769 112 36 blifva

389 1816 135 47 följden
563 1817 36 34 af
637 1829 42 23 en
711 1817 194 36 förbättrad
935 1818 205 48 skogsvård,
1171 1819 90 35 skall
1290 1833 82 22 man
1401 1821 118 36 säkert
1546 1822 78 36 icke
1653 1823 103 46 länge
1785 1823 107 36 tveka
1921 1836 58 22 om

389 1870 68 35 den
486 1874 78 43 väg,
595 1884 82 22 man
707 1872 63 34 har
794 1874 53 33 att
877 1873 154 44 beträda,
1063 1874 65 35 och
1157 1874 142 36 hvarest
1329 1875 190 36 kostnader
1548 1877 66 35 och
1634 1878 119 35 arbete
1773 1877 117 36 lemna
1911 1878 68 35 den

388 1924 221 48 ojemförligt
636 1928 137 33 svarast
802 1926 156 35 erhållna
988 1927 65 35 och
1082 1929 128 34 största
1239 1928 265 49 behållningen.

494 1979 109 35 Hvad
631 1991 77 23 som
737 1992 105 36 synes
871 1981 232 48 angelägnast
1131 1983 65 34 och
1226 1982 114 47 ligger
1369 1987 156 33 närmast
1553 1985 56 35 till
1638 1986 112 34 hands
1778 1989 37 32 är
1844 1986 135 35 således

387 2045 43 23 en
460 2033 249 48 vetenskaplig
738 2035 194 46 utredning
955 2037 45 46 på
1029 2038 134 33 statens
1191 2037 156 35 initiativ
1377 2039 64 34 och
1473 2039 196 36 bekostnad
1698 2040 64 35 och
1795 2040 81 35 med
1900 2041 78 34 dess

385 2087 187 47 befintliga
609 2088 268 48 vetenskapliga
915 2090 262 35 institutioners
1210 2091 156 49 tillhjelp
1396 2094 182 45 angående
1608 2094 94 35 olika
1730 2094 248 36 virkessorters

386 2142 358 47 sammansmältning
784 2143 37 34 af
857 2144 168 46 organisk
1061 2145 176 44 substans,
1268 2147 114 34 såsom
1414 2147 115 44 fibrin,
1560 2148 125 46 lignin,
1715 2149 149 43 bartser,
1894 2152 83 32 stär-

388 2195 107 41 kelse,
526 2196 123 35 socker
674 2209 45 22 m.
742 2197 48 44 fl.,
816 2200 92 32 samt
936 2198 98 35 dessa
1063 2202 146 32 ämnens
1237 2199 276 49 lösningsmedel
1541 2202 66 35 och
1628 2202 218 48 egenskaper
1866 2203 111 35 under

387 2249 94 35 olika
525 2250 245 36 förhållanden
811 2252 94 35 såväl
945 2265 75 22 som
1065 2253 489 49 sönderdelningsprodukter
1582 2256 61 35 vid
1671 2257 303 35 torrdestillation.

385 2304 74 35 Och
504 2304 44 35 då
591 2304 59 35 det
678 2308 37 32 är
744 2306 193 44 sannolikt,
968 2309 53 33 att
1051 2320 80 22 man
1161 2308 59 34 vid
1250 2320 42 22 en
1324 2308 100 48 dylik
1454 2310 268 48 undersökning
1751 2311 87 35 skall
1870 2311 108 35 vinna
