1892 2834
284 161 42 30 26
682 167 119 31 Andra
821 168 237 37 lagutskottets
1078 169 176 31 utlåtande
1273 169 49 30 Nr
1347 172 50 30 35.

422 249 141 38 (Kungl.
584 251 117 37 Maj:ts
719 252 160 37 förslag.)
1231 254 207 33 (Utskottets
1457 254 159 38 förslag.)

288 317 78 36 den,
388 327 72 20 som
479 319 65 29 har
565 318 199 32 vårdnaden
785 330 57 20 om
863 321 129 36 barnet,
1014 322 173 31 meddelat
1206 322 129 30 förbud
1355 323 166 30 däremot.
1543 323 139 31 Förbud
1704 324 88 29 skall

290 367 56 31 för
365 371 47 27 att
432 378 82 21 vara
534 370 158 35 gällande
712 371 9 29 i
742 371 150 36 skriftlig
912 372 90 30 form
1022 372 170 31 tillställas
1213 372 175 31 skolrådet
1413 373 378 39 (folkskolestyrelsen),

289 419 140 30 skolans
453 419 246 38 föreståndare,
725 422 231 30 klassläraren
980 423 81 29 eller
1087 432 176 29 ymparen.

335 469 181 38 Ympning,
541 480 120 21 varom
665 465 23 50 i
716 471 111 31 första
849 473 130 36 stycket
1002 474 87 35 sägs,
1114 474 97 36 skall,
1236 475 64 29 där
1322 474 123 31 hinder
1467 474 31 37 ej
1524 476 119 35 möter,
1667 476 124 29 anord-

286 528 64 22 nas
377 530 41 21 en
443 520 88 38 gång
558 521 96 37 varje
677 522 102 31 läsår.
827 523 104 30 Minst
957 523 134 37 fjorton
1116 525 107 36 dagar
1248 525 109 30 innan
1381 525 212 37 ympningen
1620 526 39 30 är
1682 529 107 27 utsatt

289 569 50 27 att
360 568 62 34 äga
443 577 77 20 rum
541 568 88 30 skall
649 577 123 27 genom
794 569 135 37 försorg
948 579 42 21 av
1012 570 174 31 skolrådet
1213 570 362 41 (folkskolestyrelsen)
1603 573 79 29 eller
1703 572 88 30 före-

288 616 184 31 ståndaren
499 619 56 30 för
581 628 115 22 annan
722 620 99 30 skola
846 621 44 29 än
916 621 174 30 folkskola
1116 622 71 29 dels
1213 622 205 36 kungörelse
1443 623 122 29 därom
1590 623 164 36 uppläsas
1781 623 9 29 i

288 667 266 37 församlingens
574 669 111 37 kyrka
704 671 65 29 och
789 671 132 35 intagas
940 672 10 29 i
970 671 215 37 ortstidning,
1206 673 72 29 dels
1299 673 64 29 ock
1383 673 162 35 skriftligt
1564 674 228 29 meddelande

288 718 135 31 lämnas
451 719 75 36 den,
555 729 74 20 som
655 720 62 30 har
744 719 200 32 vårdnaden
971 731 58 20 om
1056 722 211 37 skolpliktigt
1296 723 96 35 barn,
1421 723 103 31 vilket
1549 723 32 36 ej
1609 723 182 37 undergått

289 769 158 30 verksam
475 770 179 38 ympning.

996 840 74 37 838.

330 895 172 37 Ympning
523 896 60 31 må
604 896 30 37 ej
658 897 214 36 verkställas,
895 898 61 30 där
979 899 56 29 det
1058 898 51 30 till
1130 898 88 37 följd
1241 909 42 20 av
1306 898 172 37 sjukdom,
1501 899 287 37 sjukdomsanlag

281 945 88 30 eller
394 946 128 30 allmän
551 948 140 35 svaghet
716 948 65 30 hos
808 949 76 35 den,
912 958 76 21 vars
1014 950 175 36 ympande
1215 949 272 37 ifrågakommit,
1517 951 81 30 eller
1624 951 164 36 sjukdom

284 996 83 30 eller
387 995 285 39 sjukdomsanlag
691 998 10 29 i
723 999 89 30 hans
833 999 197 37 omgivning
1052 999 113 31 finnes
1186 1000 186 37 anledning
1392 1001 130 36 befara,
1545 1004 49 28 att
1615 1002 70 30 han
1706 1002 83 30 eller

281 1055 121 21 annan
422 1047 159 30 kommer
602 1051 49 27 att
670 1048 70 31 lida
760 1058 81 20 men
862 1050 115 30 därav.

996 1135 20 28 9
1040 1134 29 35 8.

330 1187 65 31 Vid
416 1189 253 31 verkställande
690 1200 41 21 av
753 1191 168 37 ympning
941 1193 98 36 skall,
1061 1192 51 31 till
1133 1193 194 30 utrönande
1349 1203 42 21 av
1411 1194 75 30 dess
1506 1194 140 37 verkan,
1668 1203 120 30 ympa-

285 1248 72 27 ren,
378 1240 77 29 med
476 1239 221 37 iakttagande
717 1251 43 21 av
781 1242 67 30 vad
869 1242 11 30 i
902 1243 37 29 14
961 1244 18 36 8
1001 1243 110 30 andra
1133 1244 131 37 stycket
1286 1245 86 36 sägs,
1394 1245 127 30 utsätta
1542 1245 49 30 tid
1613 1246 64 29 och
1699 1246 89 36 plats

283 1289 58 30 för
363 1289 195 38 besiktning
581 1301 42 20 av
646 1292 65 29 den
732 1292 161 37 ympade.
927 1292 200 37 Besiktning
1148 1294 201 31 verkställes
1371 1304 42 21 av
1435 1304 168 27 ymparen
1626 1296 79 30 eller
1728 1305 59 21 an-

284 1349 82 27 nan,
389 1350 72 20 som
483 1342 198 30 förordnats
703 1345 49 28 att
774 1343 184 30 verkställa
981 1342 109 32 sådan
1111 1344 206 36 besiktning.
1352 1344 143 32 Särskilt
1518 1346 190 31 förordnad
1731 1347 56 29 be-

284 1391 356 36 siktningsförrättare
661 1392 87 31 skall
770 1392 248 37 ofördröjligen
1040 1393 50 31 till
1112 1403 167 29 ymparen
1302 1396 145 30 insända
1468 1396 95 31 bevis
1585 1406 56 21 om
1662 1397 125 30 besikt-

284 1442 127 35 ningen
440 1443 64 29 och
532 1443 68 30 vad
628 1442 121 31 därvid
779 1442 172 37 framgått.

328 1492 98 31 Visar
447 1493 49 36 sig
517 1493 58 30 vid
595 1493 206 37 besiktning,
824 1497 48 27 att
892 1495 213 36 ympningen
1126 1494 75 32 icke
1223 1495 101 37 slagit
1345 1505 54 27 an,
1420 1498 65 29 och
1507 1497 110 30 bliver
1636 1497 57 31 vid
1716 1498 68 30 för-

282 1544 94 35 nyad
395 1544 168 36 ympning
583 1544 94 30 inom
697 1547 46 28 ett
763 1544 40 31 år
823 1544 79 31 från
923 1546 66 29 den
1009 1545 96 31 förra
1125 1546 213 37 ympningen
1360 1548 129 30 verkan
1509 1548 193 36 enahanda,
1726 1558 59 21 an-

282 1602 53 21 ses
354 1595 158 29 verksam
532 1595 168 36 ympning
717 1595 138 30 ändock
872 1596 89 30 hava
979 1596 57 36 ägt
1054 1606 87 20 rum.

328 1644 83 35 Den,
435 1654 74 20 som
532 1648 138 33 ympats
695 1646 79 29 med
799 1646 76 30 stöd
898 1656 42 20 av
963 1646 307 32 bestämmelserna
1293 1647 11 30 i
1327 1648 20 30 3
1373 1648 18 37 8
1416 1648 109 32 första
1548 1650 132 36 stycket
1703 1650 82 30 eller

281 1693 20 30 5
326 1695 18 35 8
368 1694 108 31 första
499 1696 143 35 stycket,
667 1705 79 21 vare
769 1695 34 37 ej
830 1696 120 37 pliktig
973 1700 49 28 att
1045 1697 154 37 undergå
1223 1698 206 37 besiktning.

986 1782 39 29 10
1048 1781 29 35 8.

327 1836 66 31 Om
416 1838 168 36 ympning
608 1839 64 29 och
698 1838 76 31 dess
800 1840 129 30 verkan
953 1840 104 37 enligt
1081 1840 176 37 företagen
1281 1841 196 37 besiktning
1501 1843 89 30 skall
1615 1853 168 27 ymparen

278 1888 85 35 göra
385 1888 207 37 anteckning
614 1888 10 30 i
645 1889 148 30 särskild
814 1890 336 37 ympningsjournal,
1171 1893 189 35 upprättad
1381 1893 103 36 enligt
1505 1893 179 37 formulär,
1708 1903 75 21 som

280 1937 185 31 fastställes
489 1948 42 21 av
555 1939 362 37 medicinalstyrelsen.

329 1987 140 36 Uppgift
493 1998 57 20 om
575 1989 176 37 ympning,
778 2000 75 20 som
876 1991 108 30 under
1008 1994 46 28 ett
1077 1992 205 31 kalenderår
1307 1993 193 31 verkställts
1524 1993 45 38 på
1593 1994 93 31 förut
1710 1995 75 30 icke

282 2039 174 29 verksamt
476 2040 131 37 ympad
629 2049 132 28 person,
784 2041 88 30 skall
894 2042 72 29 före
987 2042 66 30 den
1079 2042 38 30 10
1139 2042 282 37 nästpåföljande
1440 2043 138 37 januari
1600 2054 42 21 av
1664 2054 119 28 ympa-

280 2098 62 21 ren
365 2097 120 28 genom
509 2091 125 35 utdrag
655 2100 41 21 av
719 2090 370 39 ympningsjournalen
1112 2092 164 31 insändas
1301 2093 50 31 till
1375 2095 285 35 pastorsämbetet
1683 2096 10 29 i
1717 2096 66 30 den

282 2139 211 38 församling,
521 2141 65 30 där
610 2142 66 29 den
702 2142 150 36 ympade
877 2144 37 29 är
938 2142 275 37 kyrkobokförd,
1241 2144 65 30 och
1334 2145 63 30 har
1423 2146 285 35 pastorsämbetet
1735 2149 49 27 att

278 2190 249 37 ofördröjligen
556 2192 10 29 i
594 2191 336 37 församlingsboken
958 2194 81 35 göra
1069 2194 208 36 anteckning
1305 2204 57 21 om
1388 2196 213 36 ympningen
1630 2197 64 30 och
1721 2197 61 30 sist

278 2241 67 30 den
363 2242 38 29 31
425 2241 139 37 januari
587 2242 145 31 insända
754 2243 159 36 utdraget
936 2244 47 30 till
1006 2244 273 36 tjänsteläkaren
1301 2245 10 30 i
1332 2248 106 29 orten.

983 2329 36 29 11
1045 2325 32 39 8.

322 2383 87 30 Före
429 2383 138 36 januari
587 2384 145 32 månads
751 2385 131 37 utgång
901 2386 87 30 skall
1008 2387 273 36 pastorsämbete
1303 2387 51 30 till
1373 2387 336 33 hälsovårdsnämnd
1730 2390 50 30 in-

276 2433 111 30 sända
410 2433 218 38 förteckning
650 2436 80 29 över
750 2436 42 30 de
815 2436 97 36 barn,
935 2446 73 21 som
1032 2437 112 30 under
1164 2437 286 37 nästföregående
1474 2439 206 32 kalenderår
1702 2440 79 36 fyllt

275 2482 61 32 två
364 2482 39 32 år
431 2494 78 21 men
539 2485 77 30 icke
643 2486 183 36 undergått
855 2487 158 30 verksam
1043 2488 177 36 ympning.
1274 2488 390 32 Hälsovårdsnämnden
1691 2490 90 31 skall
