1892 2832
268 141 42 30 80
610 142 286 31 Statsutskottets
917 144 178 30 utlåtande
1116 152 43 22 nr
1180 145 62 29 128
1263 145 40 30 år
1324 145 84 30 1968

315 220 36 35 8)
381 221 58 30 vid
454 221 159 40 punkten
631 223 18 29 9
672 222 335 37 (Fältverksamhet)
1028 224 222 31 beträffande
1309 226 445 39 exportfrämjande

271 275 205 31 bistånd
503 286 43 21 av
562 277 121 30 herrar
703 276 118 40 Virgin
844 277 72 35 (h),
933 278 86 30 Axel
1035 278 202 30 Andersson
1261 279 88 41 (fp),
1365 279 140 41 Kaijser
1527 280 72 35 (h),
1616 281 137 39 Nyman

277 329 87 41 (fp),
386 330 175 40 Bengtson
591 331 90 40 (cp),
706 331 165 30 Ottosson
901 332 71 35 (h),
996 332 135 31 Sundin
1161 333 91 40 (cp),
1275 333 158 31 Bohman
1464 334 70 35 (h),
1559 334 160 30 Eliasson
1743 336 10 29 i

273 384 184 30 Sundborn
480 385 90 40 (cp),
586 385 156 40 Nihlfors
765 386 87 40 (fp),
871 386 207 40 Gustafsson
1096 388 11 29 i
1125 388 187 30 Skellefteå
1334 388 86 40 (fp),
1438 388 202 30 Antonsson
1663 389 89 40 (cp),

273 438 131 29 Ullsten
432 439 71 40 (fp)
528 440 65 29 och
613 440 184 29 Petersson
824 441 56 34 (h)
907 451 74 21 som
1002 451 102 20 anser
1125 443 50 29 att
1196 443 171 30 utskottet
1387 443 77 30 bort
1485 444 177 39 tillstyrka
1682 453 72 20 mo-

274 493 157 30 tionerna
450 493 28 31 I:
494 493 62 31 865
575 494 66 30 och
660 495 45 30 II:
724 495 92 34 1119,
837 495 103 30 såvitt
959 505 48 21 nu
1026 496 38 30 är
1082 496 12 30 i
1112 496 109 40 fråga,
1240 496 65 31 och
1324 498 49 29 att
1393 497 119 30 därför

316 546 72 29 dels
406 547 56 29 det
479 548 119 38 stycke
615 548 10 28 i
642 549 189 29 utskottets
847 549 161 39 yttrande
1025 550 45 39 på
1086 559 26 20 s.
1129 550 41 29 42
1189 559 75 20 som
1280 551 119 39 börjar
1416 551 79 29 med
1514 551 94 30 »Vad
1625 552 126 38 gäller»

271 600 65 30 och
356 601 109 29 slutar
483 601 81 30 med
585 601 247 32 »u-ländernas
851 603 395 41 marknadsplanering»
1268 604 77 30 bort
1365 605 46 29 ha
1430 604 156 38 följande
1606 605 146 40 lydelse:

317 666 15 17 »
337 655 66 30 Vid
421 655 99 30 sidan
539 665 41 21 av
598 656 56 30 det
673 656 77 30 stöd
768 657 79 30 från
866 657 126 30 svensk
1009 658 75 30 sida
1100 657 53 31 till
1170 658 317 38 exportfrämjande
1505 659 157 37 åtgärder
1679 669 75 21 som

267 709 216 30 kanaliseras
505 717 124 33 genom
651 710 70 31 ITC
743 710 96 31 finns
861 711 58 30 det
941 712 193 30 emellertid
1155 712 190 41 anledning
1367 714 52 29 att
1442 713 313 40 uppmärksamma

268 763 166 30 områden
460 764 63 30 där
546 764 183 31 bilaterala
752 765 323 41 biståndsåtgärder
1101 766 80 31 med
1207 766 112 31 fördel
1346 767 71 30 kan
1443 767 108 30 sättas
1578 767 47 31 in.
1653 767 102 31 Detta

267 817 106 40 gäller
399 818 208 41 exempelvis
634 819 507 41 marknadsundersökningar,
1170 820 230 41 experthjälp,
1428 821 228 31 individuella
1684 823 71 29 stu-

271 872 73 28 dier
374 872 82 28 eller
488 873 282 29 sammanhållna
799 873 125 29 kurser
954 874 12 28 i
995 874 465 39 marknadsföringsteknik,
1491 876 263 38 -organisation,

270 925 318 30 kvalitetskontroll
606 927 62 29 etc.
688 926 175 30 Utskottet
880 926 154 31 biträder
1051 926 120 32 därför
1189 927 279 32 motionärernas
1487 928 131 41 förslag
1635 938 57 21 om
1710 938 43 22 en

271 979 176 30 anmodan
465 980 53 30 till
537 980 126 40 Kungl.
683 981 105 39 Maj:t
808 982 50 29 att
877 982 169 39 överväga
1065 981 124 40 frågan
1208 991 58 21 om
1285 984 48 29 ett
1352 983 140 30 institut
1511 983 12 30 i
1543 983 136 40 Sverige
1698 984 55 30 för

268 1033 225 31 u-ländernas
511 1035 386 40 marknadsplanering,
918 1044 75 21 som
1012 1035 55 31 för
1086 1036 112 40 övrigt
1216 1036 164 31 berördes
1400 1037 11 29 i
1431 1037 67 30 den
1518 1038 237 39 expertutred-

267 1087 84 41 ning
369 1087 38 31 år
428 1087 83 32 1966
531 1097 75 22 som
624 1088 56 41 låg
698 1089 52 30 till
771 1089 113 40 grund
904 1089 55 31 för
979 1089 136 32 SIDA:s
1136 1090 403 41 anslagsframställning
1561 1100 135 22 samma
1716 1092 38 30 år

267 1141 56 30 för
340 1141 185 31 inledande
543 1143 224 30 verksamhet
786 1143 46 41 på
850 1143 95 30 detta
963 1144 153 30 område.
1137 1144 58 30 Ett
1215 1144 127 31 sådant
1360 1145 141 30 institut
1518 1145 107 31 borde
1644 1146 111 40 lämp-

267 1195 91 40 ligen
377 1195 143 31 komma
537 1196 53 30 till
610 1196 103 30 stånd
733 1204 124 32 genom
877 1199 48 28 ett
946 1198 194 30 samarbete
1160 1198 129 30 mellan
1310 1199 140 40 statliga
1470 1207 117 32 organ,
1609 1200 146 40 Export-

267 1249 215 40 föreningen,
504 1250 456 40 importorganisationerna
981 1251 66 30 och
1069 1252 111 30 andra
1201 1252 228 31 intressenter
1452 1253 65 30 och
1541 1254 214 39 sakkunnig-

267 1311 118 32 organ.
405 1303 99 31 SIDA
522 1303 63 31 bör
602 1304 107 40 enligt
725 1304 189 31 utskottets
933 1305 142 40 mening
1093 1305 37 31 få
1148 1306 127 40 Kungl.
1294 1306 125 38 Maj:ts
1439 1307 160 41 uppdrag
1618 1309 51 29 att
1687 1308 68 30 till-

268 1366 178 21 sammans
464 1358 80 29 med
562 1358 101 29 dessa
681 1366 108 31 organ
807 1358 89 40 ånyo
916 1359 123 30 utreda
1057 1359 66 29 och
1142 1360 194 40 framlägga
1355 1360 132 40 förslag
1504 1362 12 29 i
1536 1361 154 40 frågan.»

314 1410 73 30 dels
403 1411 188 30 utskottets
605 1411 211 30 hemställan
829 1412 112 30 under
957 1412 28 30 7.
999 1412 77 31 bort
1090 1412 46 31 ha
1150 1413 157 40 följande
1321 1414 146 40 lydelse:

637 1465 50 30 »7.
709 1467 50 28 att
780 1466 188 40 riksdagen
989 1466 138 31 bifaller
1148 1467 221 31 motionerna
1390 1469 29 30 1:
1434 1468 62 31 865
1520 1470 66 29 och
1608 1470 45 30 II:
1671 1470 82 30 1119

585 1520 11 29 i
622 1520 67 29 vad
715 1520 41 29 de
783 1529 98 21 avser
908 1521 187 39 utredning
1121 1530 56 21 om
1204 1524 48 27 ett
1277 1522 141 30 institut
1446 1523 54 30 för
1528 1524 225 30 u-ländernas

590 1573 377 41 marknadsplanering
994 1575 65 29 och
1087 1582 58 32 ger
1174 1575 125 40 Kungl.
1329 1576 105 39 Maj:t
1462 1577 53 29 till
1543 1577 118 30 känna
1688 1578 66 30 vad

590 1627 171 30 utskottet
776 1627 147 35 anfört,»

315 1733 36 34 9)
380 1734 58 29 vid
451 1734 158 39 punkten
626 1735 19 28 9
666 1735 335 34 (Fältverksamhet)
1021 1735 222 31 beträffande
1270 1736 484 41 flyktingverksam-

269 1787 80 30 het

315 1895 36 33 a)
381 1904 42 20 av
443 1895 121 29 herrar
585 1895 86 29 Axel
691 1895 202 29 Andersson
921 1896 86 39 (fp),
1029 1897 137 38 Nyman
1194 1897 87 39 (fp),
1302 1897 176 39 Bengtson
1506 1898 90 40 (cp),
1617 1898 136 30 Sundin

276 1947 91 41 (cp),
384 1948 161 29 Eliasson
564 1949 11 29 i
594 1949 185 30 Sundborn
802 1949 90 40 (cp),
911 1949 156 40 Nihlfors
1091 1950 87 40 (fp),
1198 1950 208 40 Gustafsson
1425 1952 11 29 i
1456 1952 186 31 Skellefteå
1666 1952 87 41 (fp),

269 2001 201 30 Antonsson
498 2002 75 40 (cp)
598 2002 65 30 och
686 2003 132 29 Ullsten
845 2003 71 40 (fp)
944 2012 74 21 som
1040 2004 111 29 under
1173 2004 253 41 förutsättning
1448 2015 42 20 av
1509 2006 99 30 bifall
1629 2007 52 29 till
1702 2016 52 20 re-

271 2056 219 29 servationen
509 2056 18 29 3
547 2065 19 20 a
585 2066 102 20 anser
706 2059 49 26 att
775 2057 170 29 utskottet
963 2057 78 30 bort
1059 2058 178 39 tillstyrka
1254 2059 220 30 motionerna
1494 2060 28 29 1:
1539 2060 61 30 865
1621 2061 66 29 och
1706 2061 45 29 II:

273 2110 82 29 1119
371 2110 11 29 i
395 2110 67 29 vad
476 2110 41 29 de
532 2120 99 20 avser
645 2111 199 39 ytterligare
858 2111 122 39 bidrag
994 2112 53 29 till
1061 2112 150 30 UNHCR
1226 2113 65 28 och
1306 2113 167 30 UNRWA
1488 2114 65 29 och
1569 2116 49 28 att
1633 2114 120 30 därför

315 2163 72 29 dels
409 2163 67 30 den
497 2163 54 30 del
573 2173 42 20 av
635 2165 188 29 utskottets
844 2165 162 39 yttrande
1029 2175 74 20 som
1124 2166 45 39 på
1191 2175 25 20 s.
1237 2166 41 29 43
1300 2166 119 40 börjar
1441 2167 79 29 med
1544 2168 69 29 »De
1635 2168 30 29 i»
1689 2168 64 30 och

270 2216 44 41 på
332 2226 25 21 s.
375 2216 41 30 44
434 2217 110 30 slutar
561 2217 79 30 med
659 2217 205 31 »afrikansk
882 2218 371 41 flyktingutbildning»
1273 2219 78 30 bort
1368 2220 46 30 ha
1431 2220 157 40 följande
1605 2221 145 41 lydelse:

317 2271 119 29 >»Inom
454 2271 67 30 den
540 2271 211 31 förändrade
770 2273 218 39 anslagsram
1007 2273 54 30 för
1080 2273 204 39 budgetåret
1306 2273 159 37 1968/69,
1488 2284 74 20 som
1581 2276 170 30 utskottet

269 2325 170 39 tillstyrkt
461 2326 58 29 vid
541 2326 54 29 sin
617 2326 212 39 behandling
851 2336 42 19 av
914 2327 282 39 långtidsplanen
1219 2327 111 30 under
1352 2329 159 38 punkten
1534 2329 17 29 5
1576 2338 89 21 ovan
1687 2330 65 29 och

271 2388 75 21 som
368 2379 144 30 innebär
534 2389 43 20 en
598 2379 148 40 höjning
768 2390 43 20 av
832 2380 166 39 anslagen
1019 2381 53 30 till
1094 2381 361 40 utvecklingsbistånd
1476 2383 80 29 med
1581 2383 59 30 100
1664 2384 87 40 milj.

271 2432 52 30 kr.
342 2434 121 29 utöver
480 2433 126 39 Kungl.
625 2433 124 40 Maj:ts
769 2433 140 40 förslag,
928 2434 96 30 finns
1043 2436 174 38 utrymme
1236 2436 87 29 även
1341 2435 54 30 för
1413 2436 199 40 ytterligare
1630 2437 122 40 bidrag

269 2486 53 30 till
337 2486 308 40 flyktinghjälpen.
