1892 2831
269 162 41 31 68
611 159 286 31 Statsutskottets
918 157 179 31 utlåtande
1117 166 43 20 nr
1182 156 61 30 128
1265 156 40 30 år
1326 155 83 30 1968

317 242 77 29 Med
417 240 188 40 anledning
628 249 42 21 av
692 240 57 30 det
773 239 11 30 i
807 239 177 30 motionen
1008 238 28 30 1:
1053 237 61 30 867
1140 236 196 31 framförda
1358 235 172 40 yrkandet
1555 235 49 29 att
1629 232 125 40 Kungl.

273 296 105 40 Maj:t
403 297 53 29 tar
480 295 151 30 initiativ
654 295 52 29 till
731 303 43 20 en
800 293 225 39 samordning
1048 292 129 30 mellan
1203 291 41 30 de
1269 290 167 30 nordiska
1461 289 168 30 länderna
1653 288 12 29 i
1688 287 68 30 vad

272 360 98 21 avser
391 351 158 39 reglerna
570 349 54 30 för
646 347 405 40 investeringsgarantier
1072 346 59 30 vill
1153 346 170 29 utskottet
1345 344 115 30 erinra
1481 352 57 21 om
1560 344 50 28 att
1632 341 123 40 frågan

273 415 56 20 om
350 403 407 41 investeringsgarantier
778 402 145 40 tidigare
944 401 98 30 blivit
1064 400 125 30 utredd
1210 399 45 40 på
1276 399 145 30 nordisk
1442 397 93 30 basis
1558 406 42 21 av
1621 405 43 21 en
1686 396 70 30 sär-

273 460 91 29 skild
388 459 240 39 arbetsgrupp,
655 467 75 20 som
754 456 134 31 arbetat
912 456 95 29 inom
1030 464 122 20 ramen
1176 454 55 29 för
1256 454 57 29 det
1337 453 228 40 permanenta
1589 450 168 30 nordiska

273 514 229 30 ekonomiska
523 512 376 31 samarbetsutskottet.
921 510 86 30 Dess
1028 510 143 39 rapport
1193 507 224 31 avlämnades
1440 514 198 22 sommaren
1663 504 93 30 1966.

273 568 283 40 Tyngdpunkten
577 568 11 29 i
609 567 114 30 denna
744 566 55 39 låg
819 565 58 30 vid
899 564 130 39 förslag
1050 564 52 29 till
1124 563 178 38 lösningar
1323 561 45 40 på
1390 561 41 30 de
1453 560 126 39 många
1600 558 157 41 problem

273 632 43 21 av
342 623 126 29 främst
494 622 141 30 teknisk
662 622 104 28 natur
795 629 74 20 som
896 620 38 28 är
961 618 233 39 förknippade
1221 617 80 29 med
1328 615 189 30 nationella
1545 615 130 38 system
1702 612 55 30 för

273 676 416 40 investeringsgarantier.
716 675 12 29 I
754 675 66 29 den
844 673 167 30 nordiska
1034 673 189 39 rapporten
1248 670 173 30 uttalades
1447 668 105 31 också
1576 663 182 48 önskemål

274 742 57 20 om
349 733 51 29 att
417 731 70 31 viss
506 730 226 39 samordning
751 729 113 29 skulle
882 728 142 29 komma
1042 727 52 29 till
1114 726 103 30 stånd
1236 725 128 30 mellan
1382 723 190 31 nationella
1590 721 168 30 nordiska

274 788 132 38 system
427 786 65 30 och
514 786 50 29 att
586 793 82 21 man
690 784 106 29 borde
818 782 207 30 eftersträva
1048 781 128 29 största
1199 779 144 40 möjliga
1365 777 241 39 likformighet
1628 775 54 30 för
1705 776 53 29 ut-

274 841 171 30 färdande
471 849 43 21 av
540 839 174 40 garantier
742 838 64 29 och
832 837 171 30 villkoren
1030 835 54 29 för
1112 835 111 29 dessa.
1252 834 49 29 De
1329 833 178 29 allmänna
1534 830 225 40 riktlinjerna

275 895 54 28 för
352 895 57 28 det
432 893 148 29 svenska
604 892 183 39 systemets
811 889 218 38 utformning
1052 888 136 39 bygger,
1213 887 106 38 enligt
1343 887 41 28 de
1407 884 253 40 upplysningar
1684 892 75 20 som

275 948 151 30 lämnats
445 947 180 33 utskottet,
646 945 127 30 liksom
792 944 42 30 de
853 942 217 31 existerande
1090 941 135 31 danska
1245 940 65 30 och
1328 939 130 31 norska
1479 939 175 39 systemen
1673 937 12 30 i
1702 936 57 31 vä-

275 1002 147 40 sentliga
447 1001 194 30 avseenden
667 1000 45 39 på
738 1000 66 29 den
830 998 154 29 nämnda
1010 996 167 30 nordiska
1203 994 242 39 utredningen.
1473 992 116 39 Enligt
1614 991 66 30 vad
1706 992 53 28 ut-

276 1057 129 29 skottet
427 1056 118 29 vidare
569 1054 122 30 erfarit
715 1054 37 28 är
777 1052 158 30 avsikten
959 1052 50 29 att
1033 1050 159 39 tillämpa
1216 1050 47 28 ett
1288 1046 287 31 återkommande
1599 1045 160 29 nordiskt

276 1109 365 32 samrådsförfarande
667 1108 128 29 mellan
820 1107 41 29 de
887 1113 107 32 organ
1020 1105 11 29 i
1056 1103 147 30 berörda
1228 1102 121 30 länder
1375 1110 75 21 som
1475 1101 64 29 har
1564 1099 196 39 befattning

275 1165 80 30 med
378 1163 209 31 hithörande
611 1162 117 39 frågor
753 1161 44 40 på
821 1160 165 30 liknande
1011 1159 69 29 sätt
1105 1167 75 20 som
1204 1157 108 29 redan
1338 1156 79 38 äger
1441 1164 80 20 rum
1545 1154 11 29 i
1580 1153 99 39 fråga
1703 1162 58 20 om

276 1218 286 41 exportkrediter.
583 1216 176 31 Utskottet
779 1215 59 29 vill
859 1215 11 29 i
889 1214 94 29 detta
1005 1211 255 38 sammanhang
1280 1209 106 30 också
1407 1208 115 30 erinra
1543 1217 57 20 om
1620 1207 57 30 det
1697 1215 63 21 un-

277 1273 60 29 der
354 1272 160 41 punkten
532 1272 18 29 2
569 1279 89 21 ovan
676 1268 155 31 nämnda
848 1267 149 30 beslutet
1015 1266 58 29 vid
1092 1262 487 33 statsministerkonferensen
1596 1261 12 29 i
1625 1260 137 40 Köpen-

276 1328 108 28 hamn
406 1326 67 29 den
496 1324 127 31 22—2923
647 1323 88 40 april
758 1324 49 28 att
829 1322 71 29 låta
922 1320 123 30 utreda
1067 1319 125 39 frågan
1214 1327 57 21 om
1294 1317 91 30 ökad
1409 1315 225 39 samordning
1657 1324 42 20 av
1720 1313 41 30 de

277 1380 167 31 nordiska
457 1379 187 29 ländernas
659 1375 285 40 biståndspolitik
957 1374 175 39 gentemot
1146 1372 218 29 u-länderna.

320 1433 152 30 Därmed
495 1432 98 30 torde
617 1431 106 39 syftet
746 1430 80 29 med
849 1428 177 30 motionen
1050 1427 28 29 I:
1095 1426 61 30 867
1183 1425 103 30 såvitt
1309 1433 48 20 nu
1381 1424 38 29 är
1443 1423 11 30 i
1477 1422 100 40 fråga
1600 1422 36 29 få
1660 1430 101 21 anses

277 1497 83 21 vara
373 1487 223 40 tillgodosett,
610 1484 118 31 varför
743 1483 177 30 motionen
934 1481 105 30 också
1053 1481 11 28 i
1077 1480 114 29 denna
1206 1479 54 29 del
1275 1478 170 39 avstyrks.

319 1542 176 31 Utskottet
512 1539 203 30 hemställer

641 1593 27 29 1.
690 1593 48 29 att
758 1590 189 39 riksdagen
965 1588 79 30 med
1063 1587 100 31 bifall
1182 1587 53 29 till
1254 1585 127 40 Kungl.
1401 1584 124 40 Maj:ts
1546 1584 131 39 förslag
1696 1582 66 31 och

599 1646 79 30 med
698 1645 117 39 avslag
834 1644 21 30 å
872 1643 221 30 motionerna
1112 1641 29 30 1:
1157 1640 61 30 865
1240 1639 66 30 och
1325 1639 45 30 II:
1388 1638 95 34 1119,
1503 1638 29 29 1:
1548 1637 63 30 866
1631 1637 65 29 och
1715 1636 46 30 II:

601 1699 83 30 1118
709 1700 90 28 samt
822 1698 29 30 I:
868 1697 62 30 870
954 1696 65 30 och
1042 1696 46 29 II:
1106 1694 93 35 1120,
1224 1694 41 29 de
1289 1693 79 39 fyra
1391 1691 246 31 förstnämnda
1660 1690 103 30 såvitt

599 1763 49 20 nu
669 1754 37 28 är
726 1753 12 28 i
757 1752 110 39 fråga,
888 1750 201 40 godkänner
1110 1748 41 30 de
1172 1748 11 29 i
1204 1745 383 40 statsrådsprotokollet
1608 1743 156 31 förorda-

599 1808 42 29 de
662 1806 226 39 riktlinjerna
909 1804 54 30 för
986 1803 139 39 statliga
1147 1801 175 40 garantier
1344 1800 54 30 för
1420 1798 252 39 investeringar
1694 1797 12 30 i
1727 1806 37 21 u-

599 1861 132 33 länder,

641 1915 29 29 2.
689 1916 49 28 att
755 1913 186 39 riksdagen
958 1911 79 29 med
1053 1910 99 30 bifall
1167 1910 53 29 till
1237 1908 126 39 Kungl.
1380 1907 125 39 Maj:ts
1522 1906 131 39 förslag
1669 1904 94 30 med-

598 1977 57 31 ger
677 1970 49 27 att
748 1968 114 28 staten
881 1966 91 29 intill
992 1966 49 28 ett
1062 1964 124 38 belopp
1209 1972 42 20 av
1270 1962 63 29 400
1355 1961 88 39 milj.
1465 1961 52 29 kr.
1539 1960 76 30 åtar
1638 1960 51 38 sig
1707 1959 56 29 be-

595 2022 284 38 talningsansvar
900 2020 11 29 i
933 2018 91 31 form
1045 2027 44 20 av
1110 2017 136 39 garanti
1268 2015 54 30 för
1344 2014 253 39 investeringar
1618 2014 12 29 i
1651 2013 112 29 u-län-

597 2076 70 34 der,

634 2129 29 29 3.
689 2129 50 28 att
766 2127 188 39 riksdagen
982 2125 114 30 avslår
1124 2123 179 30 motionen
1332 2122 119 34 I:867,
1481 2121 102 30 såvitt
1612 2130 48 20 nu
1689 2121 38 28 är
1754 2119 12 30 i

597 2183 109 39 fråga.

324 2256 202 31 Stockholm
540 2256 67 29 den
621 2254 39 30 21
677 2253 69 40 maj
766 2252 83 30 1968

772 2360 48 30 På
835 2358 278 31 statsutskottets
1126 2357 146 39 vägnar:

848 2448 140 32 GÖSTA
1012 2446 191 32 BOHMAN
