1898 2826
483 147 286 32 Statsutskottets
790 151 178 30 utlåtande
989 161 43 20 nr
1054 153 62 29 128
1136 154 40 29 år
1197 154 84 30 1968
1587 159 35 28 11

141 223 54 30 för
223 225 46 30 ett
297 224 125 31 sådant
451 228 148 38 systems
625 228 233 42 tillämpning.
888 230 135 41 Sverige
1051 233 38 29 är
1115 233 149 31 medlem
1292 244 42 22 av
1360 236 265 40 ifrågavarande

139 279 244 40 expertgrupp.

185 331 94 30 Även
301 332 137 31 direkta
462 335 149 30 svenska
635 335 169 40 åtgärder,
830 339 207 39 exempelvis
1060 340 45 40 på
1127 337 497 50 marknadsföringsområdet,

140 385 172 31 återfinns
333 387 95 30 inom
451 387 56 31 det
529 389 143 39 register
695 391 79 29 över
795 391 107 31 vilket
925 392 67 30 den
1014 394 148 30 svenska
1183 395 161 31 handels-
1365 398 66 29 och
1451 398 174 31 bistånds-

142 439 169 39 politiken
330 443 175 37 gentemot
525 443 209 30 u-länderna
754 445 160 39 spänner.
937 446 120 31 Såsom
1078 448 320 32 utrikesministern
1419 451 204 36 framhållit,

138 493 62 30 bör
224 493 71 30 inte
317 494 216 40 begränsade
556 497 189 30 nationella
768 498 196 40 åtaganden
987 501 258 37 underskattas,
1271 504 87 29 även
1381 514 58 20 om
1463 506 161 39 åtgärder

139 556 75 21 som
239 547 111 40 syftar
374 549 53 30 till
452 551 50 28 att
526 551 200 31 underlätta
749 553 226 31 u-ländernas
1000 557 121 38 export
1145 556 65 30 och
1234 558 162 30 utveckla
1419 559 100 31 deras
1545 561 79 29 eko-

137 601 96 30 nomi
251 602 216 40 väsentligen
486 603 111 31 måste
616 605 114 30 vidtas
749 606 95 30 inom
864 616 121 21 ramen
1005 608 54 30 för
1078 610 282 31 internationella
1380 613 243 31 överenskom-

137 655 125 29 melser
276 655 55 30 för
345 658 50 28 att
409 656 46 30 nå
470 658 128 29 största
610 658 315 41 handelspolitiska
938 661 120 31 effekt.

180 709 176 31 Utskottet
374 710 96 30 delar
489 711 94 31 såväl
601 712 68 30 den
687 722 42 21 av
745 714 321 32 utrikesministern
1085 726 75 21 som
1178 727 42 21 av
1237 719 261 32 motionärerna
1515 721 107 31 fram-

135 762 102 30 förda
261 764 187 40 meningen
472 774 56 21 om
554 765 164 32 fortsatta
743 768 209 31 strävanden
976 770 46 40 på
1045 771 58 30 det
1126 772 314 41 handelspolitiska
1463 776 158 30 området

134 816 66 30 och
223 817 116 30 finner
363 818 143 31 därmed
529 820 172 39 yrkandet
722 822 12 29 i
757 822 115 30 denna
894 823 99 40 fråga
1015 824 222 40 tillgodosett,
1260 828 118 29 varför
1401 829 220 31 motionerna

135 870 29 30 I:
181 870 61 31 865
258 871 65 30 och
337 871 45 31 II:
401 872 83 30 1119
498 874 161 40 avstyrks
675 875 103 30 såvitt
791 885 48 21 nu
854 877 38 29 är
905 877 11 30 i
931 877 108 41 fråga.

179 925 76 30 Vad
277 926 171 30 beträffar
473 936 135 22 samma
630 930 189 30 motioners
842 931 157 39 yrkande
1024 942 42 21 av
1088 934 216 31 innebörden
1328 938 49 28 att
1403 937 72 30 s.k.
1500 938 119 39 paket-

134 978 141 30 bistånd
290 980 62 29 bör
368 980 143 31 komma
526 982 52 29 till
595 983 225 40 användning
834 985 11 29 i
862 985 91 30 ökad
970 987 253 40 utsträckning,
1240 989 60 29 vill
1318 990 169 30 utskottet
1504 992 115 29 erinra

136 1040 57 21 om
214 1034 50 28 att
285 1033 322 31 utrikesministern
627 1036 11 29 i
658 1036 94 30 olika
772 1037 129 30 avsnitt
923 1048 41 20 av
985 1039 281 41 långtidsplanen
1288 1042 91 39 gjort
1401 1043 50 40 sig
1471 1044 53 29 till
1544 1045 75 29 tolk

136 1085 55 29 för
215 1095 42 20 en
281 1087 92 29 ökad
396 1087 210 40 integration
630 1090 129 29 mellan
782 1091 94 30 olika
899 1092 293 32 biståndsformer
1216 1095 127 31 liksom
1367 1097 105 30 också
1497 1098 54 30 för
1576 1108 42 20 en

137 1140 208 29 samverkan
361 1141 129 30 mellan
506 1142 94 30 olika
617 1144 138 39 statliga
771 1145 65 29 och
851 1146 136 39 privata
1003 1147 299 32 u-landsinsatser.
1319 1149 299 40 Biståndsprojekt

136 1193 231 30 samordnade
386 1195 80 29 med
485 1196 148 30 svenska
652 1197 134 40 företag
804 1199 65 29 och
887 1199 251 41 investeringar
1157 1202 11 29 i
1186 1203 160 30 u-länder
1364 1204 64 29 har
1446 1205 11 29 i
1475 1206 71 29 viss
1565 1208 52 27 ut-

136 1247 203 40 sträckning
362 1248 109 30 redan
495 1249 148 31 kommit
667 1251 53 29 till
745 1252 197 35 utförande,
967 1254 44 29 bl.
1038 1264 28 20 a.
1092 1255 45 39 på
1160 1256 367 42 yrkesutbildningens
1552 1260 66 29 och

134 1300 322 41 kreditgivningens
477 1303 176 31 områden.
675 1305 53 29 En
747 1305 376 43 huvudförutsättning
1144 1309 54 30 för
1220 1310 123 31 sådant
1365 1313 193 30 samarbete
1579 1314 38 29 är

134 1355 48 28 att
204 1354 153 30 insatsen
380 1365 118 21 svarar
518 1360 73 27 mot
612 1360 46 28 ett
679 1359 199 39 prioriterat
901 1361 181 30 önskemål
1105 1362 80 30 från
1207 1366 310 38 mottagarlandets
1541 1367 75 30 sida

130 1407 66 30 och
211 1407 242 32 harmonierar
471 1411 80 29 med
568 1411 78 30 dess
663 1413 312 40 utvecklingsplan.
995 1415 213 31 Samverkan
1225 1417 12 30 i
1254 1417 66 30 den
1337 1419 86 30 nära
1441 1429 175 22 samman-

129 1461 138 30 knutna
291 1462 92 30 form
408 1472 75 21 som
506 1464 185 41 begreppet
717 1467 285 41 »paketprojekt>
1030 1479 102 30 synes
1156 1471 168 31 innebära
1348 1473 38 29 är
1410 1473 104 40 något
1540 1484 75 21 som

129 1523 90 31 noga
241 1515 112 31 måste
374 1517 127 39 prövas
522 1517 80 31 från
624 1519 62 30 fall
707 1520 54 30 till
783 1520 72 30 fall.
878 1522 176 31 Utskottet
1075 1524 61 30 vill
1156 1525 12 29 i
1191 1525 65 29 och
1278 1526 54 30 för
1356 1527 50 39 sig
1427 1528 188 30 välkomna

129 1570 50 28 att
198 1569 173 31 konkreta
389 1570 132 41 förslag
538 1572 54 30 till
610 1582 70 31 nya
697 1574 66 29 och
781 1574 145 40 vidgade
946 1576 131 31 former
1096 1577 55 30 för
1171 1580 208 30 samverkan
1397 1582 129 29 mellan
1546 1584 69 29 stat

129 1623 65 29 och
218 1623 193 41 näringsliv
434 1624 11 30 i
470 1625 94 30 detta
590 1628 254 40 sammanhang
868 1629 158 31 kommer
1051 1631 93 30 fram
1168 1632 65 30 och
1258 1635 50 28 att
1333 1634 41 30 de
1398 1636 126 39 prövas
1549 1637 65 29 och

127 1676 182 31 bearbetas
326 1678 12 29 i
359 1687 42 20 en
420 1679 128 39 positiv
567 1680 91 30 anda
675 1699 45 3 —
738 1683 61 29 allt
819 1683 110 30 under
949 1684 253 42 förutsättning
1222 1689 49 28 att
1292 1688 57 29 det
1368 1684 246 50 biståndspoli-

128 1730 92 30 tiska
240 1731 106 39 syftet
364 1731 90 31 hålls
473 1733 11 29 i
504 1733 215 40 förgrunden
736 1753 46 4 —
799 1745 80 20 men
899 1746 101 21 anser
1019 1739 72 29 inte
1110 1741 50 28 att
1181 1740 75 30 skäl
1276 1741 193 41 förebragts
1489 1744 54 29 för
1563 1746 50 28 att

128 1783 143 31 förorda
286 1786 48 29 ett
348 1785 152 31 bestämt
515 1788 180 30 uttalande
711 1789 80 30 från
807 1790 187 40 riksdagen
1009 1792 53 30 till
1078 1792 140 31 förmån
1234 1794 54 30 för
1304 1795 82 31 ökat
1403 1805 25 21 s.
1444 1797 33 30 k.
1494 1794 119 49 paket-

126 1837 151 31 bistånd.

171 1891 175 31 Utskottet
359 1892 203 32 hemställer

492 1947 28 32 1.
545 1949 50 28 att
617 1949 188 40 riksdagen
828 1951 114 30 avslår
966 1953 219 31 motionerna
1209 1955 28 30 I:
1254 1955 61 31 865
1340 1957 66 30 och
1430 1957 45 31 II:
1493 1958 84 30 1119
1601 1959 12 30 i

444 2001 68 30 vad
536 2001 41 30 de
602 2011 99 21 avser
726 2003 164 31 fortsatta
915 2006 211 31 strävanden
1149 2008 45 40 på
1218 2009 56 30 det
1299 2010 313 41 handelspolitiska

445 2055 168 35 området,

488 2108 30 30 2.
542 2111 50 28 att
615 2110 188 40 riksdagen
827 2112 114 31 avslår
965 2114 219 32 motionerna
1209 2116 27 30 1:
1253 2116 62 31 865
1340 2118 65 30 och
1429 2119 45 30 II:
1493 2120 82 30 1119
1599 2121 13 29 i

444 2162 68 29 vad
525 2162 41 30 de
581 2172 98 21 avser
694 2174 24 20 s.
732 2165 33 29 k.
780 2166 256 39 paketbistånd,

489 2215 29 31 3.
538 2218 50 28 att
606 2217 188 41 riksdagen
813 2219 202 40 godkänner
1033 2223 67 29 vad
1118 2223 12 30 i
1151 2224 380 41 statsrådsprotokollet
1551 2237 59 20 an-

445 2268 89 32 förts
547 2270 222 32 beträffande
782 2272 193 33 biståndets
989 2275 113 31 medel
1115 2276 65 31 och
1193 2278 165 31 metoder.
