1910 2858
522 160 294 32 Statsutskottets
840 159 186 32 utlåtande
1047 159 53 32 Nr
1126 159 72 32 156.
1553 157 19 31 3

434 238 144 29 Befattning
1314 236 129 29 Lönegrad

314 292 18 30 1
354 290 255 37 byggmästare
669 312 630 8 ........ssssscsssr>oseoeoorororrr
1325 287 30 31 B
1377 289 39 30 21

312 342 18 30 1
352 341 369 32 materialförvaltare
755 337 18 45 =
790 363 509 9 .o........sssseosssssseocees
1326 339 29 30 B
1377 340 39 30 21

311 394 18 30 1
351 393 213 38 registrator
589 414 710 10 ..........sssesss.trsorsosroosetororera
1326 390 30 31 B
1378 391 40 31 21

312 445 19 30 2
353 445 176 31 revisorer
560 444 66 31 och
656 443 209 32 bokhållare
911 467 388 8 ............ssssece-
1326 442 30 31 B
1377 443 40 30 21

311 497 18 30 1
353 496 243 32 verkmästare
630 518 670 8 ..........sssssossoostso0ssecce0sc.
1326 494 30 31 B
1378 494 39 31 21

312 549 18 30 1
354 548 111 32 förste
497 546 315 38 expeditionsvakt
870 569 429 8 .............ssecossse.
1326 544 30 31 B
1398 547 19 30 7

310 600 19 30 2
352 599 287 31 kanslibiträden
671 621 628 8 ............sssssseessoeersorrrrr
1327 597 29 31 B
1399 597 18 31 7

314 651 19 30 2
355 650 355 37 expeditionsvakter
749 672 549 8 ................sssessoeerrros
1325 647 29 31 B
1397 648 19 31 5

315 703 18 30 1
356 701 289 32 kontorsbiträde
705 723 589 8 ..........ssscsccsssste.crasrsera
1322 699 29 31 B
1393 701 34 33 4;

158 824 87 27 Anm.
273 824 25 26 1.
345 822 256 35 Befattningarna
625 822 106 27 såsom
747 822 227 35 byggmästare,
992 821 317 27 materialförvaltare
1325 822 61 26 och
1403 821 215 28 verkmästare

112 868 172 35 nedflyttas
308 867 54 27 vid
385 866 191 28 inträffande
600 865 141 36 ledighet
765 866 69 26 från
857 865 192 35 lönegraden
1074 865 23 27 B
1122 865 36 27 21
1187 865 49 27 till
1259 865 193 36 lönegraden
1476 865 22 27 B
1523 866 50 27 20.

156 913 90 26 Anm.
272 912 27 26 2.
346 911 359 35 Registratorstjänsten,
730 909 151 35 lönegrad
904 909 23 27 B
953 909 50 32 21,
1028 909 174 35 nedflyttas
1227 908 53 28 vid
1304 909 190 27 inträffande
1519 909 99 36 ledig-

112 956 56 26 het
192 955 50 27 till
265 954 192 36 lönegraden
481 954 23 27 B
530 954 48 26 11.

156 999 89 27 Anm.
273 998 27 28 3.
346 998 46 27 En
417 1006 39 19 av
479 996 425 35 kanslibiträdestjänsterna
929 995 81 28 skall
1033 996 104 27 hållas
1161 996 133 32 obesatt,
1319 997 35 26 så
1377 996 91 35 länge
1491 996 62 27 den
1577 997 41 35 på

111 1043 238 36 övergångsstat
381 1041 158 36 uppförda
574 1041 154 27 kassören
761 1040 62 26 och
855 1039 210 28 bokhållaren
1094 1039 147 28 kvarstår
1264 1040 16 27 å
1304 1039 126 28 kassör-
1453 1040 61 26 och
1538 1039 79 28 bok-

111 1087 272 34 hållaretjänsten.

153 1154 76 32 dels
257 1154 149 36 besluta,
434 1155 54 29 att
515 1153 21 31 å
564 1153 276 36 övergångsstat
868 1152 93 31 skall
989 1151 83 31 från
1101 1152 65 30 och
1193 1151 80 32 med
1302 1151 68 32 den
1397 1151 17 30 1
1443 1151 69 36 juli
1540 1151 78 31 1930

114 1206 173 37 uppföras
311 1204 161 37 följande
495 1203 221 37 befattning:

512 1290 147 30 Befattning
1300 1289 130 30 Lönegrad

313 1345 135 31 Kassör
491 1343 65 32 och
585 1343 209 32 bokhållare
828 1366 468 8 ..........s.ssosesso>-se
1323 1341 30 31 B
1375 1342 53 36 21;

152 1421 76 32 dels
253 1421 83 31 från
362 1420 65 32 och
453 1420 80 32 med
558 1420 68 31 den
652 1420 18 30 1
695 1419 69 37 juli
790 1419 78 31 1930
894 1420 196 31 bestämma
1115 1418 138 32 antalet
1279 1418 181 33 ordinarie
1487 1419 127 31 befatt-

113 1473 243 36 ningshavare
373 1472 63 31 vid
454 1472 81 31 lots-
554 1472 66 30 och
640 1471 181 37 fyrstaten
840 1471 13 30 i
871 1471 160 36 enlighet
1049 1471 81 30 med
1151 1470 70 31 vad
1240 1470 222 31 därutinnan
1480 1470 12 31 1
1512 1472 104 30 stats-

113 1523 375 37 verkspropositionen
509 1523 114 31 under
647 1522 116 37 punkt
787 1522 37 30 14
847 1532 46 20 av
916 1521 121 32 tionde
1060 1521 232 31 huvudtiteln
1314 1521 220 36 föreslagits;

151 1601 75 32 dels
252 1601 190 36 godkänna
469 1600 32 36 ej
527 1600 141 31 mindre
694 1610 46 20 av
768 1598 392 37 departementschefen
1186 1598 13 31 i
1226 1598 389 36 statsrådsprotokollet

111 1656 84 29 över
219 1653 307 32 handelsärenden
550 1652 67 32 den
642 1652 39 30 14
703 1662 97 21 mars
824 1651 79 31 1930
928 1651 162 31 förordat
1114 1650 136 37 förslag
1274 1650 58 32 till
1356 1653 72 29 stat
1453 1651 56 30 för
1534 1650 81 32 lots-

112 1706 175 37 styrelsen
320 1708 47 29 än
400 1708 92 29 även
524 1705 42 32 de
599 1715 46 21 av
679 1703 392 38 departementschefen
1104 1703 12 31 i
1150 1703 466 36 statsverkspropositionen

111 1759 114 32 under
245 1759 115 36 punkt
381 1759 38 30 14
440 1769 46 21 av
506 1758 120 31 tionde
648 1756 233 33 huvudtiteln
903 1756 189 31 förordade
1115 1756 136 36 förslag
1273 1755 56 32 till
1352 1755 264 36 avlöningsstat

112 1812 56 30 för
192 1812 81 31 lots-
298 1812 64 30 och
388 1811 188 37 fyrstaten,
600 1811 214 35 övergångs-
839 1809 65 31 och
928 1808 313 37 indragningsstat
1266 1808 56 31 för
1346 1808 82 32 lots-
1453 1808 64 31 och
1542 1808 74 36 fyr-

111 1866 118 29 staten
253 1866 92 30 samt
368 1863 240 37 pensionsstat
633 1863 57 30 för
713 1861 248 37 lotsstyrelsen
984 1863 93 29 samt
1100 1861 82 31 lots-
1207 1861 65 31 och
1297 1861 188 36 fyrstaten,
1510 1862 106 29 även-

112 1927 85 26 som,
228 1917 79 31 med
339 1916 12 31 i
383 1915 244 37 nyssnämnda
659 1913 355 37 statsrådsprotokoll
1047 1913 171 31 förordad
1250 1912 155 36 ändring
1437 1912 89 36 däri,
1558 1912 58 31 till

111 1969 313 35 omkostnadsstat,
449 1968 54 31 att
527 1967 184 36 tillämpas
737 1967 83 30 från
845 1966 65 31 och
935 1966 79 30 med
1042 1965 66 31 den
1135 1966 17 29 1
1178 1964 68 36 juli
1272 1964 92 36 1930;

152 2048 75 31 dels
248 2048 64 30 ock
333 2046 85 37 höja
441 2047 59 31 det
521 2045 184 32 ordinarie
726 2042 319 38 förslagsanslaget
1067 2042 56 32 till
1147 2042 81 32 lots-
1249 2042 65 31 och
1336 2042 280 37 fyrinrättning-

112 2110 53 26 en,
188 2111 50 20 nu
260 2100 158 36 6,302,200
440 2099 139 36 kronor,
603 2098 80 31 med
706 2097 88 36 9,260
816 2097 132 30 kronor
971 2095 56 32 till
1051 2095 158 36 6,311,460
1231 2095 141 31 kronor.

152 2153 237 31 Beträffande
416 2151 240 36 utredningen
683 2150 13 31 i
723 2149 148 32 ärendet
900 2149 57 31 får
984 2147 174 32 utskottet
1184 2147 153 31 hänvisa
1364 2146 74 32 dels
1466 2146 56 32 till
1550 2146 65 31 sid.

112 2206 118 30 66—74
257 2205 12 30 i
296 2204 198 36 åberopade
522 2201 391 37 statsrådsprotokollet
942 2201 55 30 för
1024 2200 67 31 den
1118 2200 18 30 3
1164 2199 144 36 januari
1335 2199 87 36 1930,
1450 2198 74 32 dels
1551 2198 65 31 ock

113 2258 56 30 till
193 2255 389 38 statsrådsprotokollet
607 2256 55 30 för
687 2255 67 31 den
778 2254 38 30 14
838 2263 96 21 mars
958 2252 87 31 1930.

153 2360 32 32 Ä
209 2361 192 31 riksstaten
428 2360 54 30 för
507 2359 213 35 budgetåret
746 2356 170 35 1929/1930
941 2358 41 28 är
1007 2355 58 31 det
1090 2354 181 31 ordinarie
1297 2353 320 36 förslagsanslaget

113 2414 56 30 till
192 2414 81 31 lots-
297 2413 63 31 och
387 2410 310 38 fyrinrättningen
721 2409 148 36 uppfört
894 2407 79 32 med
998 2408 50 30 ett
1073 2407 126 35 belopp
1224 2416 45 21 av
1293 2405 158 36 6,302,200
1474 2405 142 31 kronor.
