1926 2848
279 175 38 31 18
689 174 372 30 Konstitutionsutskottets
1083 174 152 28 utlåtande
1258 174 44 28 Nr
1324 176 49 26 30.

325 261 99 32 Givet
445 266 47 32 är,
513 264 49 29 att
582 260 119 32 härvid
721 259 72 32 icke
813 259 66 32 kan
900 271 82 19 vara
1001 259 47 31 tal
1071 270 50 20 om
1141 262 48 29 att
1211 259 116 37 återgå
1348 259 125 37 jämväl
1495 259 53 31 till
1570 259 60 31 den
1652 259 41 31 då
1714 259 69 36 gäl-

279 311 106 38 lande,
415 311 85 32 efter
528 310 116 32 nutida
670 310 84 32 mått
781 309 80 38 låga
888 308 341 38 folkmängdssiffran
1259 309 130 36 25,000.
1439 308 117 32 Redan
1582 308 201 32 omedelbart

283 374 116 27 genom
424 362 84 31 1894
528 362 54 31 års
606 360 142 39 ändring
770 359 97 33 knöts
891 360 90 32 stads
1004 359 132 33 utträde
1160 371 39 20 ur
1222 359 171 39 landsting
1416 359 145 32 faktiskt
1582 359 57 32 vid
1661 363 47 29 ett
1732 359 52 32 be-

282 413 128 39 tydligt
439 412 101 39 högre
572 411 274 39 folkmängdstal,
875 411 60 32 och
967 411 183 32 sedermera
1175 410 61 32 har
1268 411 89 32 detta
1388 410 185 38 självfallet
1604 411 180 32 successivt

280 467 151 35 stegrats,
451 464 36 32 så
505 466 49 29 att
575 463 53 32 det
649 462 53 32 för
720 462 206 32 närvarande
945 465 99 35 utgör
1061 461 144 39 ungefär
1225 462 131 37 40,000.
1396 460 181 39 Samtidigt
1595 461 61 32 har
1675 461 108 32 lands-

279 514 342 39 tingsförvaltningen
646 512 186 33 utvecklats
858 513 44 37 på
927 515 48 29 ett
999 516 77 33 sätt,
1103 512 189 37 varigenom
1319 523 135 20 numera
1480 512 69 31 helt
1576 512 102 31 andra
1704 512 79 36 möj-

279 565 141 38 ligheter
442 564 137 38 erbjuda
600 564 52 38 sig
672 564 52 31 för
746 567 102 28 större
869 562 275 33 stadssamhällen
1166 566 49 28 att
1235 563 86 31 inom
1342 562 72 32 dess
1437 574 70 20 ram
1528 562 37 31 få
1585 563 73 31 sina
1678 562 106 32 berät-

279 616 113 38 tigade
421 614 83 33 krav
531 615 14 32 i
573 614 90 32 olika
689 614 206 32 hänseenden
923 613 252 38 tillgodosedda,
1207 617 41 28 än
1279 624 68 21 som
1375 612 56 32 vid
1461 612 227 38 landstingens
1715 612 68 32 till-

279 666 107 32 komst
411 666 128 32 kunnat
562 665 167 39 påräknas
755 665 79 32 eller
857 664 104 32 under
986 664 93 32 deras
1102 664 144 38 tidigare
1271 663 134 33 tillvaro
1428 663 213 32 förefunnits.
1689 662 18 32 I
1732 663 52 32 be-

280 717 175 31 traktande
475 716 104 32 härav
600 716 59 32 och
680 716 41 31 då
742 720 76 27 över
838 715 115 32 huvud
973 718 92 34 taget
1087 719 82 27 även
1191 715 135 31 relativt
1348 718 63 28 sett
1435 718 151 28 avsevärt
1607 714 101 37 högre
1730 725 53 20 an-

280 767 102 37 språk
405 768 43 36 på
474 778 39 20 en
540 766 91 32 stads
658 765 339 38 folkmängdsstorlek
1022 776 136 20 numera
1178 765 92 32 torde
1296 764 113 32 kunna
1432 764 198 37 uppställas,
1657 764 53 31 för
1735 767 49 28 att

285 817 115 32 staden
416 816 88 32 skall
522 827 93 21 anses
632 815 189 39 berättigad
834 815 55 32 till
905 827 39 20 en
960 815 219 38 särställning
1193 815 88 31 inom
1302 814 60 32 den
1380 813 288 32 länskommunala
1683 812 101 32 indel-

284 868 131 38 ningen,
434 867 62 32 har
512 866 162 33 utskottet
694 866 112 33 funnit
825 865 136 40 skäligt,
981 869 49 28 att
1047 864 261 39 ifrågavarande
1327 864 264 38 folkmängdstal
1611 863 174 38 ytterliga-

285 931 33 20 re
335 918 101 39 höjes,
454 918 59 32 och
531 917 141 32 föreslår
690 916 151 41 sålunda,
859 919 51 29 att
926 916 182 32 detsamma
1125 916 195 32 bestämmes
1339 915 53 32 till
1411 915 129 37 50,000.

325 969 50 32 De
402 974 150 27 närmare
578 967 245 33 bestämmelser
848 967 170 38 angående
1047 967 180 37 ordningen
1254 966 53 31 för
1334 966 91 32 stads
1451 965 132 33 utträde
1609 977 40 20 ur
1676 965 108 32 lands-

281 1020 82 37 ting,
391 1031 68 20 som
484 1018 170 32 befunnits
679 1017 177 39 påkallade
879 1029 42 20 av
946 1017 54 32 det
1022 1016 86 37 skäl,
1135 1020 48 29 att
1208 1016 148 32 utträdet
1379 1015 109 33 skulle
1513 1015 92 32 bliva
1628 1015 157 32 beroende

282 1081 40 20 av
344 1069 131 32 stadens
496 1068 109 32 beslut
624 1068 125 37 därom,
773 1079 95 20 anser
891 1067 52 38 sig
964 1066 161 33 utskottet
1146 1066 113 32 kunna
1279 1067 12 31 i
1313 1066 129 38 princip
1465 1066 156 37 godtaga.
1666 1065 50 32 De
1738 1065 46 32 in-

281 1120 122 31 nebära
427 1120 20 31 å
472 1131 61 20 ena
558 1119 104 37 sidan,
687 1122 51 28 att
765 1118 115 32 staden
905 1117 107 32 skulle
1037 1117 114 31 kunna
1174 1117 110 32 träffa
1309 1117 60 32 sitt
1391 1116 188 37 avgörande
1604 1115 71 33 icke
1701 1115 83 32 blott

280 1170 57 32 vid
365 1169 60 32 den
451 1169 168 38 tidpunkt,
648 1169 42 31 då
716 1180 83 20 ovan
825 1168 205 32 behandlade
1055 1167 263 38 folkmängdstal
1344 1167 140 38 uppnås,
1511 1170 81 28 utan
1620 1171 81 27 även
1728 1166 57 32 vid

281 1232 112 20 senare
412 1219 147 38 tillfälle,
576 1219 60 32 och
655 1220 19 30 å
693 1219 103 32 andra
813 1219 104 37 sidan,
934 1222 49 28 att
1000 1218 295 38 verkställigheten
1314 1230 41 19 av
1370 1217 135 32 stadens
1522 1213 109 36 beslut
1649 1217 12 31 i
1678 1216 107 37 bägge

286 1271 92 31 dessa
399 1270 63 32 fall
484 1269 107 32 skulle
612 1270 96 31 anstå
729 1269 102 32 under
851 1270 107 37 någon
979 1269 60 37 tid,
1059 1269 12 31 i
1091 1268 91 38 syfte
1204 1272 49 28 att
1274 1268 205 37 landstinget
1501 1267 162 32 därunder
1684 1268 101 30 måtte

284 1321 102 32 hinna
406 1332 141 27 anpassa
566 1321 52 37 sig
638 1320 85 32 efter
743 1320 152 32 beslutet.

329 1372 220 32 Beträffande
574 1370 207 33 sistnämnda
804 1371 148 32 tidsfrist
974 1370 87 32 hava
1085 1370 37 33 de
1146 1370 212 38 sakkunniga
1380 1369 199 37 framhållit,
1605 1372 49 29 att
1676 1368 109 33 lands-

282 1423 123 37 tingets
425 1422 104 32 behov
548 1434 40 20 av
609 1422 140 32 anstånd
767 1421 59 32 bör
845 1433 81 20 vara
944 1421 126 32 mindre
1090 1422 11 31 i
1122 1421 54 32 det
1195 1421 73 36 fall,
1286 1424 49 29 att
1355 1421 114 31 staden
1488 1420 148 32 beslutar
1653 1420 133 31 utträde

282 1472 197 33 omedelbart
503 1473 57 31 vid
587 1472 60 32 den
672 1471 168 39 tidpunkt,
868 1472 41 31 då
936 1472 60 31 den
1022 1472 44 37 på
1091 1471 108 38 grund
1224 1483 41 20 av
1291 1471 255 37 folkmängdens
1572 1471 124 32 storlek
1721 1471 65 31 blir

281 1524 11 31 i
318 1523 137 32 tillfälle
483 1522 124 38 därtill,
634 1522 155 32 eftersom
816 1527 81 27 även
922 1522 204 37 landstinget
1152 1522 117 31 härvid
1296 1522 44 37 på
1367 1521 142 32 förhand
1535 1521 75 32 haft
1634 1521 76 32 skäl
1737 1525 48 28 att

284 1575 106 32 räkna
421 1575 72 32 med
526 1574 194 32 skilsmässa
753 1574 107 32 såsom
894 1573 150 32 sannolik
1078 1573 103 32 under
1217 1573 39 32 de
1289 1576 165 29 närmaste
1488 1573 88 31 åren.
1622 1572 61 32 Om
1717 1573 72 31 åter

286 1625 114 31 staden
432 1624 112 32 avstår
573 1623 77 33 från
682 1627 49 29 att
761 1623 199 32 omedelbart
990 1623 151 38 utnyttja
1171 1623 50 32 sin
1251 1622 257 39 ifrågavarande
1540 1622 160 38 rättighet
1726 1623 60 31 och

283 1675 84 32 först
398 1687 112 20 senare
539 1674 147 33 beslutar
716 1674 142 38 utträde,
888 1675 106 31 måste
1023 1686 77 19 man
1131 1674 83 37 utgå
1246 1673 101 37 ifrån,
1381 1677 48 28 att
1461 1674 90 32 detta
1580 1674 108 31 beslut
1720 1673 65 32 kan

281 1725 129 32 komma
433 1725 69 32 helt
526 1725 59 32 och
608 1725 104 32 hållet
735 1724 240 32 överraskande
999 1724 53 32 för
1075 1724 214 37 landstinget.
1335 1724 75 32 Med
1432 1724 130 37 hänsyn
1585 1724 55 32 till
1663 1736 44 19 nu
1729 1724 56 37 på-

281 1775 125 38 pekade
427 1775 280 38 omständigheter
725 1775 86 32 hava
832 1775 37 32 de
890 1775 211 37 sakkunniga
1120 1774 185 38 föreslagit,
1324 1778 50 28 att
1393 1774 92 33 stads
1506 1774 131 32 utträde
1657 1775 11 31 i
1688 1774 97 32 först-

287 1827 143 32 nämnda
469 1826 63 32 fall
571 1826 107 32 skulle
719 1831 65 33 äga
821 1837 72 20 rum
921 1825 56 32 vid
1004 1826 169 37 utgången
1202 1837 41 20 av
1269 1825 229 32 kalenderåret
1526 1829 147 28 närmast
1702 1825 86 32 efter

281 1877 63 38 det,
370 1876 166 33 varunder
560 1876 141 32 beslutet
730 1876 113 32 därom
872 1875 155 39 delgivits
1054 1875 213 39 landstinget,
1295 1887 73 20 men
1395 1876 12 31 i
1434 1887 113 21 senare
1573 1875 100 32 fallet
1700 1875 84 32 först

280 1928 56 31 vid
358 1927 99 32 slutet
481 1939 41 20 av
545 1927 100 32 femte
668 1928 70 32 året
761 1927 85 32 efter
867 1927 247 38 delgivningen.
1160 1925 128 38 Kungl.
1310 1926 101 37 Maj:t
1431 1926 149 32 däremot
1601 1926 60 32 har
1682 1926 103 32 under

282 1978 202 37 åberopande
511 1990 41 19 av
574 1978 64 31 vad
662 1989 69 20 som
756 1978 44 37 på
825 1978 105 31 denna
955 1977 107 37 punkt
1090 1977 203 32 framhållits
1319 1977 11 31 i
1357 1977 53 31 det
1436 1988 41 20 av
1505 1976 149 32 Svenska
1681 1977 103 31 stads-

280 2028 192 32 förbundets
497 2028 140 38 styrelse
662 2032 76 27 över
761 2027 412 38 sakkunnigbetänkandet
1199 2027 144 37 avgivna
1366 2026 156 38 yttrande
1547 2027 174 36 föreslagit
1746 2038 38 20 en

280 2078 224 38 begränsning
526 2090 40 20 av
588 2078 187 32 tidsfristen
796 2078 11 32 i
830 2078 54 32 det
905 2089 113 20 senare
1040 2077 95 32 fallet
1158 2077 53 32 till
1234 2077 141 31 allenast
1396 2077 57 31 två
1475 2077 36 31 år
1533 2077 84 31 efter
1640 2076 63 36 det,
1726 2088 58 19 un-

281 2129 56 31 der
358 2128 105 33 vilket
484 2128 204 38 landstinget
710 2128 67 32 fått
798 2128 51 32 del
872 2140 41 20 av
935 2127 302 33 utträdesbeslutet.
1282 2127 169 32 Utskottet
1474 2127 110 31 finner
1607 2127 104 32 denna
1732 2126 52 32 be-

286 2179 183 38 gränsning
496 2179 183 38 betänklig.
728 2178 66 33 Det
821 2179 49 31 lär
897 2178 71 32 icke
996 2178 113 32 kunna
1136 2177 166 38 förnekas,
1330 2181 50 28 att
1407 2181 48 29 ett
1480 2178 170 37 landsting
1678 2177 108 32 skulle

282 2230 136 32 befinna
447 2230 53 38 sig
528 2230 11 32 i
568 2233 45 29 ett
644 2230 53 31 för
727 2230 71 31 dess
827 2229 208 32 verksamhet
1064 2229 175 37 olämpligt
1269 2228 353 36 osäkerhetstillstånd,
1652 2240 50 20 om
1733 2228 54 31 det

283 2281 106 32 skulle
414 2281 116 32 ställas
552 2281 89 32 inför
665 2293 38 20 en
727 2281 149 38 ständigt
900 2285 105 33 öppen
1029 2280 172 38 möjlighet
1228 2284 49 28 att
1302 2285 60 27 när
1386 2291 66 20 som
1477 2280 84 32 helst
1585 2279 136 32 berövas
1747 2291 38 20 en

282 2331 185 39 betydande
490 2332 51 32 del
561 2344 41 20 av
624 2332 58 32 sitt
701 2331 358 32 verksamhetsområde
1079 2330 73 32 med
1174 2331 101 31 därav
1295 2330 190 38 påräknade
1504 2330 180 32 inkomster
1704 2333 81 29 utan

288 2385 49 29 att
359 2383 171 38 samtidigt
551 2387 64 33 äga
636 2382 206 38 förvissning
863 2394 50 19 om
936 2385 48 28 att
1005 2393 39 20 en
1064 2381 199 38 tillräckligt
1286 2381 80 38 lång
1385 2380 237 39 övergångstid
1642 2381 12 31 i
1675 2380 112 38 dylikt

283 2433 63 31 fall
368 2433 105 32 skulle
495 2434 52 31 stå
567 2433 53 32 till
641 2433 72 32 dess
736 2433 207 37 förfogande.
989 2431 146 33 WNSärskilt
1155 2432 72 31 med
1247 2432 131 37 hänsyn
1400 2432 53 31 till
1475 2432 54 31 det
1551 2431 234 36 förhållandet,

283 2487 49 28 att
357 2483 219 38 landstingets
600 2487 67 28 rätt
694 2487 49 28 att
766 2483 87 32 fatta
879 2487 80 27 utan
986 2482 127 38 Kungl.
1139 2482 118 37 Maj:ts
1282 2482 238 37 godkännande
1544 2482 164 31 bindande
1733 2481 52 32 be-
