1924 2846
534 165 368 30 Konstitutionsutskottets
923 167 152 29 utlåtande
1097 169 44 28 Nr
1164 171 49 26 30.
1617 170 16 30 1

804 553 60 41 Nr
890 554 73 42 30.

578 706 118 28 Ankom
720 707 45 28 till
788 708 174 34 riksdagens
986 709 94 28 kansli
1103 710 57 28 den
1187 713 36 26 23
1248 711 59 33 maj
1333 714 79 25 1924
1437 712 37 27 kl.
1500 715 16 26 5
1541 722 23 18 e.
1590 723 39 17 m.

352 846 431 35 Konstitutionsutskottets
801 850 173 33 utlåtande
991 853 11 30 i
1020 851 175 39 anledning
1214 864 40 20 av
1275 853 126 38 Kungl.
1422 855 116 39 Maj:ts
1558 866 69 26 pro-

575 900 140 36 position
729 900 73 31 med
815 900 128 39 förslag
960 901 51 33 till
1025 902 55 38 lag
1096 914 50 20 om
1162 904 167 38 landsting
1345 917 41 20 m.
1403 916 41 21 m.
1459 906 100 38 jämte
1572 917 56 20 sex

573 951 12 29 i
601 951 107 31 ämnet
727 951 121 32 väckta
865 953 165 31 motioner.

174 1089 69 32 Till
260 1090 417 34 konstitutionsutskottets
693 1092 255 40 handläggning
964 1094 85 33 hava
1065 1095 86 32 båda
1167 1096 178 33 kamrarna
1360 1098 152 34 hänvisat
1530 1112 38 19 en
1587 1112 40 19 av

131 1139 126 39 Kungl.
276 1141 101 38 Maj:t
394 1141 52 32 till
464 1141 178 39 riksdagen
660 1142 130 33 avlåten
808 1144 212 40 proposition,
1040 1158 38 19 nr
1097 1147 72 38 188,
1188 1148 72 31 vari
1279 1148 126 38 Kungl.
1425 1150 98 37 Maj:t
1544 1150 82 31 före-

129 1190 102 39 slagit
256 1191 178 39 riksdagen
459 1196 50 29 att
534 1196 123 35 antaga
681 1194 56 32 vid
761 1195 243 37 propositionen
1030 1196 129 39 fogade,
1185 1197 61 32 här
1271 1199 102 32 nedan
1398 1199 138 39 intagna
1560 1201 65 32 för-

131 1240 73 39 slag
219 1241 53 31 till

170 1287 58 40 lag
244 1300 51 20 om
313 1289 173 40 landsting
503 1291 58 32 och

167 1338 58 39 lag
242 1350 50 21 om
309 1339 127 34 ändrad
454 1340 127 39 lydelse
601 1354 41 20 av
662 1344 18 31 6
699 1342 19 39 $
737 1343 11 32 i
767 1343 98 39 lagen
884 1344 60 32 den
966 1345 40 33 20
1024 1346 67 38 maj
1111 1347 82 31 1921
1214 1348 72 32 med
1304 1348 90 33 vissa
1411 1349 212 33 föreskrifter

123 1389 12 32 i
155 1389 102 40 fråga
275 1402 51 21 om
345 1391 56 32 val
424 1404 41 20 av
485 1392 213 40 kommunal-,
720 1395 194 38 municipal-
936 1396 59 32 och
1015 1397 310 41 stadsfullmäktige
1347 1404 83 29 samt
1452 1413 40 19 av
1513 1401 109 33 lands-

122 1440 180 40 tingsmän.

168 1494 220 34 Beträffande
408 1497 236 39 motiveringen
666 1498 53 32 för
741 1498 93 33 dessa
855 1499 128 39 förslag
1004 1500 53 32 får
1078 1501 161 33 utskottet
1260 1503 136 33 hänvisa
1419 1504 53 32 till
1495 1505 53 32 det
1568 1505 56 32 vid

127 1544 248 37 propositionen
389 1545 121 38 fogade
525 1546 124 38 utdrag
663 1559 42 19 av
720 1547 201 38 protokollet
935 1554 76 27 över
1027 1550 244 32 socialärenden
1288 1552 61 31 den
1368 1554 38 30 19
1423 1565 87 20 mars
1530 1554 93 31 1924.

173 1595 18 31 I
207 1595 158 32 samband
381 1597 72 31 med
470 1597 143 32 nämnda
627 1598 203 37 proposition
845 1599 60 32 har
920 1600 160 32 utskottet
1096 1602 52 31 till
1165 1601 199 40 behandling
1380 1604 145 33 förehaft
1541 1617 56 20 sex
1613 1605 12 31 i

128 1644 178 40 anledning
325 1658 41 20 av
385 1646 188 33 densamma
588 1648 120 32 väckta
726 1649 167 39 motioner,
912 1650 165 38 nämligen

163 1699 165 31 motionen
365 1698 28 32 I:
411 1701 59 30 282
495 1710 42 21 av
560 1700 118 32 herrar
701 1701 131 41 Lyberg
857 1702 59 32 och
947 1703 135 39 Walles,

241 1761 11 16 »
368 1749 27 32 I:
413 1751 61 31 283
498 1761 43 21 av
564 1750 79 32 herr
667 1751 88 39 Pers,

242 1812 11 15 >
367 1799 28 32 I:
413 1801 60 31 284
496 1811 43 22 av
561 1801 76 32 herr
659 1802 175 40 Almkvist,

241 1862 12 16 >
367 1849 28 32 I:
413 1851 60 32 285
497 1861 44 22 av
563 1851 78 33 herr
662 1852 108 41 Bärg,

240 1913 11 16 »
348 1900 47 32 II:
412 1902 61 31 437
497 1913 42 21 av
562 1902 78 32 herr
662 1902 97 42 Hage
783 1904 61 32 och

240 1964 12 15 »
349 1951 47 32 II:
413 1953 61 31 438
499 1963 42 21 av
563 1952 78 32 herr
663 1953 166 33 Karlsson
852 1955 13 31 i
887 1955 182 33 Vadstena.

168 2047 18 31 I
203 2047 162 33 motionen
383 2048 33 32 I:
431 2049 62 32 282
511 2049 85 33 hava
611 2050 114 32 herrar
742 2050 135 38 Lyberg
895 2052 58 32 och
975 2051 122 33 Walles
1113 2053 179 40 hemställt,

165 2101 71 29 »att
252 2098 181 39 riksdagen
449 2099 79 33 ville
544 2100 51 32 för
611 2101 50 32 sin
677 2101 51 32 del
744 2101 139 40 besluta,

168 2146 68 33 dels
252 2152 50 29 att
319 2150 41 31 54
376 2149 19 39 $
410 2161 96 21 mom.
522 2149 36 40 d)
580 2151 87 32 skall
682 2153 82 37 utgå
779 2164 40 20 ur
835 2153 160 39 förslaget
1009 2155 54 31 till
1080 2155 56 38 lag
1153 2168 50 20 om
1219 2156 184 39 landsting;

168 2196 69 33 dels
253 2202 49 29 att
320 2201 39 31 37
379 2199 18 39 $
414 2200 103 39 tredje
533 2201 130 38 stycket
680 2202 92 39 gives
790 2203 146 38 följande
954 2203 139 39 lydelse:
1113 2205 199 34 Protokollet
1330 2207 95 39 skall,
1444 2208 10 31 i
1472 2208 60 32 den
1550 2209 69 31 ord-

123 2248 81 39 ning
227 2249 204 39 landstinget
453 2250 157 41 beslutar,
634 2252 142 38 justeras
801 2253 61 32 sist
887 2254 122 38 fjorton
1034 2255 104 39 dagar
1163 2256 84 32 efter
1272 2257 215 39 landstingets
1513 2258 106 32 avslu-

122 2299 113 38 tande;

168 2347 68 33 dels
252 2353 49 29 att
317 2351 54 32 till
388 2352 41 31 54
446 2351 18 39 $
481 2352 95 39 fogas
593 2356 47 30 ett
656 2354 115 37 stycke
788 2366 41 20 av
847 2355 144 38 följande
1008 2356 139 37 lydelse:
1166 2356 234 40 Landstingets
1417 2358 117 39 beslut,
1553 2371 66 20 som

123 2399 49 33 18
192 2399 28 39 $,
240 2402 28 37 5,
289 2402 29 36 6,
339 2403 17 30 7
376 2402 58 32 och
453 2403 18 31 8
489 2414 95 22 mom.
603 2415 103 28 avses,
726 2404 86 32 skall
833 2405 147 39 delgivas
999 2406 245 41 länsstyrelsen,
1265 2420 66 20 som
1350 2409 126 38 kungör
1496 2410 51 32 det
1566 2410 53 32 till

123 2449 234 41 efterrättelse;
379 2452 82 32 dock
483 2456 58 36 att,
563 2453 110 34 därest
694 2454 139 34 beslutet
855 2456 135 32 avviker
1011 2457 75 32 från
1106 2458 64 32 vad
1191 2458 53 32 för
1264 2459 197 38 landstinget
1484 2460 134 33 föresla-

158 2515 120 35 Bihang
302 2517 47 28 till
371 2517 173 35 riksdagens
565 2520 145 33 protokoll
735 2519 90 30 1924.
871 2524 17 25 5
912 2523 83 27 saml.
1041 2525 38 26 26
1104 2524 75 33 häft.
1225 2524 57 34 (Nr
1305 2525 64 35 30.)
1562 2525 15 28 1

1650 2073 145 30 Motionen

1675 2111 26 26 I:
1713 2111 56 25 282.
