2325 2753
528 124 71 46 2
989 124 259 32 Stats-Utskottets
1272 124 161 33 Utlåtande
1457 126 63 31 N:o
1542 126 49 31 89.

487 212 154 43 skiljande
669 211 265 44 hufvudsakligen
961 212 104 33 blifvit
1099 213 139 42 vidtaget
1263 213 50 33 för
1339 217 48 29 att
1414 214 154 42 begränsa
1597 214 38 33 de
1662 214 50 32 för
1740 215 123 32 verkets
1883 215 135 33 embets-
2034 216 59 32 och

486 265 191 42 tjenstemän
706 264 160 42 medgifna
891 265 317 43 pensionsförmåner
1234 266 86 32 inom
1348 266 109 42 billiga
1480 267 59 32 och
1556 267 151 41 lämpliga
1721 267 141 33 ansedda
1879 267 127 43 belopp;
2031 279 61 21 men

486 321 48 28 att
560 318 196 31 härutinnan
771 317 99 41 enligt
886 317 176 43 Styrelsens
1077 319 81 40 åsigt
1171 318 82 31 först
1268 319 57 31 och
1342 318 111 32 främst
1469 319 60 32 den
1545 318 188 42 förändring
1747 319 98 33 borde
1860 323 102 38 göras,
1979 323 58 35 att,
2054 320 40 32 då

487 369 216 42 pensionsrätt
728 369 198 32 beräknades
953 369 87 32 såväl
1063 371 80 31 efter
1158 370 128 32 arfvode
1301 381 66 21 som
1384 371 81 31 efter
1478 371 64 39 lön,
1559 371 57 32 och
1634 371 49 31 för
1697 371 38 32 de
1751 371 47 32 till
1813 372 134 41 pension
1962 371 131 33 berätti-

487 421 79 41 gade
593 421 254 42 tjenstemännen
874 421 70 32 icke
972 420 100 33 heller
1098 422 10 31 i
1136 421 96 41 öfrigt
1259 422 60 32 den
1348 433 60 21 ena
1421 422 33 32 af
1468 422 92 32 dessa
1575 422 232 41 benämningar
1822 423 161 32 medförde
1997 425 98 40 något

488 473 158 32 företräde
686 473 133 32 framför
858 473 60 32 den
953 473 110 39 andra,
1093 473 59 32 den
1180 473 158 32 särskilda
1366 474 232 41 benämningen
1628 475 166 32 "arfvode"
1825 475 97 33 borde
1949 476 144 41 upphöra

487 525 60 32 och
586 525 38 32 de
664 525 84 40 slags
775 524 161 40 arfvoden,
966 525 72 32 med
1065 525 107 32 hvilka
1198 526 218 40 pensionsrätt
1443 537 72 21 vore
1542 526 142 39 förenad,
1715 530 155 38 upptagas
1897 528 104 31 såsom
2028 528 64 39 lön,

487 587 71 22 men
586 576 38 32 de
652 578 79 38 åter,
760 587 67 22 som
854 576 69 32 icke
952 576 197 41 berättigade
1177 577 48 31 till
1252 577 99 32 sådan
1378 578 135 38 förmån,
1543 578 152 42 uppföras
1723 580 103 31 såsom
1854 580 239 41 tjenstgörings-

488 629 185 41 penningar,
712 628 173 42 hvarjemte
914 628 172 42 Styrelsen,
1115 630 42 40 på
1183 628 134 33 anförda
1345 629 78 40 skäl,
1454 629 47 45 (se
1528 630 114 40 Kongl.
1671 630 106 43 Maj:ts
1804 631 202 41 Proposition
2034 630 59 32 sid.

487 677 96 50 6—9)
610 679 154 42 tillstyrkt
790 679 226 41 borttagandet
1043 680 34 31 af
1102 680 53 32 det
1181 680 96 32 sedan
1306 692 38 20 en
1372 681 109 41 längre
1509 681 45 32 tid
1583 681 134 33 tillbaka
1743 682 99 42 följda
1868 682 59 33 och
1955 683 140 31 smånin-

486 743 72 30 gom
599 731 58 32 allt
696 742 66 21 mer
802 731 178 33 utsträckta
1011 731 258 41 aflöningssättet
1296 743 114 30 genom
1438 744 24 21 s.
1491 732 30 32 k.
1552 733 324 42 uppbördsprovision
1904 737 82 29 samt
2013 734 81 32 infö-

487 783 98 31 rande
622 782 35 32 af
693 783 114 31 sådant
849 783 60 31 fast
948 782 234 40 aflöningssätt,
1224 794 65 21 som
1319 785 8 29 i
1356 784 176 31 allmänhet
1559 785 77 39 egde
1664 796 70 20 rum
1760 786 51 30 för
1838 786 129 31 Statens
1995 785 99 40 öfrige

489 834 133 42 tjenare.

637 884 103 32 Sedan
776 884 386 42 General-tullstyrelsen,
1200 885 10 32 i
1237 885 90 41 fråga
1354 896 50 21 om
1433 886 60 31 den
1521 886 50 31 vid
1600 886 160 42 Styrelsen
1788 887 78 32 eller
1893 887 71 32 dess
1991 887 103 32 kansli

487 937 60 31 och
586 936 115 31 kontor
741 936 159 31 anställda
927 937 146 39 personal
1103 940 83 27 samt
1213 937 70 31 dess
1311 936 150 41 aflöning,
1491 937 166 41 föreslagit
1683 938 136 31 allenast
1845 940 100 39 några
1971 938 123 32 mindre

487 987 196 40 väsendtliga
719 986 202 42 jemkningar
959 987 9 31 i
1009 999 42 19 nu
1091 987 146 41 gällande
1270 988 247 39 bestämmelser,
1548 989 81 31 hade
1657 989 225 42 Tullstyrelsen
1911 990 107 32 vidare
2046 990 50 32 för

488 1038 279 33 distriktcheferne
806 1038 153 42 tillstyrkt
999 1038 177 41 aflöningar
1215 1039 48 32 till
1303 1039 126 42 belopp,
1471 1041 50 30 för
1560 1040 112 32 chefen
1708 1042 9 30 i
1745 1044 104 29 vestra
1875 1041 162 33 distriktet
2064 1041 34 31 af

487 1092 94 38 8,000
620 1090 76 32 R:dr
736 1090 57 31 och
833 1090 50 32 för
923 1090 60 32 den
1010 1091 11 31 i
1049 1090 93 32 södra
1168 1091 225 32 tulldistriktet
1420 1091 35 32 af
1480 1094 91 36 7,500
1598 1092 88 39 R:dr;
1715 1092 49 32 för
1790 1092 302 42 packhusförestån-

486 1142 98 32 darne
625 1142 10 31 i
676 1141 184 33 Stockholm
901 1142 60 31 och
989 1142 161 41 Göteborg
1177 1142 164 40 föreslagit
1367 1143 9 31 i
1404 1143 64 39 lön,
1497 1144 33 31 åt
1558 1143 58 32 den
1645 1144 98 31 förste
1772 1144 77 32 eller
1876 1144 218 41 öfverinspek-

486 1198 91 27 toren
607 1194 93 38 7,000
727 1193 75 32 R:dr
829 1193 60 32 och
916 1194 33 31 åt
976 1193 60 31 den
1065 1193 109 39 andre,
1216 1194 93 32 hvars
1337 1194 114 31 hittills
1479 1195 182 32 nuvarande
1691 1195 192 41 benämning
1909 1196 35 31 af
1967 1195 126 42 inspek-

487 1250 50 26 tor
564 1248 120 28 ansetts
713 1244 78 32 böra
817 1244 127 42 utbytas
973 1248 65 28 mot
1065 1245 242 39 tullförvaltare,
1338 1247 93 37 6,000
1457 1246 90 38 R:dr;
1581 1247 49 30 för
1657 1246 99 41 öfrige
1783 1248 11 31 i
1822 1247 184 32 Stockholm
2033 1247 59 32 och

487 1295 163 40 Göteborg
689 1295 138 32 varande
866 1295 243 38 tullförvaltare,
1139 1296 127 31 hvilken
1293 1296 193 40 benämning
1513 1296 153 33 likaledes
1693 1297 123 32 funnits
1843 1297 77 32 böra
1946 1298 148 41 tilläggas

485 1346 242 42 inspektorerne
767 1347 52 31 vid
859 1347 195 31 dervarande
1095 1347 395 42 nederlagsinspektioner,
1533 1348 104 32 hvilka
1677 1350 70 30 åter
1786 1353 87 39 synts
1906 1350 186 40 lämpligare

486 1398 109 31 kanna
620 1398 100 31 kallas
749 1398 292 40 nederlagskontor,
1078 1398 160 33 äfvensom
1266 1399 50 31 för
1342 1399 253 31 tullförvaltarne
1623 1401 9 30 i
1659 1400 118 32 Malmö
1806 1401 58 31 och
1891 1400 203 42 Norrköping

486 1449 153 41 tillstyrkt
679 1451 93 37 5,500
807 1449 77 31 R:dr
923 1450 9 30 i
973 1450 80 40 årlig
1086 1449 140 42 aflöning
1254 1450 168 39 hvardera;
1451 1450 49 32 för
1527 1450 148 32 cheferne
1705 1451 49 32 vid
1783 1451 308 41 hamnbevaknings-

486 1500 261 42 inspektionerna
775 1500 57 31 här
859 1500 59 31 och
945 1501 10 30 i
984 1500 161 41 Göteborg
1160 1504 83 29 samt
1257 1502 49 31 för
1320 1501 253 32 tullförvaltarne
1589 1502 9 30 i
1614 1501 98 40 Gefle,
1730 1502 127 33 Calmar
1871 1503 58 32 och
1944 1503 147 39 Helsing-

486 1551 77 41 borg
590 1549 56 49 (då
673 1551 37 31 de
739 1551 329 40 boställslägenheter,
1098 1563 67 20 som
1192 1553 175 31 tillkomme
1396 1552 60 31 den
1484 1552 219 32 förstnämnde
1732 1554 59 31 och
1810 1554 61 32 den
1891 1553 197 33 sistnämnde

486 1602 35 33 af
546 1603 100 38 dessa,
688 1602 172 32 beräknats
887 1603 10 31 i
926 1603 92 31 värde
1047 1603 48 31 till
1124 1606 59 29 500
1211 1602 87 47 R:dr)
1326 1604 164 39 föreslagit
1516 1603 141 41 aflöning
1685 1605 71 31 med
1786 1608 93 36 5,000
1905 1606 76 31 R:dr
2007 1609 82 28 samt

486 1654 50 31 för
568 1654 230 31 tullförvaltare
826 1654 10 30 1
864 1653 98 32 rikets
990 1654 100 39 öfriga
1118 1655 107 31 städer
1252 1658 105 28 ansett
1384 1654 232 42 lönebeloppen
1643 1655 77 32 böra
1748 1656 190 32 bestämmas
1966 1657 47 31 till
2040 1667 49 21 re-

486 1705 141 41 spektive
655 1707 103 36 4,500,
787 1706 105 38 4,000,
923 1707 103 36 3,500,
1058 1707 103 37 3,000,
1191 1708 91 36 2,500
1310 1707 57 31 och
1396 1708 94 37 2,000
1517 1707 85 38 R:dr,
1632 1707 57 31 allt
1716 1707 81 32 efter
1825 1711 145 35 orternas
1988 1710 102 30 större

486 1757 77 31 eller
603 1756 122 31 mindre
764 1756 194 41 betydenhet
985 1767 66 21 som
1079 1757 194 40 tullplatser;
1301 1757 136 32 varande
1465 1757 95 32 likväl
1589 1759 196 40 rese-anslag
1812 1759 77 31 eller
1915 1759 87 32 häst-
2030 1759 59 32 och

487 1807 135 39 båtlega,
652 1807 37 31 de
718 1807 56 31 der
802 1807 112 31 endast
941 1807 195 32 innefattade
1165 1808 200 40 godtgörelse
1392 1809 50 31 för
1470 1809 70 30 med
1568 1809 251 41 tjenstgöringen
1838 1810 151 32 förenade
2003 1810 87 32 kost-

487 1858 108 39 nader,
637 1859 10 31 i
688 1858 38 32 de
766 1858 134 32 anförda
926 1869 184 21 summorna
1135 1859 70 32 icke
1231 1860 201 41 inbegripna;
1460 1859 60 32 och
1548 1860 81 32 hade
1656 1860 49 32 för
1731 1861 102 32 andra
1858 1861 124 32 verkets
2009 1862 82 41 tjen-

487 1913 123 28 stemän
651 1910 60 31 och
752 1909 139 42 betjente
919 1909 314 43 aflöningsbeloppen
1261 1911 103 31 blifvit
1391 1911 179 40 föreslagna
1596 1912 10 31 i
1634 1912 140 31 härefter
1800 1916 83 28 samt
1910 1913 70 31 med
2007 1913 84 31 före-

487 1960 78 32 nadt
592 1960 148 32 afseende
768 1963 41 38 på
838 1961 147 31 behofvet
1011 1962 59 30 och
1097 1962 87 31 förut
1210 1963 174 31 innehafda
1410 1961 177 33 inkomster
1613 1963 145 41 lämpligt
1785 1964 113 31 ansedt
1916 1964 173 32 förhållan-

486 2012 49 38 de,
564 2014 35 29 så
625 2015 48 29 att
700 2014 47 36 de,
778 2012 81 31 efter
886 2012 84 31 hand
998 2013 193 40 nedgående,
1221 2013 101 32 skulle
1350 2013 127 32 komma
1503 2017 48 28 att
1578 2017 112 37 utgöra
1716 2014 49 32 för
1794 2015 60 32 den
1880 2016 103 40 lägsta
2000 2015 89 32 vakt-

487 2063 256 40 mästaregraden
773 2065 60 30 600
858 2063 77 32 R:dr
961 2067 82 28 samt
1069 2064 49 31 för
1145 2065 156 32 roddarne
1328 2065 51 32 vid
1408 2065 110 31 hamn-
1547 2065 59 32 och
1634 2065 333 42 kustbevakningarne
1993 2067 98 31 minst

487 2117 60 28 500
587 2115 86 37 R:dr,
712 2115 58 31 allt
808 2117 41 38 på
888 2118 65 28 sätt
991 2125 66 21 som
1086 2119 145 28 närmare
1260 2117 159 31 utvisades
1447 2116 34 31 af
1505 2116 54 31 det
1585 2117 71 31 utaf
1680 2117 161 41 Styrelsen
1870 2118 50 31 för
1946 2120 35 30 år
2010 2120 80 31 1869

487 2165 175 47 uppgjorda
689 2165 116 43 förslag
832 2166 48 32 till
907 2166 198 32 normalstat.
