2196 2630
696 155 343 32 Jordbruksutskottets
1063 153 162 32 utlåtande
1250 152 51 32 Nr
1324 154 51 31 93.
1764 152 19 30 5

224 238 169 46 gifterna
434 236 294 46 bortskaffades,
771 241 50 30 än
850 235 110 36 äfven
989 234 61 36 till
1079 235 45 34 de
1154 237 105 32 stora
1286 232 220 44 kostnader,
1537 243 81 24 som
1646 231 105 36 inom
1780 243 46 23 en

225 302 89 23 snar
340 289 159 36 framtid
527 289 60 35 för
613 289 118 35 brons
760 287 266 47 ombyggande
1051 286 112 36 torde
1182 285 166 45 kräfvas,
1369 284 216 45 hemställa,
1607 286 69 43 att,
1698 284 130 35 därest

226 354 46 23 en
300 341 164 47 förnyad
491 340 297 46 utarrendering
815 339 154 36 komme
999 341 59 33 att
1088 343 72 41 äga
1187 350 97 33 rum,
1306 338 127 34 denna
1453 338 121 33 måtte
1595 336 232 35 bestämmas

224 394 61 35 till
327 396 40 33 så
408 394 93 35 kort
544 393 56 35 tid
630 405 80 23 som
739 391 154 47 möjligt
921 391 73 35 och
1022 393 60 33 att
1109 393 51 43 på
1188 401 144 24 samma
1359 391 107 44 gång
1494 388 183 46 åtgärder
1704 390 123 33 måtte

224 445 177 47 vidtagas
446 445 59 36 för
533 447 60 33 att
621 445 135 35 staden
784 443 243 46 Falkenberg
1054 444 124 33 måtte
1207 442 158 35 komma
1392 441 12 34 i
1433 439 153 36 tillfälle
1615 442 61 33 att
1704 439 122 35 öfver-

225 502 92 42 taga
344 498 117 35 brons
489 497 184 35 framtida
701 495 214 36 underhåll.

354 551 16 33 I
405 549 238 36 sistnämnda
686 546 174 37 afseende
902 546 174 36 uttalade
1105 546 119 34 Eders
1252 544 140 46 Kungl.
1422 542 129 47 Maj:ts
1578 541 249 48 befallnings-

225 601 191 36 hafvande
458 602 75 34 den
574 600 165 45 åsikten,
782 601 70 43 att,
895 599 49 35 då
987 596 328 47 arrendeafgiften
1342 596 60 35 för
1430 594 297 47 ifrågavarande
1755 595 72 35 bro

226 654 189 35 alltsedan
457 654 74 35 den
570 656 15 32 1
621 652 155 46 januari
821 653 95 33 1892
961 649 151 47 utgjort
1150 649 72 35 och
1258 648 66 36 vid
1361 647 255 36 omförmälda
1648 647 180 35 arrende-

226 705 288 47 uppskattning
542 705 32 46 ej
604 704 124 36 heller
754 703 217 46 föreslagits
1000 702 62 35 till
1087 702 121 45 högre
1229 701 139 45 belopp
1390 706 49 29 än
1457 701 72 33 250
1549 699 158 45 kronor,
1728 702 100 32 mot-

226 758 186 35 svarande
451 757 98 35 efter
576 756 76 36 fem
680 758 163 44 procent
872 758 57 32 ett
957 753 272 47 kapitalvärde
1259 752 41 35 af
1326 754 110 42 5,000
1466 751 157 44 kronor,
1653 751 175 46 vägande

227 810 84 35 skäl
336 812 129 43 syntes
484 809 81 35 tala
584 808 61 36 för
665 810 60 33 att
744 808 97 35 bron
862 806 204 35 öfverlätes
1085 805 62 35 till
1167 804 136 36 staden
1323 804 163 35 allenast
1504 805 84 33 mot
1607 802 223 46 skyldighet

228 864 59 33 att
315 864 103 33 sätta
445 862 99 34 bron
572 861 12 34 i
613 863 59 32 ett
699 859 60 35 för
783 859 72 35 den
877 858 194 35 allmänna
1091 856 230 36 säkerheten
1341 854 264 47 betryggande
1625 854 122 45 skick,
1769 856 61 33 att

227 914 141 35 bevara
411 913 73 35 och
525 911 229 37 underhålla
796 911 221 35 densamma
1051 908 60 36 för
1139 908 52 35 all
1223 907 159 36 framtid
1410 907 123 35 under
1560 906 267 46 iakttagande,

227 966 126 35 såvidt
387 965 166 46 möjligt,
587 967 60 32 att
675 964 117 34 brons
819 961 223 36 nuvarande
1070 960 145 36 vackra
1247 959 183 36 utseende
1459 958 73 36 och
1560 957 270 47 egendomliga

228 1017 190 36 karaktär
445 1017 87 35 icke
559 1015 263 44 förändrades,
852 1016 99 33 samt
979 1015 60 34 att
1064 1012 196 46 medgifva
1278 1010 223 36 nuvarande
1521 1008 250 37 innehafvare
1792 1009 42 35 af

229 1069 255 36 broarrendet
511 1067 193 47 rättighet
733 1069 60 33 att
811 1069 96 33 utan
927 1064 218 47 tomtafgift
1164 1064 63 35 till
1246 1064 136 35 staden
1400 1062 126 36 bruka
1543 1061 73 36 och
1634 1061 195 36 bibehålla

227 1134 47 22 en
303 1122 88 35 dem
420 1120 177 47 tillhörig
626 1118 330 47 tullhusbyggnad
985 1117 107 35 invid
1121 1117 116 34 brons
1266 1116 176 46 sydöstra
1469 1113 203 36 landfäste.

358 1173 123 36 Sedan
522 1172 136 36 staden
701 1170 155 36 erhållit
896 1169 153 35 tillfälle
1085 1171 108 43 yttra
1222 1167 58 47 sig
1307 1167 87 35 med
1423 1166 210 45 anledning
1660 1164 43 37 af
1726 1165 103 35 hvad

228 1226 118 35 Eders
387 1224 140 46 Kungl.
562 1223 128 46 Maj:ts
723 1220 424 47 befallningshafvande
1176 1220 162 34 sålunda
1365 1217 212 47 föreslagit,
1606 1217 73 35 har
1705 1217 123 47 magi-

228 1279 148 33 straten
418 1276 87 36 med
546 1274 199 36 skrifvelse
786 1274 73 34 den
903 1275 19 33 9
967 1284 102 23 mars
1113 1273 96 34 1909
1253 1271 62 35 till
1356 1271 118 34 Eders
1519 1269 141 46 Kungl.
1700 1268 130 46 Maj:ts

228 1327 425 47 befallningshafvande
696 1326 257 35 öfverlämnat
994 1324 144 45 utdrag
1166 1322 42 36 af
1231 1321 371 46 stadsfullmäktiges
1630 1320 200 47 protokoll

227 1380 61 35 för
328 1380 74 35 den
446 1382 19 33 6
509 1391 101 23 mars
656 1380 111 42 1909,
810 1377 123 46 enligt
971 1375 152 36 hvilket
1155 1373 354 46 stadsfullmäktige
1536 1372 203 45 förklarat,
1770 1374 60 33 att

229 1432 135 36 staden
393 1443 91 24 vore
513 1431 110 46 villig
652 1430 202 45 öfvertaga
880 1429 98 35 bron
1007 1430 49 44 på
1086 1427 46 35 de
1161 1426 286 36 ofvannämnda
1475 1423 42 36 af
1540 1424 119 35 Eders
1687 1424 142 46 Kungl.

229 1483 128 47 Maj:ts
398 1481 425 48 befallningshafvande
860 1480 218 46 föreslagna
1106 1478 155 45 villkor,
1291 1478 130 35 därest
1447 1476 152 35 kronan
1627 1475 61 36 för
1714 1476 117 35 brons

229 1535 309 36 iståndsättande
578 1534 161 46 bidroge
781 1533 85 35 med
900 1532 148 35 hälften
1083 1531 41 35 af
1148 1531 67 35 det
1242 1530 153 46 belopp,
1426 1540 81 24 som
1535 1527 137 37 staden
1700 1527 130 36 visade

229 1588 58 46 sig
314 1587 116 36 hafva
458 1586 161 47 utgifvit
646 1585 61 36 för
734 1586 108 35 detta
871 1583 190 45 ändamål,
1091 1582 152 36 hvilket
1271 1581 138 46 bidrag
1439 1580 40 36 af
1502 1580 152 35 kronan
1674 1579 102 35 dock
1795 1579 32 46 ej

230 1640 122 34 skulle
381 1640 13 34 i
422 1641 121 44 något
571 1638 67 35 fall
668 1636 208 46 öfverstiga
908 1637 134 43 10,000
1073 1634 157 36 kronor.

359 1691 16 34 I
403 1689 258 47 nyssnämnda
689 1688 197 36 skrifvelse
915 1688 72 33 den
1019 1689 19 32 9
1069 1698 101 22 mars
1202 1687 96 33 1909
1325 1685 71 34 har
1414 1683 254 46 magistraten
1689 1681 140 46 anfört,

231 1745 70 43 att,
314 1742 123 46 enligt
453 1744 59 32 ett
528 1741 42 35 af
581 1740 266 46 aktiebolaget
862 1738 167 35 skånska
1045 1736 340 46 cementgjuterier
1400 1734 214 47 uppgjordt
1626 1734 204 35 kostnads-

230 1794 154 46 förslag,
427 1793 217 35 kostnaden
680 1792 59 34 för
770 1792 117 34 brons
915 1789 310 36 iståndsättande
1253 1788 154 35 komme
1436 1789 60 33 att
1524 1788 131 45 uppgå
1682 1785 62 36 till
1772 1788 59 32 ett

230 1846 142 46 belopp
401 1845 41 35 af
471 1846 134 44 19,635
636 1844 158 43 kronor,
824 1841 161 36 hvarvid
1013 1840 101 36 dock
1134 1840 32 46 ej
1188 1839 250 36 medräknats
1457 1837 263 36 kostnaderna
1740 1849 91 23 vare

231 1898 58 46 sig
329 1897 60 35 för
430 1898 116 34 brons
588 1894 261 46 stensättning
886 1893 85 35 med
1005 1892 144 36 tuktad
1177 1894 96 41 sten,
1303 1890 228 47 uppgående
1560 1889 62 35 till
1651 1888 181 46 omkring

232 1952 112 42 4,000
387 1949 159 44 kronor,
589 1948 94 34 eller
723 1947 58 35 för
811 1945 246 45 ommurning
1085 1944 42 35 af
1152 1944 45 35 de
1226 1943 13 35 i
1267 1942 228 46 bristfälligt
1523 1941 111 35 skick
1662 1940 169 36 varande

233 2000 251 44 broräckena,
514 1999 228 47 uppgående
772 1998 61 35 till
861 1996 180 45 omkring
1073 1998 109 42 1,000
1212 1995 157 35 kronor.
1413 1994 79 34 Den
1520 1992 177 46 verkliga
1723 1992 108 34 kost-

232 2053 125 34 naden
385 2052 60 34 för
472 2052 117 34 brons
616 2049 308 36 iståndsättande
953 2048 154 34 komme
1136 2046 162 35 sålunda
1326 2048 60 32 att
1413 2044 100 47 stiga
1532 2044 62 35 till
1614 2046 58 32 ett
1690 2043 142 45 belopp

233 2103 41 35 af
298 2103 182 45 omkring
509 2104 138 42 25,000
678 2101 156 35 kronor.
890 2099 73 34 Vid
992 2097 183 47 pröfning
1203 2097 41 34 af
1268 2097 153 34 stadens
1450 2095 235 45 erbjudande
1712 2094 120 36 borde

233 2154 176 35 afseende
437 2153 119 36 fästas
584 2153 80 34 dels
688 2151 148 44 därvid,
858 2153 60 33 att
938 2153 127 32 staten
1085 2161 139 34 genom
1244 2149 116 34 brons
1380 2146 264 36 öfverlåtande
1661 2148 21 32 å
1697 2146 135 34 staden

233 2206 122 34 skulle
398 2205 141 35 befrias
582 2204 31 46 ej
648 2203 150 35 mindre
827 2202 85 35 från
943 2204 122 32 större
1095 2200 110 35 delen
1235 2199 41 35 af
1299 2198 252 35 förenämnda
1579 2197 167 35 kostnad
1773 2196 60 35 för

234 2258 114 35 brons
389 2256 310 36 iståndsättande
741 2260 47 30 än
824 2252 110 37 äfven
967 2253 82 34 från
1080 2252 66 35 det
1174 2250 183 36 framtida
1385 2248 243 36 underhållet
1657 2248 41 34 af
1722 2249 108 43 bron,
