1912 2822
279 152 40 31 26
473 158 235 30 Sammansatt
729 161 98 27 stats-
848 159 64 29 och
935 159 110 35 första
1066 159 205 35 lagutskotts
1294 160 175 31 utlåtande
1491 160 48 30 Nr
1560 162 29 29 3.

283 243 147 35 nämnts,
452 242 101 30 tänkt
574 241 50 38 sig
644 244 50 29 att
715 242 157 37 samtliga
893 241 140 38 jurister
1055 252 74 21 som
1149 243 176 31 erfordras
1347 244 54 30 för
1422 253 43 21 en
1488 245 181 36 domsagas
1694 246 90 30 sköt-

283 293 48 31 sel
359 293 97 30 skola
485 292 130 32 erhålla
643 293 163 31 arvoden.
837 293 198 31 Emellertid
1064 294 201 30 förutsätter
1294 294 238 37 utredningen,
1562 298 49 28 att
1640 296 143 30 härads-

281 343 196 37 hövdingen
493 343 124 31 liksom
634 343 122 31 hittills
773 344 88 30 skall
876 345 121 29 kunna
1015 343 69 32 låta
1101 354 43 21 en
1160 344 88 37 juris
1266 345 167 31 kandidat
1450 345 192 38 tjänstgöra
1659 347 10 30 i
1688 347 95 30 dom-

282 401 105 30 sagan
403 396 85 28 utan
505 396 48 29 att
569 403 82 21 vara
668 403 43 22 av
727 395 181 30 hovrätten
926 395 191 31 förordnad
1133 395 290 37 notarieaspirant
1439 397 82 30 eller
1538 396 141 31 notarie.
1699 397 15 30 I
1733 396 50 32 så-

283 445 82 30 dant
386 444 62 31 fall
470 445 88 30 skall
579 444 273 38 tjänstgöringen
874 446 89 30 dock
985 445 75 31 icke
1082 446 159 31 medföra
1263 446 113 37 någon
1398 448 67 29 rätt
1487 447 51 30 till
1560 447 224 31 meritberäk-

281 495 92 37 ning.
396 495 89 31 Fara
505 496 70 29 kan
593 495 191 31 emellertid
803 495 164 38 föreligga
988 496 54 30 för
1060 499 48 28 att
1129 497 118 36 längre
1265 497 81 30 eller
1365 498 139 30 kortare
1525 498 65 30 tids
1612 498 172 30 oavlönad

282 545 229 38 tjänstgöring
533 546 10 30 i
564 547 166 36 domsaga
752 546 66 31 blir
839 546 123 31 villkor
985 547 54 30 för
1061 549 48 28 att
1131 548 67 30 den
1219 556 90 28 unge
1330 547 147 37 juristen
1499 549 87 30 skall
1608 549 143 30 komma
1773 550 11 29 i

281 595 125 32 åtanke
434 596 60 31 vid
521 597 212 31 tillsättande
762 606 42 21 av
832 597 398 37 notarieaspiranttjänst
1260 599 10 30 i
1299 599 200 36 domsagan.
1531 599 64 30 Till
1625 599 158 37 förebyg-

283 648 108 36 gande
414 656 43 22 av
479 657 43 21 en
546 646 107 32 sådan
676 648 198 37 utveckling
895 649 86 30 böra
1005 648 11 30 i
1041 649 164 30 händelse
1229 659 42 21 av
1294 650 111 30 behov
1430 650 171 30 särskilda
1624 649 160 38 åtgärder

284 694 162 36 vidtagas.
472 695 65 30 Det
558 696 37 29 är
618 696 175 36 nämligen
814 698 45 28 ett
879 696 122 37 viktigt
1023 697 308 31 samhällsintresse
1351 701 49 27 att
1421 698 174 37 begåvade
1617 708 93 28 unga
1731 699 53 40 ju-

283 744 98 30 rister
399 745 78 30 icke
498 754 42 22 av
562 746 226 31 ekonomiska
808 747 73 29 skäl
901 746 155 31 avhållas
1075 746 80 31 från
1177 748 248 31 domarbanan.

326 792 277 44 Överflyttandet
628 808 42 22 av
697 808 70 29 nya
792 801 64 29 och
882 809 96 21 mera
1004 800 246 32 kvalificerade
1277 801 290 37 arbetsuppgifter
1592 801 21 31 å
1640 802 41 30 de
1708 802 77 30 icke

281 848 225 32 rättsbildade
535 850 345 37 domsagobiträdena
904 851 272 36 nödvändiggör,
1205 861 75 21 som
1307 853 148 35 nämnts,
1485 861 43 21 en
1555 852 93 31 såväl
1676 854 107 29 kvan-

281 899 110 31 titativ
413 909 76 21 som
513 900 178 31 kvalitativ
715 901 236 37 förstärkning
974 911 43 21 av
1041 902 112 31 denna
1178 903 169 35 personal.
1373 902 117 31 Under
1513 912 44 21 en
1580 902 203 38 övergångs-

282 950 49 31 tid
351 952 38 29 är
410 951 58 30 det
486 951 200 36 emellertid,
707 952 107 36 enligt
834 952 405 37 domsagoutredningen,
1261 955 107 28 avsett
1388 956 50 28 att
1460 954 10 30 i
1492 953 111 31 stället
1624 953 55 31 för
1701 954 82 30 kva-

281 1001 146 31 lificerat
451 1002 302 36 domsagobiträde
777 1002 86 30 skall
886 1003 122 30 kunna
1030 1012 82 21 vara
1135 1004 151 30 anställd
1309 1004 149 30 avlönad
1481 1004 235 36 tingsnotarie.

326 1052 66 31 För
412 1053 219 30 närvarande
651 1052 118 31 finnas
791 1070 45 3 —
855 1054 144 29 bortsett
1020 1052 78 31 från
1120 1054 79 30 dem
1221 1063 75 21 som
1316 1054 71 30 helt
1409 1055 109 36 syssla
1539 1055 79 30 med
1639 1055 144 36 uppläg-

283 1100 109 36 gande
417 1110 42 20 av
485 1110 69 27 nya
577 1100 307 37 fastighetsböcker
906 1119 45 3 —
974 1101 161 37 omkring
1159 1103 64 29 200
1246 1102 75 30 icke
1344 1103 225 30 rättsbildade
1592 1103 160 31 biträden
1773 1103 11 30 i

281 1154 241 36 domsagorna.
541 1153 107 31 Dessa
666 1154 47 30 ha
731 1164 43 21 en
793 1154 264 31 medelinkomst
1075 1164 43 21 av
1137 1155 160 36 omkring
1317 1155 240 36 2,700—2,800
1577 1156 130 30 kronor
1727 1164 58 21 om

282 1200 81 31 året.
391 1201 132 31 Endast
546 1211 57 21 sex
628 1202 161 30 biträden
811 1202 118 36 uppnå
952 1212 44 21 en
1018 1203 152 30 inkomst
1193 1213 42 20 av
1261 1205 79 29 över
1363 1204 96 35 4,000
1483 1204 130 30 kronor
1635 1205 66 30 och
1727 1214 56 21 en-

283 1251 75 30 dast
381 1251 57 31 två
461 1261 43 21 en
525 1252 152 30 inkomst
699 1262 43 21 av
765 1254 79 29 över
866 1253 95 35 5,000
985 1253 137 30 kronor.
1149 1253 67 30 Till
1238 1253 198 39 jämförelse
1457 1254 72 30 kan
1552 1256 157 35 nämnas,
1736 1258 48 28 att

283 1304 196 30 nettolönen
500 1303 20 31 å
539 1304 166 30 medelort
726 1305 205 30 inberäknat
948 1305 117 36 rörligt
1085 1305 118 36 tillägg
1220 1305 66 31 och
1304 1305 190 37 kristillägg
1511 1306 12 30 i
1540 1306 164 35 lönegrad
1722 1306 27 30 A
1767 1307 18 29 2

282 1352 55 32 för
352 1355 217 30 närvarande
584 1355 99 35 utgör
699 1364 56 21 c:a
772 1356 239 35 2,900—3,700
1027 1356 138 35 kronor,
1184 1356 11 29 i
1211 1356 163 35 lönegrad
1392 1356 28 30 A
1436 1357 19 29 4
1471 1366 55 21 c:a
1544 1357 241 35 3,300—4,100

282 1405 137 35 kronor,
440 1405 11 29 i
468 1405 164 35 lönegrad
649 1405 28 30 A
697 1406 16 29 7
734 1415 56 21 c:a
805 1406 241 35 3,900—4,800
1063 1407 131 29 kronor
1210 1407 66 30 och
1295 1407 10 29 i
1322 1407 165 35 lönegrad
1507 1407 28 30 A
1554 1408 36 29 11
1613 1416 55 22 c:a
1688 1408 97 35 4,700

280 1455 142 34 —5,800
443 1455 139 30 kronor.

325 1506 114 38 Enligt
459 1507 230 36 utredningen
710 1507 110 31 skulle
841 1507 161 32 tillsättas
1023 1507 154 37 följande
1200 1508 95 30 antal
1316 1508 174 31 ordinarie
1512 1508 271 37 domsagobiträ-

281 1558 76 36 den,
376 1558 174 37 nämligen
571 1558 59 30 119
648 1559 10 30 i
677 1559 207 35 lönegraden
902 1558 28 29 A
950 1559 49 35 11,
1018 1558 104 31 minst
1138 1561 49 28 ett
1205 1559 10 29 i
1234 1558 94 37 varje
1346 1559 176 37 domsaga,
1541 1560 41 29 33
1600 1559 11 31 i
1629 1560 154 36 lönegra-

280 1608 68 30 den
370 1607 28 31 A
424 1609 16 29 7
467 1609 67 30 och
557 1608 39 30 97
622 1608 10 30 i
654 1608 210 37 lönegraden
887 1608 27 30 A
938 1609 30 30 4.
995 1608 233 38 Utredningen
1253 1610 64 30 har
1340 1609 118 31 vidare
1483 1610 125 31 räknat
1633 1611 80 30 med
1737 1613 47 28 ett

280 1659 112 30 behov
417 1668 44 22 av
488 1659 44 30 30
557 1661 95 29 extra
679 1659 174 31 ordinarie
880 1660 66 30 och
974 1659 40 31 50
1042 1662 96 28 extra
1164 1660 343 37 befattningshavare
1535 1661 79 31 med
1642 1661 140 30 heltids-

279 1708 229 39 tjänstgöring
528 1710 11 30 i
560 1710 164 37 lönegrad
746 1710 30 30 4.
798 1710 72 31 Den
891 1720 69 27 nya
982 1710 278 37 organisationen
1282 1711 110 31 skulle
1413 1712 100 35 dock,
1535 1721 77 21 som
1632 1713 151 34 nämnts,

283 1757 30 39 ej
332 1758 212 30 omedelbart
561 1758 98 30 träda
677 1758 11 30 i
705 1758 96 30 kraft
818 1759 10 29 i
848 1758 65 30 full
930 1759 249 37 utsträckning.
1200 1760 234 36 Utredningen
1453 1760 111 37 anför,
1585 1764 50 27 att
1654 1761 11 30 i
1685 1760 100 37 fråga

281 1817 60 21 om
367 1808 327 36 nyorganisationen
722 1818 43 21 av
792 1809 66 30 den
887 1809 76 31 icke
990 1809 225 31 rättsbildade
1242 1811 203 35 personalen
1474 1821 42 20 en
1545 1811 240 37 övergångstid

283 1867 42 21 av
349 1857 69 31 fem
441 1857 38 31 år
504 1858 105 31 borde
632 1859 147 37 stadgas,
804 1859 109 30 under
936 1860 116 30 vilken
1077 1860 42 31 de
1142 1870 42 21 av
1207 1861 227 36 utredningen
1457 1861 195 37 föreslagna
1677 1862 107 39 tjäns-

283 1910 95 28 terna
401 1908 55 31 för
480 1908 109 32 sådan
612 1910 161 35 personal
796 1909 115 32 kunde
935 1910 52 31 stå
1010 1911 163 30 obesatta.
1199 1911 376 37 Häradshövdingarna
1597 1912 108 31 borde
1728 1912 56 31 be-

281 1959 98 30 redas
405 1960 68 36 god
496 1959 50 31 tid
569 1962 48 28 att
641 1960 166 31 anskaffa
832 1961 65 30 och
920 1961 134 31 utbilda
1078 1961 224 37 erforderliga
1327 1962 168 37 biträden,
1524 1963 138 30 särskilt
1688 1972 94 22 mera

280 2012 247 32 kvalificerade
551 2022 74 22 som
649 2013 119 31 kunde
791 2014 92 31 bliva
908 2014 164 37 lämpliga
1096 2014 54 31 för
1175 2013 191 38 tjänsterna
1389 2015 12 30 i
1430 2015 36 29 11
1493 2015 66 30 och
1585 2016 16 29 7
1628 2015 155 37 lönegra-

282 2064 115 30 derna.
419 2063 14 30 I
454 2064 151 31 avbidan
625 2063 45 38 på
689 2066 50 28 att
760 2065 98 31 dessa
879 2063 146 38 tjänster
1045 2065 98 30 bleve
1161 2065 259 37 vederbörligen
1441 2066 134 30 besatta
1595 2066 108 30 borde
1725 2075 58 21 no-

279 2114 104 31 tarier
400 2114 51 31 till
469 2115 108 30 större
595 2115 94 31 antal
707 2116 46 29 än
772 2124 73 21 som
864 2124 42 21 av
924 2115 228 37 utredningen
1171 2116 179 30 förutsatts
1369 2117 121 29 kunna
1509 2125 83 21 vara
1611 2115 173 32 anställda

280 2164 11 31 i
316 2165 243 37 domsagorna.
585 2164 155 32 Sålunda
765 2166 109 30 skulle
899 2166 11 30 i
936 2167 175 36 domsaga,
1139 2167 64 30 där
1228 2167 109 30 under
1363 2166 285 37 övergångstiden
1676 2166 108 37 tjänst

280 2215 11 30 i
315 2215 37 30 11
375 2215 82 31 eller
480 2216 17 29 7
521 2216 208 37 lönegraden
751 2217 95 30 stode
866 2217 143 36 obesatt,
1031 2216 225 37 tingsnotarie
1277 2217 11 30 i
1310 2217 111 31 stället
1443 2218 122 30 kunna
1586 2217 196 35 förordnas,

280 2267 88 30 även
387 2275 57 21 om
465 2266 201 37 därigenom
686 2267 58 30 det
764 2276 42 22 av
826 2267 228 37 utredningen
1075 2268 196 36 föreslagna
1292 2269 128 30 antalet
1441 2268 151 31 notarier
1614 2269 10 30 i
1646 2269 137 30 domsa-

281 2324 65 29 gan
362 2317 232 30 överskredes.
611 2317 14 30 I
641 2318 172 30 särskilda
829 2318 61 30 fall
906 2319 118 30 kunde
1039 2328 41 21 en
1098 2319 117 36 längre
1232 2318 238 37 övergångstid
1487 2320 45 30 än
1549 2319 71 31 fem
1636 2318 39 32 år
1690 2319 95 31 bliva

279 2367 168 37 behövlig,
474 2368 206 35 exempelvis
706 2378 59 20 om
789 2369 280 36 uppläggningen
1095 2379 42 21 av
1163 2369 42 31 de
1230 2379 69 28 nya
1324 2369 357 37 fastighetsböckerna
1707 2369 77 31 icke

280 2418 123 30 hunnit
420 2418 153 31 avslutas
590 2417 95 32 inom
703 2419 114 31 denna
834 2419 58 31 tid.
911 2419 66 31 Vid
994 2419 215 37 övergången
1227 2420 51 30 till
1295 2420 65 30 den
1379 2430 68 28 nya
1466 2421 192 37 ordningen
1675 2420 109 31 borde

281 2468 9 30 i
317 2469 89 36 regel
433 2469 44 31 de
503 2478 43 22 av
572 2469 370 38 häradshövdingarna
970 2480 48 21 nu
1046 2471 171 31 anställda
1244 2471 76 30 icke
1347 2471 226 31 rättsbildade
1601 2471 184 31 biträdena
