1912 2826
294 161 42 30 24
491 165 234 30 Sammansatt
747 169 98 27 stats-
868 166 64 30 och
955 166 108 35 första
1085 166 204 35 lagutskotts
1313 166 175 32 utlåtande
1510 167 48 30 Nr
1580 168 29 29 3.

300 247 81 30 med
407 246 147 30 flertalet
580 256 42 21 av
652 247 42 30 de
719 248 80 29 över
824 247 163 36 förslaget
1014 247 121 37 hörda,
1166 248 70 30 min
1265 249 215 36 principiella
1506 249 209 37 anslutning.
1742 250 59 30 Ar-

299 296 252 37 betsuppgifter
576 306 76 21 som
678 297 74 30 icke
776 297 109 31 kräva
909 298 146 38 juridisk
1081 298 106 30 insikt
1212 299 82 30 böra
1319 298 146 31 sålunda
1489 299 91 31 åvila
1606 300 196 31 notarierna

300 347 122 30 endast
442 347 10 30 i
476 347 65 30 den
562 348 238 36 utsträckning
821 358 75 20 som
920 348 69 30 kan
1009 358 98 20 anses
1130 349 199 36 erforderlig
1353 349 44 36 på
1422 350 110 35 grund
1555 360 42 20 av
1618 351 183 30 arbetsför-

299 398 210 32 hållandena
528 399 11 30 i
561 401 230 35 domsagorna
812 401 66 30 och
899 401 78 30 med
997 401 138 36 hänsyn
1155 401 49 30 till
1223 404 48 27 att
1291 402 43 29 de
1352 401 85 31 böra
1457 400 131 32 erhålla
1607 410 42 21 en
1669 401 135 37 allsidig

298 450 160 35 praktisk
474 450 206 37 utbildning.

345 500 96 30 Givet
459 502 38 29 är
514 501 189 30 emellertid
721 504 58 34 att,
798 501 116 31 såsom
931 502 228 36 utredningen
1178 502 104 31 också
1299 502 173 37 förutsatt,
1491 512 42 21 en
1553 502 38 31 så
1609 503 195 36 betydande

299 551 208 37 avkortning
528 561 43 21 av
594 552 227 31 notarietiden
844 562 77 21 som
941 552 51 31 till
1012 552 58 31 två
1091 552 41 31 år
1152 553 74 30 icke
1246 554 63 29 bör
1331 553 46 36 på
1397 563 43 20 en
1461 553 89 36 gång
1572 553 230 36 genomföras.

300 602 233 36 Utredningen
556 604 66 29 har
643 603 55 30 för
721 603 51 30 sin
797 603 55 31 del
874 604 99 29 tänkt
994 603 50 37 sig
1066 613 43 20 en
1130 603 125 37 treårig
1276 604 249 36 övergångstid,
1550 604 172 30 varunder
1744 614 58 20 no-

298 652 181 31 tarietiden
502 653 111 30 skulle
635 663 82 21 vara
738 653 56 31 två
818 655 66 29 och
907 657 47 27 ett
975 655 96 29 halvt
1092 654 48 31 år.
1165 653 63 31 Det
1249 664 101 27 synes
1373 655 71 38 mig
1464 654 204 37 lämpligare
1690 657 49 28 att
1761 664 42 21 en

299 703 184 31 notarietid
501 703 45 37 på
565 704 59 31 två
642 705 64 29 och
724 708 45 28 ett
786 705 97 30 halvt
900 704 39 31 år
955 705 208 30 bestämmes
1182 707 47 28 att
1247 706 90 35 gälla
1354 705 187 30 tillsvidare
1561 705 11 30 i
1591 705 151 30 avbidan
1759 705 45 36 på

298 754 199 30 erfarenhet
520 764 57 20 om
604 755 254 36 verkningarna
882 765 43 21 av
949 756 65 30 den
1039 756 155 30 ändrade
1217 756 365 36 arbetsfördelningen.
1610 756 71 30 När
1702 756 101 30 rätte-

299 804 283 36 gångsreformen
602 805 104 36 inom,
726 805 114 31 såsom
858 805 59 37 jag
933 807 144 36 hoppas,
1096 809 47 27 ett
1160 806 85 31 fåtal
1263 806 39 30 år
1318 807 140 35 bringas
1479 806 10 30 i
1507 807 229 36 tillämpning,
1755 807 47 30 lä-

301 865 55 20 rer
372 855 55 30 för
443 855 108 37 övrigt
568 856 186 36 anledning
771 856 166 38 föreligga
953 859 48 28 att
1017 860 155 33 upptaga
1191 857 90 31 detta
1299 857 170 37 spörsmål
1484 857 52 32 till
1553 857 141 37 förnyat
1709 858 94 30 över-

299 906 165 36 vägande.

344 956 170 31 Jämsides
538 958 81 30 med
644 958 119 30 kravet
786 958 46 36 på
857 968 42 20 en
926 958 221 37 förkortning
1171 968 42 21 av
1237 959 228 30 notarietiden
1489 959 47 30 ha
1561 958 11 30 i
1596 958 207 37 yttrandena

298 1010 87 30 rests
408 1007 151 37 anspråk
583 1008 45 36 på
651 1011 48 28 att
721 1008 215 31 notariernas
957 1009 204 36 kompetens
1183 1013 48 28 att
1251 1010 196 36 handlägga
1469 1009 70 31 mål
1562 1010 67 29 och
1653 1010 150 29 ärenden

299 1058 59 30 vid
382 1059 283 30 häradsrätterna
689 1059 86 30 skall
799 1059 169 37 utvidgas.
995 1060 161 30 Rörande
1179 1060 91 30 detta
1295 1069 121 21 senare
1441 1059 171 37 spörsmål
1636 1059 58 31 må
1717 1060 87 30 först

299 1109 215 36 framhållas,
541 1112 51 28 att
617 1110 320 36 betänkligheterna
962 1113 72 27 mot
1060 1119 44 21 en
1130 1110 203 37 utvidgning
1360 1120 44 21 av
1429 1111 248 36 kompetensen
1705 1110 98 37 tydli-

299 1168 66 27 gen
384 1160 108 31 måste
511 1161 86 30 ökas
616 1161 10 29 i
645 1171 134 21 samma
796 1160 84 32 mån
900 1170 74 22 som
993 1161 228 30 notarietiden
1238 1162 185 30 förkortas.
1443 1162 64 30 Det
1525 1161 71 31 kan
1616 1161 188 30 emellertid

298 1210 231 37 ifrågasättas,
553 1212 175 30 huruvida
752 1212 67 30 den
843 1212 202 30 nuvarande
1067 1211 228 31 notarietiden
1320 1213 40 29 är
1383 1212 80 30 fullt
1486 1212 319 30 tillfredsställande

298 1262 137 36 avvägd
454 1262 10 29 i
485 1262 220 30 förhållande
727 1262 50 30 till
798 1263 42 29 de
862 1262 301 37 arbetsuppgifter,
1188 1272 73 20 som
1283 1263 176 30 därunder
1480 1262 187 31 successivt
1688 1262 116 31 anför-

301 1316 70 27 tros
388 1313 206 30 notarierna.
613 1313 14 29 I
644 1313 109 36 själva
770 1314 119 29 verket
907 1313 96 31 torde
1020 1314 55 29 det
1093 1313 150 31 förhålla
1260 1313 51 37 sig
1327 1313 49 37 så,
1394 1316 48 29 att
1459 1314 56 30 det
1532 1313 56 30 för
1604 1313 201 31 erhållande

298 1372 43 20 av
370 1363 206 36 befogenhet
604 1366 49 26 att
681 1363 195 36 handlägga
906 1363 386 36 inskrivningsärenden
1319 1364 66 29 och
1413 1362 221 38 bagatellmål
1663 1367 98 35 samt,
1794 1363 11 30 i

299 1412 268 36 undantagsfall,
606 1413 10 29 i
653 1412 108 36 övrigt
796 1412 150 31 förvalta
982 1413 420 36 häradshövdingämbete
1425 1414 119 30 hittills
1570 1413 150 31 fordrats
1748 1414 56 29 väl

300 1464 80 37 lång
396 1465 65 30 tids
477 1464 208 37 föregående
700 1465 229 36 tjänstgöring
943 1465 12 30 i
970 1467 176 34 domsaga.
1164 1465 99 31 Detta
1279 1465 156 36 framgår
1451 1466 106 29 därav
1574 1468 49 28 att
1639 1482 44 4 —
1698 1465 107 30 sedan

298 1516 58 30 det
374 1515 110 30 under
500 1525 47 20 nu
566 1515 155 31 rådande
737 1515 124 31 kristid
880 1516 80 30 med
980 1516 75 30 dess
1074 1525 44 21 av
1137 1516 42 30 de
1197 1515 151 31 militära
1368 1515 244 31 inkallelserna
1631 1515 172 31 föranled-

298 1567 46 30 da
365 1566 85 31 brist
472 1566 44 36 på
537 1566 320 36 domsagonotarier
879 1566 87 30 visat
988 1566 49 38 sig
1058 1566 57 30 för
1138 1566 314 37 domsagoarbetets
1473 1566 258 37 uppehållande
1753 1575 50 21 er-

298 1617 180 36 forderligt
496 1620 48 27 att
563 1617 88 30 intill
670 1620 46 27 ett
733 1617 95 30 halvt
846 1617 39 31 år
902 1617 156 30 förkorta
1076 1617 95 30 tiden
1189 1617 54 30 för
1263 1617 68 30 den
1350 1617 206 36 föregående
1575 1617 229 36 tjänstgöring

298 1668 11 30 i
328 1668 165 36 domsaga
513 1678 75 20 som
608 1668 173 30 erfordras
798 1668 57 30 för
872 1668 231 30 förvärvande
1120 1677 44 20 av
1182 1668 40 30 de
1240 1668 93 30 olika
1351 1668 392 36 behörighetsgraderna
1760 1684 45 4 —

297 1718 117 36 någon
433 1719 181 36 olägenhet
634 1719 108 30 härav
762 1719 76 30 icke
857 1718 179 36 försports.
1058 1718 67 30 Vid
1146 1718 122 31 sådant
1289 1718 219 31 förhållande
1530 1728 104 27 synas
1657 1718 69 36 mig
1747 1719 55 29 be-

299 1769 229 36 länkligheter
547 1769 77 30 icke
643 1769 163 36 föreligga
825 1772 73 27 mot
917 1772 48 27 att
984 1768 173 32 såtillvida
1176 1769 207 36 tillmötesgå
1401 1770 129 30 kraven
1550 1769 48 36 på
1617 1769 111 32 ökade
1747 1769 56 30 be-

298 1820 202 36 fogenheter
522 1820 58 30 för
603 1819 197 31 notarierna
823 1822 50 28 att
897 1820 66 30 den
987 1829 47 21 nu
1059 1819 201 37 tillämpade
1284 1820 236 36 provisoriska
1543 1819 192 36 ordningen
1758 1819 47 37 på

298 1872 95 29 detta
420 1871 140 30 område
587 1872 98 35 göres
710 1870 247 31 beståndande.
985 1870 55 31 Att
1065 1871 178 30 utsträcka
1269 1870 384 37 notariekompetensen
1679 1870 51 30 till
1755 1873 49 27 att

295 1922 132 37 jämväl
452 1921 113 31 såsom
591 1922 91 35 regel
709 1930 80 21 avse
815 1920 258 37 handläggning
1100 1930 42 21 av
1169 1921 107 30 andra
1302 1920 71 31 mål
1399 1921 65 30 och
1492 1921 153 30 ärenden
1671 1922 45 29 än
1741 1921 59 29 ba-

295 1971 175 38 gatellmål
512 1972 66 30 och
622 1971 387 36 inskrivningsärenden
1050 1980 101 27 synes
1195 1971 68 35 mig
1306 1971 156 30 däremot
1495 1971 54 31 för
1581 1971 219 31 närvarande

295 2023 77 30 icke
399 2032 81 21 vara
507 2022 188 36 tillrådligt.
726 2022 151 31 Fortsatt
904 2022 311 36 uppmärksamhet
1243 2022 63 30 bör
1333 2021 189 31 emellertid
1552 2024 106 35 ägnas
1686 2022 114 30 denna

295 2073 109 37 fråga.

344 2124 14 29 I
382 2124 106 30 likhet
512 2124 81 30 med
617 2123 392 36 domsagoutredningen
1033 2133 103 20 anser
1160 2122 66 37 jag,
1251 2127 48 27 att
1321 2124 42 30 de
1388 2124 158 36 notarier,
1573 2134 75 20 som
1674 2123 130 31 erford-

298 2184 57 20 ras
379 2174 54 30 för
458 2174 248 36 domsagornas
731 2175 137 35 skötsel,
891 2174 84 31 böra
997 2173 135 37 åtnjuta
1156 2175 170 35 avlöning.
1352 2173 109 37 Något
1482 2174 128 31 arvode
1633 2175 63 29 bör
1717 2173 86 37 jäm-

298 2225 55 29 väl
379 2224 193 32 tillkomma
597 2225 43 30 de
662 2224 201 38 aspiranter,
889 2234 74 21 som
986 2225 165 30 anställas
1174 2224 54 31 för
1250 2224 214 37 rekrytering
1488 2235 42 21 av
1554 2224 248 37 notarieperso-

298 2275 113 30 nalen.
443 2275 234 36 Utredningen
696 2276 64 29 har
781 2276 201 36 uppskattat
1002 2275 56 30 det
1077 2274 87 31 efter
1184 2274 205 37 genomförd
1409 2275 132 31 ändrad
1562 2275 241 31 arbetsfördel-

298 2324 84 37 ning
408 2324 52 31 för
486 2326 159 35 samtliga
670 2326 182 35 domsagor
877 2325 223 36 erforderliga
1126 2326 128 30 antalet
1280 2326 169 30 avlönade
1475 2325 153 31 notarier
1652 2325 50 31 till
1729 2326 74 34 258,

298 2375 245 31 motsvarande
563 2376 160 38 omkring
743 2375 56 31 två
821 2375 206 37 tredjedelar
1046 2386 42 20 av
1107 2377 79 29 hela
1207 2377 128 29 antalet
1355 2376 159 36 notarier,
1537 2386 75 20 som
1635 2376 56 30 vid
1710 2376 93 30 tiden

298 2424 57 31 för
380 2425 178 36 förslagets
587 2426 189 35 avgivande
800 2436 84 21 voro
910 2426 171 31 anställda
1109 2427 11 29 i
1146 2426 240 36 domsagorna.
1422 2426 67 31 För
1516 2425 97 37 varje
1638 2426 165 36 domsaga

297 2475 66 31 har
386 2476 130 36 därvid,
540 2476 109 30 bland
671 2480 105 27 annat
798 2487 43 20 ur
864 2477 239 31 kontinuitets-
1127 2477 65 30 och
1217 2477 458 37 rekryteringssynpunkter,
1699 2476 106 29 minst
