2224 2644
389 155 118 32 Andra
529 154 215 33 Kammarens
771 154 175 43 Tillfälliga
976 155 138 32 Utskotts
1136 156 74 39 (N:o
1234 157 34 38 4)
1298 153 169 33 Utlåtande
1492 155 61 32 N:o
1577 157 51 30 34.
1728 155 40 32 23

215 233 230 37 fortfarande
473 246 90 24 vore
592 233 144 36 kronan
765 232 185 37 behållna.
1008 233 198 37 Likaledes
1235 233 226 47 anmärktes,
1491 238 56 31 att
1573 232 238 38 bestämmel-

214 298 109 23 serna
365 299 60 23 om
468 285 279 48 bruksägarens
790 284 70 37 och
901 285 116 36 åbons
1050 285 177 37 inbördes
1255 285 227 48 rättigheter
1510 298 93 24 voro
1632 285 40 37 af
1696 285 115 37 sådan

214 336 274 49 beskaffenhet,
532 342 54 31 att
619 338 45 35 de
693 350 90 23 voro
813 337 146 48 ägnade
988 342 55 31 att
1068 337 193 36 föranleda
1290 337 252 49 oupphörliga
1571 337 242 48 tvistigheter

216 388 84 37 dem
330 389 171 40 emellan.
559 388 278 37 Erfarenheten
857 388 68 36 har
944 389 81 36 icke
1037 389 126 48 jäfvat
1177 388 235 49 riktigheten
1429 388 41 36 af
1482 390 104 35 detta
1604 389 207 47 uttalande,

215 440 66 36 och
327 439 63 37 det
431 440 69 36 har
541 440 187 48 naturligt
769 453 79 35 nog
881 440 98 36 varit
1008 440 110 47 åbon,
1148 453 81 23 som
1258 440 12 35 1
1298 440 108 36 dessa
1435 441 134 35 tvister
1597 441 124 46 dragit
1750 441 63 35 det

215 492 169 35 kortaste
426 494 127 34 strået.
610 492 15 35 I
668 491 109 36 dessa
819 491 355 37 missförhållanden
1215 492 76 35 kan
1332 492 70 35 och
1440 492 70 36 bör
1550 493 155 35 rättelse
1747 492 66 36 ske

216 542 104 36 såväl
347 556 136 35 genom
513 557 52 34 ny
593 543 246 48 lagstiftning
867 556 80 23 som
977 556 138 35 genom
1141 542 294 37 administrativt
1455 543 238 48 ingripande.
1728 543 85 36 Men

188 612 4 4 :
215 594 129 36 härför
373 595 219 36 förutsättes
621 608 46 23 en
697 594 223 48 fullständig
947 595 71 35 och
1045 607 203 36 noggrann
1276 594 290 49 undersökning
1594 607 72 34 om,
1687 594 128 36 hvilka

215 645 175 37 hemman
418 646 127 36 blifvit
572 648 49 47 på
649 646 290 48 ifrågavarande
968 650 75 32 sätt
1072 646 144 36 kronan
1245 645 223 48 frånhända,
1489 645 97 37 huru
1607 645 116 37 åbons
1744 646 70 36 och

215 697 281 50 bruksägarens
537 697 178 37 inbördes
757 697 235 37 förhållande
1034 698 214 36 sedermera
1289 697 181 48 gestaltat
1512 697 74 50 sig,
1628 700 21 33 å
1685 697 129 37 hvilka

216 729 174 58 hemman
432 750 96 37 åbon
574 750 229 36 fortfarande
844 749 109 37 sitter
991 749 105 49 kvar,
1126 750 85 36 med
1241 749 156 37 hvilken
1425 754 76 32 rätt
1533 750 216 66 hemmanet
1778 750 41 36 af

216 802 217 36 nuvarande
461 802 272 36 innehafvaren
760 802 157 36 besittes
946 814 32 24 0.
1009 815 28 23 8.
1067 815 35 23 v.

345 854 111 36 Hvad
498 856 78 34 åter
617 853 177 37 beträffar
827 855 431 45 rekognitionsskogarna
1286 853 12 36 1
1327 854 170 48 egentlig
1525 853 156 50 mening
1709 855 105 36 torde

218 905 109 36 dessa
367 918 89 23 vara
498 906 146 35 kronan
687 905 207 36 frånhända
934 908 49 46 på
1021 906 133 36 sådant
1183 911 85 42 sätt,
1299 911 54 30 att
1381 919 158 23 numera
1567 906 247 49 möjligheten

218 962 54 31 att
300 960 49 46 på
376 958 151 48 rättslig
554 962 76 44 väg
659 957 195 36 återvinna
882 957 108 36 dessa
1019 957 140 49 skogar
1188 956 119 49 enligt
1334 957 206 37 utskottets
1568 958 247 49 uppfattning

216 1009 12 36 i
255 1010 104 48 regel
400 1012 119 34 måste
561 1022 110 24 anses
711 1023 90 22 vara
843 1009 147 49 stängd.
1049 1008 131 38 Såsom
1223 1009 41 36 af
1288 1008 63 37 det
1380 1009 227 48 föregående
1637 1009 176 50 framgår,

218 1060 115 37 hafva
362 1061 110 37 dessa
499 1061 140 48 skogar
666 1061 159 36 indelats
854 1061 55 36 till
926 1036 200 79 hemman,
1156 1074 80 23 som
1266 1060 164 37 därefter
1456 1074 141 36 genom
1617 1061 197 50 skatteköp

218 1112 41 37 af
283 1112 260 50 bruksägarne
569 1090 233 60 förvärfvats
836 1113 84 36 med
950 1109 233 66 äganderätt.
1238 1104 35 45 Å
1301 1112 109 37 dessa
1438 1112 93 50 fång
1558 1113 115 37 hafva
1701 1114 115 36 sedan

217 1164 161 38 kommit
418 1139 141 80 lagfart
601 1165 71 37 och
713 1166 61 35 väl
815 1165 112 37 äfven
955 1165 12 36 i
996 1165 46 37 de
1083 1165 107 37 festa
1223 1164 66 37 fall
1316 1165 86 49 laga
1431 1143 101 58 häfd.
1589 1164 57 38 De
1675 1165 139 48 försök,

218 1230 80 23 som
327 1220 49 46 på
407 1218 208 36 1890-talet
643 1217 42 36 af
709 1216 144 38 kronan
880 1217 123 49 gjorts
1032 1223 66 41 att,
1126 1220 49 46 på
1203 1216 124 50 grund
1353 1195 46 58 af
1413 1195 402 86 skatteköpebrefvens

217 1269 422 37 villkorsbestämmelse
667 1282 60 23 om
758 1269 235 37 hemmanets
1022 1268 286 50 oskiljaktighet
1328 1269 83 36 från
1430 1268 149 48 bruket,
1600 1272 49 46 på
1667 1269 150 49 rättslig

217 1325 77 44 väg
335 1321 194 37 återvinna
570 1335 46 22 en
645 1321 59 36 del
733 1321 41 36 af
800 1321 488 49 rekognitionshemmanen
1316 1320 114 36 hafva
1465 1294 250 80 misslyckats,
1745 1321 71 36 och

217 1386 138 36 genom
383 1373 233 36 tillkomsten
645 1373 41 36 af
710 1373 129 48 kungl.
870 1372 270 49 förordningen
1169 1372 72 37 den
1270 1374 47 34 22
1347 1372 199 36 december
1578 1374 94 35 1898
1702 1386 112 36 synes

218 1424 248 50 möjligheten
495 1430 54 31 att
577 1425 85 36 med
691 1427 125 47 någon
843 1424 120 37 utsikt
991 1424 55 37 till
1067 1424 201 49 framgång
1289 1426 251 47 återupptaga
1559 1424 109 37 dessa
1688 1424 128 38 försök

217 1490 91 23 vara
336 1477 281 49 omintetgjord.

349 1529 71 37 Om
463 1528 156 37 sålunda
659 1529 71 36 den
759 1529 41 37 af
824 1529 235 37 motionären
1086 1529 166 49 begärda
1280 1528 253 49 utredningen
1562 1528 81 37 från
1671 1543 50 23 nu
1750 1543 64 24 an-

217 1581 132 50 gifven
390 1581 194 50 synpunkt
626 1580 119 37 skulle
786 1581 37 37 få
864 1581 144 36 mindre
1048 1580 170 50 praktisk
1259 1580 195 50 betydelse
1481 1580 13 36 i
1522 1580 108 50 fråga
1671 1594 60 25 om
1769 1582 46 37 de

218 1634 240 48 skatteköpta
485 1633 498 49 rekognitionshemmanen,
1013 1636 41 34 så
1073 1632 119 38 skulle
1212 1632 72 37 den
1304 1632 205 37 emellertid
1529 1646 45 23 ur
1594 1633 116 37 andra
1729 1647 88 37 syn-

217 1685 164 50 punkter
421 1685 118 37 blifva
575 1685 42 36 af
641 1687 40 35 så
711 1690 95 32 stort
832 1685 169 47 intresse,
1031 1690 55 32 att
1114 1685 71 37 den
1215 1685 95 37 efter
1338 1684 203 37 utskottets
1572 1686 155 49 mening
1754 1687 61 36 väl

219 1738 182 49 förtjänar
429 1742 56 32 att
511 1737 235 48 verkställas,
776 1737 135 37 medan
939 1743 101 30 ännu
1069 1737 46 36 de
1143 1736 228 49 handlingar
1399 1736 70 37 och
1498 1736 238 50 aktstycken,
1766 1741 48 46 på

218 1789 129 37 hvilka
376 1802 46 24 en
450 1789 104 50 dylik
581 1789 204 50 utredning
813 1792 117 34 måste
958 1788 180 50 grundas,
1167 1789 121 36 finnas
1316 1789 12 36 1
1356 1788 133 37 behåll.
1546 1788 73 38 Det
1647 1794 40 32 är
1715 1790 101 37 dess-

218 1846 106 32 utom
360 1841 207 50 ingalunda
604 1842 189 46 uteslutet,
823 1847 54 31 att
904 1841 64 36 vid
997 1855 45 23 en
1073 1840 103 50 dylik
1203 1840 207 49 utredning
1437 1840 225 50 upptäckter
1689 1842 128 37 kunna

218 1898 125 45 göras,
386 1906 81 24 som
509 1893 92 48 visa,
645 1898 55 32 att
740 1899 122 31 staten
903 1893 234 37 fortfarande
1177 1892 74 37 kan
1289 1898 72 44 äga
1388 1896 76 33 rätt
1491 1893 58 36 till
1578 1898 121 33 större
1729 1894 89 37 eller

219 1945 146 38 mindre
393 1945 60 38 del
481 1945 41 37 af
545 1944 294 50 ifrågavarande
863 1945 99 50 jord.

348 1997 18 37 I
395 1998 107 49 fråga
544 2010 61 24 om
646 1998 45 36 de
727 1997 330 50 jordupplåtelser,
1100 2010 81 24 som
1218 1997 99 37 skett
1344 1997 56 36 till
1428 1997 164 49 sågverk
1620 1998 13 37 i
1661 1998 69 38 och
1760 1999 57 37 för

219 2051 239 46 stockfångst,
499 2049 266 37 företrädesvis
793 2050 13 36 i
834 2050 45 36 de
908 2050 233 48 nordligaste
1169 2050 124 46 länen,
1323 2052 41 34 så
1392 2049 106 37 torde
1527 2050 63 37 det
1617 2050 114 38 hafva
1759 2051 59 36 sin

218 2102 196 50 riktighet,
458 2107 53 31 att
548 2102 46 36 de
623 2102 90 37 allra
742 2101 106 38 flesta
876 2115 158 23 numera
1062 2106 63 32 äro
1154 2101 178 49 slutligen
1361 2102 205 48 reglerade,
1596 2103 182 49 antingen
1805 2103 13 36 i

220 2155 275 48 sammanhang
523 2154 85 37 med
637 2154 291 48 afvittringarna
957 2154 89 36 eller
1074 2166 139 36 genom
1242 2153 183 37 särskilda
1452 2154 102 36 aftal.
1609 2154 74 37 Det
1706 2167 112 37 synes

220 2206 108 49 dock,
372 2220 80 23 som
494 2219 61 24 om
597 2219 46 24 en
685 2206 204 49 utredning
929 2211 41 32 är
1004 2205 179 50 behöflig,
1219 2206 5 36 i
1252 2205 100 37 hvad
1382 2208 88 34 mån
1498 2206 103 37 detta
1628 2211 66 44 ägt
1721 2220 96 34 rum,

220 2258 71 38 och
320 2259 121 37 denna
469 2258 218 50 utredning,
717 2271 82 24 som
826 2258 107 37 torde
961 2271 91 25 vara
1076 2257 278 51 jämförelsevis
1379 2257 71 38 lätt
1469 2263 56 33 att
1544 2258 273 50 åstadkomma,
