<?xml version="1.0" encoding="UTF-8"?>
<alto xmlns="http://www.loc.gov/standards/alto/ns-v3#" xmlns:xlink="http://www.w3.org/1999/xlink" xmlns:xsi="http://www.w3.org/2001/XMLSchema-instance" xsi:schemaLocation="http://www.loc.gov/standards/alto/ns-v3# http://www.loc.gov/alto/v3/alto-3-0.xsd">
	<Description>
		<MeasurementUnit>pixel</MeasurementUnit>
		<sourceImageInformation>
			<fileName>/tmp/tess_6pc3a4wf_input.PNG</fileName>
		</sourceImageInformation>
		<OCRProcessing ID="OCR_0">
			<ocrProcessingStep>
				<processingSoftware>
					<softwareName>tesseract 5.3.0</softwareName>
				</processingSoftware>
			</ocrProcessingStep>
		</OCRProcessing>
	</Description>
	<Layout>
		<Page WIDTH="2252" HEIGHT="2628" PHYSICAL_IMG_NR="0" ID="page_0">
			<PrintSpace HPOS="0" VPOS="0" WIDTH="2252" HEIGHT="2628">
				<ComposedBlock ID="cblock_0" HPOS="465" VPOS="143" WIDTH="1380" HEIGHT="43">
					<TextBlock ID="block_0" HPOS="465" VPOS="143" WIDTH="1380" HEIGHT="43">
						<TextLine ID="line_0" HPOS="465" VPOS="143" WIDTH="1380" HEIGHT="43">
							<String ID="string_0" HPOS="465" VPOS="143" WIDTH="19" HEIGHT="30" WC="0.96" CONTENT="6"/><SP WIDTH="111" VPOS="143" HPOS="484"/>
							<String ID="string_1" HPOS="595" VPOS="143" WIDTH="120" HEIGHT="32" WC="0.91" CONTENT="Andra"/><SP WIDTH="22" VPOS="143" HPOS="715"/>
							<String ID="string_2" HPOS="737" VPOS="143" WIDTH="218" HEIGHT="32" WC="0.96" CONTENT="Kammarens"/><SP WIDTH="27" VPOS="143" HPOS="955"/>
							<String ID="string_3" HPOS="982" VPOS="144" WIDTH="179" HEIGHT="42" WC="0.93" CONTENT="Tillfälliga"/><SP WIDTH="30" VPOS="144" HPOS="1161"/>
							<String ID="string_4" HPOS="1191" VPOS="146" WIDTH="139" HEIGHT="31" WC="0.92" CONTENT="Utskotts"/><SP WIDTH="25" VPOS="146" HPOS="1330"/>
							<String ID="string_5" HPOS="1355" VPOS="148" WIDTH="70" HEIGHT="36" WC="0.96" CONTENT="(N:o"/><SP WIDTH="23" VPOS="148" HPOS="1425"/>
							<String ID="string_6" HPOS="1448" VPOS="148" WIDTH="33" HEIGHT="36" WC="0.95" CONTENT="4)"/><SP WIDTH="32" VPOS="148" HPOS="1481"/>
							<String ID="string_7" HPOS="1513" VPOS="147" WIDTH="170" HEIGHT="32" WC="0.96" CONTENT="Utlåtande"/><SP WIDTH="23" VPOS="147" HPOS="1683"/>
							<String ID="string_8" HPOS="1706" VPOS="148" WIDTH="63" HEIGHT="31" WC="0.83" CONTENT="N:o"/><SP WIDTH="24" VPOS="148" HPOS="1769"/>
							<String ID="string_9" HPOS="1793" VPOS="149" WIDTH="52" HEIGHT="31" WC="0.96" CONTENT="34."/>
						</TextLine>
					</TextBlock>
				</ComposedBlock>
				<ComposedBlock ID="cblock_1" HPOS="407" VPOS="222" WIDTH="1636" HEIGHT="2065">
					<TextBlock ID="block_1" HPOS="416" VPOS="222" WIDTH="1627" HEIGHT="1140">
						<TextLine ID="line_1" HPOS="421" VPOS="222" WIDTH="1622" HEIGHT="53">
							<String ID="string_10" HPOS="421" VPOS="222" WIDTH="186" HEIGHT="36" WC="0.96" CONTENT="tunnland"/><SP WIDTH="30" VPOS="222" HPOS="607"/>
							<String ID="string_11" HPOS="637" VPOS="223" WIDTH="142" HEIGHT="35" WC="0.96" CONTENT="sådana"/><SP WIDTH="29" VPOS="223" HPOS="779"/>
							<String ID="string_12" HPOS="808" VPOS="222" WIDTH="142" HEIGHT="48" WC="0.96" CONTENT="skogar"/><SP WIDTH="29" VPOS="222" HPOS="950"/>
							<String ID="string_13" HPOS="979" VPOS="222" WIDTH="47" HEIGHT="36" WC="0.96" CONTENT="då"/><SP WIDTH="28" VPOS="222" HPOS="1026"/>
							<String ID="string_14" HPOS="1054" VPOS="228" WIDTH="102" HEIGHT="31" WC="0.0" CONTENT="ännu"/><SP WIDTH="28" VPOS="228" HPOS="1156"/>
							<String ID="string_15" HPOS="1184" VPOS="223" WIDTH="49" HEIGHT="36" WC="0.96" CONTENT="ha"/><SP WIDTH="28" VPOS="223" HPOS="1233"/>
							<String ID="string_16" HPOS="1261" VPOS="223" WIDTH="158" HEIGHT="37" WC="0.96" CONTENT="behållit"/><SP WIDTH="29" VPOS="223" HPOS="1419"/>
							<String ID="string_17" HPOS="1448" VPOS="225" WIDTH="59" HEIGHT="35" WC="0.96" CONTENT="sin"/><SP WIDTH="29" VPOS="225" HPOS="1507"/>
							<String ID="string_18" HPOS="1536" VPOS="231" WIDTH="121" HEIGHT="30" WC="0.96" CONTENT="natur."/><SP WIDTH="57" VPOS="231" HPOS="1657"/>
							<String ID="string_19" HPOS="1714" VPOS="226" WIDTH="60" HEIGHT="37" WC="0.91" CONTENT="En"/><SP WIDTH="29" VPOS="226" HPOS="1774"/>
							<String ID="string_20" HPOS="1803" VPOS="226" WIDTH="77" HEIGHT="49" WC="0.96" CONTENT="god"/><SP WIDTH="30" VPOS="226" HPOS="1880"/>
							<String ID="string_21" HPOS="1910" VPOS="226" WIDTH="60" HEIGHT="36" WC="0.96" CONTENT="del"/><SP WIDTH="29" VPOS="226" HPOS="1970"/>
							<String ID="string_22" HPOS="1999" VPOS="229" WIDTH="44" HEIGHT="34" WC="0.95" CONTENT="af"/>
						</TextLine>
						<TextLine ID="line_2" HPOS="421" VPOS="273" WIDTH="1613" HEIGHT="51">
							<String ID="string_23" HPOS="421" VPOS="274" WIDTH="111" HEIGHT="37" WC="0.93" CONTENT="dessa"/><SP WIDTH="42" VPOS="274" HPOS="532"/>
							<String ID="string_24" HPOS="574" VPOS="274" WIDTH="203" HEIGHT="47" WC="0.92" CONTENT="skatteköp"/><SP WIDTH="36" VPOS="274" HPOS="777"/>
							<String ID="string_25" HPOS="813" VPOS="273" WIDTH="97" HEIGHT="36" WC="0.96" CONTENT="hade"/><SP WIDTH="29" VPOS="273" HPOS="910"/>
							<String ID="string_26" HPOS="939" VPOS="279" WIDTH="216" HEIGHT="44" WC="0.96" CONTENT="upprättats"/><SP WIDTH="29" VPOS="279" HPOS="1155"/>
							<String ID="string_27" HPOS="1184" VPOS="278" WIDTH="41" HEIGHT="33" WC="0.96" CONTENT="så"/><SP WIDTH="28" VPOS="278" HPOS="1225"/>
							<String ID="string_28" HPOS="1253" VPOS="281" WIDTH="85" HEIGHT="30" WC="0.96" CONTENT="sent"/><SP WIDTH="28" VPOS="281" HPOS="1338"/>
							<String ID="string_29" HPOS="1366" VPOS="288" WIDTH="80" HEIGHT="23" WC="0.96" CONTENT="som"/><SP WIDTH="28" VPOS="288" HPOS="1446"/>
							<String ID="string_30" HPOS="1474" VPOS="279" WIDTH="50" HEIGHT="45" WC="0.92" CONTENT="på"/><SP WIDTH="31" VPOS="279" HPOS="1524"/>
							<String ID="string_31" HPOS="1555" VPOS="278" WIDTH="116" HEIGHT="34" WC="0.92" CONTENT="1870-"/><SP WIDTH="29" VPOS="278" HPOS="1671"/>
							<String ID="string_32" HPOS="1700" VPOS="279" WIDTH="71" HEIGHT="36" WC="0.93" CONTENT="och"/><SP WIDTH="32" VPOS="279" HPOS="1771"/>
							<String ID="string_33" HPOS="1803" VPOS="278" WIDTH="231" HEIGHT="37" WC="0.91" CONTENT="1880-talen."/>
						</TextLine>
						<TextLine ID="line_3" HPOS="419" VPOS="324" WIDTH="1623" HEIGHT="55">
							<String ID="string_34" HPOS="419" VPOS="326" WIDTH="18" HEIGHT="35" WC="0.96" CONTENT="I"/><SP WIDTH="33" VPOS="326" HPOS="437"/>
							<String ID="string_35" HPOS="470" VPOS="340" WIDTH="144" HEIGHT="23" WC="0.96" CONTENT="samma"/><SP WIDTH="29" VPOS="340" HPOS="614"/>
							<String ID="string_36" HPOS="643" VPOS="324" WIDTH="115" HEIGHT="37" WC="0.93" CONTENT="skrift"/><SP WIDTH="28" VPOS="324" HPOS="758"/>
							<String ID="string_37" HPOS="786" VPOS="325" WIDTH="218" HEIGHT="48" WC="0.90" CONTENT="uppgifves,"/><SP WIDTH="32" VPOS="325" HPOS="1004"/>
							<String ID="string_38" HPOS="1036" VPOS="332" WIDTH="56" HEIGHT="30" WC="0.93" CONTENT="att"/><SP WIDTH="27" VPOS="332" HPOS="1092"/>
							<String ID="string_39" HPOS="1119" VPOS="326" WIDTH="460" HEIGHT="49" WC="0.91" CONTENT="rekognitionsskogarne"/><SP WIDTH="29" VPOS="326" HPOS="1579"/>
							<String ID="string_40" HPOS="1608" VPOS="329" WIDTH="106" HEIGHT="37" WC="0.95" CONTENT="torde"/><SP WIDTH="27" VPOS="329" HPOS="1714"/>
							<String ID="string_41" HPOS="1741" VPOS="331" WIDTH="66" HEIGHT="36" WC="0.95" CONTENT="vid"/><SP WIDTH="29" VPOS="331" HPOS="1807"/>
							<String ID="string_42" HPOS="1836" VPOS="330" WIDTH="133" HEIGHT="49" WC="0.96" CONTENT="början"/><SP WIDTH="30" VPOS="330" HPOS="1969"/>
							<String ID="string_43" HPOS="1999" VPOS="330" WIDTH="43" HEIGHT="36" WC="0.96" CONTENT="af"/>
						</TextLine>
						<TextLine ID="line_4" HPOS="424" VPOS="376" WIDTH="1616" HEIGHT="55">
							<String ID="string_44" HPOS="424" VPOS="378" WIDTH="211" HEIGHT="38" WC="0.96" CONTENT="1800-talet"/><SP WIDTH="29" VPOS="378" HPOS="635"/>
							<String ID="string_45" HPOS="664" VPOS="376" WIDTH="177" HEIGHT="36" WC="0.96" CONTENT="omfattat"/><SP WIDTH="28" VPOS="376" HPOS="841"/>
							<String ID="string_46" HPOS="869" VPOS="376" WIDTH="179" HEIGHT="49" WC="0.96" CONTENT="omkring"/><SP WIDTH="31" VPOS="376" HPOS="1048"/>
							<String ID="string_47" HPOS="1079" VPOS="377" WIDTH="76" HEIGHT="41" WC="0.0" CONTENT="1&quot;"/><SP WIDTH="30" VPOS="377" HPOS="1155"/>
							<String ID="string_48" HPOS="1185" VPOS="379" WIDTH="134" HEIGHT="48" WC="0.95" CONTENT="miljon"/><SP WIDTH="28" VPOS="379" HPOS="1319"/>
							<String ID="string_49" HPOS="1347" VPOS="379" WIDTH="186" HEIGHT="36" WC="0.96" CONTENT="tunnland"/><SP WIDTH="30" VPOS="379" HPOS="1533"/>
							<String ID="string_50" HPOS="1563" VPOS="385" WIDTH="98" HEIGHT="30" WC="0.95" CONTENT="samt"/><SP WIDTH="29" VPOS="385" HPOS="1661"/>
							<String ID="string_51" HPOS="1690" VPOS="387" WIDTH="54" HEIGHT="30" WC="0.95" CONTENT="att"/><SP WIDTH="28" VPOS="387" HPOS="1744"/>
							<String ID="string_52" HPOS="1772" VPOS="385" WIDTH="49" HEIGHT="46" WC="0.96" CONTENT="på"/><SP WIDTH="27" VPOS="385" HPOS="1821"/>
							<String ID="string_53" HPOS="1848" VPOS="382" WIDTH="124" HEIGHT="49" WC="0.95" CONTENT="grund"/><SP WIDTH="26" VPOS="382" HPOS="1972"/>
							<String ID="string_54" HPOS="1998" VPOS="382" WIDTH="42" HEIGHT="36" WC="0.96" CONTENT="af"/>
						</TextLine>
						<TextLine ID="line_5" HPOS="419" VPOS="428" WIDTH="1616" HEIGHT="53">
							<String ID="string_55" HPOS="419" VPOS="429" WIDTH="134" HEIGHT="50" WC="0.88" CONTENT="kungl."/><SP WIDTH="32" VPOS="429" HPOS="553"/>
							<String ID="string_56" HPOS="585" VPOS="428" WIDTH="157" HEIGHT="37" WC="0.91" CONTENT="brefven"/><SP WIDTH="30" VPOS="428" HPOS="742"/>
							<String ID="string_57" HPOS="772" VPOS="428" WIDTH="75" HEIGHT="35" WC="0.95" CONTENT="den"/><SP WIDTH="27" VPOS="428" HPOS="847"/>
							<String ID="string_58" HPOS="874" VPOS="430" WIDTH="23" HEIGHT="33" WC="0.95" CONTENT="4"/><SP WIDTH="30" VPOS="430" HPOS="897"/>
							<String ID="string_59" HPOS="927" VPOS="428" WIDTH="167" HEIGHT="37" WC="0.96" CONTENT="februari"/><SP WIDTH="32" VPOS="428" HPOS="1094"/>
							<String ID="string_60" HPOS="1126" VPOS="431" WIDTH="95" HEIGHT="35" WC="0.96" CONTENT="1811"/><SP WIDTH="32" VPOS="431" HPOS="1221"/>
							<String ID="string_61" HPOS="1253" VPOS="430" WIDTH="70" HEIGHT="36" WC="0.96" CONTENT="och"/><SP WIDTH="30" VPOS="430" HPOS="1323"/>
							<String ID="string_62" HPOS="1353" VPOS="432" WIDTH="45" HEIGHT="34" WC="0.96" CONTENT="31"/><SP WIDTH="31" VPOS="432" HPOS="1398"/>
							<String ID="string_63" HPOS="1429" VPOS="444" WIDTH="103" HEIGHT="22" WC="0.96" CONTENT="mars"/><SP WIDTH="33" VPOS="444" HPOS="1532"/>
							<String ID="string_64" HPOS="1565" VPOS="433" WIDTH="98" HEIGHT="34" WC="0.96" CONTENT="1824"/><SP WIDTH="20" VPOS="433" HPOS="1663"/>
							<String ID="string_65" HPOS="1683" VPOS="432" WIDTH="148" HEIGHT="37" WC="0.96" CONTENT="kronan"/><SP WIDTH="26" VPOS="432" HPOS="1831"/>
							<String ID="string_66" HPOS="1857" VPOS="434" WIDTH="178" HEIGHT="47" WC="0.96" CONTENT="återtagit"/>
						</TextLine>
						<TextLine ID="line_6" HPOS="420" VPOS="479" WIDTH="1616" HEIGHT="54">
							<String ID="string_67" HPOS="420" VPOS="495" WIDTH="48" HEIGHT="23" WC="0.96" CONTENT="en"/><SP WIDTH="42" VPOS="495" HPOS="468"/>
							<String ID="string_68" HPOS="510" VPOS="481" WIDTH="61" HEIGHT="37" WC="0.96" CONTENT="del"/><SP WIDTH="42" VPOS="481" HPOS="571"/>
							<String ID="string_69" HPOS="613" VPOS="480" WIDTH="41" HEIGHT="35" WC="0.96" CONTENT="af"/><SP WIDTH="38" VPOS="480" HPOS="654"/>
							<String ID="string_70" HPOS="692" VPOS="479" WIDTH="112" HEIGHT="36" WC="0.95" CONTENT="dessa"/><SP WIDTH="33" VPOS="479" HPOS="804"/>
							<String ID="string_71" HPOS="837" VPOS="480" WIDTH="141" HEIGHT="48" WC="0.96" CONTENT="skogar"/><SP WIDTH="30" VPOS="480" HPOS="978"/>
							<String ID="string_72" HPOS="1008" VPOS="480" WIDTH="73" HEIGHT="36" WC="0.96" CONTENT="och"/><SP WIDTH="28" VPOS="480" HPOS="1081"/>
							<String ID="string_73" HPOS="1109" VPOS="481" WIDTH="192" HEIGHT="36" WC="0.96" CONTENT="dessutom"/><SP WIDTH="31" VPOS="481" HPOS="1301"/>
							<String ID="string_74" HPOS="1332" VPOS="482" WIDTH="194" HEIGHT="48" WC="0.96" CONTENT="åtskilliga"/><SP WIDTH="28" VPOS="482" HPOS="1526"/>
							<String ID="string_75" HPOS="1554" VPOS="482" WIDTH="236" HEIGHT="49" WC="0.93" CONTENT="bruksägare"/><SP WIDTH="29" VPOS="482" HPOS="1790"/>
							<String ID="string_76" HPOS="1819" VPOS="485" WIDTH="127" HEIGHT="48" WC="0.92" CONTENT="afsagt"/><SP WIDTH="28" VPOS="485" HPOS="1946"/>
							<String ID="string_77" HPOS="1974" VPOS="485" WIDTH="62" HEIGHT="48" WC="0.96" CONTENT="sig"/>
						</TextLine>
						<TextLine ID="line_7" HPOS="420" VPOS="531" WIDTH="1615" HEIGHT="53">
							<String ID="string_78" HPOS="420" VPOS="532" WIDTH="329" HEIGHT="51" WC="0.95" CONTENT="nyttjanderätten"/><SP WIDTH="16" VPOS="532" HPOS="749"/>
							<String ID="string_79" HPOS="765" VPOS="531" WIDTH="57" HEIGHT="36" WC="0.96" CONTENT="till"/><SP WIDTH="16" VPOS="531" HPOS="822"/>
							<String ID="string_80" HPOS="838" VPOS="532" WIDTH="194" HEIGHT="48" WC="0.96" CONTENT="åtskilliga"/><SP WIDTH="15" VPOS="532" HPOS="1032"/>
							<String ID="string_81" HPOS="1047" VPOS="533" WIDTH="261" HEIGHT="36" WC="0.95" CONTENT="hundratusen"/><SP WIDTH="16" VPOS="533" HPOS="1308"/>
							<String ID="string_82" HPOS="1324" VPOS="534" WIDTH="188" HEIGHT="36" WC="0.95" CONTENT="tunnland"/><SP WIDTH="16" VPOS="534" HPOS="1512"/>
							<String ID="string_83" HPOS="1528" VPOS="534" WIDTH="118" HEIGHT="36" WC="0.95" CONTENT="däraf."/><SP WIDTH="35" VPOS="534" HPOS="1646"/>
							<String ID="string_84" HPOS="1681" VPOS="534" WIDTH="56" HEIGHT="37" WC="0.93" CONTENT="Då"/><SP WIDTH="15" VPOS="534" HPOS="1737"/>
							<String ID="string_85" HPOS="1752" VPOS="536" WIDTH="283" HEIGHT="48" WC="0.89" CONTENT="rekognitions-"/>
						</TextLine>
						<TextLine ID="line_8" HPOS="420" VPOS="583" WIDTH="1615" HEIGHT="53">
							<String ID="string_86" HPOS="420" VPOS="585" WIDTH="209" HEIGHT="48" WC="0.90" CONTENT="afgifterna"/><SP WIDTH="42" VPOS="585" HPOS="629"/>
							<String ID="string_87" HPOS="671" VPOS="583" WIDTH="72" HEIGHT="36" WC="0.83" CONTENT="och"/><SP WIDTH="40" VPOS="583" HPOS="743"/>
							<String ID="string_88" HPOS="783" VPOS="583" WIDTH="232" HEIGHT="36" WC="0.83" CONTENT="skattelösen"/><SP WIDTH="42" VPOS="583" HPOS="1015"/>
							<String ID="string_89" HPOS="1057" VPOS="585" WIDTH="180" HEIGHT="48" WC="0.94" CONTENT="utgjorde"/><SP WIDTH="42" VPOS="585" HPOS="1237"/>
							<String ID="string_90" HPOS="1279" VPOS="585" WIDTH="152" HEIGHT="49" WC="0.96" CONTENT="mycket"/><SP WIDTH="41" VPOS="585" HPOS="1431"/>
							<String ID="string_91" HPOS="1472" VPOS="585" WIDTH="223" HEIGHT="50" WC="0.95" CONTENT="obetydliga"/><SP WIDTH="42" VPOS="585" HPOS="1695"/>
							<String ID="string_92" HPOS="1737" VPOS="586" WIDTH="140" HEIGHT="50" WC="0.95" CONTENT="belopp"/><SP WIDTH="40" VPOS="586" HPOS="1877"/>
							<String ID="string_93" HPOS="1917" VPOS="588" WIDTH="9" HEIGHT="35" WC="0.93" CONTENT="i"/><SP WIDTH="32" VPOS="588" HPOS="1926"/>
							<String ID="string_94" HPOS="1958" VPOS="589" WIDTH="77" HEIGHT="36" WC="0.92" CONTENT="för-"/>
						</TextLine>
						<TextLine ID="line_9" HPOS="418" VPOS="634" WIDTH="1614" HEIGHT="51">
							<String ID="string_95" HPOS="418" VPOS="636" WIDTH="178" HEIGHT="36" WC="0.96" CONTENT="hållande"/><SP WIDTH="41" VPOS="636" HPOS="596"/>
							<String ID="string_96" HPOS="637" VPOS="634" WIDTH="57" HEIGHT="37" WC="0.93" CONTENT="till"/><SP WIDTH="43" VPOS="634" HPOS="694"/>
							<String ID="string_97" HPOS="737" VPOS="634" WIDTH="212" HEIGHT="49" WC="0.90" CONTENT="skogarnes"/><SP WIDTH="41" VPOS="634" HPOS="949"/>
							<String ID="string_98" HPOS="990" VPOS="636" WIDTH="130" HEIGHT="48" WC="0.96" CONTENT="värde,"/><SP WIDTH="42" VPOS="636" HPOS="1120"/>
							<String ID="string_99" HPOS="1162" VPOS="641" WIDTH="42" HEIGHT="31" WC="0.96" CONTENT="är"/><SP WIDTH="42" VPOS="641" HPOS="1204"/>
							<String ID="string_100" HPOS="1246" VPOS="636" WIDTH="62" HEIGHT="37" WC="0.95" CONTENT="det"/><SP WIDTH="32" VPOS="636" HPOS="1308"/>
							<String ID="string_101" HPOS="1340" VPOS="637" WIDTH="68" HEIGHT="35" WC="0.95" CONTENT="här"/><SP WIDTH="27" VPOS="637" HPOS="1408"/>
							<String ID="string_102" HPOS="1435" VPOS="637" WIDTH="114" HEIGHT="48" WC="0.96" CONTENT="fråga"/><SP WIDTH="28" VPOS="637" HPOS="1549"/>
							<String ID="string_103" HPOS="1577" VPOS="651" WIDTH="60" HEIGHT="22" WC="0.95" CONTENT="om"/><SP WIDTH="30" VPOS="651" HPOS="1637"/>
							<String ID="string_104" HPOS="1667" VPOS="652" WIDTH="47" HEIGHT="22" WC="0.95" CONTENT="en"/><SP WIDTH="29" VPOS="652" HPOS="1714"/>
							<String ID="string_105" HPOS="1743" VPOS="651" WIDTH="68" HEIGHT="24" WC="0.96" CONTENT="ren"/><SP WIDTH="30" VPOS="651" HPOS="1811"/>
							<String ID="string_106" HPOS="1841" VPOS="639" WIDTH="191" HEIGHT="37" WC="0.96" CONTENT="donation."/>
						</TextLine>
						<TextLine ID="line_10" HPOS="420" VPOS="686" WIDTH="1613" HEIGHT="53">
							<String ID="string_107" HPOS="420" VPOS="687" WIDTH="133" HEIGHT="37" WC="0.90" CONTENT="Såsom"/><SP WIDTH="43" VPOS="687" HPOS="553"/>
							<String ID="string_108" HPOS="596" VPOS="687" WIDTH="12" HEIGHT="35" WC="0.83" CONTENT="i"/><SP WIDTH="42" VPOS="687" HPOS="608"/>
							<String ID="string_109" HPOS="650" VPOS="686" WIDTH="595" HEIGHT="50" WC="0.91" CONTENT="skatteregleringskommitténs"/><SP WIDTH="33" VPOS="686" HPOS="1245"/>
							<String ID="string_110" HPOS="1278" VPOS="688" WIDTH="242" HEIGHT="37" WC="0.96" CONTENT="betänkande"/><SP WIDTH="31" VPOS="688" HPOS="1520"/>
							<String ID="string_111" HPOS="1551" VPOS="689" WIDTH="43" HEIGHT="36" WC="0.96" CONTENT="af"/><SP WIDTH="24" VPOS="689" HPOS="1594"/>
							<String ID="string_112" HPOS="1618" VPOS="692" WIDTH="38" HEIGHT="33" WC="0.96" CONTENT="år"/><SP WIDTH="32" VPOS="692" HPOS="1656"/>
							<String ID="string_113" HPOS="1688" VPOS="691" WIDTH="98" HEIGHT="35" WC="0.93" CONTENT="1882"/><SP WIDTH="30" VPOS="691" HPOS="1786"/>
							<String ID="string_114" HPOS="1816" VPOS="690" WIDTH="217" HEIGHT="49" WC="0.91" CONTENT="uppgifves,"/>
						</TextLine>
						<TextLine ID="line_11" HPOS="418" VPOS="738" WIDTH="1612" HEIGHT="53">
							<String ID="string_115" HPOS="418" VPOS="739" WIDTH="97" HEIGHT="37" WC="0.96" CONTENT="hade"/><SP WIDTH="43" VPOS="739" HPOS="515"/>
							<String ID="string_116" HPOS="558" VPOS="739" WIDTH="47" HEIGHT="36" WC="0.93" CONTENT="då"/><SP WIDTH="40" VPOS="739" HPOS="605"/>
							<String ID="string_117" HPOS="645" VPOS="738" WIDTH="424" HEIGHT="49" WC="0.92" CONTENT="rekognitionsskogar,"/><SP WIDTH="42" VPOS="738" HPOS="1069"/>
							<String ID="string_118" HPOS="1111" VPOS="739" WIDTH="175" HEIGHT="37" WC="0.96" CONTENT="indelade"/><SP WIDTH="38" VPOS="739" HPOS="1286"/>
							<String ID="string_119" HPOS="1324" VPOS="740" WIDTH="55" HEIGHT="36" WC="0.95" CONTENT="till"/><SP WIDTH="28" VPOS="740" HPOS="1379"/>
							<String ID="string_120" HPOS="1407" VPOS="741" WIDTH="178" HEIGHT="36" WC="0.96" CONTENT="hemman"/><SP WIDTH="30" VPOS="741" HPOS="1585"/>
							<String ID="string_121" HPOS="1615" VPOS="754" WIDTH="61" HEIGHT="23" WC="0.92" CONTENT="om"/><SP WIDTH="28" VPOS="754" HPOS="1676"/>
							<String ID="string_122" HPOS="1704" VPOS="741" WIDTH="161" HEIGHT="50" WC="0.91" CONTENT="tillhopa"/><SP WIDTH="29" VPOS="741" HPOS="1865"/>
							<String ID="string_123" HPOS="1894" VPOS="744" WIDTH="136" HEIGHT="46" WC="0.95" CONTENT="276,92"/>
						</TextLine>
						<TextLine ID="line_12" HPOS="419" VPOS="790" WIDTH="1615" HEIGHT="51">
							<String ID="string_124" HPOS="419" VPOS="791" WIDTH="154" HEIGHT="46" WC="0.95" CONTENT="mantal,"/><SP WIDTH="30" VPOS="791" HPOS="573"/>
							<String ID="string_125" HPOS="603" VPOS="790" WIDTH="92" HEIGHT="36" WC="0.96" CONTENT="sålts"/><SP WIDTH="29" VPOS="790" HPOS="695"/>
							<String ID="string_126" HPOS="724" VPOS="790" WIDTH="57" HEIGHT="35" WC="0.92" CONTENT="till"/><SP WIDTH="29" VPOS="790" HPOS="781"/>
							<String ID="string_127" HPOS="810" VPOS="790" WIDTH="229" HEIGHT="49" WC="0.92" CONTENT="verksägare"/><SP WIDTH="30" VPOS="790" HPOS="1039"/>
							<String ID="string_128" HPOS="1069" VPOS="797" WIDTH="79" HEIGHT="30" WC="0.92" CONTENT="mot"/><SP WIDTH="27" VPOS="797" HPOS="1148"/>
							<String ID="string_129" HPOS="1175" VPOS="791" WIDTH="314" HEIGHT="50" WC="0.91" CONTENT="köpeskillingar,"/><SP WIDTH="31" VPOS="791" HPOS="1489"/>
							<String ID="string_130" HPOS="1520" VPOS="792" WIDTH="150" HEIGHT="37" WC="0.93" CONTENT="hvilkas"/><SP WIDTH="21" VPOS="792" HPOS="1670"/>
							<String ID="string_131" HPOS="1691" VPOS="793" WIDTH="343" HEIGHT="37" WC="0.90" CONTENT="sammanräknade"/>
						</TextLine>
						<TextLine ID="line_13" HPOS="417" VPOS="841" WIDTH="1615" HEIGHT="52">
							<String ID="string_132" HPOS="417" VPOS="843" WIDTH="140" HEIGHT="48" WC="0.96" CONTENT="belopp"/><SP WIDTH="42" VPOS="843" HPOS="557"/>
							<String ID="string_133" HPOS="599" VPOS="841" WIDTH="180" HEIGHT="49" WC="0.91" CONTENT="utgjorde"/><SP WIDTH="43" VPOS="841" HPOS="779"/>
							<String ID="string_134" HPOS="822" VPOS="843" WIDTH="159" HEIGHT="35" WC="0.91" CONTENT="allenast"/><SP WIDTH="42" VPOS="843" HPOS="981"/>
							<String ID="string_135" HPOS="1023" VPOS="844" WIDTH="139" HEIGHT="45" WC="0.89" CONTENT="23,432"/><SP WIDTH="44" VPOS="844" HPOS="1162"/>
							<String ID="string_136" HPOS="1206" VPOS="844" WIDTH="140" HEIGHT="35" WC="0.96" CONTENT="kronor"/><SP WIDTH="40" VPOS="844" HPOS="1346"/>
							<String ID="string_137" HPOS="1386" VPOS="846" WIDTH="47" HEIGHT="34" WC="0.96" CONTENT="41"/><SP WIDTH="39" VPOS="846" HPOS="1433"/>
							<String ID="string_138" HPOS="1472" VPOS="849" WIDTH="76" HEIGHT="42" WC="0.93" CONTENT="öre,"/><SP WIDTH="40" VPOS="849" HPOS="1548"/>
							<String ID="string_139" HPOS="1588" VPOS="845" WIDTH="33" HEIGHT="35" WC="0.91" CONTENT="d."/><SP WIDTH="30" VPOS="845" HPOS="1621"/>
							<String ID="string_140" HPOS="1651" VPOS="859" WIDTH="35" HEIGHT="22" WC="0.91" CONTENT="v."/><SP WIDTH="31" VPOS="859" HPOS="1686"/>
							<String ID="string_141" HPOS="1717" VPOS="858" WIDTH="28" HEIGHT="23" WC="0.90" CONTENT="s."/><SP WIDTH="32" VPOS="858" HPOS="1745"/>
							<String ID="string_142" HPOS="1777" VPOS="845" WIDTH="177" HEIGHT="48" WC="0.96" CONTENT="omkring"/><SP WIDTH="29" VPOS="845" HPOS="1954"/>
							<String ID="string_143" HPOS="1983" VPOS="847" WIDTH="49" HEIGHT="35" WC="0.96" CONTENT="85"/>
						</TextLine>
						<TextLine ID="line_14" HPOS="417" VPOS="888" WIDTH="1617" HEIGHT="58">
							<String ID="string_144" HPOS="417" VPOS="895" WIDTH="142" HEIGHT="36" WC="0.95" CONTENT="kronor"/><SP WIDTH="39" VPOS="895" HPOS="559"/>
							<String ID="string_145" HPOS="598" VPOS="907" WIDTH="47" HEIGHT="35" WC="0.95" CONTENT="pr"/><SP WIDTH="41" VPOS="907" HPOS="645"/>
							<String ID="string_146" HPOS="686" VPOS="893" WIDTH="145" HEIGHT="36" WC="0.95" CONTENT="mantal"/><SP WIDTH="41" VPOS="893" HPOS="831"/>
							<String ID="string_147" HPOS="872" VPOS="894" WIDTH="90" HEIGHT="36" WC="0.96" CONTENT="eller"/><SP WIDTH="29" VPOS="894" HPOS="962"/>
							<String ID="string_148" HPOS="991" VPOS="896" WIDTH="22" HEIGHT="33" WC="0.93" CONTENT="3"/><SP WIDTH="31" VPOS="896" HPOS="1013"/>
							<String ID="string_149" HPOS="1044" VPOS="895" WIDTH="22" HEIGHT="34" WC="0.91" CONTENT="å"/><SP WIDTH="30" VPOS="895" HPOS="1066"/>
							<String ID="string_150" HPOS="1096" VPOS="896" WIDTH="20" HEIGHT="34" WC="0.96" CONTENT="6"/><SP WIDTH="31" VPOS="896" HPOS="1116"/>
							<String ID="string_151" HPOS="1147" VPOS="900" WIDTH="63" HEIGHT="30" WC="0.96" CONTENT="öre"/><SP WIDTH="28" VPOS="900" HPOS="1210"/>
							<String ID="string_152" HPOS="1238" VPOS="908" WIDTH="47" HEIGHT="35" WC="0.96" CONTENT="pr"/><SP WIDTH="28" VPOS="908" HPOS="1285"/>
							<String ID="string_153" HPOS="1313" VPOS="895" WIDTH="185" HEIGHT="37" WC="0.96" CONTENT="tunnland"/><SP WIDTH="29" VPOS="895" HPOS="1498"/>
							<String ID="string_154" HPOS="1527" VPOS="896" WIDTH="241" HEIGHT="48" WC="0.95" CONTENT="skogsmark."/><SP WIDTH="57" VPOS="896" HPOS="1768"/>
							<String ID="string_155" HPOS="1825" VPOS="888" WIDTH="209" HEIGHT="58" WC="0.96" CONTENT="Åtskilliga"/>
						</TextLine>
						<TextLine ID="line_15" HPOS="418" VPOS="945" WIDTH="1614" HEIGHT="52">
							<String ID="string_156" HPOS="418" VPOS="947" WIDTH="42" HEIGHT="35" WC="0.96" CONTENT="af"/><SP WIDTH="38" VPOS="947" HPOS="460"/>
							<String ID="string_157" HPOS="498" VPOS="946" WIDTH="112" HEIGHT="36" WC="0.96" CONTENT="dessa"/><SP WIDTH="41" VPOS="946" HPOS="610"/>
							<String ID="string_158" HPOS="651" VPOS="945" WIDTH="184" HEIGHT="36" WC="0.96" CONTENT="domäner"/><SP WIDTH="31" VPOS="945" HPOS="835"/>
							<String ID="string_159" HPOS="866" VPOS="946" WIDTH="69" HEIGHT="35" WC="0.96" CONTENT="har"/><SP WIDTH="28" VPOS="946" HPOS="935"/>
							<String ID="string_160" HPOS="963" VPOS="946" WIDTH="150" HEIGHT="36" WC="0.96" CONTENT="kronan"/><SP WIDTH="28" VPOS="946" HPOS="1113"/>
							<String ID="string_161" HPOS="1141" VPOS="946" WIDTH="116" HEIGHT="36" WC="0.96" CONTENT="sedan"/><SP WIDTH="29" VPOS="946" HPOS="1257"/>
							<String ID="string_162" HPOS="1286" VPOS="947" WIDTH="59" HEIGHT="35" WC="0.96" CONTENT="för"/><SP WIDTH="27" VPOS="947" HPOS="1345"/>
							<String ID="string_163" HPOS="1372" VPOS="947" WIDTH="180" HEIGHT="36" WC="0.96" CONTENT="bildande"/><SP WIDTH="30" VPOS="947" HPOS="1552"/>
							<String ID="string_164" HPOS="1582" VPOS="948" WIDTH="41" HEIGHT="35" WC="0.93" CONTENT="af"/><SP WIDTH="24" VPOS="948" HPOS="1623"/>
							<String ID="string_165" HPOS="1647" VPOS="949" WIDTH="261" HEIGHT="48" WC="0.92" CONTENT="kronoparker"/><SP WIDTH="28" VPOS="949" HPOS="1908"/>
							<String ID="string_166" HPOS="1936" VPOS="951" WIDTH="96" HEIGHT="34" WC="0.92" CONTENT="åter-"/>
						</TextLine>
						<TextLine ID="line_16" HPOS="416" VPOS="997" WIDTH="1615" HEIGHT="51">
							<String ID="string_167" HPOS="416" VPOS="998" WIDTH="95" HEIGHT="49" WC="0.96" CONTENT="köpt"/><SP WIDTH="42" VPOS="998" HPOS="511"/>
							<String ID="string_168" HPOS="553" VPOS="997" WIDTH="71" HEIGHT="36" WC="0.95" CONTENT="och"/><SP WIDTH="29" VPOS="997" HPOS="624"/>
							<String ID="string_169" HPOS="653" VPOS="997" WIDTH="129" HEIGHT="36" WC="0.95" CONTENT="därför"/><SP WIDTH="28" VPOS="997" HPOS="782"/>
							<String ID="string_170" HPOS="810" VPOS="997" WIDTH="120" HEIGHT="36" WC="0.96" CONTENT="betalt"/><SP WIDTH="29" VPOS="997" HPOS="930"/>
							<String ID="string_171" HPOS="959" VPOS="1003" WIDTH="55" HEIGHT="30" WC="0.96" CONTENT="ett"/><SP WIDTH="28" VPOS="1003" HPOS="1014"/>
							<String ID="string_172" HPOS="1042" VPOS="997" WIDTH="140" HEIGHT="50" WC="0.96" CONTENT="belopp"/><SP WIDTH="30" VPOS="997" HPOS="1182"/>
							<String ID="string_173" HPOS="1212" VPOS="999" WIDTH="266" HEIGHT="36" WC="0.95" CONTENT="motsvarande"/><SP WIDTH="30" VPOS="999" HPOS="1478"/>
							<String ID="string_174" HPOS="1508" VPOS="999" WIDTH="118" HEIGHT="36" WC="0.93" CONTENT="minst"/><SP WIDTH="27" VPOS="999" HPOS="1626"/>
							<String ID="string_175" HPOS="1653" VPOS="1000" WIDTH="378" HEIGHT="48" WC="0.91" CONTENT="taxeringsvärdena."/>
						</TextLine>
						<TextLine ID="line_17" HPOS="416" VPOS="1049" WIDTH="1615" HEIGHT="50">
							<String ID="string_176" HPOS="416" VPOS="1049" WIDTH="248" HEIGHT="48" WC="0.96" CONTENT="Exempelvis"/><SP WIDTH="43" VPOS="1049" HPOS="664"/>
							<String ID="string_177" HPOS="707" VPOS="1051" WIDTH="61" HEIGHT="33" WC="0.96" CONTENT="må"/><SP WIDTH="43" VPOS="1051" HPOS="768"/>
							<String ID="string_178" HPOS="811" VPOS="1054" WIDTH="236" HEIGHT="42" WC="0.95" CONTENT="omnämnas,"/><SP WIDTH="44" VPOS="1054" HPOS="1047"/>
							<String ID="string_179" HPOS="1091" VPOS="1054" WIDTH="55" HEIGHT="31" WC="0.96" CONTENT="att"/><SP WIDTH="41" VPOS="1054" HPOS="1146"/>
							<String ID="string_180" HPOS="1187" VPOS="1049" WIDTH="103" HEIGHT="37" WC="0.93" CONTENT="inom"/><SP WIDTH="45" VPOS="1049" HPOS="1290"/>
							<String ID="string_181" HPOS="1335" VPOS="1049" WIDTH="228" HEIGHT="50" WC="0.89" CONTENT="Gäfleborgs"/><SP WIDTH="36" VPOS="1049" HPOS="1563"/>
							<String ID="string_182" HPOS="1599" VPOS="1051" WIDTH="64" HEIGHT="36" WC="0.96" CONTENT="län"/><SP WIDTH="28" VPOS="1051" HPOS="1663"/>
							<String ID="string_183" HPOS="1691" VPOS="1052" WIDTH="142" HEIGHT="35" WC="0.96" CONTENT="funnos"/><SP WIDTH="30" VPOS="1052" HPOS="1833"/>
							<String ID="string_184" HPOS="1863" VPOS="1054" WIDTH="39" HEIGHT="34" WC="0.96" CONTENT="år"/><SP WIDTH="31" VPOS="1054" HPOS="1902"/>
							<String ID="string_185" HPOS="1933" VPOS="1053" WIDTH="98" HEIGHT="35" WC="0.96" CONTENT="1903"/>
						</TextLine>
						<TextLine ID="line_18" HPOS="419" VPOS="1100" WIDTH="1612" HEIGHT="51">
							<String ID="string_186" HPOS="419" VPOS="1102" WIDTH="47" HEIGHT="35" WC="0.96" CONTENT="20"/><SP WIDTH="42" VPOS="1102" HPOS="466"/>
							<String ID="string_187" HPOS="508" VPOS="1101" WIDTH="109" HEIGHT="46" WC="0.96" CONTENT="bruk,"/><SP WIDTH="44" VPOS="1101" HPOS="617"/>
							<String ID="string_188" HPOS="661" VPOS="1113" WIDTH="82" HEIGHT="23" WC="0.96" CONTENT="som"/><SP WIDTH="44" VPOS="1113" HPOS="743"/>
							<String ID="string_189" HPOS="787" VPOS="1100" WIDTH="97" HEIGHT="49" WC="0.92" CONTENT="ägde"/><SP WIDTH="42" VPOS="1100" HPOS="884"/>
							<String ID="string_190" HPOS="926" VPOS="1101" WIDTH="245" HEIGHT="49" WC="0.92" CONTENT="skatteköpta"/><SP WIDTH="41" VPOS="1101" HPOS="1171"/>
							<String ID="string_191" HPOS="1212" VPOS="1101" WIDTH="178" HEIGHT="37" WC="0.95" CONTENT="hemman"/><SP WIDTH="43" VPOS="1101" HPOS="1390"/>
							<String ID="string_192" HPOS="1433" VPOS="1103" WIDTH="70" HEIGHT="35" WC="0.96" CONTENT="och"/><SP WIDTH="30" VPOS="1103" HPOS="1503"/>
							<String ID="string_193" HPOS="1533" VPOS="1103" WIDTH="224" HEIGHT="48" WC="0.96" CONTENT="lägenheter"/><SP WIDTH="29" VPOS="1103" HPOS="1757"/>
							<String ID="string_194" HPOS="1786" VPOS="1103" WIDTH="103" HEIGHT="36" WC="0.96" CONTENT="inom"/><SP WIDTH="27" VPOS="1103" HPOS="1889"/>
							<String ID="string_195" HPOS="1916" VPOS="1104" WIDTH="115" HEIGHT="47" WC="0.96" CONTENT="länet,"/>
						</TextLine>
						<TextLine ID="line_19" HPOS="416" VPOS="1151" WIDTH="1616" HEIGHT="52">
							<String ID="string_196" HPOS="416" VPOS="1152" WIDTH="131" HEIGHT="37" WC="0.96" CONTENT="hvilka"/><SP WIDTH="41" VPOS="1152" HPOS="547"/>
							<String ID="string_197" HPOS="588" VPOS="1151" WIDTH="244" HEIGHT="50" WC="0.96" CONTENT="uppkommit"/><SP WIDTH="42" VPOS="1151" HPOS="832"/>
							<String ID="string_198" HPOS="874" VPOS="1153" WIDTH="41" HEIGHT="35" WC="0.93" CONTENT="af"/><SP WIDTH="32" VPOS="1153" HPOS="915"/>
							<String ID="string_199" HPOS="947" VPOS="1153" WIDTH="411" HEIGHT="49" WC="0.90" CONTENT="rekognitionsskogar"/><SP WIDTH="28" VPOS="1153" HPOS="1358"/>
							<String ID="string_200" HPOS="1386" VPOS="1155" WIDTH="69" HEIGHT="35" WC="0.96" CONTENT="och"/><SP WIDTH="29" VPOS="1155" HPOS="1455"/>
							<String ID="string_201" HPOS="1484" VPOS="1167" WIDTH="83" HEIGHT="23" WC="0.94" CONTENT="som"/><SP WIDTH="30" VPOS="1167" HPOS="1567"/>
							<String ID="string_202" HPOS="1597" VPOS="1154" WIDTH="120" HEIGHT="49" WC="0.93" CONTENT="enligt"/><SP WIDTH="28" VPOS="1154" HPOS="1717"/>
							<String ID="string_203" HPOS="1745" VPOS="1155" WIDTH="287" HEIGHT="36" WC="0.91" CONTENT="skattebrefven"/>
						</TextLine>
						<TextLine ID="line_20" HPOS="417" VPOS="1203" WIDTH="1615" HEIGHT="50">
							<String ID="string_204" HPOS="417" VPOS="1204" WIDTH="106" HEIGHT="37" WC="0.96" CONTENT="skola"/><SP WIDTH="41" VPOS="1204" HPOS="523"/>
							<String ID="string_205" HPOS="564" VPOS="1217" WIDTH="93" HEIGHT="23" WC="0.93" CONTENT="vara"/><SP WIDTH="42" VPOS="1217" HPOS="657"/>
							<String ID="string_206" HPOS="699" VPOS="1203" WIDTH="241" HEIGHT="50" WC="0.91" CONTENT="oskiljaktigt"/><SP WIDTH="41" VPOS="1203" HPOS="940"/>
							<String ID="string_207" HPOS="981" VPOS="1204" WIDTH="181" HEIGHT="36" WC="0.96" CONTENT="förenade"/><SP WIDTH="42" VPOS="1204" HPOS="1162"/>
							<String ID="string_208" HPOS="1204" VPOS="1205" WIDTH="86" HEIGHT="36" WC="0.95" CONTENT="med"/><SP WIDTH="42" VPOS="1205" HPOS="1290"/>
							<String ID="string_209" HPOS="1332" VPOS="1205" WIDTH="146" HEIGHT="37" WC="0.96" CONTENT="bruket."/><SP WIDTH="71" VPOS="1205" HPOS="1478"/>
							<String ID="string_210" HPOS="1549" VPOS="1206" WIDTH="57" HEIGHT="36" WC="0.90" CONTENT="De"/><SP WIDTH="40" VPOS="1206" HPOS="1606"/>
							<String ID="string_211" HPOS="1646" VPOS="1220" WIDTH="92" HEIGHT="23" WC="0.96" CONTENT="voro"/><SP WIDTH="44" VPOS="1220" HPOS="1738"/>
							<String ID="string_212" HPOS="1782" VPOS="1206" WIDTH="165" HEIGHT="37" WC="0.96" CONTENT="nämnda"/><SP WIDTH="43" VPOS="1206" HPOS="1947"/>
							<String ID="string_213" HPOS="1990" VPOS="1210" WIDTH="42" HEIGHT="33" WC="0.96" CONTENT="år"/>
						</TextLine>
						<TextLine ID="line_21" HPOS="417" VPOS="1255" WIDTH="1615" HEIGHT="52">
							<String ID="string_214" HPOS="417" VPOS="1255" WIDTH="407" HEIGHT="49" WC="0.91" CONTENT="taxeringsvärderade"/><SP WIDTH="41" VPOS="1255" HPOS="824"/>
							<String ID="string_215" HPOS="865" VPOS="1256" WIDTH="57" HEIGHT="35" WC="0.90" CONTENT="till"/><SP WIDTH="41" VPOS="1256" HPOS="922"/>
							<String ID="string_216" HPOS="963" VPOS="1258" WIDTH="207" HEIGHT="45" WC="0.90" CONTENT="4,130,900"/><SP WIDTH="37" VPOS="1258" HPOS="1170"/>
							<String ID="string_217" HPOS="1207" VPOS="1256" WIDTH="142" HEIGHT="37" WC="0.96" CONTENT="kronor"/><SP WIDTH="28" VPOS="1256" HPOS="1349"/>
							<String ID="string_218" HPOS="1377" VPOS="1258" WIDTH="71" HEIGHT="35" WC="0.96" CONTENT="och"/><SP WIDTH="27" VPOS="1258" HPOS="1448"/>
							<String ID="string_219" HPOS="1475" VPOS="1258" WIDTH="13" HEIGHT="36" WC="0.93" CONTENT="i"/><SP WIDTH="29" VPOS="1258" HPOS="1488"/>
							<String ID="string_220" HPOS="1517" VPOS="1258" WIDTH="389" HEIGHT="49" WC="0.91" CONTENT="skatteköpeskilling"/><SP WIDTH="27" VPOS="1258" HPOS="1906"/>
							<String ID="string_221" HPOS="1933" VPOS="1259" WIDTH="99" HEIGHT="36" WC="0.96" CONTENT="hade"/>
						</TextLine>
						<TextLine ID="line_22" HPOS="417" VPOS="1306" WIDTH="1042" HEIGHT="56">
							<String ID="string_222" HPOS="417" VPOS="1308" WIDTH="59" HEIGHT="36" WC="0.96" CONTENT="för"/><SP WIDTH="28" VPOS="1308" HPOS="476"/>
							<String ID="string_223" HPOS="504" VPOS="1307" WIDTH="88" HEIGHT="36" WC="0.91" CONTENT="dem"/><SP WIDTH="27" VPOS="1307" HPOS="592"/>
							<String ID="string_224" HPOS="619" VPOS="1306" WIDTH="181" HEIGHT="49" WC="0.91" CONTENT="utgifvits"/><SP WIDTH="29" VPOS="1306" HPOS="800"/>
							<String ID="string_225" HPOS="829" VPOS="1307" WIDTH="134" HEIGHT="36" WC="0.93" CONTENT="endast"/><SP WIDTH="31" VPOS="1307" HPOS="963"/>
							<String ID="string_226" HPOS="994" VPOS="1309" WIDTH="113" HEIGHT="53" WC="0.90" CONTENT="5,318"/><SP WIDTH="31" VPOS="1309" HPOS="1107"/>
							<String ID="string_227" HPOS="1138" VPOS="1307" WIDTH="141" HEIGHT="37" WC="0.96" CONTENT="kronor"/><SP WIDTH="29" VPOS="1307" HPOS="1279"/>
							<String ID="string_228" HPOS="1308" VPOS="1310" WIDTH="49" HEIGHT="35" WC="0.96" CONTENT="30"/><SP WIDTH="28" VPOS="1310" HPOS="1357"/>
							<String ID="string_229" HPOS="1385" VPOS="1314" WIDTH="74" HEIGHT="32" WC="0.96" CONTENT="öre."/>
						</TextLine>
					</TextBlock>
					<TextBlock ID="block_2" HPOS="407" VPOS="1358" WIDTH="1624" HEIGHT="929">
						<TextLine ID="line_23" HPOS="547" VPOS="1358" WIDTH="1482" HEIGHT="53">
							<String ID="string_230" HPOS="547" VPOS="1358" WIDTH="78" HEIGHT="37" WC="0.96" CONTENT="Vid"/><SP WIDTH="18" VPOS="1358" HPOS="625"/>
							<String ID="string_231" HPOS="643" VPOS="1360" WIDTH="98" HEIGHT="34" WC="0.96" CONTENT="1886"/><SP WIDTH="18" VPOS="1360" HPOS="741"/>
							<String ID="string_232" HPOS="759" VPOS="1362" WIDTH="60" HEIGHT="33" WC="0.96" CONTENT="års"/><SP WIDTH="16" VPOS="1362" HPOS="819"/>
							<String ID="string_233" HPOS="835" VPOS="1359" WIDTH="159" HEIGHT="48" WC="0.96" CONTENT="riksdag"/><SP WIDTH="14" VPOS="1359" HPOS="994"/>
							<String ID="string_234" HPOS="1008" VPOS="1360" WIDTH="156" HEIGHT="36" WC="0.96" CONTENT="väcktes"/><SP WIDTH="16" VPOS="1360" HPOS="1164"/>
							<String ID="string_235" HPOS="1180" VPOS="1360" WIDTH="144" HEIGHT="36" WC="0.74" CONTENT="motion"/><SP WIDTH="12" VPOS="1360" HPOS="1324"/>
							<String ID="string_236" HPOS="1336" VPOS="1360" WIDTH="11" HEIGHT="36" WC="0.74" CONTENT="i"/><SP WIDTH="13" VPOS="1360" HPOS="1347"/>
							<String ID="string_237" HPOS="1360" VPOS="1361" WIDTH="134" HEIGHT="36" WC="0.96" CONTENT="Första"/><SP WIDTH="12" VPOS="1361" HPOS="1494"/>
							<String ID="string_238" HPOS="1506" VPOS="1361" WIDTH="231" HEIGHT="36" WC="0.96" CONTENT="Kammaren"/><SP WIDTH="12" VPOS="1361" HPOS="1737"/>
							<String ID="string_239" HPOS="1749" VPOS="1362" WIDTH="86" HEIGHT="35" WC="0.95" CONTENT="med"/><SP WIDTH="11" VPOS="1362" HPOS="1835"/>
							<String ID="string_240" HPOS="1846" VPOS="1362" WIDTH="183" HEIGHT="49" WC="0.96" CONTENT="yrkande,"/>
						</TextLine>
						<TextLine ID="line_24" HPOS="416" VPOS="1410" WIDTH="1613" HEIGHT="51">
							<String ID="string_241" HPOS="416" VPOS="1416" WIDTH="57" HEIGHT="31" WC="0.96" CONTENT="att"/><SP WIDTH="42" VPOS="1416" HPOS="473"/>
							<String ID="string_242" HPOS="515" VPOS="1411" WIDTH="129" HEIGHT="36" WC="0.93" CONTENT="därest"/><SP WIDTH="41" VPOS="1411" HPOS="644"/>
							<String ID="string_243" HPOS="685" VPOS="1410" WIDTH="213" HEIGHT="36" WC="0.91" CONTENT="skattebref"/><SP WIDTH="31" VPOS="1410" HPOS="898"/>
							<String ID="string_244" HPOS="929" VPOS="1413" WIDTH="20" HEIGHT="33" WC="0.93" CONTENT="å"/><SP WIDTH="35" VPOS="1413" HPOS="949"/>
							<String ID="string_245" HPOS="984" VPOS="1411" WIDTH="179" HEIGHT="36" WC="0.93" CONTENT="hemman"/><SP WIDTH="27" VPOS="1411" HPOS="1163"/>
							<String ID="string_246" HPOS="1190" VPOS="1411" WIDTH="148" HEIGHT="37" WC="0.91" CONTENT="bildadt"/><SP WIDTH="27" VPOS="1411" HPOS="1338"/>
							<String ID="string_247" HPOS="1365" VPOS="1413" WIDTH="42" HEIGHT="35" WC="0.93" CONTENT="af"/><SP WIDTH="22" VPOS="1413" HPOS="1407"/>
							<String ID="string_248" HPOS="1429" VPOS="1413" WIDTH="370" HEIGHT="48" WC="0.91" CONTENT="rekognitionsskog"/><SP WIDTH="27" VPOS="1413" HPOS="1799"/>
							<String ID="string_249" HPOS="1826" VPOS="1413" WIDTH="203" HEIGHT="44" WC="0.91" CONTENT="innehölle,"/>
						</TextLine>
						<TextLine ID="line_25" HPOS="417" VPOS="1462" WIDTH="1613" HEIGHT="49">
							<String ID="string_250" HPOS="417" VPOS="1468" WIDTH="55" HEIGHT="31" WC="0.96" CONTENT="att"/><SP WIDTH="27" VPOS="1468" HPOS="472"/>
							<String ID="string_251" HPOS="499" VPOS="1462" WIDTH="221" HEIGHT="36" WC="0.96" CONTENT="hemmanet"/><SP WIDTH="28" VPOS="1462" HPOS="720"/>
							<String ID="string_252" HPOS="748" VPOS="1462" WIDTH="32" HEIGHT="49" WC="0.96" CONTENT="ej"/><SP WIDTH="32" VPOS="1462" HPOS="780"/>
							<String ID="string_253" HPOS="812" VPOS="1462" WIDTH="104" HEIGHT="48" WC="0.96" CONTENT="finge"/><SP WIDTH="28" VPOS="1462" HPOS="916"/>
							<String ID="string_254" HPOS="944" VPOS="1462" WIDTH="132" HEIGHT="48" WC="0.96" CONTENT="skiljas"/><SP WIDTH="28" VPOS="1462" HPOS="1076"/>
							<String ID="string_255" HPOS="1104" VPOS="1463" WIDTH="83" HEIGHT="35" WC="0.96" CONTENT="från"/><SP WIDTH="28" VPOS="1463" HPOS="1187"/>
							<String ID="string_256" HPOS="1215" VPOS="1463" WIDTH="98" HEIGHT="36" WC="0.96" CONTENT="bruk"/><SP WIDTH="29" VPOS="1463" HPOS="1313"/>
							<String ID="string_257" HPOS="1342" VPOS="1464" WIDTH="89" HEIGHT="36" WC="0.96" CONTENT="eller"/><SP WIDTH="20" VPOS="1464" HPOS="1431"/>
							<String ID="string_258" HPOS="1451" VPOS="1464" WIDTH="138" HEIGHT="43" WC="0.96" CONTENT="fabrik,"/><SP WIDTH="22" VPOS="1464" HPOS="1589"/>
							<String ID="string_259" HPOS="1611" VPOS="1464" WIDTH="57" HEIGHT="36" WC="0.95" CONTENT="till"/><SP WIDTH="20" VPOS="1464" HPOS="1668"/>
							<String ID="string_260" HPOS="1688" VPOS="1464" WIDTH="117" HEIGHT="37" WC="0.96" CONTENT="hvars"/><SP WIDTH="19" VPOS="1464" HPOS="1805"/>
							<String ID="string_261" HPOS="1824" VPOS="1464" WIDTH="206" HEIGHT="37" WC="0.96" CONTENT="understöd"/>
						</TextLine>
						<TextLine ID="line_26" HPOS="415" VPOS="1514" WIDTH="1615" HEIGHT="50">
							<String ID="string_262" HPOS="415" VPOS="1514" WIDTH="212" HEIGHT="49" WC="0.96" CONTENT="upplåtelse"/><SP WIDTH="28" VPOS="1514" HPOS="627"/>
							<String ID="string_263" HPOS="655" VPOS="1514" WIDTH="112" HEIGHT="46" WC="0.96" CONTENT="skett,"/><SP WIDTH="32" VPOS="1514" HPOS="767"/>
							<String ID="string_264" HPOS="799" VPOS="1514" WIDTH="134" HEIGHT="36" WC="0.96" CONTENT="sådant"/><SP WIDTH="27" VPOS="1514" HPOS="933"/>
							<String ID="string_265" HPOS="960" VPOS="1514" WIDTH="140" HEIGHT="35" WC="0.96" CONTENT="villkor"/><SP WIDTH="29" VPOS="1514" HPOS="1100"/>
							<String ID="string_266" HPOS="1129" VPOS="1515" WIDTH="32" HEIGHT="47" WC="0.96" CONTENT="ej"/><SP WIDTH="32" VPOS="1515" HPOS="1161"/>
							<String ID="string_267" HPOS="1193" VPOS="1515" WIDTH="122" HEIGHT="36" WC="0.96" CONTENT="skulle"/><SP WIDTH="30" VPOS="1515" HPOS="1315"/>
							<String ID="string_268" HPOS="1345" VPOS="1515" WIDTH="171" HEIGHT="37" WC="0.96" CONTENT="medföra"/><SP WIDTH="28" VPOS="1515" HPOS="1516"/>
							<String ID="string_269" HPOS="1544" VPOS="1516" WIDTH="232" HEIGHT="48" WC="0.96" CONTENT="behörighet"/><SP WIDTH="28" VPOS="1516" HPOS="1776"/>
							<String ID="string_270" HPOS="1804" VPOS="1517" WIDTH="59" HEIGHT="35" WC="0.96" CONTENT="för"/><SP WIDTH="20" VPOS="1517" HPOS="1863"/>
							<String ID="string_271" HPOS="1883" VPOS="1516" WIDTH="147" HEIGHT="36" WC="0.96" CONTENT="kronan"/>
						</TextLine>
						<TextLine ID="line_27" HPOS="416" VPOS="1565" WIDTH="1614" HEIGHT="51">
							<String ID="string_272" HPOS="416" VPOS="1570" WIDTH="66" HEIGHT="42" WC="0.96" CONTENT="att,"/><SP WIDTH="42" VPOS="1570" HPOS="482"/>
							<String ID="string_273" HPOS="524" VPOS="1565" WIDTH="13" HEIGHT="35" WC="0.94" CONTENT="i"/><SP WIDTH="41" VPOS="1565" HPOS="537"/>
							<String ID="string_274" HPOS="578" VPOS="1565" WIDTH="182" HEIGHT="36" WC="0.93" CONTENT="händelse"/><SP WIDTH="41" VPOS="1565" HPOS="760"/>
							<String ID="string_275" HPOS="801" VPOS="1565" WIDTH="264" HEIGHT="48" WC="0.89" CONTENT="inrättningen"/><SP WIDTH="41" VPOS="1565" HPOS="1065"/>
							<String ID="string_276" HPOS="1106" VPOS="1566" WIDTH="190" HEIGHT="47" WC="0.96" CONTENT="nedlades,"/><SP WIDTH="42" VPOS="1566" HPOS="1296"/>
							<String ID="string_277" HPOS="1338" VPOS="1567" WIDTH="95" HEIGHT="48" WC="0.93" CONTENT="yrka"/><SP WIDTH="41" VPOS="1567" HPOS="1433"/>
							<String ID="string_278" HPOS="1474" VPOS="1567" WIDTH="196" HEIGHT="48" WC="0.91" CONTENT="rubbning"/><SP WIDTH="40" VPOS="1567" HPOS="1670"/>
							<String ID="string_279" HPOS="1710" VPOS="1568" WIDTH="44" HEIGHT="36" WC="0.96" CONTENT="af"/><SP WIDTH="37" VPOS="1568" HPOS="1754"/>
							<String ID="string_280" HPOS="1791" VPOS="1573" WIDTH="133" HEIGHT="43" WC="0.96" CONTENT="ägares"/><SP WIDTH="33" VPOS="1573" HPOS="1924"/>
							<String ID="string_281" HPOS="1957" VPOS="1568" WIDTH="73" HEIGHT="36" WC="0.96" CONTENT="och"/>
						</TextLine>
						<TextLine ID="line_28" HPOS="415" VPOS="1616" WIDTH="1615" HEIGHT="51">
							<String ID="string_282" HPOS="415" VPOS="1616" WIDTH="426" HEIGHT="49" WC="0.91" CONTENT="inteckningshafvares"/><SP WIDTH="45" VPOS="1616" HPOS="841"/>
							<String ID="string_283" HPOS="886" VPOS="1621" WIDTH="86" HEIGHT="31" WC="0.95" CONTENT="rätt."/><SP WIDTH="71" VPOS="1621" HPOS="972"/>
							<String ID="string_284" HPOS="1043" VPOS="1616" WIDTH="135" HEIGHT="37" WC="0.94" CONTENT="Denna"/><SP WIDTH="46" VPOS="1616" HPOS="1178"/>
							<String ID="string_285" HPOS="1224" VPOS="1618" WIDTH="145" HEIGHT="36" WC="0.92" CONTENT="motion"/><SP WIDTH="47" VPOS="1618" HPOS="1369"/>
							<String ID="string_286" HPOS="1416" VPOS="1618" WIDTH="146" HEIGHT="49" WC="0.91" CONTENT="afslogs"/><SP WIDTH="48" VPOS="1618" HPOS="1562"/>
							<String ID="string_287" HPOS="1610" VPOS="1619" WIDTH="42" HEIGHT="36" WC="0.96" CONTENT="af"/><SP WIDTH="40" VPOS="1619" HPOS="1652"/>
							<String ID="string_288" HPOS="1692" VPOS="1619" WIDTH="222" HEIGHT="48" WC="0.96" CONTENT="Riksdagen"/><SP WIDTH="43" VPOS="1619" HPOS="1914"/>
							<String ID="string_289" HPOS="1957" VPOS="1619" WIDTH="73" HEIGHT="37" WC="0.94" CONTENT="och"/>
						</TextLine>
						<TextLine ID="line_29" HPOS="414" VPOS="1668" WIDTH="1616" HEIGHT="51">
							<String ID="string_290" HPOS="414" VPOS="1668" WIDTH="153" HEIGHT="50" WC="0.96" CONTENT="yttrade"/><SP WIDTH="36" VPOS="1668" HPOS="567"/>
							<String ID="string_291" HPOS="603" VPOS="1668" WIDTH="132" HEIGHT="36" WC="0.96" CONTENT="därvid"/><SP WIDTH="30" VPOS="1668" HPOS="735"/>
							<String ID="string_292" HPOS="765" VPOS="1682" WIDTH="47" HEIGHT="22" WC="0.96" CONTENT="en"/><SP WIDTH="29" VPOS="1682" HPOS="812"/>
							<String ID="string_293" HPOS="841" VPOS="1668" WIDTH="118" HEIGHT="36" WC="0.96" CONTENT="talare"/><SP WIDTH="29" VPOS="1668" HPOS="959"/>
							<String ID="string_294" HPOS="988" VPOS="1669" WIDTH="11" HEIGHT="35" WC="0.96" CONTENT="i"/><SP WIDTH="29" VPOS="1669" HPOS="999"/>
							<String ID="string_295" HPOS="1028" VPOS="1668" WIDTH="135" HEIGHT="37" WC="0.96" CONTENT="Första"/><SP WIDTH="27" VPOS="1668" HPOS="1163"/>
							<String ID="string_296" HPOS="1190" VPOS="1669" WIDTH="242" HEIGHT="48" WC="0.95" CONTENT="Kammaren,"/><SP WIDTH="32" VPOS="1669" HPOS="1432"/>
							<String ID="string_297" HPOS="1464" VPOS="1675" WIDTH="57" HEIGHT="31" WC="0.93" CONTENT="att"/><SP WIDTH="28" VPOS="1675" HPOS="1521"/>
							<String ID="string_298" HPOS="1549" VPOS="1671" WIDTH="481" HEIGHT="48" WC="0.91" CONTENT="rekognitionsskogarnes"/>
						</TextLine>
						<TextLine ID="line_30" HPOS="415" VPOS="1720" WIDTH="1613" HEIGHT="51">
							<String ID="string_299" HPOS="415" VPOS="1720" WIDTH="243" HEIGHT="37" WC="0.92" CONTENT="afhändande"/><SP WIDTH="34" VPOS="1720" HPOS="658"/>
							<String ID="string_300" HPOS="692" VPOS="1720" WIDTH="84" HEIGHT="36" WC="0.95" CONTENT="från"/><SP WIDTH="29" VPOS="1720" HPOS="776"/>
							<String ID="string_301" HPOS="805" VPOS="1724" WIDTH="121" HEIGHT="32" WC="0.96" CONTENT="staten"/><SP WIDTH="31" VPOS="1724" HPOS="926"/>
							<String ID="string_302" HPOS="957" VPOS="1733" WIDTH="91" HEIGHT="23" WC="0.95" CONTENT="vore"/><SP WIDTH="30" VPOS="1733" HPOS="1048"/>
							<String ID="string_303" HPOS="1078" VPOS="1725" WIDTH="54" HEIGHT="31" WC="0.96" CONTENT="ett"/><SP WIDTH="28" VPOS="1725" HPOS="1132"/>
							<String ID="string_304" HPOS="1160" VPOS="1721" WIDTH="41" HEIGHT="36" WC="0.96" CONTENT="af"/><SP WIDTH="25" VPOS="1721" HPOS="1201"/>
							<String ID="string_305" HPOS="1226" VPOS="1721" WIDTH="46" HEIGHT="35" WC="0.96" CONTENT="de"/><SP WIDTH="30" VPOS="1721" HPOS="1272"/>
							<String ID="string_306" HPOS="1302" VPOS="1726" WIDTH="138" HEIGHT="32" WC="0.96" CONTENT="största"/><SP WIDTH="28" VPOS="1726" HPOS="1440"/>
							<String ID="string_307" HPOS="1468" VPOS="1722" WIDTH="248" HEIGHT="37" WC="0.96" CONTENT="ekonomiska"/><SP WIDTH="29" VPOS="1722" HPOS="1716"/>
							<String ID="string_308" HPOS="1745" VPOS="1723" WIDTH="172" HEIGHT="48" WC="0.96" CONTENT="misstag,"/><SP WIDTH="29" VPOS="1723" HPOS="1917"/>
							<String ID="string_309" HPOS="1946" VPOS="1735" WIDTH="82" HEIGHT="23" WC="0.96" CONTENT="som"/>
						</TextLine>
						<TextLine ID="line_31" HPOS="414" VPOS="1771" WIDTH="1617" HEIGHT="51">
							<String ID="string_310" HPOS="414" VPOS="1772" WIDTH="128" HEIGHT="36" WC="0.94" CONTENT="blifvit"/><SP WIDTH="26" VPOS="1772" HPOS="542"/>
							<String ID="string_311" HPOS="568" VPOS="1772" WIDTH="208" HEIGHT="48" WC="0.96" CONTENT="begångna"/><SP WIDTH="27" VPOS="1772" HPOS="776"/>
							<String ID="string_312" HPOS="803" VPOS="1771" WIDTH="120" HEIGHT="36" WC="0.96" CONTENT="under"/><SP WIDTH="28" VPOS="1771" HPOS="923"/>
							<String ID="string_313" HPOS="951" VPOS="1772" WIDTH="269" HEIGHT="45" WC="0.95" CONTENT="århundradet;"/><SP WIDTH="30" VPOS="1772" HPOS="1220"/>
							<String ID="string_314" HPOS="1250" VPOS="1773" WIDTH="98" HEIGHT="36" WC="0.96" CONTENT="hade"/><SP WIDTH="28" VPOS="1773" HPOS="1348"/>
							<String ID="string_315" HPOS="1376" VPOS="1778" WIDTH="123" HEIGHT="32" WC="0.96" CONTENT="staten"/><SP WIDTH="29" VPOS="1778" HPOS="1499"/>
							<String ID="string_316" HPOS="1528" VPOS="1773" WIDTH="84" HEIGHT="37" WC="0.93" CONTENT="haft"/><SP WIDTH="27" VPOS="1773" HPOS="1612"/>
							<String ID="string_317" HPOS="1639" VPOS="1774" WIDTH="191" HEIGHT="47" WC="0.91" CONTENT="skogarne"/><SP WIDTH="29" VPOS="1774" HPOS="1830"/>
							<String ID="string_318" HPOS="1859" VPOS="1774" WIDTH="102" HEIGHT="48" WC="0.96" CONTENT="kvar,"/><SP WIDTH="27" VPOS="1774" HPOS="1961"/>
							<String ID="string_319" HPOS="1988" VPOS="1777" WIDTH="43" HEIGHT="34" WC="0.96" CONTENT="så"/>
						</TextLine>
						<TextLine ID="line_32" HPOS="414" VPOS="1823" WIDTH="1614" HEIGHT="51">
							<String ID="string_320" HPOS="414" VPOS="1823" WIDTH="123" HEIGHT="37" WC="0.93" CONTENT="skulle"/><SP WIDTH="29" VPOS="1823" HPOS="537"/>
							<String ID="string_321" HPOS="566" VPOS="1823" WIDTH="275" HEIGHT="48" WC="0.92" CONTENT="grundskatter"/><SP WIDTH="27" VPOS="1823" HPOS="841"/>
							<String ID="string_322" HPOS="868" VPOS="1823" WIDTH="70" HEIGHT="36" WC="0.96" CONTENT="och"/><SP WIDTH="30" VPOS="1823" HPOS="938"/>
							<String ID="string_323" HPOS="968" VPOS="1829" WIDTH="119" HEIGHT="30" WC="0.95" CONTENT="annat"/><SP WIDTH="28" VPOS="1829" HPOS="1087"/>
							<String ID="string_324" HPOS="1115" VPOS="1823" WIDTH="145" HEIGHT="37" WC="0.93" CONTENT="kunnat"/><SP WIDTH="30" VPOS="1823" HPOS="1260"/>
							<String ID="string_325" HPOS="1290" VPOS="1825" WIDTH="202" HEIGHT="36" WC="0.91" CONTENT="afskrifvas"/><SP WIDTH="29" VPOS="1825" HPOS="1492"/>
							<String ID="string_326" HPOS="1521" VPOS="1826" WIDTH="71" HEIGHT="35" WC="0.96" CONTENT="och"/><SP WIDTH="29" VPOS="1826" HPOS="1592"/>
							<String ID="string_327" HPOS="1621" VPOS="1832" WIDTH="136" HEIGHT="30" WC="0.96" CONTENT="ersatts"/><SP WIDTH="29" VPOS="1832" HPOS="1757"/>
							<String ID="string_328" HPOS="1786" VPOS="1839" WIDTH="139" HEIGHT="35" WC="0.96" CONTENT="genom"/><SP WIDTH="30" VPOS="1839" HPOS="1925"/>
							<String ID="string_329" HPOS="1955" VPOS="1826" WIDTH="73" HEIGHT="36" WC="0.96" CONTENT="den"/>
						</TextLine>
						<TextLine ID="line_33" HPOS="414" VPOS="1874" WIDTH="1613" HEIGHT="51">
							<String ID="string_330" HPOS="414" VPOS="1875" WIDTH="122" HEIGHT="37" WC="0.93" CONTENT="ökade"/><SP WIDTH="43" VPOS="1875" HPOS="536"/>
							<String ID="string_331" HPOS="579" VPOS="1874" WIDTH="275" HEIGHT="49" WC="0.92" CONTENT="afkastningen"/><SP WIDTH="43" VPOS="1874" HPOS="854"/>
							<String ID="string_332" HPOS="897" VPOS="1875" WIDTH="41" HEIGHT="36" WC="0.95" CONTENT="af"/><SP WIDTH="39" VPOS="1875" HPOS="938"/>
							<String ID="string_333" HPOS="977" VPOS="1875" WIDTH="124" HEIGHT="36" WC="0.93" CONTENT="denna"/><SP WIDTH="38" VPOS="1875" HPOS="1101"/>
							<String ID="string_334" HPOS="1139" VPOS="1876" WIDTH="320" HEIGHT="49" WC="0.90" CONTENT="skogsegendom."/><SP WIDTH="58" VPOS="1876" HPOS="1459"/>
							<String ID="string_335" HPOS="1517" VPOS="1877" WIDTH="136" HEIGHT="48" WC="0.96" CONTENT="Enligt"/><SP WIDTH="28" VPOS="1877" HPOS="1653"/>
							<String ID="string_336" HPOS="1681" VPOS="1877" WIDTH="214" HEIGHT="37" WC="0.93" CONTENT="sedermera"/><SP WIDTH="27" VPOS="1877" HPOS="1895"/>
							<String ID="string_337" HPOS="1922" VPOS="1877" WIDTH="105" HEIGHT="36" WC="0.92" CONTENT="med-"/>
						</TextLine>
						<TextLine ID="line_34" HPOS="414" VPOS="1926" WIDTH="1614" HEIGHT="52">
							<String ID="string_338" HPOS="414" VPOS="1926" WIDTH="132" HEIGHT="37" WC="0.96" CONTENT="delade"/><SP WIDTH="30" VPOS="1926" HPOS="546"/>
							<String ID="string_339" HPOS="576" VPOS="1927" WIDTH="130" HEIGHT="35" WC="0.96" CONTENT="domar"/><SP WIDTH="29" VPOS="1927" HPOS="706"/>
							<String ID="string_340" HPOS="735" VPOS="1926" WIDTH="42" HEIGHT="36" WC="0.96" CONTENT="af"/><SP WIDTH="25" VPOS="1926" HPOS="777"/>
							<String ID="string_341" HPOS="802" VPOS="1926" WIDTH="138" HEIGHT="48" WC="0.96" CONTENT="högsta"/><SP WIDTH="29" VPOS="1926" HPOS="940"/>
							<String ID="string_342" HPOS="969" VPOS="1926" WIDTH="215" HEIGHT="37" WC="0.96" CONTENT="domstolen"/><SP WIDTH="28" VPOS="1926" HPOS="1184"/>
							<String ID="string_343" HPOS="1212" VPOS="1928" WIDTH="69" HEIGHT="36" WC="0.96" CONTENT="har"/><SP WIDTH="28" VPOS="1928" HPOS="1281"/>
							<String ID="string_344" HPOS="1309" VPOS="1928" WIDTH="210" HEIGHT="37" WC="0.96" CONTENT="emellertid"/><SP WIDTH="29" VPOS="1928" HPOS="1519"/>
							<String ID="string_345" HPOS="1548" VPOS="1928" WIDTH="148" HEIGHT="49" WC="0.96" CONTENT="(Holms"/><SP WIDTH="15" VPOS="1928" HPOS="1696"/>
							<String ID="string_346" HPOS="1711" VPOS="1929" WIDTH="190" HEIGHT="49" WC="0.96" CONTENT="juridiska"/><SP WIDTH="20" VPOS="1929" HPOS="1901"/>
							<String ID="string_347" HPOS="1921" VPOS="1929" WIDTH="107" HEIGHT="36" WC="0.96" CONTENT="arkiv"/>
						</TextLine>
						<TextLine ID="line_35" HPOS="416" VPOS="1977" WIDTH="1612" HEIGHT="49">
							<String ID="string_348" HPOS="416" VPOS="1979" WIDTH="98" HEIGHT="36" WC="0.96" CONTENT="1897"/><SP WIDTH="31" VPOS="1979" HPOS="514"/>
							<String ID="string_349" HPOS="545" VPOS="1978" WIDTH="68" HEIGHT="36" WC="0.95" CONTENT="sid."/><SP WIDTH="33" VPOS="1978" HPOS="613"/>
							<String ID="string_350" HPOS="646" VPOS="1977" WIDTH="88" HEIGHT="49" WC="0.93" CONTENT="317)"/><SP WIDTH="32" VPOS="1977" HPOS="734"/>
							<String ID="string_351" HPOS="766" VPOS="1978" WIDTH="370" HEIGHT="48" WC="0.90" CONTENT="återvinningstalan"/><SP WIDTH="29" VPOS="1978" HPOS="1136"/>
							<String ID="string_352" HPOS="1165" VPOS="1979" WIDTH="82" HEIGHT="36" WC="0.96" CONTENT="från"/><SP WIDTH="30" VPOS="1979" HPOS="1247"/>
							<String ID="string_353" HPOS="1277" VPOS="1980" WIDTH="165" HEIGHT="36" WC="0.96" CONTENT="kronans"/><SP WIDTH="29" VPOS="1980" HPOS="1442"/>
							<String ID="string_354" HPOS="1471" VPOS="1980" WIDTH="83" HEIGHT="37" WC="0.96" CONTENT="sida"/><SP WIDTH="20" VPOS="1980" HPOS="1554"/>
							<String ID="string_355" HPOS="1574" VPOS="1980" WIDTH="202" HEIGHT="37" WC="0.96" CONTENT="förklarats"/><SP WIDTH="20" VPOS="1980" HPOS="1776"/>
							<String ID="string_356" HPOS="1796" VPOS="1980" WIDTH="83" HEIGHT="37" WC="0.95" CONTENT="icke"/><SP WIDTH="19" VPOS="1980" HPOS="1879"/>
							<String ID="string_357" HPOS="1898" VPOS="1980" WIDTH="130" HEIGHT="36" WC="0.96" CONTENT="kunna"/>
						</TextLine>
						<TextLine ID="line_36" HPOS="413" VPOS="2030" WIDTH="1611" HEIGHT="51">
							<String ID="string_358" HPOS="413" VPOS="2036" WIDTH="75" HEIGHT="42" WC="0.96" CONTENT="äga"/><SP WIDTH="40" VPOS="2036" HPOS="488"/>
							<String ID="string_359" HPOS="528" VPOS="2043" WIDTH="84" HEIGHT="23" WC="0.96" CONTENT="rum"/><SP WIDTH="35" VPOS="2043" HPOS="612"/>
							<String ID="string_360" HPOS="647" VPOS="2030" WIDTH="41" HEIGHT="36" WC="0.96" CONTENT="af"/><SP WIDTH="24" VPOS="2030" HPOS="688"/>
							<String ID="string_361" HPOS="712" VPOS="2030" WIDTH="73" HEIGHT="36" WC="0.96" CONTENT="den"/><SP WIDTH="30" VPOS="2030" HPOS="785"/>
							<String ID="string_362" HPOS="815" VPOS="2030" WIDTH="270" HEIGHT="49" WC="0.96" CONTENT="anledningen,"/><SP WIDTH="31" VPOS="2030" HPOS="1085"/>
							<String ID="string_363" HPOS="1116" VPOS="2036" WIDTH="55" HEIGHT="30" WC="0.96" CONTENT="att"/><SP WIDTH="28" VPOS="2036" HPOS="1171"/>
							<String ID="string_364" HPOS="1199" VPOS="2031" WIDTH="189" HEIGHT="36" WC="0.96" CONTENT="villkoren"/><SP WIDTH="29" VPOS="2031" HPOS="1388"/>
							<String ID="string_365" HPOS="1417" VPOS="2032" WIDTH="58" HEIGHT="36" WC="0.96" CONTENT="för"/><SP WIDTH="28" VPOS="2032" HPOS="1475"/>
							<String ID="string_366" HPOS="1503" VPOS="2032" WIDTH="231" HEIGHT="36" WC="0.96" CONTENT="donationen"/><SP WIDTH="29" VPOS="2032" HPOS="1734"/>
							<String ID="string_367" HPOS="1763" VPOS="2033" WIDTH="32" HEIGHT="47" WC="0.96" CONTENT="ej"/><SP WIDTH="32" VPOS="2033" HPOS="1795"/>
							<String ID="string_368" HPOS="1827" VPOS="2031" WIDTH="197" HEIGHT="50" WC="0.96" CONTENT="uppfyllts."/>
						</TextLine>
						<TextLine ID="line_37" HPOS="407" VPOS="2081" WIDTH="1620" HEIGHT="51">
							<String ID="string_369" HPOS="407" VPOS="2081" WIDTH="60" HEIGHT="37" WC="0.88" CONTENT="På"/><SP WIDTH="38" VPOS="2081" HPOS="467"/>
							<String ID="string_370" HPOS="505" VPOS="2081" WIDTH="145" HEIGHT="37" WC="0.96" CONTENT="motion"/><SP WIDTH="37" VPOS="2081" HPOS="650"/>
							<String ID="string_371" HPOS="687" VPOS="2081" WIDTH="12" HEIGHT="36" WC="0.96" CONTENT="i"/><SP WIDTH="28" VPOS="2081" HPOS="699"/>
							<String ID="string_372" HPOS="727" VPOS="2081" WIDTH="139" HEIGHT="36" WC="0.96" CONTENT="Första"/><SP WIDTH="28" VPOS="2081" HPOS="866"/>
							<String ID="string_373" HPOS="894" VPOS="2082" WIDTH="230" HEIGHT="36" WC="0.96" CONTENT="Kammaren"/><SP WIDTH="28" VPOS="2082" HPOS="1124"/>
							<String ID="string_374" HPOS="1152" VPOS="2088" WIDTH="67" HEIGHT="43" WC="0.96" CONTENT="tog"/><SP WIDTH="28" VPOS="2088" HPOS="1219"/>
							<String ID="string_375" HPOS="1247" VPOS="2082" WIDTH="62" HEIGHT="49" WC="0.96" CONTENT="sig"/><SP WIDTH="28" VPOS="2082" HPOS="1309"/>
							<String ID="string_376" HPOS="1337" VPOS="2083" WIDTH="163" HEIGHT="37" WC="0.96" CONTENT="därefter"/><SP WIDTH="31" VPOS="2083" HPOS="1500"/>
							<String ID="string_377" HPOS="1531" VPOS="2085" WIDTH="98" HEIGHT="35" WC="0.96" CONTENT="1898"/><SP WIDTH="30" VPOS="2085" HPOS="1629"/>
							<String ID="string_378" HPOS="1659" VPOS="2087" WIDTH="58" HEIGHT="33" WC="0.96" CONTENT="års"/><SP WIDTH="28" VPOS="2087" HPOS="1717"/>
							<String ID="string_379" HPOS="1745" VPOS="2083" WIDTH="173" HEIGHT="49" WC="0.96" CONTENT="Riksdag"/><SP WIDTH="27" VPOS="2083" HPOS="1918"/>
							<String ID="string_380" HPOS="1945" VPOS="2083" WIDTH="82" HEIGHT="37" WC="0.96" CONTENT="före"/>
						</TextLine>
						<TextLine ID="line_38" HPOS="413" VPOS="2133" WIDTH="1612" HEIGHT="50">
							<String ID="string_381" HPOS="413" VPOS="2138" WIDTH="55" HEIGHT="31" WC="0.96" CONTENT="att"/><SP WIDTH="40" VPOS="2138" HPOS="468"/>
							<String ID="string_382" HPOS="508" VPOS="2137" WIDTH="93" HEIGHT="31" WC="0.96" CONTENT="utan"/><SP WIDTH="42" VPOS="2137" HPOS="601"/>
							<String ID="string_383" HPOS="643" VPOS="2138" WIDTH="173" HEIGHT="31" WC="0.96" CONTENT="närmare"/><SP WIDTH="38" VPOS="2138" HPOS="816"/>
							<String ID="string_384" HPOS="854" VPOS="2133" WIDTH="214" HEIGHT="37" WC="0.95" CONTENT="eftertanke"/><SP WIDTH="28" VPOS="2133" HPOS="1068"/>
							<String ID="string_385" HPOS="1096" VPOS="2134" WIDTH="159" HEIGHT="47" WC="0.95" CONTENT="besluta,"/><SP WIDTH="31" VPOS="2134" HPOS="1255"/>
							<String ID="string_386" HPOS="1286" VPOS="2140" WIDTH="56" HEIGHT="31" WC="0.93" CONTENT="att"/><SP WIDTH="29" VPOS="2140" HPOS="1342"/>
							<String ID="string_387" HPOS="1371" VPOS="2135" WIDTH="339" HEIGHT="48" WC="0.90" CONTENT="författningarnes"/><SP WIDTH="29" VPOS="2135" HPOS="1710"/>
							<String ID="string_388" HPOS="1739" VPOS="2135" WIDTH="197" HEIGHT="37" WC="0.96" CONTENT="föreskrift"/><SP WIDTH="28" VPOS="2135" HPOS="1936"/>
							<String ID="string_389" HPOS="1964" VPOS="2148" WIDTH="61" HEIGHT="23" WC="0.96" CONTENT="om"/>
						</TextLine>
						<TextLine ID="line_39" HPOS="413" VPOS="2184" WIDTH="1613" HEIGHT="52">
							<String ID="string_390" HPOS="413" VPOS="2184" WIDTH="244" HEIGHT="49" WC="0.92" CONTENT="skatteköpta"/><SP WIDTH="27" VPOS="2184" HPOS="657"/>
							<String ID="string_391" HPOS="684" VPOS="2184" WIDTH="466" HEIGHT="49" WC="0.90" CONTENT="rekognitionshemmans"/><SP WIDTH="29" VPOS="2184" HPOS="1150"/>
							<String ID="string_392" HPOS="1179" VPOS="2186" WIDTH="291" HEIGHT="49" WC="0.90" CONTENT="oskiljaktighet"/><SP WIDTH="29" VPOS="2186" HPOS="1470"/>
							<String ID="string_393" HPOS="1499" VPOS="2187" WIDTH="86" HEIGHT="36" WC="0.96" CONTENT="med"/><SP WIDTH="29" VPOS="2187" HPOS="1585"/>
							<String ID="string_394" HPOS="1614" VPOS="2187" WIDTH="146" HEIGHT="36" WC="0.96" CONTENT="bruken"/><SP WIDTH="29" VPOS="2187" HPOS="1760"/>
							<String ID="string_395" HPOS="1789" VPOS="2186" WIDTH="122" HEIGHT="37" WC="0.93" CONTENT="skulle"/><SP WIDTH="18" VPOS="2186" HPOS="1911"/>
							<String ID="string_396" HPOS="1929" VPOS="2200" WIDTH="97" HEIGHT="36" WC="0.93" CONTENT="upp-"/>
						</TextLine>
						<TextLine ID="line_40" HPOS="411" VPOS="2235" WIDTH="1614" HEIGHT="52">
							<String ID="string_397" HPOS="411" VPOS="2235" WIDTH="93" HEIGHT="37" WC="0.96" CONTENT="höra"/><SP WIDTH="43" VPOS="2235" HPOS="504"/>
							<String ID="string_398" HPOS="547" VPOS="2241" WIDTH="55" HEIGHT="31" WC="0.96" CONTENT="att"/><SP WIDTH="27" VPOS="2241" HPOS="602"/>
							<String ID="string_399" HPOS="629" VPOS="2237" WIDTH="103" HEIGHT="47" WC="0.96" CONTENT="gälla"/><SP WIDTH="29" VPOS="2237" HPOS="732"/>
							<String ID="string_400" HPOS="761" VPOS="2236" WIDTH="70" HEIGHT="36" WC="0.96" CONTENT="och"/><SP WIDTH="29" VPOS="2236" HPOS="831"/>
							<String ID="string_401" HPOS="860" VPOS="2242" WIDTH="56" HEIGHT="31" WC="0.96" CONTENT="att"/><SP WIDTH="27" VPOS="2242" HPOS="916"/>
							<String ID="string_402" HPOS="943" VPOS="2236" WIDTH="13" HEIGHT="36" WC="0.96" CONTENT="i"/><SP WIDTH="29" VPOS="2236" HPOS="956"/>
							<String ID="string_403" HPOS="985" VPOS="2237" WIDTH="95" HEIGHT="48" WC="0.96" CONTENT="följd"/><SP WIDTH="30" VPOS="2237" HPOS="1080"/>
							<String ID="string_404" HPOS="1110" VPOS="2237" WIDTH="110" HEIGHT="37" WC="0.96" CONTENT="däraf"/><SP WIDTH="25" VPOS="2237" HPOS="1220"/>
							<String ID="string_405" HPOS="1245" VPOS="2238" WIDTH="184" HEIGHT="37" WC="0.96" CONTENT="förbehåll"/><SP WIDTH="29" VPOS="2238" HPOS="1429"/>
							<String ID="string_406" HPOS="1458" VPOS="2238" WIDTH="131" HEIGHT="37" WC="0.96" CONTENT="därom"/><SP WIDTH="30" VPOS="2238" HPOS="1589"/>
							<String ID="string_407" HPOS="1619" VPOS="2238" WIDTH="33" HEIGHT="48" WC="0.96" CONTENT="ej"/><SP WIDTH="31" VPOS="2238" HPOS="1652"/>
							<String ID="string_408" HPOS="1683" VPOS="2238" WIDTH="123" HEIGHT="37" WC="0.93" CONTENT="skulle"/><SP WIDTH="27" VPOS="2238" HPOS="1806"/>
							<String ID="string_409" HPOS="1833" VPOS="2238" WIDTH="152" HEIGHT="49" WC="0.92" CONTENT="intagas"/><SP WIDTH="29" VPOS="2238" HPOS="1985"/>
							<String ID="string_410" HPOS="2014" VPOS="2239" WIDTH="11" HEIGHT="36" WC="0.96" CONTENT="i"/>
						</TextLine>
					</TextBlock>
				</ComposedBlock>
			</PrintSpace>
		</Page>
	</Layout>
</alto>
