2222 2622
759 195 247 29 Bankoutskolttes
1031 196 147 28 memorial
1202 195 45 28 Nr
1273 197 48 27 70.
1534 225 4 4 .
1801 194 38 29 75

238 299 61 33 Av
335 300 85 32 1910
450 299 64 33 års
540 300 161 40 riksdag
725 299 231 32 meddelade
981 300 301 32 bestämmelser
1306 298 202 42 angående
1534 298 307 33 låneunderstöd

768 352 86 33 från
873 352 440 42 järnvägslånefonden.

345 435 74 34 Till
448 434 276 36 låneunderstöd
754 436 55 33 för
838 434 162 35 enskilda
1027 435 191 47 järnvägar
1246 434 64 34 har
1342 435 99 35 1910
1471 435 55 33 års
1558 434 145 46 riksdag
1731 434 110 34 bevil-

236 489 55 45 jat
325 487 68 35 och
428 488 97 34 ställt
553 488 58 34 till
640 488 141 47 Kungl.
813 488 125 46 Maj:ts
966 488 210 46 förfogande
1206 490 52 32 ett
1285 490 99 32 extra
1413 487 123 46 anslag
1565 499 43 21 av
1631 487 208 43 7,500,000

239 541 133 35 kronor
400 543 54 33 att
484 543 85 42 utgå
600 541 114 34 under
742 539 73 36 fem
844 542 38 32 år
911 539 81 36 från
1020 541 66 35 och
1115 541 81 34 med
1224 541 38 34 år
1293 541 99 35 1912
1423 539 84 35 med
1537 540 205 43 1,500,000
1762 539 78 35 kro-

239 606 67 22 nor
347 594 148 47 årligen,
534 594 91 35 dock
655 592 37 36 så
720 596 53 32 att
801 593 144 47 belopp,
976 605 77 23 som
1081 594 33 46 ej
1145 593 103 35 blivit
1275 593 57 35 till
1361 591 181 48 utgående
1572 593 112 34 under
1713 596 52 31 ett
1798 605 43 21 av

240 647 100 35 dessa
368 648 38 33 år
434 646 149 43 anvisat,
614 648 58 33 må
700 647 56 34 för
785 648 52 33 ett
865 646 248 46 efterföljande
1143 647 38 34 år
1209 658 43 23 av
1281 658 135 23 samma
1441 644 257 49 femårsperiod
1726 645 116 47 dispo-

240 712 112 32 neras,
383 699 139 48 ägande
555 700 138 47 Kungl.
722 700 109 45 Maj:t
858 702 54 32 att
940 701 20 33 å
989 700 96 35 detta
1114 700 123 46 anslag
1265 699 55 36 till
1349 698 304 47 understödjande
1682 711 45 22 av
1757 711 82 34 nya,

240 757 97 31 ännu
375 754 31 46 ej
442 754 193 47 påbörjade
672 754 160 34 enskilda
868 753 437 47 järnvägsanläggningar
1342 752 125 35 anvisa
1495 765 43 22 av
1567 752 141 47 Kungl.
1734 753 108 46 Maj:t

240 806 175 47 beviljade
457 807 349 47 understödsbelopp
848 810 54 32 att
944 808 87 45 utgå
1069 807 12 34 i
1118 807 163 47 enlighet
1318 806 82 35 med
1428 804 158 49 följande
1615 806 132 34 villkor
1775 806 66 34 och

240 859 282 37 bestämmelser:

351 913 71 47 1:0)
452 915 53 33 att
533 912 306 48 kostnadsförslag
863 913 67 35 och
959 913 201 47 arbetsplan
1189 912 193 36 fastställas
1402 925 44 22 av
1462 912 141 47 Kungl.
1622 912 120 46 Maj:t,
1764 924 77 22 som

241 967 66 35 ock
335 969 163 33 närmare
527 967 214 34 bestämmer
769 966 42 35 de
841 966 141 44 ställen,
1012 966 98 35 vilka
1136 967 149 46 järnväg
1309 965 92 35 skall
1429 966 134 42 beröra,
1592 965 155 35 varande
1780 965 63 35 det

240 1020 158 35 sökande
426 1020 145 47 bolaget
598 1019 163 47 skyldigt
788 1021 55 34 att
871 1022 167 45 gottgöra
1067 1020 43 34 de
1138 1019 172 35 särskilda
1338 1019 238 35 kostnaderna
1594 1017 57 36 för
1666 1018 175 48 möjligen

239 1073 234 48 erforderliga
501 1073 482 47 kontrollundersökningar,
1004 1072 260 47 besiktningar,
1284 1076 97 32 extra
1403 1072 181 35 biträdens
1604 1071 237 36 användande

239 1127 82 35 med
364 1139 98 24 mera
499 1127 127 48 dylikt,
671 1127 98 34 vilka
811 1127 126 34 kunna
980 1139 45 23 av
1061 1126 363 48 kostnadsförslagets
1462 1125 66 36 och
1570 1125 272 48 arbetsplanens

239 1180 222 48 granskning
488 1180 220 46 föranledas;

349 1233 72 49 2:0)
452 1236 53 34 att
533 1234 61 36 det
619 1233 238 37 lånesökande
887 1233 155 47 bolaget,
1071 1233 56 35 för
1151 1234 53 33 att
1231 1233 125 35 kunna
1385 1232 133 36 erhålla
1541 1232 299 44 statsunderstöd,

239 1288 92 35 skall
358 1301 83 22 vara
469 1287 162 49 skyldigt
658 1288 66 34 hos
752 1286 141 48 Kungl.
922 1287 110 46 Maj:t
1060 1286 135 47 styrka,
1226 1288 54 33 att
1308 1286 60 35 det
1395 1284 161 49 förfogar
1583 1291 85 30 över
1708 1287 52 33 ett
1783 1286 59 34 ka-

239 1342 101 47 pital,
363 1353 77 23 som
466 1342 112 46 jämte
607 1340 187 36 statslånet
822 1343 38 32 är
888 1338 85 37 fullt
1000 1339 210 48 tillräckligt
1237 1339 56 36 till
1310 1339 458 48 järnvägsanläggningens
1788 1344 54 29 ut-

239 1394 148 36 förande
429 1393 46 49 på
508 1396 69 33 sätt
618 1393 205 48 arbetsplan
861 1394 68 34 och
957 1391 307 48 kostnadsförslag
1292 1392 180 36 innehålla
1500 1393 67 35 och
1595 1404 109 23 varav
1732 1392 111 35 minst

239 1447 38 36 så
304 1451 75 33 stor
407 1448 67 44 del,
504 1460 77 23 som
609 1449 199 34 motsvarar
836 1446 139 36 hälften
1004 1459 43 22 av
1067 1446 69 35 den
1161 1446 202 35 beräknade
1383 1445 457 49 anläggningskostnaden,

238 1502 66 35 bör
337 1503 148 46 utgöras
518 1514 43 22 av
594 1501 153 36 inbetalt
784 1500 85 36 eller
905 1500 145 35 tecknat
1087 1499 226 49 aktiebelopp
1350 1499 85 36 eller
1463 1499 102 48 eljest
1592 1501 88 34 utan
1709 1497 133 37 återbe-

238 1555 368 48 talningsskyldighet
632 1555 136 35 lämnat
796 1554 159 35 tillskott
983 1554 55 35 till
1064 1553 459 49 järnvägsanläggningens
1551 1552 206 46 utförande;

347 1608 74 49 3:0)
464 1611 56 33 att
546 1608 315 36 låneunderstödet
888 1609 61 34 må
976 1609 129 46 utgöra
1132 1608 108 47 högst
1268 1607 139 35 hälften
1431 1619 44 23 av
1503 1606 339 48 anläggningskost-

237 1662 117 35 naden
396 1661 91 37 efter
519 1663 60 35 det
607 1662 197 36 fastställda
832 1661 343 47 kostnadsförslaget
1204 1665 92 31 samt
1323 1658 112 50 lyftas
1462 1660 13 35 i
1502 1658 83 38 mån
1615 1672 45 23 av
1687 1660 156 35 arbetets

238 1716 173 48 fortgång
438 1715 46 49 på
512 1718 70 33 sätt
610 1716 66 35 och
705 1717 21 34 å
753 1715 103 43 tider,
885 1727 78 23 som
992 1714 138 48 Kungl.
1156 1714 112 47 Maj:t
1287 1714 228 44 bestämmer,
1537 1713 92 36 dock
1648 1714 81 35 med
1749 1713 92 35 iakt-

238 1769 156 48 tagande
434 1770 120 44 därav,
585 1771 53 34 att
665 1768 314 47 inbetalningarna
1007 1769 19 34 å
1056 1768 68 35 den
1153 1767 57 36 del
1238 1780 44 23 av
1311 1767 421 48 anläggningskapitalet,
1764 1779 77 23 som

238 1822 66 36 bör
327 1825 144 46 utgöras
500 1836 44 22 av
571 1822 232 48 aktiekapital
831 1822 85 35 eller
944 1822 102 45 eljest
1071 1826 84 30 utan
1185 1821 491 48 återbetalningsskyldighet
1704 1820 138 36 lämnat

237 1876 169 41 tillskott,
435 1876 102 36 skola
564 1877 62 35 ske
654 1877 12 34 i
695 1874 222 37 förhållande
945 1876 58 34 till
1031 1875 43 35 de
1102 1874 146 36 andelar
1276 1887 45 22 av
1339 1875 262 43 lånesumman,
1622 1887 78 23 som
1715 1874 123 47 lyftas,

238 1929 69 36 och
349 1929 78 37 före
469 1929 209 50 lyftningen
707 1943 44 22 av
779 1929 100 36 dessa
908 1929 244 45 låneandelar;
1182 1928 170 36 skolande
1381 1928 174 47 härjämte
1584 1940 44 23 en
1656 1927 184 36 tiondedel

237 1996 46 23 av
315 1983 71 37 den
428 1984 175 47 beviljade
642 1982 393 46 låneförsträckningen
1063 1983 150 43 innestå,
1242 1982 58 36 till
1329 1982 79 36 dess
1436 1982 207 48 besiktning
1671 1994 44 23 av
1745 1982 95 46 järn-

237 2038 362 48 vägsanläggningen
636 2037 106 36 blivit
779 2037 14 35 i
830 2036 349 36 överensstämmelse
1217 2036 82 35 med
1336 2035 23 47 $
1391 2038 20 33 2
1446 2048 108 23 mom.
1589 2037 20 34 2
1640 2048 44 22 av
1711 2035 126 48 kungl.

239 2091 239 48 kungörelsen
507 2091 68 36 den
618 2092 43 36 11
694 2090 186 36 december
913 2091 98 35 1874
1041 2089 182 48 angående
1252 2089 202 48 ordningen
1483 2090 54 35 för
1564 2088 180 49 avsyning
1771 2089 68 34 och

238 2145 209 47 besiktning
488 2157 45 22 av
566 2144 160 36 enskilda
765 2144 195 47 järnvägar
1001 2144 67 35 och
1110 2143 100 36 deras
1243 2143 217 48 upplåtande
1489 2143 57 35 för
1573 2142 133 36 allmän
1734 2143 106 35 trafik

237 2198 175 36 förrättad
453 2200 94 34 samt
574 2201 80 46 väg-
684 2198 67 35 och
778 2196 491 48 vattenbyggnadsstyrelsen
1298 2196 179 36 meddelat
1505 2196 164 36 tillstånd
1696 2195 57 37 till
1781 2196 59 35 ba-

237 2264 90 24 nans
355 2252 189 49 öppnande
572 2252 57 35 för
656 2251 131 36 allmän
815 2251 125 45 trafik;
