2220 2612
362 208 42 31 40
877 203 251 29 Bankoutskottets
1151 201 150 30 memorial
1323 201 46 29 Nr
1394 202 50 28 70.

498 286 233 35 Gemensamt
773 283 80 35 med
893 281 229 47 fullmäktige
1163 282 12 34 i
1216 280 217 35 riksbanken
1474 283 67 44 äga
1577 277 228 48 fullmäktige
1837 276 13 35 i
1877 278 86 34 riks-

363 340 270 49 gäldskontoret
662 340 54 34 att
743 337 147 47 vidtaga
917 335 42 36 de
988 334 175 48 åtgärder,
1193 346 77 23 som
1299 333 175 36 erfordras
1501 334 56 34 för
1585 331 188 37 utförande
1803 342 45 23 av
1877 331 87 35 riks-

363 395 136 47 dagens
541 393 116 35 beslut
689 392 13 35 i
735 391 102 47 fråga
878 402 59 23 om
970 401 72 35 nya
1069 387 212 48 byggnader
1308 387 56 34 för
1391 386 191 48 riksdagen
1618 399 48 22 m.
1695 398 49 22 m.
1775 384 67 35 och
1876 384 88 34 riks-

364 448 155 43 banken,
561 446 62 35 allt
660 446 12 34 i
713 442 351 38 överensstämmelse
1101 441 81 35 med
1220 441 43 35 de
1292 443 158 32 närmare
1483 440 233 43 föreskrifter,
1750 450 78 23 som
1856 437 14 34 i
1897 440 68 32 sär-

363 501 115 36 skilda
518 499 188 37 skrivelser
749 510 44 23 av
835 497 67 35 den
949 497 43 34 11
1040 495 66 35 och
1146 496 46 34 12
1232 495 73 46 maj
1339 493 99 35 1888
1469 495 92 33 samt
1590 493 67 35 den
1689 493 20 36 6
1739 490 93 49 april
1864 491 100 35 1906

363 555 104 35 blivit
496 566 44 23 av
566 552 191 47 riksdagen
784 549 219 37 meddelade.

1126 621 22 45 $
1178 621 62 35 54.

473 687 57 35 Då
567 685 218 36 revisorerna
821 688 83 31 över
945 684 113 43 stats-,
1100 681 133 36 banko-
1258 681 69 35 och
1354 678 309 49 riksgäldsverken
1692 675 274 45 sammanträda,

366 740 102 36 skola
496 738 230 48 fullmäktige
753 737 59 36 till
840 737 78 35 dem
948 736 128 48 avgiva
1103 734 188 36 berättelse
1319 746 59 24 om
1407 731 362 49 riksgäldskontorets
1794 728 173 49 ställning

367 794 67 36 och
477 793 219 47 förvaltning
738 791 115 35 under
894 790 69 35 den
1004 789 66 45 tid,
1110 801 77 23 som
1214 788 238 35 revisorernas
1479 785 222 48 granskning
1725 784 163 36 kommer
1915 785 53 34 att

366 848 163 36 omfatta.

473 901 194 35 Dessutom
710 897 100 36 skola
848 896 228 47 fullmäktige
1118 894 60 36 vid
1219 896 102 33 nästa
1352 893 163 47 riksdags
1542 892 128 47 början
1698 890 56 36 till
1777 890 191 47 riksdagen

366 954 130 48 avgiva
511 954 67 35 och
592 952 57 37 till
668 951 298 37 bankoutskottet
984 950 169 35 avlämna
1171 947 189 36 berättelse
1379 947 55 35 för
1452 946 80 36 hela
1551 945 68 36 den
1637 945 64 44 tid,
1714 957 79 23 som
1804 942 163 45 förflutit,

367 1008 109 36 sedan
501 1006 249 47 fullmäktiges
776 1003 189 38 berättelse
993 1002 57 36 till
1077 1001 205 36 nuvarande
1309 1000 146 47 riksdag
1483 1011 142 36 avgavs.

1129 1073 23 47 $&
1182 1075 61 34 55.

475 1139 242 48 Fullmäktige
755 1139 86 35 böra
876 1137 98 47 varje
1012 1137 40 35 år
1091 1135 57 36 till
1188 1134 210 48 riksdagens
1440 1133 189 36 revisorers
1657 1132 111 35 första
1796 1142 172 24 samman-

368 1195 110 44 träde,
518 1206 77 23 som
636 1192 90 36 skall
768 1195 67 44 äga
875 1203 81 23 rum
983 1190 14 35 i
1024 1189 207 48 riksdagens
1272 1189 69 34 hus
1367 1187 14 36 i
1408 1186 210 37 Stockholm
1665 1185 68 35 den
1769 1185 18 34 1
1821 1183 147 37 oktober

371 1249 93 43 eller,
495 1259 61 24 om
583 1246 157 47 helgdag
768 1245 45 35 då
840 1245 171 43 inträffar,
1042 1243 114 48 dagen
1185 1242 165 42 därefter,
1379 1240 140 36 utfärda
1547 1239 145 36 kallelse
1720 1250 134 36 genom
1881 1237 88 35 kun-

371 1301 136 49 görelse
535 1300 13 35 i
575 1300 194 46 tidningar.

478 1355 130 35 Därest
647 1353 149 43 revisor,
840 1351 108 36 sedan
989 1350 149 48 lagtima
1179 1347 146 49 riksdag
1366 1350 37 32 är
1448 1346 164 36 avslutad
1645 1346 66 35 och
1744 1345 113 35 innan
1885 1343 86 36 revi-

373 1420 143 24 sorerna
544 1407 260 43 sammanträtt,
833 1406 66 34 hos
925 1403 228 47 fullmäktige
1181 1401 159 36 anmäler
1359 1400 127 36 hinder
1506 1402 53 34 att
1578 1398 163 48 deltaga
1722 1393 20 61 i
1760 1397 211 43 revisionen,

372 1462 101 36 skola
501 1459 226 48 fullmäktige
755 1458 253 47 ofördröjligen
1027 1456 134 36 inkalla
1179 1456 69 35 den
1267 1456 159 34 närmast
1444 1454 13 35 i
1476 1453 197 48 ordningen
1691 1451 154 36 varande
1869 1463 104 35 supp-

373 1516 154 35 leanten.
586 1514 52 35 På
667 1512 186 37 enahanda
881 1514 70 33 sätt
967 1509 162 46 förfares,
1150 1509 44 36 då
1213 1508 127 36 hinder
1358 1507 156 36 anmäles
1534 1520 43 23 av
1596 1505 157 37 inkallad
1772 1504 200 49 suppleant.

1134 1581 23 46 8
1187 1582 61 35 56.

481 1648 104 35 Efter
624 1647 98 47 varje
763 1645 170 37 revisions
973 1644 74 37 slut
1073 1643 99 36 skola
1199 1642 227 47 fullmäktige
1453 1640 208 37 föranstalta
1688 1652 60 23 om
1781 1638 194 48 tryckning

374 1715 46 23 av
452 1702 234 35 revisorernas
718 1703 85 32 över
825 1699 198 36 revisionen
1058 1710 46 22 av
1132 1696 212 36 statsverket
1371 1696 66 35 och
1464 1693 343 49 riksgäldskontoret
1822 1691 153 48 avgivna

376 1756 68 36 och
463 1754 227 47 fullmäktige
704 1752 187 37 tillställda
904 1751 207 37 berättelser
1136 1751 110 47 jämte
1275 1749 119 36 därtill
1416 1748 156 35 hörande
1601 1746 250 47 förklaringar,
1881 1744 96 35 vilka

377 1808 215 48 handlingar
623 1810 88 33 även
744 1819 131 35 genom
898 1804 245 48 fullmäktiges
1174 1804 140 46 försorg
1355 1803 85 35 böra
1462 1802 56 35 till
1537 1802 79 34 näst
1643 1797 333 39 sammanträdande

376 1862 147 47 riksdag
551 1862 66 35 och
646 1860 173 36 revisorer
846 1859 230 36 överlämnas.

485 1916 265 35 Prenumerant
777 1914 21 35 å
825 1913 179 35 allmänna
1032 1910 230 49 tidningarna
1290 1915 168 30 ävensom
1499 1908 189 43 kommun,
1720 1918 77 23 som
1822 1907 85 33 utan
1927 1915 51 24 er-

377 1968 183 49 läggande
588 1980 44 24 av
652 1965 428 49 prenumerationsavgift
1107 1977 82 23 men
1208 1965 79 34 mot
1314 1962 149 49 stadgad
1476 1956 430 53 postbefordringsavgift
1928 1970 49 23 er-

379 2023 118 35 håller
535 2021 153 36 nämnda
715 2020 201 48 tidningar,
960 2020 62 35 må
1064 2016 92 38 efter
1187 2016 212 37 rekvisition
1432 2016 66 35 hos
1525 2013 231 48 fullmäktige
1783 2013 14 35 i
1823 2010 84 37 mån
1935 2024 43 22 av

379 2076 159 48 tillgång
565 2075 35 36 få
627 2077 53 34 ett
707 2073 188 49 exemplar
931 2085 43 24 av
1001 2070 274 49 ifrågavarande
1303 2069 208 37 berättelser
1538 2069 54 47 sig
1619 2067 150 36 tillsänt.

1142 2142 23 46 &
1196 2143 61 34 57.

489 2209 92 36 Före
609 2207 298 38 nästkommande
935 2206 164 47 riksdags
1126 2204 127 47 början
1282 2203 85 35 böra
1394 2202 243 47 fullmäktige:

492 2261 33 50 a)
554 2262 209 36 föranstalta
804 2274 60 23 om
905 2258 255 51 upphandling
1191 2270 44 22 av
1264 2257 60 35 det
1351 2257 56 35 för
1433 2256 238 47 tryckningen
1700 2266 44 23 av
1771 2252 210 48 riksdagens
