2214 2640
394 209 38 29 22
903 213 235 29 Stalsutskottets
1167 213 154 29 Utlåtande
1344 214 60 28 N:o
1430 215 48 28 37.

502 290 60 35 Uti
608 289 189 38 skrifvelse
838 292 68 35 den
946 293 44 35 16
1022 305 97 22 mars
1153 293 95 36 1897
1283 293 93 35 hade
1400 293 354 65 jernvägsstyrelsen
1785 295 205 36 understält

393 339 132 72 Kongl.
567 343 122 48 Maj:ts
722 344 182 49 pröfning,
941 346 98 35 huru
1068 345 58 36 för
1152 346 102 35 tiden
1284 346 91 36 efter
1402 347 113 47 sagda
1543 346 57 36 års
1627 346 148 51 ingång,
1805 347 185 37 hvarefter

392 396 118 49 någon
540 398 152 35 särskild
720 399 207 49 räkenskap
956 398 58 36 för
1043 399 302 36 Vestkustbanan
1372 377 92 59 icke
1480 400 128 37 vidare
1636 377 149 60 komme
1810 407 54 31 att
1883 402 107 45 föras,

394 451 43 35 de
481 450 152 49 afgifter
666 452 122 35 skulle
804 480 10 10 »
831 448 178 73 bestridas,
1038 453 127 36 hvilka
1194 453 73 46 det,
1296 455 116 47 enligt
1440 454 100 37 hvad
1569 456 112 35 ofvan
1711 454 148 46 anförts,
1887 455 104 50 ålåge

389 505 350 61 Jernvägsstyrelsen
784 504 231 51 att'erlägga
1043 483 270 75 till”Enskilda
1337 509 264 60 jernvägarnes
1629 509 279 61 pensionskassa
1932 508 59 38 för

393 558 68 36 den
494 559 13 34 i
536 558 119 36 denna
683 559 106 36 kassa
818 561 186 48 delaktiga
1032 546 418 63 statsbanepersonalens
1478 562 266 60 pensionering,
1776 568 96 31 samt
1899 564 12 35 i
1939 562 52 37 så-

393 612 89 35 dant
523 611 168 38 afseende
724 613 173 37 hemstält
924 627 61 22 om
1014 614 242 37 meddelande
1286 614 42 36 af
1352 614 188 37 föreskrift
1568 616 12 35 i
1609 615 94 50 syfte
1733 622 56 30 att
1816 616 82 36 från
1922 617 69 36 och

395 666 81 35 med
524 668 96 35 1897
663 667 158 35 räknadt
848 669 97 47 finge
972 668 78 36 tills
1078 669 124 36 vidare
1229 667 84 37 från
1343 669 62 36 det
1433 669 147 49 belopp,
1608 682 76 24 som
1709 671 122 36 skulle
1859 675 133 45 utgöra

394 719 115 49 ärliga
533 721 262 48 statsbidraget
821 722 60 35 till
909 727 134 31 statens
1068 723 318 47 jernvägsstrafiks
1413 724 384 61 pensionsinrättning,
1821 723 171 51 afdragas

394 774 278 49 sammanlagda
701 775 175 49 beloppet
903 775 40 36 af
967 776 157 36 berörda
1152 774 151 50 afgifter
1330 777 59 36 till
1416 777 179 36 Enskilda
1619 778 261 49 jernvägarnes
1907 790 86 37 pen-

393 828 211 36 sionskassa.

500 880 106 37 Efter
647 882 60 36 det
747 883 11 34 i
801 883 200 49 anledning
1042 883 107 36 häraf
1188 884 227 36 direktionen
1449 883 56 38 för
1534 890 134 31 statens
1691 886 302 48 jernvägstrafiks

396 935 372 50 pensionsinrättning
811 936 148 50 afgifvit
991 937 208 37 infordradt
1228 937 191 37 utlåtande
1443 939 68 35 och
1540 939 122 36 deruti
1688 937 220 48 framhållit,
1937 942 57 34 att

395 989 45 36 då
480 990 418 49 pensionsinrättningen
939 997 90 30 utan
1072 990 118 50 någon
1233 1005 80 22 som
1346 992 94 38 helst
1471 993 265 48 inskränkning
1764 993 128 36 blifvit
1918 994 75 35 till-

394 1042 192 37 försäkrad
627 1049 52 30 ett
706 1044 234 49 statsbidrag,
970 1045 145 36 hvilket
1143 1044 80 37 från
1253 1045 69 36 och
1350 1045 83 36 med
1461 1045 40 36 år
1535 1048 97 36 1883
1663 1047 68 35 och
1759 1047 78 36 tills
1866 1046 127 37 vidare

394 1098 120 35 skulle
548 1097 90 49 utgå
665 1098 86 35 med
780 1098 145 48 belopp,
954 1099 257 35 motsvarande
1242 1101 20 34 2
1294 1104 150 43 procent
1472 1098 41 36 af
1538 1100 191 35 skilnaden
1759 1101 137 35 mellan
1925 1105 68 31 sta-

395 1157 77 29 tens
496 1152 304 47 jernvägstrafiks
828 1152 172 49 samtliga
1028 1152 210 45 inkomster,
1267 1151 22 36 å
1317 1165 77 32 ena,
1423 1159 96 30 samt
1547 1152 154 49 utgifter
1729 1153 59 36 för
1816 1153 90 37 drift
1925 1154 68 36 och

395 1204 207 44 underhåll,
629 1204 20 36 å
677 1205 118 35 andra
824 1205 112 45 sidan,
964 1205 228 37 direktionen
1222 1205 132 49 ansåge
1383 1206 61 35 det
1472 1206 41 35 af
1534 1207 350 48 jernvägsstyrelsen
1903 1207 91 37 före-

396 1259 126 48 slagna
550 1257 228 38 förfarandet
806 1259 79 36 icke
914 1260 127 35 kunna
1061 1259 178 50 vidtagas,
1264 1259 93 37 hade
1377 1259 131 50 Kongl.
1528 1260 103 48 Maj:t
1650 1273 133 36 genom
1804 1260 191 38 skrifvelse

395 1313 59 35 till
478 1312 356 49 jernvägsstyrelsen
864 1312 40 36 af
929 1313 69 36 den
1030 1315 21 35 6
1081 1314 73 48 maj
1185 1315 99 36 1898
1314 1311 199 47 förordnat,
1538 1319 55 30 att
1616 1314 45 36 de
1681 1312 164 51 afgifter,
1866 1315 129 36 hvilka

394 1367 351 48 jernvägsstyrelsen
788 1366 94 36 hade
923 1372 54 30 att
1005 1366 47 50 på
1080 1367 121 48 grund
1230 1366 41 36 af
1298 1367 221 36 kontrakten
1549 1368 154 36 rörande
1731 1366 263 39 förvärfvande

396 1418 55 37 för
479 1425 136 31 statens
643 1420 159 47 räkning
830 1419 40 37 af
895 1419 279 50 ifrågavarande
1203 1421 168 36 enskilda
1396 1421 200 49 jernvägar
1619 1422 59 35 till
1707 1421 178 37 Enskilda
1894 1424 96 47 jern-

396 1480 179 42 vägarnes
616 1474 273 48 pensionskassa
929 1475 161 49 erlägga,
1133 1475 120 35 skulle
1297 1474 89 50 utgå
1427 1474 39 36 af
1492 1475 259 36 trafikmedlen
1780 1482 96 30 samt
1902 1489 93 36 upp-

397 1526 97 37 föras
524 1528 111 35 bland
665 1528 205 48 utgifterna
893 1527 57 36 för
978 1528 43 36 de
1051 1528 221 37 trafikerade
1297 1529 275 36 statsbanornas
1591 1527 90 38 drift
1699 1528 69 37 och
1790 1529 203 37 underhåll.

503 1580 75 37 Det
605 1587 122 44 syntes
755 1582 227 36 revisorerne
1012 1582 125 36 kunna
1165 1581 241 50 ifrågasättas,
1434 1582 185 36 huruvida
1647 1582 80 36 icke
1757 1582 69 37 den
1848 1582 39 37 af
1900 1584 94 48 jern-

398 1636 267 48 vägsstyrelsen
705 1634 208 50 föreslagna
954 1635 250 49 anordningen
1242 1635 59 36 för
1329 1636 236 36 merberörda
1593 1635 168 50 afgifters
1791 1637 204 49 utgörande

398 1694 163 29 närmast
589 1689 98 36 stode
716 1690 12 34 i
757 1688 373 37 öfverensstämmelse
1157 1688 100 37 såväl
1286 1690 84 35 med
1398 1690 226 49 Riksdagens
1653 1691 122 36 beslut
1802 1704 60 22 om
1883 1692 112 35 bevil-

395 1742 110 48 jande
531 1742 42 36 af
598 1743 131 48 bidrag
757 1743 61 35 till
847 1744 421 47 statsbanepersonalens
1297 1744 268 49 pensionering,
1593 1744 127 37 hvilka
1748 1744 125 37 kunde
1893 1757 102 24 anses

398 1794 111 37 hafva
538 1796 120 36 hvilat
685 1796 46 48 på
760 1796 71 35 den
859 1795 320 50 förutsättningen,
1209 1802 57 31 att
1283 1796 145 38 utöfver
1444 1797 63 36 det
1526 1797 41 36 af
1584 1798 208 49 Riksdagen
1812 1798 183 49 beviljade

399 1849 132 49 bidrag
573 1849 112 49 några
714 1849 151 50 afgifter
893 1849 56 38 för
978 1851 130 36 sådant
1136 1850 169 37 ändamål
1333 1852 79 35 icke
1441 1852 121 35 skulle
1591 1850 40 36 af
1656 1851 212 37 statsmedel
1897 1851 99 49 utgå,

400 1916 75 23 som
504 1904 68 35 ock
603 1904 82 36 med
714 1903 69 36 den
814 1903 40 37 af
880 1904 209 50 Riksdagen
1118 1906 12 34 i
1158 1903 111 38 ofvan
1300 1904 245 36 omförmälda
1573 1904 191 38 skrifvelse
1793 1906 38 35 af
1855 1905 69 37 den
1945 1908 50 35 20

401 1958 71 47 maj
521 1959 100 36 1882
663 1958 169 36 uttalade
874 1958 149 50 åsigten,
1066 1964 56 30 att
1162 1963 136 32 statens
1333 1958 128 49 bidrag
1488 1959 60 35 till
1577 1959 420 48 statsbanepersonalens

399 2011 253 48 pensionering
679 2012 212 49 lämpligast
915 2012 113 37 borde
1058 2012 88 50 utgå
1174 2011 117 37 såsom
1320 2013 71 36 viss
1410 2017 153 44 procent
1579 2011 40 37 af
1636 2013 359 36 statsbanetrafikens

399 2065 327 49 nettobehållning.

506 2118 141 37 Härtill
675 2120 159 44 komme,
863 2124 63 40 att,
956 2119 47 36 då
1030 2125 135 32 statens
1185 2120 300 49 jernvägstrafiks
1514 2120 382 49 pensionsinrättning,
1917 2133 78 23 som

402 2171 213 50 medgifvits
655 2178 55 31 att
751 2172 59 37 för
848 2174 166 49 samtlige
1039 2175 479 48 jernvägstjenstemännens
1546 2173 255 49 pensionering
1830 2174 165 48 uppbära

402 2226 132 49 bidrag
575 2225 81 37 från
699 2225 367 51 nettobehållningen
1109 2227 40 37 af
1178 2233 138 31 statens
1344 2228 171 48 samtliga
1538 2228 198 48 jernvägar
1764 2228 67 36 och
1860 2227 136 36 således

403 2279 104 37 äfven
540 2278 83 38 från
656 2280 43 37 de
728 2279 247 47 förenämnda,
1004 2283 120 35 senast
1152 2281 163 49 inköpta,
1343 2294 86 23 vore
1457 2279 143 38 befriad
1628 2279 82 37 från
1741 2281 255 49 pensionering
