<?xml version="1.0" encoding="UTF-8"?>
<alto xmlns="http://www.loc.gov/standards/alto/ns-v3#" xmlns:xlink="http://www.w3.org/1999/xlink" xmlns:xsi="http://www.w3.org/2001/XMLSchema-instance" xsi:schemaLocation="http://www.loc.gov/standards/alto/ns-v3# http://www.loc.gov/alto/v3/alto-3-0.xsd">
	<Description>
		<MeasurementUnit>pixel</MeasurementUnit>
		<sourceImageInformation>
			<fileName>/tmp/tess_7r7qj7q5_input.PNG</fileName>
		</sourceImageInformation>
		<OCRProcessing ID="OCR_0">
			<ocrProcessingStep>
				<processingSoftware>
					<softwareName>tesseract 5.3.0</softwareName>
				</processingSoftware>
			</ocrProcessingStep>
		</OCRProcessing>
	</Description>
	<Layout>
		<Page WIDTH="1886" HEIGHT="2792" PHYSICAL_IMG_NR="0" ID="page_0">
			<PrintSpace HPOS="0" VPOS="0" WIDTH="1886" HEIGHT="2792">
				<ComposedBlock ID="cblock_0" HPOS="556" VPOS="122" WIDTH="1078" HEIGHT="32">
					<TextBlock ID="block_0" HPOS="556" VPOS="122" WIDTH="1078" HEIGHT="32">
						<TextLine ID="line_0" HPOS="556" VPOS="122" WIDTH="1078" HEIGHT="32">
							<String ID="string_0" HPOS="556" VPOS="122" WIDTH="275" HEIGHT="31" WC="0.91" CONTENT="Statsutskottets"/><SP WIDTH="27" VPOS="122" HPOS="831"/>
							<String ID="string_1" HPOS="858" VPOS="123" WIDTH="175" HEIGHT="31" WC="0.96" CONTENT="utlåtande"/><SP WIDTH="26" VPOS="123" HPOS="1033"/>
							<String ID="string_2" HPOS="1059" VPOS="133" WIDTH="41" HEIGHT="21" WC="0.95" CONTENT="nr"/><SP WIDTH="26" VPOS="133" HPOS="1100"/>
							<String ID="string_3" HPOS="1126" VPOS="124" WIDTH="49" HEIGHT="29" WC="0.95" CONTENT="17."/><SP WIDTH="441" VPOS="124" HPOS="1175"/>
							<String ID="string_4" HPOS="1616" VPOS="122" WIDTH="18" HEIGHT="29" WC="0.96" CONTENT="3"/>
						</TextLine>
					</TextBlock>
				</ComposedBlock>
				<ComposedBlock ID="cblock_1" HPOS="119" VPOS="198" WIDTH="1510" HEIGHT="194">
					<TextBlock ID="block_1" HPOS="119" VPOS="198" WIDTH="1510" HEIGHT="194">
						<TextLine ID="line_1" HPOS="119" VPOS="198" WIDTH="1510" HEIGHT="35">
							<String ID="string_5" HPOS="119" VPOS="200" WIDTH="131" HEIGHT="28" WC="0.96" CONTENT="avsetts"/><SP WIDTH="24" VPOS="200" HPOS="250"/>
							<String ID="string_6" HPOS="274" VPOS="198" WIDTH="55" HEIGHT="30" WC="0.93" CONTENT="för"/><SP WIDTH="27" VPOS="198" HPOS="329"/>
							<String ID="string_7" HPOS="356" VPOS="199" WIDTH="235" HEIGHT="30" WC="0.90" CONTENT="anskaffande"/><SP WIDTH="25" VPOS="199" HPOS="591"/>
							<String ID="string_8" HPOS="616" VPOS="201" WIDTH="65" HEIGHT="28" WC="0.96" CONTENT="och"/><SP WIDTH="25" VPOS="201" HPOS="681"/>
							<String ID="string_9" HPOS="706" VPOS="201" WIDTH="218" HEIGHT="30" WC="0.95" CONTENT="installation"/><SP WIDTH="24" VPOS="201" HPOS="924"/>
							<String ID="string_10" HPOS="948" VPOS="211" WIDTH="42" HEIGHT="21" WC="0.96" CONTENT="av"/><SP WIDTH="23" VPOS="211" HPOS="990"/>
							<String ID="string_11" HPOS="1013" VPOS="203" WIDTH="270" HEIGHT="29" WC="0.93" CONTENT="tvättmaskiner"/><SP WIDTH="26" VPOS="203" HPOS="1283"/>
							<String ID="string_12" HPOS="1309" VPOS="212" WIDTH="45" HEIGHT="20" WC="0.91" CONTENT="m."/><SP WIDTH="26" VPOS="212" HPOS="1354"/>
							<String ID="string_13" HPOS="1380" VPOS="213" WIDTH="44" HEIGHT="20" WC="0.91" CONTENT="m."/><SP WIDTH="27" VPOS="213" HPOS="1424"/>
							<String ID="string_14" HPOS="1451" VPOS="204" WIDTH="10" HEIGHT="28" WC="0.91" CONTENT="i"/><SP WIDTH="25" VPOS="204" HPOS="1461"/>
							<String ID="string_15" HPOS="1486" VPOS="204" WIDTH="143" HEIGHT="29" WC="0.91" CONTENT="tvättin-"/>
						</TextLine>
						<TextLine ID="line_2" HPOS="120" VPOS="250" WIDTH="1507" HEIGHT="41">
							<String ID="string_16" HPOS="120" VPOS="250" WIDTH="202" HEIGHT="38" WC="0.96" CONTENT="rättningen"/><SP WIDTH="34" VPOS="250" HPOS="322"/>
							<String ID="string_17" HPOS="356" VPOS="250" WIDTH="58" HEIGHT="30" WC="0.96" CONTENT="vid"/><SP WIDTH="33" VPOS="250" HPOS="414"/>
							<String ID="string_18" HPOS="447" VPOS="251" WIDTH="128" HEIGHT="30" WC="0.93" CONTENT="Lövsta"/><SP WIDTH="32" VPOS="251" HPOS="575"/>
							<String ID="string_19" HPOS="607" VPOS="251" WIDTH="158" HEIGHT="30" WC="0.91" CONTENT="skolhem"/><SP WIDTH="32" VPOS="251" HPOS="765"/>
							<String ID="string_20" HPOS="797" VPOS="253" WIDTH="65" HEIGHT="28" WC="0.91" CONTENT="och"/><SP WIDTH="31" VPOS="253" HPOS="862"/>
							<String ID="string_21" HPOS="893" VPOS="253" WIDTH="207" HEIGHT="38" WC="0.91" CONTENT="yrkesskola"/><SP WIDTH="33" VPOS="253" HPOS="1100"/>
							<String ID="string_22" HPOS="1133" VPOS="255" WIDTH="90" HEIGHT="27" WC="0.94" CONTENT="samt"/><SP WIDTH="36" VPOS="255" HPOS="1223"/>
							<String ID="string_23" HPOS="1259" VPOS="254" WIDTH="118" HEIGHT="29" WC="0.93" CONTENT="52300"/><SP WIDTH="32" VPOS="254" HPOS="1377"/>
							<String ID="string_24" HPOS="1409" VPOS="255" WIDTH="64" HEIGHT="29" WC="0.96" CONTENT="och"/><SP WIDTH="38" VPOS="255" HPOS="1473"/>
							<String ID="string_25" HPOS="1511" VPOS="255" WIDTH="116" HEIGHT="29" WC="0.92" CONTENT="15500"/>
						</TextLine>
						<TextLine ID="line_3" HPOS="119" VPOS="299" WIDTH="1510" HEIGHT="43">
							<String ID="string_26" HPOS="119" VPOS="299" WIDTH="132" HEIGHT="31" WC="0.96" CONTENT="kronor"/><SP WIDTH="21" VPOS="299" HPOS="251"/>
							<String ID="string_27" HPOS="272" VPOS="301" WIDTH="115" HEIGHT="30" WC="0.96" CONTENT="såsom"/><SP WIDTH="21" VPOS="301" HPOS="387"/>
							<String ID="string_28" HPOS="408" VPOS="301" WIDTH="244" HEIGHT="40" WC="0.96" CONTENT="förstärkning"/><SP WIDTH="23" VPOS="301" HPOS="652"/>
							<String ID="string_29" HPOS="675" VPOS="312" WIDTH="42" HEIGHT="20" WC="0.96" CONTENT="av"/><SP WIDTH="21" VPOS="312" HPOS="717"/>
							<String ID="string_30" HPOS="738" VPOS="303" WIDTH="146" HEIGHT="38" WC="0.96" CONTENT="tidigare"/><SP WIDTH="25" VPOS="303" HPOS="884"/>
							<String ID="string_31" HPOS="909" VPOS="303" WIDTH="173" HEIGHT="39" WC="0.96" CONTENT="beviljade"/><SP WIDTH="23" VPOS="303" HPOS="1082"/>
							<String ID="string_32" HPOS="1105" VPOS="304" WIDTH="112" HEIGHT="29" WC="0.96" CONTENT="medel"/><SP WIDTH="24" VPOS="304" HPOS="1217"/>
							<String ID="string_33" HPOS="1241" VPOS="304" WIDTH="54" HEIGHT="30" WC="0.96" CONTENT="för"/><SP WIDTH="22" VPOS="304" HPOS="1295"/>
							<String ID="string_34" HPOS="1317" VPOS="305" WIDTH="246" HEIGHT="30" WC="0.96" CONTENT="fullbordande"/><SP WIDTH="24" VPOS="305" HPOS="1563"/>
							<String ID="string_35" HPOS="1587" VPOS="314" WIDTH="42" HEIGHT="21" WC="0.95" CONTENT="av"/>
						</TextLine>
						<TextLine ID="line_4" HPOS="119" VPOS="352" WIDTH="1508" HEIGHT="40">
							<String ID="string_36" HPOS="119" VPOS="352" WIDTH="147" HEIGHT="39" WC="0.96" CONTENT="tidigare"/><SP WIDTH="28" VPOS="352" HPOS="266"/>
							<String ID="string_37" HPOS="294" VPOS="352" WIDTH="180" HEIGHT="30" WC="0.93" CONTENT="beslutade"/><SP WIDTH="27" VPOS="352" HPOS="474"/>
							<String ID="string_38" HPOS="501" VPOS="353" WIDTH="378" HEIGHT="39" WC="0.92" CONTENT="personalbostadshus"/><SP WIDTH="30" VPOS="353" HPOS="879"/>
							<String ID="string_39" HPOS="909" VPOS="354" WIDTH="56" HEIGHT="30" WC="0.93" CONTENT="vid"/><SP WIDTH="29" VPOS="354" HPOS="965"/>
							<String ID="string_40" HPOS="994" VPOS="354" WIDTH="125" HEIGHT="30" WC="0.92" CONTENT="Folåsa"/><SP WIDTH="28" VPOS="354" HPOS="1119"/>
							<String ID="string_41" HPOS="1147" VPOS="355" WIDTH="65" HEIGHT="29" WC="0.92" CONTENT="och"/><SP WIDTH="28" VPOS="355" HPOS="1212"/>
							<String ID="string_42" HPOS="1240" VPOS="355" WIDTH="188" HEIGHT="30" WC="0.91" CONTENT="Gräskärrs"/><SP WIDTH="30" VPOS="355" HPOS="1428"/>
							<String ID="string_43" HPOS="1458" VPOS="356" WIDTH="169" HEIGHT="29" WC="0.91" CONTENT="skolhem."/>
						</TextLine>
					</TextBlock>
				</ComposedBlock>
				<ComposedBlock ID="cblock_2" HPOS="118" VPOS="445" WIDTH="1510" HEIGHT="86">
					<TextBlock ID="block_2" HPOS="118" VPOS="445" WIDTH="1510" HEIGHT="86">
						<TextLine ID="line_5" HPOS="166" VPOS="445" WIDTH="1462" HEIGHT="43">
							<String ID="string_44" HPOS="166" VPOS="445" WIDTH="175" HEIGHT="30" WC="0.96" CONTENT="Utskottet"/><SP WIDTH="25" VPOS="445" HPOS="341"/>
							<String ID="string_45" HPOS="366" VPOS="446" WIDTH="117" HEIGHT="29" WC="0.95" CONTENT="finner"/><SP WIDTH="21" VPOS="446" HPOS="483"/>
							<String ID="string_46" HPOS="504" VPOS="446" WIDTH="30" HEIGHT="39" WC="0.96" CONTENT="ej"/><SP WIDTH="30" VPOS="446" HPOS="534"/>
							<String ID="string_47" HPOS="564" VPOS="446" WIDTH="189" HEIGHT="40" WC="0.96" CONTENT="anledning"/><SP WIDTH="21" VPOS="446" HPOS="753"/>
							<String ID="string_48" HPOS="774" VPOS="447" WIDTH="53" HEIGHT="29" WC="0.96" CONTENT="till"/><SP WIDTH="24" VPOS="447" HPOS="827"/>
							<String ID="string_49" HPOS="851" VPOS="447" WIDTH="142" HEIGHT="30" WC="0.96" CONTENT="erinran"/><SP WIDTH="22" VPOS="447" HPOS="993"/>
							<String ID="string_50" HPOS="1015" VPOS="450" WIDTH="72" HEIGHT="27" WC="0.95" CONTENT="mot"/><SP WIDTH="24" VPOS="450" HPOS="1087"/>
							<String ID="string_51" HPOS="1111" VPOS="448" WIDTH="126" HEIGHT="39" WC="0.95" CONTENT="Kungl."/><SP WIDTH="24" VPOS="448" HPOS="1237"/>
							<String ID="string_52" HPOS="1261" VPOS="448" WIDTH="124" HEIGHT="39" WC="0.96" CONTENT="Maj:ts"/><SP WIDTH="22" VPOS="448" HPOS="1385"/>
							<String ID="string_53" HPOS="1407" VPOS="449" WIDTH="132" HEIGHT="39" WC="0.96" CONTENT="förslag"/><SP WIDTH="25" VPOS="449" HPOS="1539"/>
							<String ID="string_54" HPOS="1564" VPOS="449" WIDTH="64" HEIGHT="30" WC="0.96" CONTENT="och"/>
						</TextLine>
						<TextLine ID="line_6" HPOS="118" VPOS="496" WIDTH="338" HEIGHT="35">
							<String ID="string_55" HPOS="118" VPOS="496" WIDTH="202" HEIGHT="30" WC="0.96" CONTENT="hemställer"/><SP WIDTH="24" VPOS="496" HPOS="320"/>
							<String ID="string_56" HPOS="344" VPOS="497" WIDTH="112" HEIGHT="34" WC="0.96" CONTENT="alltså,"/>
						</TextLine>
					</TextBlock>
				</ComposedBlock>
				<ComposedBlock ID="cblock_3" HPOS="430" VPOS="574" WIDTH="1201" HEIGHT="345">
					<TextBlock ID="block_3" HPOS="430" VPOS="574" WIDTH="1201" HEIGHT="345">
						<TextLine ID="line_7" HPOS="476" VPOS="574" WIDTH="1153" HEIGHT="41">
							<String ID="string_57" HPOS="476" VPOS="575" WIDTH="50" HEIGHT="28" WC="0.96" CONTENT="att"/><SP WIDTH="26" VPOS="575" HPOS="526"/>
							<String ID="string_58" HPOS="552" VPOS="574" WIDTH="189" HEIGHT="39" WC="0.96" CONTENT="riksdagen"/><SP WIDTH="28" VPOS="574" HPOS="741"/>
							<String ID="string_59" HPOS="769" VPOS="575" WIDTH="59" HEIGHT="29" WC="0.91" CONTENT="må"/><SP WIDTH="25" VPOS="575" HPOS="828"/>
							<String ID="string_60" HPOS="853" VPOS="575" WIDTH="169" HEIGHT="39" WC="0.89" CONTENT="medgiva,"/><SP WIDTH="28" VPOS="575" HPOS="1022"/>
							<String ID="string_61" HPOS="1050" VPOS="577" WIDTH="50" HEIGHT="28" WC="0.96" CONTENT="att"/><SP WIDTH="28" VPOS="577" HPOS="1100"/>
							<String ID="string_62" HPOS="1128" VPOS="575" WIDTH="81" HEIGHT="30" WC="0.91" CONTENT="från"/><SP WIDTH="28" VPOS="575" HPOS="1209"/>
							<String ID="string_63" HPOS="1237" VPOS="576" WIDTH="392" HEIGHT="39" WC="0.91" CONTENT="reservationsanslaget"/>
						</TextLine>
						<TextLine ID="line_8" HPOS="431" VPOS="625" WIDTH="1196" HEIGHT="41">
							<String ID="string_64" HPOS="431" VPOS="625" WIDTH="52" HEIGHT="29" WC="0.96" CONTENT="till"/><SP WIDTH="25" VPOS="625" HPOS="483"/>
							<String ID="string_65" HPOS="508" VPOS="625" WIDTH="141" HEIGHT="30" WC="0.96" CONTENT="Statens"/><SP WIDTH="26" VPOS="625" HPOS="649"/>
							<String ID="string_66" HPOS="675" VPOS="625" WIDTH="119" HEIGHT="30" WC="0.96" CONTENT="skolor"/><SP WIDTH="29" VPOS="625" HPOS="794"/>
							<String ID="string_67" HPOS="823" VPOS="626" WIDTH="209" HEIGHT="30" WC="0.93" CONTENT="tillhörande"/><SP WIDTH="29" VPOS="626" HPOS="1032"/>
							<String ID="string_68" HPOS="1061" VPOS="627" WIDTH="123" HEIGHT="29" WC="0.92" CONTENT="barna-"/><SP WIDTH="28" VPOS="627" HPOS="1184"/>
							<String ID="string_69" HPOS="1212" VPOS="628" WIDTH="63" HEIGHT="29" WC="0.93" CONTENT="och"/><SP WIDTH="31" VPOS="628" HPOS="1275"/>
							<String ID="string_70" HPOS="1306" VPOS="628" WIDTH="321" HEIGHT="38" WC="0.91" CONTENT="ungdomsvården:"/>
						</TextLine>
						<TextLine ID="line_9" HPOS="430" VPOS="676" WIDTH="1200" HEIGHT="41">
							<String ID="string_71" HPOS="430" VPOS="676" WIDTH="330" HEIGHT="39" WC="0.91" CONTENT="Byggnadsarbeten"/><SP WIDTH="24" VPOS="676" HPOS="760"/>
							<String ID="string_72" HPOS="784" VPOS="686" WIDTH="45" HEIGHT="20" WC="0.90" CONTENT="m."/><SP WIDTH="23" VPOS="686" HPOS="829"/>
							<String ID="string_73" HPOS="852" VPOS="687" WIDTH="46" HEIGHT="20" WC="0.92" CONTENT="m."/><SP WIDTH="25" VPOS="687" HPOS="898"/>
							<String ID="string_74" HPOS="923" VPOS="677" WIDTH="58" HEIGHT="30" WC="0.96" CONTENT="må"/><SP WIDTH="21" VPOS="677" HPOS="981"/>
							<String ID="string_75" HPOS="1002" VPOS="677" WIDTH="92" HEIGHT="29" WC="0.96" CONTENT="intill"/><SP WIDTH="25" VPOS="677" HPOS="1094"/>
							<String ID="string_76" HPOS="1119" VPOS="679" WIDTH="49" HEIGHT="28" WC="0.96" CONTENT="ett"/><SP WIDTH="22" VPOS="679" HPOS="1168"/>
							<String ID="string_77" HPOS="1190" VPOS="677" WIDTH="124" HEIGHT="40" WC="0.96" CONTENT="belopp"/><SP WIDTH="27" VPOS="677" HPOS="1314"/>
							<String ID="string_78" HPOS="1341" VPOS="687" WIDTH="42" HEIGHT="21" WC="0.96" CONTENT="av"/><SP WIDTH="23" VPOS="687" HPOS="1383"/>
							<String ID="string_79" HPOS="1406" VPOS="678" WIDTH="40" HEIGHT="29" WC="0.95" CONTENT="85"/><SP WIDTH="15" VPOS="678" HPOS="1446"/>
							<String ID="string_80" HPOS="1461" VPOS="678" WIDTH="63" HEIGHT="30" WC="0.93" CONTENT="800"/><SP WIDTH="27" VPOS="678" HPOS="1524"/>
							<String ID="string_81" HPOS="1551" VPOS="679" WIDTH="79" HEIGHT="28" WC="0.91" CONTENT="kro-"/>
						</TextLine>
						<TextLine ID="line_10" HPOS="432" VPOS="727" WIDTH="1198" HEIGHT="40">
							<String ID="string_82" HPOS="432" VPOS="736" WIDTH="64" HEIGHT="20" WC="0.95" CONTENT="nor"/><SP WIDTH="32" VPOS="736" HPOS="496"/>
							<String ID="string_83" HPOS="528" VPOS="727" WIDTH="173" HEIGHT="29" WC="0.95" CONTENT="bestridas"/><SP WIDTH="31" VPOS="727" HPOS="701"/>
							<String ID="string_84" HPOS="732" VPOS="727" WIDTH="74" HEIGHT="30" WC="0.96" CONTENT="dels"/><SP WIDTH="31" VPOS="727" HPOS="806"/>
							<String ID="string_85" HPOS="837" VPOS="728" WIDTH="190" HEIGHT="29" WC="0.96" CONTENT="kostnader"/><SP WIDTH="31" VPOS="728" HPOS="1027"/>
							<String ID="string_86" HPOS="1058" VPOS="728" WIDTH="55" HEIGHT="29" WC="0.96" CONTENT="för"/><SP WIDTH="31" VPOS="728" HPOS="1113"/>
							<String ID="string_87" HPOS="1144" VPOS="728" WIDTH="267" HEIGHT="39" WC="0.93" CONTENT="ifrågavarande"/><SP WIDTH="36" VPOS="728" HPOS="1411"/>
							<String ID="string_88" HPOS="1447" VPOS="729" WIDTH="183" HEIGHT="38" WC="0.92" CONTENT="ändrings-"/>
						</TextLine>
						<TextLine ID="line_11" HPOS="432" VPOS="777" WIDTH="1198" HEIGHT="42">
							<String ID="string_89" HPOS="432" VPOS="777" WIDTH="142" HEIGHT="30" WC="0.93" CONTENT="arbeten"/><SP WIDTH="25" VPOS="777" HPOS="574"/>
							<String ID="string_90" HPOS="599" VPOS="778" WIDTH="21" HEIGHT="29" WC="0.87" CONTENT="å"/><SP WIDTH="23" VPOS="778" HPOS="620"/>
							<String ID="string_91" HPOS="643" VPOS="778" WIDTH="332" HEIGHT="39" WC="0.90" CONTENT="tvättinrättningen"/><SP WIDTH="24" VPOS="778" HPOS="975"/>
							<String ID="string_92" HPOS="999" VPOS="779" WIDTH="57" HEIGHT="30" WC="0.96" CONTENT="vid"/><SP WIDTH="25" VPOS="779" HPOS="1056"/>
							<String ID="string_93" HPOS="1081" VPOS="779" WIDTH="127" HEIGHT="30" WC="0.93" CONTENT="Lövsta"/><SP WIDTH="28" VPOS="779" HPOS="1208"/>
							<String ID="string_94" HPOS="1236" VPOS="779" WIDTH="158" HEIGHT="30" WC="0.92" CONTENT="skolhem"/><SP WIDTH="25" VPOS="779" HPOS="1394"/>
							<String ID="string_95" HPOS="1419" VPOS="780" WIDTH="64" HEIGHT="29" WC="0.93" CONTENT="och"/><SP WIDTH="27" VPOS="780" HPOS="1483"/>
							<String ID="string_96" HPOS="1510" VPOS="780" WIDTH="120" HEIGHT="39" WC="0.92" CONTENT="yrkes-"/>
						</TextLine>
						<TextLine ID="line_12" HPOS="432" VPOS="829" WIDTH="1199" HEIGHT="41">
							<String ID="string_97" HPOS="432" VPOS="829" WIDTH="98" HEIGHT="29" WC="0.96" CONTENT="skola"/><SP WIDTH="31" VPOS="829" HPOS="530"/>
							<String ID="string_98" HPOS="561" VPOS="830" WIDTH="74" HEIGHT="29" WC="0.95" CONTENT="dels"/><SP WIDTH="32" VPOS="830" HPOS="635"/>
							<String ID="string_99" HPOS="667" VPOS="830" WIDTH="64" HEIGHT="29" WC="0.96" CONTENT="ock"/><SP WIDTH="35" VPOS="830" HPOS="731"/>
							<String ID="string_100" HPOS="766" VPOS="830" WIDTH="150" HEIGHT="39" WC="0.96" CONTENT="angivna"/><SP WIDTH="32" VPOS="830" HPOS="916"/>
							<String ID="string_101" HPOS="948" VPOS="831" WIDTH="266" HEIGHT="29" WC="0.96" CONTENT="merkostnader"/><SP WIDTH="33" VPOS="831" HPOS="1214"/>
							<String ID="string_102" HPOS="1247" VPOS="831" WIDTH="55" HEIGHT="29" WC="0.96" CONTENT="för"/><SP WIDTH="33" VPOS="831" HPOS="1302"/>
							<String ID="string_103" HPOS="1335" VPOS="831" WIDTH="219" HEIGHT="39" WC="0.96" CONTENT="uppförande"/><SP WIDTH="35" VPOS="831" HPOS="1554"/>
							<String ID="string_104" HPOS="1589" VPOS="841" WIDTH="42" HEIGHT="20" WC="0.96" CONTENT="av"/>
						</TextLine>
						<TextLine ID="line_13" HPOS="431" VPOS="880" WIDTH="1109" HEIGHT="39">
							<String ID="string_105" HPOS="431" VPOS="880" WIDTH="377" HEIGHT="39" WC="0.91" CONTENT="personalbostadshus"/><SP WIDTH="27" VPOS="880" HPOS="808"/>
							<String ID="string_106" HPOS="835" VPOS="881" WIDTH="58" HEIGHT="29" WC="0.93" CONTENT="vid"/><SP WIDTH="24" VPOS="881" HPOS="893"/>
							<String ID="string_107" HPOS="917" VPOS="881" WIDTH="124" HEIGHT="29" WC="0.91" CONTENT="Folåsa"/><SP WIDTH="26" VPOS="881" HPOS="1041"/>
							<String ID="string_108" HPOS="1067" VPOS="881" WIDTH="65" HEIGHT="29" WC="0.93" CONTENT="och"/><SP WIDTH="24" VPOS="881" HPOS="1132"/>
							<String ID="string_109" HPOS="1156" VPOS="881" WIDTH="190" HEIGHT="30" WC="0.92" CONTENT="Gräskärrs"/><SP WIDTH="26" VPOS="881" HPOS="1346"/>
							<String ID="string_110" HPOS="1372" VPOS="881" WIDTH="168" HEIGHT="30" WC="0.92" CONTENT="skolhem."/>
						</TextLine>
					</TextBlock>
				</ComposedBlock>
				<ComposedBlock ID="cblock_4" HPOS="121" VPOS="980" WIDTH="1512" HEIGHT="348">
					<TextBlock ID="block_4" HPOS="121" VPOS="980" WIDTH="1512" HEIGHT="348">
						<TextLine ID="line_14" HPOS="164" VPOS="980" WIDTH="1467" HEIGHT="38">
							<String ID="string_111" HPOS="164" VPOS="980" WIDTH="76" HEIGHT="34" WC="0.88" CONTENT="3:0)"/><SP WIDTH="24" VPOS="980" HPOS="240"/>
							<String ID="string_112" HPOS="264" VPOS="981" WIDTH="125" HEIGHT="35" WC="0.96" CONTENT="Bidrag"/><SP WIDTH="19" VPOS="981" HPOS="389"/>
							<String ID="string_113" HPOS="408" VPOS="981" WIDTH="53" HEIGHT="29" WC="0.96" CONTENT="till"/><SP WIDTH="20" VPOS="981" HPOS="461"/>
							<String ID="string_114" HPOS="481" VPOS="982" WIDTH="129" HEIGHT="29" WC="0.96" CONTENT="driften"/><SP WIDTH="22" VPOS="982" HPOS="610"/>
							<String ID="string_115" HPOS="632" VPOS="991" WIDTH="43" HEIGHT="20" WC="0.96" CONTENT="av"/><SP WIDTH="19" VPOS="991" HPOS="675"/>
							<String ID="string_116" HPOS="694" VPOS="982" WIDTH="75" HEIGHT="29" WC="0.96" CONTENT="icke"/><SP WIDTH="19" VPOS="982" HPOS="769"/>
							<String ID="string_117" HPOS="788" VPOS="983" WIDTH="138" HEIGHT="35" WC="0.96" CONTENT="statliga"/><SP WIDTH="22" VPOS="983" HPOS="926"/>
							<String ID="string_118" HPOS="948" VPOS="983" WIDTH="119" HEIGHT="29" WC="0.96" CONTENT="skolor"/><SP WIDTH="20" VPOS="983" HPOS="1067"/>
							<String ID="string_119" HPOS="1087" VPOS="984" WIDTH="209" HEIGHT="28" WC="0.93" CONTENT="tillhörande"/><SP WIDTH="23" VPOS="984" HPOS="1296"/>
							<String ID="string_120" HPOS="1319" VPOS="983" WIDTH="121" HEIGHT="29" WC="0.92" CONTENT="barna-"/><SP WIDTH="21" VPOS="983" HPOS="1440"/>
							<String ID="string_121" HPOS="1461" VPOS="984" WIDTH="64" HEIGHT="28" WC="0.93" CONTENT="och"/><SP WIDTH="23" VPOS="984" HPOS="1525"/>
							<String ID="string_122" HPOS="1548" VPOS="992" WIDTH="83" HEIGHT="26" WC="0.92" CONTENT="ung-"/>
						</TextLine>
						<TextLine ID="line_15" HPOS="122" VPOS="1031" WIDTH="1509" HEIGHT="40">
							<String ID="string_123" HPOS="122" VPOS="1031" WIDTH="241" HEIGHT="30" WC="0.87" CONTENT="domsvården."/><SP WIDTH="24" VPOS="1031" HPOS="363"/>
							<String ID="string_124" HPOS="387" VPOS="1032" WIDTH="123" HEIGHT="37" WC="0.95" CONTENT="Kungl."/><SP WIDTH="24" VPOS="1032" HPOS="510"/>
							<String ID="string_125" HPOS="534" VPOS="1033" WIDTH="103" HEIGHT="36" WC="0.96" CONTENT="Maj:t"/><SP WIDTH="25" VPOS="1033" HPOS="637"/>
							<String ID="string_126" HPOS="662" VPOS="1032" WIDTH="64" HEIGHT="30" WC="0.96" CONTENT="har"/><SP WIDTH="28" VPOS="1032" HPOS="726"/>
							<String ID="string_127" HPOS="754" VPOS="1033" WIDTH="127" HEIGHT="37" WC="0.96" CONTENT="(punkt"/><SP WIDTH="23" VPOS="1033" HPOS="881"/>
							<String ID="string_128" HPOS="904" VPOS="1033" WIDTH="29" HEIGHT="34" WC="0.93" CONTENT="4,"/><SP WIDTH="25" VPOS="1033" HPOS="933"/>
							<String ID="string_129" HPOS="958" VPOS="1043" WIDTH="25" HEIGHT="20" WC="0.92" CONTENT="s."/><SP WIDTH="24" VPOS="1043" HPOS="983"/>
							<String ID="string_130" HPOS="1007" VPOS="1034" WIDTH="36" HEIGHT="29" WC="0.95" CONTENT="21"/><SP WIDTH="26" VPOS="1034" HPOS="1043"/>
							<String ID="string_131" HPOS="1069" VPOS="1034" WIDTH="65" HEIGHT="29" WC="0.96" CONTENT="och"/><SP WIDTH="27" VPOS="1034" HPOS="1134"/>
							<String ID="string_132" HPOS="1161" VPOS="1034" WIDTH="55" HEIGHT="33" WC="0.95" CONTENT="22)"/><SP WIDTH="28" VPOS="1034" HPOS="1216"/>
							<String ID="string_133" HPOS="1244" VPOS="1034" WIDTH="178" HEIGHT="37" WC="0.96" CONTENT="föreslagit"/><SP WIDTH="24" VPOS="1034" HPOS="1422"/>
							<String ID="string_134" HPOS="1446" VPOS="1034" WIDTH="185" HEIGHT="37" WC="0.96" CONTENT="riksdagen"/>
						</TextLine>
						<TextLine ID="line_16" HPOS="121" VPOS="1083" WIDTH="1510" HEIGHT="40">
							<String ID="string_135" HPOS="121" VPOS="1084" WIDTH="50" HEIGHT="27" WC="0.93" CONTENT="att"/><SP WIDTH="31" VPOS="1084" HPOS="171"/>
							<String ID="string_136" HPOS="202" VPOS="1083" WIDTH="168" HEIGHT="38" WC="0.91" CONTENT="medgiva,"/><SP WIDTH="29" VPOS="1083" HPOS="370"/>
							<String ID="string_137" HPOS="399" VPOS="1085" WIDTH="50" HEIGHT="27" WC="0.96" CONTENT="att"/><SP WIDTH="28" VPOS="1085" HPOS="449"/>
							<String ID="string_138" HPOS="477" VPOS="1083" WIDTH="52" HEIGHT="30" WC="0.93" CONTENT="till"/><SP WIDTH="27" VPOS="1083" HPOS="529"/>
							<String ID="string_139" HPOS="556" VPOS="1083" WIDTH="202" HEIGHT="39" WC="0.92" CONTENT="Bistaborgs"/><SP WIDTH="27" VPOS="1083" HPOS="758"/>
							<String ID="string_140" HPOS="785" VPOS="1085" WIDTH="120" HEIGHT="38" WC="0.92" CONTENT="yrkes-"/><SP WIDTH="27" VPOS="1085" HPOS="905"/>
							<String ID="string_141" HPOS="932" VPOS="1085" WIDTH="65" HEIGHT="29" WC="0.93" CONTENT="och"/><SP WIDTH="26" VPOS="1085" HPOS="997"/>
							<String ID="string_142" HPOS="1023" VPOS="1084" WIDTH="183" HEIGHT="30" WC="0.91" CONTENT="hemskola"/><SP WIDTH="30" VPOS="1084" HPOS="1206"/>
							<String ID="string_143" HPOS="1236" VPOS="1087" WIDTH="89" HEIGHT="27" WC="0.96" CONTENT="samt"/><SP WIDTH="28" VPOS="1087" HPOS="1325"/>
							<String ID="string_144" HPOS="1353" VPOS="1085" WIDTH="278" HEIGHT="38" WC="0.96" CONTENT="Margretelunds"/>
						</TextLine>
						<TextLine ID="line_17" HPOS="121" VPOS="1133" WIDTH="1512" HEIGHT="41">
							<String ID="string_145" HPOS="121" VPOS="1133" WIDTH="207" HEIGHT="38" WC="0.92" CONTENT="yrkesskola"/><SP WIDTH="21" VPOS="1133" HPOS="328"/>
							<String ID="string_146" HPOS="349" VPOS="1133" WIDTH="58" HEIGHT="30" WC="0.95" CONTENT="må"/><SP WIDTH="21" VPOS="1133" HPOS="407"/>
							<String ID="string_147" HPOS="428" VPOS="1143" WIDTH="42" HEIGHT="20" WC="0.95" CONTENT="av"/><SP WIDTH="22" VPOS="1143" HPOS="470"/>
							<String ID="string_148" HPOS="492" VPOS="1134" WIDTH="56" HEIGHT="30" WC="0.91" CONTENT="det"/><SP WIDTH="24" VPOS="1134" HPOS="548"/>
							<String ID="string_149" HPOS="572" VPOS="1134" WIDTH="20" HEIGHT="30" WC="0.91" CONTENT="å"/><SP WIDTH="22" VPOS="1134" HPOS="592"/>
							<String ID="string_150" HPOS="614" VPOS="1134" WIDTH="191" HEIGHT="30" WC="0.91" CONTENT="riksstaten"/><SP WIDTH="23" VPOS="1134" HPOS="805"/>
							<String ID="string_151" HPOS="828" VPOS="1135" WIDTH="55" HEIGHT="30" WC="0.96" CONTENT="för"/><SP WIDTH="21" VPOS="1135" HPOS="883"/>
							<String ID="string_152" HPOS="904" VPOS="1135" WIDTH="204" HEIGHT="39" WC="0.93" CONTENT="budgetåret"/><SP WIDTH="25" VPOS="1135" HPOS="1108"/>
							<String ID="string_153" HPOS="1133" VPOS="1135" WIDTH="150" HEIGHT="36" WC="0.91" CONTENT="1947/48"/><SP WIDTH="21" VPOS="1135" HPOS="1283"/>
							<String ID="string_154" HPOS="1304" VPOS="1136" WIDTH="112" HEIGHT="29" WC="0.96" CONTENT="under"/><SP WIDTH="22" VPOS="1136" HPOS="1416"/>
							<String ID="string_155" HPOS="1438" VPOS="1135" WIDTH="106" HEIGHT="30" WC="0.93" CONTENT="femte"/><SP WIDTH="25" VPOS="1135" HPOS="1544"/>
							<String ID="string_156" HPOS="1569" VPOS="1136" WIDTH="64" HEIGHT="28" WC="0.92" CONTENT="hu-"/>
						</TextLine>
						<TextLine ID="line_18" HPOS="122" VPOS="1184" WIDTH="1510" HEIGHT="41">
							<String ID="string_157" HPOS="122" VPOS="1184" WIDTH="173" HEIGHT="29" WC="0.91" CONTENT="vudtiteln"/><SP WIDTH="24" VPOS="1184" HPOS="295"/>
							<String ID="string_158" HPOS="319" VPOS="1184" WIDTH="176" HEIGHT="40" WC="0.93" CONTENT="uppförda"/><SP WIDTH="24" VPOS="1184" HPOS="495"/>
							<String ID="string_159" HPOS="519" VPOS="1185" WIDTH="310" HEIGHT="39" WC="0.92" CONTENT="förslagsanslaget"/><SP WIDTH="25" VPOS="1185" HPOS="829"/>
							<String ID="string_160" HPOS="854" VPOS="1186" WIDTH="53" HEIGHT="30" WC="0.95" CONTENT="till"/><SP WIDTH="27" VPOS="1186" HPOS="907"/>
							<String ID="string_161" HPOS="934" VPOS="1186" WIDTH="128" HEIGHT="39" WC="0.96" CONTENT="Bidrag"/><SP WIDTH="24" VPOS="1186" HPOS="1062"/>
							<String ID="string_162" HPOS="1086" VPOS="1186" WIDTH="52" HEIGHT="30" WC="0.96" CONTENT="till"/><SP WIDTH="29" VPOS="1186" HPOS="1138"/>
							<String ID="string_163" HPOS="1167" VPOS="1186" WIDTH="130" HEIGHT="30" WC="0.96" CONTENT="driften"/><SP WIDTH="28" VPOS="1186" HPOS="1297"/>
							<String ID="string_164" HPOS="1325" VPOS="1196" WIDTH="42" HEIGHT="20" WC="0.96" CONTENT="av"/><SP WIDTH="23" VPOS="1196" HPOS="1367"/>
							<String ID="string_165" HPOS="1390" VPOS="1187" WIDTH="75" HEIGHT="29" WC="0.95" CONTENT="icke"/><SP WIDTH="27" VPOS="1187" HPOS="1465"/>
							<String ID="string_166" HPOS="1492" VPOS="1186" WIDTH="140" HEIGHT="39" WC="0.95" CONTENT="statliga"/>
						</TextLine>
						<TextLine ID="line_19" HPOS="124" VPOS="1235" WIDTH="1507" HEIGHT="41">
							<String ID="string_167" HPOS="124" VPOS="1235" WIDTH="117" HEIGHT="29" WC="0.96" CONTENT="skolor"/><SP WIDTH="27" VPOS="1235" HPOS="241"/>
							<String ID="string_168" HPOS="268" VPOS="1235" WIDTH="210" HEIGHT="30" WC="0.93" CONTENT="tillhörande"/><SP WIDTH="29" VPOS="1235" HPOS="478"/>
							<String ID="string_169" HPOS="507" VPOS="1236" WIDTH="126" HEIGHT="30" WC="0.92" CONTENT="barna-"/><SP WIDTH="31" VPOS="1236" HPOS="633"/>
							<String ID="string_170" HPOS="664" VPOS="1237" WIDTH="64" HEIGHT="29" WC="0.93" CONTENT="och"/><SP WIDTH="30" VPOS="1237" HPOS="728"/>
							<String ID="string_171" HPOS="758" VPOS="1237" WIDTH="306" HEIGHT="39" WC="0.91" CONTENT="ungdomsvården"/><SP WIDTH="29" VPOS="1237" HPOS="1064"/>
							<String ID="string_172" HPOS="1093" VPOS="1237" WIDTH="84" HEIGHT="39" WC="0.96" CONTENT="utgå"/><SP WIDTH="30" VPOS="1237" HPOS="1177"/>
							<String ID="string_173" HPOS="1207" VPOS="1237" WIDTH="121" HEIGHT="39" WC="0.96" CONTENT="bidrag"/><SP WIDTH="30" VPOS="1237" HPOS="1328"/>
							<String ID="string_174" HPOS="1358" VPOS="1247" WIDTH="42" HEIGHT="20" WC="0.93" CONTENT="av"/><SP WIDTH="29" VPOS="1247" HPOS="1400"/>
							<String ID="string_175" HPOS="1429" VPOS="1237" WIDTH="202" HEIGHT="30" WC="0.91" CONTENT="statsmedel"/>
						</TextLine>
						<TextLine ID="line_20" HPOS="122" VPOS="1286" WIDTH="1380" HEIGHT="42">
							<String ID="string_176" HPOS="122" VPOS="1286" WIDTH="55" HEIGHT="29" WC="0.96" CONTENT="för"/><SP WIDTH="22" VPOS="1286" HPOS="177"/>
							<String ID="string_177" HPOS="199" VPOS="1286" WIDTH="172" HEIGHT="30" WC="0.96" CONTENT="täckande"/><SP WIDTH="22" VPOS="1286" HPOS="371"/>
							<String ID="string_178" HPOS="393" VPOS="1296" WIDTH="42" HEIGHT="20" WC="0.93" CONTENT="av"/><SP WIDTH="21" VPOS="1296" HPOS="435"/>
							<String ID="string_179" HPOS="456" VPOS="1287" WIDTH="297" HEIGHT="30" WC="0.91" CONTENT="driftunderskott"/><SP WIDTH="22" VPOS="1287" HPOS="753"/>
							<String ID="string_180" HPOS="775" VPOS="1288" WIDTH="79" HEIGHT="29" WC="0.95" CONTENT="med"/><SP WIDTH="24" VPOS="1288" HPOS="854"/>
							<String ID="string_181" HPOS="878" VPOS="1297" WIDTH="89" HEIGHT="31" WC="0.96" CONTENT="resp."/><SP WIDTH="27" VPOS="1297" HPOS="967"/>
							<String ID="string_182" HPOS="994" VPOS="1288" WIDTH="36" HEIGHT="29" WC="0.94" CONTENT="11"/><SP WIDTH="18" VPOS="1288" HPOS="1030"/>
							<String ID="string_183" HPOS="1048" VPOS="1288" WIDTH="63" HEIGHT="30" WC="0.94" CONTENT="000"/><SP WIDTH="24" VPOS="1288" HPOS="1111"/>
							<String ID="string_184" HPOS="1135" VPOS="1288" WIDTH="65" HEIGHT="29" WC="0.96" CONTENT="och"/><SP WIDTH="22" VPOS="1288" HPOS="1200"/>
							<String ID="string_185" HPOS="1222" VPOS="1288" WIDTH="40" HEIGHT="30" WC="0.96" CONTENT="60"/><SP WIDTH="15" VPOS="1288" HPOS="1262"/>
							<String ID="string_186" HPOS="1277" VPOS="1288" WIDTH="62" HEIGHT="30" WC="0.96" CONTENT="000"/><SP WIDTH="23" VPOS="1288" HPOS="1339"/>
							<String ID="string_187" HPOS="1362" VPOS="1288" WIDTH="140" HEIGHT="29" WC="0.96" CONTENT="kronor."/>
						</TextLine>
					</TextBlock>
				</ComposedBlock>
				<ComposedBlock ID="cblock_5" HPOS="119" VPOS="1378" WIDTH="1513" HEIGHT="648">
					<TextBlock ID="block_5" HPOS="119" VPOS="1378" WIDTH="1513" HEIGHT="648">
						<TextLine ID="line_21" HPOS="167" VPOS="1378" WIDTH="1464" HEIGHT="41">
							<String ID="string_188" HPOS="167" VPOS="1378" WIDTH="49" HEIGHT="30" WC="0.96" CONTENT="De"/><SP WIDTH="28" VPOS="1378" HPOS="216"/>
							<String ID="string_189" HPOS="244" VPOS="1379" WIDTH="11" HEIGHT="29" WC="0.96" CONTENT="i"/><SP WIDTH="27" VPOS="1379" HPOS="255"/>
							<String ID="string_190" HPOS="282" VPOS="1379" WIDTH="263" HEIGHT="39" WC="0.96" CONTENT="propositionen"/><SP WIDTH="30" VPOS="1379" HPOS="545"/>
							<String ID="string_191" HPOS="575" VPOS="1380" WIDTH="159" HEIGHT="38" WC="0.93" CONTENT="åsyftade"/><SP WIDTH="28" VPOS="1380" HPOS="734"/>
							<String ID="string_192" HPOS="762" VPOS="1381" WIDTH="343" HEIGHT="29" WC="0.92" CONTENT="driftunderskotten"/><SP WIDTH="31" VPOS="1381" HPOS="1105"/>
							<String ID="string_193" HPOS="1136" VPOS="1381" WIDTH="150" HEIGHT="29" WC="0.96" CONTENT="hänföra"/><SP WIDTH="31" VPOS="1381" HPOS="1286"/>
							<String ID="string_194" HPOS="1317" VPOS="1381" WIDTH="51" HEIGHT="38" WC="0.96" CONTENT="sig"/><SP WIDTH="26" VPOS="1381" HPOS="1368"/>
							<String ID="string_195" HPOS="1394" VPOS="1381" WIDTH="11" HEIGHT="29" WC="0.96" CONTENT="i"/><SP WIDTH="28" VPOS="1381" HPOS="1405"/>
							<String ID="string_196" HPOS="1433" VPOS="1381" WIDTH="66" HEIGHT="29" WC="0.96" CONTENT="vad"/><SP WIDTH="33" VPOS="1381" HPOS="1499"/>
							<String ID="string_197" HPOS="1532" VPOS="1389" WIDTH="99" HEIGHT="21" WC="0.96" CONTENT="avser"/>
						</TextLine>
						<TextLine ID="line_22" HPOS="123" VPOS="1429" WIDTH="1507" HEIGHT="41">
							<String ID="string_198" HPOS="123" VPOS="1429" WIDTH="202" HEIGHT="39" WC="0.92" CONTENT="Bistaborgs"/><SP WIDTH="27" VPOS="1429" HPOS="325"/>
							<String ID="string_199" HPOS="352" VPOS="1430" WIDTH="119" HEIGHT="38" WC="0.91" CONTENT="yrkes-"/><SP WIDTH="28" VPOS="1430" HPOS="471"/>
							<String ID="string_200" HPOS="499" VPOS="1430" WIDTH="64" HEIGHT="29" WC="0.93" CONTENT="och"/><SP WIDTH="32" VPOS="1430" HPOS="563"/>
							<String ID="string_201" HPOS="595" VPOS="1430" WIDTH="183" HEIGHT="30" WC="0.91" CONTENT="hemskola"/><SP WIDTH="28" VPOS="1430" HPOS="778"/>
							<String ID="string_202" HPOS="806" VPOS="1431" WIDTH="52" HEIGHT="29" WC="0.96" CONTENT="till"/><SP WIDTH="30" VPOS="1431" HPOS="858"/>
							<String ID="string_203" HPOS="888" VPOS="1431" WIDTH="39" HEIGHT="29" WC="0.96" CONTENT="år"/><SP WIDTH="30" VPOS="1431" HPOS="927"/>
							<String ID="string_204" HPOS="957" VPOS="1431" WIDTH="82" HEIGHT="29" WC="0.82" CONTENT="1943"/><SP WIDTH="36" VPOS="1431" HPOS="1039"/>
							<String ID="string_205" HPOS="1075" VPOS="1433" WIDTH="90" HEIGHT="27" WC="0.96" CONTENT="samt"/><SP WIDTH="29" VPOS="1433" HPOS="1165"/>
							<String ID="string_206" HPOS="1194" VPOS="1431" WIDTH="221" HEIGHT="29" WC="0.93" CONTENT="beträffande"/><SP WIDTH="29" VPOS="1431" HPOS="1415"/>
							<String ID="string_207" HPOS="1444" VPOS="1431" WIDTH="186" HEIGHT="39" WC="0.79" CONTENT="Margrete-"/>
						</TextLine>
						<TextLine ID="line_23" HPOS="122" VPOS="1479" WIDTH="1509" HEIGHT="42">
							<String ID="string_208" HPOS="122" VPOS="1479" WIDTH="105" HEIGHT="30" WC="0.90" CONTENT="lunds"/><SP WIDTH="23" VPOS="1479" HPOS="227"/>
							<String ID="string_209" HPOS="250" VPOS="1481" WIDTH="205" HEIGHT="37" WC="0.90" CONTENT="yrkesskola"/><SP WIDTH="24" VPOS="1481" HPOS="455"/>
							<String ID="string_210" HPOS="479" VPOS="1481" WIDTH="52" HEIGHT="29" WC="0.96" CONTENT="till"/><SP WIDTH="25" VPOS="1481" HPOS="531"/>
							<String ID="string_211" HPOS="556" VPOS="1481" WIDTH="205" HEIGHT="39" WC="0.93" CONTENT="budgetåret"/><SP WIDTH="28" VPOS="1481" HPOS="761"/>
							<String ID="string_212" HPOS="789" VPOS="1482" WIDTH="159" HEIGHT="34" WC="0.92" CONTENT="1946/47."/><SP WIDTH="24" VPOS="1482" HPOS="948"/>
							<String ID="string_213" HPOS="972" VPOS="1482" WIDTH="259" HEIGHT="29" WC="0.92" CONTENT="Underskotten"/><SP WIDTH="24" VPOS="1482" HPOS="1231"/>
							<String ID="string_214" HPOS="1255" VPOS="1483" WIDTH="45" HEIGHT="28" WC="0.96" CONTENT="ha"/><SP WIDTH="23" VPOS="1483" HPOS="1300"/>
							<String ID="string_215" HPOS="1323" VPOS="1482" WIDTH="157" HEIGHT="39" WC="0.96" CONTENT="uppstått"/><SP WIDTH="24" VPOS="1482" HPOS="1480"/>
							<String ID="string_216" HPOS="1504" VPOS="1482" WIDTH="127" HEIGHT="29" WC="0.96" CONTENT="främst"/>
						</TextLine>
						<TextLine ID="line_24" HPOS="121" VPOS="1530" WIDTH="1510" HEIGHT="40">
							<String ID="string_217" HPOS="121" VPOS="1530" WIDTH="45" HEIGHT="39" WC="0.96" CONTENT="på"/><SP WIDTH="23" VPOS="1530" HPOS="166"/>
							<String ID="string_218" HPOS="189" VPOS="1531" WIDTH="112" HEIGHT="38" WC="0.95" CONTENT="grund"/><SP WIDTH="21" VPOS="1531" HPOS="301"/>
							<String ID="string_219" HPOS="322" VPOS="1540" WIDTH="42" HEIGHT="20" WC="0.96" CONTENT="av"/><SP WIDTH="20" VPOS="1540" HPOS="364"/>
							<String ID="string_220" HPOS="384" VPOS="1532" WIDTH="130" HEIGHT="38" WC="0.96" CONTENT="ökning"/><SP WIDTH="23" VPOS="1532" HPOS="514"/>
							<String ID="string_221" HPOS="537" VPOS="1541" WIDTH="42" HEIGHT="20" WC="0.92" CONTENT="av"/><SP WIDTH="22" VPOS="1541" HPOS="579"/>
							<String ID="string_222" HPOS="601" VPOS="1532" WIDTH="103" HEIGHT="34" WC="0.92" CONTENT="löne-,"/><SP WIDTH="21" VPOS="1532" HPOS="704"/>
							<String ID="string_223" HPOS="725" VPOS="1532" WIDTH="232" HEIGHT="30" WC="0.90" CONTENT="beklädnads-"/><SP WIDTH="22" VPOS="1532" HPOS="957"/>
							<String ID="string_224" HPOS="979" VPOS="1533" WIDTH="64" HEIGHT="29" WC="0.93" CONTENT="och"/><SP WIDTH="21" VPOS="1533" HPOS="1043"/>
							<String ID="string_225" HPOS="1064" VPOS="1533" WIDTH="389" HEIGHT="33" WC="0.92" CONTENT="bränslekostnaderna,"/><SP WIDTH="15" VPOS="1533" HPOS="1453"/>
							<String ID="string_226" HPOS="1468" VPOS="1533" WIDTH="87" HEIGHT="29" WC="0.96" CONTENT="men"/><SP WIDTH="21" VPOS="1533" HPOS="1555"/>
							<String ID="string_227" HPOS="1576" VPOS="1532" WIDTH="55" HEIGHT="30" WC="0.96" CONTENT="för"/>
						</TextLine>
						<TextLine ID="line_25" HPOS="120" VPOS="1581" WIDTH="1512" HEIGHT="42">
							<String ID="string_228" HPOS="120" VPOS="1581" WIDTH="278" HEIGHT="39" WC="0.95" CONTENT="Margretelunds"/><SP WIDTH="21" VPOS="1581" HPOS="398"/>
							<String ID="string_229" HPOS="419" VPOS="1583" WIDTH="53" HEIGHT="28" WC="0.96" CONTENT="del"/><SP WIDTH="24" VPOS="1583" HPOS="472"/>
							<String ID="string_230" HPOS="496" VPOS="1583" WIDTH="174" HEIGHT="38" WC="0.96" CONTENT="därjämte"/><SP WIDTH="24" VPOS="1583" HPOS="670"/>
							<String ID="string_231" HPOS="694" VPOS="1591" WIDTH="123" HEIGHT="31" WC="0.96" CONTENT="genom"/><SP WIDTH="22" VPOS="1591" HPOS="817"/>
							<String ID="string_232" HPOS="839" VPOS="1585" WIDTH="50" HEIGHT="28" WC="0.96" CONTENT="att"/><SP WIDTH="24" VPOS="1585" HPOS="889"/>
							<String ID="string_233" HPOS="913" VPOS="1583" WIDTH="192" HEIGHT="39" WC="0.95" CONTENT="utgifterna"/><SP WIDTH="21" VPOS="1583" HPOS="1105"/>
							<String ID="string_234" HPOS="1126" VPOS="1584" WIDTH="55" HEIGHT="29" WC="0.96" CONTENT="för"/><SP WIDTH="21" VPOS="1584" HPOS="1181"/>
							<String ID="string_235" HPOS="1202" VPOS="1583" WIDTH="269" HEIGHT="34" WC="0.93" CONTENT="inventarierna,"/><SP WIDTH="22" VPOS="1583" HPOS="1471"/>
							<String ID="string_236" HPOS="1493" VPOS="1592" WIDTH="139" HEIGHT="31" WC="0.92" CONTENT="repara-"/>
						</TextLine>
						<TextLine ID="line_26" HPOS="122" VPOS="1632" WIDTH="1510" HEIGHT="41">
							<String ID="string_237" HPOS="122" VPOS="1632" WIDTH="123" HEIGHT="34" WC="0.93" CONTENT="tioner,"/><SP WIDTH="23" VPOS="1632" HPOS="245"/>
							<String ID="string_238" HPOS="268" VPOS="1642" WIDTH="106" HEIGHT="20" WC="0.92" CONTENT="onera"/><SP WIDTH="22" VPOS="1642" HPOS="374"/>
							<String ID="string_239" HPOS="396" VPOS="1633" WIDTH="65" HEIGHT="29" WC="0.96" CONTENT="och"/><SP WIDTH="22" VPOS="1633" HPOS="461"/>
							<String ID="string_240" HPOS="483" VPOS="1633" WIDTH="151" HEIGHT="39" WC="0.92" CONTENT="tjänster"/><SP WIDTH="22" VPOS="1633" HPOS="634"/>
							<String ID="string_241" HPOS="656" VPOS="1643" WIDTH="45" HEIGHT="20" WC="0.89" CONTENT="m."/><SP WIDTH="25" VPOS="1643" HPOS="701"/>
							<String ID="string_242" HPOS="726" VPOS="1643" WIDTH="44" HEIGHT="20" WC="0.92" CONTENT="m."/><SP WIDTH="26" VPOS="1643" HPOS="770"/>
							<String ID="string_243" HPOS="796" VPOS="1635" WIDTH="82" HEIGHT="29" WC="0.96" CONTENT="ökat"/><SP WIDTH="26" VPOS="1635" HPOS="878"/>
							<String ID="string_244" HPOS="904" VPOS="1636" WIDTH="90" HEIGHT="28" WC="0.96" CONTENT="samt"/><SP WIDTH="24" VPOS="1636" HPOS="994"/>
							<String ID="string_245" HPOS="1018" VPOS="1642" WIDTH="123" HEIGHT="31" WC="0.95" CONTENT="genom"/><SP WIDTH="25" VPOS="1642" HPOS="1141"/>
							<String ID="string_246" HPOS="1166" VPOS="1634" WIDTH="152" HEIGHT="39" WC="0.95" CONTENT="ständigt"/><SP WIDTH="23" VPOS="1634" HPOS="1318"/>
							<String ID="string_247" HPOS="1341" VPOS="1635" WIDTH="110" HEIGHT="29" WC="0.96" CONTENT="ökade"/><SP WIDTH="24" VPOS="1635" HPOS="1451"/>
							<String ID="string_248" HPOS="1475" VPOS="1634" WIDTH="87" HEIGHT="30" WC="0.96" CONTENT="krav"/><SP WIDTH="24" VPOS="1634" HPOS="1562"/>
							<String ID="string_249" HPOS="1586" VPOS="1633" WIDTH="46" HEIGHT="40" WC="0.96" CONTENT="på"/>
						</TextLine>
						<TextLine ID="line_27" HPOS="122" VPOS="1683" WIDTH="1509" HEIGHT="41">
							<String ID="string_250" HPOS="122" VPOS="1683" WIDTH="458" HEIGHT="40" WC="0.90" CONTENT="personalförstärkningar."/><SP WIDTH="20" VPOS="1683" HPOS="580"/>
							<String ID="string_251" HPOS="600" VPOS="1685" WIDTH="13" HEIGHT="29" WC="0.96" CONTENT="I"/><SP WIDTH="23" VPOS="1685" HPOS="613"/>
							<String ID="string_252" HPOS="636" VPOS="1684" WIDTH="109" HEIGHT="30" WC="0.96" CONTENT="likhet"/><SP WIDTH="22" VPOS="1684" HPOS="745"/>
							<String ID="string_253" HPOS="767" VPOS="1686" WIDTH="79" HEIGHT="29" WC="0.96" CONTENT="med"/><SP WIDTH="18" VPOS="1686" HPOS="846"/>
							<String ID="string_254" HPOS="864" VPOS="1685" WIDTH="67" HEIGHT="30" WC="0.96" CONTENT="vad"/><SP WIDTH="21" VPOS="1685" HPOS="931"/>
							<String ID="string_255" HPOS="952" VPOS="1695" WIDTH="74" HEIGHT="20" WC="0.96" CONTENT="som"/><SP WIDTH="21" VPOS="1695" HPOS="1026"/>
							<String ID="string_256" HPOS="1047" VPOS="1685" WIDTH="148" HEIGHT="39" WC="0.96" CONTENT="tidigare"/><SP WIDTH="22" VPOS="1685" HPOS="1195"/>
							<String ID="string_257" HPOS="1217" VPOS="1686" WIDTH="90" HEIGHT="28" WC="0.96" CONTENT="skett"/><SP WIDTH="26" VPOS="1686" HPOS="1307"/>
							<String ID="string_258" HPOS="1333" VPOS="1685" WIDTH="4" HEIGHT="29" WC="0.96" CONTENT="i"/><SP WIDTH="24" VPOS="1685" HPOS="1337"/>
							<String ID="string_259" HPOS="1361" VPOS="1685" WIDTH="168" HEIGHT="29" WC="0.96" CONTENT="samband"/><SP WIDTH="22" VPOS="1685" HPOS="1529"/>
							<String ID="string_260" HPOS="1551" VPOS="1686" WIDTH="80" HEIGHT="28" WC="0.96" CONTENT="med"/>
						</TextLine>
						<TextLine ID="line_28" HPOS="121" VPOS="1733" WIDTH="1510" HEIGHT="41">
							<String ID="string_261" HPOS="121" VPOS="1733" WIDTH="115" HEIGHT="30" WC="0.96" CONTENT="beslut"/><SP WIDTH="20" VPOS="1733" HPOS="236"/>
							<String ID="string_262" HPOS="256" VPOS="1743" WIDTH="56" HEIGHT="20" WC="0.96" CONTENT="om"/><SP WIDTH="21" VPOS="1743" HPOS="312"/>
							<String ID="string_263" HPOS="333" VPOS="1735" WIDTH="186" HEIGHT="37" WC="0.96" CONTENT="utgivande"/><SP WIDTH="21" VPOS="1735" HPOS="519"/>
							<String ID="string_264" HPOS="540" VPOS="1745" WIDTH="42" HEIGHT="20" WC="0.96" CONTENT="av"/><SP WIDTH="20" VPOS="1745" HPOS="582"/>
							<String ID="string_265" HPOS="602" VPOS="1736" WIDTH="235" HEIGHT="38" WC="0.96" CONTENT="ersättningar"/><SP WIDTH="23" VPOS="1736" HPOS="837"/>
							<String ID="string_266" HPOS="860" VPOS="1736" WIDTH="55" HEIGHT="29" WC="0.93" CONTENT="för"/><SP WIDTH="21" VPOS="1736" HPOS="915"/>
							<String ID="string_267" HPOS="936" VPOS="1736" WIDTH="255" HEIGHT="29" WC="0.92" CONTENT="driftförluster"/><SP WIDTH="20" VPOS="1736" HPOS="1191"/>
							<String ID="string_268" HPOS="1211" VPOS="1736" WIDTH="57" HEIGHT="29" WC="0.96" CONTENT="vid"/><SP WIDTH="19" VPOS="1736" HPOS="1268"/>
							<String ID="string_269" HPOS="1287" VPOS="1736" WIDTH="76" HEIGHT="29" WC="0.96" CONTENT="icke"/><SP WIDTH="22" VPOS="1736" HPOS="1363"/>
							<String ID="string_270" HPOS="1385" VPOS="1736" WIDTH="139" HEIGHT="38" WC="0.93" CONTENT="statliga"/><SP WIDTH="22" VPOS="1736" HPOS="1524"/>
							<String ID="string_271" HPOS="1546" VPOS="1743" WIDTH="85" HEIGHT="31" WC="0.91" CONTENT="ung-"/>
						</TextLine>
						<TextLine ID="line_29" HPOS="122" VPOS="1784" WIDTH="1509" HEIGHT="42">
							<String ID="string_272" HPOS="122" VPOS="1784" WIDTH="327" HEIGHT="31" WC="0.92" CONTENT="domsvårdsskolor"/><SP WIDTH="21" VPOS="1784" HPOS="449"/>
							<String ID="string_273" HPOS="470" VPOS="1786" WIDTH="63" HEIGHT="29" WC="0.96" CONTENT="har"/><SP WIDTH="22" VPOS="1786" HPOS="533"/>
							<String ID="string_274" HPOS="555" VPOS="1786" WIDTH="116" HEIGHT="29" WC="0.96" CONTENT="såsom"/><SP WIDTH="18" VPOS="1786" HPOS="671"/>
							<String ID="string_275" HPOS="689" VPOS="1787" WIDTH="126" HEIGHT="29" WC="0.96" CONTENT="villkor"/><SP WIDTH="20" VPOS="1787" HPOS="815"/>
							<String ID="string_276" HPOS="835" VPOS="1787" WIDTH="55" HEIGHT="29" WC="0.96" CONTENT="för"/><SP WIDTH="20" VPOS="1787" HPOS="890"/>
							<String ID="string_277" HPOS="910" VPOS="1787" WIDTH="41" HEIGHT="29" WC="0.96" CONTENT="de"/><SP WIDTH="19" VPOS="1787" HPOS="951"/>
							<String ID="string_278" HPOS="970" VPOS="1796" WIDTH="47" HEIGHT="20" WC="0.96" CONTENT="nu"/><SP WIDTH="22" VPOS="1796" HPOS="1017"/>
							<String ID="string_279" HPOS="1039" VPOS="1787" WIDTH="268" HEIGHT="38" WC="0.93" CONTENT="ifrågavarande"/><SP WIDTH="22" VPOS="1787" HPOS="1307"/>
							<String ID="string_280" HPOS="1329" VPOS="1787" WIDTH="302" HEIGHT="39" WC="0.91" CONTENT="ersättningarnas"/>
						</TextLine>
						<TextLine ID="line_30" HPOS="120" VPOS="1835" WIDTH="1511" HEIGHT="40">
							<String ID="string_281" HPOS="120" VPOS="1835" WIDTH="224" HEIGHT="30" WC="0.92" CONTENT="utbetalande"/><SP WIDTH="27" VPOS="1835" HPOS="344"/>
							<String ID="string_282" HPOS="371" VPOS="1838" WIDTH="132" HEIGHT="27" WC="0.96" CONTENT="ansetts"/><SP WIDTH="26" VPOS="1838" HPOS="503"/>
							<String ID="string_283" HPOS="529" VPOS="1837" WIDTH="82" HEIGHT="29" WC="0.90" CONTENT="böra"/><SP WIDTH="28" VPOS="1837" HPOS="611"/>
							<String ID="string_284" HPOS="639" VPOS="1837" WIDTH="224" HEIGHT="34" WC="0.90" CONTENT="föreskrivas,"/><SP WIDTH="27" VPOS="1837" HPOS="863"/>
							<String ID="string_285" HPOS="890" VPOS="1839" WIDTH="50" HEIGHT="27" WC="0.96" CONTENT="att"/><SP WIDTH="28" VPOS="1839" HPOS="940"/>
							<String ID="string_286" HPOS="968" VPOS="1837" WIDTH="183" HEIGHT="29" WC="0.93" CONTENT="skolornas"/><SP WIDTH="26" VPOS="1837" HPOS="1151"/>
							<String ID="string_287" HPOS="1177" VPOS="1837" WIDTH="234" HEIGHT="38" WC="0.92" CONTENT="utgiftsstater"/><SP WIDTH="27" VPOS="1837" HPOS="1411"/>
							<String ID="string_288" HPOS="1438" VPOS="1837" WIDTH="10" HEIGHT="29" WC="0.93" CONTENT="i"/><SP WIDTH="26" VPOS="1837" HPOS="1448"/>
							<String ID="string_289" HPOS="1474" VPOS="1837" WIDTH="157" HEIGHT="29" WC="0.91" CONTENT="fortsätt-"/>
						</TextLine>
						<TextLine ID="line_31" HPOS="123" VPOS="1886" WIDTH="1507" HEIGHT="40">
							<String ID="string_290" HPOS="123" VPOS="1886" WIDTH="129" HEIGHT="38" WC="0.96" CONTENT="ningen"/><SP WIDTH="30" VPOS="1886" HPOS="252"/>
							<String ID="string_291" HPOS="282" VPOS="1886" WIDTH="97" HEIGHT="29" WC="0.96" CONTENT="skola"/><SP WIDTH="28" VPOS="1886" HPOS="379"/>
							<String ID="string_292" HPOS="407" VPOS="1887" WIDTH="9" HEIGHT="28" WC="0.96" CONTENT="i"/><SP WIDTH="28" VPOS="1887" HPOS="416"/>
							<String ID="string_293" HPOS="444" VPOS="1887" WIDTH="121" HEIGHT="38" WC="0.96" CONTENT="förväg"/><SP WIDTH="27" VPOS="1887" HPOS="565"/>
							<String ID="string_294" HPOS="592" VPOS="1888" WIDTH="171" HEIGHT="37" WC="0.96" CONTENT="granskas"/><SP WIDTH="28" VPOS="1888" HPOS="763"/>
							<String ID="string_295" HPOS="791" VPOS="1897" WIDTH="41" HEIGHT="20" WC="0.95" CONTENT="av"/><SP WIDTH="31" VPOS="1897" HPOS="832"/>
							<String ID="string_296" HPOS="863" VPOS="1887" WIDTH="289" HEIGHT="39" WC="0.95" CONTENT="socialstyrelsen."/><SP WIDTH="30" VPOS="1887" HPOS="1152"/>
							<String ID="string_297" HPOS="1182" VPOS="1888" WIDTH="114" HEIGHT="29" WC="0.96" CONTENT="Sådan"/><SP WIDTH="28" VPOS="1888" HPOS="1296"/>
							<String ID="string_298" HPOS="1324" VPOS="1888" WIDTH="215" HEIGHT="38" WC="0.96" CONTENT="granskning"/><SP WIDTH="27" VPOS="1888" HPOS="1539"/>
							<String ID="string_299" HPOS="1566" VPOS="1888" WIDTH="64" HEIGHT="29" WC="0.96" CONTENT="har"/>
						</TextLine>
						<TextLine ID="line_32" HPOS="124" VPOS="1936" WIDTH="1507" HEIGHT="40">
							<String ID="string_300" HPOS="124" VPOS="1936" WIDTH="91" HEIGHT="29" WC="0.96" CONTENT="skett"/><SP WIDTH="27" VPOS="1936" HPOS="215"/>
							<String ID="string_301" HPOS="242" VPOS="1936" WIDTH="221" HEIGHT="30" WC="0.93" CONTENT="beträffande"/><SP WIDTH="30" VPOS="1936" HPOS="463"/>
							<String ID="string_302" HPOS="493" VPOS="1937" WIDTH="201" HEIGHT="38" WC="0.91" CONTENT="Bistaborgs"/><SP WIDTH="29" VPOS="1937" HPOS="694"/>
							<String ID="string_303" HPOS="723" VPOS="1938" WIDTH="196" HEIGHT="38" WC="0.91" CONTENT="utgiftsstat"/><SP WIDTH="27" VPOS="1938" HPOS="919"/>
							<String ID="string_304" HPOS="946" VPOS="1938" WIDTH="54" HEIGHT="29" WC="0.96" CONTENT="för"/><SP WIDTH="27" VPOS="1938" HPOS="1000"/>
							<String ID="string_305" HPOS="1027" VPOS="1938" WIDTH="243" HEIGHT="30" WC="0.95" CONTENT="kalenderåret"/><SP WIDTH="30" VPOS="1938" HPOS="1270"/>
							<String ID="string_306" HPOS="1300" VPOS="1937" WIDTH="81" HEIGHT="30" WC="0.95" CONTENT="1947"/><SP WIDTH="28" VPOS="1937" HPOS="1381"/>
							<String ID="string_307" HPOS="1409" VPOS="1938" WIDTH="64" HEIGHT="29" WC="0.91" CONTENT="och"/><SP WIDTH="29" VPOS="1938" HPOS="1473"/>
							<String ID="string_308" HPOS="1502" VPOS="1937" WIDTH="129" HEIGHT="30" WC="0.91" CONTENT="beträf-"/>
						</TextLine>
						<TextLine ID="line_33" HPOS="119" VPOS="1987" WIDTH="1118" HEIGHT="39">
							<String ID="string_309" HPOS="119" VPOS="1987" WIDTH="106" HEIGHT="29" WC="0.90" CONTENT="fande"/><SP WIDTH="26" VPOS="1987" HPOS="225"/>
							<String ID="string_310" HPOS="251" VPOS="1988" WIDTH="277" HEIGHT="37" WC="0.93" CONTENT="Margretelunds"/><SP WIDTH="24" VPOS="1988" HPOS="528"/>
							<String ID="string_311" HPOS="552" VPOS="1988" WIDTH="196" HEIGHT="38" WC="0.92" CONTENT="utgiftsstat"/><SP WIDTH="23" VPOS="1988" HPOS="748"/>
							<String ID="string_312" HPOS="771" VPOS="1989" WIDTH="54" HEIGHT="28" WC="0.96" CONTENT="för"/><SP WIDTH="22" VPOS="1989" HPOS="825"/>
							<String ID="string_313" HPOS="847" VPOS="1988" WIDTH="204" HEIGHT="38" WC="0.93" CONTENT="budgetåret"/><SP WIDTH="28" VPOS="1988" HPOS="1051"/>
							<String ID="string_314" HPOS="1079" VPOS="1988" WIDTH="158" HEIGHT="35" WC="0.90" CONTENT="1947/48."/>
						</TextLine>
					</TextBlock>
				</ComposedBlock>
				<ComposedBlock ID="cblock_6" HPOS="166" VPOS="2080" WIDTH="1466" HEIGHT="399">
					<TextBlock ID="block_6" HPOS="166" VPOS="2080" WIDTH="1275" HEIGHT="40">
						<TextLine ID="line_34" HPOS="166" VPOS="2080" WIDTH="1275" HEIGHT="40">
							<String ID="string_315" HPOS="166" VPOS="2080" WIDTH="174" HEIGHT="29" WC="0.96" CONTENT="Utskottet"/><SP WIDTH="21" VPOS="2080" HPOS="340"/>
							<String ID="string_316" HPOS="361" VPOS="2080" WIDTH="193" HEIGHT="39" WC="0.96" CONTENT="tillstyrker"/><SP WIDTH="20" VPOS="2080" HPOS="554"/>
							<String ID="string_317" HPOS="574" VPOS="2081" WIDTH="126" HEIGHT="38" WC="0.94" CONTENT="Kungl."/><SP WIDTH="23" VPOS="2081" HPOS="700"/>
							<String ID="string_318" HPOS="723" VPOS="2081" WIDTH="123" HEIGHT="39" WC="0.96" CONTENT="Maj:ts"/><SP WIDTH="22" VPOS="2081" HPOS="846"/>
							<String ID="string_319" HPOS="868" VPOS="2081" WIDTH="130" HEIGHT="38" WC="0.96" CONTENT="förslag"/><SP WIDTH="23" VPOS="2081" HPOS="998"/>
							<String ID="string_320" HPOS="1021" VPOS="2081" WIDTH="64" HEIGHT="29" WC="0.96" CONTENT="och"/><SP WIDTH="21" VPOS="2081" HPOS="1085"/>
							<String ID="string_321" HPOS="1106" VPOS="2081" WIDTH="201" HEIGHT="29" WC="0.96" CONTENT="hemställer"/><SP WIDTH="23" VPOS="2081" HPOS="1307"/>
							<String ID="string_322" HPOS="1330" VPOS="2081" WIDTH="111" HEIGHT="33" WC="0.96" CONTENT="alltså,"/>
						</TextLine>
					</TextBlock>
					<TextBlock ID="block_7" HPOS="431" VPOS="2148" WIDTH="1201" HEIGHT="331">
						<TextLine ID="line_35" HPOS="478" VPOS="2148" WIDTH="1153" HEIGHT="38">
							<String ID="string_323" HPOS="478" VPOS="2150" WIDTH="49" HEIGHT="27" WC="0.96" CONTENT="att"/><SP WIDTH="26" VPOS="2150" HPOS="527"/>
							<String ID="string_324" HPOS="553" VPOS="2148" WIDTH="187" HEIGHT="38" WC="0.96" CONTENT="riksdagen"/><SP WIDTH="27" VPOS="2148" HPOS="740"/>
							<String ID="string_325" HPOS="767" VPOS="2149" WIDTH="57" HEIGHT="28" WC="0.92" CONTENT="må"/><SP WIDTH="24" VPOS="2149" HPOS="824"/>
							<String ID="string_326" HPOS="848" VPOS="2148" WIDTH="169" HEIGHT="38" WC="0.89" CONTENT="medgiva,"/><SP WIDTH="26" VPOS="2148" HPOS="1017"/>
							<String ID="string_327" HPOS="1043" VPOS="2150" WIDTH="49" HEIGHT="27" WC="0.96" CONTENT="att"/><SP WIDTH="26" VPOS="2150" HPOS="1092"/>
							<String ID="string_328" HPOS="1118" VPOS="2148" WIDTH="51" HEIGHT="29" WC="0.93" CONTENT="till"/><SP WIDTH="25" VPOS="2148" HPOS="1169"/>
							<String ID="string_329" HPOS="1194" VPOS="2148" WIDTH="200" HEIGHT="38" WC="0.91" CONTENT="Bistaborgs"/><SP WIDTH="26" VPOS="2148" HPOS="1394"/>
							<String ID="string_330" HPOS="1420" VPOS="2148" WIDTH="119" HEIGHT="38" WC="0.92" CONTENT="yrkes-"/><SP WIDTH="27" VPOS="2148" HPOS="1539"/>
							<String ID="string_331" HPOS="1566" VPOS="2148" WIDTH="65" HEIGHT="29" WC="0.96" CONTENT="och"/>
						</TextLine>
						<TextLine ID="line_36" HPOS="431" VPOS="2198" WIDTH="1201" HEIGHT="39">
							<String ID="string_332" HPOS="431" VPOS="2198" WIDTH="181" HEIGHT="29" WC="0.92" CONTENT="hemskola"/><SP WIDTH="26" VPOS="2198" HPOS="612"/>
							<String ID="string_333" HPOS="638" VPOS="2202" WIDTH="87" HEIGHT="26" WC="0.95" CONTENT="samt"/><SP WIDTH="26" VPOS="2202" HPOS="725"/>
							<String ID="string_334" HPOS="751" VPOS="2199" WIDTH="277" HEIGHT="37" WC="0.93" CONTENT="Margretelunds"/><SP WIDTH="22" VPOS="2199" HPOS="1028"/>
							<String ID="string_335" HPOS="1050" VPOS="2199" WIDTH="206" HEIGHT="38" WC="0.92" CONTENT="yrkesskola"/><SP WIDTH="23" VPOS="2199" HPOS="1256"/>
							<String ID="string_336" HPOS="1279" VPOS="2199" WIDTH="56" HEIGHT="28" WC="0.96" CONTENT="må"/><SP WIDTH="23" VPOS="2199" HPOS="1335"/>
							<String ID="string_337" HPOS="1358" VPOS="2208" WIDTH="41" HEIGHT="19" WC="0.96" CONTENT="av"/><SP WIDTH="23" VPOS="2208" HPOS="1399"/>
							<String ID="string_338" HPOS="1422" VPOS="2199" WIDTH="55" HEIGHT="28" WC="0.93" CONTENT="det"/><SP WIDTH="25" VPOS="2199" HPOS="1477"/>
							<String ID="string_339" HPOS="1502" VPOS="2199" WIDTH="19" HEIGHT="28" WC="0.90" CONTENT="å"/><SP WIDTH="22" VPOS="2199" HPOS="1521"/>
							<String ID="string_340" HPOS="1543" VPOS="2198" WIDTH="89" HEIGHT="29" WC="0.92" CONTENT="riks-"/>
						</TextLine>
						<TextLine ID="line_37" HPOS="434" VPOS="2249" WIDTH="1197" HEIGHT="38">
							<String ID="string_341" HPOS="434" VPOS="2250" WIDTH="112" HEIGHT="27" WC="0.96" CONTENT="staten"/><SP WIDTH="23" VPOS="2250" HPOS="546"/>
							<String ID="string_342" HPOS="569" VPOS="2249" WIDTH="55" HEIGHT="28" WC="0.96" CONTENT="för"/><SP WIDTH="21" VPOS="2249" HPOS="624"/>
							<String ID="string_343" HPOS="645" VPOS="2249" WIDTH="203" HEIGHT="36" WC="0.93" CONTENT="budgetåret"/><SP WIDTH="24" VPOS="2249" HPOS="848"/>
							<String ID="string_344" HPOS="872" VPOS="2249" WIDTH="149" HEIGHT="34" WC="0.91" CONTENT="1947/48"/><SP WIDTH="21" VPOS="2249" HPOS="1021"/>
							<String ID="string_345" HPOS="1042" VPOS="2249" WIDTH="111" HEIGHT="28" WC="0.96" CONTENT="under"/><SP WIDTH="22" VPOS="2249" HPOS="1153"/>
							<String ID="string_346" HPOS="1175" VPOS="2249" WIDTH="105" HEIGHT="28" WC="0.93" CONTENT="femte"/><SP WIDTH="23" VPOS="2249" HPOS="1280"/>
							<String ID="string_347" HPOS="1303" VPOS="2249" WIDTH="220" HEIGHT="28" WC="0.90" CONTENT="huvudtiteln"/><SP WIDTH="23" VPOS="2249" HPOS="1523"/>
							<String ID="string_348" HPOS="1546" VPOS="2258" WIDTH="85" HEIGHT="29" WC="0.90" CONTENT="upp-"/>
						</TextLine>
						<TextLine ID="line_38" HPOS="432" VPOS="2298" WIDTH="1198" HEIGHT="39">
							<String ID="string_349" HPOS="432" VPOS="2299" WIDTH="99" HEIGHT="28" WC="0.92" CONTENT="förda"/><SP WIDTH="24" VPOS="2299" HPOS="531"/>
							<String ID="string_350" HPOS="555" VPOS="2299" WIDTH="308" HEIGHT="37" WC="0.91" CONTENT="förslagsanslaget"/><SP WIDTH="24" VPOS="2299" HPOS="863"/>
							<String ID="string_351" HPOS="887" VPOS="2299" WIDTH="50" HEIGHT="28" WC="0.96" CONTENT="till"/><SP WIDTH="21" VPOS="2299" HPOS="937"/>
							<String ID="string_352" HPOS="958" VPOS="2299" WIDTH="128" HEIGHT="37" WC="0.91" CONTENT="Bidrag"/><SP WIDTH="23" VPOS="2299" HPOS="1086"/>
							<String ID="string_353" HPOS="1109" VPOS="2299" WIDTH="52" HEIGHT="27" WC="0.95" CONTENT="till"/><SP WIDTH="19" VPOS="2299" HPOS="1161"/>
							<String ID="string_354" HPOS="1180" VPOS="2298" WIDTH="128" HEIGHT="39" WC="0.96" CONTENT="driften"/><SP WIDTH="21" VPOS="2298" HPOS="1308"/>
							<String ID="string_355" HPOS="1329" VPOS="2307" WIDTH="42" HEIGHT="20" WC="0.95" CONTENT="av"/><SP WIDTH="23" VPOS="2307" HPOS="1371"/>
							<String ID="string_356" HPOS="1394" VPOS="2298" WIDTH="73" HEIGHT="29" WC="0.96" CONTENT="icke"/><SP WIDTH="23" VPOS="2298" HPOS="1467"/>
							<String ID="string_357" HPOS="1490" VPOS="2298" WIDTH="140" HEIGHT="38" WC="0.96" CONTENT="statliga"/>
						</TextLine>
						<TextLine ID="line_39" HPOS="434" VPOS="2348" WIDTH="1197" HEIGHT="38">
							<String ID="string_358" HPOS="434" VPOS="2349" WIDTH="118" HEIGHT="28" WC="0.96" CONTENT="skolor"/><SP WIDTH="29" VPOS="2349" HPOS="552"/>
							<String ID="string_359" HPOS="581" VPOS="2349" WIDTH="209" HEIGHT="28" WC="0.93" CONTENT="tillhörande"/><SP WIDTH="30" VPOS="2349" HPOS="790"/>
							<String ID="string_360" HPOS="820" VPOS="2349" WIDTH="123" HEIGHT="29" WC="0.90" CONTENT="barna-"/><SP WIDTH="30" VPOS="2349" HPOS="943"/>
							<String ID="string_361" HPOS="973" VPOS="2349" WIDTH="62" HEIGHT="28" WC="0.93" CONTENT="och"/><SP WIDTH="33" VPOS="2349" HPOS="1035"/>
							<String ID="string_362" HPOS="1068" VPOS="2348" WIDTH="303" HEIGHT="38" WC="0.91" CONTENT="ungdomsvården"/><SP WIDTH="29" VPOS="2348" HPOS="1371"/>
							<String ID="string_363" HPOS="1400" VPOS="2349" WIDTH="81" HEIGHT="36" WC="0.96" CONTENT="utgå"/><SP WIDTH="28" VPOS="2349" HPOS="1481"/>
							<String ID="string_364" HPOS="1509" VPOS="2349" WIDTH="122" HEIGHT="37" WC="0.96" CONTENT="bidrag"/>
						</TextLine>
						<TextLine ID="line_40" HPOS="435" VPOS="2399" WIDTH="1194" HEIGHT="38">
							<String ID="string_365" HPOS="435" VPOS="2409" WIDTH="41" HEIGHT="19" WC="0.93" CONTENT="av"/><SP WIDTH="31" VPOS="2409" HPOS="476"/>
							<String ID="string_366" HPOS="507" VPOS="2400" WIDTH="200" HEIGHT="28" WC="0.91" CONTENT="statsmedel"/><SP WIDTH="32" VPOS="2400" HPOS="707"/>
							<String ID="string_367" HPOS="739" VPOS="2399" WIDTH="53" HEIGHT="29" WC="0.96" CONTENT="för"/><SP WIDTH="29" VPOS="2399" HPOS="792"/>
							<String ID="string_368" HPOS="821" VPOS="2400" WIDTH="170" HEIGHT="28" WC="0.95" CONTENT="täckande"/><SP WIDTH="28" VPOS="2400" HPOS="991"/>
							<String ID="string_369" HPOS="1019" VPOS="2409" WIDTH="41" HEIGHT="19" WC="0.92" CONTENT="av"/><SP WIDTH="27" VPOS="2409" HPOS="1060"/>
							<String ID="string_370" HPOS="1087" VPOS="2399" WIDTH="296" HEIGHT="29" WC="0.91" CONTENT="driftunderskott"/><SP WIDTH="39" VPOS="2399" HPOS="1383"/>
							<String ID="string_371" HPOS="1422" VPOS="2399" WIDTH="77" HEIGHT="28" WC="0.94" CONTENT="med"/><SP WIDTH="42" VPOS="2399" HPOS="1499"/>
							<String ID="string_372" HPOS="1541" VPOS="2408" WIDTH="88" HEIGHT="29" WC="0.94" CONTENT="resp."/>
						</TextLine>
						<TextLine ID="line_41" HPOS="437" VPOS="2450" WIDTH="503" HEIGHT="29">
							<String ID="string_373" HPOS="437" VPOS="2450" WIDTH="31" HEIGHT="28" WC="0.93" CONTENT="11"/><SP WIDTH="22" VPOS="2450" HPOS="468"/>
							<String ID="string_374" HPOS="490" VPOS="2450" WIDTH="61" HEIGHT="28" WC="0.93" CONTENT="000"/><SP WIDTH="23" VPOS="2450" HPOS="551"/>
							<String ID="string_375" HPOS="574" VPOS="2450" WIDTH="64" HEIGHT="29" WC="0.96" CONTENT="och"/><SP WIDTH="23" VPOS="2450" HPOS="638"/>
							<String ID="string_376" HPOS="661" VPOS="2450" WIDTH="40" HEIGHT="28" WC="0.96" CONTENT="60"/><SP WIDTH="15" VPOS="2450" HPOS="701"/>
							<String ID="string_377" HPOS="716" VPOS="2451" WIDTH="62" HEIGHT="27" WC="0.95" CONTENT="000"/><SP WIDTH="22" VPOS="2451" HPOS="778"/>
							<String ID="string_378" HPOS="800" VPOS="2450" WIDTH="140" HEIGHT="28" WC="0.95" CONTENT="kronor."/>
						</TextLine>
					</TextBlock>
				</ComposedBlock>
			</PrintSpace>
		</Page>
	</Layout>
</alto>
