1916 2840
74 436 175 25 Motionerna.

85 1266 144 24 Utskottets

85 1302 132 29 yttrande.

333 154 18 30 6
628 161 417 39 Bevillningsutskottets
1066 167 223 35 betänkande
1310 171 52 31 Nr
1388 173 51 29 55.

288 241 73 22 mer
383 235 46 29 än
451 235 18 30 1
490 235 129 37 miljon
641 238 131 32 kronor
796 242 123 31 utöver
942 242 69 32 den
1036 253 126 27 genom
1183 248 382 40 extrabeskattningen
1588 253 204 38 inflytande

287 285 287 40 merinkomsten,
591 289 94 33 hava
699 301 126 26 genom
840 294 193 33 utskottets
1049 297 140 38 försorg
1203 300 209 33 verkställts
1428 304 97 32 vissa
1540 305 252 40 beräkningar.

290 333 110 34 Dessa
420 338 241 39 beräkningar
682 343 200 35 återfinnas
901 348 118 31 såsom
1040 349 120 37 bilaga
1183 352 56 32 till
1259 354 100 32 detta
1378 354 236 36 betänkande.

326 439 18 31 I
369 441 181 32 motionen
576 454 42 21 nr
645 446 57 30 178
726 446 12 31 i
766 448 113 32 första
903 449 211 34 kammaren
1139 454 66 31 har
1232 457 118 35 någon
1377 458 148 31 erinran
1552 460 77 31 icke
1656 462 132 32 riktats

285 494 73 29 mot
387 494 54 30 att
471 494 12 30 i
514 498 209 31 nuvarande
753 500 304 34 statsfinansiella
1086 505 78 36 läge
1195 506 139 36 jämväl
1364 509 67 31 den
1461 511 141 32 direkta
1634 513 153 33 beskatt-

285 543 132 36 ningen
441 545 157 37 skärpes.
643 549 74 32 Mot
743 550 172 38 förslaget
939 554 68 31 har
1031 556 199 33 emellertid
1255 558 231 40 framhållits,
1511 565 54 29 att
1591 564 196 33 detsamma

286 594 121 37 bryter
432 598 74 30 mot
533 599 58 30 det
615 600 91 31 efter
732 602 176 36 ingående
933 607 196 37 utredning
1156 609 188 33 tillkomna
1371 613 64 31 och
1462 615 114 31 under
1604 616 182 33 skiftande

284 646 253 34 förhållanden
557 653 155 33 prövade
735 654 290 38 skattesystemet
1047 660 46 35 på
1114 669 43 22 en
1179 662 40 30 så
1241 663 180 37 väsentlig
1444 666 116 35 punkt
1582 677 75 21 som
1679 668 13 31 i
1714 669 72 31 frå-

283 706 46 27 ga
350 708 56 21 om
426 700 256 39 skatteskalan,
704 705 65 31 och
791 706 98 32 detta
910 710 90 29 utan
1021 711 54 30 att
1097 711 191 37 förslagets
1311 714 275 38 framläggande
1610 719 175 37 föregåtts

283 759 45 21 av
351 750 66 31 den
437 753 195 37 grundliga
654 756 64 30 och
740 757 169 37 allsidiga
929 761 205 37 utredning,
1156 773 75 21 som
1252 765 102 36 eljest
1376 768 119 31 städse
1517 771 136 30 ansetts
1674 772 111 31 erfor-

283 801 123 37 derlig.
451 803 52 31 De
529 806 253 38 otvivelaktigt
808 810 135 36 riktiga
969 814 224 35 synpunkter
1219 817 81 31 med
1325 820 174 31 avseende
1524 821 22 30 å
1572 821 132 37 frågan
1728 834 56 20 om

281 862 44 21 en
347 854 125 37 skärpt
497 858 237 37 progression,
760 870 74 21 som
860 862 77 31 1928
964 865 59 30 års
1049 865 356 38 bevillningsutskott
1431 871 12 30 i
1469 871 64 32 sitt
1560 873 224 34 betänkande

281 914 43 20 nr
344 905 37 30 33
401 906 214 39 framhållit,
636 909 107 33 borde
763 912 62 32 vid
844 923 43 21 en
906 915 114 31 sådan
1040 925 98 23 mera
1159 918 177 37 ingående
1356 923 179 36 prövning
1556 925 96 31 hava
1672 927 111 36 tagits

281 956 112 31 under
419 960 168 31 närmare
614 963 257 36 övervägande.
920 966 194 33 Skatterna
1142 969 99 37 finge
1269 971 33 36 ej
1330 972 111 32 heller
1468 978 161 34 avvägas
1656 979 46 34 på
1729 979 53 31 så-

280 1007 87 32 dant
390 1010 82 35 sätt,
496 1011 54 31 att
574 1012 41 31 de
637 1015 230 32 motverkade
890 1013 363 48 kapitalbildningen.

319 1059 18 30 I
358 1060 181 32 motionen
559 1073 42 21 nr
622 1064 57 30 232
700 1065 12 30 i
734 1067 114 31 andra
867 1067 212 34 kammaren
1099 1071 76 37 har,
1198 1074 114 31 under
1334 1075 220 39 hänvisning
1576 1079 127 33 främst
1725 1082 57 31 till

279 1110 42 31 de
344 1111 114 32 hårda
480 1114 134 31 sociala
636 1117 268 37 verkningarna
929 1130 46 21 av
998 1121 142 32 skatten
1162 1127 93 29 samt
1278 1126 58 31 till
1359 1128 287 34 önskvärdheten
1669 1134 53 30 att
1747 1134 33 36 ej

277 1164 185 30 motverka
486 1165 361 41 kapitalbildningen,
871 1171 127 36 yrkats
1023 1174 124 37 avslag
1171 1177 20 29 å
1215 1178 277 35 propositionen.

318 1264 124 37 Enligt
470 1267 192 33 utskottets
690 1271 145 37 mening
861 1274 115 30 måste
1004 1275 59 30 det
1090 1286 102 22 anses
1218 1277 130 38 riktigt
1376 1281 65 31 och
1467 1283 159 37 rättvist,
1654 1286 54 31 att
1736 1296 44 21 en

277 1315 56 31 del
355 1327 46 20 av
423 1318 59 30 det
506 1319 111 31 ökade
640 1320 243 40 skattebehov,
906 1334 76 22 som
1006 1328 163 35 uppstått
1194 1337 127 27 genom
1345 1332 56 31 det
1427 1333 224 34 försämrade
1675 1339 104 30 stats-

278 1364 204 35 finansiella
519 1367 104 40 läget,
662 1373 120 32 täckes
817 1382 126 27 genom
978 1375 153 38 höjning
1166 1390 46 21 av
1235 1381 70 31 den
1329 1381 142 35 direkta
1495 1385 284 40 beskattningen.

276 1416 122 35 Under
423 1419 224 38 åberopande
670 1424 114 32 härav
809 1427 65 31 har
898 1429 174 33 utskottet
1099 1431 74 32 icke
1200 1432 122 33 funnit
1346 1436 108 35 något
1478 1440 56 30 att
1562 1439 120 32 erinra
1706 1443 74 29 mot

277 1472 53 31 att
356 1472 113 33 denna
493 1472 230 41 beskattning
748 1478 145 37 skärpes
917 1482 48 35 så,
989 1484 55 30 att
1069 1484 222 33 statskassan
1314 1487 210 37 därigenom
1550 1491 152 33 tillföres
1721 1494 59 31 det

277 1523 359 41 merinkomstbelopp
675 1539 48 21 av
765 1531 167 36 omkring
971 1535 38 29 12
1038 1534 164 38 miljoner
1230 1538 140 37 kronor,
1400 1551 74 21 som
1501 1543 278 36 departements-

276 1574 125 33 chefen
419 1580 118 31 ansett
556 1580 163 37 skäligen
738 1582 87 32 böra
844 1585 146 35 uttagas
1011 1589 47 34 på
1078 1587 113 34 denna
1211 1592 81 34 väg.

313 1629 70 32 Vid
409 1632 250 36 övervägande
685 1644 46 21 av
758 1635 130 37 frågan
915 1648 57 20 om
999 1640 98 31 detta
1124 1642 125 36 belopp
1275 1643 195 38 lämpligen
1498 1647 62 31 bör
1587 1649 189 32 anskaffas

272 1688 127 27 genom
418 1683 152 37 höjning
592 1695 46 21 av
660 1686 57 32 det
739 1690 200 33 procenttal
960 1701 47 20 av
1026 1693 301 39 grundbeloppen,
1349 1699 148 31 varmed
1519 1699 169 33 inkomst-
1711 1701 65 33 och

272 1732 408 38 förmögenhetsskatten
697 1740 152 37 uttages,
868 1741 85 31 eller
973 1744 117 31 såsom
1108 1745 12 30 i
1139 1746 266 36 propositionen
1425 1750 206 38 föreslagits
1650 1761 125 28 genom

272 1794 44 21 en
337 1787 155 32 särskild
513 1788 106 37 skatt,
641 1800 74 21 som
738 1791 255 35 företrädesvis
1015 1796 133 31 träffar
1171 1797 282 39 inkomsttagare
1476 1803 12 30 i
1512 1803 41 32 de
1576 1804 127 36 högsta
1723 1806 51 30 in-

270 1836 248 39 komstlägena
539 1841 127 31 medan
687 1843 41 31 de
748 1843 181 36 juridiska
949 1856 217 26 personerna
1187 1851 65 30 och
1272 1851 269 40 skattskyldiga
1559 1856 13 30 i
1593 1857 41 31 de
1655 1858 119 36 lägsta

270 1888 300 35 inkomstskikten
599 1894 237 38 undantagas,
864 1897 67 31 har
960 1899 174 32 utskottet
1161 1903 46 34 på
1237 1902 41 31 de
1305 1914 45 20 av
1380 1905 394 36 departementschefen

270 1941 152 32 anförda
447 1942 124 32 skälen
595 1945 152 32 anslutit
772 1947 55 36 sig
853 1948 58 31 till
935 1949 225 34 sistnämnda
1186 1953 147 38 förslag.
1380 1956 70 32 För
1475 1959 55 31 att
1555 1960 148 32 medelst
1729 1972 44 21 en

269 1992 150 37 höjning
441 2004 46 21 av
509 1998 236 33 procenttalet
768 1999 138 32 tillföra
928 2003 217 31 statsverket
1167 2005 58 32 det
1247 2007 241 38 erforderliga
1507 2010 173 39 beloppet,
1702 2013 69 32 ble-

270 2054 41 21 ve
332 2045 58 32 det
411 2046 223 38 nödvändigt
655 2050 53 31 att
731 2050 84 36 höja
836 2052 98 31 detta
955 2055 82 31 med
1058 2055 36 30 15
1116 2056 145 32 enheter
1284 2060 125 30 utöver
1431 2062 72 31 vad
1524 2063 13 30 i
1559 2064 211 32 statsverks-

267 2097 269 36 propositionen
557 2100 214 37 föreslagits.
814 2103 126 32 Såsom
961 2115 46 21 av
1029 2106 68 31 den
1120 2107 60 32 vid
1203 2109 99 31 detta
1322 2110 225 35 betänkande
1569 2115 128 36 fogade
1720 2118 50 30 ta-

269 2147 69 32 bell
362 2150 18 29 1
406 2149 173 38 framgår,
606 2152 114 32 skulle
747 2164 44 21 en
817 2156 113 31 sådan
958 2156 151 38 höjning
1136 2160 68 31 öka
1231 2161 256 34 skattebördan
1516 2166 56 31 för
1600 2167 169 32 inkomst-

267 2201 153 34 tagarna
441 2202 14 30 i
477 2202 41 31 de
539 2202 100 37 lägre
659 2204 301 35 inkomstskikten
979 2210 66 30 och
1067 2213 91 28 även
1179 2212 56 31 för
1257 2213 267 40 skattskyldiga
1544 2218 12 30 i
1579 2219 41 31 de
1642 2220 126 31 medel-

266 2252 98 30 stora
383 2252 286 39 inkomstlägena
701 2257 161 32 medföra
885 2269 44 21 en
950 2261 110 36 något
1082 2264 113 30 större
1218 2264 254 40 skatteökning
1493 2271 47 28 än
1563 2270 67 31 den
1652 2274 116 29 extra-

266 2303 170 33 ordinära
455 2305 286 39 beskattningen.
780 2310 183 32 Utskottet
983 2312 66 31 har
1068 2314 148 32 särskilt
1236 2317 95 31 velat
1350 2318 205 38 framhålla,
1575 2323 53 30 att
1645 2325 122 29 nämn-

266 2351 47 32 da
335 2352 283 41 inkomsttagare
640 2359 148 32 relativt
813 2365 90 29 mest
926 2362 181 34 kännbart
1131 2366 98 33 torde
1254 2368 152 34 drabbas
1429 2381 46 20 av
1498 2371 43 32 de
1565 2371 203 39 höjningar,

268 2414 73 22 som
360 2409 61 34 ägt
439 2418 82 21 rum
539 2410 12 31 i
571 2411 103 36 fråga
692 2422 57 21 om
766 2413 69 31 den
853 2414 181 34 indirekta
1051 2417 274 38 beskattningen
1344 2422 63 31 och
1428 2433 46 21 av
1492 2423 66 31 den
1576 2427 161 36 stegring
1756 2427 11 31 i

266 2457 68 33 den
352 2460 227 34 kommunala
600 2463 296 38 utdebiteringen,
919 2478 75 21 som
1013 2468 72 32 kan
1102 2472 129 30 väntas
1250 2472 143 33 komma
1412 2476 52 30 att
1485 2477 68 34 äga
1574 2487 78 22 rum
1673 2479 95 31 inom
