1894 2814
271 173 38 29 14
737 173 227 27 Statsutskottets
987 172 146 28 utlåtande
1156 172 47 28 Nr
1227 173 67 28 145.

270 248 159 40 sättning,
464 249 49 29 att
547 247 66 30 den
648 258 39 19 av
710 246 42 31 de
776 246 211 42 sakkunniga
1009 247 197 40 ifrågasatta
1229 246 260 42 omläggningen
1513 257 40 20 av
1576 246 192 33 lönestatis-

269 290 93 31 tiken
395 290 133 30 komme
563 289 53 31 till
650 289 109 38 stånd,
794 290 44 39 på
861 289 41 31 de
926 288 191 32 statistiska
1139 288 166 41 byråerna
1329 289 108 31 skulle
1461 288 179 38 erfordras,
1664 289 103 40 jämte

269 331 252 42 byråcheferna,
545 331 73 41 fyra
641 331 105 31 förste
769 331 170 31 aktuarier
961 331 39 41 (B
1017 331 51 40 24)
1092 333 87 29 samt
1201 333 55 29 två
1272 331 169 31 aktuarier
1458 330 39 41 (B
1511 331 60 41 21).
1595 331 51 31 Av
1662 331 105 31 förste

270 374 214 31 aktuarierna
518 376 118 38 syntes
669 373 124 31 liksom
827 373 52 31 för
911 373 210 31 närvarande
1155 375 50 29 tre
1227 373 84 31 böra
1333 373 85 31 hava
1441 373 170 31 ordinarie
1635 373 134 31 anställ-

270 416 90 41 ning,
395 415 121 32 medan
551 415 65 31 den
650 415 108 41 fjärde
791 415 107 31 borde
920 416 136 30 kvarstå
1089 417 19 29 å
1142 417 93 29 extra
1268 417 77 30 stat.
1390 415 52 31 Då
1475 416 52 30 för
1560 415 209 31 närvarande

269 458 121 31 inalles
413 459 72 40 fyra
508 457 385 41 aktuariebefattningar
914 458 133 37 funnes,
1073 457 108 32 skulle
1204 459 56 29 två
1283 457 114 42 dylika
1419 457 230 42 befattningar
1671 476 39 3 —
1727 469 42 19 en

271 500 170 31 ordinarie
465 500 64 31 och
553 511 41 20 en
618 502 44 39 på
685 502 94 29 extra
802 501 69 29 stat
893 518 40 3 —
956 499 169 41 indragas.
1169 499 134 32 Jämväl
1325 499 65 32 vad
1412 500 275 31 kansliskrivare-
1703 499 64 31 och

269 542 358 41 biträdespersonalen
662 542 154 41 anginge,
852 544 117 39 syntes
1004 553 41 20 en
1079 542 71 31 viss
1184 542 246 40 inskränkning
1462 542 116 31 kunna
1601 544 61 39 äga
1685 553 83 20 rum.

271 584 67 32 För
372 584 208 31 närvarande
614 584 123 31 funnes
763 584 223 41 sammanlagt
1009 586 51 29 tre
1084 584 263 31 kansliskrivare
1370 584 66 41 (två
1458 584 172 31 ordinarie
1653 584 117 31 befatt-

271 627 128 41 ningar,
434 627 102 31 därav
569 638 42 20 en
635 627 132 37 vakant,
798 629 88 28 samt
909 637 40 20 en
974 629 93 28 extra
1091 626 189 41 ordinarie),
1305 627 66 31 fem
1395 626 269 31 kanslibiträden
1688 626 82 42 (fyra

272 669 170 31 ordinarie
476 669 64 31 och
575 680 41 19 en
651 671 93 29 extra
778 668 170 32 ordinarie
982 668 210 41 befattning),
1227 669 66 30 fem
1318 668 168 32 ordinarie
1511 669 64 30 och
1600 669 53 41 sju
1677 671 93 29 extra

272 712 170 30 ordinarie
465 711 311 37 kontorsbiträden,
801 712 49 30 ett
873 710 170 32 ordinarie
1068 710 224 32 skrivbiträde
1315 713 88 29 samt
1424 713 48 29 tre
1489 713 95 29 extra
1601 711 169 31 ordinarie

273 753 258 32 skrivbiträden.
576 753 220 31 Beträffande
829 753 112 31 denna
974 753 160 41 personal
1167 753 87 31 hade
1282 753 42 31 de
1349 753 210 41 sakkunniga
1582 753 113 31 funnit
1718 753 53 41 sig

272 796 83 31 böra
389 796 123 31 föreslå
545 795 205 42 indragning
784 807 39 19 av
857 795 65 31 den
957 798 93 28 extra
1078 795 169 31 ordinarie
1271 795 498 41 kansliskrivarebefattningen

274 841 87 28 samt
389 849 39 20 av
462 849 41 20 en
537 837 286 38 kanslibiträdes-,
859 839 55 29 två
946 837 317 38 kontorsbiträdes-,
1298 840 56 29 två
1382 840 92 29 extra
1499 838 170 31 ordinarie
1692 839 79 30 kon-

273 880 236 31 torsbiträdes-
543 880 65 31 och
642 891 41 20 en
718 881 94 30 extra
838 879 170 31 ordinarie
1032 879 445 41 skrivbiträdesbefattning.
1531 880 18 30 I
1573 880 41 31 de
1638 882 18 28 å
1686 880 86 31 ordi-

274 923 93 30 narie
401 922 82 31 eller
506 924 94 29 extra
623 924 68 29 stat
714 921 162 32 anvisade
899 921 161 42 anslagen
1084 921 53 31 till
1160 922 298 41 upprätthållande
1482 933 40 20 av
1547 922 224 41 socialstyrel-

275 976 79 20 sens
387 965 216 31 verksamhet
636 964 110 31 skulle
779 964 210 41 följaktligen
1023 964 53 31 för
1099 963 42 31 de
1165 964 190 31 statistiska
1378 964 165 41 byråerna
1565 964 205 31 inberäknas

275 1007 110 31 medel
418 1007 52 31 för
503 1007 144 31 allenast
680 1008 56 29 två
758 1006 273 38 kansliskrivare,
1057 1008 50 29 tre
1131 1006 170 31 ordinarie
1325 1006 63 31 och
1412 1008 48 30 ett
1483 1008 93 29 extra
1601 1006 170 31 ordinarie

274 1049 254 38 kanslibiträde,
563 1051 51 28 tre
649 1048 170 31 ordinarie
854 1048 63 31 och
950 1048 66 31 fem
1051 1050 95 29 extra
1179 1048 170 31 ordinarie
1383 1049 311 38 kontorsbiträden,
1723 1051 49 29 ett

275 1092 170 30 ordinarie
479 1092 63 30 och
577 1093 55 29 två
667 1093 93 28 extra
789 1090 169 31 ordinarie
982 1090 260 31 skrivbiträden.
1288 1090 128 31 Därvid
1440 1093 117 39 syntes
1582 1091 190 31 emellertid

274 1135 83 30 böra
380 1134 128 31 erinras
543 1144 54 20 om
632 1133 42 31 de
708 1132 229 42 sakkunnigas
971 1144 82 29 nyss
1077 1132 119 42 gjorda
1218 1133 184 37 uttalande,
1427 1136 48 28 att
1498 1134 66 30 den
1588 1134 53 30 för
1664 1135 108 29 större

275 1176 191 31 statistiska
504 1174 351 42 specialutredningar
892 1174 138 32 särskilt
1067 1175 220 41 erforderliga
1328 1175 201 31 biträdande
1567 1176 204 41 personalen

275 1219 106 31 borde
404 1218 139 31 avlönas
566 1217 147 32 medelst
735 1217 52 31 för
810 1217 90 41 varje
923 1219 87 39 gång
1032 1217 53 31 för
1107 1218 192 30 ändamålet
1321 1217 160 31 anvisade
1505 1218 121 31 medel.

327 1268 218 32 Beträffande
569 1268 42 31 de
636 1267 230 42 sakkunnigas
890 1267 126 41 förslag
1038 1267 175 41 angående
1236 1279 45 19 nu
1305 1268 253 40 ifrågavarande
1575 1268 122 42 byråer
1712 1269 62 30 har

275 1318 376 43 departementschefen
676 1318 111 31 anfört
810 1318 161 41 följande:

331 1371 35 30 »I
389 1370 107 31 likhet
519 1369 77 31 med
619 1368 418 41 besparingssakkunniga
1049 1370 36 29 är
1096 1368 57 41 jag
1168 1379 39 20 av
1223 1369 65 30 den
1305 1368 274 42 uppfattningen,
1597 1371 49 29 att
1662 1371 110 40 någon

275 1420 311 41 sammanslagning
619 1431 40 19 av
693 1419 295 41 socialstyrelsens
1022 1418 191 31 statistiska
1245 1419 122 41 byråer
1399 1419 71 31 icke
1503 1420 185 41 lämpligen
1712 1421 63 30 bör

275 1474 61 39 äga
358 1483 84 19 rum.
487 1470 249 41 Utvecklingen
771 1471 19 29 å
822 1470 220 30 förevarande
1077 1469 137 31 område
1248 1470 97 31 torde
1368 1470 86 31 klart
1476 1470 86 31 hava
1586 1470 185 42 ådagalagt,

275 1524 49 29 att
351 1522 140 31 vardera
518 1532 39 20 av
581 1520 102 32 dessa
705 1521 121 40 byråer
849 1520 60 30 har
933 1520 74 30 sina
1030 1520 162 41 speciella
1215 1520 298 41 arbetsuppgifter,
1538 1520 91 31 vilka
1651 1521 11 30 i
1686 1524 86 28 stort

276 1574 67 29 sett
366 1572 77 31 med
466 1571 109 32 fördel
597 1571 116 31 kunna
736 1570 64 31 och
823 1570 84 31 böra
930 1570 185 40 särskiljas.
1153 1570 69 31 Det
1245 1571 190 31 statistiska
1457 1571 133 31 arbetet
1612 1573 36 29 är
1671 1572 102 31 också

276 1625 18 28 å
327 1623 140 31 vardera
500 1633 40 20 av
573 1621 167 42 byråerna
773 1632 39 20 av
847 1621 65 31 den
940 1620 205 41 omfattning
1172 1621 62 30 och
1257 1621 186 41 betydelse,
1461 1623 49 29 att
1526 1621 184 41 ledningen
1733 1633 40 20 av

275 1673 189 31 detsamma
496 1673 64 31 bör
594 1671 293 32 omhänderhavas
921 1683 39 19 av
994 1682 41 20 en
1069 1671 169 41 byråchef.
1285 1671 217 31 Härutinnan
1530 1672 98 31 torde
1651 1672 42 31 de
1719 1672 54 32 be-

276 1724 222 41 gränsningar
531 1734 40 19 av
605 1722 312 37 socialstatistiken,
952 1732 72 21 som
1059 1722 104 30 redan
1197 1722 169 31 beslutats
1394 1722 79 31 eller
1495 1722 94 31 inom
1614 1723 65 30 den
1703 1725 70 28 när-

276 1776 108 29 maste
415 1774 93 31 tiden
543 1775 54 28 må
630 1773 114 30 kunna
777 1772 163 41 vidtagas,
975 1772 73 31 icke
1079 1772 135 30 komma
1237 1774 49 29 att
1309 1772 150 31 medföra
1482 1775 111 38 någon
1618 1773 152 41 ändring.

277 1825 81 31 Med
381 1825 132 40 hänsyn
537 1824 115 30 härtill
687 1834 101 30 synes
822 1823 70 41 mig
918 1824 110 39 någon
1052 1822 184 41 anledning
1259 1825 49 28 att
1334 1823 170 31 bibehålla
1526 1823 204 41 byråchefen
1755 1826 18 29 å

276 1876 102 30 femte
401 1875 106 41 byrån
532 1876 42 39 på
598 1876 94 29 extra
726 1876 68 29 stat
827 1873 72 31 icke
934 1884 91 20 mera
1047 1873 172 41 föreligga,
1251 1873 63 31 och
1340 1874 56 40 jag
1419 1874 48 30 får
1489 1873 116 32 därför
1628 1874 143 38 förorda,

277 1928 49 28 att
349 1925 146 31 nämnde
518 1924 335 41 befattningshavare
877 1935 45 19 nu
946 1923 172 31 överföres
1141 1923 52 31 till
1216 1923 65 31 den
1306 1923 169 32 ordinarie
1499 1926 122 29 staten.

329 1976 75 32 Vad
438 1977 102 39 angår
573 1975 203 41 personalen
810 1974 11 31 i
845 1974 109 41 övrigt
977 1976 18 28 å
1018 1974 102 31 dessa
1142 1974 120 40 byråer
1284 1973 65 32 kan
1371 1974 56 41 jag
1449 1975 10 29 i
1482 1975 135 41 princip
1640 1976 134 30 ansluta

278 2026 67 42 mig
379 2026 51 31 till
462 2026 41 31 de
538 2025 230 41 sakkunnigas
801 2025 11 30 i
847 2026 113 29 ämnet
989 2024 212 31 framställda
1223 2024 134 41 förslag.
1405 2025 151 31 Sålunda
1580 2036 102 31 synas
1705 2026 68 41 mig

278 2076 231 42 övervägande
543 2076 73 31 skäl
650 2075 67 31 tala
750 2075 52 31 för
835 2077 50 29 att
907 2075 65 31 den
995 2074 324 41 biträdespersonal,
1345 2086 72 20 som
1441 2075 170 31 erfordras
1635 2076 51 31 för
1709 2079 64 38 sty-

277 2128 130 31 relsens
431 2127 168 41 egentliga
627 2125 423 42 specialundersökningar
1073 2137 40 19 av
1136 2125 148 41 tillfällig
1307 2128 108 35 natur,
1440 2126 71 31 icke
1536 2126 144 31 erhåller
1703 2138 70 29 per-

278 2179 137 29 manent
438 2177 208 41 anställning
675 2176 63 31 hos
763 2175 167 42 styrelsen
954 2177 80 29 utan
1058 2175 163 31 anställes
1244 2175 138 31 särskilt
1405 2176 50 31 för
1477 2177 91 40 varje
1591 2176 183 32 undersök-

278 2229 82 40 ning
383 2228 63 31 och
469 2228 139 30 avlönas
631 2238 40 20 av
694 2227 52 31 för
768 2226 320 41 undersökningens
1112 2225 178 32 utförande
1314 2226 159 31 anvisade
1496 2227 121 31 medel.
1653 2227 120 31 Denna

277 2279 191 41 anordning
491 2278 131 31 medför
645 2278 104 30 bland
772 2279 103 29 annat
898 2277 65 31 den
986 2276 163 38 fördelen,
1174 2278 49 29 att
1244 2276 229 32 kostnaderna
1493 2278 52 30 för
1560 2278 92 40 varje
1669 2278 104 31 sådan

278 2329 257 41 undersökning
557 2329 68 30 låta
649 2328 52 41 sig
724 2339 92 20 mera
839 2327 98 31 exakt
959 2327 158 31 beräkna.

329 2380 67 31 Vid
430 2379 257 32 bestämmande
720 2390 39 19 av
793 2378 58 31 det
884 2378 90 31 antal
1007 2377 343 41 befattningshavare,
1387 2389 72 20 som
1489 2378 56 31 vid
1570 2381 49 29 ett
1641 2390 131 30 genom-

278 2430 140 32 förande
452 2441 39 19 av
526 2429 222 32 omförmälda
781 2428 191 41 anordning
1003 2428 66 31 kan
1100 2438 100 21 anses
1223 2428 91 31 bliva
1337 2428 208 42 överflödigt,
1570 2440 102 30 synes
1696 2441 76 20 man

279 2480 189 32 emellertid
491 2480 83 31 böra
596 2480 129 41 framgå
756 2479 77 31 med
856 2490 41 20 en
920 2478 70 32 viss
1013 2478 225 42 försiktighet.
1283 2479 66 40 Jag
1371 2479 64 31 kan
1459 2479 114 32 därför
1595 2480 74 31 icke
1692 2481 81 31 före-
