2180 2610
771 161 250 31 Statsutskottets
1043 160 164 32 utlåtande
1229 160 53 31 Nr
1305 162 28 30 7.
1772 160 42 31 35

738 359 83 37 De
850 359 191 48 kungl.
1069 361 302 36 teatrarna.

254 567 61 47 56,
346 568 44 34 57
421 566 72 37 och
522 567 47 35 58
598 565 137 50 gjorda
762 566 278 50 framställning
1067 567 70 37 och
1165 567 119 36 under
1310 567 231 48 hänvisning
1567 567 57 36 till
1647 567 73 36 vad
1740 572 112 32 stats-

253 618 312 50 rådsprotokollet
606 617 83 49 (sid.
736 618 215 49 164—165)
992 619 11 35 i
1045 624 126 31 ämnet
1205 618 215 48 innehåller,
1451 619 57 36 får
1535 619 186 36 utskottet
1747 620 105 36 hem-

253 670 119 48 ställa,

356 1653 98 49 56:0)

901 758 6 5 s
1244 758 6 5 so
1310 757 6 6 äs
1751 758 6 6 ö
1889 738 33 21 [5

783 762 56 31 att
878 757 207 49 riksdagen
1127 759 72 45 må,
1241 771 12 22 i
1293 756 118 37 likhet
1447 756 86 37 med
1560 757 74 36 vad
1667 757 54 36 för
1748 771 105 23 inne-

653 808 165 37 varande
841 811 40 34 år
909 814 66 43 ägt
1002 823 96 32 rum,
1127 811 49 46 på
1205 814 104 31 extra
1336 813 74 32 stat
1437 808 59 36 för
1522 811 42 33 år
1594 810 95 35 1917
1720 809 132 37 anvisa

756 859 35 48 a)
820 861 57 36 till
905 861 189 48 gäldande
1122 874 47 22 av
1196 862 215 44 årspremier
1431 861 66 44 för
1526 861 325 46 brandförsäkring

654 926 42 23 av
725 914 324 44 operabyggnaden
1078 914 62 35 och
1169 914 223 35 dramatiska
1421 916 157 33 teaterns
1606 914 166 44 byggnad
1799 918 53 31 ett

655 964 134 48 anslag
816 978 46 22 av
891 965 139 46 40,176
1060 964 161 49 kronor:

782 1015 37 49 b)
848 1016 58 35 till
935 1015 188 50 gäldande
1151 1029 47 23 av
1225 1018 195 44 årspremie
1441 1016 67 44 för
1527 1016 324 47 brandförsäkring

652 1081 43 23 av
736 1072 116 33 staten
891 1069 173 46 tillhörig,
1093 1070 13 33 i
1143 1069 320 45 operabyggnaden
1486 1068 182 44 förvarad
1697 1069 154 45 lösegen-

651 1122 79 34 dom
758 1124 56 32 ett
841 1120 135 48 anslag
1003 1133 46 22 av
1078 1120 112 47 3,668
1219 1120 152 45 kronor;

781 1171 33 49 c)
844 1171 56 36 till
929 1171 189 49 gäldande
1147 1185 47 22 av
1222 1173 195 44 årspremie
1436 1172 67 43 för
1523 1171 328 47 brandförsäkring

652 1236 43 23 av
734 1227 118 32 staten
894 1224 173 44 tillhörig,
1097 1225 13 33 i
1151 1224 220 35 dramatiska
1399 1227 156 33 teaterns
1585 1224 163 45 byggnad
1769 1224 82 43 för-

650 1276 116 34 varad
794 1275 219 45 lösegendom
1041 1279 53 31 ett
1122 1274 136 49 anslag
1285 1287 46 23 av
1361 1276 110 45 1,735
1499 1274 154 46 kronor;

780 1326 86 36 med
894 1331 76 31 rätt
999 1325 57 36 för
1085 1325 143 49 Kungl.
1257 1325 107 49 Maj:t
1388 1331 53 31 att
1459 1326 117 36 redan
1596 1326 254 36 innevarande

650 1381 40 32 år
718 1377 200 50 disponera
945 1377 162 36 berörda
1133 1377 139 49 belopp
1301 1380 21 33 å
1348 1377 158 50 tillhopa
1533 1379 139 46 45,579
1701 1377 147 37 kronor.

925 1532 248 38 Diverse.

509 1653 141 49 Kungl.
685 1653 110 48 Maj:t
823 1654 67 35 har
918 1654 12 35 i
958 1655 124 46 punkt
1111 1656 46 34 59
1188 1667 46 23 av
1262 1653 239 37 huvudtiteln
1529 1653 199 49 föreslagit
1753 1654 98 36 riks-

251 1707 124 48 dagen
403 1710 56 32 att
486 1704 91 49 höja
604 1705 63 36 det
695 1705 188 36 ordinarie
912 1704 342 49 förslagsanslaget
1282 1704 56 37 till
1365 1705 213 48 ersättning
1602 1705 57 36 till
1678 1705 174 37 städerna

252 1758 59 37 för
338 1757 137 37 mistad
503 1757 117 48 tolag,
650 1769 50 23 nu
730 1757 203 46 3,000,000
960 1756 151 47 kronor,
1128 1756 86 37 med
1234 1757 163 46 500,000
1416 1755 141 37 kronor
1575 1756 58 36 till
1649 1757 202 47 3,500,000

253 1809 149 37 kronor.

380 1860 265 48 Utredningen
681 1859 13 36 i
722 1859 154 37 ärendet
904 1860 201 36 återfinnes
1134 1862 20 33 å
1182 1859 68 37 sid.
1283 1861 70 35 166
1383 1859 12 36 i
1424 1859 425 50 statsrådsprotokollet.

382 1963 206 48 Utskottet,
618 1976 79 24 som
727 1963 82 36 icke
836 1962 83 37 haft
947 1966 118 45 något
1093 1969 53 30 att
1166 1963 122 36 erinra
1307 1968 79 31 mot
1404 1962 143 49 Kungl.
1569 1962 125 49 Maj:ts
1713 1964 140 48 ifråga-

253 2014 165 36 varande
447 2014 293 48 framställning,
769 2014 228 46 hemställer,

782 2103 53 31 att
876 2098 207 48 riksdagen
1123 2102 59 32 må
1224 2099 88 48 höja
1353 2099 62 36 det
1455 2099 188 36 ordinarie
1673 2099 179 49 förslags-

654 2149 173 49 anslaget
871 2150 57 35 till
970 2152 200 44 ersättning
1208 2151 57 35 till
1300 2152 172 35 städerna
1494 2151 68 44 för
1588 2152 131 35 mistad
1747 2152 105 44 tolag,

651 2214 51 22 nu
734 2201 203 47 3,000,000
959 2200 152 48 kronor,
1131 2201 85 36 med
1248 2202 161 46 500,000
1424 2202 141 35 kronor
1579 2202 56 35 till
1652 2202 202 47 3,500,000

652 2252 147 36 kronor.

383 514 99 48 55:0)
537 514 86 36 Med
652 514 264 50 tillstyrkande
943 529 47 22 av
1017 515 107 36 bifall
1152 515 56 36 till
1236 515 142 48 Kungl.
1407 515 127 49 Maj:ts
1561 515 56 36 uti
1640 516 212 49 punkterna
1877 526 193 30 Brandförsäk-

1871 562 59 30 ring
1943 569 31 16 av
1986 569 90 23 opera-

1873 597 151 30 byggnaden
2031 597 46 23 och

1893 631 162 24 dramatiska

1872 668 113 22 teaterns
2001 667 76 32 bygg-

1896 702 53 23 nad
1966 710 33 17 m.
2017 710 34 15 m.

1871 1658 156 31 Ersättning
2035 1658 42 24 till

1884 1693 123 24 städerna
2025 1694 43 29 för

1881 1727 95 24 mistad
1997 1728 78 31 tolag.

1921 1763 93 46 [59.3
