1924 2844
112 1028 143 24 Utskottets

114 1064 133 30 yttrande.

343 168 18 29 8
648 168 415 37 Bevillningsutskottets
1085 167 222 33 betänkande
1328 168 53 31 Nr
1405 167 52 30 40.

299 263 45 21 av
369 253 208 36 skogsmark
602 253 74 30 icke
701 253 192 31 bekommit
909 253 111 30 större
1037 253 210 35 gottgörelse
1264 255 44 28 än
1326 254 117 34 10,000
1460 253 140 37 kronor,
1617 255 92 30 samt
1725 254 84 31 ned-

299 306 89 30 satte
405 305 13 30 i
434 304 89 37 följd
548 304 108 31 därav
680 304 40 31 de
744 304 199 36 klaganden
967 305 113 30 åsatta
1097 305 252 35 taxeringarna
1365 305 55 30 för
1436 305 166 31 inkomst.
1641 305 165 32 Däremot

299 356 185 31 taxerades
519 356 201 36 klaganden
754 357 75 30 icke
864 356 55 31 för
943 355 65 31 den
1033 356 54 31 del
1111 366 44 20 av
1180 356 284 36 köpeskillingen
1488 357 54 30 för
1565 357 132 36 skogen
1721 357 85 31 eller

300 409 117 35 27,979
442 408 140 35 kronor,
606 418 74 21 som
703 408 189 36 uppburits
916 418 45 20 av
986 408 87 30 hans
1098 408 97 30 barn.
1234 408 75 30 Två
1333 408 246 36 regeringsråd
1604 419 84 21 voro
1704 409 103 31 emel-

299 460 107 31 lertid
442 460 208 36 skiljaktiga
685 460 61 31 och
781 460 129 35 ansågo
945 460 294 30 kammarrättens
1274 460 118 36 utslag
1417 460 12 30 i
1452 460 222 31 sistnämnda
1697 461 109 31 målet

300 512 83 31 böra
418 513 138 29 lämnas
580 513 86 29 utan
691 511 161 37 ändring.
899 512 56 30 Av
980 511 40 31 de
1043 511 148 31 anförda
1214 512 183 35 exemplen
1422 512 211 36 framginge,
1657 514 53 29 att
1733 513 75 36 gäl-

299 564 104 30 lande
439 564 347 35 skattelagstiftning
821 564 119 30 bruste
964 564 12 29 i
1000 563 176 36 tydlighet
1200 564 12 30 i
1236 563 230 31 förevarande
1501 564 205 31 hänseende.
1751 564 56 31 Då

299 616 58 30 det
391 616 73 30 ofta
499 615 116 37 gällde
647 615 138 36 mycket
814 615 196 31 avsevärda
1032 615 135 36 belopp,
1193 625 73 21 som
1289 616 44 35 på
1357 615 116 36 dylikt
1496 618 70 28 sätt
1590 616 117 31 kunde
1731 617 74 30 obe-

299 667 149 36 hörigen
482 667 250 36 undandragas
757 667 240 35 beskattning,
1020 676 83 21 vore
1128 666 56 31 det
1208 667 198 36 angeläget,
1430 669 53 29 att
1508 668 11 30 i
1542 668 265 36 skattelagarna

299 719 157 31 infördes
492 719 129 36 tillägg
656 719 85 30 eller
776 718 288 37 förtydliganden
1099 728 45 21 av
1180 718 108 31 sådan
1320 719 183 35 innebörd,
1536 721 52 29 att
1621 720 117 31 intäkt
1760 730 47 20 av

300 771 198 37 skogsbruk
520 771 115 31 skulle
659 771 188 35 beskattas,
871 781 84 20 vare
979 770 54 36 sig
1057 770 317 36 fastighetsägaren
1398 771 94 35 själv
1515 771 95 31 sålde
1633 772 64 30 och
1721 774 86 28 mot-

300 825 80 34 toge
403 823 184 36 betalning
612 823 55 30 för
690 823 131 35 skogen
845 823 86 30 eller
954 822 70 31 han
1043 831 125 27 genom
1184 823 177 35 gåvobrev
1379 842 39 3 —
1436 823 270 36 stämpelbelagt
1721 824 87 30 eller

300 874 75 31 icke
399 895 39 3 —
456 875 166 30 överlåtit
646 874 130 36 skogen
800 875 45 35 på
869 876 54 29 rot
946 875 37 29 åt
1006 874 120 36 andra,
1151 884 73 21 som
1248 874 87 36 ägde
1359 877 53 28 att
1436 874 89 36 sälja
1549 875 259 36 avverknings-

302 928 115 29 rätten
441 927 63 30 och
528 928 156 34 mottaga
707 926 161 31 likviden
892 927 54 30 för
971 925 211 31 densamma.

344 1030 280 36 Tfrågavarande
659 1030 169 36 spörsmål
864 1030 64 30 har
963 1039 43 21 en
1040 1029 83 31 vida
1157 1031 110 29 större
1302 1030 169 31 räckvidd
1507 1032 44 28 än
1583 1040 75 21 som
1691 1030 116 31 direkt

302 1083 160 35 framgår
496 1092 45 20 av
575 1082 188 30 motionen.
809 1081 16 31 I
860 1081 201 31 densamma
1095 1081 63 30 har
1190 1082 133 30 berörts
1347 1081 151 31 allenast
1522 1082 126 36 frågan
1673 1092 55 21 om
1752 1083 57 30 be-

301 1134 186 36 skattning
521 1144 44 20 av
600 1134 155 30 inkomst
788 1142 125 27 genom
937 1133 206 31 överlåtelse
1166 1143 45 20 av
1235 1133 161 31 växande
1420 1134 97 36 skog,
1541 1134 43 30 då
1608 1134 201 36 fastighets-

301 1188 131 34 ägaren
468 1185 171 36 bortgivit
673 1185 131 36 skogen
838 1186 44 35 på
917 1188 53 27 rot
993 1185 58 30 till
1076 1185 87 30 barn
1187 1185 62 31 och
1273 1185 204 31 densamma
1500 1186 216 31 åtminstone
1738 1186 71 31 for-

301 1238 102 31 mellt
438 1238 88 30 först
560 1237 152 31 därefter
745 1238 178 35 avyttrats
958 1236 56 31 till
1048 1246 119 21 annan
1201 1247 135 26 person.
1387 1237 61 30 Ett
1481 1237 143 31 alldeles
1660 1238 146 30 likartat

301 1290 158 36 problem
483 1290 70 30 kan
577 1289 197 31 emellertid
798 1289 212 35 uppkomma
1034 1291 85 27 nära
1143 1297 68 27 nog
1228 1289 11 30 i
1257 1289 99 36 varje
1380 1289 76 35 fall,
1482 1289 42 30 då
1548 1289 155 36 tillgång
1720 1290 89 30 eller

301 1342 173 35 rättighet
508 1351 45 21 av
587 1343 108 28 natur
728 1342 53 29 att
804 1342 126 34 utgöra
954 1340 167 30 framtida
1145 1340 217 36 avkastning
1387 1341 21 29 å
1431 1350 44 20 av
1501 1341 147 35 givaren
1674 1341 132 31 utövad

300 1394 226 30 verksamhet
548 1393 85 30 eller
656 1392 163 35 tillhörig
843 1392 292 36 kapitaltillgång
1159 1392 177 35 bortgives
1360 1392 58 30 till
1443 1395 131 33 ägaren
1598 1393 211 31 närstående

299 1455 126 26 person
450 1446 11 30 i
486 1445 119 30 avsikt
639 1446 52 29 att
725 1444 72 30 låta
832 1445 219 34 mottagaren
1079 1453 125 26 genom
1228 1443 214 37 försäljning
1465 1454 45 20 av
1534 1444 57 31 det
1616 1445 190 36 bortgivna

299 1497 85 31 eller
419 1498 45 35 på
497 1499 109 28 annat
641 1497 70 30 sätt
745 1495 238 36 tillgodogöra
1016 1495 53 35 sig
1102 1495 248 36 ifrågakomna
1375 1496 228 36 avkastning.
1649 1496 159 32 Sålunda

298 1549 73 30 kan
405 1550 50 29 ett
491 1548 116 36 dylikt
641 1548 275 35 förfaringssätt,
951 1547 110 30 såvitt
1096 1547 112 36 gäller
1235 1550 103 33 ägare
1362 1548 86 30 eller
1473 1548 149 31 brukare
1647 1559 44 19 av
1716 1549 93 36 jord-

298 1600 293 36 bruksfastighet,
616 1599 181 31 användas
821 1599 30 36 ej
877 1599 90 31 blott
984 1599 12 30 i
1012 1599 102 35 fråga
1137 1609 56 20 om
1216 1599 85 36 skog
1327 1601 87 29 utan
1437 1600 136 35 jämväl
1589 1600 221 31 beträffande

299 1653 109 35 gröda
431 1653 87 30 eller
541 1652 110 31 andra
673 1651 395 36 jordbruksprodukter.
1102 1650 54 31 En
1181 1651 253 31 rörelseidkare
1459 1652 63 30 har
1546 1652 185 36 möjlighet
1754 1654 53 29 att

298 1704 151 36 vidtaga
483 1704 174 30 likartade
692 1703 163 36 åtgärder
890 1703 54 30 för
976 1704 51 29 att
1060 1702 119 37 undgå
1202 1703 95 31 skatt
1321 1703 54 31 för
1398 1703 102 36 eljest
1524 1704 284 36 uppkommande

298 1756 253 31 fabrikations-
586 1755 84 31 eller
705 1755 246 31 handelsvinst
986 1764 125 26 genom
1146 1756 52 29 att
1232 1755 165 35 bortgiva
1431 1756 97 30 vissa
1552 1756 10 30 i
1587 1756 88 31 hans
1711 1756 99 36 lager

298 1808 176 36 ingående
497 1817 114 21 varor.
646 1806 224 31 Beträffande
894 1806 175 37 egentliga
1093 1806 335 37 kapitaltillgångar
1445 1808 58 29 må
1520 1808 112 30 såsom
1650 1808 156 35 exempel

297 1859 224 36 framhållas,
545 1861 52 29 att
621 1861 103 33 ägare
748 1869 44 20 av
817 1858 235 36 obligationer
1075 1858 86 30 eller
1185 1858 114 31 aktier
1323 1859 70 30 kan
1417 1859 166 36 bortgiva
1607 1860 57 30 till
1684 1859 124 31 värde-

297 1921 179 27 papperen
499 1910 153 32 hörande
675 1911 194 35 kuponger,
893 1911 112 30 innan
1028 1911 103 29 ränta
1153 1910 86 30 eller
1261 1910 188 37 utdelning
1475 1911 104 31 blivit
1595 1911 213 36 tillgänglig

297 1964 56 30 för
388 1963 172 36 lyftning,
595 1962 206 36 varigenom
836 1963 220 34 mottagaren
1088 1961 150 32 erhåller
1261 1964 72 29 rätt
1356 1963 52 30 att
1431 1963 157 35 uppbära
1612 1962 67 32 den
1703 1965 102 29 ränta

298 2015 87 31 eller
419 2014 200 36 utdelning,
656 2014 123 31 vartill
814 2014 230 36 kupongerna
1077 2013 188 37 berättiga.
1310 2014 76 31 Den
1421 2014 305 37 omständigheten
1752 2017 56 29 att

297 2067 64 31 vid
384 2066 223 32 sistnämnda
630 2066 225 31 transaktion
878 2065 216 36 avkastning
1117 2065 86 31 eller
1226 2066 71 30 rätt
1320 2066 58 30 till
1402 2066 110 30 sådan
1534 2067 171 36 avskiljes
1726 2067 80 30 från

297 2119 117 36 själva
450 2118 212 36 tillgången,
697 2118 108 31 redan
840 2118 112 30 innan
986 2117 259 36 avkastningen
1269 2117 154 31 förfallit
1452 2118 58 30 till
1534 2119 184 36 betalning
1742 2119 64 30 och

295 2170 155 32 sålunda
488 2170 112 31 innan
638 2169 202 32 densamma
875 2169 12 31 i
922 2169 93 36 regel
1050 2168 124 37 plägar
1208 2171 124 34 utgöra
1367 2169 247 37 skattepliktig
1638 2171 170 36 inkomst,

298 2222 98 31 torde
419 2222 112 31 sakna
554 2222 187 36 betydelse.
780 2220 125 32 Därest
929 2220 231 31 överlåtelsen
1184 2221 92 31 skett
1292 2223 73 29 mot
1381 2221 178 37 vederlag,
1576 2222 116 31 skulle
1709 2224 99 29 näm-

298 2274 98 36 ligen
431 2273 300 37 skattskyldighet
765 2273 120 31 därför
917 2273 222 36 uppkommit
1172 2273 107 31 redan
1311 2282 127 28 genom
1461 2274 234 31 överlåtelsen
1718 2274 89 31 eller

299 2327 44 35 på
368 2326 118 36 grund
510 2335 45 21 av
578 2325 220 36 vederlagets
822 2324 237 36 mottagande.

341 2377 63 31 Ett
440 2376 267 37 näraliggande,
730 2377 113 31 ehuru
866 2376 33 36 ej
923 2376 86 31 fullt
1032 2376 148 31 likartat
1204 2376 182 37 spörsmål,
1411 2377 241 36 uppkommer,
1676 2377 63 31 där
1762 2386 45 22 en

299 2429 213 36 uppfinnare
545 2428 86 31 eller
665 2431 105 33 ägare
801 2438 45 21 av
870 2428 239 37 värdepapper
1134 2427 86 32 eller
1242 2428 111 31 andra
1375 2428 211 36 tillgångar,
1610 2429 101 30 vilka
1735 2429 71 31 han

297 2481 66 31 har
395 2480 188 37 möjlighet
606 2482 53 29 att
682 2482 143 36 avyttra
850 2479 78 32 med
952 2480 166 36 förtjänst
1142 2479 111 32 under
1274 2480 133 31 sådana
1431 2480 300 37 omständigheter
1754 2482 55 29 att
