2304 2744
455 200 98 27 Andra
581 201 178 26 Kammarens
785 201 159 36 Tillfälliya
972 202 122 27 Utskottz
1118 200 73 33 (N:o
1214 201 34 37 I)
1275 203 149 28 Utlåtande
1448 204 56 27 N:o
1528 203 46 29 19.
1736 210 29 24 11

218 286 75 38 ligen
320 286 93 30 blifva
436 296 93 29 någon
559 297 109 26 annan,
693 288 5 29 i
723 287 53 30 fall
801 288 115 30 antalet
941 289 32 28 af
998 289 75 36 dem,
1096 299 62 19 som
1179 289 74 31 efter
1274 290 95 40 atlagd
1392 291 274 31 medico-filosofisk
1687 302 123 20 examen

220 338 109 30 bereda
352 338 45 38 sig
420 338 43 29 till
491 338 141 30 medicine
658 339 300 35 kandidat-examen,
982 344 34 26 är
1039 341 118 39 mycket
1171 344 87 32 stort,
1278 339 96 32 såsom
1389 340 203 32 förhållandet
1610 347 32 26 är
1659 343 8 29 i
1687 344 124 39 Upsala,

219 390 51 28 der
294 389 92 38 enligt
410 394 119 24 senaste
554 390 246 39 studentkatalog
825 390 64 30 icke
914 391 112 30 mindre
1045 395 36 26 än
1101 392 57 29 100
1175 393 181 30 studerande
1377 393 91 30 hörde
1485 394 44 29 till
1550 395 97 29 denna
1669 396 142 38 kategori,

219 443 36 26 än
281 443 46 26 att
351 440 152 30 stadierna
529 440 152 40 förlängas
705 442 52 29 och
785 442 145 39 fördyras,
975 443 44 39 Ty
1044 440 37 32 då
1104 443 126 39 somliga
1254 445 32 28 af
1306 445 34 28 de
1365 444 184 30 medicinska
1568 445 244 39 undervisnings-

219 492 197 33 anstalterna,
450 497 20 24 t.
504 502 45 19 ex.
582 492 228 37 anatomisalen,
844 493 65 30 icke
945 494 146 38 medgifva
1128 495 159 38 samtidiga
1318 495 114 30 studier
1459 506 62 19 mer
1545 499 35 26 än
1606 498 43 28 för
1672 501 45 25 ett
1736 498 76 36 jem-

220 542 155 29 förelsevis
400 542 162 29 inskränkt
586 544 91 33 antal,
704 541 32 31 så
760 543 55 29 blir
837 544 122 38 följden,
984 549 43 24 att
1052 555 33 18 en
1111 545 44 29 del
1181 546 181 29 studerande
1385 547 113 36 nödgas
1522 548 37 36 ga
1582 547 52 29 och
1659 551 94 26 vänta
1775 548 35 39 på

218 593 118 29 tillfälle
361 593 41 29 till
429 593 228 34 undervisnings
682 594 179 30 erhållande.
910 595 181 39 Visserligen
1116 597 56 29 kan
1198 607 66 19 man
1293 596 45 30 vid
1363 595 109 32 sådant
1491 596 198 38 förhållande,
1707 608 103 29 genom

218 644 193 29 anordnande
444 645 32 28 af
503 654 34 19 en
564 644 60 29 viss
648 646 169 29 succession
843 646 6 28 i
875 647 248 39 undervisningen
1149 647 105 30 mellan
1280 648 52 29 och
1359 648 75 29 inom
1459 649 35 29 de
1518 649 147 30 särskilda
1689 649 119 31 institu-

217 696 139 29 tionerna
389 695 53 29 och
479 695 201 34 läroämnena,
714 696 7 29 i
757 706 93 28 nagon
876 695 67 32 mån
969 698 153 30 förmildra
1146 699 113 29 verkan
1284 699 33 29 af
1342 699 88 30 dessa
1453 700 200 39 olägenheter,
1679 711 63 20 men
1767 707 43 24 att

218 747 61 29 helt
304 746 54 29 och
383 744 94 32 bället
501 747 186 38 undanrödja
710 748 76 35 dem,
811 752 53 26 vär
887 749 54 29 allt
965 749 44 30 för
1034 759 105 29 manga
1164 750 150 39 lärjungar
1337 754 122 36 trängas
1483 761 45 19 om
1555 752 258 39 undervisningen,

218 798 85 28 torde
339 798 175 38 näppeligen
553 808 71 19 vara
659 799 122 38 möjligt.
827 799 62 30 Och
914 800 8 29 i
947 800 77 29 hvad
1050 800 48 30 fall
1130 811 61 19 som
1222 801 78 30 helst
1324 800 96 31 måste
1444 802 88 29 dessa
1557 803 254 30 nödfalls-anord-

221 849 103 37 ningar
356 848 81 38 lägga
471 853 42 25 ett
536 849 166 39 tryckande
727 850 78 29 band
830 849 37 39 på
890 851 172 30 studiernas
1087 852 88 29 frihet
1198 852 54 29 och
1276 857 43 25 ett
1343 853 103 29 hinder
1469 853 9 29 i
1502 857 93 35 vägen
1621 855 45 29 för
1689 855 34 29 de
1747 860 64 24 stu-

220 899 129 29 derande
373 904 43 24 att
446 897 38 41 på
509 904 41 25 ett
576 901 45 27 för
645 901 44 37 sig
712 899 249 40 ändamålsenligt
985 906 65 25 sätt
1074 903 169 29 bestämma
1266 901 113 40 gången
1404 904 33 28 af
1456 904 66 29 sina
1545 905 121 30 studier.

345 950 96 29 Dessa
475 950 192 38 olägenheter
701 951 95 30 skulle
830 957 65 24 ater
924 957 71 24 utan
1027 953 103 29 tvifvel
1156 953 5 29 i
1187 953 169 39 väsendtlig
1385 952 65 31 mån
1476 954 213 39 undanrödjas,
1713 956 100 30 derest

219 1001 35 28 de
290 1001 182 29 studerande
507 1001 75 38 finge
618 1001 115 30 tillfälle
764 1006 43 25 att
839 1004 87 28 äfven
952 1003 46 29 vid
1023 1003 181 30 Carolinska
1226 1004 153 30 institutet
1401 1003 145 40 genomgå
1568 1006 54 28 den
1647 1007 164 29 teoretiska

220 1052 183 29 lärokursen.
449 1052 45 39 Ty
529 1052 168 32 derigenom
732 1053 95 29 skulle
862 1053 166 39 säkerligen
1064 1065 33 18 en
1133 1055 44 28 del
1214 1056 31 27 af
1277 1055 75 32 dem,
1386 1055 100 30 heldre
1516 1059 36 26 än
1584 1060 46 25 att
1661 1060 91 26 vänta
1775 1055 37 40 på

220 1102 370 38 undervisningstillfällen
628 1103 46 29 vid
711 1104 218 30 universitetet.
967 1104 117 36 bevifva
1112 1106 44 36 sig
1186 1106 41 28 till
1260 1106 149 29 institutet
1435 1106 51 29 och
1512 1106 169 39 dymedelst
1704 1108 106 30 bereda

221 1150 73 31 både
320 1152 43 36 sig
388 1153 106 36 sjelfva
519 1153 51 29 och
597 1154 34 29 de
656 1154 226 38 qvarblifvande
908 1155 192 29 kamraterna
1124 1160 96 25 större
1245 1156 218 39 beqvämlighet
1489 1157 47 29 vid
1554 1158 257 39 undervisningen.

220 1204 115 29 Genom
367 1209 44 24 att
442 1202 124 31 salunda
593 1205 128 29 fördelas
745 1215 35 28 pa
807 1211 101 24 trenne
935 1206 134 29 läroverk
1095 1206 96 30 skulle
1216 1208 34 27 de
1275 1207 179 29 studerande
1479 1208 87 29 äfven
1591 1208 220 40 otvitvelaktigt

220 1255 110 28 erhålla
366 1264 34 20 cen
436 1255 206 39 sorgfälligare
679 1256 219 33 undervisning.
933 1258 71 28 enär
1037 1257 168 38 derigenom
1242 1258 68 29 tlere
1346 1258 94 30 lärare
1476 1262 36 26 än
1548 1259 44 29 för
1625 1260 186 29 närvarande

223 1306 115 28 komme
373 1311 45 24 att
453 1306 146 29 handleda
636 1307 75 28 dem.
757 1307 62 29 Och
852 1307 51 29 har
927 1307 159 30 Utskottet
1110 1313 99 24 ansett
1233 1309 44 38 sig
1301 1318 52 29 ega
1378 1310 84 28 desto
1487 1313 96 26 större
1606 1310 65 29 skäl
1696 1315 43 25 att
1764 1311 46 29 vid

221 1358 83 28 detta
332 1357 118 29 tillfälle
481 1355 161 31 framhalla
674 1358 50 28 det
754 1358 106 29 hittills
891 1359 101 29 alltför
1015 1359 120 38 mycket
1160 1360 170 29 förbisedda
1352 1361 137 35 intresse,
1513 1361 113 29 hvilket
1650 1361 35 29 de
1708 1362 104 29 stude-

221 1408 92 29 rande
337 1418 54 29 ega
415 1408 48 29 vid
488 1409 54 28 den
568 1408 185 30 medicinska
777 1409 268 39 undervisningens
1070 1411 161 30 ordnande,
1256 1420 62 20 som
1343 1411 83 29 detta
1446 1412 152 29 ordnande
1618 1412 47 30 väl
1685 1412 126 30 hufvud-

221 1459 148 38 sakligast
394 1460 53 28 bör
471 1460 64 28 afse
559 1459 87 30 deras
671 1461 95 28 bästa.

348 1510 85 29 Hvad
458 1510 137 37 slatligen
625 1509 176 31 Carolinska
823 1511 139 29 institutet
985 1512 100 38 angår,
1101 1512 57 29 kan
1185 1512 159 30 Utskottet
1367 1513 65 29 icke
1456 1510 98 42 undgå
1577 1517 44 25 att
1645 1511 168 38 framhålla,

220 1561 142 28 hurusom
388 1561 54 28 den
468 1571 36 19 nu
531 1561 129 29 varande
685 1562 200 37 anordningen
911 1560 105 32 måste,
1045 1563 63 29 med
1134 1563 140 29 afseende
1299 1568 38 32 på
1359 1563 178 36 detsamma,
1561 1573 88 20 anses
1673 1564 8 29 i
1704 1564 107 38 högsta

221 1613 71 36 grad
328 1611 299 29 otillfredsställande
662 1612 53 29 och
750 1610 264 40 ändamålsvidrig,
1060 1613 43 39 Ty
1130 1614 75 28 först
1229 1614 54 29 och
1306 1614 106 29 främst
1444 1614 113 30 medför
1580 1614 54 29 den
1659 1615 43 29 för
1725 1615 87 29 insti-

221 1666 77 25 tutet
323 1663 7 28 i
355 1663 68 28 dess
448 1662 100 29 helhet
572 1662 55 29 den
653 1663 266 36 behjertansvärda
945 1663 205 36 olägenheten,
1173 1664 121 29 hvilken
1318 1665 91 29 redan
1434 1665 87 29 ofvan
1547 1665 99 29 blifvit
1665 1662 148 41 påpekad,

223 1716 42 24 att
293 1722 33 19 en
352 1712 120 39 ständig
496 1712 52 30 och
575 1712 111 40 kraftig
710 1713 201 30 vexelverkan
938 1714 106 29 mellan
1069 1715 54 28 den
1149 1715 164 29 teoretiska
1329 1715 53 29 och
1402 1715 161 39 praktiska
1582 1716 230 29 verksamheten

225 1762 46 29 vid
306 1763 53 28 den
396 1763 183 29 medicinska
614 1764 247 38 undervisningen
888 1765 155 29 derstädes
1068 1765 63 29 icke
1156 1766 58 29 kan
1240 1766 98 29 utöfva
1364 1766 49 29 det
1436 1766 175 39 ömsesidigt
1633 1767 181 38 välgörande

224 1813 173 40 inflytande,
430 1824 62 20 som
528 1814 73 29 «dock
639 1825 36 27 pa
708 1815 84 29 detta
826 1815 54 29 fält
915 1817 33 27 af
981 1816 208 39 vetenskaplig
1213 1816 193 30 verksamhet
1428 1821 86 35 utgör
1538 1822 43 24 ett
1604 1817 210 39 oundgängligt

224 1864 97 29 vilkor
344 1865 46 29 för
413 1869 41 24 ett
480 1869 89 25 sanut
601 1866 221 38 vetenskapligt
847 1866 33 29 lir
902 1866 53 29 och
982 1866 45 29 för
1050 1867 84 28 detta
1158 1867 46 29 lifs
1229 1867 131 38 kraftiga
1391 1868 184 36 utveckling;
1606 1868 119 29 hvilken
1750 1868 63 29 olä-

223 1915 107 38 genhet
367 1916 57 29 kan
461 1916 89 29 hafva
584 1916 41 29 till
661 1916 81 37 följd,
777 1921 44 24 att
855 1916 162 36 institatet,
1049 1922 68 25 utan
1152 1922 44 25 att
1220 1918 76 29 inom
1322 1918 44 39 sig
1390 1928 54 29 ega
1469 1919 123 38 motvigt
1616 1919 33 29 af
1670 1928 34 20 en
1729 1920 7 28 i
1760 1919 52 29 full

223 1966 194 29 verksamhet
443 1967 130 29 varande
597 1967 142 29 teoretisk
766 1968 161 38 afdelning,
959 1969 126 28 förlorar
1109 1968 43 29 sin
1178 1969 143 29 karakter
1345 1970 33 28 af
1398 1969 119 39 allsidig
1541 1969 162 30 medicinsk
1728 1970 86 29 skola

225 2017 52 29 och
303 2017 133 29 förfaller
459 2017 8 29 i
492 2027 34 19 en
552 2018 113 38 ensidig
688 2018 138 38 praktisk
852 2019 89 35 rutin,
977 2018 123 36 hvilket,
1132 2029 44 19 om
1213 2020 50 28 det
1296 2019 97 30 skulle
1427 2020 131 36 inträffa,
1590 2020 225 38 otvifvelaktigt

225 2068 107 32 skulle,
357 2068 64 29 med
446 2068 51 29 det
520 2068 163 39 inflytande
707 2069 95 29 denna
828 2070 188 34 läroanstalt,
1041 2070 86 29 äfven
1151 2070 90 29 under
1262 2070 172 29 nuvarande
1453 2069 217 37 förhållanden,
1696 2071 119 29 utöfvar

227 2116 36 41 på
288 2118 273 38 läkarebildningen
587 2119 6 28 i
619 2124 67 24 värt
709 2119 78 31 land,
817 2120 132 29 medföra
981 2120 115 39 ganska
1119 2120 136 40 skadliga
1279 2121 188 39 verkningar.
1513 2121 140 30 Förbises
1677 2119 45 32 får
1746 2122 67 29 här-

226 2169 47 29 vid
298 2170 66 28 icke
389 2169 101 35 heller,
514 2175 45 23 att
583 2170 178 29 Carolinska
783 2171 150 29 iustitutet
960 2172 90 28 under
1074 2172 172 29 nuvarande
1271 2169 202 33 förhållanden
1499 2172 112 29 saknar
1634 2175 108 26 nästan
1762 2172 55 30 allt

225 2220 164 38 inflytande
425 2230 37 28 på
496 2221 200 37 anordningen
733 2221 32 28 af
796 2221 200 38 studiiplanen
1027 2222 5 28 i
1062 2223 68 28 dess
1155 2222 96 29 helhet
1278 2222 53 29 och
1356 2222 142 30 särskildt
1523 2224 32 28 af
1576 2224 54 28 den
1655 2220 33 32 så
1712 2223 104 38 nödiga

229 2271 241 29 kombinationen
503 2271 104 28 mellan
633 2271 33 28 de
692 2271 157 38 praktiska
873 2272 52 29 och
951 2273 164 28 tevretiska
1139 2273 162 29 studierna,
