2349 2751
448 196 98 27 Andra
573 196 178 27 Kammarens
778 197 158 36 Tillfälliga
964 199 122 28 Utskotte
1110 200 74 31 (N:o
1208 199 30 31 1)
1265 201 150 28 Utlåtande
1442 202 53 28 N:o
1522 202 42 29 19.
1725 209 34 25 15

206 281 98 30 tionen
333 282 10 27 i
373 281 158 31 medicinsk
558 282 85 34 kemi,
673 285 191 38 upptagande
899 286 33 29 12
965 296 81 26 rum;
1080 287 53 29 och
1158 291 31 36 «v)
1212 288 199 30 institutionen
1438 291 11 28 i
1467 290 169 41 patologisk
1658 295 142 30 anatomi,

208 341 63 20 som
294 332 62 30 tills
383 333 100 30 vidare
508 334 85 30 äfven
619 335 162 39 inrymmer
804 336 54 29 den
877 336 197 42 fysiologiska
1098 337 154 37 unstalten,
1278 339 64 30 med
1362 341 38 28 30
1416 351 78 26 rum;
1518 348 78 24 samt
1615 343 34 37 2)
1669 343 131 39 följande

208 383 171 38 samlingar,
405 384 158 39 nemligen:
592 387 33 38 a)
647 386 177 30 anatomiskt
846 398 143 25 museum,
1015 389 33 39 b)
1068 388 375 42 patologiskt-unatomiskt
1463 403 140 27 musewm,
1628 400 30 31 c)
1673 394 127 42 samling

207 433 39 42 af
270 434 126 31 kemiska
425 435 51 31 och
504 436 233 39 jarmuceutiska
757 443 190 36 preparater,
975 439 34 41 d)
1031 439 127 42 samling
1180 441 38 41 aj
1237 442 129 40 droguer
1389 442 49 30 och
1464 444 179 36 mineralier,
1668 456 13 19 e
1685 454 13 32 )
1720 457 79 19 sam-

207 485 61 40 ling
290 484 40 43 af
348 485 168 43 kirurgiska
540 488 216 42 instrumenter,
780 490 53 29 och
860 490 25 38 f)
908 495 44 25 ett
978 491 172 30 medicinskt
1172 491 143 32 bibliotek.

330 537 138 30 Deremot
504 539 113 29 saknar
650 540 182 30 Carolinska
867 542 160 34 institutet,
1062 543 105 29 liksom
1205 544 184 30 medicinska
1420 546 167 30 fakulteten
1612 548 6 28 i
1643 548 97 35 Lund,
1764 559 34 20 en

197 586 180 43 Jysiologisk
400 589 165 30 institution
590 590 87 30 iemte
703 592 151 38 professor
879 592 5 29 i
911 592 146 40 fysiologi.
1100 593 59 30 Lön
1185 594 43 30 till
1254 605 33 20 en
1312 593 92 32 sådan
1431 599 152 36 professor
1603 599 92 29 tinnes
1713 599 85 30 dock.

203 639 6 28 i
234 639 49 29 fall
308 639 172 31 institutets
505 641 89 29 redan
620 651 32 20 år
681 640 73 32 1867
779 643 116 37 afgifna
918 644 109 38 förslag
1051 649 46 25 att
1120 645 98 30 dertill
1243 647 29 28 fa
1296 647 141 29 använda
1459 647 55 30 den
1540 648 57 36 lön,
1616 659 63 20 som
1702 650 96 30 blifvit

202 689 166 39 disponibel
399 692 77 28 efter
505 690 147 40 afgångne
682 694 172 37 professorn
879 694 8 28 i
911 695 203 39 farmacologi,
1142 696 3 28 i
1169 696 92 30 nåder
1286 697 132 37 bifalles;
1456 699 166 39 hvarjemte
1647 701 151 29 institutet

201 741 48 28 för
277 741 55 29 den
365 742 194 40 fysiologiska
592 743 206 31 institutionen
825 744 52 30 har
900 751 44 24 att
970 745 158 39 disponera
1153 746 18 29 8
1195 757 74 26 rum,
1295 758 60 19 som
1381 759 35 19 nu
1443 750 63 29 icke
1531 754 43 26 tör
1598 750 88 34 något
1713 752 85 29 insti-

201 795 95 26 tutets
321 790 140 32 ändamål
487 793 158 40 begagnas.

325 891 42 32 På
401 895 93 37 grund
530 897 33 27 af
595 897 77 28 hvad
704 898 125 29 sälunda
855 899 95 29 blitvit
977 900 128 30 anfördt.
1132 901 44 29 får
1201 902 156 30 Utskottet
1383 904 89 29 alltsa
1498 906 151 29 vördsamt
1675 908 121 29 föreslå:

597 986 44 24 att
678 981 172 39 Riksdagen
887 981 91 32 måtte
1014 985 6 28 i
1056 982 183 38 underdånig
1270 987 159 31 skrifvelse
1459 987 130 36 anhålla,
1614 991 49 29 det
1688 992 106 38 Kongl.

599 1031 82 38 Maj:t
717 1032 129 30 täcktes.
882 1031 34 41 på
948 1037 63 27 sätt
1037 1035 105 30 Rikets
1167 1036 131 31 Ständer
1321 1038 9 29 i
1354 1038 160 30 skrifvelse
1537 1043 33 27 af
1591 1041 54 30 den
1675 1042 34 29 16
1733 1043 61 38 Maj

599 1081 76 30 1863
711 1083 166 40 föreslagit,
913 1085 146 38 medgifva
1092 1086 178 31 Carolinska
1304 1089 306 41 mediko-kirurgiska
1642 1093 152 30 institutet

594 1136 62 27 rätt
679 1138 54 32 att,
759 1136 7 27 i
792 1135 93 30 likhet
909 1136 64 30 med
1000 1137 230 31 universitetens
1256 1140 182 30 medicinska
1463 1142 169 33 fakulteter.
1662 1145 131 30 anställa

594 1181 81 33 såväl
700 1185 55 29 deu
779 1187 162 30 teoretiskt
964 1187 186 31 medicinska
1173 1189 71 30 eller
1268 1188 33 32 så
1325 1191 119 31 kallade
1470 1193 143 30 medicine
1633 1194 160 31 kandidat
1775 1177 22 55 -

593 1244 124 21 examen
743 1246 61 20 som
830 1238 54 29 den
910 1238 155 39 praktiskt
1097 1239 185 31 medicinska
1306 1241 72 30 eller
1403 1243 288 38 licentiat-examen,
1714 1255 78 21 samt

592 1291 46 24 att
674 1287 105 36 Kongl.
814 1288 163 38 stadgarne
1012 1290 45 29 för
1093 1290 135 31 bemälda
1263 1292 120 30 institut
1407 1294 33 29 ar
1460 1294 55 30 den
1540 1295 38 32 26
1603 1296 85 39 April
1719 1296 68 31 (861

593 1335 93 32 måtte
716 1339 7 29 i
754 1339 315 31 öfverensstämmelse
1101 1341 119 31 härmed
1248 1343 90 30 varda
1363 1344 131 30 ändrade
1517 1346 53 29 och
1595 1347 35 29 de
1653 1349 140 35 atgärder

592 1388 7 28 i
624 1388 90 38 öfrigt
745 1389 149 38 vidtagas,
926 1401 61 20 som
1020 1393 43 29 för
1089 1392 197 32 befordrande
1310 1394 43 30 till
1383 1395 227 39 verkställighet
1636 1398 89 29 häraf
1745 1397 47 31 må

590 1440 95 29 finnas
711 1441 114 38 nödiga.

317 1758 88 30 Hvad
430 1759 124 30 dernäst
579 1760 76 30 Herr
678 1761 30 30 5.
731 1762 149 39 Ribbings
905 1765 111 29 motion
1042 1763 104 41 angår,
1171 1765 33 31 så
1228 1766 130 40 framgår
1382 1770 89 30 redan
1493 1772 32 29 af
1540 1772 50 29 det
1610 1773 68 35 slut,
1698 1774 90 30 hvar-

193 1807 42 30 till
273 1808 160 32 Utskottet
468 1810 46 29 vid
552 1810 218 41 behandlingen
799 1814 33 29 af
865 1814 76 31 Herr
971 1815 68 31 Liss
1063 1816 72 31 Olof
1154 1817 149 31 Larssons
1327 1821 110 30 motion
1463 1821 135 37 kommit,
1621 1824 54 29 och
1700 1826 32 28 af
1753 1826 35 28 de

192 1859 138 36 motiver,
354 1870 62 21 som
441 1861 100 30 derför
565 1862 127 37 anförts,
715 1867 44 26 att
785 1864 162 31 Utskottet
970 1866 64 31 icke
1058 1867 58 30 kan
1141 1868 120 31 förorda
1285 1875 43 25 ett
1352 1871 110 40 förslag
1486 1873 5 29 i
1516 1873 50 30 det
1583 1875 78 38 syfte
1682 1878 106 28 motio-

192 1913 90 27 nären
320 1911 172 31 framställt.
535 1912 160 32 Utskottet
731 1915 93 29 finner
856 1916 75 30 dock
968 1918 65 30 icke
1068 1919 48 30 det
1152 1920 76 29 enda
1261 1921 72 30 eller
1367 1922 234 42 hufvudsakliga
1623 1926 99 30 skälet
1744 1927 45 29 för

192 1961 198 39 afstyrkande
424 1964 30 28 af
491 1964 200 31 motionärens
725 1966 113 39 förslag
872 1968 8 29 i
914 1968 55 30 den
1006 1970 270 39 omständigheten,
1310 1978 46 24 att
1379 1978 44 25 ett
1447 1974 80 30 bifall
1552 1975 43 29 till
1620 1977 169 30 detsamma

191 2011 97 30 skulle
325 2013 93 29 hafva
452 2013 43 30 till
530 2015 83 38 följd,
647 2020 47 25 att
728 2018 102 37 frågan
856 2028 45 19 om
926 2018 180 32 Carolinska
1131 2021 167 31 institutets
1324 2023 198 41 likställighet
1545 2027 64 29 med
1634 2028 36 29 de
1695 2029 94 29 medi-

191 2062 104 30 cinska
335 2064 203 30 fakulteterna
576 2066 8 29 i
618 2066 141 30 afseende
796 2066 38 40 på
870 2070 181 39 rättigheten
1088 2075 45 27 att
1167 2073 132 30 anställa
1330 2075 142 31 medicine
1498 2076 288 33 kandidat-examen

192 2112 99 31 blefve
321 2114 221 39 undanskjuten
567 2134 37 4 —
630 2117 91 30 ehuru
754 2118 159 31 Utskottet
937 2121 172 39 visserligen
1134 2133 89 20 anser
1245 2124 104 39 hvarje
1373 2126 111 30 derhän
1510 2128 141 38 syftande
1674 2130 111 38 förslag

191 2163 134 38 skadligt
361 2183 22 3 --
410 2170 70 25 utan
515 2167 127 30 fastmer
678 2168 107 35 deruti,
820 2175 46 25 att
900 2171 184 31 motionären
1119 2183 104 27 genom
1253 2175 53 30 sitt
1331 2176 143 39 yrkande,
1498 2183 46 25 att
1567 2179 108 39 Kongl.
1700 2181 86 37 Maj:t

192 2212 93 32 mätte
321 2221 89 34 »taga
444 2217 8 28 i
488 2217 126 40 förnyad
651 2221 197 37 ompröfning,
882 2221 73 30 huru
980 2222 54 30 den
1059 2223 185 31 medicinska
1268 2227 245 37 undervisningen
1538 2226 46 32 må
1609 2230 109 29 ordnas
1741 2232 45 29 till

191 2265 123 39 lämplig
349 2267 220 38 motsvarighet
606 2274 57 24 mot
696 2270 52 29 sitt
780 2270 165 38 ändamål.,
978 2273 88 30 söker
1089 2272 154 42 återflytta
1268 2276 53 30 den
1348 2278 182 30 medicinska
1556 2277 101 41 frågan"
1683 2280 44 30 till
1751 2292 33 19 en
