2259 2742
594 227 248 34 Konstilutions-
853 226 161 36 Utskottets
1045 228 167 34 Utlåtande
1238 231 58 33 N:o
1319 235 28 28 3.
1729 234 15 31 i

202 322 121 32 garne,
354 321 81 23 man
463 309 112 47 gifver
605 311 76 34 dem
711 311 74 35 titel
813 312 37 34 al
875 311 56 46 lag
959 311 63 36 och
1054 312 56 35 vill
1138 325 78 23 man
1245 314 156 35 försäkra
1429 313 53 47 sig
1511 315 201 47 ytterligare
1737 329 54 23 om

202 361 261 36 bibehållandet
504 361 38 36 af
566 362 66 35 den
670 362 199 46 legislativa
897 363 178 48 karakter,
1105 377 71 24 som
1206 366 35 35 åt
1269 365 75 36 dem
1374 366 112 46 gifves
1514 367 58 36 vid
1602 368 190 44 stiftandet,

202 414 69 35 kan
316 425 79 23 man
439 413 144 36 likasom
625 414 5 35 i:
675 415 118 43 Lagen
821 415 52 36 för
926 416 133 35 Riksens
1088 417 164 36 Ständers
1280 418 102 35 Bank
1411 417 111 36 införa
1552 423 48 31 ett
1627 420 166 36 särskildt

202 465 206 47 stadgande,
437 469 49 32 att
527 465 101 47 lagen
666 466 226 36 oförändradt
935 467 120 47 gäller,
1086 468 52 36 till
1163 469 76 36 dess
1271 468 152 49 Konung
1451 469 62 36 och
1558 469 143 51 Riksdag
1729 485 59 35 ge-

202 523 169 30 mensamt
411 518 299 35 öfverenskomma
753 531 54 23 om
849 519 76 36 dess
969 520 148 45 ändring
1172 522 122 35 Denna
1325 521 169 46 Konungs
1522 523 63 35 och
1617 523 174 49 Riksdags

201 573 71 31 rätt
304 569 99 47 följer
437 570 38 34 af
490 569 65 35 den
590 569 329 47 Regeringsformen
954 573 261 45 genomgående
1241 574 197 46 grundsats,
1463 585 70 25 som
1560 574 39 36 af
1625 578 93 33 1809
1735 577 57 35 års

202 621 424 36 Konstitutions-Utskott
652 622 181 48 uttalades,
852 627 48 31 att
920 624 162 36 "makten
1104 629 50 31 att
1184 625 105 43 stifta,
1312 626 119 45 ändra,
1448 627 178 47 upphäfva
1643 628 61 35 och
1722 628 68 36 för-

203 674 98 35 klara
317 674 98 44 lagar
432 674 7 34 i
461 674 101 35 deras
576 674 175 46 egentliga
775 675 215 36 bemärkelse
1010 676 127 45 tillhör,
1157 678 86 35 efter
1269 677 191 37 Utskottets
1480 679 139 47 förslag,
1643 679 147 37 likasom

200 725 173 36 tillförene
416 724 151 37 Riksens
609 727 148 35 Ständer
798 733 213 40 gemensamt
1055 729 75 35 med
1175 729 221 47 Konungen”
1425 730 138 36 hvadan
1594 732 66 35 alla
1688 737 102 31 stats-

202 778 159 35 maktens
388 777 50 35 till
460 778 202 35 efterlefnad
686 778 182 36 utfärdade
889 779 81 48 bud,
990 792 70 23 som
1084 781 28 47 ej
1139 781 198 47 Konungen
1354 794 81 35 eger
1450 782 109 47 enligt
1580 784 209 48 Regeringa-

202 830 128 35 formen
344 831 19 45 $
377 831 44 34 39
435 830 113 34 allena
561 830 138 35 utfärda
717 831 83 35 eller
816 843 70 23 som
905 830 196 48 Riksdagen
1118 833 111 36 såsom
1247 834 145 36 fallet
1364 826 39 61 är
1406 835 76 35 mod
1497 835 86 36 vissa
1598 835 191 48 reglemen-

203 890 54 27 ten
288 881 64 36 och
377 882 234 35 intruktioner
635 883 62 34 fått
719 883 53 46 sig
795 884 236 47 uttryckligen
1057 885 194 48 uppdraget
1273 891 48 30 att
1342 886 115 35 allena
1484 887 199 47 bestämma,
1704 888 86 36 höra

201 933 109 36 under
338 932 176 46 Konungs
546 933 64 36 och
643 934 172 45 Kiksdags
838 947 256 35 gemensamma
1119 937 228 47 lagstiftning.
1389 938 50 36 På
1459 938 227 38 förevarande
1715 939 72 49 slag

200 986 37 34 af
258 986 100 46 lagar
383 986 60 34 har
462 986 106 35 denna
586 986 186 45 grundsats
800 987 9 34 i
840 988 217 48 grundlagen
1088 989 64 34 fått
1180 990 52 35 sin
1261 990 232 48 tillämpning,
1524 992 6 34 i
1560 992 56 35 det
1644 995 51 32 att
1723 990 66 36 Re-

199 1037 278 48 geringsformen
507 1038 18 46 $
561 1040 44 33 73
636 1038 142 45 stadgar
819 1049 48 26 att
908 1040 81 47 inga
1026 1053 68 35 nya
1124 1042 254 47 utskrifningar
1407 1043 37 35 af
1473 1044 170 47 manskap
1671 1057 43 22 m.
1746 1057 41 22 m.

201 1089 53 36 må
272 1094 80 30 utan
374 1089 223 46 Riksdagens
617 1090 65 35 fria
714 1091 79 46 vilja
821 1091 61 36 och
914 1093 175 47 samtycke
1120 1093 177 48 påbjudas,
1327 1094 173 48 uppbäras
1528 1095 84 36 eller
1638 1096 151 43 fordras;

199 1145 88 32 samt
327 1145 52 32 att
422 1141 330 48 Regeringsformen
794 1144 17 45 $
854 1145 57 45 50,
954 1144 104 36 hvars
1099 1145 151 36 innehåll
1293 1146 99 47 eljest
1433 1150 38 31 är
1513 1147 156 36 hemtadt
1711 1148 77 37 från

206 1195 92 34 1720
328 1194 65 35 och
430 1196 91 32 1772
552 1194 56 35 års
644 1195 295 47 Regeringsform,
977 1196 141 36 erhållit
1153 1196 58 36 det
1254 1198 121 46 tillägg
1404 1203 50 31 att
1480 1200 126 44 "ingen
1634 1211 45 33 ny
1707 1200 83 36 eller

199 1245 142 37 tillökad
372 1247 162 45 rotering,
565 1253 83 28 utan
664 1258 124 33 genom
810 1247 170 45 Konungs
1001 1248 62 36 och
1086 1249 173 44 Riksdags
1275 1252 373 35 sammanstämmande
1669 1252 120 43 beslut,

199 1299 69 34 kan
303 1297 226 35 tillkomma".
564 1293 20 61 —
611 1298 136 36 Genom
795 1300 97 34 dessa
935 1300 258 36 bestämmelser
1234 1306 38 30 är
1320 1301 151 48 tydligen
1527 1303 164 47 angifvet,
1740 1311 50 28 att

198 1349 123 47 hvarje
363 1361 46 35 ny
451 1349 83 35 eller
579 1350 184 35 förändrad
811 1352 331 44 arméorganisation
1186 1353 87 36 både
1316 1354 69 34 kan
1420 1354 62 35 och
1513 1355 60 34 bör
1602 1367 124 32 genom
1754 1356 38 35 al

202 1402 153 45 Konung
396 1402 62 34 och
505 1401 156 45 Riksdag
689 1408 216 39 gemensamt
950 1404 115 34 stifrad
1097 1405 57 45 lag
1182 1406 200 35 fastställas.
1438 1406 114 46 ”Tager
1582 1419 80 23 man
1692 1407 7 35 i
1731 1408 57 35 be-

202 1453 181 36 traktande
420 1454 40 34 de
489 1453 193 45 framlagda
711 1455 253 47 lagförslagens
988 1459 53 32 art
1069 1456 64 36 och
1162 1457 246 38 beskaffenhet,
1438 1459 37 35 så
1505 1459 71 35 visa
1604 1459 52 46 sig
1685 1465 103 29 samt-

202 1506 68 45 liga
309 1506 120 34 kunna
463 1506 112 35 såsom
610 1506 99 45 lagar
732 1507 198 35 fastställas.
987 1507 332 49 Värnepligtslagen
1350 1514 36 30 är
1416 1511 37 33 så
1482 1515 85 30 nära
1595 1511 192 35 förbunden

201 1558 74 35 med
306 1558 41 33 de
377 1557 111 42 öfriga
517 1562 51 30 att
595 1558 76 34 från
702 1559 224 45 statsrättsliv
955 1561 179 46 synpunkt
1161 1560 125 35 hinder
1315 1561 28 46 ej
1377 1566 105 31 möter
1514 1562 49 34 för
1587 1563 100 35 deras
1702 1563 86 35 hän-

202 1609 141 35 förande
361 1608 50 35 till
437 1621 131 23 samma
598 1609 93 36 klass
720 1610 63 35 och
812 1612 84 33 böra
925 1611 143 46 således,
1097 1624 52 23 om
1181 1624 79 23 man
1288 1613 38 35 så
1357 1625 101 24 anser
1486 1615 303 47 ändamålsenligt,

200 1661 118 35 kunna
358 1661 7 34 i
408 1660 308 48 lagstiftningsväg
757 1662 191 36 behandlas
991 1663 71 35 lika
1091 1664 74 35 med
1196 1665 300 47 beväringslagen,
1526 1678 72 23 som
1624 1667 43 47 på
1695 1667 94 35 detta

199 1717 69 30 sätt
310 1713 202 35 tillkommit
554 1713 64 35 och
662 1714 6 34 i
709 1714 161 36 afseende
913 1714 43 47 på
984 1715 145 35 hvilken
1157 1716 97 47 fråga
1283 1729 53 23 om
1368 1717 148 46 ändring
1544 1718 63 35 har
1636 1718 152 36 behand-

200 1765 64 35 lats
293 1765 112 35 såsom
448 1777 40 23 en
521 1765 169 47 lagfråga,
732 1766 142 35 hvilken
918 1766 153 46 Konung
1114 1768 60 35 och
1220 1768 156 47 Riksdag
1417 1780 214 36 gemensamt
1659 1771 129 44 afgöra.

199 1816 119 36 Skulle
348 1817 343 46 grundlagsändring
720 1818 165 36 behöfvas
914 1820 53 33 för
995 1824 49 30 att
1072 1820 107 35 sådan
1201 1820 327 47 lagstiftningsform
1559 1822 89 35 skall
1670 1822 118 36 kunna

200 1868 173 47 iakttagas
416 1869 54 34 vid
514 1869 269 46 ifrågavarande
812 1870 115 45 lagars
955 1871 174 40 stiftande,
1158 1872 145 35 behöfde
1332 1873 174 46 grundlag
1534 1874 101 35 äfven
1664 1874 126 36 ändras

200 1922 50 34 för
305 1922 114 34 denna
474 1922 106 34 forms
628 1922 228 47 användning
897 1923 43 47 på
978 1923 107 35 andra
1129 1923 106 48 lagar,
1278 1929 20 30 t
1342 1937 52 23 ex.
1437 1926 51 35 för
1529 1926 166 47 banklag,
1740 1927 51 35 för

199 1973 68 35 den
310 1973 8 35 1
362 1972 337 48 Regermasformen
741 1975 23 43 &
807 1976 44 34 79
895 1975 180 45 grundade
1116 1977 454 47 myntbestämningslagen,
1613 1979 40 34 de
1684 1979 8 35 i
1724 1979 65 35 Re-

199 2025 276 46 geringsformen
518 2026 40 44 &$
603 2028 43 33 75
682 2026 64 34 och
791 2028 43 33 77
873 2026 180 35 förutsatta
1084 2027 244 48 författningar
1370 2041 53 22 om
1461 2030 216 46 markegånvg
1705 2030 85 36 eller

197 2076 255 47 nyttjanderätt
494 2077 50 36 tll
588 2078 89 34 vissa
711 2078 151 35 kronans
890 2078 214 48 fastigheter,
1138 2079 246 46 förordningar
1411 2093 54 23 om
1496 2081 90 35 vissa
1615 2081 175 37 allmänna

197 2129 136 45 besvär,
376 2128 121 36 hvilka
534 2129 109 45 lagar,
688 2133 82 32 utan
813 2134 49 31 att
904 2131 41 34 de
989 2130 83 35 höra
1117 2131 50 35 till
1205 2132 66 35 den
1300 2132 175 45 egentliga
1505 2132 199 48 civillagen,
1741 2134 49 35 stå

198 2179 111 36 under
340 2179 171 45 Konungs
539 2181 64 35 och
635 2180 174 47 Riksdags
838 2183 166 35 samfälda
1037 2182 221 45 lagstiftning
1286 2184 64 35 och
1382 2184 53 35 vid
1467 2185 324 45 ifrågakommande

197 2232 151 46 ändring
377 2232 37 35 så
442 2232 197 47 handlagts,
670 2237 83 31 utan
785 2243 49 25 att
863 2247 79 22 man
972 2239 68 31 satt
1069 2235 8 35 i
1108 2235 98 46 fråga
1237 2236 117 44 någon
1376 2236 346 48 grundlagsändring
1738 2238 52 34 för

197 2290 49 28 att
275 2283 91 36 detta
397 2284 111 35 skulle
538 2285 119 35 kunna
687 2286 72 35 ske.
816 2286 50 35 De
895 2287 84 34 enda
1010 2286 72 45 fall,
1123 2287 42 35 då
1195 2299 80 23 man
1305 2287 104 36 infört
1443 2288 150 46 ändring
1621 2289 10 34 i
1660 2290 130 45 grund-

196 2335 59 45 lag
283 2335 52 35 för
363 2336 114 35 denna
507 2337 348 47 lagstiftningsforms
883 2338 231 48 tillämpning,
1143 2339 104 35 hafva
1288 2340 78 35 varit
1395 2340 43 35 då
1467 2340 76 35 från
1574 2340 216 48 Konungens

912 2390 11 9 ”

196 2387 333 43 förvaltningsmakt
558 2388 230 48 öfverflyttats
818 2389 185 45 lagfrågor,
1024 2390 55 35 vid
1098 2390 138 36 hvilkas
1263 2391 189 46 afgörande
1471 2393 317 46 representationen
