1894 2794
261 160 20 28 4
662 159 117 31 Andra
801 158 237 37 lagutskottets
1064 156 174 31 utlåtande
1263 164 42 21 nr
1331 155 48 30 16.

265 242 231 30 föräldralösa
517 241 90 29 barn
628 240 64 30 och
713 239 55 30 för
789 239 80 29 med
890 238 78 30 dem
989 236 204 41 jämställda
1215 236 113 29 fader-
1348 235 82 29 eller
1453 234 196 29 moderlösa
1670 233 97 32 barn,

264 301 77 20 som
358 291 75 29 icke
452 290 126 29 vårdas
598 298 42 21 av
657 289 67 29 den
742 287 234 30 efterlevande
995 287 147 29 modern
1160 286 81 28 eller
1260 285 124 29 fadern
1402 286 86 27 utan
1507 284 90 28 hava
1616 281 152 31 särskild

266 343 235 39 förmyndare.
521 342 68 30 Om
606 341 122 29 barnet
745 340 64 29 har
827 348 117 21 annan
961 338 157 30 inkomst
1136 338 44 29 än
1198 336 273 31 arbetsinkomst
1487 334 182 31 bortfaller
1687 333 82 29 eller

266 393 158 30 minskas
446 393 57 29 det
526 391 174 30 särskilda
720 389 247 39 barnbidraget
993 388 35 34 (5
1054 388 49 37 $).
1126 388 66 29 För
1213 387 175 30 faderlösa
1409 386 88 29 barn
1518 385 65 29 och
1605 384 55 30 för
1680 383 90 30 folk-

265 443 245 40 pensionärers
528 443 89 29 barn
634 443 164 28 ävensom
816 440 55 30 för
888 437 366 40 utomäktenskapliga
1272 437 97 33 barn,
1387 445 76 20 som
1482 435 79 39 fyllt
1578 436 52 28 tre
1649 434 38 29 år
1705 433 64 30 och

267 494 55 31 för
351 493 94 30 vilka
472 492 226 39 faderskapet
726 491 76 29 icke
831 489 196 33 fastställts,
1057 488 102 39 utgår
1188 487 142 30 särskilt
1358 486 212 38 barnbidrag
1598 485 80 29 med
1707 484 62 29 250

266 545 131 29 kronor
420 553 61 30 per
504 543 49 29 år.
579 542 162 38 Bidraget
765 542 38 28 är
827 540 90 30 dock
938 539 281 39 inkomstprövat
1249 538 35 33 (6
1312 537 49 37 $).
1387 536 148 31 Särskilt
1559 534 212 39 barnbidrag

267 595 175 30 avrundas
462 594 55 29 för
537 593 39 30 år
595 593 126 29 räknat
740 591 52 30 till
811 592 176 28 närmaste
1006 589 80 30 hela
1104 589 149 29 krontal.
1273 587 127 38 Bidrag
1418 595 76 21 som
1513 585 54 30 för
1586 586 87 29 barn
1692 584 79 30 räk-

267 647 61 28 nat
347 644 220 38 understiger
589 644 38 29 12
647 643 129 29 kronor
796 650 57 21 om
873 641 73 29 året
965 640 101 39 höjes
1085 639 53 30 till
1158 639 94 29 detta
1271 638 134 39 belopp.

312 696 14 29 I
348 693 233 39 kungörelsen
603 692 66 30 den
689 692 42 29 26
751 690 197 40 september
969 689 84 30 1947
1074 687 177 40 angående
1272 687 106 29 sättet
1398 686 64 29 och
1485 685 94 30 tiden
1599 685 57 40 för
1677 684 95 29 utbe-

269 744 134 39 talning
425 753 42 21 av
490 742 175 32 särskilda
690 741 211 38 barnbidrag
923 741 92 29 samt
1040 739 121 38 bidrag
1186 738 51 29 till
1258 737 113 30 änkor
1394 736 64 30 och
1482 735 188 38 änklingar
1692 734 81 29 med

268 795 88 30 barn
379 795 151 39 stadgas,
554 795 51 29 att
628 792 173 31 särskilda
823 791 211 39 barnbidrag
1057 790 100 30 skola
1178 789 172 30 utbetalas
1373 786 213 34 månadsvis,
1610 786 90 30 dock
1722 786 50 29 att

268 847 68 29 vad
354 855 75 21 som
448 854 43 22 av
510 844 311 39 månadsbeloppet
840 841 221 39 överskjuter
1079 841 73 28 helt
1170 839 139 30 krontal
1329 838 89 30 skall
1437 837 174 30 utbetalas
1632 835 110 31 årsvis
1762 835 11 29 i

267 897 172 30 samband
459 896 81 29 med
562 893 264 40 utbetalningen
848 893 55 30 för
924 891 181 31 december
1127 890 138 30 månad.

313 946 117 40 Enligt
448 946 135 29 statens
604 941 390 42 löneplansförordning
1013 941 91 30 skall
1124 940 217 33 månadslön,
1362 947 75 22 som
1458 938 111 30 slutar
1588 937 46 40 på
1653 936 120 33 öretal,

268 997 141 40 jämkas
434 996 53 30 till
513 997 178 29 närmaste
716 993 141 31 krontal
882 992 91 34 eller,
999 1001 57 20 om
1081 992 68 29 den
1174 990 109 30 slutar
1309 989 45 40 på
1377 989 41 30 50
1443 989 69 34 öre,
1538 987 53 30 till
1616 988 157 29 närmast

269 1049 107 38 högre
394 1047 151 30 krontal.

316 1147 185 30 Utskottet.
531 1145 301 40 Bidragsförskott
860 1143 100 39 utgår
988 1142 56 30 för
1072 1141 217 30 närvarande
1317 1140 79 30 med
1423 1139 103 38 högst
1554 1138 62 30 250
1645 1137 130 29 kronor

271 1199 55 30 för
348 1199 38 30 år
408 1198 128 30 räknat
558 1196 66 30 och
647 1194 218 39 utbetalning
888 1203 42 21 av
952 1192 154 31 förskott
1129 1192 88 29 skall
1240 1190 11 30 i
1273 1190 91 39 regel
1387 1190 61 29 ske
1471 1187 213 32 månadsvis.
1709 1187 67 29 En-

271 1249 63 39 ligt
360 1248 174 31 särskilda
559 1246 263 31 bestämmelser
849 1244 58 30 må
931 1242 219 39 utbetalning
1176 1242 60 29 ske
1260 1241 80 30 med
1366 1240 39 30 21
1434 1240 131 29 kronor
1589 1238 56 30 för
1670 1246 106 21 envar

272 1309 42 21 av
338 1299 216 30 månaderna
578 1295 259 42 januari—maj
866 1294 65 30 och
953 1292 300 41 juli—november
1279 1292 91 29 samt
1395 1290 80 30 med
1500 1289 41 30 20
1567 1289 130 29 kronor
1722 1287 54 30 för

272 1359 106 21 envar
399 1359 43 20 av
463 1348 217 30 månaderna
701 1346 79 40 juni
803 1345 65 30 och
890 1343 190 32 december.

317 1401 64 29 Väl
400 1408 103 31 synes
524 1399 68 33 det,
615 1397 115 31 såsom
750 1396 220 30 motionären
989 1393 206 33 framhållit,
1217 1401 75 21 som
1313 1401 57 20 om
1390 1390 93 30 vissa
1503 1389 185 41 praktiska
1708 1388 70 30 för-

271 1451 99 30 delar
394 1450 112 30 skulle
531 1448 55 31 stå
610 1450 50 28 att
683 1447 117 33 vinna,
825 1447 117 29 därest
966 1444 306 39 maximibeloppet
1296 1451 80 20 vore
1399 1441 117 40 jämnt
1539 1440 135 30 delbart
1698 1438 80 30 med

273 1502 81 29 tolv.
374 1501 49 29 De
442 1499 233 40 olägenheter,
696 1507 76 21 som
790 1496 202 31 förorsakas
1014 1504 42 21 av
1076 1496 51 28 att
1145 1494 55 30 för
1218 1492 218 31 närvarande
1457 1491 39 30 så
1514 1490 76 30 icke
1611 1491 38 29 är
1669 1489 107 32 fallet,

272 1552 99 30 torde
393 1551 90 30 dock
502 1550 78 29 icke
602 1558 83 21 vara
707 1557 42 21 av
769 1548 68 29 den
860 1544 309 40 storleksordning,
1191 1545 51 29 att
1263 1552 43 21 en
1328 1541 152 31 särskild
1501 1539 208 41 lagändring
1730 1547 48 21 nu

274 1603 72 29 kan
374 1610 101 22 anses
503 1600 177 40 påkallad.
708 1597 138 40 Frågan
872 1597 99 30 torde
998 1594 194 31 emellertid
1218 1594 86 29 böra
1330 1592 333 41 uppmärksammas
1691 1589 12 29 i
1730 1590 48 29 ett

274 1654 109 29 annat
406 1651 64 31 och
494 1652 113 29 större
632 1648 266 39 sammanhang.

319 1702 220 31 Motionären
557 1701 66 29 har
641 1699 143 31 särskilt
802 1696 205 34 framhållit,
1027 1698 52 28 att
1097 1696 41 29 de
1157 1694 158 40 gällande
1334 1692 312 32 bestämmelserna
1665 1690 114 30 åstad-

274 1753 150 31 kommit
448 1752 94 30 vissa
566 1751 77 30 icke
667 1749 200 31 önskvärda
892 1746 296 41 komplikationer
1212 1745 12 29 i
1249 1744 171 30 samband
1444 1743 81 30 med
1549 1740 231 32 barnavårds-

275 1804 237 30 nämndernas
534 1800 232 32 återsökande
789 1809 43 20 av
854 1797 211 39 statsbidrag
1087 1796 55 30 för
1163 1796 139 29 kortare
1323 1794 51 30 tid
1395 1795 46 29 än
1461 1793 73 30 helt
1556 1792 49 30 år.
1627 1792 14 29 I
1662 1791 118 31 anled-

275 1854 85 40 ning
381 1855 108 29 därav
509 1852 61 31 vill
591 1851 170 30 utskottet
782 1849 124 30 endast
927 1847 116 31 erinra
1064 1856 57 21 om
1143 1847 51 29 att
1214 1844 268 40 ifrågavarande
1503 1842 244 30 bestämmelse
1768 1840 12 29 i

276 1901 419 41 bidragsförskottslagen
718 1900 83 40 gällt
822 1899 148 29 allenast
990 1897 112 30 under
1124 1905 42 20 en
1187 1895 140 30 kortare
1349 1894 60 30 tid.
1432 1892 216 39 Paragrafen
1669 1890 111 31 erhöll

276 1955 56 30 sin
351 1954 204 31 nuvarande
573 1952 130 40 lydelse
722 1959 126 31 genom
865 1959 43 20 en
926 1949 65 39 lag,
1011 1957 76 21 som
1106 1947 122 30 trädde
1247 1945 11 30 i
1277 1945 96 30 kraft
1391 1945 68 30 den
1480 1945 15 29 1
1515 1942 143 41 januari
1679 1941 98 35 1948;

276 2006 66 30 och
363 2003 223 32 beträffande
609 2001 211 39 statsbidrag
844 1999 115 40 gäller,
983 2000 51 28 att
1056 1996 197 40 ansökning
1276 1995 169 31 avseende
1468 1993 197 31 nämndens
1687 1993 95 29 kost-

277 2056 109 30 nader
407 2056 55 30 för
485 2053 164 34 förskott,
672 2061 75 21 som
770 2051 124 39 belöpa
916 2049 20 30 å
958 2048 87 30 visst
1067 2046 179 41 budgetår,
1270 2046 91 30 skall
1384 2046 101 38 göras
1507 2044 75 30 före
1605 2042 177 41 utgången

277 2116 44 21 av
342 2107 145 30 därnäst
511 2104 158 39 följande
691 2100 180 41 budgetår.
895 2100 77 30 Med
993 2099 140 39 hänsyn
1155 2097 118 30 härtill
1296 2105 102 31 synes
1422 2096 58 29 det
1502 2096 95 29 ännu
1620 2102 84 22 vara
1727 2092 55 31 för

277 2156 103 41 tidigt
400 2157 50 29 att
469 2156 150 29 bedöma
638 2154 12 29 i
669 2153 66 30 vad
756 2151 83 31 mån
859 2150 270 31 bestämmelsen
1149 2148 11 29 i
1181 2148 95 30 detta
1296 2146 169 31 avseende
1487 2146 126 39 skapat
1634 2138 148 50 kompli-

278 2207 169 31 kationer.

322 2257 199 31 Anmärkas
542 2255 59 30 må
621 2254 132 40 jämväl
775 2254 51 29 att
847 2251 110 31 under
978 2250 222 30 förarbetena
1221 2248 52 30 till
1295 2248 67 29 den
1383 2256 47 20 nu
1453 2245 160 40 gällande
1634 2243 149 41 lagstift-

278 2308 130 40 ningen
424 2308 12 29 i
454 2308 125 29 ämnet
591 2304 195 33 framhölls,
805 2304 51 29 att
873 2300 358 39 bidragsförskottens
1248 2296 271 41 maximibelopp
1538 2296 65 29 och
1621 2296 42 29 de
1680 2295 103 29 barn-

278 2359 132 39 bidrag,
433 2366 122 22 varom
578 2356 140 38 stadgas
741 2353 11 30 i
775 2354 20 29 6
820 2353 15 37 $
859 2353 100 38 lagen
980 2360 58 21 om
1061 2349 173 31 särskilda
1256 2347 211 39 barnbidrag
1490 2346 53 30 till
1566 2346 129 29 änkors
1718 2344 65 30 och

277 2409 189 31 invaliders
485 2417 46 21 m.
551 2407 38 29 fl.
608 2406 97 33 barn,
723 2404 108 30 borde
848 2412 84 21 vara
949 2401 72 30 lika
1040 2402 105 29 stora.
