2180 2624
407 189 19 30 6
910 193 258 35 Statsutskottets
1191 197 173 33 Memorial
1384 198 66 33 N:o
1476 201 54 32 63.

409 275 214 48 reglemente
653 277 159 48 bifogad,
841 279 98 36 skola
968 281 42 35 de
1039 282 241 45 förbindelser,
1310 285 20 33 å
1354 283 124 37 hvilka
1497 286 249 48 fordringarna
1767 288 56 47 sig
1850 289 150 47 grunda,

407 328 111 47 jämte
555 330 268 37 föreskrifterna
857 333 52 35 uti
942 334 94 36 äldre
1075 336 242 46 reglementen
1359 338 13 34 i
1414 338 213 49 tillämpliga
1655 340 96 36 delar
1779 342 223 37 fortfarande

405 382 100 46 tjäna
532 383 55 35 till
616 384 243 37 efterrättelse.

524 656 238 50 Angående
795 659 437 50 riksgäldskontoret
1263 662 233 51 åliggande
1524 666 355 51 utbetalningar.

465 762 66 33 1:0.
567 754 241 44 Återstående
832 767 158 40 utgifter
1015 767 60 33 till
1100 767 91 42 följd
1215 769 41 32 af
1275 770 122 32 beslut
1421 770 59 33 vid
1504 771 219 41 föregående
1748 773 204 42 riksdagar.

1156 868 22 46 8
1216 869 33 34 7.

533 951 206 48 Riksdagen
769 954 63 35 har
859 955 38 34 år
928 956 99 34 1879
1059 956 54 35 till
1141 956 139 48 Kungl.
1312 958 123 46 Maj:ts
1459 959 224 48 förfogande,
1704 961 55 35 för
1778 964 63 41 att,
1863 960 45 50 på
1927 964 70 34 sätt

399 1003 66 36 och
493 1004 12 35 i
533 1005 66 35 den
629 1006 165 48 ordning,
823 1007 139 48 Kungl.
992 1009 106 47 Maj:t
1117 1009 115 36 skulle
1251 1014 66 43 äga
1337 1013 52 34 att
1408 1015 159 33 närmare
1588 1013 210 45 bestämma,
1819 1015 177 36 användas

399 1057 56 36 till
483 1058 108 48 inköp
620 1059 36 35 af
680 1059 588 52 Hallsberg—Motala—Mjölby
1284 1064 149 47 järnväg
1452 1065 114 36 tillika
1584 1067 82 34 med
1685 1067 65 35 allt
1766 1068 93 35 hvad
1878 1068 118 36 därtill

400 1111 114 44 hörer,
544 1112 94 34 såväl
666 1113 73 35 fast
767 1126 75 23 som
869 1114 79 43 löst,
979 1116 114 35 såsom
1123 1116 288 48 husbyggnader,
1447 1118 108 48 rörlig
1585 1120 169 44 materiel,
1782 1121 213 36 reservdelar

398 1163 57 36 till
487 1164 197 37 lokomotiv
726 1167 67 35 och
834 1180 144 35 vagnar,
1022 1169 396 37 verkstadsinventarier
1446 1172 66 35 och
1540 1172 162 49 redskap,
1738 1174 161 47 telegraf-
1928 1175 65 35 och

399 1217 448 51 signaleringsinrättning,
891 1221 97 35 ställt
1021 1224 52 33 ett
1104 1223 130 48 belopp
1263 1224 37 34 af
1336 1225 106 46 högst
1484 1227 209 43 4,000,000
1737 1227 133 36 kronor
1902 1234 91 29 samt

398 1271 234 47 bemyndigat
673 1273 227 48 fullmäktige
944 1275 11 34 i
988 1275 343 48 riksgäldskontoret
1369 1280 53 33 att
1454 1291 130 35 genom
1618 1280 215 48 försäljning
1872 1282 37 35 af
1948 1282 43 34 då

398 1324 221 36 återstående
653 1326 120 36 osålda
806 1327 246 46 obligationer,
1087 1329 216 37 tillhörande
1332 1343 81 23 vare
1442 1333 55 46 sig
1529 1334 99 35 1872
1660 1333 84 36 eller
1774 1334 100 35 1875
1906 1334 86 36 eller

400 1378 101 34 1878
531 1378 55 35 års
614 1380 160 44 statslån,
804 1381 158 35 anskaffa
990 1382 42 35 de
1061 1383 119 35 härför
1209 1383 131 48 nödiga
1367 1385 151 45 medlen,
1549 1386 55 35 för
1622 1388 54 34 att
1700 1387 12 34 i
1731 1388 159 46 enlighet
1909 1388 82 35 med

397 1430 138 48 Kungl.
566 1432 126 47 Maj:ts
721 1433 116 36 beslut
865 1435 190 45 utbetalas;
1086 1436 66 34 och
1181 1437 136 47 åligger
1345 1438 59 34 det
1432 1438 101 35 alltså
1560 1439 344 47 riksgäldskontoret
1938 1443 53 33 att

396 1484 270 36 tillhandahålla
696 1487 67 34 och
792 1487 192 47 behörigen
1014 1488 157 35 utbetala
1200 1489 95 35 hvad
1323 1490 37 34 af
1388 1491 154 35 nämnda
1570 1492 122 48 anslag
1720 1496 96 32 ännu
1836 1495 32 46 ej
1888 1494 98 47 lyfts.

1152 1595 23 45 8
1206 1596 33 35 8.

526 1653 206 48 Riksdagen
761 1655 65 35 har
853 1656 38 34 år
923 1657 97 34 1898
1052 1657 164 45 beslutat,
1247 1660 53 34 att
1327 1659 55 35 till
1410 1659 359 48 odlingslånefonden
1798 1664 58 33 må
1876 1663 113 35 under

392 1706 105 35 hvart
535 1707 36 34 af
598 1708 83 34 åren
710 1708 258 36 1899—1903
999 1711 32 45 ej
1061 1711 139 35 mindre
1234 1712 85 47 ingå
1352 1712 43 36 de
1423 1713 55 35 till
1505 1714 255 37 statskontoret
1792 1715 195 48 inflytande

392 1759 201 36 annuiteter
620 1759 20 35 å
669 1761 217 47 odlingslån,
916 1765 44 32 än
990 1764 103 34 äfven
1123 1764 36 35 af
1186 1764 352 47 riksgäldskontoret,
1576 1767 3 34 i
1608 1769 82 34 mån
1728 1769 37 34 af
1785 1769 109 36 behof
1921 1770 66 35 och

392 1813 95 47 uppå
514 1813 208 36 rekvisition
752 1815 36 35 af
815 1815 140 48 Kungl.
976 1816 117 48 Maj:t,
1116 1817 237 37 öfverlämnas
1373 1820 113 35 medel
1505 1820 55 35 till
1579 1822 37 34 så
1636 1823 91 34 stort
1745 1822 139 47 belopp,
1910 1835 76 22 som

389 1865 112 46 jämte
530 1866 42 36 de
599 1867 56 35 till
683 1867 135 36 fonden
845 1869 174 47 ingående
1047 1871 202 35 annuiteter
1278 1872 69 35 kan
1376 1873 173 36 erfordras
1568 1874 55 35 till
1647 1874 159 48 fyllande
1825 1875 37 35 af
1880 1876 106 47 högst

393 1930 42 23 en
465 1919 137 36 million
631 1920 133 36 kronor
792 1922 146 47 årligen,
968 1926 92 33 samt
1087 1926 52 33 att
1158 1924 347 48 riksgäldskontoret
1529 1927 89 35 skall
1642 1928 37 35 af
1698 1928 134 35 fonden
1852 1929 133 35 erhålla

390 1972 222 47 godtgörelse
640 1974 57 35 för
724 1975 68 35 den
825 1975 222 49 ränteutgift,
1082 1989 76 24 som
1191 1991 130 34 genom
1354 1980 145 35 berörda
1534 1981 131 35 medels
1698 1981 286 37 öfverlämnande

389 2025 56 35 till
474 2026 134 36 fonden
636 2027 57 35 för
721 2028 342 47 riksgäldskontoret
1091 2031 208 36 förorsakas.

1136 2128 23 47 8
1190 2130 34 35 9.

522 2193 69 35 Till
618 2195 275 37 låneunderstöd
921 2198 56 35 för
1001 2198 158 36 enskilda
1177 2200 189 47 järnvägar
1385 2201 62 34 har
1471 2202 97 34 1896
1590 2203 55 34 års
1661 2203 160 46 Riksdag
1837 2202 147 49 beviljat

390 2248 67 34 och
486 2247 98 36 ställt
607 2248 55 35 till
691 2250 140 48 Kungl.
863 2251 127 47 Maj:ts
1019 2251 208 49 disposition
1259 2255 52 34 ett
1339 2257 96 32 extra
1463 2254 122 48 anslag
1613 2256 37 34 af
1678 2256 207 43 7,500,000
1905 2257 79 35 kro-
