1870 2802
282 140 39 30 24
603 140 119 31 Andra
740 141 229 37 lagutskottets
985 141 173 31 utlåtande
1174 151 43 20 nr
1234 144 57 35 54;
1310 141 134 38 bilagor.

283 229 190 38 vägningen
494 229 78 31 eller
594 229 229 38 inmätningen
845 240 41 20 av
908 230 64 31 den
993 240 89 27 vara,
1105 241 68 20 som
1195 231 83 30 skall
1299 231 180 36 befraktas,
1501 231 55 31 ske
1578 232 43 37 på
1643 234 47 28 ett
1711 231 58 30 lik-

282 274 134 38 värdigt
437 275 75 36 sätt,
535 274 102 30 vilket
660 274 206 37 förutsätter,
889 278 50 27 att
961 275 240 38 bedömningen
1223 276 73 30 sker
1318 276 104 37 enligt
1444 276 173 30 ensartade
1639 285 130 21 normer

283 319 58 30 och
360 329 40 20 av
418 318 148 38 opartisk
584 318 198 31 institution.
800 319 80 30 Man
897 320 61 30 har
976 319 69 31 icke
1064 319 179 39 anledning
1262 324 49 27 att
1329 321 78 37 säga
1425 324 49 27 att
1492 321 35 30 så
1544 320 120 31 hittills
1682 320 87 30 varit

284 363 103 31 fallet.
408 363 221 31 Beträffande
648 363 56 31 det
722 363 92 31 virke
832 374 69 21 som
920 368 243 34 transporteras
1183 365 11 29 i
1213 375 40 21 en
1272 365 59 30 och
1351 375 124 20 samma
1494 365 166 31 allmänna
1679 365 91 31 flott-

283 408 52 31 led
358 408 60 30 och
440 418 68 21 som
529 409 142 37 utgöres
685 419 41 20 av
748 409 68 30 dels
840 409 126 38 inköpt,
989 409 196 38 upphugget
1208 410 252 36 leveransvirke,
1485 410 69 30 dels
1576 409 92 32 virke
1692 410 78 31 från

283 462 80 28 egen
381 452 203 39 avverkning
601 463 41 21 av
659 454 19 30 å
695 457 52 27 rot
764 453 137 38 inköpta
917 457 111 35 poster
1045 454 59 30 och
1122 454 70 31 dels
1210 465 40 20 av
1267 454 92 31 virke
1378 454 77 31 från
1474 464 83 29 egna
1575 454 195 38 fastigheter

282 497 60 31 har
368 497 183 38 tillämpats
576 498 60 30 och
661 498 166 38 tillämpas
853 499 91 30 ännu
968 499 94 37 högst
1088 499 86 31 olika
1200 499 220 31 förfaranden
1445 499 57 31 vid
1527 499 243 38 behandlingen

284 542 58 31 och
365 542 238 39 inmätningen.

325 587 94 30 Inom
446 587 40 30 de
512 587 219 31 norrländska
757 587 215 32 flottlederna
997 588 61 30 har
1085 588 400 38 inmätningsföreningar
1512 588 156 31 inrättats
1696 588 74 31 med

283 631 155 31 ändamål
456 635 49 28 att
523 631 223 32 åstadkomma
764 643 40 20 en
821 633 135 30 korrekt
974 633 58 31 och
1049 633 146 31 likartad
1213 633 151 38 mätning
1382 644 41 20 av
1441 633 101 36 virke,
1562 643 68 20 som
1649 644 40 20 av
1707 642 63 21 res-

282 676 132 38 pektive
433 677 210 30 medlemmar
662 677 135 38 inköpes
816 678 79 30 eller
914 678 143 30 anmäles
1076 678 53 30 till
1148 678 159 38 mätning.
1330 678 123 31 Genom
1473 677 118 32 sådant
1611 678 159 37 enhetligt

283 721 197 31 förfarande
498 722 56 30 vid
572 721 188 39 inmätning
776 722 61 31 har
855 722 149 38 köparna
1022 723 87 30 velat
1128 722 169 31 eliminera
1317 723 39 31 de
1376 723 93 31 förut
1488 723 70 30 ofta
1578 722 192 39 tillämpade

283 766 126 30 osunda
428 766 361 38 konkurrensmetoder,
809 777 68 20 som
896 767 64 30 den
979 767 146 31 enskilda
1146 767 67 31 fria
1231 767 230 38 inmätningen
1480 766 216 39 möjliggjort,
1716 777 54 21 va-

283 810 147 38 rigenom
448 811 53 30 till
518 811 228 31 leverantören
764 812 137 31 utlovad
921 812 97 30 »bra»
1038 812 59 31 och
1118 811 155 31 »liberal»
1293 812 155 38 tumning
1468 822 40 21 av
1527 812 244 38 köpareparten

282 855 186 38 utnyttjats
486 856 52 30 för
557 859 50 28 att
625 856 128 38 reglera
771 860 47 27 ett
837 856 78 31 från
933 856 119 38 början
1071 857 160 38 enhetligt
1250 857 189 38 inköpspris
1458 857 11 30 i
1488 856 103 31 sådan
1611 856 158 38 riktning,

282 903 49 28 att
348 900 56 32 det
421 900 107 31 lockat
544 900 228 32 leverantören
788 901 53 30 till
858 901 118 31 avslut.
995 902 93 30 Inom
1105 901 252 38 köparekretsar
1374 901 61 31 har
1453 911 75 21 man
1546 901 139 31 sålunda
1703 911 66 21 rea-

284 948 92 34 gerat
399 950 68 27 mot
487 955 75 21 vars
584 945 59 32 och
665 956 56 21 ens
742 947 69 30 rätt
832 950 50 27 att
904 956 115 28 genom
1040 956 81 29 egen
1142 946 150 39 mätning
1315 946 78 31 fritt
1415 946 202 31 »behandla»
1640 946 129 38 köpvir-

282 990 55 31 ket
357 989 60 32 och
437 990 230 31 reaktionerna
687 991 147 31 häremot
854 991 62 31 har
936 991 85 38 tagit
1042 991 49 38 sig
1111 991 136 38 uttryck
1267 992 12 29 i
1299 991 172 31 bildandet
1493 1001 41 21 av
1555 991 215 38 inmätnings-

283 1034 203 39 föreningar.
504 1035 116 38 Enligt
636 1036 96 31 deras
747 1035 135 38 stadgar
900 1037 38 29 är
955 1036 54 31 det
1027 1036 229 31 medlemmens
1273 1036 69 31 icke
1359 1036 116 31 endast
1493 1037 77 35 rätt,
1588 1039 82 27 utan
1688 1037 82 29 även

283 1079 86 38 plikt
391 1083 50 27 att
464 1080 259 38 föreningsmäta
745 1080 59 31 allt
825 1080 168 38 köpvirke.
1016 1081 161 37 Köparna
1199 1081 41 31 ha
1263 1080 141 32 sålunda
1425 1080 108 38 själva
1555 1080 73 31 med
1649 1081 122 38 skärpa

282 1124 232 31 understrukit
539 1125 55 31 det
620 1125 139 37 faktum,
784 1129 49 27 att
859 1136 40 20 en
924 1125 69 31 icke
1018 1126 164 31 önskvärd
1208 1125 122 32 olikhet
1354 1125 12 30 i
1391 1125 379 38 inmätningsresultatet

284 1168 96 32 alltid
402 1168 107 39 ligger
529 1170 84 30 nära
634 1169 53 31 till
708 1169 107 32 hands
836 1173 50 28 att
908 1169 163 33 medvetet
1094 1170 79 30 eller
1196 1170 182 31 omedvetet
1403 1170 190 38 framskapa
1617 1180 51 20 om
1690 1170 80 30 mät-

283 1213 124 38 ningen
427 1214 74 30 sker
521 1224 41 21 av
582 1214 231 38 virkesägaren
834 1214 87 38 själv
942 1215 11 30 i
974 1215 110 31 stället
1104 1215 56 30 för
1181 1225 41 21 av
1243 1214 163 39 opartiskt
1427 1215 240 38 mätareorgan.

323 1256 95 33 Även
439 1269 53 21 om
513 1259 141 30 sålunda
675 1259 256 31 leveransvirket
954 1259 78 31 eller
1054 1259 174 38 köpvirket
1250 1269 138 21 numera
1411 1269 115 28 genom
1549 1259 221 31 överenskom-

283 1303 96 30 melse
404 1303 121 31 mellan
547 1304 149 38 köparna
719 1304 72 31 sker
816 1314 116 28 genom
957 1304 162 38 opartiskt
1144 1314 103 28 organ
1271 1304 168 38 tillämpas
1464 1304 210 31 fortfarande
1699 1304 72 30 ofta

283 1347 55 31 det
360 1348 110 37 sättet,
494 1351 49 28 att
563 1348 92 31 virke
678 1349 77 30 från
777 1349 137 38 inköpta
937 1348 327 39 avverkningsrätter
1286 1349 59 30 och
1368 1349 79 30 från
1470 1359 82 28 egna
1575 1348 195 38 fastigheter

283 1393 103 30 mätes
411 1402 41 21 av
476 1392 232 39 virkesägaren
733 1393 85 38 själv
842 1394 74 30 med
942 1394 40 30 de
1007 1393 243 38 ofrånkomliga
1274 1393 207 38 ojämnheter
1507 1393 11 30 i
1543 1393 226 36 bedömandet,

284 1446 68 21 som
371 1436 12 31 i
403 1437 196 38 föregående
620 1438 112 38 stycke
750 1438 256 31 understrukits.

325 1483 149 32 Givetvis
491 1483 65 31 kan
573 1493 47 21 nu
639 1483 78 31 från
734 1482 191 38 köparehåll
944 1483 133 30 anföras
1096 1486 50 28 att
1164 1482 214 32 beträffande
1397 1482 92 32 virke
1509 1483 77 30 från
1607 1492 80 29 egen
1707 1482 63 31 fas-

284 1529 106 38 tighet
410 1529 80 30 eller
509 1528 78 31 från
605 1528 118 38 rotköp
744 1528 121 37 ägaren
884 1528 59 30 bör
963 1528 83 30 hava
1067 1527 103 31 frihet
1191 1531 49 28 att
1261 1529 89 29 mäta
1369 1528 92 31 detta
1480 1528 44 37 på
1544 1528 55 30 det
1619 1528 66 30 sätt
1704 1527 67 30 han

283 1583 96 21 anser
398 1573 161 38 lämpligt,
580 1573 42 31 då
641 1573 40 37 ju
700 1571 192 39 mätningen
911 1571 174 39 härvidlag
1105 1572 11 30 i
1137 1572 190 37 jämförelse
1347 1572 74 31 med
1442 1571 253 31 förhållandena
1714 1571 57 31 vid

283 1618 131 30 direkta
434 1617 215 38 leveransköp
670 1617 69 31 icke
759 1617 139 30 innebär
917 1617 100 37 något
1038 1616 243 31 bestämmande
1303 1627 41 20 av
1364 1616 228 38 köpeskilling,
1614 1619 82 27 utan
1718 1626 52 20 en-

284 1663 74 30 dast
379 1663 98 30 berör
497 1663 138 37 ägarens
656 1671 84 29 egna
760 1661 171 31 intressen.
954 1661 70 32 Mot
1046 1661 92 31 detta
1159 1661 66 30 kan
1247 1662 42 30 då
1310 1661 137 36 erinras,
1469 1664 50 28 att
1541 1660 66 31 lika
1628 1661 54 30 väl
1704 1670 67 21 som

283 1707 57 31 vid
363 1707 214 38 leveransköp
602 1716 41 21 en
665 1706 119 31 rättvis
808 1706 59 31 och
890 1706 146 37 objektiv
1059 1705 151 39 mätning
1233 1705 61 31 har
1317 1716 41 20 av
1380 1705 244 38 köpareparten
1648 1708 124 27 ansetts

282 1751 193 39 nödvändig
498 1761 115 29 genom
636 1750 422 39 mätningsföreningarnas
1080 1750 199 31 medverkan
1302 1751 36 30 så
1359 1751 60 30 bör
1441 1750 12 30 i
1475 1750 200 31 konsekvens
1698 1749 72 31 här-

283 1797 74 31 med
382 1797 96 30 också
502 1796 45 31 all
571 1796 160 38 mätning,
757 1806 67 21 som
847 1796 107 38 ligger
978 1796 52 31 till
1055 1795 165 39 grundval
1245 1795 54 31 för
1322 1795 175 31 åsättande
1523 1805 40 21 av
1587 1805 40 20 en
1652 1794 119 31 rättvis

284 1841 243 36 fraktkostnad,
546 1840 90 32 bliva
654 1840 117 32 utförd
790 1841 43 38 på
852 1840 137 32 likartat
1009 1841 75 36 sätt,
1105 1843 126 28 oavsett
1251 1840 153 31 varifrån
1424 1840 56 31 det
1500 1839 91 32 virke
1612 1839 158 31 härstam-

284 1896 80 27 mar,
384 1896 69 21 som
471 1885 83 32 skall
571 1885 170 31 befraktas
759 1885 12 30 i
790 1895 40 21 en
849 1886 60 30 och
927 1895 122 21 samma
1070 1884 142 31 flottled.

325 1931 91 31 Utan
439 1931 172 38 undantag
635 1930 187 31 ankommer
846 1930 55 31 det
924 1930 44 38 på
991 1930 228 31 leverantören
1243 1929 218 39 skogsägaren
1486 1932 49 28 att
1559 1929 109 31 direkt
1692 1929 79 30 eller

283 1975 147 32 indirekt
447 1975 108 31 betala
572 1975 189 38 flottnings-
778 1985 41 21 m.
838 1975 38 30 fl.
893 1974 186 39 kostnader,
1097 1974 60 31 och
1175 1974 55 32 det
1248 1975 37 29 är
1304 1974 116 31 därför
1439 1974 53 31 för
1510 1974 108 31 denna
1635 1979 77 33 part
1730 1984 41 20 av

283 2021 122 30 största
423 2020 137 31 intresse
579 2023 50 27 att
647 2019 93 32 dessa
757 2019 178 31 kostnader
951 2019 47 31 bli
1015 2020 35 30 så
1068 2019 136 31 rättvist
1223 2018 171 32 fördelade
1413 2029 68 20 som
1499 2018 131 38 möjligt
1650 2019 43 37 på
1711 2018 61 30 allt

284 2065 167 38 tillsläppt
472 2064 100 31 virke.
594 2065 121 30 Därest
735 2064 59 32 allt
815 2064 173 31 flottvirke
1008 2063 181 32 behandlas
1209 2065 43 37 på
1273 2073 124 21 samma
1416 2064 67 30 sätt
1505 2064 30 30 d.
1557 2074 30 20 v.
1609 2073 24 21 s.
1656 2072 114 29 genom

283 2109 150 39 opartisk
460 2109 150 39 mätning
638 2119 41 21 av
706 2108 322 39 mätningsförening
1055 2108 145 31 kommer
1228 2108 69 31 icke
1325 2108 116 31 endast
1469 2107 220 31 kostnaderna
1718 2107 53 30 för

283 2154 188 38 inmätning
489 2157 49 28 att
555 2154 114 31 kunna
685 2154 183 36 reduceras,
886 2157 84 28 utan
985 2153 196 38 underlaget
1200 2153 53 30 för
1270 2152 400 39 flottningskostnaderna
1689 2153 81 30 även

284 2202 51 28 att
351 2199 90 31 bliva
460 2199 143 38 rättvist,
624 2199 42 31 då
685 2199 135 31 därmed
839 2199 95 37 varje
954 2198 190 38 godtycklig
1163 2197 201 39 behandling
1383 2198 60 30 och
1462 2197 189 38 inmätning
1670 2207 40 21 av
1731 2206 39 20 en

284 2243 191 32 befraktare
497 2243 214 32 beträffande
734 2247 72 35 eget
828 2243 94 31 virke
944 2243 238 37 omöjliggöres.

324 2288 69 31 För
416 2289 65 30 den
504 2288 145 31 enskilde
673 2288 218 38 skogsägaren
915 2288 110 38 lägges
1049 2288 63 30 den
1137 2287 187 38 inmätning
1349 2298 40 20 av
1412 2287 83 30 hans
1519 2285 251 36 leveransvirke,

283 2342 68 21 som
371 2333 76 31 sker
466 2344 41 20 av
525 2333 368 38 inmätningsförening,
914 2332 53 32 till
986 2332 109 39 grund
1116 2332 54 31 för
1188 2332 83 31 hans
1292 2331 206 31 deklaration
1518 2331 53 31 till
1591 2329 180 39 skogsaccis

283 2377 58 31 och
358 2377 241 32 inkomstskatt.
616 2377 220 32 Beträffande
851 2377 94 31 virke
960 2377 78 31 från
1053 2377 117 38 rotköp
1187 2377 59 30 och
1263 2376 77 31 från
1357 2386 83 28 egna
1457 2375 195 39 fastigheter
1668 2374 104 38 gäller

283 2421 12 31 i
311 2421 180 32 allmänhet
506 2433 123 21 samma
646 2423 66 30 sak.
729 2423 51 30 Då
796 2422 60 31 bör
872 2422 95 31 också
984 2421 102 38 enligt
1102 2421 267 31 riksförbundets
1387 2420 216 31 förmenande
1621 2418 150 38 mätning

284 2466 12 30 i
318 2476 82 28 egen
424 2467 69 38 regi
517 2467 69 31 icke
610 2467 158 39 godtagas
791 2470 83 27 utan
899 2467 203 30 överlämnas
1125 2466 53 31 till
1203 2466 147 38 opartisk
1374 2465 151 38 mätning
1551 2474 114 29 genom
1691 2464 79 29 mät-
