1936 2820
612 173 102 29 Andra
736 171 199 37 lagutskottets
956 169 150 29 utlåtande
1127 169 49 28 Nr
1199 169 27 28 2.
1649 163 20 31 5

851 455 61 41 Nr
951 455 38 40 2.

506 578 127 28 Ankom
656 577 49 28 till
729 576 190 37 riksdagens
942 574 104 28 kansli
1070 573 62 28 den
1159 572 13 27 1
1198 571 140 29 februari
1364 570 80 28 1938
1467 569 40 28 kl.
1533 569 18 27 2
1580 577 25 19 e.
1630 577 40 19 m.

484 669 194 37 Utlåtande
704 668 14 36 i
746 667 194 49 anledning
978 679 44 23 av
1059 665 102 36 väckt
1188 664 132 36 motion
1349 676 56 23 om
1434 661 239 49 upphävande

568 743 44 23 av
640 730 66 35 3a
733 731 22 42 $
783 729 14 35 i
825 728 103 48 lagen
970 727 66 35 den
1072 725 52 36 28
1161 724 76 48 maj
1265 723 98 36 1920
1391 735 55 24 om
1473 721 158 48 medling
1660 721 14 35 i

567 790 244 36 arbetstvister.

222 901 19 32 I
261 911 44 21 en
324 901 94 31 inom
439 900 105 32 andra
563 899 193 32 kammaren
776 897 108 38 väckt,
906 896 55 32 till
981 894 189 43 lagutskott
1191 892 167 32 hänvisad
1378 891 139 37 motion,
1539 900 40 20 nr
1601 888 68 37 106,

172 952 113 32 vilken
305 951 205 32 behandlats
532 961 40 21 av
594 950 105 31 andra
720 947 234 43 lagutskottet,
976 946 61 32 har
1058 945 79 32 herr
1158 943 187 40 Brädefors
1365 953 42 20 m.
1430 942 37 40 fl.
1489 939 184 38 hemställt,

172 1005 50 30 att
248 1003 182 41 riksdagen
457 1003 104 30 måtte
588 1000 135 32 besluta
749 998 160 43 upphäva
937 997 118 42 »lagen
1083 1007 55 20 om
1164 994 110 32 varsel
1302 994 12 31 i
1342 991 331 34 arbetskonflikter».

177 1053 166 43 (Härmed
364 1064 98 21 avses
485 1053 51 31 3a
556 1051 21 42 8
599 1051 12 31 i
632 1051 99 41 lagen
753 1061 55 20 om
830 1048 153 41 medling
1004 1048 12 30 i
1036 1045 260 41 arbetstvister.)

226 1103 224 33 Beträffande
476 1103 42 32 de
543 1101 83 38 skäl,
652 1112 73 21 som
752 1100 133 32 anförts
911 1099 54 31 till
991 1098 78 32 stöd
1096 1097 53 31 för
1175 1097 110 31 denna
1310 1094 214 38 hemställan,
1551 1093 51 32 får
1628 1094 47 30 ut-

173 1156 128 31 skottet
322 1154 144 32 hänvisa
488 1153 54 32 till
565 1153 183 31 motionen.

226 1240 51 32 3a
300 1239 21 42 8
344 1239 11 31 i
379 1239 100 41 lagen
502 1238 66 32 den
590 1240 42 29 28
655 1236 69 41 maj
746 1238 83 29 1920
853 1245 54 22 om
930 1233 151 41 medling
1104 1232 12 32 i
1139 1230 237 33 arbetstvister
1401 1232 36 29 är
1460 1240 40 21 av
1524 1227 151 43 följande

173 1290 143 42 lydelse:

227 1358 111 31 Innan
368 1355 307 34 arbetsinställelse
704 1355 156 41 vidtages
889 1352 97 39 skall,
1017 1352 115 32 därest
1161 1349 115 43 giltigt
1304 1348 124 33 hinder
1456 1347 73 32 icke
1559 1348 117 36 möter,

174 1401 250 32 underrättelse
442 1411 55 20 om
515 1399 162 41 åtgärden
696 1398 130 31 lämnas
844 1395 171 32 motsidan
1034 1396 160 30 ävensom
1213 1392 353 40 förlikningsmannen
1585 1389 91 36 eller,

175 1454 55 21 om
259 1443 128 32 tvisten
414 1442 102 32 berör
543 1442 86 30 flera
657 1439 304 41 förlikningsmäns
988 1434 407 37 verksamhetsområden,
1425 1444 42 20 en
1496 1443 40 20 av
1565 1431 112 32 förlik-

175 1485 249 42 ningsmännen
448 1484 66 31 sist
539 1485 19 29 å
582 1482 124 42 sjunde
730 1481 110 41 dagen
865 1481 73 30 före
964 1479 65 31 den
1054 1478 74 41 dag,
1154 1477 44 31 då
1222 1476 163 42 åtgärden
1411 1475 87 32 skall
1522 1477 78 39 taga
1624 1474 54 31 sin

174 1528 131 41 början.
340 1527 129 32 Finnas
492 1528 19 29 å
533 1525 172 32 motsidan
727 1521 262 43 oorganiserade
1012 1520 163 37 arbetare,
1199 1521 54 29 må
1274 1517 283 37 underrättelsen,
1580 1517 12 30 i
1613 1516 65 31 vad

176 1570 65 31 den
259 1580 98 21 avser
373 1568 147 32 nämnda
537 1567 163 36 arbetare,
719 1566 59 31 ske
797 1576 122 31 genom
936 1564 140 31 allmänt
1095 1561 134 42 synliga
1246 1560 119 42 anslag
1381 1562 20 29 å
1418 1558 258 43 arbetsplatsen.

176 1611 285 33 Underrättelsen
495 1610 86 32 skall
613 1608 173 32 innehålla
819 1606 217 42 redogörelse
1070 1605 54 31 för
1158 1603 229 41 anledningen
1420 1602 53 31 till
1506 1601 171 42 åtgärden.

228 1654 180 32 Förseelse
433 1655 71 29 mot
527 1651 302 32 bestämmelserna
853 1649 12 31 i
889 1649 109 31 första
1022 1647 133 42 stycket
1180 1646 138 32 straffes
1343 1645 77 31 med
1445 1645 107 37 böter,
1577 1644 102 41 högst

175 1697 62 32 300
254 1696 134 32 kronor.
417 1694 80 32 Åtal
516 1695 53 31 för
586 1693 188 32 förseelsen
792 1691 272 41 anhängiggöres
1083 1689 58 31 vid
1158 1689 125 31 allmän
1301 1687 149 32 domstol
1468 1687 63 31 och
1548 1687 131 31 utföres

176 1750 41 20 av
237 1738 124 32 allmän
382 1737 166 42 åklagare.
569 1735 157 32 Ådömda
745 1735 99 31 böter
864 1733 139 32 tillfalla
1022 1732 139 31 kronan.
1186 1730 130 32 Saknas
1338 1730 144 41 tillgång
1503 1729 53 31 till
1578 1728 98 32 deras

177 1780 177 43 gäldande,
375 1780 97 31 skola
492 1779 41 32 de
554 1778 195 32 förvandlas
770 1776 107 41 enligt
898 1776 124 31 allmän
1042 1774 167 40 strafflag.

229 1865 69 31 Vid
314 1867 83 29 1935
415 1865 55 31 års
486 1863 139 40 riksdag
641 1861 182 32 framlades
842 1860 11 31 i
870 1859 216 42 proposition
1104 1869 41 20 nr
1160 1858 41 31 32
1219 1857 128 41 förslag
1363 1856 54 31 till
1435 1856 55 41 lag
1506 1854 173 42 angående

177 1915 121 42 tillägg
325 1915 54 31 till
406 1914 100 41 lagen
533 1924 54 20 om
615 1911 151 41 medling
792 1911 12 31 i
831 1909 247 37 arbetstvister,
1107 1906 356 33 överensstämmande
1489 1906 77 31 med
1594 1916 86 21 ovan

178 1965 174 41 återgivna
375 1965 50 31 3a
448 1963 30 42 8.

230 2016 19 31 I
270 2014 271 43 propositionen,
564 2013 72 31 vari
657 2012 129 31 lämnas
811 2022 42 21 en
875 2009 143 42 utförlig
1040 2008 216 42 redogörelse
1280 2008 54 31 för
1355 2005 240 43 lagförslagets
1618 2006 63 31 för-

177 2065 154 38 historia,
356 2065 54 31 till
435 2064 114 32 vilken
573 2063 167 32 utskottet
764 2063 52 31 får
839 2061 152 37 hänvisa,
1015 2060 130 31 erinras
1169 2058 104 32 bland
1298 2060 112 35 annat,
1436 2059 49 30 att
1510 2057 65 31 den
1600 2068 24 20 s.
1650 2056 29 31 k.

179 2114 521 34 trettonmannakommissionen
733 2113 11 31 i
776 2114 19 30 6
829 2112 21 42 8&
881 2123 41 20 av
955 2111 61 32 sitt
1048 2110 130 41 förslag
1210 2109 54 31 till
1297 2109 55 41 lag
1384 2108 174 42 angående
1590 2107 92 31 vissa

179 2167 220 32 ekonomiska
435 2165 265 41 stridsåtgärder
738 2164 49 41 (se
823 2162 215 32 betänkande
1075 2162 131 30 statens
1244 2159 182 41 offentliga
1461 2158 221 41 utredningar

180 2218 91 31 1934:
288 2217 50 41 16)
370 2216 158 42 upptagit
555 2227 41 20 en
623 2214 241 33 bestämmelse
891 2224 54 20 om
972 2212 70 31 viss
1070 2209 339 43 underrättelseplikt
1436 2209 53 31 för
1515 2208 166 41 förening,

179 2279 73 20 som
276 2267 61 31 vill
361 2266 138 41 vidtaga
522 2264 220 42 massåtgärd.
778 2263 120 41 Enligt
923 2263 95 31 detta
1041 2261 188 41 stadgande
1254 2260 109 31 skulle
1390 2259 150 41 skriftlig
1564 2258 118 32 under-

180 2318 139 31 rättelse
339 2328 54 20 om
413 2316 162 42 åtgärden
594 2315 140 37 lämnas,
753 2314 149 30 bortsett
922 2313 75 30 från
1017 2312 86 31 visst
1123 2311 70 36 fall,
1215 2310 104 31 minst
1339 2321 42 20 en
1401 2309 102 32 vecka
1522 2309 11 30 i
1555 2309 125 40 förväg.

179 2368 19 31 I
236 2367 287 32 kommissionens
562 2364 334 43 specialmotivering
934 2362 206 37 framhålles,
1179 2361 105 31 bland
1323 2362 112 36 annat,
1476 2362 50 29 att
1565 2359 117 31 under-

179 2417 273 42 rättelseplikten
475 2417 71 31 ofta
568 2416 112 31 kunde
702 2426 100 20 anses
825 2413 165 42 fullgjord
1013 2423 120 31 genom
1156 2412 64 31 vad
1243 2422 72 20 som
1339 2410 215 31 förekommit
1576 2409 107 32 under

181 2468 266 41 förhandlingar.
491 2466 99 32 Hade
634 2465 206 42 exempelvis
881 2464 58 31 vid
981 2462 258 41 förhandlingar
1279 2472 54 20 om
1375 2460 226 42 upprättande
1643 2471 39 20 av
