2251 2655
786 147 249 33 Statsutskottets
1057 146 163 33 utlåtande
1242 147 51 31 Nr
1314 147 30 31 2.
1799 146 15 31 1

1002 537 59 39 Nr
1089 538 37 40 2.

784 695 112 27 Ankom
915 695 43 27 till
976 695 180 35 Riksdagens
1175 694 93 27 kansli
1288 694 53 27 den
1359 694 16 27 7
1393 693 122 28 februari
1534 694 68 27 1913
1620 693 38 28 kl.
1677 694 17 27 3
1713 704 22 17 e.
1755 704 35 17 m.

470 837 200 46 Utlåtande,
713 837 179 48 angående
935 837 217 48 regleringen
1194 849 43 23 av
1278 835 196 49 utgifterna
1513 837 113 35 under
1652 837 210 36 riksstatens

663 907 138 35 andra
829 906 205 47 huvudtitel,
1063 906 247 47 innefattande
1337 906 168 48 anslagen
1524 906 56 36 till
1591 907 269 47 justitiedepar-

662 980 166 33 tementet.

1494 1026 72 51 (3:e
1594 1027 111 50 Avd.)

875 1181 371 49 Departementet.

395 1289 72 50 1:0o)
495 1290 18 36 I
541 1290 73 36 den
642 1289 57 36 till
727 1288 221 49 Riksdagen
977 1288 73 36 den
1081 1290 46 34 14
1152 1287 150 49 januari
1333 1289 95 35 1913
1460 1287 151 37 avlåtna
1634 1288 227 50 propositio-

263 1357 74 23 nen
366 1341 197 51 angående
587 1340 246 38 statsverkets
861 1340 169 36 tillstånd
1059 1340 71 36 och
1158 1340 124 36 behov
1309 1340 68 36 har
1403 1340 142 49 Kungl.
1575 1340 109 49 Maj:t
1710 1342 11 35 i
1740 1340 123 49 punkt

265 1398 18 34 1
313 1395 121 37 under
462 1394 116 36 andra
605 1393 242 36 huvudtiteln
876 1392 197 48 föreslagit
1102 1392 218 49 Riksdagen
1349 1397 55 31 att
1432 1392 56 36 till
1506 1392 235 49 provisorisk
1760 1393 101 36 löne-

262 1447 194 50 reglering
497 1447 59 35 för
596 1444 376 48 befattningshavare
1000 1444 12 36 i
1035 1443 461 51 justitiedepartementet,
1525 1445 12 35 1
1566 1444 168 49 enlighet
1776 1445 85 36 med

263 1500 45 37 de
346 1513 46 23 av
421 1497 416 51 departementschefen
865 1496 209 49 tillstyrkta
1101 1496 166 48 grunder
1294 1496 70 37 och
1391 1498 49 48 på
1469 1497 45 36 de
1543 1510 46 23 av
1616 1496 140 37 honom
1785 1497 75 37 för-

263 1552 138 36 ordade
442 1551 149 47 villkor,
621 1552 21 34 å
670 1554 107 32 extra
819 1553 75 32 stat
935 1548 58 36 för
1035 1551 39 33 år
1112 1550 98 34 1914
1239 1548 138 49 bevilja
1406 1554 54 31 ett
1487 1548 300 50 förslagsanslag
1815 1563 47 22 av

265 1605 112 47 5,345
419 1603 152 46 kronor,
612 1615 117 22 varav
770 1601 115 48 högst
929 1601 71 35 100
1042 1600 138 37 kronor
1220 1603 61 34 må
1319 1601 192 36 användas
1540 1601 57 36 till
1624 1601 164 48 höjning
1816 1615 47 23 av

262 1654 397 48 vikariatsersättning
686 1653 121 37 under
836 1657 181 32 semester
1045 1652 69 37 och
1142 1666 116 23 varav
1289 1654 71 35 100
1389 1652 138 37 kronor
1555 1655 61 34 må
1641 1666 46 23 av
1717 1653 143 49 Kungl.

263 1708 108 49 Maj:t
397 1707 232 37 utanordnas
657 1705 121 37 under
806 1708 40 33 år
877 1706 96 34 1913
1003 1704 242 37 förskottsvis
1275 1718 46 23 av
1340 1705 242 49 tillgängliga
1601 1705 121 36 medel
1738 1707 124 34 såsom

263 1761 137 47 tillägg
440 1760 55 35 till
525 1759 63 36 det
614 1758 13 36 i
657 1759 97 35 1913
784 1760 60 34 års
872 1757 157 36 riksstat
1057 1757 58 36 för
1143 1770 144 23 samma
1314 1757 174 36 ändamål
1517 1757 179 37 anvisade
1723 1757 138 49 belopp

264 1815 20 33 å
314 1813 111 46 5,195
455 1811 149 36 kronor.

393 1862 240 38 Beträffande
659 1861 256 48 utredningen
942 1862 13 35 i
983 1865 127 32 ämnet
1138 1861 58 35 får
1223 1860 185 37 utskottet
1435 1861 158 36 hänvisa
1620 1861 57 35 till
1711 1860 152 37 sidorna

265 1917 149 36 20—27
445 1915 12 36 i
486 1913 422 50 statsrådsprotokollet.

393 2019 59 36 Då
492 2018 189 36 utskottet
721 2017 82 36 icke
844 2017 68 36 har
940 2020 117 45 något
1086 2021 54 31 att
1168 2016 120 36 erinra
1317 2016 169 37 däremot
1514 2021 53 32 att
1595 2016 116 37 sådan
1738 2018 124 48 provi-

265 2071 124 37 sorisk
430 2069 319 49 löneförbättring
788 2069 59 36 för
887 2068 378 49 befattningshavare
1297 2068 12 36 i
1338 2068 413 50 statsdepartementen,
1781 2082 81 24 som

264 2123 205 50 medgivits
507 2122 61 37 för
609 2124 90 34 åren
742 2122 265 46 1911—1913,
1041 2119 156 38 beredes
1226 2120 85 37 dem
1340 2125 95 32 även
1464 2121 58 36 för
1550 2121 313 37 nästkommande

265 2179 41 33 år
346 2188 139 37 genom
526 2174 239 50 uppförande
793 2174 12 36 i
832 2174 205 35 riksstaten
1077 2186 46 22 av
1161 2177 106 31 extra
1295 2173 132 48 anslag
1454 2173 121 36 under
1603 2173 46 36 de
1678 2173 185 37 särskilda

395 2255 30 57 )
442 2250 137 68 Hänvisar
597 2277 43 27 till
659 2276 90 37 punkt
767 2277 9 26 i
794 2276 102 36 Kungl.
916 2275 99 37 Maj:ts
1033 2276 183 35 proposition.

352 2324 129 42 Bihang
504 2323 48 32 till
575 2322 197 42 Riksdagens
790 2322 156 41 protokoll
972 2322 92 32 1913.
1111 2322 21 31 6
1154 2321 90 32 saml.
1289 2322 21 30 2
1332 2320 79 42 häft.
1456 2320 67 40 (Nr
1545 2321 46 34 2.)
1799 2321 16 31 1

1905 1302 163 23 Provisorisk

1891 1337 185 31 lönereglering

1906 1373 43 30 för
1968 1373 118 29 departe-

1933 1409 99 23 mentet.

1925 1442 115 49 01.)

1917 2034 136 22 Utskottets

1915 2069 130 29 yttrande.
