2268 2592
484 104 41 30 20
959 106 234 42 Lagutskottets
1222 108 170 31 Utlåtande
1415 110 64 30 N:o
1504 112 51 29 38.

441 194 48 44 på
530 192 127 47 grund
698 192 40 36 af
763 194 85 48 laga
876 193 137 45 förfall,
1044 195 215 35 underlåter
1287 201 55 30 att
1367 204 92 39 göra
1486 200 171 33 anmälan
1688 213 60 22 om
1777 199 177 46 förfallet,
1985 203 93 34 eller

442 243 13 33 i
486 243 46 34 60
562 240 23 46 $
613 242 240 38 föreskrifves
895 258 60 22 om
984 245 203 47 krigsman,
1217 258 79 23 som
1324 259 135 35 genom
1489 249 220 47 stympning
1736 252 90 33 eller
1854 252 223 36 annorledes

441 293 239 48 uppsåtligen
720 301 69 42 gör
828 295 58 46 sig
928 295 157 48 oduglig
1124 297 58 34 till
1210 296 248 49 uppfyllande
1486 298 41 36 af
1552 300 57 35 sin
1638 299 438 51 krigstjänstskyldighet

442 343 121 36 under
590 345 131 47 längre
750 346 88 34 eller
866 346 149 35 kortare
1044 346 66 43 tid,
1141 353 67 41 äge
1237 349 261 35 motsvarande
1524 350 243 49 tillämpning
1787 354 20 32 å
1825 353 251 48 värnpliktige

442 399 97 30 samt
579 395 63 35 vid
684 396 91 35 lots-
816 395 67 35 och
924 395 366 49 fyrinrättningarna
1333 399 184 36 anställda
1559 413 176 35 personer
1775 403 69 34 och
1887 404 189 35 officerare

443 444 61 35 vid
546 452 89 41 väg-
677 446 68 35 och
788 446 452 48 vattenbyggnadskåren,
1284 449 112 35 sedan
1426 450 44 35 de
1498 451 11 34 i
1539 451 239 49 vederbörlig
1816 453 162 48 ordning
2018 455 57 34 in-

440 494 136 36 kallats
606 501 54 30 att
688 495 165 45 fullgöra
881 496 82 35 dem
993 497 198 47 åliggande
1216 499 489 50 tjänstgöringsskyldighet
1724 503 62 35 vid
1807 504 267 47 krigsmakten.

1178 667 19 34 6
1229 665 107 36 KAP.

700 760 71 32 Om
794 769 156 32 uppror,
978 764 170 38 upplopp
1172 765 73 30 och
1269 765 155 38 olofliga
1447 769 363 31 sammankomster.

573 945 145 38 Samlar
748 948 57 47 sig
832 948 181 48 krigsfolk
1041 951 157 46 tillhopa
1227 952 69 34 och
1324 953 128 46 lägger
1480 953 63 36 det
1572 958 135 44 uppsåt
1734 960 20 31 å
1782 957 94 47 daga
1904 963 54 30 att
1987 959 83 35 med

436 995 175 37 förenadt
652 997 86 36 våld
774 1004 96 30 sätta
899 1000 58 46 sig
985 1013 77 35 upp
1091 1007 99 30 emot
1218 1001 283 51 verkställighet
1530 1004 40 35 af
1595 1004 164 37 förmans
1788 1007 77 35 bud
1893 1009 91 35 eller
2014 1015 55 29 att

435 1047 133 48 tvinga
595 1046 149 37 förman
771 1050 58 34 till
857 1053 123 43 någon
1014 1051 277 49 ämbetsåtgärd
1320 1052 90 37 eller
1437 1059 55 31 att
1521 1055 58 35 för
1608 1056 115 35 sådan
1751 1058 132 45 åtgärd
1903 1058 164 44 hämnas,

435 1109 87 23 men
562 1097 122 36 vända
725 1098 45 36 de
812 1109 246 38 upprorsmän
1099 1105 48 44 på
1185 1102 164 36 förmans
1392 1104 208 48 befallning
1633 1109 81 33 åter
1741 1107 59 36 till
1828 1108 141 49 lydnad
1999 1110 68 35 och

435 1147 177 48 ordning;
643 1148 48 35 då
719 1150 102 34 skola
849 1150 195 36 anstiftare
1073 1152 91 35 eller
1192 1152 172 37 anförare
1393 1154 127 36 dömas
1548 1156 57 35 till
1634 1157 233 36 straffarbete
1896 1158 82 36 från
2000 1160 67 34 och

434 1198 85 35 med
562 1203 54 30 ett
658 1198 58 36 till
758 1200 67 35 och
854 1201 86 35 med
968 1207 57 29 tre
1054 1205 41 32 år
1122 1203 68 34 och
1220 1203 45 36 de
1293 1203 120 48 öfriga
1440 1205 58 35 till
1526 1205 166 49 fängelse
1719 1209 13 34 i
1761 1209 109 46 högst
1898 1222 64 22 sex
1993 1213 75 32 må-

433 1247 126 36 nader.
615 1247 83 37 Åro
740 1251 241 47 synnerligen
1022 1252 210 36 mildrande
1273 1255 319 48 omständigheter
1625 1256 58 36 för
1711 1258 162 44 handen;
1904 1263 60 32 må
1992 1260 77 36 del-

431 1302 140 43 tagare,
601 1312 81 22 som
712 1300 67 35 hör
806 1301 58 34 till
894 1303 217 47 manskapet
1140 1304 66 34 och
1237 1305 31 45 ej
1299 1317 67 23 var
1394 1306 196 36 anstiftare
1620 1307 91 36 eller
1738 1309 182 44 anförare,
1941 1310 126 36 dömas

430 1349 56 33 till
516 1349 209 36 vaktarrest
749 1352 11 33 i
790 1352 113 35 minst
932 1353 52 34 tio
1013 1353 127 47 dagar.

1196 1473 48 33 64
1271 1470 34 45 $S.

571 1549 133 36 Vända
733 1560 249 38 upprorsmän
1011 1554 31 46 ej
1077 1557 79 32 åter
1183 1554 60 36 till
1270 1556 138 48 lydnad
1437 1557 67 35 och
1534 1559 170 46 ordning,
1735 1566 93 30 utan
1858 1561 78 35 visa
1971 1568 93 29 trot-

432 1598 124 47 sighet
585 1606 103 29 emot
717 1600 165 37 förmans
911 1602 223 50 befallning;
1164 1606 131 35 dömes
1323 1606 198 38 anstiftare
1550 1610 89 34 eller
1666 1609 169 37 anförare
1863 1613 57 33 till
1940 1612 123 35 straff-

432 1649 129 35 arbete
595 1650 85 35 från
713 1653 68 34 och
809 1652 85 35 med
922 1659 55 29 tre
1006 1654 59 35 till
1094 1655 67 35 och
1190 1655 84 36 med
1305 1669 63 23 sex
1397 1660 41 33 år
1465 1658 68 35 och
1562 1672 120 23 annan
1711 1661 189 46 deltagare
1928 1663 12 34 i
1970 1676 92 35 upp-

431 1705 102 29 roret
574 1701 58 35 till
676 1702 132 35 sådant
849 1702 126 37 arbete
1016 1703 85 36 från
1141 1706 67 35 och
1251 1707 84 35 med
1364 1713 53 30 ett
1445 1708 58 36 till
1531 1709 68 35 och
1628 1711 85 35 med
1740 1716 56 31 tre
1825 1715 48 32 år.
1929 1711 135 38 Officer

430 1749 91 35 eller
563 1751 249 36 underofficer
853 1753 113 35 varde
1007 1755 68 34 ock
1117 1755 190 37 förklarad
1340 1759 155 47 ovärdig
1527 1764 54 30 att
1610 1761 10 33 i
1651 1760 115 37 rikets
1794 1763 112 45 tjänst
1934 1763 128 35 vidare

425 1801 154 46 nyttjas.

1192 1875 44 33 65.
1268 1873 33 44 $.

564 1950 97 37 Göra
699 1961 245 39 upprorsmän
989 1955 86 34 våld
1104 1958 19 32 å
1152 1969 146 34 person,
1341 1959 90 34 eller
1458 1959 111 49 bryta
1600 1960 92 36 eller
1719 1961 159 36 förstöra
1906 1962 44 35 de
1978 1963 81 44 hus,

426 2000 91 34 eller
557 2002 164 46 plundra
763 2004 91 35 eller
895 2003 192 37 fördärfva
1120 2006 44 35 de
1193 2019 121 23 annan
1343 2009 200 47 egendom;
1573 2010 147 36 straffes
1748 2011 195 37 anstiftare
1973 2014 88 35 eller

425 2049 172 37 anförare
639 2053 85 35 med
767 2053 232 37 straffarbete
1033 2059 46 44 på
1107 2056 120 36 lifstid
1257 2058 89 36 eller
1375 2058 83 37 från
1487 2061 67 34 och
1583 2061 84 35 med
1696 2074 65 22 sex
1789 2063 60 33 till
1878 2063 69 35 och
1976 2065 84 34 med

423 2099 54 34 tio
520 2103 40 32 år
602 2103 68 34 och
712 2117 122 23 annan
878 2105 189 49 deltagare
1095 2107 12 34 i
1137 2114 176 40 upproret
1355 2110 85 35 med
1482 2111 235 35 straffarbete
1758 2111 83 36 från
1874 2113 67 35 och
1976 2115 83 35 med

423 2152 64 32 två
528 2151 58 34 till
629 2153 69 35 och
741 2155 83 35 med
867 2159 78 32 åtta
978 2160 55 40 år;
1064 2156 92 36 dock
1186 2163 64 39 att,
1281 2172 60 22 om
1370 2160 124 36 våldet
1523 2160 195 36 utöfvades
1746 2165 20 32 å
1793 2162 148 37 förman
1969 2165 91 36 eller
