1906 2831
297 163 40 29 42
652 160 307 31 Bankoutskottets
978 159 176 31 utlåtande
1172 170 40 20 nr
1230 159 42 30 48
1290 159 38 30 år
1349 159 83 30 1968

301 251 207 31 lokalbehov
524 252 120 29 endast
661 251 38 30 är
715 250 145 40 ungefär
877 249 133 31 hälften
1026 259 42 20 av
1084 249 202 40 riksdagens
1308 248 74 40 (sid.
1400 248 69 39 48).
1487 248 64 31 Vid
1568 248 100 31 sidan
1684 248 107 29 härav

300 298 64 30 bör
395 297 265 40 möjligheterna
693 300 49 27 att
773 296 128 31 bevara
934 296 41 30 de
1008 296 202 30 nuvarande
1241 294 321 40 riksbyggnaderna
1595 293 196 40 ytterligare

301 343 166 30 studeras.
485 343 98 30 Först
600 342 150 31 därefter
765 342 64 30 bör
844 341 104 39 enligt
963 341 166 30 ämbetets
1146 340 224 40 uppfattning
1384 340 112 30 beslut
1512 340 104 30 fattas
1633 349 57 20 om
1706 339 85 30 riks-

301 389 127 38 dagens
450 388 229 39 förläggning.

345 430 157 34 Ämbetet
519 434 59 29 vill
594 433 195 30 framställa
806 431 180 32 önskemål
1003 441 57 20 om
1078 435 49 27 alt
1143 431 49 31 bli
1209 434 249 37 representerat
1476 431 10 30 i
1504 441 42 20 en
1564 430 228 39 tävlingsjury

301 480 65 29 och
389 479 174 30 förklarar
586 478 50 39 sig
658 478 110 31 berett
791 477 186 31 medverka
999 477 79 30 med
1100 476 205 40 rådgivning
1329 477 57 29 vid
1409 479 45 28 ett
1478 476 139 30 fortsatt
1640 475 153 31 studium

302 525 168 30 avseende
485 528 46 27 ett
547 524 181 31 alternativ
743 525 80 30 med
838 524 41 30 de
893 523 202 30 nuvarande
1109 522 337 40 riksbyggnadernas
1462 522 206 30 bevarande.

346 566 156 34 Ämbetet
518 570 130 30 önskar
661 569 160 39 slutligen
835 568 171 31 framföra
1022 567 115 31 såsom
1152 567 54 31 sin
1221 567 89 31 åsikt
1325 571 49 27 att
1389 567 405 30 kostnadsskillnaderna

303 616 127 30 mellan
450 616 40 30 de
510 615 92 30 olika
622 614 226 31 alternativen
868 614 30 39 ej
918 613 64 30 bör
1000 612 37 31 få
1056 613 164 31 tillmätas
1241 613 195 39 avgörande
1455 613 174 39 betydelse
1649 614 11 30 i
1680 612 114 30 denna

302 661 182 39 riksfråga.

347 707 65 30 Vid
428 706 204 40 avgivandet
649 716 42 20 av
708 706 92 30 detta
817 704 159 41 yttrande
993 704 64 30 har
1073 704 260 31 undertecknad
1350 703 266 31 riksantikvarie
1633 703 88 31 varit
1737 703 56 30 be-

302 752 168 36 slutande,
496 751 123 31 chefen
644 751 55 31 för
723 751 166 30 ämbetets
914 749 502 40 byggnadsminnesavdelning
1442 748 351 40 avdelningsdirektö-

303 808 61 21 ren
381 797 164 31 Per-Olof
562 797 182 31 Westlund
762 795 204 40 deltagande
983 795 65 30 och
1067 795 260 30 undertecknad
1344 794 169 40 byråchef
1531 794 261 39 föredragande.

304 844 200 30 Stockholm
522 843 67 30 den
606 844 39 28 27
665 852 92 20 mars
779 842 92 30 1968.

830 939 114 31 SVEN
962 939 35 30 B.
1017 939 35 30 F.
1071 938 193 31 JANSSON

1414 1016 13 33 /
1440 1019 89 31 Sven
1546 1019 204 30 Söderholm
