1907 2835
287 172 38 30 16
640 169 305 31 Bankoutskottets
965 168 175 31 utlåtande
1159 179 39 20 nr
1217 168 41 30 48
1277 168 37 30 år
1335 168 84 30 1968

288 271 75 20 som
385 260 146 40 ungefär
553 263 193 27 motsvarar
768 260 41 30 de
830 260 202 30 nuvarande
1052 259 348 40 riksbyggnadernas,
1422 259 97 30 torde
1539 257 176 39 nämligen
1735 257 41 30 de

288 315 338 39 stadsbildsmässiga
645 315 304 30 konsekvenserna
967 313 37 31 få
1023 323 99 21 anses
1142 313 271 31 överblickbara.
1434 312 53 31 En
1507 312 67 31 viss
1594 311 183 31 osäkerhet

288 371 10 29 i
321 369 98 40 fråga
442 380 58 20 om
523 370 213 30 stadsbilden
757 368 159 32 kvarstår
938 369 89 30 dock
1049 369 65 30 och
1136 368 186 31 motiverar
1343 371 46 27 ett
1410 367 180 40 fördjupat
1612 366 162 35 studium,

289 424 162 31 eftersom
471 424 172 30 konkreta
662 424 130 38 förslag
812 423 51 30 till
882 423 225 39 riksdagshus
1128 423 127 30 saknas
1274 423 10 29 i
1305 423 57 29 alt.
1383 424 29 28 2.
1434 421 120 31 Såsom
1573 419 203 32 framhålles

288 479 11 29 i
321 479 65 30 den
408 478 58 31 vid
486 478 273 39 stadskollegiets
781 478 159 39 yttrande
961 477 124 39 fogade
1105 477 258 39 promemorian
1383 476 79 30 med
1482 475 75 31 däri
1576 475 130 39 intaget
1725 477 51 27 ut-

288 532 138 31 låtande
445 531 81 32 från
544 532 288 39 stadsbyggnads-
852 532 64 30 och
935 531 353 39 fastighetskontoren
1307 533 89 28 samt
1415 528 361 42 generalplanebered-

289 587 145 40 ningens
456 586 124 37 kansli,
604 586 177 31 förefaller
802 586 56 30 det
879 586 115 39 troligt
1015 589 48 27 att
1085 595 42 21 en
1148 584 281 40 arkitekttävling
1450 594 57 20 om
1528 584 57 30 alt.
1617 585 9 29 2
1646 583 72 30 kan
1738 590 39 32 ge

290 642 207 30 intressanta
521 641 176 39 lösningar
721 640 37 30 så
782 640 138 39 mycket
942 649 73 21 mer
1038 649 74 21 som
1136 641 56 29 det
1213 640 70 30 inte
1305 640 38 30 är
1365 639 90 39 givet
1477 641 49 28 att
1548 641 46 28 ett
1617 637 161 39 skickligt

289 695 260 40 genomarbetat
573 695 137 39 projekt
734 694 108 32 måste
867 703 82 21 vara
971 694 132 30 bundet
1126 703 42 21 av
1192 693 159 40 samtliga
1375 694 41 29 de
1439 692 237 31 restriktioner
1699 691 79 30 med

290 751 137 38 hänsyn
443 750 51 30 till
510 749 213 31 stadsbilden
739 759 75 20 som
829 749 349 39 byggnadsstyrelsen
1194 749 64 29 har
1274 748 176 39 uppställt.

334 805 64 30 Det
417 803 255 39 huvudsakliga
692 803 104 39 syftet
815 803 79 30 med
914 803 66 30 den
998 812 48 20 nu
1065 802 209 30 verkställda
1293 802 230 39 utredningen
1541 802 64 31 har
1623 803 88 30 varit
1730 806 48 27 att

289 857 267 32 tillhandahålla
576 861 45 27 ett
640 857 375 30 teknisk-ekonomiskt
1032 856 408 38 bedömningsunderlag.
1461 856 235 39 Utredningen
1714 857 65 30 har

289 911 164 30 bedrivits
472 920 42 21 av
531 910 349 39 byggnadsstyrelsen
897 909 79 30 med
993 909 230 39 förtjänstfull
1241 909 260 38 skyndsamhet.
1520 909 128 30 Fastän
1664 910 113 30 utred-

289 966 127 39 ningen
441 964 45 40 på
510 965 149 30 flertalet
683 964 189 38 väsentliga
896 963 149 39 punkter
1069 971 58 31 ger
1151 962 109 31 sådan
1282 962 140 40 ledning
1446 962 55 31 för
1522 962 257 41 bedömningen

290 1022 50 28 att
359 1018 409 39 förvaltningskontorets
788 1018 141 38 styrelse
948 1017 116 30 funnit
1083 1017 57 29 alt.
1161 1018 18 28 2
1200 1017 99 29 träda
1317 1017 11 29 i
1347 1016 223 39 förgrunden,
1591 1026 101 21 anser
1711 1020 66 36 sty-

290 1074 111 29 relsen
420 1073 56 30 det
494 1072 70 30 inte
582 1072 160 30 uteslutet
761 1074 48 27 att
826 1071 196 39 ytterligare
1040 1070 147 39 positiva
1203 1070 181 30 kvaliteter
1401 1071 110 30 skulle
1529 1071 120 30 kunna
1666 1071 111 30 utvin-

290 1137 63 20 nas
377 1128 88 29 även
488 1135 41 21 av
554 1127 56 29 alt.
646 1128 5 27 1
678 1126 65 29 och
767 1126 18 29 3
810 1133 123 31 genom
956 1134 43 21 en
1022 1125 290 38 arkitekttävling.
1337 1124 100 30 Detta
1460 1125 97 30 torde
1578 1126 91 38 gälla
1690 1124 88 31 både

291 1180 223 31 funktionellt
532 1180 65 29 och
617 1179 339 38 stadsbildsmässigt.

335 1237 56 30 Ett
413 1237 75 30 skäl
511 1239 48 28 att
580 1236 124 30 härvid
725 1236 70 30 inte
816 1237 118 29 lämna
955 1232 525 43 om/tillbyggnadsalternativet
1500 1235 97 31 åsido
1617 1237 39 29 är
1675 1235 105 39 enligt

290 1291 184 39 styrelsens
508 1290 140 39 mening
682 1290 56 30 det
770 1290 307 30 kulturhistoriska
1109 1290 143 30 intresse
1285 1290 65 30 och
1383 1290 289 30 traditionsvärde
1705 1299 74 21 som

290 1344 128 39 många
443 1344 89 30 både
558 1344 95 30 inom
679 1345 66 29 och
770 1347 97 27 utom
892 1344 185 38 riksdagen
1102 1353 146 21 numera
1272 1344 125 38 knyter
1421 1344 51 30 till
1497 1344 56 30 det
1577 1344 202 30 nuvarande

291 1398 260 39 riksdagshuset
572 1397 43 39 på
636 1398 349 39 Helgeandsholmen.

336 1453 218 31 Stockholms
580 1455 76 29 stad
681 1455 73 36 har,
782 1453 114 32 såsom
921 1454 155 39 framgår
1100 1464 42 21 av
1167 1455 273 39 stadskollegiets
1464 1455 160 39 yttrande
1649 1455 66 29 den
1739 1455 39 29 27

292 1516 92 22 mars
404 1509 83 29 1968
504 1508 64 30 och
586 1509 87 30 även
689 1508 254 30 understrukits
959 1509 57 29 vid
1032 1518 120 21 senare
1168 1509 286 39 överläggningar
1469 1509 130 29 mellan
1614 1508 165 39 styrelsen

293 1561 65 29 och
381 1561 213 31 företrädare
618 1562 54 30 för
695 1562 131 35 staden,
849 1562 156 39 avstyrkt
1026 1563 338 29 underalternativen
1386 1563 19 29 3
1426 1562 22 30 b
1470 1563 65 29 och
1557 1563 19 29 3
1598 1572 17 20 c
1636 1562 10 30 i
1669 1562 110 29 Nedre

292 1615 458 30 Norrmalms-alternativet.
775 1615 65 30 Vid
864 1625 42 20 en
929 1616 231 38 begränsning
1184 1616 51 29 till
1258 1616 122 30 enbart
1401 1615 295 31 underalternativ
1719 1616 18 29 3
1761 1624 19 20 a

292 1668 116 31 finner
430 1670 166 38 styrelsen
619 1670 57 29 det
698 1679 83 21 vara
803 1669 171 30 tveksamt
996 1679 57 20 om
1075 1670 207 39 tillräckliga
1303 1670 75 30 skäl
1399 1670 73 30 kan
1492 1669 142 31 anföras
1655 1668 55 31 för
1732 1671 48 28 att

291 1722 177 30 utsträcka
489 1732 42 20 en
552 1723 282 38 arkitekttävling
854 1723 51 29 till
925 1726 49 27 att
993 1724 120 29 utöver
1132 1723 557 39 Helgeandsholms-alternativen
1709 1732 70 20 om-

292 1775 87 31 fatta
401 1776 87 30 även
511 1776 111 30 Nedre
645 1776 458 30 Norrmalms-alternativet.
1126 1777 64 30 Det
1210 1776 171 31 utbredda
1401 1777 170 29 underalt.
1592 1777 19 30 3
1632 1786 20 21 a
1672 1776 108 30 förut-

292 1830 104 30 sätter
418 1829 140 31 förvärv
580 1840 42 20 av
646 1831 41 29 de
709 1830 201 39 fastigheter
932 1831 62 29 där
1017 1830 400 39 Grängesbergsbolaget,
1441 1831 339 29 Broströmskoncer-

291 1892 68 21 nen
384 1883 65 30 och
475 1883 135 30 danska
634 1883 231 30 ambassaden
889 1884 65 29 har
978 1884 74 30 sina
1076 1884 132 30 lokaler
1232 1887 89 27 samt
1344 1884 228 38 anskaffning
1596 1893 42 21 av
1662 1884 117 30 ersätt-

292 1937 235 39 ningslokaler
544 1947 45 20 m.
604 1947 44 20 m.
668 1937 81 30 Som
766 1937 348 39 byggnadsstyrelsen
1131 1937 193 31 framhållit
1347 1937 82 40 (Bet.
1447 1947 25 21 s.
1490 1936 53 41 51)
1565 1938 71 31 kan
1653 1947 42 21 en
1711 1937 68 31 för-

291 1990 163 40 läggning
479 2000 42 21 av
545 1991 260 39 riksdagshuset
828 1991 51 30 till
903 1991 110 30 Nedre
1037 1991 197 30 Norrmalm
1257 1992 80 29 med
1359 1992 137 38 hänsyn
1519 1992 50 29 till
1592 1992 189 38 ingreppen

291 2045 10 29 i
329 2044 160 39 befintlig
515 2044 204 39 bebyggelse
746 2044 66 30 och
838 2044 345 39 kapitalinsatsernas
1211 2045 127 30 storlek
1365 2045 185 30 motiveras
1576 2046 122 31 endast
1724 2054 57 21 om

291 2098 186 39 riksdagen
500 2098 202 39 därigenom
725 2097 148 31 erhåller
895 2098 167 39 optimala
1084 2098 231 31 funktionella
1338 2098 245 32 förhållanden
1605 2099 176 39 samtidigt

292 2162 75 20 som
392 2152 83 39 högt
501 2152 124 30 ställda
650 2151 153 40 anspråk
828 2152 10 30 i
864 2151 99 39 fråga
988 2161 57 21 om
1071 2152 168 30 stadsbild
1263 2153 66 29 och
1354 2152 194 40 stadsmiljö
1573 2153 206 39 tillgodoses.

294 2206 78 30 Med
396 2205 179 31 förståelse
599 2205 54 30 för
677 2205 42 30 de
741 2205 275 39 betänkligheter
1039 2206 121 29 staden
1183 2206 103 39 hyser
1308 2209 72 27 mot
1403 2210 49 27 att
1474 2206 111 31 rubba
1608 2207 56 30 det
1686 2206 94 39 långt

292 2259 237 30 framskridna
555 2259 216 39 planarbetet
797 2259 65 29 och
888 2259 80 30 med
993 2259 266 39 respekterande
1284 2269 43 21 av
1352 2261 56 29 det
1432 2260 228 30 kommunala
1684 2261 96 38 plan-

291 2313 199 38 monopolet
518 2321 100 21 anser
646 2312 407 39 förvaltningskontorets
1080 2313 141 38 styrelse
1248 2312 92 31 ändå
1367 2316 48 27 att
1442 2314 238 39 övervägande
1706 2314 75 30 skäl

292 2367 89 30 talar
402 2366 54 30 för
478 2368 48 28 att
547 2375 42 20 en
610 2365 282 39 arkitekttävling
911 2365 63 31 bör
994 2366 147 30 omfatta
1161 2367 87 30 även
1269 2367 111 30 Nedre
1401 2367 378 30 Norrmalms-alterna-

293 2421 90 29 tivet.
406 2420 126 30 Utöver
552 2421 49 27 att
622 2419 121 30 staden
762 2419 171 30 förklarat
952 2419 50 39 sig
1021 2419 94 39 villig
1135 2423 48 27 att
1202 2420 187 30 medverka
1409 2421 50 29 till
1479 2421 240 30 anordnandet
1738 2431 43 20 av

292 2484 42 20 en
359 2473 109 31 sådan
491 2472 130 39 tävling
645 2472 55 30 för
723 2473 56 31 det
802 2472 141 30 område
967 2482 74 21 som
1065 2473 166 30 omfattar
1252 2474 79 30 hela
1353 2474 340 38 Helgeandsholmen
1715 2475 66 29 och

293 2528 67 30 den
380 2527 55 30 del
455 2535 42 21 av
518 2526 197 29 Norrmalm
735 2535 74 20 som
829 2526 186 38 begränsas
1035 2535 42 21 av
1097 2526 256 39 Rödbodtorget
1371 2527 11 30 i
1401 2528 122 35 väster,
1544 2527 236 40 Jakobsgatan
