2166 2604
418 141 38 31 28
873 141 111 31 Andra
1007 141 209 41 lagutskottets
1238 141 160 31 utlåtande
1421 142 53 30 Nr
1495 142 52 30 31.

376 240 60 23 om
477 231 144 34 arbetet
661 242 48 22 av
748 230 190 34 traktaten
977 230 13 33 i
1016 229 202 34 Versailles
1246 229 72 34 den
1347 229 46 34 28
1420 229 85 43 juni
1536 230 94 34 1919
1661 230 68 34 och
1757 231 188 34 traktaten
1974 230 12 33 i

377 279 54 36 St.
462 280 178 36 Germain
670 280 70 34 den
772 280 45 34 10
845 280 210 43 september
1085 279 106 35 1919.

1143 360 23 45 $
1196 364 30 33 1.

512 429 134 35 Såsom
688 429 252 36 »industriella
980 430 162 44 företag»
1184 430 103 34 skola
1319 430 85 34 med
1432 430 149 43 hänsyn
1610 430 57 34 till
1695 430 289 45 tillämpningen

377 492 48 22 av
453 480 125 34 denna
605 480 229 34 konvention
863 480 150 34 särskilt
1040 491 126 23 anses:

513 527 37 46 a)
594 529 157 43 Gruvor,
793 531 185 34 stenbrott
1018 531 69 33 och
1128 530 119 34 andra
1286 531 276 43 anläggningar
1588 530 59 34 för
1674 530 235 35 utvinnande
1938 542 49 23 av

378 581 170 34 mineral.

510 628 40 46 b)
590 631 173 43 Företag,
795 631 102 33 inom
924 631 102 33 vilka
1052 642 113 23 varor
1191 631 203 42 tillverkas,
1423 630 211 43 förändras,
1663 634 188 40 rengöras,
1879 642 109 32 repa-

377 692 113 31 reras,
533 681 228 43 utsmyckas,
802 680 257 45 färdigställas
1100 681 90 34 eller
1227 681 156 34 beredas
1428 682 56 33 till
1512 680 229 44 försäljning
1769 681 90 34 eller
1884 681 102 35 inom

377 730 101 34 vilka
504 730 182 35 råämnen
715 731 252 44 omgestaltas,
996 731 82 34 däri
1105 732 210 43 inbegripet
1343 731 295 44 skeppsbyggeri
1667 732 68 33 och
1762 731 149 44 företag
1928 731 62 34 för

376 781 205 44 förstöring
625 792 48 23 av
711 781 168 42 föremål,
920 784 178 32 ävensom
1126 781 292 45 framställning,
1447 781 312 44 transformering
1787 782 68 33 och
1883 784 107 32 över-

378 831 158 34 förande
565 843 49 22 av
641 831 186 34 drivkraft
854 832 11 33 i
894 832 206 34 allmänhet
1128 832 69 33 och
1224 843 48 22 av
1299 832 232 34 elektricitet.

512 878 33 46 ce)
588 877 257 47 Uppförande,
874 882 252 43 ombyggnad,
1155 881 207 43 underhåll,
1391 882 227 43 reparation,
1647 881 222 44 förändring
1895 882 92 34 eller

377 932 151 42 rivning
556 942 48 23 av
632 932 74 33 alla
734 932 82 43 slag
843 943 48 23 av
918 932 230 43 byggnader,
1167 931 217 45 järnvägar,
1405 932 217 43 spårvägar,
1644 932 168 42 hamnar,
1834 932 154 43 dockor,

377 981 238 44 vågbrytare,
656 982 165 42 kanaler,
863 982 256 44 anordningar
1146 981 57 35 för
1229 983 80 33 inre
1337 982 147 43 sjöfart,
1512 985 130 40 vägar,
1671 982 164 43 tunnlar,
1864 983 121 42 broar,

377 1032 211 42 viadukter,
617 1032 162 42 kloaker,
808 1033 284 43 vattenavlopp,
1121 1033 178 39 brunnar,
1326 1032 176 44 telegraf-
1531 1032 70 34 och
1620 1031 369 45 telefonanläggnin-

377 1093 78 32 gar,
497 1082 201 35 elektriska
738 1083 284 43 anläggningar,
1051 1094 85 33 gas-
1165 1083 67 34 och
1260 1083 221 34 vattenverk
1509 1083 90 33 eller
1626 1082 119 34 andra
1772 1083 215 43 byggnads-

378 1132 152 34 arbeten
572 1135 180 32 ävensom
791 1133 276 66 förberedelse-
1099 1133 70 34 och
1208 1133 483 44 grundläggningsarbeten
1732 1132 57 35 för
1817 1133 169 34 härovan

378 1181 173 44 åsyftade
580 1183 164 34 arbeten.

513 1229 41 47 d)
599 1233 210 43 Transport
853 1244 48 23 av
944 1244 244 32 passagerare
1232 1233 89 34 eller
1364 1233 93 44 gods
1497 1233 22 34 å
1546 1233 127 34 lands-
1701 1234 88 33 eller
1815 1233 175 43 järnväg,

381 1282 81 35 däri
489 1283 213 44 inbegripet
728 1283 279 39 handhavande
1035 1294 49 23 av
1110 1283 93 44 gods
1231 1283 22 34 å
1279 1283 108 43 kajer
1414 1283 69 34 och
1511 1284 164 43 bryggor
1702 1286 98 31 samt
1818 1284 13 32 i
1850 1283 138 34 dockor

379 1333 69 34 och
478 1334 185 42 magasin,
692 1333 84 34 med
804 1333 198 44 undantag
1027 1333 117 34 likväl
1173 1345 47 23 av
1246 1336 194 41 transport
1466 1333 59 35 för
1552 1333 115 34 hand.

513 1383 290 35 Vederbörande
830 1384 222 43 myndighet
1078 1384 14 33 i
1118 1383 107 44 varje
1243 1384 90 34 land
1353 1384 95 34 skall
1467 1384 190 34 fastställa
1676 1386 155 41 gränser
1843 1384 143 40 mellan

380 1433 162 34 industri
570 1433 22 34 å
620 1444 71 23 ena
719 1436 97 32 samt
843 1434 138 34 handel
1009 1434 69 34 och
1105 1433 183 44 jordbruk
1315 1434 22 34 å
1365 1434 119 34 andra
1512 1434 122 34 sidan.

1142 1515 23 44 &
1194 1517 32 34 2.

514 1584 255 43 Minderåriga
796 1584 120 34 under
946 1584 43 33 18
1017 1583 43 34 år
1086 1576 40 41 få
1152 1584 80 33 icke
1260 1584 240 42 sysselsättas
1528 1583 164 35 nattetid
1719 1584 12 33 i
1750 1584 238 35 industriella

380 1634 155 43 företag,
565 1634 196 43 offentliga
788 1635 90 33 eller
904 1634 159 43 privata,
1093 1634 90 34 eller
1209 1634 12 33 i
1247 1633 125 44 någon
1399 1645 90 32 gren
1518 1645 48 23 av
1585 1633 137 35 sådant
1739 1634 148 44 företag
1905 1634 84 34 med

381 1684 197 43 undantag
619 1695 47 23 av
705 1684 157 44 företag,
905 1684 66 34 där
1011 1684 136 34 endast
1177 1684 244 34 medlemmar
1448 1695 48 23 av
1523 1695 147 23 samma
1696 1684 124 43 familj
1852 1685 136 43 syssel-

381 1737 130 40 sättas,
540 1733 165 35 förutom
732 1735 13 33 i
772 1734 193 35 härnedan
995 1734 167 43 angivna
1188 1734 84 34 fall:

515 1784 254 44 Minderåriga
809 1788 88 31 över
939 1785 43 34 16
1023 1784 42 34 år
1105 1784 127 34 kunna
1259 1784 39 34 få
1325 1784 195 34 användas
1548 1784 162 35 nattetid
1736 1785 102 34 inom
1866 1785 123 34 nedan

382 1834 165 43 angivna
574 1834 239 35 industriella
840 1835 146 43 företag
1011 1835 58 34 till
1097 1835 137 42 arbete,
1275 1830 67 52 som
1369 1834 51 44 på
1448 1834 123 44 grund
1599 1846 49 23 av
1667 1835 57 34 sin
1739 1838 113 31 natur
1871 1835 118 34 måste

382 1884 174 34 bedrivas
584 1885 274 44 kontinuerligt
886 1885 74 43 dag
987 1885 69 34 och
1084 1887 99 32 natt:

517 1931 37 46 a)
594 1934 106 43 järn-
740 1935 69 34 och
850 1935 178 42 stålverk;
1074 1935 154 34 arbeten
1268 1936 126 33 vartill
1423 1936 190 34 reverber-
1641 1936 68 33 och
1737 1937 253 42 regenerativ-

382 1995 121 33 ugnar
529 1985 197 34 användas
754 1988 99 31 samt
879 1986 281 43 galvanisering
1178 1997 47 23 av
1243 1985 80 44 plåt
1342 1986 90 34 eller
1448 1985 175 43 järntråd
1643 1982 118 46 (utom
1780 1983 208 46 betsning);

516 2031 38 47 b)
574 2035 202 44 .glasbruk;

516 2081 34 47 c)
579 2086 275 43 pappersbruk;

517 2132 39 46 d)
585 2135 434 45 råsockertillverkning;

517 2182 34 47 e)
580 2185 199 35 reduktion
808 2197 49 23 av
884 2186 219 44 guldmalm.
