2196 2622
694 194 254 32 Statsutskottets
971 193 168 31 utlåtande
1164 193 51 30 Nr
1238 195 22 29 8
1283 192 40 31 A.
1767 191 39 31 61

317 277 280 48 Utredningen
626 275 217 37 återfinnes
872 275 24 36 å
924 275 70 36 sid.
1026 276 211 34 226---230
1264 274 14 35 i
1307 272 446 49 statsrådsprotokollet.

318 357 141 47 Enligt
499 357 14 35 i
550 356 225 48 september
807 356 101 35 1920
936 354 226 49 uppgjorda
1192 353 461 47 kostnadsberäkningar
1682 351 128 38 skulle

211 409 310 48 ifrågavarande
549 408 205 49 byggnad,
785 420 84 24 som
898 407 93 37 med
1018 407 158 48 hänsyn
1204 407 64 36 till
1296 407 61 35 sin
1380 406 267 48 provisoriska
1666 406 143 36 karak-

210 465 65 34 tär
303 475 95 24 vore
427 462 147 37 avsedd
603 464 62 34 att
691 462 190 47 uppföras
911 474 50 23 av
989 462 64 34 trä
1081 460 75 36 och
1186 462 61 34 att
1273 459 173 37 omfatta
1465 471 49 24 en
1533 459 153 47 våning
1706 460 106 34 samt

212 516 108 43 vind,
351 515 126 48 draga
506 527 49 24 en
583 514 184 44 kostnad,
797 514 247 36 inventarier
1067 512 265 44 oberäknade,
1359 524 50 24 av
1430 513 144 42 90,000
1592 512 160 35 kronor.
1791 510 20 36 I

210 568 268 36 betraktande
506 580 50 24 av
586 568 77 35 den
681 567 168 36 tendens
868 566 65 36 till
951 565 223 48 sjunkande
1193 566 137 47 priser,
1351 577 86 24 som
1456 565 206 35 allaredan
1680 564 54 47 på
1753 565 59 35 ett

211 621 134 37 flertal
372 621 85 36 håll
485 621 208 36 framträtt
721 620 76 36 och
824 631 86 25 som
938 619 93 36 med
1060 619 55 36 all
1140 618 188 37 säkerhet
1346 619 183 35 kommer
1549 618 62 35 att
1629 616 180 44 fortfara,

211 674 75 36 har
314 675 209 43 utskottet,
553 685 86 25 som
658 674 14 35 i
691 673 129 37 likhet
838 672 93 37 med
949 671 441 49 departementschefen
1408 671 135 36 funnit
1561 670 251 47 nödvändigt

213 729 62 35 att
311 728 127 47 något
465 728 160 48 åtgöres
653 726 62 37 för
744 726 78 36 den
849 725 353 37 rättsmedicinska
1229 724 301 37 institutionens
1558 723 252 44 lokalbehov,

211 783 134 34 ansett
386 793 49 24 en
476 780 261 48 nedsättning
780 792 50 24 av
872 779 380 38 kostnadssumman
1293 778 86 36 låta
1415 778 61 47 sig
1504 778 67 35 väl
1599 777 210 36 försvaras.

213 834 211 38 Utskottet
464 834 167 37 föreslår
672 834 62 36 för
777 833 231 36 ändamålet
1049 834 60 34 ett
1135 832 144 48 belopp
1308 844 51 23 av
1390 832 143 43 75,000
1560 831 149 36 kronor
1737 830 75 36 och

208 887 235 37 hemställer
470 887 127 44 alltså,

745 941 65 34 att
837 938 216 48 riksdagen
1080 938 69 36 må
1169 937 65 36 till
1251 936 273 49 uppförande,
1556 936 7 36 i
1583 936 227 36 huvudsak-
1831 941 69 33 Nytt
1922 941 107 32 anslag.

637 993 59 48 lig
726 991 396 38 överensstämmelse
1150 991 94 36 med
1272 990 208 37 företedda
1507 990 202 47 ritningar
1737 988 75 37 och

637 1045 357 48 kostnadsförslag,
1025 1057 50 24 av
1104 1056 51 25 en
1183 1043 189 49 byggnad
1393 1043 70 47 för
1482 1042 78 37 den
1578 1041 234 38 rättsmedi-

638 1099 144 38 cinska
816 1099 291 36 institutionen
1134 1097 73 37 vid
1232 1097 240 37 karolinska
1498 1095 313 38 mediko-kirur-

635 1153 119 49 giska
794 1153 207 36 institutet
1042 1151 140 37 anvisa
1209 1151 55 48 på
1291 1153 117 34 extra
1435 1152 82 35 stat
1544 1149 61 37 för
1634 1150 45 36 år
1711 1150 100 36 1922

638 1208 60 35 ett
726 1205 407 48 reservationsanslag
1162 1217 50 24 av
1243 1205 143 43 75,000
1414 1204 157 36 kronor.

318 1284 104 50 91:0)
464 1287 142 49 Kungl
646 1287 117 47 Maj:t
798 1286 75 36 har
910 1282 146 52 (punkt
1083 1281 65 51 92)
1177 1284 209 48 föreslagit
1414 1283 215 48 riksdagen
1659 1284 62 35 att
1749 1282 61 37 för
1852 1279 170 32 Utrustning

212 1340 265 38 anskaffande
514 1353 51 24 av
592 1339 300 37 instrumentell
917 1339 236 47 utrustning
1181 1338 65 36 till
1272 1337 352 37 rättsmedicinska
1650 1336 158 36 institu-
1841 1315 190 61 ERA

209 1395 141 36 tionen
389 1393 68 37 vid
498 1393 232 37 karolinska
769 1392 410 48 mediko-kirurgiska
1213 1391 206 37 institutet
1447 1390 138 36 anvisa
1613 1390 52 48 på
1694 1391 115 34 extra
1852 1385 168 26 stitutionen

210 1450 83 35 stat
320 1447 62 38 för
410 1448 45 36 år
486 1449 100 35 1922
616 1448 61 35 ett
704 1445 409 49 reservationsanslag
1142 1457 50 24 av
1222 1445 118 44 5,800
1367 1444 159 36 kronor.
1828 1420 48 63 ska
1891 1421 152 62 institutet.

316 1501 280 49 Utredningen
624 1500 216 37 återfinnes
868 1499 24 37 å
920 1499 71 37 sid.
1023 1500 73 35 231
1128 1499 15 36 i
1170 1497 447 49 statsrådsprotokollet.
1891 1499 88 52 [92.]

317 1582 93 37 Med
450 1581 159 48 hänsyn
646 1581 64 36 till
747 1580 124 37 redan
899 1579 189 37 inträdda
1116 1578 76 37 och
1219 1578 175 37 väntade
1422 1577 156 49 prisfall
1604 1577 53 48 på
1683 1578 124 35 mate-

215 1635 137 37 rialier
378 1648 53 24 m.
462 1647 52 24 m.
544 1635 115 36 torde
688 1646 50 25 en
766 1634 274 48 begränsning
1059 1645 51 24 av
1130 1632 69 37 det
1217 1631 231 49 föreslagna
1466 1631 187 48 beloppet
1671 1630 140 36 kunna

213 1689 203 49 vidtagas;
446 1689 210 43 utskottet,
687 1700 87 24 som
802 1699 116 25 anser
948 1688 117 43 5,000
1092 1687 150 35 kronor
1270 1685 211 48 tillfyllest,
1509 1684 246 44 hemställer,

744 1742 63 35 att
848 1740 217 48 riksdagen
1095 1740 70 36 må
1192 1739 63 37 för
1284 1738 263 37 anskaffande
1575 1750 51 24 av
1653 1738 157 36 instru-
1840 1734 68 32 Nytt
1927 1733 106 32 anslag.

637 1794 169 37 mentell
832 1794 242 48 utrustning
1104 1793 66 36 till
1195 1791 359 38 rättsmedicinska
1581 1790 228 37 institutio-

636 1861 83 24 nen
767 1847 72 37 vid
874 1847 240 37 karolinska
1150 1845 421 49 mediko-kirurgiska
1606 1844 207 37 institutet

637 1902 140 36 anvisa
814 1901 52 49 på
894 1903 116 35 extra
1038 1902 81 35 stat
1147 1900 62 36 för
1237 1900 45 36 år
1314 1901 100 35 1922
1444 1900 60 35 ett
1531 1898 279 37 reservations-

638 1955 142 49 anslag
809 1967 51 24 av
890 1956 118 43 5,000
1035 1955 158 36 kronor.

318 2031 103 52 92:0)
462 2036 153 48 Kungl.
659 2035 117 49 Maj:t
802 2035 76 36 har
905 2034 209 48 föreslagit
1140 2033 218 48 riksdagen
1385 2029 146 52 (punkt
1559 2028 65 51 93)
1653 2033 64 35 att
1744 2044 66 24 an-
1842 2028 183 32 Patologiskt

244 2090 6 7 .
360 2090 10 10 o
681 2093 13 5 oc
756 2089 11 10 o
984 2088 9 11 o
1140 2091 14 6 a
1235 2087 6 7 ö
1353 2091 13 5 ac
1712 2089 13 6 så
1853 2063 174 26 anatomiskt

211 2102 89 25 visa
325 2102 54 36 på
407 2091 116 35 extra
550 2091 83 35 stat
660 2089 62 36 för
751 2101 45 24 år
828 2090 100 35 1922
958 2100 131 24 såsom
1117 2087 197 37 särskilda
1332 2086 325 49 förslagsanslag,
1677 2085 132 49 högst,
1841 2099 202 27 laboratorium

319 2143 83 37 dels
443 2143 65 37 till
547 2143 216 48 lokalhyra
799 2142 62 37 för
900 2143 60 35 ett
987 2141 64 37 till
1080 2140 254 38 Stockholms
1362 2140 109 37 stads
1500 2140 208 36 allmänna
1736 2139 74 37 för-
1867 2135 49 26 vid
1929 2136 78 25 karo

210 2197 429 49 sörjningsinrättning
681 2196 151 48 förlagt
872 2194 513 50 patologiskt-anatomiskt
1424 2193 290 37 laboratorium
1753 2194 60 35 ett
1863 2171 150 62 are

209 2251 144 48 belopp
383 2263 49 24 av
462 2252 118 44 2,000
607 2250 163 45 kronor;
1894 2249 90 52 [93.]
