2196 2618
394 189 43 32 52
885 191 254 31 Statsutekotltets
1161 191 168 32 utlåtande
1352 192 53 30 Nr
1428 194 21 29 8
1464 192 41 31 Å.

394 272 135 47 njuter
561 271 51 35 fri
640 271 153 44 bostad,
824 272 164 36 avlönas
1016 272 93 36 med
1138 273 80 36 250
1243 273 157 43 kronor,
1431 273 111 35 vilka
1569 273 101 47 utgå
1698 285 50 23 ur
1775 273 214 38 materiell-

397 325 194 46 anslaget.

500 376 283 49 Utredningen
811 378 216 36 återfinnes
1056 378 24 36 å
1108 378 70 36 sid.
1213 380 207 35 182—184
1448 379 15 35 i
1486 379 460 48 statsrådsprotokollet.'

500 466 220 44 Utskottet,
765 477 85 25 som
890 466 132 36 finner
1062 467 274 48 övertygande
1378 467 88 37 skäl
1500 479 98 24 vara
1626 468 169 36 anförda
1822 467 61 37 för
1911 469 78 36 den

394 519 227 48 föreslagna
648 518 455 49 personaltillökningen
1130 520 60 36 för
1209 520 506 48 vaktmästargöromålens
1734 522 256 37 bestridande

394 573 69 36 vid
490 572 312 48 ifrågavarande
830 573 241 44 institution,
1101 573 242 45 hemställer,

926 628 63 34 att
1016 627 216 48 riksdagen
1259 627 67 36 må

162 682 74 32 Ökat
254 688 107 33 anslag.
925 675 38 51 a)
991 679 62 37 för
1079 680 224 37 beredande
1331 693 52 23 av
1410 681 169 48 höjning
1606 681 64 36 till
1698 682 120 44 3,750
1841 682 150 36 kronor

818 745 51 24 av
896 733 71 36 det
993 734 14 35 i
1035 733 280 48 utgiftsstaten
1343 733 61 37 för
1430 734 283 37 universitetet
1743 735 11 35 i
1771 734 129 45 Lund,
1921 743 68 28 äv-

819 786 218 48 delningen
1064 783 49 50 B)
1139 786 82 37 Till
1248 787 201 36 materiell
1476 799 53 24 m.
1559 800 66 32 m.,
1650 787 129 37 under
1797 788 192 37 rubriken

817 839 498 49 patologisk-anatomiska
1354 840 293 45 institutionen,
1681 842 210 47 upptagna
1919 853 68 25 an-

817 893 300 48 slagsbeloppet
1157 893 24 36 å
1214 895 119 43 3,500
1372 894 160 44 kronor,
1569 894 78 36 öka
1679 894 69 37 det
1788 895 199 36 ordinarie

816 946 211 36 bestämda
1073 947 183 47 anslaget
1297 947 64 36 till
1405 947 179 37 nämnda
1619 948 239 36 universitet
1892 948 96 37 med

819 1001 79 35 250
920 1000 161 44 kronor,

922 1049 41 50 b)
999 1053 233 45 föreskriva,
1272 1056 65 35 att
1377 1055 14 35 i
1433 1054 126 48 sagda
1586 1054 238 48 utgiftsstat,
1854 1053 132 37 avdel-

817 1106 152 49 ningen
1023 1102 55 51 ÅA)
1126 1105 253 50 Avlöningar
1428 1120 54 24 m.
1525 1120 67 32 m.,
1641 1103 36 51 e)
1722 1107 265 49 Tjänstemän

817 1160 75 36 och
932 1160 180 48 betjänte
1153 1160 68 36 vid
1248 1160 300 37 universitetets
1575 1161 222 48 samlingar
1825 1160 75 37 och
1927 1161 58 36 in-

817 1213 234 47 rättningar
1078 1225 51 24 m.
1160 1225 67 33 m.,
1258 1213 104 37 skall
1388 1212 128 38 under
1535 1214 192 37 rubriken
1741 1214 243 49 patologisk-

817 1265 255 38 anatomiska
1098 1266 281 37 institutionen
1406 1267 151 37 införas
1585 1267 192 49 följande:

927 1321 16 34 1
985 1320 24 35 å
1045 1320 338 48 bakteriologiska
1411 1320 269 49 avdelningen
1717 1321 173 37 anställd
1917 1334 69 36 up-

816 1373 219 47 passerska,
1079 1383 85 27 som
1200 1373 180 49 åtnjuter
1417 1374 52 36 fri
1505 1374 152 44 bostad,
1702 1374 163 37 avlönas
1892 1375 95 36 med

818 1427 78 35 250
922 1426 161 44 kronor,
1112 1427 110 36 vilka
1250 1427 101 48 utgå
1378 1440 49 23 ur
1455 1427 394 48 materiellanslaget.

185 1524 114 26 Arvode
317 1525 29 25 åt
503 1511 102 50 74:0)
631 1514 152 49 Kungl.
814 1514 116 49 Maj:t
956 1515 76 36 har
1059 1511 145 52 (punkt
1235 1512 63 50 75)
1325 1516 208 47 föreslagit
1559 1516 217 48 riksdagen
1804 1518 61 34 att

159 1568 216 54 ENS
501 1567 84 37 dels
613 1568 13 36 i
654 1568 278 48 utgiftsstaten
960 1568 62 37 för
1049 1569 279 36 universitetet
1354 1569 14 36 i
1391 1569 131 43 Lund,
1544 1569 269 48 avdelningen
1831 1565 53 52 A)
1903 1569 81 37 Av-

159 1634 112 23 museet
300 1634 75 24 samt
393 1621 189 48 löningar
609 1634 51 23 m.
682 1634 67 32 m.,
781 1617 34 51 c)
834 1621 264 49 Tjänstemän
1123 1622 75 37 och
1220 1623 179 47 betjänte
1418 1622 69 36 vid
1505 1623 299 37 universitetets
1823 1623 161 36 samlin-

170 1667 185 62 Be
394 1686 74 36 gar
505 1675 75 36 och
619 1675 276 48 inrättningar
934 1687 53 24 m.
1032 1687 67 33 m.,
1141 1674 129 38 under
1295 1675 119 37 titeln
1441 1674 228 38 Historiska
1696 1678 157 35 museet
1879 1679 107 34 samt

266 1711 80 25 jkabi
823 1729 7 6 :
917 1728 6 8 5
1205 1732 13 6 Q

184 1740 91 25 nettet
294 1739 48 26 vid
392 1729 132 47 mynt:
567 1728 75 36 och
682 1727 379 49 medaljkabinettet
1100 1729 171 48 uppföra
1303 1741 50 24 en
1381 1741 222 24 amanuens
1630 1729 93 37 med
1751 1731 59 35 ett
1837 1730 148 36 arvode

176 1773 176 63 onde
298 1769 68 72 ani"
391 1793 51 24 av
469 1782 80 35 800
576 1782 164 45 kronor;

218 1855 93 51 [75]
498 1834 94 45 dels,
627 1834 68 37 vid
721 1834 115 37 bifall
861 1835 151 44 härtill,
1042 1835 93 48 höja
1163 1835 68 36 det
1258 1836 198 36 ordinarie
1484 1836 209 36 bestämda
1719 1837 183 47 anslaget
1920 1837 66 35 till

291 1889 6 7 "
389 1888 281 36 universitetet
696 1889 15 35 i
738 1888 119 36 Lund
883 1888 94 36 med
1004 1888 177 37 nämnda
1208 1889 156 48 belopp,
1394 1890 80 35 800
1500 1889 166 45 kronor;

497 1941 84 37 dels
618 1941 73 37 ock
718 1942 66 36 till
810 1941 169 49 höjning
1007 1954 52 24 av
1086 1940 384 50 materiellanslaget
1497 1942 63 37 för
1586 1942 215 37 historiska
1828 1945 156 35 museet

389 1994 69 37 vid
493 1995 240 36 universitet
768 1995 14 36 i
819 1994 117 37 Lund
973 1995 141 37 anvisa
1141 1995 52 48 på
1221 1997 115 34 extra
1364 1997 81 35 stat
1472 1995 63 37 för
1563 1996 45 36 år
1638 1997 101 35 1922
1769 1998 59 34 ett
1860 2008 121 25 reser-

389 2048 302 48 vationsanslag
720 2060 50 25 av
799 2049 117 43 9,000
943 2048 160 37 kronor.

495 2101 282 48 Utredningen
806 2101 215 37 återfinnes
1050 2102 25 36 å
1103 2102 69 37 sid.
1206 2103 207 36 185—189
1442 2102 14 36 i
1485 2102 444 49 statsrådsprotokollet.

496 2190 209 37 Utskottet
732 2190 131 36 finner
890 2191 88 36 skäl
1005 2191 86 36 tala
1118 2191 60 36 för
1204 2191 116 36 bifall
1338 2192 63 35 til
1419 2191 153 48 Kungl.
1592 2192 135 48 Maj:ts
1746 2192 150 47 förslag
1914 2203 68 25 om

388 2243 226 37 beredande
643 2256 51 24 av
722 2244 127 36 ökade
878 2244 288 37 arbetskrafter
1193 2244 61 37 för
1281 2244 215 37 historiska
1523 2247 155 34 museet
1706 2257 147 36 genom
1886 2258 94 35 upp-

589 2297 10 11 o

390 2296 165 38 förande
584 2310 23 23 å
636 2297 199 36 ordinarie
864 2299 80 35 stat
973 2310 51 23 av
1053 2301 110 33 ännu
1191 2310 51 24 en
1270 2310 232 24 amanuens.
