2192 2624
686 192 253 32 Statsutskottets
961 192 168 31 utlåtande
1154 191 52 31 Nr
1229 192 21 29 8
1274 189 40 32 AÅ.
1736 188 59 29 111

204 274 129 37 under
362 275 162 47 förnyat
551 274 281 48 övervägande
860 274 14 35 i
902 273 105 48 syfte
1031 275 63 34 att
1117 272 282 36 åstadkomma
1419 283 49 24 en
1488 269 240 48 reducering
1748 281 50 24 av

205 328 113 36 detta
355 328 123 43 antal,
517 327 75 36 har
628 328 200 36 utskottet
865 328 134 35 ansett
1031 327 61 47 sig
1123 326 99 36 böra
1249 324 205 48 tillstyrka
1482 323 151 49 Kungl.
1664 323 134 47 Maj:ts

204 381 276 48 föreliggande
509 380 159 47 förslag.

311 434 209 37 Utskottet
547 433 233 37 hemställer
808 433 129 42 alltså,

737 488 62 33 att
836 485 215 47 riksdagen
1086 485 68 36 må
1188 484 65 36 till
1279 481 364 51 upprätthållande
1671 481 129 36 under

631 539 44 35 år
716 539 100 35 1922
854 538 72 36 vid
956 538 124 47 högre
1107 536 317 37 realläroverket
1450 536 16 35 i
1496 534 200 48 Göteborg
1726 533 74 37 och

630 590 72 38 vid
741 591 123 48 högre
907 590 335 37 latinläroverket
1278 588 209 37 därstädes
1524 600 49 24 av
1601 587 197 49 provårs-

630 645 144 36 kurser
801 644 70 47 för
899 643 188 37 blivande
1116 643 135 36 lärare
1278 640 73 38 vid
1378 641 47 37 de
1454 640 217 37 allmänna
1691 639 108 37 läro-

630 698 149 36 verken
803 697 140 36 anvisa
960 697 53 48 på
1033 698 115 36 extra
1167 697 82 35 stat
1269 695 61 36 för
1349 695 45 36 år
1416 695 100 36 1922
1537 695 60 35 ett
1616 693 183 48 förslags-

631 751 152 48 anslag,
813 751 130 47 högst,
975 751 144 44 27,350
1147 750 159 35 kronor.

316 836 127 51 141:0)
480 840 19 36 I
537 840 180 47 enlighet
748 839 94 36 med
874 839 151 47 Kungl.
1057 838 133 47 Maj:ts
1220 838 150 47 förslag
1397 832 146 53 (punkt
1575 831 89 51 142)
1691 835 108 36 hem-

205 894 137 36 ställer
369 894 210 43 utskottet,

738 947 62 34 att
835 945 227 48 riksdagen,
1101 945 15 35 i
1151 944 132 36 likhet
1317 943 94 36 med
1441 942 80 36 vad
1549 942 62 36 för
1638 942 161 36 inneva-

632 999 124 36 rande
790 999 45 35 år
868 1000 72 47 ägt
967 1010 103 31 rum,
1100 997 68 36 må
1196 997 62 36 för
1286 995 258 37 anordnande
1573 1008 52 24 av
1652 994 147 37 utbild-

631 1052 268 48 ningskurser
925 1051 70 47 för
1024 1051 134 37 lärare
1184 1049 74 38 vid
1285 1049 215 37 allmänna
1520 1048 186 37 läroverk
1727 1048 74 37 och

635 1105 134 37 andra
789 1104 171 38 därmed
968 1104 259 49 jämförliga,
1248 1103 134 37 under
1399 1102 402 48 skolöverstyrelsens

633 1158 191 38 inseende
851 1158 166 37 stående
1047 1157 289 37 läroanstalter
1354 1157 139 35 anvisa
1511 1156 53 48 på
1583 1157 117 35 extra
1720 1157 83 35 stat

632 1213 62 36 för
714 1212 45 37 år
781 1214 100 35 1922
902 1214 60 35 ett
980 1210 410 48 reservationsanslag
1410 1222 51 24 av
1481 1211 144 44 30,000
1640 1210 159 35 kronor.

319 1298 126 50 142:0)
478 1302 20 35 I
526 1301 396 37 överensstämmelse
950 1301 94 36 med
1072 1300 152 48 Kungl.
1255 1299 135 48 Maj:ts
1419 1294 146 53 (punkt
1597 1294 89 51 143)
1715 1298 87 36 där-

208 1367 67 25 om
304 1355 252 37 framställda
583 1355 150 47 förslag
760 1354 234 37 hemställer
1020 1354 213 42 utskottet,

741 1410 63 34 att
839 1407 228 48 riksdagen,
1105 1407 15 35 i
1155 1406 131 36 likhet
1320 1405 94 37 med
1445 1404 79 37 vad
1552 1404 61 37 för
1640 1405 162 36 inneva-

634 1461 126 37 rande
797 1461 46 36 år
880 1463 72 46 ägt
984 1473 103 31 rum,
1116 1460 69 36 må
1213 1460 63 36 för
1304 1457 269 38 anordnande
1600 1458 130 36 under
1758 1458 45 36 år

639 1516 99 35 1922
778 1527 149 37 genom
967 1513 178 48 infödda
1187 1513 135 37 lärare
1363 1525 49 24 av
1452 1511 300 49 undervisning
1787 1511 17 36 i

636 1569 118 48 tyska
792 1568 73 37 och
903 1568 188 48 engelska
1126 1566 73 38 vid
1235 1566 48 37 de
1321 1566 215 37 allmänna
1565 1565 239 37 läroverken

634 1622 95 37 med
755 1621 105 49 flera
897 1621 292 40 läroanstalter
1222 1620 141 36 anvisa
1396 1619 53 49 på
1485 1621 117 34 extra
1633 1620 83 35 stat
1743 1618 62 37 för

635 1676 46 36 år
713 1677 100 35 1922
843 1677 60 35 ett
930 1674 323 49 förslagsanslag,
1283 1674 130 47 högst,
1444 1674 118 43 3,000
1589 1673 160 36 kronor.

321 1762 127 50 143:0)
484 1765 20 36 I
541 1765 181 48 enlighet
756 1764 95 37 med
887 1764 151 49 Kungl.
1077 1763 135 48 Maj:ts
1250 1758 145 53 (punkt
1426 1757 88 51 144)
1552 1761 253 37 framställda

211 1819 149 48 förslag
386 1819 234 37 hemställer
646 1819 210 43 utskottet,

743 1873 63 35 att
842 1871 226 47 riksdagen,
1107 1871 15 35 i
1157 1870 132 36 likhet
1325 1869 93 36 med
1445 1868 80 37 vad
1552 1868 63 37 för
1642 1868 162 37 inneva-

636 1925 125 37 rande
798 1925 45 36 år
879 1926 71 46 ägt
977 1937 102 32 rum,
1109 1924 68 36 må
1204 1923 53 49 på
1285 1924 116 36 extra
1427 1924 82 35 stat
1536 1922 63 36 för
1628 1922 44 36 år
1704 1923 100 35 1922

636 1980 140 35 anvisa

744 2030 41 48 a)
813 2032 65 36 till
900 2030 291 48 förstärkande
1212 2043 49 24 av
1282 2030 77 36 den
1377 2030 14 36 i
1411 2029 201 37 ordinarie
1631 2041 173 25 reserva-

636 2086 367 47 tionsansanslaget
1043 2084 64 36 till
1143 2084 49 37 de
1231 2084 206 36 allmänna
1472 2083 240 36 läroverken
1748 2083 56 36 in-

637 2139 154 48 gående
820 2138 306 49 anslagsposten
1156 2137 65 37 till
1247 2136 308 49 resestipendier
1574 2137 44 36 åt
1637 2136 135 37 lärare
1790 2136 17 36 i

636 2192 266 48 främmande
922 2191 168 37 levande
1108 2191 123 49 språk
1252 2193 59 34 ett
1330 2190 322 49 förslagsanslag,
1673 2190 131 49 högst,

642 2248 141 43 15,000
810 2247 159 43 kronor,

1829 829 194 33 Utbildnings-

1846 866 100 25 kurser
1964 866 44 25 för

1820 901 90 26 lärare
1929 901 49 26 vid
1997 900 35 26 de

1857 937 147 26 allmänna

1846 972 168 27 läroverken

1841 1017 37 17 m.
1898 1008 27 25 fl.
1946 1008 68 25 läro-

1857 1044 146 25 anstalter.

1867 1086 116 51 [142.]

1833 1292 193 27 Anordnande

1848 1336 102 25 genom
1968 1328 39 26 in-

1830 1364 87 26 födda
1934 1364 91 26 lärare

1831 1408 35 18 av
1879 1400 146 26 undervis-

1819 1436 70 32 ning
1916 1435 9 26 i
1952 1436 83 32 tyska

1822 1471 54 26 och
1889 1471 142 33 engelska.

1868 1514 116 51 [143]

1825 1761 97 32 Ökade
1941 1765 94 27 medel

1842 1802 44 26 till
1905 1803 110 25 resesti-

1825 1838 119 33 pendier
1961 1838 29 26 åt
2000 1838 36 26 lä-

1837 1881 62 19 rare
1917 1874 49 26 vid
1986 1873 36 27 de

1854 1910 146 25 allmänna

1842 1945 176 26 läroverken.

1871 1988 114 52 [144]
