2204 2626
692 179 256 33 Statsutskottets
970 176 168 33 utlåtande
1162 176 52 30 Nr
1238 177 17 29 8
1272 174 39 32 ÅA.
1746 168 60 31 187

317 265 80 36 "Pill
425 262 279 38 förstärkande
732 273 51 24 av
812 258 308 50 ifrågavarande
1148 257 143 46 anslag
1315 255 75 36 har
1409 253 51 49 på
1479 251 250 49 tilläggsstat
1748 249 62 36 för

211 320 45 35 år
288 320 96 35 1921
418 318 134 36 äskats
580 318 60 35 ett
667 315 144 48 belopp
840 325 51 24 av
921 314 144 42 50,000
1092 312 159 35 kronor.

317 371 281 47 Utredningen
639 370 14 35 i
695 364 167 40 ärendet
904 365 216 37 återfinnes
1157 364 25 36 å
1218 362 71 37 sid.
1323 360 208 37 789-—792
1560 359 14 35 i
1602 355 207 40 statsråds-

212 425 253 48 protokollet.

320 505 157 35 (+enom
511 502 132 37 beslut
671 513 50 23 av
754 501 100 35 1919
885 499 64 36 års
977 497 163 46 riksdag
1167 495 138 47 höjdes
1333 490 310 50 ifrågavarande
1672 489 140 46 anslag

213 558 91 35 från
347 557 71 36 sitt
457 553 289 39 förutvarande
787 552 155 48 belopp,
986 550 144 43 80,000
1171 549 150 35 kronor
1359 546 63 35 till
1454 545 169 43 150,000
1650 542 160 36 kronor.

213 610 147 37 Denna
401 609 152 47 ökning
594 607 85 44 har,
723 606 101 36 efter
851 604 81 36 vad
960 616 50 23 av
1039 598 437 50 statsrådsprotokollet
1503 595 192 48 framgår,
1724 594 89 36 icke

214 664 224 36 motsvarat
477 661 183 37 behovet.
719 658 172 37 Särskilt
931 656 103 37 hade
1072 655 233 47 stegringen
1334 665 51 23 av
1412 648 400 51 tryckningskostna-

214 717 126 37 derna
380 715 75 37 och
484 715 48 36 de
559 714 122 48 höjda
707 711 303 50 pappersprisen
1039 709 107 48 gjort
1173 708 78 36 den
1280 704 260 39 ekonomiska
1568 701 246 48 ställningen

215 770 62 36 för
304 769 279 37 tidskrifterna
611 766 260 49 synnerligen
898 764 325 48 bekymmersam
1251 760 76 37 och
1354 760 15 35 i
1397 770 50 25 en
1475 756 64 37 del
1558 756 73 36 fall
1650 754 164 37 alldeles

217 823 195 44 ohållbar,
429 823 135 36 därest
591 822 35 45 ej
657 819 127 37 ökade
813 817 131 37 medel
972 818 112 35 snart
1110 814 201 38 bereddes.
1342 811 142 48 Enligt
1503 808 310 50 depratements-

216 877 161 36 chefens
417 875 167 47 mening
625 872 179 48 förelåge
845 871 75 36 här
961 882 50 24 en
1039 868 189 47 allvarlig
1254 867 90 36 fara
1370 865 63 36 för
1459 863 94 37 hela
1580 862 73 36 vår
1680 862 135 35 veten-

216 930 185 48 skapliga
427 927 256 49 produktion.

323 982 213 48 Härjämte
578 984 45 32 är
656 979 185 37 avsikten
869 979 63 34 att
958 975 91 37 från
1076 971 311 51 ifrågavarande
1415 970 142 47 anslag
1574 967 148 38 bereda
1735 978 80 25 me-

219 1036 64 37 del
312 1035 113 38 såväl
452 1034 66 37 till
546 1033 49 37 de
623 1033 111 37 förut
762 1043 148 38 genom
938 1028 163 38 särskilt
1120 1027 142 47 anslag
1277 1026 25 36 å
1316 1024 217 37 riksstaten
1547 1020 271 39 understödda

218 1089 249 38 medicinska
493 1086 281 39 tidskrifterna
805 1083 131 38 >Acta
962 1082 157 37 medica
1145 1078 303 39 scandinavica>
1482 1075 76 38 och
1591 1074 128 37 >»Acta
1738 1073 78 37 chi-

218 1144 164 48 rurgica
418 1141 304 38 scandinavica>
766 1151 87 25 som
894 1136 163 38 särskilt
1095 1134 67 38 till
1202 1133 92 49 fyra
1333 1143 83 37 nya
1455 1128 248 39 medicinska
1742 1126 75 37 tid-

219 1197 173 44 skrifter,
408 1195 210 48 nämligen
634 1206 13 18 >»
656 1192 106 38 Acta
780 1188 539 48 dermato-venereologica»,
1344 1183 131 39 >Acta
1490 1182 326 50 gynecologica»>,

223 1250 132 37 >Acta
381 1249 241 49 pediatrica>
656 1246 76 38 och
765 1244 129 38 >Acta
921 1242 283 49 radiologica».
1260 1239 80 37 För
1372 1251 50 24 en
1449 1250 73 24 var
1551 1249 51 24 av
1629 1234 192 48 samtliga

220 1317 57 23 nu
303 1303 179 37 nämnda
509 1300 224 38 tidskrifter
760 1297 251 39 beräknades
1039 1298 59 35 ett
1126 1294 125 48 årligt
1276 1292 145 49 belopp
1450 1303 51 24 av
1519 1291 120 44 4,000
1657 1289 160 36 kronor.

220 1357 268 37 Tillkomsten
516 1367 51 24 av
595 1354 114 37 dessa
735 1351 300 50 publikationer
1061 1360 107 33 vore,
1188 1348 54 48 på
1269 1348 83 35 sätt
1379 1341 443 52 departementschefen

221 1410 245 43 framhåller,
496 1406 210 39 föranledd
744 1418 51 24 av
833 1403 258 49 svårigheten
1124 1402 62 36 för
1215 1399 172 38 svenska
1414 1397 179 38 forskare
1622 1396 24 36 å
1672 1395 147 47 ifrågar

220 1464 178 36 varande
426 1461 193 39 områden
647 1462 62 35 att
737 1459 42 37 få
794 1478 50 4 —
860 1458 132 37 såsom
1018 1456 173 48 tidigare
1218 1453 108 37 varit
1354 1451 115 37 fallet
1484 1469 51 5 —
1551 1450 87 36 sina
1656 1449 166 36 arbeten

221 1519 171 47 intagna
432 1517 14 36 i
488 1514 220 38 utländska
748 1510 384 51 specialtidskrifter,
1161 1507 200 49 varjärate
1396 1503 278 39 tidskrifterna
1701 1501 122 38 också

223 1571 130 37 skulle
380 1571 114 48 tjäna
520 1569 66 36 till
614 1569 63 36 att
705 1566 217 48 återknyta
940 1564 48 37 de
1007 1560 330 40 internationella
1355 1557 315 39 förbindelserna
1687 1557 134 35 veten-

223 1625 298 48 skapsmännen
550 1621 185 38 emellan.

332 1705 89 36 Den
462 1715 50 25 av
554 1701 152 49 Kungl.
746 1700 116 48 Maj:t
903 1697 228 48 föreslagna
1159 1693 368 49 anslagsökningen
1556 1689 179 50 grundar
1763 1688 62 48 sig

224 1757 282 39 företrädesvis
534 1756 53 48 på
613 1755 72 36 två
713 1752 356 48 omständigheter,
1098 1748 210 48 nämligen
1336 1746 84 37 dels
1448 1745 49 37 de
1525 1743 184 49 stegrade
1737 1753 86 37 pro-

226 1809 472 43 duktionskostnaderna,
742 1807 85 37 dels
868 1803 325 39 önskvärdheten
1234 1803 62 35 att
1336 1800 140 36 kunna
1502 1799 15 35 i
1544 1798 127 48 något
1698 1798 127 35 större

224 1865 285 47 utsträckning
551 1867 53 32 än
644 1861 149 38 hittills
833 1858 214 50 tillgodose
1073 1857 144 36 kravet
1244 1855 53 48 på
1324 1851 220 39 understöd
1571 1852 44 36 åt
1641 1862 83 36 nya
1750 1848 74 37 tid-

227 1919 162 37 skrifter
422 1918 98 37 eller
547 1914 309 49 vetenskapliga
882 1911 308 51 publikationer.
1247 1907 91 38 Vad
1366 1906 48 37 de
1442 1904 184 49 stegrade
1653 1902 171 50 produk-

226 1971 380 39 tionskostnaderna
645 1968 207 44 beträffar,
881 1967 75 36 har
983 1965 125 38 redan
1135 1976 51 25 en
1214 1961 202 48 sänkning
1445 1972 51 24 av
1522 1957 306 50 pappersprisen

228 2028 149 36 inträtt
404 2025 75 37 och
505 2023 117 38 torde
649 2022 113 38 såväl
790 2034 52 24 en
869 2019 238 50 ytterligare
1134 2016 204 48 sänkning
1367 2026 51 24 av
1446 2014 114 36 dessa
1587 2011 125 50 priser
1740 2022 88 25 som

228 2093 52 25 en
320 2079 235 47 minskning
592 2089 51 24 av
670 2072 514 52 tryckningskostnaderna
1210 2081 100 25 vara
1337 2069 63 36 att
1427 2068 161 36 emotse.
1644 2064 21 37 I
1693 2063 133 38 anled-

228 2134 101 48 ning
369 2133 127 36 härav
537 2130 115 38 torde
681 2129 77 37 den
786 2141 58 24 nu
870 2127 240 48 ifrågasatta
1138 2122 370 49 anslagsökningen
1534 2120 141 36 kunna
1701 2117 129 48 något

228 2188 227 48 begränsas.

336 2238 261 39 Beträffande
639 2235 326 39 önskvärdheten
1006 2235 62 35 att
1100 2232 141 36 kunna
1267 2230 15 36 i
1309 2231 127 35 större
1463 2226 285 47 utsträckning
1777 2227 53 33 än

233 2294 147 38 hittills
408 2292 213 50 tillgodose
649 2291 145 37 kravet
821 2289 53 49 på
900 2285 218 40 understöd
1146 2285 44 36 åt
1217 2296 83 37 nya
1327 2281 222 38 tidskrifter
1577 2280 98 37 eller
1694 2280 135 36 veten-
