2198 2622
672 192 258 32 Statsutskottets
952 191 169 31 utlåtande
1145 190 51 30 Nr
1220 191 21 29 8
1264 188 40 31 ÅA.
1737 185 62 31 123

600 433 813 65 Folkundervisningen.

318 586 128 50 158:0)
474 589 150 47 Kungl.
670 588 116 46 Maj:t
826 587 75 35 har
942 585 132 48 punkt
1115 580 107 50 (158)
1250 582 208 47 föreslagit
1486 580 215 47 riksdagen
1730 581 72 41 att,

208 643 62 36 för
310 642 224 37 beredande
577 654 50 23 av
664 640 132 37 medel
824 641 62 35 att
913 639 91 36 från
1033 637 76 37 och
1137 637 93 36 med
1258 636 77 36 den
1367 638 17 32 1
1416 634 160 48 januari
1607 635 100 34 1922
1736 632 68 36 vid

208 696 486 37 folkskoleseminarierna
722 695 193 46 upprätta
942 691 236 49 ytterligare
1209 689 82 37 dels
1321 690 23 34 6
1372 687 335 48 lektorstjänster,
1728 686 75 35 för-

209 750 140 36 delade
376 749 152 36 mellan
557 749 48 36 de
634 747 196 37 särskilda
858 745 288 38 seminarierna
1173 743 52 48 på
1253 744 81 35 sätt
1361 741 152 48 Kungl.
1540 740 117 48 Maj:t
1674 739 131 36 finner

210 805 91 46 gott
340 803 238 43 bestämma,
619 801 82 37 dels
731 800 72 37 ock
833 801 23 34 2
886 797 552 48 övningsskollärartjänster,
1469 794 94 48 höja
1591 794 77 36 den
1695 793 15 35 i
1739 792 68 37 det

210 857 199 37 ordinarie
460 854 453 47 reservationsanslaget
962 852 65 36 till
1074 848 487 39 folkskoleseminarierna
1607 845 200 49 ingående

212 910 323 47 anslagsposten:
582 905 488 39 folkskoleseminarierna
1110 903 91 36 från
1244 903 86 35 dess
1371 900 236 37 nuvarande
1648 899 157 47 belopp,

214 963 208 45 1,756,590
449 962 161 43 kronor,
640 960 93 36 med
760 960 146 43 41,600
933 959 150 35 kronor
1111 956 63 36 till
1205 956 209 44 1,798,190
1441 954 160 36 kronor.

317 1015 283 48 Utredningen
640 1014 14 36 i
697 1012 167 37 ärendet
905 1011 217 37 återfinnes
1164 1010 24 35 å
1217 1009 69 36 sid.
1317 1008 211 36 483—487
1558 1007 14 35 i
1601 1005 206 38 statsråds-

212 1069 255 49 protokollet.

319 1175 64 38 Av
426 1176 48 36 de
515 1175 241 48 ifrågasatta
799 1174 23 35 6
863 1184 83 36 nya
990 1170 376 47 lektorstjänsterna
1395 1171 69 33 äro
1494 1169 23 34 2
1547 1165 174 38 avsedda
1749 1167 62 34 att

212 1231 172 36 inrättas
424 1229 70 36 vid
535 1231 93 34 vart
668 1228 77 36 och
786 1229 60 34 ett
887 1238 51 24 av
980 1224 288 37 seminarierna
1300 1223 14 35 i
1343 1221 203 44 Karlstad,
1575 1219 133 38 Umeå
1735 1219 76 36 och

213 1284 137 36 Luleå.
409 1282 97 37 Som
547 1282 88 36 skäl
675 1280 138 37 härför
855 1279 169 43 anföres,
1065 1279 62 35 att
1154 1276 292 37 seminarierna
1472 1275 15 35 i
1514 1272 194 38 Karlstad
1735 1272 76 36 och

212 1337 131 37 Umeå
378 1336 111 36 bliva
516 1334 265 48 fullständiga
809 1331 382 39 dubbelseminarier
1219 1329 125 37 redan
1370 1328 129 36 under
1528 1327 45 36 år
1605 1328 97 35 1921
1734 1325 77 37 och

214 1390 232 38 seminariet
472 1390 15 35 i
515 1388 129 37 Luleå
661 1387 90 37 haft
768 1384 453 50 parallellavdelningar
1241 1382 121 37 sedan
1381 1380 293 39 höstterminen
1696 1379 111 36 1916.

213 1445 21 36 I
276 1443 194 37 avseende
513 1443 24 35 å
577 1440 293 50 byggnaderna
911 1439 61 36 för
1004 1436 310 50 ifrågavarande
1343 1434 235 37 seminarier
1605 1432 207 37 meddelar

215 1495 451 51 departementschefen,
706 1495 63 36 att
797 1491 304 51 nybyggnaden
1128 1490 62 36 för
1218 1488 232 38 seminariet
1476 1488 15 35 i
1518 1486 128 37 Luleå
1671 1486 139 36 beräk-

215 1551 123 37 nades
379 1551 141 36 kunna
560 1552 117 44 tagas
718 1549 15 35 i
773 1547 106 36 bruk
919 1546 129 36 under
1091 1545 44 36 år
1179 1545 112 42 1921,
1331 1544 62 35 att
1420 1540 303 49 nybyggnaden
1751 1539 62 36 för

215 1603 448 39 Karlstadsseminariet
689 1601 114 37 torde
831 1601 167 35 komma
1025 1601 63 34 att
1114 1600 117 46 tagas
1259 1597 14 36 i
1301 1595 175 48 anspråk
1494 1594 130 36 under
1643 1593 45 36 år
1711 1593 100 36 1922

216 1660 106 35 samt
351 1659 62 35 att
440 1657 49 36 de
517 1669 82 35 nya
625 1654 294 50 byggnaderna
946 1653 62 36 för
1028 1651 231 38 seminariet
1288 1650 3 36 i
1309 1648 131 38 Umeå
1460 1648 35 48 ej
1515 1648 135 36 kunde
1668 1648 146 35 väntas

215 1712 112 37 bliva
353 1711 160 48 färdiga
540 1710 138 37 förrän
705 1708 128 37 under
861 1707 45 36 år
937 1708 113 35 1923.

323 1765 111 36 Enär
476 1761 507 49 seminariebyggnaderna
1022 1760 15 35 i
1077 1758 131 38 Umeå
1250 1757 75 36 och
1365 1754 194 38 Karlstad
1600 1757 111 33 ännu
1753 1752 62 38 stå

219 1818 288 44 ofullbordade,
552 1828 116 37 synes
710 1816 145 47 frågan
897 1826 67 24 om
1005 1811 232 38 inrättande
1270 1823 50 23 av
1348 1809 63 37 för
1440 1809 114 36 dessa
1581 1807 234 37 seminarier

219 1872 264 48 erforderliga
511 1883 82 36 nya
620 1869 200 37 ordinarie
847 1868 132 36 lärare
1008 1867 35 47 ej
1072 1866 157 36 behöva
1255 1864 14 35 i
1298 1863 74 37 allt
1391 1863 62 36 för
1471 1862 82 48 hög
1573 1860 241 49 grad”orce-

219 1939 75 24 ras.
342 1925 211 38 Utskottet
580 1924 74 37 har
682 1922 136 38 därför
847 1923 133 35 ansett
1007 1919 204 49 tillfyllest
1238 1919 62 35 att
1328 1929 55 24 nu
1412 1916 173 36 allenast
1616 1914 91 49 fyra
1734 1925 82 36 nya

218 1980 323 48 lektorstjänster
559 1978 189 43 inrättas;
770 1976 76 37 den
865 1975 139 37 härför
1023 1972 262 48 erforderliga
1303 1969 368 49 anslagsökningen
1686 1963 129 57 skulle

219 2034 144 47 belöpa
391 2033 62 48 sig
480 2032 66 36 till
575 2032 145 43 23,200
747 2030 159 36 kronor.

327 2086 62 37 De
408 2086 72 36 två
494 2097 83 36 nya
591 2082 609 50 övningsskollärartjänsterna,
1218 2078 111 37 vilka
1348 2082 69 32 äro
1438 2076 165 37 afsedda
1620 2075 63 37 för
1702 2074 113 37 semi-

221 2141 133 37 nariet
389 2140 15 36 i
445 2138 246 44 Stockholm,
722 2137 75 37 och
826 2136 78 37 den
932 2135 125 37 därav
1085 2132 216 49 betingade
1330 2129 368 50 anslagsökningen
1725 2127 92 37 med

224 2196 117 44 6,800
368 2194 150 36 kronor
547 2204 115 25 anser
691 2192 61 47 sig
778 2190 202 36 utskottet
1006 2189 99 35 böra
1131 2186 215 48 tillstyrka.

328 2247 212 38 Utskottet
568 2244 235 38 hemställer
830 2243 132 44 alltså,

1835 580 62 33 Nya
1916 579 108 26 ordina-

1837 616 41 25 rie
1898 615 121 32 tjänster

1824 651 47 25 vid
1885 650 151 26 folkskole-

1824 686 213 26 seminarierna.

1880 728 116 52 [158]
