<?xml version="1.0" encoding="UTF-8"?>
<alto xmlns="http://www.loc.gov/standards/alto/ns-v3#" xmlns:xlink="http://www.w3.org/1999/xlink" xmlns:xsi="http://www.w3.org/2001/XMLSchema-instance" xsi:schemaLocation="http://www.loc.gov/standards/alto/ns-v3# http://www.loc.gov/alto/v3/alto-3-0.xsd">
	<Description>
		<MeasurementUnit>pixel</MeasurementUnit>
		<sourceImageInformation>
			<fileName>/tmp/tess_vbhr_ce__input.PNG</fileName>
		</sourceImageInformation>
		<OCRProcessing ID="OCR_0">
			<ocrProcessingStep>
				<processingSoftware>
					<softwareName>tesseract 5.3.0</softwareName>
				</processingSoftware>
			</ocrProcessingStep>
		</OCRProcessing>
	</Description>
	<Layout>
		<Page WIDTH="1894" HEIGHT="2816" PHYSICAL_IMG_NR="0" ID="page_0">
			<PrintSpace HPOS="0" VPOS="0" WIDTH="1894" HEIGHT="2816">
				<ComposedBlock ID="cblock_0" HPOS="549" VPOS="123" WIDTH="1064" HEIGHT="53">
					<TextBlock ID="block_0" HPOS="549" VPOS="123" WIDTH="1064" HEIGHT="53">
						<TextLine ID="line_0" HPOS="549" VPOS="123" WIDTH="1064" HEIGHT="53">
							<String ID="string_0" HPOS="549" VPOS="139" WIDTH="295" HEIGHT="37" WC="0.92" CONTENT="Statsutskottets"/><SP WIDTH="18" VPOS="139" HPOS="844"/>
							<String ID="string_1" HPOS="862" VPOS="136" WIDTH="187" HEIGHT="37" WC="0.95" CONTENT="utlåtande"/><SP WIDTH="21" VPOS="136" HPOS="1049"/>
							<String ID="string_2" HPOS="1070" VPOS="136" WIDTH="53" HEIGHT="35" WC="0.96" CONTENT="Nr"/><SP WIDTH="20" VPOS="136" HPOS="1123"/>
							<String ID="string_3" HPOS="1143" VPOS="137" WIDTH="56" HEIGHT="39" WC="0.91" CONTENT="34."/><SP WIDTH="399" VPOS="137" HPOS="1199"/>
							<String ID="string_4" HPOS="1598" VPOS="123" WIDTH="15" HEIGHT="41" WC="0.96" CONTENT="1"/>
						</TextLine>
					</TextBlock>
				</ComposedBlock>
				<ComposedBlock ID="cblock_1" HPOS="795" VPOS="541" WIDTH="157" HEIGHT="45">
					<TextBlock ID="block_1" HPOS="795" VPOS="541" WIDTH="157" HEIGHT="45">
						<TextLine ID="line_1" HPOS="795" VPOS="541" WIDTH="157" HEIGHT="45">
							<String ID="string_5" HPOS="795" VPOS="543" WIDTH="69" HEIGHT="43" WC="0.95" CONTENT="Nr"/><SP WIDTH="22" VPOS="543" HPOS="864"/>
							<String ID="string_6" HPOS="886" VPOS="541" WIDTH="66" HEIGHT="44" WC="0.94" CONTENT="34."/>
						</TextLine>
					</TextBlock>
				</ComposedBlock>
				<ComposedBlock ID="cblock_2" HPOS="648" VPOS="702" WIDTH="972" HEIGHT="37">
					<TextBlock ID="block_2" HPOS="648" VPOS="702" WIDTH="972" HEIGHT="37">
						<TextLine ID="line_2" HPOS="648" VPOS="702" WIDTH="972" HEIGHT="37">
							<String ID="string_7" HPOS="648" VPOS="709" WIDTH="103" HEIGHT="26" WC="0.96" CONTENT="Ankom"/><SP WIDTH="19" VPOS="709" HPOS="751"/>
							<String ID="string_8" HPOS="770" VPOS="708" WIDTH="42" HEIGHT="26" WC="0.96" CONTENT="till"/><SP WIDTH="19" VPOS="708" HPOS="812"/>
							<String ID="string_9" HPOS="831" VPOS="708" WIDTH="155" HEIGHT="31" WC="0.96" CONTENT="riksdagens"/><SP WIDTH="18" VPOS="708" HPOS="986"/>
							<String ID="string_10" HPOS="1004" VPOS="706" WIDTH="86" HEIGHT="26" WC="0.95" CONTENT="kansli"/><SP WIDTH="19" VPOS="706" HPOS="1090"/>
							<String ID="string_11" HPOS="1109" VPOS="706" WIDTH="51" HEIGHT="25" WC="0.95" CONTENT="den"/><SP WIDTH="20" VPOS="706" HPOS="1160"/>
							<String ID="string_12" HPOS="1180" VPOS="707" WIDTH="32" HEIGHT="23" WC="0.96" CONTENT="26"/><SP WIDTH="21" VPOS="707" HPOS="1212"/>
							<String ID="string_13" HPOS="1233" VPOS="704" WIDTH="116" HEIGHT="26" WC="0.96" CONTENT="februari"/><SP WIDTH="21" VPOS="704" HPOS="1349"/>
							<String ID="string_14" HPOS="1370" VPOS="706" WIDTH="65" HEIGHT="23" WC="0.96" CONTENT="1941"/><SP WIDTH="22" VPOS="706" HPOS="1435"/>
							<String ID="string_15" HPOS="1457" VPOS="703" WIDTH="35" HEIGHT="25" WC="0.96" CONTENT="kl."/><SP WIDTH="21" VPOS="703" HPOS="1492"/>
							<String ID="string_16" HPOS="1513" VPOS="705" WIDTH="14" HEIGHT="22" WC="0.90" CONTENT="9"/><SP WIDTH="21" VPOS="705" HPOS="1527"/>
							<String ID="string_17" HPOS="1548" VPOS="702" WIDTH="17" HEIGHT="26" WC="0.82" CONTENT="f."/><SP WIDTH="21" VPOS="702" HPOS="1565"/>
							<String ID="string_18" HPOS="1586" VPOS="711" WIDTH="34" HEIGHT="16" WC="0.90" CONTENT="m."/>
						</TextLine>
					</TextBlock>
				</ComposedBlock>
				<ComposedBlock ID="cblock_3" HPOS="350" VPOS="843" WIDTH="1274" HEIGHT="207">
					<TextBlock ID="block_3" HPOS="350" VPOS="843" WIDTH="1274" HEIGHT="154">
						<TextLine ID="line_3" HPOS="350" VPOS="843" WIDTH="1273" HEIGHT="51">
							<String ID="string_19" HPOS="350" VPOS="854" WIDTH="190" HEIGHT="35" WC="0.96" CONTENT="Utlåtande"/><SP WIDTH="25" VPOS="854" HPOS="540"/>
							<String ID="string_20" HPOS="565" VPOS="854" WIDTH="12" HEIGHT="33" WC="0.96" CONTENT="i"/><SP WIDTH="26" VPOS="854" HPOS="577"/>
							<String ID="string_21" HPOS="603" VPOS="851" WIDTH="186" HEIGHT="43" WC="0.96" CONTENT="anledning"/><SP WIDTH="27" VPOS="851" HPOS="789"/>
							<String ID="string_22" HPOS="816" VPOS="863" WIDTH="45" HEIGHT="22" WC="0.95" CONTENT="av"/><SP WIDTH="25" VPOS="863" HPOS="861"/>
							<String ID="string_23" HPOS="886" VPOS="849" WIDTH="134" HEIGHT="43" WC="0.96" CONTENT="Kungl."/><SP WIDTH="25" VPOS="849" HPOS="1020"/>
							<String ID="string_24" HPOS="1045" VPOS="848" WIDTH="129" HEIGHT="43" WC="0.96" CONTENT="Maj:ts"/><SP WIDTH="25" VPOS="848" HPOS="1174"/>
							<String ID="string_25" HPOS="1199" VPOS="846" WIDTH="220" HEIGHT="45" WC="0.96" CONTENT="proposition"/><SP WIDTH="25" VPOS="846" HPOS="1419"/>
							<String ID="string_26" HPOS="1444" VPOS="843" WIDTH="179" HEIGHT="45" WC="0.95" CONTENT="angående"/>
						</TextLine>
						<TextLine ID="line_4" HPOS="560" VPOS="899" WIDTH="1064" HEIGHT="49">
							<String ID="string_27" HPOS="560" VPOS="906" WIDTH="203" HEIGHT="35" WC="0.96" CONTENT="överlåtelse"/><SP WIDTH="16" VPOS="906" HPOS="763"/>
							<String ID="string_28" HPOS="779" VPOS="905" WIDTH="45" HEIGHT="43" WC="0.96" CONTENT="på"/><SP WIDTH="21" VPOS="905" HPOS="824"/>
							<String ID="string_29" HPOS="845" VPOS="904" WIDTH="111" HEIGHT="42" WC="0.90" CONTENT="Växjö"/><SP WIDTH="15" VPOS="904" HPOS="956"/>
							<String ID="string_30" HPOS="971" VPOS="903" WIDTH="82" HEIGHT="34" WC="0.96" CONTENT="stad"/><SP WIDTH="16" VPOS="903" HPOS="1053"/>
							<String ID="string_31" HPOS="1069" VPOS="914" WIDTH="45" HEIGHT="22" WC="0.96" CONTENT="av"/><SP WIDTH="16" VPOS="914" HPOS="1114"/>
							<String ID="string_32" HPOS="1130" VPOS="901" WIDTH="133" HEIGHT="43" WC="0.96" CONTENT="Kungl."/><SP WIDTH="16" VPOS="901" HPOS="1263"/>
							<String ID="string_33" HPOS="1279" VPOS="900" WIDTH="111" HEIGHT="43" WC="0.96" CONTENT="Maj:t"/><SP WIDTH="16" VPOS="900" HPOS="1390"/>
							<String ID="string_34" HPOS="1406" VPOS="899" WIDTH="66" HEIGHT="35" WC="0.96" CONTENT="och"/><SP WIDTH="16" VPOS="899" HPOS="1472"/>
							<String ID="string_35" HPOS="1488" VPOS="899" WIDTH="136" HEIGHT="34" WC="0.96" CONTENT="kronan"/>
						</TextLine>
						<TextLine ID="line_5" HPOS="560" VPOS="952" WIDTH="1019" HEIGHT="45">
							<String ID="string_36" HPOS="560" VPOS="958" WIDTH="266" HEIGHT="36" WC="0.95" CONTENT="tillkommande"/><SP WIDTH="20" VPOS="958" HPOS="826"/>
							<String ID="string_37" HPOS="846" VPOS="959" WIDTH="75" HEIGHT="33" WC="0.95" CONTENT="rätt"/><SP WIDTH="20" VPOS="959" HPOS="921"/>
							<String ID="string_38" HPOS="941" VPOS="957" WIDTH="52" HEIGHT="34" WC="0.93" CONTENT="till"/><SP WIDTH="20" VPOS="957" HPOS="993"/>
							<String ID="string_39" HPOS="1013" VPOS="954" WIDTH="392" HEIGHT="43" WC="0.89" CONTENT="läroverksbyggnaden"/><SP WIDTH="18" VPOS="954" HPOS="1405"/>
							<String ID="string_40" HPOS="1423" VPOS="954" WIDTH="13" HEIGHT="34" WC="0.97" CONTENT="i"/><SP WIDTH="22" VPOS="954" HPOS="1436"/>
							<String ID="string_41" HPOS="1458" VPOS="952" WIDTH="121" HEIGHT="43" WC="0.95" CONTENT="Växjö."/>
						</TextLine>
					</TextBlock>
					<TextBlock ID="block_4" HPOS="1392" VPOS="1005" WIDTH="183" HEIGHT="45">
						<TextLine ID="line_6" HPOS="1392" VPOS="1005" WIDTH="183" HEIGHT="45">
							<String ID="string_42" HPOS="1392" VPOS="1007" WIDTH="72" HEIGHT="43" WC="0.92" CONTENT="(2:a"/><SP WIDTH="17" VPOS="1007" HPOS="1464"/>
							<String ID="string_43" HPOS="1481" VPOS="1005" WIDTH="94" HEIGHT="43" WC="0.84" CONTENT="avd.)"/>
						</TextLine>
					</TextBlock>
				</ComposedBlock>
				<ComposedBlock ID="cblock_4" HPOS="136" VPOS="1121" WIDTH="1491" HEIGHT="325">
					<TextBlock ID="block_5" HPOS="136" VPOS="1121" WIDTH="1491" HEIGHT="325">
						<TextLine ID="line_7" HPOS="181" VPOS="1121" WIDTH="1445" HEIGHT="54">
							<String ID="string_44" HPOS="181" VPOS="1135" WIDTH="18" HEIGHT="34" WC="0.96" CONTENT="I"/><SP WIDTH="16" VPOS="1135" HPOS="199"/>
							<String ID="string_45" HPOS="215" VPOS="1147" WIDTH="43" HEIGHT="22" WC="0.96" CONTENT="en"/><SP WIDTH="14" VPOS="1147" HPOS="258"/>
							<String ID="string_46" HPOS="272" VPOS="1134" WIDTH="67" HEIGHT="35" WC="0.96" CONTENT="den"/><SP WIDTH="17" VPOS="1134" HPOS="339"/>
							<String ID="string_47" HPOS="356" VPOS="1137" WIDTH="43" HEIGHT="30" WC="0.96" CONTENT="24"/><SP WIDTH="15" VPOS="1137" HPOS="399"/>
							<String ID="string_48" HPOS="414" VPOS="1131" WIDTH="139" HEIGHT="44" WC="0.96" CONTENT="januari"/><SP WIDTH="17" VPOS="1131" HPOS="553"/>
							<String ID="string_49" HPOS="570" VPOS="1134" WIDTH="83" HEIGHT="31" WC="0.93" CONTENT="1941"/><SP WIDTH="20" VPOS="1134" HPOS="653"/>
							<String ID="string_50" HPOS="673" VPOS="1128" WIDTH="222" HEIGHT="44" WC="0.91" CONTENT="dagtecknad"/><SP WIDTH="14" VPOS="1128" HPOS="895"/>
							<String ID="string_51" HPOS="909" VPOS="1126" WIDTH="230" HEIGHT="45" WC="0.95" CONTENT="proposition,"/><SP WIDTH="15" VPOS="1126" HPOS="1139"/>
							<String ID="string_52" HPOS="1154" VPOS="1137" WIDTH="41" HEIGHT="21" WC="0.96" CONTENT="nr"/><SP WIDTH="16" VPOS="1137" HPOS="1195"/>
							<String ID="string_53" HPOS="1211" VPOS="1128" WIDTH="54" HEIGHT="37" WC="0.95" CONTENT="18,"/><SP WIDTH="13" VPOS="1128" HPOS="1265"/>
							<String ID="string_54" HPOS="1278" VPOS="1124" WIDTH="65" HEIGHT="34" WC="0.96" CONTENT="har"/><SP WIDTH="13" VPOS="1124" HPOS="1343"/>
							<String ID="string_55" HPOS="1356" VPOS="1122" WIDTH="133" HEIGHT="43" WC="0.96" CONTENT="Kungl."/><SP WIDTH="15" VPOS="1122" HPOS="1489"/>
							<String ID="string_56" HPOS="1504" VPOS="1121" WIDTH="122" HEIGHT="43" WC="0.90" CONTENT="Maj:t,"/>
						</TextLine>
						<TextLine ID="line_8" HPOS="138" VPOS="1174" WIDTH="1487" HEIGHT="55">
							<String ID="string_57" HPOS="138" VPOS="1189" WIDTH="110" HEIGHT="34" WC="0.96" CONTENT="under"/><SP WIDTH="28" VPOS="1189" HPOS="248"/>
							<String ID="string_58" HPOS="276" VPOS="1186" WIDTH="223" HEIGHT="43" WC="0.95" CONTENT="åberopande"/><SP WIDTH="31" VPOS="1186" HPOS="499"/>
							<String ID="string_59" HPOS="530" VPOS="1197" WIDTH="44" HEIGHT="21" WC="0.96" CONTENT="av"/><SP WIDTH="29" VPOS="1197" HPOS="574"/>
							<String ID="string_60" HPOS="603" VPOS="1183" WIDTH="263" HEIGHT="44" WC="0.93" CONTENT="propositionen"/><SP WIDTH="30" VPOS="1183" HPOS="866"/>
							<String ID="string_61" HPOS="896" VPOS="1181" WIDTH="112" HEIGHT="42" WC="0.92" CONTENT="bilagt"/><SP WIDTH="30" VPOS="1181" HPOS="1008"/>
							<String ID="string_62" HPOS="1038" VPOS="1179" WIDTH="129" HEIGHT="42" WC="0.95" CONTENT="utdrag"/><SP WIDTH="30" VPOS="1179" HPOS="1167"/>
							<String ID="string_63" HPOS="1197" VPOS="1190" WIDTH="45" HEIGHT="22" WC="0.96" CONTENT="av"/><SP WIDTH="31" VPOS="1190" HPOS="1242"/>
							<String ID="string_64" HPOS="1273" VPOS="1174" WIDTH="352" HEIGHT="44" WC="0.91" CONTENT="statsrådsprotokol-"/>
						</TextLine>
						<TextLine ID="line_9" HPOS="136" VPOS="1227" WIDTH="1490" HEIGHT="50">
							<String ID="string_65" HPOS="136" VPOS="1243" WIDTH="48" HEIGHT="34" WC="0.96" CONTENT="let"/><SP WIDTH="22" VPOS="1243" HPOS="184"/>
							<String ID="string_66" HPOS="206" VPOS="1246" WIDTH="84" HEIGHT="30" WC="0.93" CONTENT="över"/><SP WIDTH="22" VPOS="1246" HPOS="290"/>
							<String ID="string_67" HPOS="312" VPOS="1237" WIDTH="374" HEIGHT="38" WC="0.90" CONTENT="ecklesiastikärenden"/><SP WIDTH="22" VPOS="1237" HPOS="686"/>
							<String ID="string_68" HPOS="708" VPOS="1236" WIDTH="54" HEIGHT="35" WC="0.96" CONTENT="för"/><SP WIDTH="22" VPOS="1236" HPOS="762"/>
							<String ID="string_69" HPOS="784" VPOS="1247" WIDTH="138" HEIGHT="23" WC="0.96" CONTENT="samma"/><SP WIDTH="22" VPOS="1247" HPOS="922"/>
							<String ID="string_70" HPOS="944" VPOS="1234" WIDTH="79" HEIGHT="43" WC="0.96" CONTENT="dag,"/><SP WIDTH="21" VPOS="1234" HPOS="1023"/>
							<String ID="string_71" HPOS="1044" VPOS="1231" WIDTH="180" HEIGHT="44" WC="0.96" CONTENT="föreslagit"/><SP WIDTH="21" VPOS="1231" HPOS="1224"/>
							<String ID="string_72" HPOS="1245" VPOS="1230" WIDTH="187" HEIGHT="43" WC="0.96" CONTENT="riksdagen"/><SP WIDTH="22" VPOS="1230" HPOS="1432"/>
							<String ID="string_73" HPOS="1454" VPOS="1234" WIDTH="55" HEIGHT="29" WC="0.93" CONTENT="att"/><SP WIDTH="21" VPOS="1234" HPOS="1509"/>
							<String ID="string_74" HPOS="1530" VPOS="1227" WIDTH="96" HEIGHT="35" WC="0.92" CONTENT="med-"/>
						</TextLine>
						<TextLine ID="line_10" HPOS="137" VPOS="1282" WIDTH="1490" HEIGHT="57">
							<String ID="string_75" HPOS="137" VPOS="1296" WIDTH="92" HEIGHT="43" WC="0.96" CONTENT="giva,"/><SP WIDTH="18" VPOS="1296" HPOS="229"/>
							<String ID="string_76" HPOS="247" VPOS="1300" WIDTH="55" HEIGHT="29" WC="0.96" CONTENT="att"/><SP WIDTH="18" VPOS="1300" HPOS="302"/>
							<String ID="string_77" HPOS="320" VPOS="1295" WIDTH="67" HEIGHT="34" WC="0.96" CONTENT="den"/><SP WIDTH="19" VPOS="1295" HPOS="387"/>
							<String ID="string_78" HPOS="406" VPOS="1297" WIDTH="73" HEIGHT="30" WC="0.95" CONTENT="rätt"/><SP WIDTH="16" VPOS="1297" HPOS="479"/>
							<String ID="string_79" HPOS="495" VPOS="1292" WIDTH="54" HEIGHT="34" WC="0.95" CONTENT="till"/><SP WIDTH="18" VPOS="1292" HPOS="549"/>
							<String ID="string_80" HPOS="567" VPOS="1292" WIDTH="105" HEIGHT="42" WC="0.96" CONTENT="högre"/><SP WIDTH="20" VPOS="1292" HPOS="672"/>
							<String ID="string_81" HPOS="692" VPOS="1290" WIDTH="179" HEIGHT="34" WC="0.93" CONTENT="allmänna"/><SP WIDTH="16" VPOS="1290" HPOS="871"/>
							<String ID="string_82" HPOS="887" VPOS="1287" WIDTH="215" HEIGHT="35" WC="0.91" CONTENT="läroverkets"/><SP WIDTH="18" VPOS="1287" HPOS="1102"/>
							<String ID="string_83" HPOS="1120" VPOS="1286" WIDTH="12" HEIGHT="34" WC="0.97" CONTENT="i"/><SP WIDTH="17" VPOS="1286" HPOS="1132"/>
							<String ID="string_84" HPOS="1149" VPOS="1284" WIDTH="113" HEIGHT="43" WC="0.96" CONTENT="Växjö"/><SP WIDTH="18" VPOS="1284" HPOS="1262"/>
							<String ID="string_85" HPOS="1280" VPOS="1283" WIDTH="178" HEIGHT="45" WC="0.96" CONTENT="byggnad,"/><SP WIDTH="19" VPOS="1283" HPOS="1458"/>
							<String ID="string_86" HPOS="1477" VPOS="1294" WIDTH="74" HEIGHT="23" WC="0.96" CONTENT="som"/><SP WIDTH="17" VPOS="1294" HPOS="1551"/>
							<String ID="string_87" HPOS="1568" VPOS="1282" WIDTH="59" HEIGHT="34" WC="0.95" CONTENT="må"/>
						</TextLine>
						<TextLine ID="line_11" HPOS="137" VPOS="1336" WIDTH="1490" HEIGHT="54">
							<String ID="string_88" HPOS="137" VPOS="1350" WIDTH="200" HEIGHT="34" WC="0.95" CONTENT="tillkomma"/><SP WIDTH="14" VPOS="1350" HPOS="337"/>
							<String ID="string_89" HPOS="351" VPOS="1347" WIDTH="133" HEIGHT="43" WC="0.95" CONTENT="Kungl."/><SP WIDTH="16" VPOS="1347" HPOS="484"/>
							<String ID="string_90" HPOS="500" VPOS="1345" WIDTH="111" HEIGHT="43" WC="0.96" CONTENT="Maj:t"/><SP WIDTH="16" VPOS="1345" HPOS="611"/>
							<String ID="string_91" HPOS="627" VPOS="1344" WIDTH="65" HEIGHT="35" WC="0.96" CONTENT="och"/><SP WIDTH="15" VPOS="1344" HPOS="692"/>
							<String ID="string_92" HPOS="707" VPOS="1344" WIDTH="149" HEIGHT="39" WC="0.96" CONTENT="kronan,"/><SP WIDTH="16" VPOS="1344" HPOS="856"/>
							<String ID="string_93" HPOS="872" VPOS="1343" WIDTH="60" HEIGHT="33" WC="0.96" CONTENT="må"/><SP WIDTH="15" VPOS="1343" HPOS="932"/>
							<String ID="string_94" HPOS="947" VPOS="1346" WIDTH="89" HEIGHT="29" WC="0.96" CONTENT="utan"/><SP WIDTH="16" VPOS="1346" HPOS="1036"/>
							<String ID="string_95" HPOS="1052" VPOS="1339" WIDTH="163" HEIGHT="43" WC="0.96" CONTENT="vederlag"/><SP WIDTH="15" VPOS="1339" HPOS="1215"/>
							<String ID="string_96" HPOS="1230" VPOS="1338" WIDTH="53" HEIGHT="35" WC="0.96" CONTENT="till"/><SP WIDTH="16" VPOS="1338" HPOS="1283"/>
							<String ID="string_97" HPOS="1299" VPOS="1338" WIDTH="137" HEIGHT="33" WC="0.96" CONTENT="kronan"/><SP WIDTH="16" VPOS="1338" HPOS="1436"/>
							<String ID="string_98" HPOS="1452" VPOS="1336" WIDTH="175" HEIGHT="34" WC="0.96" CONTENT="överlåtas"/>
						</TextLine>
						<TextLine ID="line_12" HPOS="138" VPOS="1401" WIDTH="283" HEIGHT="45">
							<String ID="string_99" HPOS="138" VPOS="1404" WIDTH="46" HEIGHT="42" WC="0.96" CONTENT="på"/><SP WIDTH="15" VPOS="1404" HPOS="184"/>
							<String ID="string_100" HPOS="199" VPOS="1402" WIDTH="113" HEIGHT="42" WC="0.96" CONTENT="Växjö"/><SP WIDTH="17" VPOS="1402" HPOS="312"/>
							<String ID="string_101" HPOS="329" VPOS="1401" WIDTH="92" HEIGHT="34" WC="0.96" CONTENT="stad."/>
						</TextLine>
					</TextBlock>
				</ComposedBlock>
				<ComposedBlock ID="cblock_5" HPOS="140" VPOS="1496" WIDTH="1497" HEIGHT="961">
					<TextBlock ID="block_6" HPOS="140" VPOS="1496" WIDTH="1492" HEIGHT="483">
						<TextLine ID="line_13" HPOS="184" VPOS="1496" WIDTH="1444" HEIGHT="54">
							<String ID="string_102" HPOS="184" VPOS="1512" WIDTH="56" HEIGHT="33" WC="0.92" CONTENT="Av"/><SP WIDTH="26" VPOS="1512" HPOS="240"/>
							<String ID="string_103" HPOS="266" VPOS="1506" WIDTH="387" HEIGHT="44" WC="0.92" CONTENT="statsrådsprotokollet"/><SP WIDTH="25" VPOS="1506" HPOS="653"/>
							<String ID="string_104" HPOS="678" VPOS="1505" WIDTH="189" HEIGHT="39" WC="0.96" CONTENT="inhämtas,"/><SP WIDTH="27" VPOS="1505" HPOS="867"/>
							<String ID="string_105" HPOS="894" VPOS="1507" WIDTH="55" HEIGHT="30" WC="0.96" CONTENT="att"/><SP WIDTH="25" VPOS="1507" HPOS="949"/>
							<String ID="string_106" HPOS="974" VPOS="1506" WIDTH="138" HEIGHT="30" WC="0.96" CONTENT="tomten"/><SP WIDTH="25" VPOS="1506" HPOS="1112"/>
							<String ID="string_107" HPOS="1137" VPOS="1500" WIDTH="53" HEIGHT="34" WC="0.96" CONTENT="till"/><SP WIDTH="27" VPOS="1500" HPOS="1190"/>
							<String ID="string_108" HPOS="1217" VPOS="1499" WIDTH="67" HEIGHT="34" WC="0.96" CONTENT="den"/><SP WIDTH="26" VPOS="1499" HPOS="1284"/>
							<String ID="string_109" HPOS="1310" VPOS="1496" WIDTH="205" HEIGHT="36" WC="0.93" CONTENT="nuvarande"/><SP WIDTH="26" VPOS="1496" HPOS="1515"/>
							<String ID="string_110" HPOS="1541" VPOS="1497" WIDTH="87" HEIGHT="33" WC="0.91" CONTENT="läro-"/>
						</TextLine>
						<TextLine ID="line_14" HPOS="141" VPOS="1551" WIDTH="1488" HEIGHT="55">
							<String ID="string_111" HPOS="141" VPOS="1562" WIDTH="313" HEIGHT="44" WC="0.92" CONTENT="verksbyggnaden"/><SP WIDTH="21" VPOS="1562" HPOS="454"/>
							<String ID="string_112" HPOS="475" VPOS="1561" WIDTH="10" HEIGHT="34" WC="0.95" CONTENT="i"/><SP WIDTH="20" VPOS="1561" HPOS="485"/>
							<String ID="string_113" HPOS="505" VPOS="1559" WIDTH="114" HEIGHT="43" WC="0.96" CONTENT="Växjö"/><SP WIDTH="21" VPOS="1559" HPOS="619"/>
							<String ID="string_114" HPOS="640" VPOS="1559" WIDTH="98" HEIGHT="42" WC="0.96" CONTENT="ingår"/><SP WIDTH="19" VPOS="1559" HPOS="738"/>
							<String ID="string_115" HPOS="757" VPOS="1558" WIDTH="10" HEIGHT="34" WC="0.93" CONTENT="i"/><SP WIDTH="20" VPOS="1558" HPOS="767"/>
							<String ID="string_116" HPOS="787" VPOS="1554" WIDTH="389" HEIGHT="46" WC="0.92" CONTENT="kyrkoherdebostället"/><SP WIDTH="21" VPOS="1554" HPOS="1176"/>
							<String ID="string_117" HPOS="1197" VPOS="1552" WIDTH="41" HEIGHT="42" WC="0.20" CONTENT="126"/><SP WIDTH="21" VPOS="1552" HPOS="1238"/>
							<String ID="string_118" HPOS="1259" VPOS="1552" WIDTH="137" HEIGHT="35" WC="0.96" CONTENT="mantal"/><SP WIDTH="21" VPOS="1552" HPOS="1396"/>
							<String ID="string_119" HPOS="1417" VPOS="1563" WIDTH="42" HEIGHT="21" WC="0.95" CONTENT="nr"/><SP WIDTH="20" VPOS="1563" HPOS="1459"/>
							<String ID="string_120" HPOS="1479" VPOS="1554" WIDTH="16" HEIGHT="30" WC="0.79" CONTENT="I"/><SP WIDTH="24" VPOS="1554" HPOS="1495"/>
							<String ID="string_121" HPOS="1519" VPOS="1551" WIDTH="110" HEIGHT="33" WC="0.90" CONTENT="Dom-"/>
						</TextLine>
						<TextLine ID="line_15" HPOS="140" VPOS="1602" WIDTH="1490" HEIGHT="59">
							<String ID="string_122" HPOS="140" VPOS="1616" WIDTH="262" HEIGHT="45" WC="0.92" CONTENT="prostegården,"/><SP WIDTH="19" VPOS="1616" HPOS="402"/>
							<String ID="string_123" HPOS="421" VPOS="1627" WIDTH="75" HEIGHT="22" WC="0.96" CONTENT="som"/><SP WIDTH="18" VPOS="1627" HPOS="496"/>
							<String ID="string_124" HPOS="514" VPOS="1613" WIDTH="108" HEIGHT="43" WC="0.96" CONTENT="enligt"/><SP WIDTH="18" VPOS="1613" HPOS="622"/>
							<String ID="string_125" HPOS="640" VPOS="1612" WIDTH="131" HEIGHT="42" WC="0.94" CONTENT="Kungl."/><SP WIDTH="18" VPOS="1612" HPOS="771"/>
							<String ID="string_126" HPOS="789" VPOS="1610" WIDTH="129" HEIGHT="43" WC="0.96" CONTENT="Maj:ts"/><SP WIDTH="18" VPOS="1610" HPOS="918"/>
							<String ID="string_127" HPOS="936" VPOS="1610" WIDTH="86" HEIGHT="33" WC="0.96" CONTENT="brev"/><SP WIDTH="20" VPOS="1610" HPOS="1022"/>
							<String ID="string_128" HPOS="1042" VPOS="1608" WIDTH="67" HEIGHT="34" WC="0.96" CONTENT="den"/><SP WIDTH="20" VPOS="1608" HPOS="1109"/>
							<String ID="string_129" HPOS="1129" VPOS="1611" WIDTH="11" HEIGHT="30" WC="0.91" CONTENT="1"/><SP WIDTH="26" VPOS="1611" HPOS="1140"/>
							<String ID="string_130" HPOS="1166" VPOS="1618" WIDTH="93" HEIGHT="23" WC="0.96" CONTENT="mars"/><SP WIDTH="20" VPOS="1618" HPOS="1259"/>
							<String ID="string_131" HPOS="1279" VPOS="1609" WIDTH="88" HEIGHT="30" WC="0.96" CONTENT="1872"/><SP WIDTH="19" VPOS="1609" HPOS="1367"/>
							<String ID="string_132" HPOS="1386" VPOS="1603" WIDTH="172" HEIGHT="44" WC="0.96" CONTENT="upplåtits"/><SP WIDTH="18" VPOS="1603" HPOS="1558"/>
							<String ID="string_133" HPOS="1576" VPOS="1602" WIDTH="54" HEIGHT="34" WC="0.96" CONTENT="till"/>
						</TextLine>
						<TextLine ID="line_16" HPOS="140" VPOS="1655" WIDTH="1489" HEIGHT="58">
							<String ID="string_134" HPOS="140" VPOS="1671" WIDTH="114" HEIGHT="42" WC="0.96" CONTENT="Växjö"/><SP WIDTH="22" VPOS="1671" HPOS="254"/>
							<String ID="string_135" HPOS="276" VPOS="1669" WIDTH="80" HEIGHT="35" WC="0.96" CONTENT="stad"/><SP WIDTH="21" VPOS="1669" HPOS="356"/>
							<String ID="string_136" HPOS="377" VPOS="1668" WIDTH="55" HEIGHT="35" WC="0.93" CONTENT="för"/><SP WIDTH="21" VPOS="1668" HPOS="432"/>
							<String ID="string_137" HPOS="453" VPOS="1666" WIDTH="227" HEIGHT="44" WC="0.92" CONTENT="begagnande"/><SP WIDTH="21" VPOS="1666" HPOS="680"/>
							<String ID="string_138" HPOS="701" VPOS="1664" WIDTH="112" HEIGHT="35" WC="0.96" CONTENT="under"/><SP WIDTH="22" VPOS="1664" HPOS="813"/>
							<String ID="string_139" HPOS="835" VPOS="1664" WIDTH="45" HEIGHT="34" WC="0.95" CONTENT="all"/><SP WIDTH="20" VPOS="1664" HPOS="880"/>
							<String ID="string_140" HPOS="900" VPOS="1662" WIDTH="147" HEIGHT="35" WC="0.96" CONTENT="framtid"/><SP WIDTH="22" VPOS="1662" HPOS="1047"/>
							<String ID="string_141" HPOS="1069" VPOS="1666" WIDTH="77" HEIGHT="29" WC="0.96" CONTENT="mot"/><SP WIDTH="20" VPOS="1666" HPOS="1146"/>
							<String ID="string_142" HPOS="1166" VPOS="1660" WIDTH="70" HEIGHT="34" WC="0.93" CONTENT="viss"/><SP WIDTH="23" VPOS="1660" HPOS="1236"/>
							<String ID="string_143" HPOS="1259" VPOS="1658" WIDTH="139" HEIGHT="44" WC="0.92" CONTENT="avgäld."/><SP WIDTH="21" VPOS="1658" HPOS="1398"/>
							<String ID="string_144" HPOS="1419" VPOS="1655" WIDTH="210" HEIGHT="36" WC="0.91" CONTENT="Läroverks-"/>
						</TextLine>
						<TextLine ID="line_17" HPOS="142" VPOS="1710" WIDTH="1488" HEIGHT="58">
							<String ID="string_145" HPOS="142" VPOS="1723" WIDTH="227" HEIGHT="45" WC="0.93" CONTENT="byggnadens"/><SP WIDTH="17" VPOS="1723" HPOS="369"/>
							<String ID="string_146" HPOS="386" VPOS="1718" WIDTH="472" HEIGHT="47" WC="0.90" CONTENT="äganderättsförhållanden"/><SP WIDTH="14" VPOS="1718" HPOS="858"/>
							<String ID="string_147" HPOS="872" VPOS="1717" WIDTH="163" HEIGHT="34" WC="0.96" CONTENT="däremot"/><SP WIDTH="17" VPOS="1717" HPOS="1035"/>
							<String ID="string_148" HPOS="1052" VPOS="1718" WIDTH="59" HEIGHT="31" WC="0.96" CONTENT="äro"/><SP WIDTH="17" VPOS="1718" HPOS="1111"/>
							<String ID="string_149" HPOS="1128" VPOS="1714" WIDTH="132" HEIGHT="40" WC="0.96" CONTENT="oklara,"/><SP WIDTH="16" VPOS="1714" HPOS="1260"/>
							<String ID="string_150" HPOS="1276" VPOS="1713" WIDTH="11" HEIGHT="33" WC="0.96" CONTENT="i"/><SP WIDTH="18" VPOS="1713" HPOS="1287"/>
							<String ID="string_151" HPOS="1305" VPOS="1712" WIDTH="60" HEIGHT="34" WC="0.96" CONTENT="det"/><SP WIDTH="17" VPOS="1712" HPOS="1365"/>
							<String ID="string_152" HPOS="1382" VPOS="1716" WIDTH="55" HEIGHT="30" WC="0.96" CONTENT="att"/><SP WIDTH="16" VPOS="1716" HPOS="1437"/>
							<String ID="string_153" HPOS="1453" VPOS="1710" WIDTH="54" HEIGHT="35" WC="0.93" CONTENT="för"/><SP WIDTH="15" VPOS="1710" HPOS="1507"/>
							<String ID="string_154" HPOS="1522" VPOS="1710" WIDTH="108" HEIGHT="43" WC="0.92" CONTENT="bygg-"/>
						</TextLine>
						<TextLine ID="line_18" HPOS="142" VPOS="1763" WIDTH="1489" HEIGHT="56">
							<String ID="string_155" HPOS="142" VPOS="1778" WIDTH="132" HEIGHT="34" WC="0.91" CONTENT="nadens"/><SP WIDTH="21" VPOS="1778" HPOS="274"/>
							<String ID="string_156" HPOS="295" VPOS="1774" WIDTH="221" HEIGHT="45" WC="0.93" CONTENT="uppförande"/><SP WIDTH="20" VPOS="1774" HPOS="516"/>
							<String ID="string_157" HPOS="536" VPOS="1772" WIDTH="200" HEIGHT="43" WC="0.92" CONTENT="tillskjutits"/><SP WIDTH="20" VPOS="1772" HPOS="736"/>
							<String ID="string_158" HPOS="756" VPOS="1771" WIDTH="125" HEIGHT="40" WC="0.96" CONTENT="medel,"/><SP WIDTH="21" VPOS="1771" HPOS="881"/>
							<String ID="string_159" HPOS="902" VPOS="1769" WIDTH="108" HEIGHT="35" WC="0.96" CONTENT="bland"/><SP WIDTH="22" VPOS="1769" HPOS="1010"/>
							<String ID="string_160" HPOS="1032" VPOS="1772" WIDTH="121" HEIGHT="36" WC="0.95" CONTENT="annat,"/><SP WIDTH="21" VPOS="1772" HPOS="1153"/>
							<String ID="string_161" HPOS="1174" VPOS="1766" WIDTH="72" HEIGHT="34" WC="0.96" CONTENT="dels"/><SP WIDTH="21" VPOS="1766" HPOS="1246"/>
							<String ID="string_162" HPOS="1267" VPOS="1778" WIDTH="46" HEIGHT="22" WC="0.96" CONTENT="av"/><SP WIDTH="21" VPOS="1778" HPOS="1313"/>
							<String ID="string_163" HPOS="1334" VPOS="1765" WIDTH="137" HEIGHT="39" WC="0.96" CONTENT="staden,"/><SP WIDTH="21" VPOS="1765" HPOS="1471"/>
							<String ID="string_164" HPOS="1492" VPOS="1763" WIDTH="72" HEIGHT="35" WC="0.96" CONTENT="dels"/><SP WIDTH="22" VPOS="1763" HPOS="1564"/>
							<String ID="string_165" HPOS="1586" VPOS="1775" WIDTH="45" HEIGHT="22" WC="0.96" CONTENT="av"/>
						</TextLine>
						<TextLine ID="line_19" HPOS="142" VPOS="1816" WIDTH="1490" HEIGHT="51">
							<String ID="string_166" HPOS="142" VPOS="1831" WIDTH="94" HEIGHT="34" WC="0.93" CONTENT="vissa"/><SP WIDTH="18" VPOS="1831" HPOS="236"/>
							<String ID="string_167" HPOS="254" VPOS="1827" WIDTH="313" HEIGHT="40" WC="0.91" CONTENT="donationsmedel,"/><SP WIDTH="21" VPOS="1827" HPOS="567"/>
							<String ID="string_168" HPOS="588" VPOS="1826" WIDTH="71" HEIGHT="34" WC="0.96" CONTENT="dels"/><SP WIDTH="20" VPOS="1826" HPOS="659"/>
							<String ID="string_169" HPOS="679" VPOS="1825" WIDTH="65" HEIGHT="34" WC="0.96" CONTENT="ock"/><SP WIDTH="20" VPOS="1825" HPOS="744"/>
							<String ID="string_170" HPOS="764" VPOS="1837" WIDTH="46" HEIGHT="21" WC="0.96" CONTENT="av"/><SP WIDTH="20" VPOS="1837" HPOS="810"/>
							<String ID="string_171" HPOS="830" VPOS="1824" WIDTH="94" HEIGHT="34" WC="0.93" CONTENT="vissa"/><SP WIDTH="18" VPOS="1824" HPOS="924"/>
							<String ID="string_172" HPOS="942" VPOS="1821" WIDTH="216" HEIGHT="35" WC="0.92" CONTENT="läroverkets"/><SP WIDTH="19" VPOS="1821" HPOS="1158"/>
							<String ID="string_173" HPOS="1177" VPOS="1820" WIDTH="133" HEIGHT="39" WC="0.96" CONTENT="kassor,"/><SP WIDTH="20" VPOS="1820" HPOS="1310"/>
							<String ID="string_174" HPOS="1330" VPOS="1818" WIDTH="175" HEIGHT="42" WC="0.95" CONTENT="varjämte"/><SP WIDTH="19" VPOS="1818" HPOS="1505"/>
							<String ID="string_175" HPOS="1524" VPOS="1816" WIDTH="108" HEIGHT="42" WC="0.96" CONTENT="enligt"/>
						</TextLine>
						<TextLine ID="line_20" HPOS="143" VPOS="1870" WIDTH="1488" HEIGHT="53">
							<String ID="string_176" HPOS="143" VPOS="1883" WIDTH="178" HEIGHT="35" WC="0.96" CONTENT="föreskrift"/><SP WIDTH="19" VPOS="1883" HPOS="321"/>
							<String ID="string_177" HPOS="340" VPOS="1895" WIDTH="46" HEIGHT="21" WC="0.96" CONTENT="av"/><SP WIDTH="19" VPOS="1895" HPOS="386"/>
							<String ID="string_178" HPOS="405" VPOS="1880" WIDTH="132" HEIGHT="43" WC="0.96" CONTENT="Kungl."/><SP WIDTH="19" VPOS="1880" HPOS="537"/>
							<String ID="string_179" HPOS="556" VPOS="1879" WIDTH="111" HEIGHT="42" WC="0.95" CONTENT="Maj:t"/><SP WIDTH="21" VPOS="1879" HPOS="667"/>
							<String ID="string_180" HPOS="688" VPOS="1878" WIDTH="42" HEIGHT="34" WC="0.95" CONTENT="de"/><SP WIDTH="18" VPOS="1878" HPOS="730"/>
							<String ID="string_181" HPOS="748" VPOS="1877" WIDTH="125" HEIGHT="40" WC="0.96" CONTENT="medel,"/><SP WIDTH="21" VPOS="1877" HPOS="873"/>
							<String ID="string_182" HPOS="894" VPOS="1888" WIDTH="75" HEIGHT="22" WC="0.92" CONTENT="som"/><SP WIDTH="20" VPOS="1888" HPOS="969"/>
							<String ID="string_183" HPOS="989" VPOS="1874" WIDTH="136" HEIGHT="35" WC="0.92" CONTENT="influtit"/><SP WIDTH="20" VPOS="1874" HPOS="1125"/>
							<String ID="string_184" HPOS="1145" VPOS="1885" WIDTH="124" HEIGHT="31" WC="0.96" CONTENT="genom"/><SP WIDTH="21" VPOS="1885" HPOS="1269"/>
							<String ID="string_185" HPOS="1290" VPOS="1872" WIDTH="68" HEIGHT="33" WC="0.96" CONTENT="den"/><SP WIDTH="18" VPOS="1872" HPOS="1358"/>
							<String ID="string_186" HPOS="1376" VPOS="1871" WIDTH="148" HEIGHT="41" WC="0.93" CONTENT="tidigare"/><SP WIDTH="20" VPOS="1871" HPOS="1524"/>
							<String ID="string_187" HPOS="1544" VPOS="1870" WIDTH="87" HEIGHT="33" WC="0.92" CONTENT="läro-"/>
						</TextLine>
						<TextLine ID="line_21" HPOS="144" VPOS="1919" WIDTH="1355" HEIGHT="60">
							<String ID="string_188" HPOS="144" VPOS="1934" WIDTH="332" HEIGHT="45" WC="0.91" CONTENT="verksbyggnadens"/><SP WIDTH="22" VPOS="1934" HPOS="476"/>
							<String ID="string_189" HPOS="498" VPOS="1931" WIDTH="217" HEIGHT="43" WC="0.96" CONTENT="försäljning,"/><SP WIDTH="23" VPOS="1931" HPOS="715"/>
							<String ID="string_190" HPOS="738" VPOS="1930" WIDTH="111" HEIGHT="34" WC="0.93" CONTENT="skulle"/><SP WIDTH="22" VPOS="1930" HPOS="849"/>
							<String ID="string_191" HPOS="871" VPOS="1928" WIDTH="194" HEIGHT="42" WC="0.92" CONTENT="tillskjutas"/><SP WIDTH="22" VPOS="1928" HPOS="1065"/>
							<String ID="string_192" HPOS="1087" VPOS="1926" WIDTH="55" HEIGHT="34" WC="0.96" CONTENT="för"/><SP WIDTH="21" VPOS="1926" HPOS="1142"/>
							<String ID="string_193" HPOS="1163" VPOS="1937" WIDTH="138" HEIGHT="23" WC="0.95" CONTENT="samma"/><SP WIDTH="22" VPOS="1937" HPOS="1301"/>
							<String ID="string_194" HPOS="1323" VPOS="1919" WIDTH="176" HEIGHT="53" WC="0.95" CONTENT="ändamål."/>
						</TextLine>
					</TextBlock>
					<TextBlock ID="block_7" HPOS="144" VPOS="1974" WIDTH="1493" HEIGHT="483">
						<TextLine ID="line_22" HPOS="192" VPOS="1974" WIDTH="1441" HEIGHT="57">
							<String ID="string_195" HPOS="192" VPOS="1989" WIDTH="109" HEIGHT="42" WC="0.80" CONTENT="Värjö"/><SP WIDTH="22" VPOS="1989" HPOS="301"/>
							<String ID="string_196" HPOS="323" VPOS="1988" WIDTH="81" HEIGHT="35" WC="0.96" CONTENT="stad"/><SP WIDTH="20" VPOS="1988" HPOS="404"/>
							<String ID="string_197" HPOS="424" VPOS="1988" WIDTH="65" HEIGHT="33" WC="0.96" CONTENT="har"/><SP WIDTH="19" VPOS="1988" HPOS="489"/>
							<String ID="string_198" HPOS="508" VPOS="1998" WIDTH="61" HEIGHT="28" WC="0.96" CONTENT="nu,"/><SP WIDTH="20" VPOS="1998" HPOS="569"/>
							<String ID="string_199" HPOS="589" VPOS="1984" WIDTH="111" HEIGHT="35" WC="0.91" CONTENT="under"/><SP WIDTH="19" VPOS="1984" HPOS="700"/>
							<String ID="string_200" HPOS="719" VPOS="1981" WIDTH="258" HEIGHT="36" WC="0.90" CONTENT="framhållande"/><SP WIDTH="22" VPOS="1981" HPOS="977"/>
							<String ID="string_201" HPOS="999" VPOS="1985" WIDTH="55" HEIGHT="29" WC="0.95" CONTENT="att"/><SP WIDTH="21" VPOS="1985" HPOS="1054"/>
							<String ID="string_202" HPOS="1075" VPOS="1980" WIDTH="66" HEIGHT="33" WC="0.96" CONTENT="den"/><SP WIDTH="22" VPOS="1980" HPOS="1141"/>
							<String ID="string_203" HPOS="1163" VPOS="1990" WIDTH="146" HEIGHT="22" WC="0.96" CONTENT="numera"/><SP WIDTH="20" VPOS="1990" HPOS="1309"/>
							<String ID="string_204" HPOS="1329" VPOS="1977" WIDTH="109" HEIGHT="42" WC="0.95" CONTENT="enligt"/><SP WIDTH="20" VPOS="1977" HPOS="1438"/>
							<String ID="string_205" HPOS="1458" VPOS="1974" WIDTH="175" HEIGHT="44" WC="0.96" CONTENT="åtagande"/>
						</TextLine>
						<TextLine ID="line_23" HPOS="144" VPOS="2028" WIDTH="1490" HEIGHT="52">
							<String ID="string_206" HPOS="144" VPOS="2043" WIDTH="90" HEIGHT="34" WC="0.96" CONTENT="hade"/><SP WIDTH="23" VPOS="2043" HPOS="234"/>
							<String ID="string_207" HPOS="257" VPOS="2047" WIDTH="54" HEIGHT="29" WC="0.96" CONTENT="att"/><SP WIDTH="22" VPOS="2047" HPOS="311"/>
							<String ID="string_208" HPOS="333" VPOS="2053" WIDTH="104" HEIGHT="23" WC="0.96" CONTENT="svara"/><SP WIDTH="20" VPOS="2053" HPOS="437"/>
							<String ID="string_209" HPOS="457" VPOS="2040" WIDTH="54" HEIGHT="34" WC="0.96" CONTENT="för"/><SP WIDTH="20" VPOS="2040" HPOS="511"/>
							<String ID="string_210" HPOS="531" VPOS="2037" WIDTH="223" HEIGHT="43" WC="0.93" CONTENT="erforderliga"/><SP WIDTH="21" VPOS="2037" HPOS="754"/>
							<String ID="string_211" HPOS="775" VPOS="2032" WIDTH="401" HEIGHT="45" WC="0.91" CONTENT="undervisningslokaler"/><SP WIDTH="20" VPOS="2032" HPOS="1176"/>
							<String ID="string_212" HPOS="1196" VPOS="2031" WIDTH="54" HEIGHT="35" WC="0.93" CONTENT="för"/><SP WIDTH="20" VPOS="2031" HPOS="1250"/>
							<String ID="string_213" HPOS="1270" VPOS="2030" WIDTH="216" HEIGHT="35" WC="0.92" CONTENT="läroverkets"/><SP WIDTH="21" VPOS="2030" HPOS="1486"/>
							<String ID="string_214" HPOS="1507" VPOS="2028" WIDTH="127" HEIGHT="39" WC="0.96" CONTENT="behov,"/>
						</TextLine>
						<TextLine ID="line_24" HPOS="146" VPOS="2082" WIDTH="1487" HEIGHT="49">
							<String ID="string_215" HPOS="146" VPOS="2096" WIDTH="146" HEIGHT="35" WC="0.96" CONTENT="anhållit"/><SP WIDTH="19" VPOS="2096" HPOS="292"/>
							<String ID="string_216" HPOS="311" VPOS="2100" WIDTH="55" HEIGHT="29" WC="0.96" CONTENT="att"/><SP WIDTH="18" VPOS="2100" HPOS="366"/>
							<String ID="string_217" HPOS="384" VPOS="2093" WIDTH="124" HEIGHT="36" WC="0.96" CONTENT="staden"/><SP WIDTH="18" VPOS="2093" HPOS="508"/>
							<String ID="string_218" HPOS="526" VPOS="2093" WIDTH="113" HEIGHT="33" WC="0.96" CONTENT="måtte"/><SP WIDTH="17" VPOS="2093" HPOS="639"/>
							<String ID="string_219" HPOS="656" VPOS="2090" WIDTH="171" HEIGHT="35" WC="0.96" CONTENT="förklaras"/><SP WIDTH="19" VPOS="2090" HPOS="827"/>
							<String ID="string_220" HPOS="846" VPOS="2101" WIDTH="86" HEIGHT="22" WC="0.95" CONTENT="vara"/><SP WIDTH="18" VPOS="2101" HPOS="932"/>
							<String ID="string_221" HPOS="950" VPOS="2099" WIDTH="120" HEIGHT="22" WC="0.96" CONTENT="ensam"/><SP WIDTH="19" VPOS="2099" HPOS="1070"/>
							<String ID="string_222" HPOS="1089" VPOS="2090" WIDTH="102" HEIGHT="39" WC="0.96" CONTENT="ägare"/><SP WIDTH="17" VPOS="2090" HPOS="1191"/>
							<String ID="string_223" HPOS="1208" VPOS="2085" WIDTH="53" HEIGHT="34" WC="0.96" CONTENT="till"/><SP WIDTH="18" VPOS="2085" HPOS="1261"/>
							<String ID="string_224" HPOS="1279" VPOS="2082" WIDTH="222" HEIGHT="45" WC="0.93" CONTENT="byggnaden."/><SP WIDTH="17" VPOS="2082" HPOS="1501"/>
							<String ID="string_225" HPOS="1518" VPOS="2082" WIDTH="115" HEIGHT="34" WC="0.91" CONTENT="Samt-"/>
						</TextLine>
						<TextLine ID="line_25" HPOS="146" VPOS="2135" WIDTH="1488" HEIGHT="58">
							<String ID="string_226" HPOS="146" VPOS="2151" WIDTH="68" HEIGHT="42" WC="0.96" CONTENT="liga"/><SP WIDTH="18" VPOS="2151" HPOS="214"/>
							<String ID="string_227" HPOS="232" VPOS="2150" WIDTH="10" HEIGHT="34" WC="0.96" CONTENT="i"/><SP WIDTH="22" VPOS="2150" HPOS="242"/>
							<String ID="string_228" HPOS="264" VPOS="2148" WIDTH="144" HEIGHT="36" WC="0.96" CONTENT="ärendet"/><SP WIDTH="19" VPOS="2148" HPOS="408"/>
							<String ID="string_229" HPOS="427" VPOS="2146" WIDTH="110" HEIGHT="35" WC="0.96" CONTENT="hörda"/><SP WIDTH="20" VPOS="2146" HPOS="537"/>
							<String ID="string_230" HPOS="557" VPOS="2143" WIDTH="246" HEIGHT="44" WC="0.95" CONTENT="myndigheter"/><SP WIDTH="20" VPOS="2143" HPOS="803"/>
							<String ID="string_231" HPOS="823" VPOS="2143" WIDTH="95" HEIGHT="33" WC="0.95" CONTENT="hava"/><SP WIDTH="19" VPOS="2143" HPOS="918"/>
							<String ID="string_232" HPOS="937" VPOS="2139" WIDTH="173" HEIGHT="43" WC="0.96" CONTENT="tillstyrkt"/><SP WIDTH="20" VPOS="2139" HPOS="1110"/>
							<String ID="string_233" HPOS="1130" VPOS="2138" WIDTH="97" HEIGHT="34" WC="0.96" CONTENT="bifall"/><SP WIDTH="20" VPOS="2138" HPOS="1227"/>
							<String ID="string_234" HPOS="1247" VPOS="2137" WIDTH="53" HEIGHT="35" WC="0.95" CONTENT="till"/><SP WIDTH="20" VPOS="2137" HPOS="1300"/>
							<String ID="string_235" HPOS="1320" VPOS="2135" WIDTH="314" HEIGHT="42" WC="0.95" CONTENT="framställningen."/>
						</TextLine>
						<TextLine ID="line_26" HPOS="147" VPOS="2188" WIDTH="1488" HEIGHT="57">
							<String ID="string_236" HPOS="147" VPOS="2199" WIDTH="399" HEIGHT="46" WC="0.89" CONTENT="Departementschefen"/><SP WIDTH="15" VPOS="2199" HPOS="546"/>
							<String ID="string_237" HPOS="561" VPOS="2199" WIDTH="65" HEIGHT="33" WC="0.93" CONTENT="har"/><SP WIDTH="15" VPOS="2199" HPOS="626"/>
							<String ID="string_238" HPOS="641" VPOS="2218" WIDTH="44" HEIGHT="4" WC="0.91" CONTENT="—"/><SP WIDTH="17" VPOS="2218" HPOS="685"/>
							<String ID="string_239" HPOS="702" VPOS="2196" WIDTH="110" HEIGHT="34" WC="0.92" CONTENT="under"/><SP WIDTH="16" VPOS="2196" HPOS="812"/>
							<String ID="string_240" HPOS="828" VPOS="2195" WIDTH="150" HEIGHT="40" WC="0.96" CONTENT="erinran,"/><SP WIDTH="18" VPOS="2195" HPOS="978"/>
							<String ID="string_241" HPOS="996" VPOS="2197" WIDTH="52" HEIGHT="30" WC="0.77" CONTENT="att"/><SP WIDTH="19" VPOS="2197" HPOS="1048"/>
							<String ID="string_242" HPOS="1067" VPOS="2191" WIDTH="166" HEIGHT="35" WC="0.96" CONTENT="liknande"/><SP WIDTH="16" VPOS="2191" HPOS="1233"/>
							<String ID="string_243" HPOS="1249" VPOS="2189" WIDTH="223" HEIGHT="36" WC="0.95" CONTENT="överlåtelser"/><SP WIDTH="15" VPOS="2189" HPOS="1472"/>
							<String ID="string_244" HPOS="1487" VPOS="2188" WIDTH="148" HEIGHT="42" WC="0.95" CONTENT="tidigare"/>
						</TextLine>
						<TextLine ID="line_27" HPOS="146" VPOS="2240" WIDTH="1489" HEIGHT="57">
							<String ID="string_245" HPOS="146" VPOS="2256" WIDTH="86" HEIGHT="33" WC="0.96" CONTENT="flera"/><SP WIDTH="22" VPOS="2256" HPOS="232"/>
							<String ID="string_246" HPOS="254" VPOS="2255" WIDTH="129" HEIGHT="42" WC="0.96" CONTENT="gånger"/><SP WIDTH="21" VPOS="2255" HPOS="383"/>
							<String ID="string_247" HPOS="404" VPOS="2252" WIDTH="103" HEIGHT="34" WC="0.95" CONTENT="blivit"/><SP WIDTH="23" VPOS="2252" HPOS="507"/>
							<String ID="string_248" HPOS="530" VPOS="2264" WIDTH="45" HEIGHT="21" WC="0.96" CONTENT="av"/><SP WIDTH="22" VPOS="2264" HPOS="575"/>
							<String ID="string_249" HPOS="597" VPOS="2250" WIDTH="131" HEIGHT="42" WC="0.95" CONTENT="Kungl."/><SP WIDTH="23" VPOS="2250" HPOS="728"/>
							<String ID="string_250" HPOS="751" VPOS="2248" WIDTH="112" HEIGHT="42" WC="0.96" CONTENT="Maj:t"/><SP WIDTH="21" VPOS="2248" HPOS="863"/>
							<String ID="string_251" HPOS="884" VPOS="2246" WIDTH="89" HEIGHT="35" WC="0.95" CONTENT="efter"/><SP WIDTH="22" VPOS="2246" HPOS="973"/>
							<String ID="string_252" HPOS="995" VPOS="2243" WIDTH="229" HEIGHT="36" WC="0.96" CONTENT="inhämtande"/><SP WIDTH="23" VPOS="2243" HPOS="1224"/>
							<String ID="string_253" HPOS="1247" VPOS="2256" WIDTH="45" HEIGHT="20" WC="0.96" CONTENT="av"/><SP WIDTH="23" VPOS="2256" HPOS="1292"/>
							<String ID="string_254" HPOS="1315" VPOS="2242" WIDTH="202" HEIGHT="41" WC="0.93" CONTENT="riksdagens"/><SP WIDTH="23" VPOS="2242" HPOS="1517"/>
							<String ID="string_255" HPOS="1540" VPOS="2240" WIDTH="95" HEIGHT="34" WC="0.93" CONTENT="med-"/>
						</TextLine>
						<TextLine ID="line_28" HPOS="147" VPOS="2294" WIDTH="1487" HEIGHT="58">
							<String ID="string_256" HPOS="147" VPOS="2308" WIDTH="150" HEIGHT="44" WC="0.96" CONTENT="givande"/><SP WIDTH="18" VPOS="2308" HPOS="297"/>
							<String ID="string_257" HPOS="315" VPOS="2305" WIDTH="176" HEIGHT="42" WC="0.93" CONTENT="beviljade"/><SP WIDTH="15" VPOS="2305" HPOS="491"/>
							<String ID="string_258" HPOS="506" VPOS="2325" WIDTH="45" HEIGHT="4" WC="0.93" CONTENT="—"/><SP WIDTH="17" VPOS="2325" HPOS="551"/>
							<String ID="string_259" HPOS="568" VPOS="2303" WIDTH="170" HEIGHT="34" WC="0.96" CONTENT="förklarat"/><SP WIDTH="18" VPOS="2303" HPOS="738"/>
							<String ID="string_260" HPOS="756" VPOS="2301" WIDTH="51" HEIGHT="42" WC="0.96" CONTENT="sig"/><SP WIDTH="17" VPOS="2301" HPOS="807"/>
							<String ID="string_261" HPOS="824" VPOS="2301" WIDTH="90" HEIGHT="33" WC="0.96" CONTENT="intet"/><SP WIDTH="17" VPOS="2301" HPOS="914"/>
							<String ID="string_262" HPOS="931" VPOS="2300" WIDTH="95" HEIGHT="32" WC="0.96" CONTENT="hava"/><SP WIDTH="16" VPOS="2300" HPOS="1026"/>
							<String ID="string_263" HPOS="1042" VPOS="2302" WIDTH="55" HEIGHT="29" WC="0.96" CONTENT="att"/><SP WIDTH="17" VPOS="2302" HPOS="1097"/>
							<String ID="string_264" HPOS="1114" VPOS="2297" WIDTH="113" HEIGHT="33" WC="0.96" CONTENT="erinra"/><SP WIDTH="17" VPOS="2297" HPOS="1227"/>
							<String ID="string_265" HPOS="1244" VPOS="2300" WIDTH="76" HEIGHT="29" WC="0.96" CONTENT="mot"/><SP WIDTH="19" VPOS="2300" HPOS="1320"/>
							<String ID="string_266" HPOS="1339" VPOS="2294" WIDTH="191" HEIGHT="34" WC="0.96" CONTENT="avstående"/><SP WIDTH="18" VPOS="2294" HPOS="1530"/>
							<String ID="string_267" HPOS="1548" VPOS="2297" WIDTH="86" HEIGHT="29" WC="0.96" CONTENT="utan"/>
						</TextLine>
						<TextLine ID="line_29" HPOS="149" VPOS="2345" WIDTH="1488" HEIGHT="57">
							<String ID="string_268" HPOS="149" VPOS="2361" WIDTH="162" HEIGHT="41" WC="0.96" CONTENT="vederlag"/><SP WIDTH="26" VPOS="2361" HPOS="311"/>
							<String ID="string_269" HPOS="337" VPOS="2359" WIDTH="53" HEIGHT="34" WC="0.96" CONTENT="till"/><SP WIDTH="27" VPOS="2359" HPOS="390"/>
							<String ID="string_270" HPOS="417" VPOS="2357" WIDTH="124" HEIGHT="35" WC="0.96" CONTENT="staden"/><SP WIDTH="27" VPOS="2357" HPOS="541"/>
							<String ID="string_271" HPOS="568" VPOS="2369" WIDTH="45" HEIGHT="21" WC="0.96" CONTENT="av"/><SP WIDTH="27" VPOS="2369" HPOS="613"/>
							<String ID="string_272" HPOS="640" VPOS="2355" WIDTH="66" HEIGHT="33" WC="0.95" CONTENT="den"/><SP WIDTH="27" VPOS="2355" HPOS="706"/>
							<String ID="string_273" HPOS="733" VPOS="2358" WIDTH="72" HEIGHT="30" WC="0.96" CONTENT="rätt"/><SP WIDTH="25" VPOS="2358" HPOS="805"/>
							<String ID="string_274" HPOS="830" VPOS="2353" WIDTH="54" HEIGHT="33" WC="0.96" CONTENT="till"/><SP WIDTH="26" VPOS="2353" HPOS="884"/>
							<String ID="string_275" HPOS="910" VPOS="2352" WIDTH="106" HEIGHT="42" WC="0.96" CONTENT="högre"/><SP WIDTH="27" VPOS="2352" HPOS="1016"/>
							<String ID="string_276" HPOS="1043" VPOS="2350" WIDTH="177" HEIGHT="34" WC="0.96" CONTENT="allmänna"/><SP WIDTH="25" VPOS="2350" HPOS="1220"/>
							<String ID="string_277" HPOS="1245" VPOS="2347" WIDTH="216" HEIGHT="35" WC="0.91" CONTENT="läroverkets"/><SP WIDTH="27" VPOS="2347" HPOS="1461"/>
							<String ID="string_278" HPOS="1488" VPOS="2346" WIDTH="9" HEIGHT="33" WC="0.88" CONTENT="i"/><SP WIDTH="26" VPOS="2346" HPOS="1497"/>
							<String ID="string_279" HPOS="1523" VPOS="2345" WIDTH="114" HEIGHT="41" WC="0.96" CONTENT="Växjö"/>
						</TextLine>
						<TextLine ID="line_30" HPOS="149" VPOS="2403" WIDTH="1090" HEIGHT="54">
							<String ID="string_280" HPOS="149" VPOS="2413" WIDTH="176" HEIGHT="44" WC="0.96" CONTENT="byggnad,"/><SP WIDTH="19" VPOS="2413" HPOS="325"/>
							<String ID="string_281" HPOS="344" VPOS="2424" WIDTH="75" HEIGHT="22" WC="0.96" CONTENT="som"/><SP WIDTH="18" VPOS="2424" HPOS="419"/>
							<String ID="string_282" HPOS="437" VPOS="2411" WIDTH="59" HEIGHT="33" WC="0.96" CONTENT="må"/><SP WIDTH="17" VPOS="2411" HPOS="496"/>
							<String ID="string_283" HPOS="513" VPOS="2409" WIDTH="198" HEIGHT="34" WC="0.96" CONTENT="tillkomma"/><SP WIDTH="18" VPOS="2409" HPOS="711"/>
							<String ID="string_284" HPOS="729" VPOS="2406" WIDTH="133" HEIGHT="43" WC="0.95" CONTENT="Kungl."/><SP WIDTH="19" VPOS="2406" HPOS="862"/>
							<String ID="string_285" HPOS="881" VPOS="2404" WIDTH="111" HEIGHT="42" WC="0.96" CONTENT="Maj:t"/><SP WIDTH="18" VPOS="2404" HPOS="992"/>
							<String ID="string_286" HPOS="1010" VPOS="2403" WIDTH="64" HEIGHT="34" WC="0.96" CONTENT="och"/><SP WIDTH="18" VPOS="2403" HPOS="1074"/>
							<String ID="string_287" HPOS="1092" VPOS="2403" WIDTH="147" HEIGHT="33" WC="0.96" CONTENT="kronan."/>
						</TextLine>
					</TextBlock>
				</ComposedBlock>
				<ComposedBlock ID="cblock_6" HPOS="193" VPOS="2482" WIDTH="1407" HEIGHT="44">
					<TextBlock ID="block_8" HPOS="193" VPOS="2482" WIDTH="1407" HEIGHT="44">
						<TextLine ID="line_31" HPOS="193" VPOS="2482" WIDTH="1407" HEIGHT="44">
							<String ID="string_288" HPOS="193" VPOS="2495" WIDTH="102" HEIGHT="31" WC="0.92" CONTENT="Bihang"/><SP WIDTH="21" VPOS="2495" HPOS="295"/>
							<String ID="string_289" HPOS="316" VPOS="2494" WIDTH="40" HEIGHT="25" WC="0.96" CONTENT="till"/><SP WIDTH="18" VPOS="2494" HPOS="356"/>
							<String ID="string_290" HPOS="374" VPOS="2492" WIDTH="153" HEIGHT="31" WC="0.95" CONTENT="riksdagens"/><SP WIDTH="19" VPOS="2492" HPOS="527"/>
							<String ID="string_291" HPOS="546" VPOS="2489" WIDTH="133" HEIGHT="33" WC="0.95" CONTENT="protokoll"/><SP WIDTH="19" VPOS="2489" HPOS="679"/>
							<String ID="string_292" HPOS="698" VPOS="2491" WIDTH="76" HEIGHT="28" WC="0.96" CONTENT="1941."/><SP WIDTH="39" VPOS="2491" HPOS="774"/>
							<String ID="string_293" HPOS="813" VPOS="2491" WIDTH="16" HEIGHT="22" WC="0.94" CONTENT="6"/><SP WIDTH="19" VPOS="2491" HPOS="829"/>
							<String ID="string_294" HPOS="848" VPOS="2486" WIDTH="74" HEIGHT="26" WC="0.87" CONTENT="saml."/><SP WIDTH="38" VPOS="2486" HPOS="922"/>
							<String ID="string_295" HPOS="960" VPOS="2485" WIDTH="40" HEIGHT="25" WC="0.91" CONTENT="Nr"/><SP WIDTH="18" VPOS="2485" HPOS="1000"/>
							<String ID="string_296" HPOS="1018" VPOS="2487" WIDTH="61" HEIGHT="28" WC="0.0" CONTENT="34—"/><SP WIDTH="10" VPOS="2487" HPOS="1079"/>
							<String ID="string_297" HPOS="1089" VPOS="2480" WIDTH="43" HEIGHT="40" WC="0.0" CONTENT="865."/><SP WIDTH="457" VPOS="2480" HPOS="1132"/>
							<String ID="string_298" HPOS="1589" VPOS="2482" WIDTH="11" HEIGHT="22" WC="0.96" CONTENT="1"/>
						</TextLine>
					</TextBlock>
				</ComposedBlock>
			</PrintSpace>
		</Page>
	</Layout>
</alto>
