1892 2844
106 253 159 32 Ströängars

102 288 166 32 indragande

97 323 42 24 till
160 325 106 22 kronan.

130 358 104 39 [157.]

116 1073 136 24 Utskottet.

75 1544 198 32 Avlöningsstat

105 1580 46 23 vid
169 1580 84 24 rikets

112 1614 134 24 allmänna

116 1650 129 24 kartverk.

127 1685 103 39 [159.]

93 2120 177 25 Kartarbeten

128 2163 103 67 [160.]

348 168 40 32 52
688 172 394 33 Jordbruksutskottets
1104 174 187 33 utlåtande
1313 175 53 32 Nr
1389 177 29 29 2.

345 244 90 37 59:0)
459 246 214 37 Ströängars
697 249 223 36 indragande
940 250 57 31 till
1020 251 149 31 kronan.
1212 251 121 32 Under
1357 253 117 36 punkt
1497 254 57 31 157
1578 254 65 31 har
1667 251 132 45 Kungl.

304 296 112 37 Maj:t
442 298 185 37 föreslagit
653 300 194 37 riksdagen
873 302 54 30 att
953 302 57 30 till
1035 302 229 32 bestridande
1290 314 46 21 av
1363 305 241 31 kostnaderna
1631 306 55 31 för
1713 308 86 30 strö-

304 350 133 35 ängars
462 349 220 38 indragande
707 351 57 31 till
790 352 140 32 kronan
955 353 127 32 anvisa
1106 354 56 31 för
1186 355 212 37 budgetåret
1424 355 172 36 1932/1933
1621 359 51 29 ett
1697 360 101 29 extra

305 400 282 39 förslagsanslag
609 412 46 21 av
676 403 127 36 300,000
823 404 141 31 kronor.

344 451 122 38 Lagen
489 453 67 31 den
577 454 39 30 22
639 454 80 37 juni
743 455 78 31 1921
849 453 56 37 (nr
928 455 71 35 378)
1025 467 57 21 om
1106 458 208 36 ströängars
1338 459 222 37 indragande
1582 461 58 30 till
1662 461 136 32 kronan

303 505 87 35 äger
416 504 230 39 tillämpning
671 507 21 30 å
715 506 273 33 Västerbottens
1013 509 65 30 och
1102 508 237 33 Norrbottens
1364 511 78 30 läns
1467 511 229 37 lappmarker
1720 514 78 31 med

304 555 185 38 undantag
515 566 54 27 av,
594 558 100 30 utom
719 559 121 35 annat,
866 559 135 32 sådana
1025 560 149 37 trakter,
1200 570 74 22 som
1297 562 123 31 kunna
1445 563 100 31 bliva
1570 564 151 31 föremål
1744 566 54 31 för

303 606 362 40 tilläggsavvittring.
705 610 69 31 För
797 612 158 36 ströäng,
978 621 74 22 som
1074 612 178 38 indrages,
1274 614 108 37 utgår
1405 614 169 38 vederlag
1598 625 125 27 genom
1745 617 54 31 be-

303 659 172 31 kostande
497 670 45 21 av
563 660 122 38 odling
707 662 20 30 å
749 661 68 32 den
840 662 182 38 fastighet,
1046 664 126 31 vartill
1193 667 117 34 ängen
1332 666 99 31 förut
1453 667 90 30 hört.
1587 667 136 38 Frågor
1744 679 54 21 om

303 710 220 38 indragning
554 712 64 31 och
649 713 168 37 vederlag
847 717 152 34 avgöras
1031 725 45 21 av
1107 716 156 31 särskild
1293 717 144 36 nämnd,
1469 718 121 31 kallad
1621 720 175 38 ströängs-

303 762 143 31 nämnd.
495 762 69 32 Till
590 764 228 32 bestridande
846 776 46 20 av
920 766 242 32 kostnaderna
1189 767 55 31 för
1273 769 433 39 ströängsindragningen
1734 772 65 32 har

304 813 84 32 från
416 814 63 31 och
504 815 80 31 med
608 816 78 30 1922
714 826 46 21 av
787 817 195 37 riksdagen
1008 819 162 31 anvisats
1199 819 135 38 anslag,
1363 830 75 21 som
1467 822 111 31 under
1607 832 123 23 senare
1759 825 39 30 år

303 865 97 32 varit
425 866 147 36 uppfört
597 868 115 30 såsom
738 869 104 30 extra
869 869 292 38 förslagsanslag.
1207 871 194 38 Anslagets
1426 873 126 37 belopp
1580 876 140 36 uppgår
1745 876 54 32 för

303 916 213 38 budgetåret
540 918 171 36 1931/1932
736 919 57 31 till
818 921 128 35 325,000
970 921 141 37 kronor,
1136 922 113 32 vilket
1273 923 127 37 belopp
1427 924 172 32 fördelats
1623 926 12 31 i
1662 926 66 32 den
1754 938 44 21 av

302 968 135 38 Kungl.
456 969 109 37 Maj:t
585 970 68 32 den
671 971 38 31 29
728 972 73 36 maj
822 972 80 31 1931
922 973 206 31 fastställda
1148 975 117 30 staten
1283 975 56 31 för
1357 973 441 47 ströängsindragningen.

342 1069 84 33 Med
447 1070 209 37 tillstyrkan
677 1083 45 21 av
743 1073 107 32 bifall
871 1074 58 31 till
951 1074 133 39 Kungl.
1108 1075 129 38 Maj:ts
1260 1077 237 33 förevarande
1520 1079 280 40 framställning,

303 1131 75 22 som
397 1122 149 32 innebär
565 1133 45 22 en
629 1125 179 37 sänkning
827 1126 80 31 med
926 1127 107 35 25,000
1054 1128 131 30 kronor
1203 1128 13 31 i
1235 1128 207 36 jämförelse
1461 1131 80 31 med
1561 1132 163 37 anslaget
1745 1133 54 32 för

303 1174 152 36 löpande
474 1174 185 38 budgetår,
680 1176 207 32 hemställer
911 1178 184 37 utskottet,

742 1264 54 30 att
826 1263 193 38 riksdagen
1049 1266 59 30 må
1140 1265 57 31 till
1224 1266 228 33 bestridande
1484 1278 46 22 av
1560 1270 239 33 kostnaderna

703 1314 55 31 för
780 1315 208 37 ströängars
1009 1316 222 38 indragande
1252 1317 58 31 till
1330 1318 140 32 kronan
1490 1321 127 31 anvisa
1638 1322 56 31 för
1714 1323 84 31 bud-

704 1366 138 36 getåret
871 1366 171 35 19852/1933
1070 1368 52 31 ett
1151 1370 103 30 extra
1284 1369 283 40 förslagsanslag
1598 1383 45 21 av
1671 1374 128 36 300,000

702 1417 141 31 kronor.

339 1544 91 36 60:0)
456 1546 275 37 Avlöningsstat
752 1549 62 30 vid
835 1549 113 32 rikets
969 1549 184 33 allmänna
1175 1551 181 33 kartverk.
1398 1553 17 31 I
1439 1554 172 38 förslaget
1633 1556 57 31 till
1710 1557 88 31 riks-

301 1598 73 30 stat
393 1597 55 32 för
465 1597 211 38 budgetåret
694 1599 172 36 1932/1933
884 1601 65 30 har
968 1601 133 38 Kungl.
1122 1602 109 37 Maj:t
1248 1604 169 37 upptagit
1436 1605 58 31 det
1512 1607 112 30 under
1641 1608 157 38 anslags-

301 1649 107 31 fiteln
434 1649 111 32 rikets
572 1650 183 32 allmänna
782 1651 173 32 kartverk
982 1654 179 35 uppförda
1189 1655 180 32 ordinarie
1398 1657 319 39 förslagsanslaget
1742 1661 57 31 till

301 1700 263 37 avlöningsstat
590 1703 80 31 med
694 1702 212 34 oförändrat
930 1704 135 37 belopp,
1091 1705 128 36 380,000
1244 1706 140 32 kronor.

341 1785 183 33 Utskottet
547 1787 215 37 hemställer,

741 1841 54 30 att
822 1840 193 38 riksdagen
1041 1843 59 30 må
1127 1843 12 31 i
1167 1844 195 32 riksstaten
1387 1846 56 32 för
1469 1847 212 38 budgetåret
1707 1848 92 37 1932/

701 1892 78 32 1933
800 1893 156 36 uppföra
975 1894 181 32 ordinarie
1178 1896 319 39 förslagsanslaget
1518 1899 58 31 till
1596 1901 200 37 avlönings-

701 1944 71 31 stat
795 1944 62 31 vid
878 1945 112 31 rikets
1011 1946 184 32 allmänna
1216 1948 173 32 kartverk
1411 1950 79 31 med
1512 1951 209 33 oförändrat
1743 1953 52 31 be-

702 1995 93 37 lopp,
819 1996 129 36 380,000
970 1997 140 32 kronor.

340 2111 91 37 61:0)
454 2113 243 33 Kartarbeten
721 2125 45 22 m.
792 2126 46 21 m.
881 2117 18 30 I
927 2117 172 38 förslaget
1125 2119 58 31 till
1208 2120 149 32 riksstat
1386 2122 55 31 för
1467 2123 212 37 budgetåret
1706 2126 91 35 1932/

299 2165 79 32 1983
396 2166 66 31 har
484 2166 133 38 Kungl.
639 2166 110 37 Maj:t
771 2168 113 31 under
907 2169 252 37 anslagstiteln
1180 2171 111 32 rikets
1313 2173 184 32 allmänna
1520 2175 171 33 kartverk
1710 2188 85 27 upp-

299 2217 74 31 fört
394 2217 180 32 ordinarie
597 2219 405 38 reservationsanslaget
1021 2221 57 31 till
1101 2222 231 33 kartarbeten
1353 2235 44 20 m.
1418 2236 44 20 m.
1485 2228 80 31 med
1586 2228 210 33 oförändrat

299 2268 139 38 belopp,
462 2270 127 36 223,700
613 2270 139 32 kronor.

338 2319 124 33 Under
489 2321 234 32 förevarande
751 2323 126 36 punkt,
905 2325 68 36 160,
1001 2325 64 31 har
1094 2325 139 37 jämväl
1260 2328 212 33 motiverats
1499 2332 224 35 uppförande
1750 2344 44 20 av

297 2373 52 30 ett
373 2374 103 30 extra
497 2374 368 38 reservationsanslag
889 2377 21 29 å
934 2376 106 36 15,000
1064 2376 132 33 kronor
1219 2379 57 31 till
1301 2379 139 33 diverse
1461 2382 115 31 behov
1599 2383 61 32 vid
1682 2384 112 32 rikets

298 2423 184 33 allmänna
502 2425 179 32 kartverk.
723 2426 68 32 För
813 2437 138 21 samma
972 2428 168 31 ändamål
1160 2432 40 29 är
1221 2430 12 31 i
1255 2431 196 33 riksstaten
1474 2433 55 32 för
1551 2434 242 34 innevarande

296 2475 177 37 budgetår
498 2477 148 38 uppfört
670 2478 51 31 ett
745 2480 104 30 extra
873 2479 369 40 reservationsanslag
1265 2493 46 21 av
1335 2483 109 37 39,900
1468 2485 139 34 kronor,
