1896 2814
261 154 40 31 20

530 239 131 33 Article
683 240 53 31 24.

309 298 32 32 Il
372 310 73 21 sera
474 309 141 28 pourvu,
647 298 82 32 dans
759 297 30 32 le
818 296 76 39 plus
925 296 76 33 bref

265 340 97 38 délai,
389 352 66 20 aux
478 351 161 22 vacances
666 340 55 37 qui
745 339 209 32 viendraient
981 340 20 30 å

265 394 34 21 se
324 382 156 38 produire
507 394 63 26 par
595 381 86 33 suite
708 381 38 33 de
772 381 92 32 décés
891 392 41 21 ou
962 380 40 32 de

265 424 187 38 démission,
478 436 41 20 ou
547 424 39 32 de
611 423 139 39 quelque
775 426 95 29 autre
896 424 104 35 empé-

266 466 159 38 chement,
447 478 39 20 en
508 466 136 32 suivant
665 465 29 32 le
715 464 94 33 mode
831 465 70 32 fixé
918 475 85 26 pour

265 508 47 33 les
334 508 233 32 nominations.

529 599 132 32 Article
683 600 54 32 25.

310 658 64 32 Les
405 657 126 39 parties
561 657 190 38 rédigeront
781 668 45 36 un
857 667 145 26 compro-

267 700 62 33 mis
354 700 220 32 déterminant
597 699 113 38 V'objet
732 699 45 32 du
799 699 95 37 litige
915 702 33 28 et
969 697 33 33 la

266 742 179 38 procédure
465 744 19 30 å
499 742 123 32 suivre.

534 840 131 32 Artiele
687 841 54 31 26.

311 899 33 32 A
369 899 118 33 défaut
511 898 233 33 dindications
768 910 43 20 ou
836 898 39 32 de
900 897 103 37 préci-

268 941 88 32 sions
389 942 201 31 suffisantes
623 941 82 32 dans
736 940 30 33 le
795 939 208 38 compromis,

269 983 229 32 relativement
522 994 67 21 aux
612 982 111 39 points
748 982 152 37 indiqués
922 981 82 32 dans

269 1025 141 33 Farticle
429 1024 186 39 précédent,
635 1024 25 32 il
679 1036 72 20 sera
773 1024 66 32 fait
857 1023 147 38 applica-

269 1067 79 38 tion,
382 1067 82 32 dans
497 1067 32 32 la
562 1078 129 21 mesure
722 1066 192 35 nécessaire,
947 1065 57 32 des

270 1109 213 38 dispositions
516 1109 38 32 de
588 1108 32 32 la
654 1107 194 33 convention
883 1107 38 33 de
955 1107 49 32 La

270 1151 98 38 Haye
388 1151 43 32 du
456 1151 41 32 18
517 1150 132 33 octobre
673 1150 83 32 1907
779 1161 84 26 pour
884 1149 29 32 le
934 1151 70 35 rég-

269 1193 121 33 lement
415 1192 172 39 pacifique
615 1192 56 33 des
698 1192 137 32 conflits
862 1191 142 32 interna-

267 1235 150 33 tionaux.

535 1292 132 33 Article
688 1293 53 33 27.

314 1352 110 32 Faute
442 1351 39 33 de
504 1350 189 34 conclusion
712 1350 77 33 d'un
810 1349 197 38 compromis

271 1394 81 32 dans
380 1405 44 20 un
452 1393 86 33 délai
566 1393 39 32 de
633 1393 82 32 trois
742 1392 83 33 mois
854 1394 19 31 å
899 1392 108 36 partir

271 1436 38 32 de
332 1435 33 32 la
389 1435 216 33 constitution
629 1435 43 32 du
695 1434 159 35 tribunal,
876 1433 130 33 celui-ci

272 1489 72 21 sera
383 1477 80 32 saisi
502 1488 63 27 par
603 1479 133 36 requéte
774 1476 39 32 de
849 1475 87 33 PF'une
966 1487 42 20 ou

270 1519 119 32 Tautre
419 1519 55 32 des
502 1518 138 39 parties.

535 1659 132 33 ÅArtiele
688 1660 53 32 28.

317 1719 93 32 Dans
436 1718 29 33 le
493 1718 121 33 silence
636 1718 44 32 du
703 1717 197 39 compromis
925 1729 41 20 ou
991 1719 19 30 å

274 1761 117 32 défaut
417 1760 39 33 de
484 1760 209 38 compromis,
721 1760 30 32 le
779 1759 146 33 tribunal
953 1771 55 25 ap-

273 1802 151 39 pliquera
449 1802 47 33 les
524 1802 107 38 régles
656 1802 39 32 de
720 1802 81 32 fond
824 1803 185 31 énumérées

274 1845 81 32 dans
377 1844 143 33 Varticle
542 1845 41 32 38
605 1844 43 32 du
673 1843 114 33 Statut
809 1844 38 32 de
868 1843 32 32 la
921 1843 88 33 Cour

273 1890 211 35 permanente
523 1886 39 33 de
588 1885 131 34 Justice
745 1885 265 32 internationale.

274 1929 51 32 En
349 1932 74 28 tant
445 1927 80 40 qu'il
549 1928 139 32 n'existe
710 1939 60 26 pas
793 1927 38 33 de
855 1927 155 37 pareilles

274 1970 107 38 reégles
403 1970 207 38 applicables
634 1981 44 21 au
700 1969 179 36 différend,
900 1969 30 32 le
952 1969 57 32 tri-

274 2012 101 32 bunal
393 2012 118 38 jugera
531 2023 39 21 ex
589 2022 93 28 equo
700 2014 31 29 et
752 2011 91 32 bono.

272 2243 160 33 Chapitre
448 2243 55 26 IV.
521 2252 39 4 —
575 2241 231 34 Dispositions
826 2238 186 36 générales.

540 2321 131 32 Artiele
693 2322 53 31 29.

322 2382 29 30 1.
399 2380 63 32 Les
486 2379 189 33 différends
701 2391 83 26 pour
811 2378 33 33 la
869 2377 142 34 solution

278 2422 151 39 desquels
452 2434 63 20 une
539 2421 180 38 procédure
743 2420 143 38 spéciale
911 2423 102 30 serait

277 2467 121 36 prévue
437 2475 62 27 par
540 2463 146 33 d'autres
724 2467 211 28 conventions
974 2473 38 21 en

657 152 413 30 Konstitutionsutskottets
1092 151 163 30 utlåtande
1278 152 49 28 Nr
1351 156 28 26 8.

1305 237 130 32 Artiele
1455 238 54 31 24.

1088 295 183 34 Vacancies
1302 296 107 32 which
1444 308 78 25 may
1555 307 99 22 occur
1686 307 38 20 as
1757 308 18 21 a

1044 337 105 33 result
1184 338 36 31 of
1257 337 111 37 death,
1402 338 202 37 resignation
1640 349 36 20 or
1710 349 66 26 any

1040 379 94 33 other
1160 391 97 21 cause
1284 379 87 33 shall
1393 379 38 33 be
1459 380 94 32 filled
1581 380 115 32 within
1722 379 55 33 the

1043 421 143 32 shortest
1216 421 146 38 possible
1391 421 77 32 time
1496 421 31 32 in
1559 422 55 32 the
1643 432 136 21 manner

1044 463 91 33 fixed
1164 463 52 32 for
1242 463 56 32 the
1323 463 233 32 nominations.

1304 596 130 32 Article
1455 597 54 31 25.

1089 655 68 32 The
1179 655 125 38 parties
1324 654 85 33 shall
1432 655 91 32 draw
1547 666 44 26 up
1613 667 19 20 a
1654 654 123 37 special

1044 702 190 32 agreement
1261 696 221 38 determining
1511 697 55 32 the
1592 696 129 37 subject
1743 696 36 33 of

1047 738 54 33 the
1137 738 130 39 dispute
1294 738 64 33 and
1385 738 52 33 the
1463 738 120 33 details
1610 739 34 31 of
1671 749 104 28 proce-

1045 780 91 33 dure.

1311 838 129 33 Article
1462 839 54 31 26.

1090 897 39 32 In
1159 897 53 33 the
1241 897 138 32 absence
1409 898 35 31 of
1471 897 179 32 sufficient
1677 897 101 36 parti-

1045 939 111 32 culars
1179 939 31 31 in
1234 938 55 33 the
1311 939 122 38 special
1456 943 191 34 agreement
1670 950 108 25 regar-

1047 981 81 38 ding
1157 981 53 32 the
1244 985 139 28 matters
1417 981 145 32 referred
1600 987 32 26 to
1664 981 31 31 in
1726 980 54 32 the

1047 1022 177 38 preceding
1243 1022 129 37 article,
1391 1022 53 32 the
1463 1023 187 37 provisions
1670 1022 37 32 of
1726 1022 54 32 the

1049 1065 119 37 Hague
1202 1064 203 33 Convention
1442 1065 35 31 of
1513 1064 143 32 October
1692 1064 87 32 18th.

1049 1107 95 37 1907,
1164 1107 52 31 for
1234 1107 56 32 the
1309 1106 129 33 Pacific
1458 1105 198 33 Settlement
1675 1106 35 31 of
1726 1105 53 32 In-

1048 1148 197 33 ternational
1266 1148 159 38 Disputes
1442 1148 86 32 shall
1549 1147 106 39 apply
1674 1159 35 21 so
1727 1147 54 32 far

1046 1202 38 20 as
1104 1191 28 32 is
1152 1202 187 26 necessary.

1314 1290 130 32 Article
1463 1291 54 31 27.

1094 1349 136 38 Failing
1255 1349 55 32 the
1336 1349 187 33 conclusion
1549 1349 36 31 of
1613 1360 19 20 a
1659 1347 122 37 special

1045 1395 188 34 agreement
1267 1390 117 33 within
1419 1402 19 20 a
1473 1390 113 38 period
1622 1390 36 31 of
1691 1389 90 32 three

1049 1433 130 32 months
1210 1433 84 31 from
1327 1433 55 31 the
1413 1432 75 32 date
1518 1444 39 20 on
1591 1432 107 32 which
1729 1432 53 32 the

1050 1475 159 32 Tribunal
1234 1486 69 20 was
1328 1474 212 36 constituted,
1570 1474 54 32 the
1652 1474 130 36 dispute

1049 1528 78 27 may
1158 1516 37 32 be
1225 1516 145 38 brought
1398 1516 110 33 before
1537 1516 56 32 the
1622 1515 160 33 Tribunal

1050 1558 45 39 by
1134 1570 41 20 an
1214 1558 205 39 application
1461 1558 45 38 by
1535 1569 60 21 one
1626 1569 37 20 or
1692 1558 93 32 other

1050 1605 112 34 party.

1314 1658 129 33 Article
1465 1659 54 32 28.

1097 1717 36 32 If
1171 1717 140 38 nothing
1348 1717 28 32 is
1419 1716 65 33 laid
1524 1716 96 32 down
1658 1716 32 32 in
1730 1716 55 32 the

1051 1759 123 38 special
1195 1763 189 34 agreement
1407 1770 35 20 or
1463 1771 39 20 no
1525 1758 124 38 special
1673 1769 110 26 agree-

1051 1806 88 27 ment
1155 1801 59 32 has
1230 1801 79 32 been
1328 1801 103 37 made,
1448 1801 53 32 the
1518 1800 162 32 Tribunal
1698 1799 86 33 shall

1052 1843 105 38 apply
1180 1843 53 32 the
1259 1843 88 32 rules
1373 1843 31 31 in
1431 1842 118 38 regard
1576 1847 33 27 to
1633 1842 53 33 the
1711 1841 72 33 sub-

1053 1889 112 28 stance
1194 1885 36 32 of
1261 1885 55 32 the
1348 1885 131 37 dispute
1510 1884 211 32 enumerated
1751 1884 33 31 in

1052 1927 129 32 Article
1207 1928 41 31 38
1271 1927 36 32 of
1332 1927 54 32 the
1411 1926 132 33 Statute
1567 1927 36 31 of
1629 1926 54 32 the
1708 1926 76 32 Per-

1052 1973 132 28 manent
1204 1969 104 32 Court
1326 1969 36 31 of
1381 1968 241 32 International
1644 1967 140 33 Justice.

1052 2011 41 31 In
1116 2022 36 21 so
1177 2011 54 31 far
1251 2022 38 21 as
1309 2010 90 33 there
1421 2010 103 32 exists
1548 2022 40 20 no
1613 2010 78 32 such
1716 2009 70 32 rule

1051 2052 189 38 applicable
1261 2057 33 27 to
1314 2052 54 32 the
1388 2052 141 38 dispute,
1550 2052 55 32 the
1625 2050 160 33 Tribunal

1050 2095 87 32 shall
1158 2095 112 32 decide
1290 2105 40 21 ex
1350 2105 102 27 aequo
1472 2097 30 29 et
1524 2094 93 31 bono.

1075 2243 147 32 Chapter
1244 2241 55 26 IV.
1322 2258 39 2 —
1385 2241 147 26 General
1554 2239 203 27 Provisions.

1319 2319 130 33 Artiele
1471 2320 54 31 29.

1099 2377 30 31 1.
1181 2375 163 39 Disputes
1375 2375 52 31 for
1452 2374 55 33 the
1534 2373 189 48 settlement
1752 2372 35 48 of

1055 2418 109 32 which
1204 2430 19 20 a
1264 2416 123 39 special
1432 2416 180 38 procedure
1652 2427 29 20 is
1719 2413 68 34 laid

1056 2461 95 32 down
1189 2460 32 32 in
1255 2459 95 33 other
1382 2458 212 32 conventions
1633 2458 32 31 in
1699 2457 88 32 force
