1898 2820
519 154 413 31 Konstitutionsutskottets
955 156 164 30 utlålande
1143 158 46 27 Nr
1215 164 29 23 s5.
1624 160 16 29 7

491 287 138 32 Kapitel
652 287 55 26 IV.
794 289 182 26 Allmänna
999 290 270 26 bestämmelser.

776 359 135 32 Artikel
933 360 53 32 29.

170 416 28 29 1.
243 414 142 39 Tvister,
409 415 54 32 för
482 415 111 33 vilkas
614 416 203 38 biläggande
838 417 141 33 särskilt
1000 419 197 32 förfarande
1219 419 155 38 stadgats
1397 421 10 30 i
1429 421 105 32 andra
1556 422 77 31 mel-

125 455 54 33 lan
200 457 38 32 de
259 457 167 32 tvistande
445 461 158 35 parterna
623 458 156 38 gällande
799 460 103 38 avtal,
924 459 94 33 skola
1039 465 143 33 avgöras
1201 461 12 31 i
1233 462 149 37 enlighet
1401 463 73 32 med
1494 463 141 32 bestäm-

124 498 162 33 melserna
305 500 12 31 i
337 500 95 32 dessa
452 500 105 32 avtal.

168 540 31 32 2.
246 540 117 33 Denna
380 541 198 38 generalakt
597 542 88 32 skall
703 543 73 32 icke
795 542 231 34 åstadkomma
1044 545 142 38 ändring
1203 546 11 31 i
1232 545 158 38 gällande
1407 547 228 32 överenskom-

123 583 129 39 melser,
278 595 69 21 som
373 585 54 31 för
452 588 159 34 parterna
636 585 188 32 föreskriva
849 586 404 38 förlikningsförfarande
1278 588 91 39 eller,
1399 589 6 31 i
1431 590 160 32 avseende
1616 591 20 31 å

126 626 172 38 skiljedom
318 626 57 33 och
393 627 151 38 rättsligt
562 628 194 38 avgörande,
776 628 236 39 förpliktelser,
1031 641 66 20 som
1118 630 196 32 säkerställa
1335 630 137 34 tvistens
1493 632 140 38 lösning.

123 668 63 33 Om
207 669 182 32 emellertid
411 669 95 33 dessa
526 669 329 33 överenskommelser
876 670 115 33 endast
1014 671 185 33 föreskriva
1222 672 408 40 förlikningsförfarande,

125 710 103 38 skola,
247 710 86 33 efter
353 710 53 33 det
425 711 89 32 detta
537 712 191 32 förfarande
748 712 186 38 tillämpats
954 716 79 29 utan
1055 713 149 38 resultat,
1225 714 106 32 denna
1349 715 210 38 generalakts
1580 716 52 32 be-

124 751 208 33 stämmelser
358 764 51 21 om
440 752 153 39 rättsligt
620 754 189 37 avgörande
837 754 81 32 eller
946 754 176 38 skiljedom
1151 755 183 40 tillämpas,
1362 757 11 31 i
1400 757 60 32 den
1489 758 76 31 mån
1595 758 39 32 de

124 793 167 34 tvistande
314 798 158 35 parterna
494 796 144 32 anslutit
661 796 52 38 sig
737 796 125 33 därtill.

783 898 136 32 Artikel
938 899 54 32 30.

169 955 61 32 Om
253 955 119 33 endera
393 967 40 21 av
454 960 156 34 parterna
631 956 218 33 underställer
871 957 364 39 förlikningsnämnden
1259 969 38 21 en
1320 959 91 38 tvist,
1434 959 112 33 vilken
1570 960 60 32 den

124 997 102 33 andra
262 1001 114 35 parten
413 997 72 33 med
523 998 73 32 stöd
633 1010 40 20 av
709 998 120 32 mellan
865 1003 157 34 parterna
1057 999 153 38 gällande
1248 1000 90 32 avtal
1364 1000 186 39 hänskjutit
1577 1001 53 32 till

122 1037 61 33 den
208 1038 91 33 fasta
322 1038 273 39 mellanfolkliga
621 1040 182 32 domstolen
827 1040 81 33 eller
932 1040 55 33 till
1012 1052 39 21 en
1077 1041 255 39 skiljedomstol,
1357 1042 87 32 skall
1469 1044 164 32 nämnden

121 1080 185 39 uppskjuta
332 1081 297 39 handläggningen
655 1094 42 20 av
723 1082 133 39 tvisten,
882 1083 54 32 till
962 1083 74 32 dess
1064 1084 61 32 den
1151 1084 271 39 mellanfolkliga
1448 1085 184 33 domstolen

124 1124 81 33 eller
225 1124 279 39 skiljedomstolen
525 1125 117 33 utlåtit
663 1125 51 39 sig
735 1125 9 32 i
767 1125 343 40 behörighetsfrågan.
1156 1126 131 33 Samma
1310 1127 89 39 regel
1421 1127 85 33 skall
1529 1127 102 39 gälla,

120 1176 51 22 om
195 1170 48 29 ett
267 1166 119 33 ärende
408 1167 105 32 under
535 1167 172 38 pågående
731 1167 404 39 förlikningsförfarande
1159 1168 209 38 hänskjutits
1391 1168 53 33 till
1470 1170 61 32 den
1554 1170 78 32 mel-

121 1208 205 39 lanfolkliga
350 1209 183 33 domstolen
556 1209 82 33 eller
659 1209 243 38 skiljedomstol
926 1222 42 20 av
991 1210 120 33 endera
1134 1222 42 21 av
1197 1215 169 34 parterna.

768 1312 137 32 Artikel
927 1313 54 31 31.

166 1371 29 30 1.
243 1370 61 32 Om
332 1370 123 33 tvisten
483 1375 54 28 rör
563 1382 40 20 en
631 1370 110 40 fråga,
770 1382 69 21 som
867 1371 107 38 enligt
1001 1372 121 32 endera
1148 1376 137 34 partens
1312 1372 71 33 inre
1410 1372 221 39 lagstiftning

120 1412 89 33 skall
235 1417 143 34 avgöras
405 1424 42 21 av
472 1413 74 32 dess
572 1425 85 27 egna
683 1413 181 32 domstolar
888 1413 82 33 eller
993 1414 273 33 administrativa
1291 1415 245 39 myndigheter,
1563 1415 67 33 kan

120 1455 105 33 denna
246 1459 77 35 part
342 1458 159 30 motsätta
521 1455 53 39 sig
593 1459 52 29 att
663 1455 122 33 tvisten
805 1461 96 33 göres
921 1455 54 33 till
996 1456 142 33 föremål
1159 1457 54 32 för
1232 1458 39 32 de
1290 1457 91 33 olika
1401 1458 229 39 förfaranden,

123 1510 109 21 varom
254 1499 134 38 stadgas
410 1499 11 32 i
443 1498 105 33 denna
570 1499 204 39 generalakt,
796 1499 100 33 innan
918 1499 86 33 inom
1028 1499 111 39 skälig
1160 1500 49 35 tid
1233 1500 185 39 slutgiltigt
1439 1501 113 39 utslag
1575 1513 53 20 av-

123 1541 142 33 kunnats
283 1553 40 20 av
342 1541 59 32 den
420 1541 157 39 behöriga
594 1541 246 39 myndigheten.

167 1584 30 31 2.
244 1583 71 33 Den
339 1587 85 35 part,
447 1595 66 21 som
536 1584 11 32 i
570 1583 89 33 detta
683 1583 61 32 fall
767 1583 117 33 önskar
907 1583 105 33 anlita
1033 1583 39 34 de
1093 1584 13 32 i
1129 1584 103 32 denna
1254 1584 193 39 generalakt
1470 1585 159 39 stadgade

122 1625 226 38 förfaranden,
366 1625 87 33 skall
470 1625 147 33 meddela
637 1625 58 32 den
712 1625 101 33 andra
833 1628 116 35 parten
969 1625 106 34 denna
1092 1626 50 32 sin
1160 1626 112 32 avsikt
1288 1626 85 33 inom
1392 1627 113 38 loppet
1522 1639 41 20 av
1582 1631 47 29 ett

121 1668 47 37 år,
192 1667 119 33 räknat
333 1667 77 32 från
433 1667 228 33 ovannämnda
682 1667 193 39 avgörande.

769 1759 134 33 Artikel
924 1761 54 31 32.

167 1819 123 32 Därest
313 1819 13 32 i
351 1819 75 32 dom
451 1819 81 32 eller
555 1819 311 39 skiljedomsutslag
891 1819 182 39 förklaras,
1099 1822 52 30 att
1174 1831 42 21 av
1242 1820 142 33 domstol
1411 1820 81 33 eller
1519 1832 108 21 annan

118 1861 207 39 myndighet,
352 1861 202 33 tillhörande
583 1861 62 33 den
672 1873 60 21 ena
759 1873 41 21 av
826 1861 38 34 de
890 1862 169 32 tvistande
1085 1865 167 36 parterna,
1281 1862 105 33 fattat
1412 1862 109 33 beslut
1548 1863 82 32 eller

121 1904 169 33 anbefalld
310 1904 118 39 åtgärd
459 1904 69 33 helt
547 1905 80 32 eller
647 1904 103 34 delvis
769 1904 119 33 strider
907 1908 66 29 mot
993 1905 60 33 den
1074 1904 265 34 internationella
1359 1909 118 35 rätten,
1498 1905 58 33 och
1577 1917 49 21 om

121 1946 105 33 denna
248 1950 92 35 parts
362 1946 204 39 grundlagar
588 1946 70 33 helt
680 1947 79 33 eller
782 1946 104 34 delvis
909 1947 226 39 omöjliggöra,
1159 1951 49 29 att
1233 1947 163 38 följderna
1419 1959 40 21 av
1483 1948 146 33 beslutet

118 1988 81 34 eller
235 1988 159 39 åtgärden
431 1989 186 39 upphävas,
654 1989 265 32 överenskomma
954 1994 166 33 parterna,
1157 1992 50 29 att
1244 1989 61 32 den
1344 1993 86 35 part,
1468 2001 67 21 som
1575 1990 49 32 så-

115 2029 102 33 lunda
245 2029 141 34 kommit
412 2031 54 32 till
495 2030 116 40 skada,
640 2042 116 28 genom
784 2031 115 32 domen
925 2030 82 33 eller
1034 2031 345 39 skiljedomsutslaget
1406 2031 89 33 skall
1522 2031 104 33 tiller-

116 2071 128 34 kännas
268 2072 113 39 skälig
404 2073 200 38 ersättning.

753 2141 137 33 Artikel
911 2142 54 33 33.

163 2200 29 31 1.
238 2200 19 32 I
281 2199 69 33 alla
373 2200 39 33 de
436 2199 75 39 fall,
536 2199 42 33 då
600 2199 124 33 tvisten
747 2204 38 28 är
808 2200 140 32 föremål
972 2200 54 32 för
1048 2197 208 41 skiljedoms-
1279 2200 82 33 eller
1384 2201 154 38 rättsligt
1559 2201 68 32 för-

120 2242 149 39 farande,
293 2243 138 33 särskilt
454 2254 49 21 om
529 2243 60 32 den
614 2242 107 39 fråga,
745 2243 168 39 angående
936 2243 112 32 vilken
1074 2247 154 35 parterna
1251 2243 114 39 tvista,
1390 2248 37 28 är
1450 2242 177 34 resultatet

116 2295 43 21 av
181 2283 170 40 åtgärder,
373 2296 69 21 som
465 2284 101 33 redan
590 2284 196 34 verkställts
810 2283 81 34 eller
913 2289 57 28 äro
993 2285 44 38 på
1058 2289 66 35 väg
1146 2288 51 30 att
1217 2284 215 40 verkställas,
1454 2284 89 34 skall
1565 2285 62 33 den

120 2327 90 33 fasta
243 2327 265 40 mellanfolkliga
543 2327 176 34 domstolen
752 2328 13 32 i
798 2328 147 39 enlighet
977 2327 73 33 med
1083 2332 63 29 art.
1179 2329 41 31 41
1245 2340 42 21 av
1310 2328 72 33 dess
1406 2328 115 39 stadga
1546 2328 81 33 eller

119 2369 279 39 skiljedomstolen
419 2374 129 29 snarast
568 2370 131 39 möjligt
719 2370 131 39 angiva,
870 2369 92 34 vilka
984 2369 177 40 tillfälliga
1184 2370 157 39 åtgärder
1362 2370 78 34 böra
1460 2370 165 39 vidtagas.

116 2409 51 34 De
189 2411 168 33 tvistande
379 2415 158 35 parterna
560 2412 95 33 skola
676 2424 82 20 vara
783 2411 204 39 förpliktade
1012 2415 51 29 att
1088 2412 101 34 ställa
1212 2412 54 39 sig
1287 2412 97 33 dessa
1407 2412 220 39 anvisningar

114 2453 54 32 till
189 2453 237 34 efterrättelse.
