1854 2788
247 167 39 31 84
635 168 119 30 Andra
780 168 245 40 lagutskottets
1051 168 180 30 utlåtande
1256 178 43 20 nr
1323 168 53 30 30.

293 251 268 40 Propositionen
586 253 171 39 upptager
783 252 117 30 såsom
927 252 359 40 utryckningsfordon
1310 252 236 30 ambulansbil
1570 254 93 28 samt
1687 262 73 20 mo-

249 303 196 35 torfordon,
473 312 74 21 som
575 304 40 29 är
641 304 112 29 avsett
780 305 51 28 att
859 304 179 30 användas
1068 313 43 20 av
1141 304 280 31 brandväsendet
1448 303 57 31 vid
1535 303 145 34 eldfara,
1709 313 43 21 av

248 353 181 30 brandkår
454 353 54 30 för
532 354 196 29 beredande
754 363 42 20 av
820 353 101 40 hjälp
947 353 57 30 vid
1030 354 83 29 eller
1138 353 54 31 till
1218 353 253 31 förhindrande
1497 363 42 21 av
1565 353 187 40 olycksfall

250 403 81 30 eller
354 413 43 21 av
421 404 103 39 polis-
545 404 83 29 eller
650 404 230 39 tullpersonal
903 404 12 29 i
937 403 222 30 brådskande
1182 403 313 40 tjänsteutövning.
1519 403 232 40 Prövningen,

250 454 176 31 huruvida
449 464 42 20 av
513 454 152 30 särskild
687 454 189 39 anledning
898 454 71 30 viss
993 454 208 40 fordonstyp
1225 454 88 30 skall
1340 454 169 30 hänföras
1534 454 53 31 till
1611 454 142 39 utryck-

250 504 232 39 ningsfordon
501 505 11 28 i
529 506 109 28 annat
658 504 73 35 fall,
751 505 44 29 än
814 513 42 21 av
875 504 231 30 definitionen
1127 504 164 39 framgår,
1311 504 216 31 tillkommer
1546 504 109 39 enligt
1674 513 79 31 pro-

251 555 200 39 positionen
472 554 33 34 (1
525 554 15 37 8
559 554 18 30 5
594 554 124 35 mom.)
742 554 125 39 Kungl.
885 554 106 39 Maj:t
1007 554 82 30 eller
1107 555 68 29 den
1190 553 205 40 myndighet
1413 554 125 39 Kungl.
1557 554 107 39 Maj:t
1681 554 78 30 där-

250 605 52 30 till
321 605 198 30 förordnar.

294 656 14 29 I
323 656 181 29 motionen
521 655 47 30 II:
583 655 65 30 429
664 655 65 30 har
743 655 209 34 hemställts,
970 656 50 28 att
1035 655 118 30 såsom
1169 654 360 40 utryckningsfordon
1545 656 89 30 även
1649 655 109 30 måtte

249 706 131 30 räknas
402 707 42 29 de
465 706 242 30 motorfordon
728 706 78 29 med
829 705 153 30 särskild
1004 705 214 40 utrustning,
1240 705 95 31 vilka
1358 714 44 21 en
1423 705 55 30 del
1500 705 259 40 spårvägsföre-

249 758 58 38 tag
325 756 92 30 hade
437 757 56 30 för
511 756 125 30 snabbt
656 756 206 40 ingripande
881 756 59 30 vid
959 756 285 40 olyckstillfällen
1263 756 80 30 med
1364 756 214 40 spårvagnar
1600 756 84 30 eller
1703 757 55 30 för

251 807 236 40 avhjälpande
511 816 43 22 av
576 807 96 30 vissa
695 807 301 34 materialskador,
1022 816 76 22 som
1123 807 118 29 kunde
1265 807 161 29 medföra
1453 807 197 39 olycksrisk
1676 807 83 29 eller

251 857 247 31 trafikhinder.
524 858 13 29 I
563 858 180 29 motionen
769 858 65 29 har
859 857 119 31 vidare
1005 857 209 40 föreslagits,
1243 858 50 29 att
1318 857 54 29 till
1397 857 361 39 utryckningsfordon

250 908 106 30 också
375 908 109 30 måtte
502 908 170 30 hänföras
693 909 41 29 de
753 908 273 39 terränggående
1046 908 253 34 motorfordon,
1320 917 76 20 som
1417 909 132 28 statens
1568 908 191 39 järnvägar

251 959 184 30 anskaffat
454 959 55 30 för
528 959 51 29 att
599 958 208 40 möjliggöra
827 960 49 28 ett
897 958 125 30 snabbt
1041 958 207 40 ingripande
1269 958 58 31 vid
1347 958 193 30 inträffade
1560 958 199 30 trafikhän-

250 1009 123 30 delser.

294 1142 188 32 Utskottet.

290 1201 234 30 Företrädena
546 1201 55 29 för
625 1200 357 38 utryckningsfordon
1003 1201 167 30 innebära
1192 1201 209 30 tvivelsutan
1424 1202 46 29 ett
1492 1200 193 37 betydande
1708 1200 51 29 in-

252 1259 106 33 grepp
382 1252 11 29 i
417 1252 171 30 trafikens
615 1253 160 30 normala
798 1252 100 39 gång.
924 1252 77 30 Med
1025 1252 140 39 hänsyn
1188 1252 119 30 härtill
1330 1252 99 30 torde
1454 1253 48 29 ett
1526 1252 129 30 fordon
1677 1251 77 30 icke

249 1302 84 31 böra
358 1303 169 30 hänföras
552 1303 54 29 till
633 1303 114 30 denna
772 1302 158 39 kategori
956 1304 85 29 utan
1067 1302 223 40 synnerligen
1315 1302 157 39 vägande
1499 1302 87 30 skäl.
1615 1302 137 30 Sådana

251 1353 76 30 skäl
350 1362 108 30 synas
478 1353 168 39 föreligga
664 1353 12 29 i
696 1353 98 39 fråga
813 1362 59 21 om
892 1353 41 29 de
953 1352 11 30 i
982 1352 264 40 propositionen
1265 1352 151 39 angivna
1437 1352 182 31 fordonen.
1640 1352 115 30 Emel-

250 1403 104 31 lertid
375 1403 162 31 förefalla
557 1403 167 30 liknande
745 1403 76 30 skäl
841 1403 74 31 tala
934 1403 55 30 för
1011 1405 50 28 att
1082 1404 88 29 även
1190 1403 93 30 vissa
1305 1412 44 21 av
1370 1402 181 40 spårvägs-
1571 1402 66 30 och
1657 1403 98 39 järn-

253 1455 220 39 vägsföretag
500 1454 162 30 använda
688 1454 127 30 fordon
841 1453 134 32 erhålla
1000 1454 40 30 de
1068 1453 210 34 företräden,
1308 1462 77 21 som
1413 1453 89 38 gälla
1529 1452 55 31 för
1612 1453 142 39 utryck-

249 1504 243 41 ningsfordon.
511 1504 66 30 Vid
595 1504 182 40 spårvägs-
795 1504 65 30 och
878 1503 312 40 järnvägsolyckor
1208 1504 149 29 behöves
1377 1503 151 30 särskild
1548 1503 204 39 utrustning

251 1555 64 30 och
334 1555 156 40 speciellt
509 1554 159 31 utbildad
689 1554 162 40 personal
870 1554 56 30 för
944 1555 51 29 att
1013 1554 106 39 nödig
1139 1553 99 41 hjälp
1259 1554 90 30 skall
1369 1553 121 31 kunna
1510 1554 157 29 beredas.
1687 1553 65 30 Det

250 1606 39 30 är
306 1606 123 30 därför
447 1605 223 39 nödvändigt,
690 1606 51 29 att
759 1604 110 31 sådan
888 1604 203 39 utrustning
1110 1604 65 30 och
1194 1604 162 40 personal
1376 1604 125 30 snabbt
1520 1604 160 30 kommer
1699 1603 53 30 till

251 1656 149 40 platsen.
427 1656 51 30 Av
501 1655 182 40 jämförlig
709 1655 74 30 vikt
810 1656 38 29 är
876 1655 67 34 det,
972 1656 51 29 att
1049 1654 208 40 exempelvis
1284 1654 369 40 spårvägsföretagens
1679 1663 75 31 spe-

250 1707 99 30 ciella
380 1707 127 29 fordon
534 1706 54 30 för
615 1705 200 40 reparation
842 1714 44 21 av
912 1704 252 40 luftledningar
1192 1704 36 30 få
1255 1704 184 40 möjlighet
1467 1706 51 29 att
1546 1705 127 30 snabbt
1700 1704 52 30 in-

251 1757 108 39 gripa,
383 1757 39 30 så
444 1758 50 29 att
516 1756 185 39 olycksfall
724 1764 123 31 genom
869 1755 254 39 nedhängande
1146 1754 181 39 ledningar
1350 1755 156 30 hindras.
1529 1754 130 31 Likaså
1681 1755 71 30 kan

252 1808 57 29 det
331 1825 46 3 —
401 1806 142 31 särskilt
565 1806 12 29 i
602 1806 69 30 den
694 1806 73 29 täta
790 1804 330 31 storstadstrafiken
1142 1822 45 4 —
1211 1805 166 30 stundom
1401 1805 217 40 uppkomma
1642 1806 117 38 träng-

251 1858 88 32 ande
359 1858 113 30 behov
491 1867 42 21 av
553 1859 51 28 att
626 1857 209 40 spårvägens
858 1856 259 40 specialfordon
1138 1855 124 31 snabbt
1283 1856 160 30 kommer
1463 1856 53 29 till
1536 1856 140 40 platsen
1697 1856 55 30 för

253 1908 292 40 spårvägsolycka
576 1907 66 30 och
672 1906 217 39 undanröjer
919 1906 229 40 uppkommet
1177 1905 247 37 trafikhinder,
1455 1906 38 30 så
1522 1907 51 29 att
1603 1905 156 31 trafiken

252 1959 75 30 icke
349 1959 58 30 för
427 1959 117 38 längre
567 1958 108 29 stund
697 1958 152 39 stoppas.
872 1956 67 31 Det
962 1965 101 31 synes
1085 1956 30 40 ej
1140 1955 167 40 föreligga
1328 1956 116 39 någon
1465 1956 189 39 anledning
1676 1958 51 28 att
1747 1956 12 29 i

252 2009 137 40 princip
409 2010 82 39 göra
509 2008 153 31 skillnad
682 2008 128 30 mellan
829 2007 182 40 spårvägs-
1029 2007 65 31 och
1111 2007 305 40 järnvägsföretag
1435 2007 81 30 eller
1535 2008 131 30 mellan
1685 2009 69 29 sta-

252 2062 75 27 tens
351 2059 67 30 och
440 2058 156 31 enskilda
617 2058 185 37 järnvägar
825 2057 12 30 i
858 2066 49 21 nu
932 2057 227 30 förevarande
1180 2057 209 30 hänseende.

294 2112 49 30 På
364 2112 114 39 grund
498 2111 107 30 härav
626 2110 56 30 får
702 2110 170 30 utskottet
893 2109 152 35 förorda,
1067 2111 50 29 att
1138 2110 53 29 till
1210 2109 359 40 utryckningsfordon
1590 2110 167 30 hänföres

252 2179 43 3 —
311 2161 159 30 förutom
488 2160 11 29 i
517 2159 262 40 propositionen
797 2159 181 40 upptagna
996 2159 73 39 slag
1088 2168 43 21 av
1149 2158 126 30 fordon
1292 2176 45 3 —
1354 2158 132 39 jämväl
1504 2158 253 34 motorfordon,

253 2220 76 21 som
346 2212 40 29 är
405 2212 111 29 avsett
536 2211 50 29 att
604 2210 180 30 användas
803 2219 43 21 av
864 2209 181 40 spårvägs-
1063 2209 84 30 eller
1166 2208 303 40 järnvägsföretag
1487 2208 56 31 för
1562 2209 196 30 beredande

254 2272 41 20 av
317 2262 101 40 hjälp
440 2262 57 30 vid
518 2261 82 29 eller
624 2261 54 29 till
699 2260 254 30 förhindrande
975 2268 42 21 av
1038 2259 185 40 olycksfall
1246 2260 81 29 eller
1350 2259 53 30 till
1425 2259 269 39 undanröjande
1717 2269 42 20 av

253 2312 248 30 trafikhinder.
