1858 2788
248 141 42 32 40
643 144 118 30 Andra
780 144 245 40 lagutskottets
1043 146 179 31 utlåtande
1239 157 44 20 nr
1309 148 53 30 30.

251 224 135 30 dennas
416 225 240 42 färdriktning
687 227 139 36 räknat,
858 229 125 30 stanna
1014 228 62 31 sitt
1109 230 128 30 fordon
1267 231 76 30 före
1373 231 212 41 hållplatsen
1616 235 56 30 för
1704 236 51 29 att

251 274 120 31 lämna
388 275 176 31 företräde
584 276 36 30 åt
636 277 140 39 gående,
794 286 76 23 som
890 279 119 30 färdas
1028 279 54 30 till
1099 280 82 30 eller
1200 281 82 30 från
1299 281 229 41 spårvagnen.

295 327 20 29 4
334 335 104 22 mom.
458 326 76 30 Vad
555 326 12 29 i
586 327 113 30 denna
717 328 167 40 paragraf
904 329 141 40 stadgas
1065 330 89 30 skall
1175 330 77 31 icke
1272 332 100 40 gälla,
1393 332 45 32 då
1458 335 110 28 annat
1588 334 105 40 följer
1712 344 42 22 av

249 376 313 32 bestämmelserna
576 378 11 30 i
603 377 40 31 41
662 378 28 37 8.

721 479 199 31 Stannande
940 481 65 29 och
1029 482 246 37 uppställning.

951 546 42 32 49
1018 547 29 37 8.

296 594 16 29 1
336 602 104 23 mom.
476 594 141 30 Fordon
638 595 55 30 får
714 595 78 30 icke
814 597 46 40 på
880 598 64 39 väg
968 598 145 30 stannas
1136 598 82 32 eller
1241 600 195 40 uppställas
1457 601 46 41 på
1528 601 111 31 sådan
1661 602 92 41 plats

248 642 86 30 eller
356 643 125 31 sådant
505 645 81 36 sätt,
610 646 51 29 att
684 646 79 30 fara
787 647 146 40 uppstår
956 648 56 29 för
1034 657 127 32 person
1188 649 83 30 eller
1295 650 168 39 egendom
1488 651 83 30 eller
1598 652 155 30 trafiken

248 693 197 40 onödigtvis
462 694 148 31 hindras
630 695 81 31 eller
731 697 123 30 störes.

294 744 201 31 Stannande
518 747 67 30 och
606 746 241 42 uppställning
869 748 88 29 skall
980 748 106 31 såvitt
1107 749 138 40 möjligt
1270 751 61 29 ske
1351 753 46 40 på
1421 753 144 30 vänstra
1588 752 100 31 sidan
1710 762 44 22 av

247 795 112 38 vägen
380 795 11 29 i
410 794 270 41 körriktningen
697 797 140 30 räknat.

292 846 21 29 2
336 855 104 23 mom.
463 846 202 31 Stannande
689 847 83 30 eller
794 849 241 42 uppställning
1056 851 45 40 på
1123 853 64 39 väg
1210 851 57 30 får
1289 851 77 30 icke
1388 854 86 28 utan
1497 854 52 29 att
1571 853 182 32 trafikför-

245 894 213 33 hållandena
479 896 59 30 det
555 897 182 31 föranleda
758 899 64 39 äga
840 907 93 22 rum:

291 945 38 34 a)
359 945 11 30 i
391 946 105 42 skarp
515 947 114 30 kurva
647 947 82 30 eller
748 949 88 30 nära
857 949 109 31 sådan
985 950 83 30 eller
1087 952 46 40 på
1150 951 182 31 backkrön
1351 952 81 32 eller
1451 953 12 29 i
1481 954 171 30 närheten
1674 956 78 30 där-

247 1005 44 21 av
312 996 83 31 eller
414 997 45 41 på
482 1006 119 22 annan
622 998 100 41 plats,
744 999 64 32 där
829 1000 113 30 sikten
964 1001 40 30 är
1025 1002 141 39 skymd;

292 1045 40 35 b)
361 1046 57 30 vid
443 1047 237 42 vägkorsning
706 1048 98 31 inom
834 1051 48 29 ett
908 1051 149 30 avstånd
1085 1060 43 24 av
1159 1052 39 30 10
1225 1054 111 29 meter
1362 1053 81 31 från
1470 1055 176 30 korsande
1672 1056 80 30 kör-

245 1096 112 30 banas
379 1098 178 29 närmaste
577 1099 194 39 ytterkant;

292 1146 35 35 c)
357 1147 149 31 framför
525 1149 198 39 vägmärke,
745 1151 39 30 så
807 1152 52 28 att
877 1151 94 30 detta
992 1152 193 39 skymmes;

290 1196 40 35 d)
360 1199 44 38 på
423 1198 126 40 tydligt
572 1199 177 31 markerat
772 1201 293 39 övergångsställe
1086 1203 55 30 för
1163 1203 132 40 gående
1318 1205 82 29 eller
1419 1205 98 32 inom
1538 1208 50 28 ett
1609 1207 142 30 område

245 1256 44 23 av
315 1247 40 31 10
376 1250 108 28 meter
506 1249 77 30 före
605 1250 322 40 övergångsstället;

291 1298 36 35 e)
356 1298 95 32 inom
475 1300 154 30 särskild
653 1300 245 43 filmarkering
922 1302 82 30 eller
1029 1305 40 30 så
1094 1304 85 30 nära
1204 1304 121 37 sådan,
1354 1307 51 29 att
1429 1306 192 42 inkörning
1645 1308 10 29 i
1681 1309 70 29 rätt

245 1348 42 30 fil
309 1349 202 39 därigenom
533 1351 188 30 försvåras.

290 1400 21 30 3
329 1408 104 24 mom.
452 1400 195 42 Parkering
664 1403 45 40 på
725 1404 66 39 väg
811 1403 56 30 får
885 1404 30 40 ej
937 1404 77 30 ske:

289 1449 38 34 a)
357 1450 63 29 där
440 1451 190 41 parkering
648 1451 147 31 hindrar
815 1453 110 30 andra
944 1454 128 30 fordon
1091 1457 51 28 att
1161 1455 78 31 fritt
1260 1456 144 31 komma
1422 1457 108 36 förbi;

289 1499 40 35 b)
358 1499 57 31 vid
440 1501 333 42 spårvägshållplats
801 1503 83 30 eller
908 1505 45 40 på
977 1506 185 38 utrymme,
1189 1508 114 29 avsett
1327 1508 55 30 för
1410 1508 111 32 trafik
1547 1509 80 30 med
1654 1509 95 41 spår-

244 1557 107 32 vagn;

289 1600 35 34 c)
354 1600 57 31 vid
432 1601 252 42 busshållplats
708 1603 97 32 inom
831 1606 49 28 ett
901 1605 142 31 område
1068 1615 42 23 av
1133 1606 39 30 10
1195 1609 111 28 meter
1328 1609 45 41 på
1395 1609 148 30 vardera
1566 1609 101 31 sidan
1691 1621 58 21 om

243 1651 278 40 hållplatsskylt:

290 1702 40 34 d)
351 1702 44 40 på
410 1703 126 40 tydligt
552 1704 186 31 markerad
752 1705 93 40 plats
862 1706 54 30 för
931 1707 240 31 droskstation
1186 1709 81 30 med
1280 1711 111 29 annat
1406 1709 128 32 fordon
1550 1712 45 30 än
1612 1711 135 36 sådant,

242 1752 56 29 för
318 1752 107 31 vilket
444 1753 177 30 stationen
640 1755 38 29 är
700 1755 145 36 avsedd;

288 1801 35 35 e)
352 1802 45 40 på
413 1804 62 30 bro
495 1803 84 30 eller
597 1804 146 31 viadukt
762 1806 83 29 eller
863 1806 12 29 i
892 1808 145 39 vägport
1059 1808 82 29 eller
1160 1809 250 36 trafiktunnel;

288 1852 32 34 f)
350 1852 149 32 framför
526 1854 132 42 ingång
684 1855 82 31 eller
792 1856 111 31 infart
929 1857 53 30 till
1011 1858 177 40 fastighet,
1215 1870 59 21 om
1302 1868 145 32 passage
1474 1861 54 30 till
1555 1862 83 29 eller
1667 1862 81 31 från

241 1903 213 40 fastigheten
476 1905 203 40 därigenom
701 1906 210 40 obehörigen
927 1907 148 32 hindras
1098 1909 83 30 eller
1203 1911 122 30 störes.

285 1954 21 30 4
323 1962 105 23 mom.
449 1954 130 30 Förare
597 1955 99 36 skall,
715 1956 46 32 då
779 1957 128 30 fordon
928 1959 161 30 stannats
1106 1961 46 40 på
1168 1962 75 39 väg,
1262 1960 140 40 vidtaga
1421 1962 133 30 sådana
1575 1963 171 39 åtgärder,

239 2004 52 28 att
311 2002 161 32 fordonet
490 2004 148 31 hindras
656 2007 51 29 att
725 2007 145 30 komma
890 2008 11 29 i
921 2008 89 40 gång
1030 2018 44 22 av
1094 2009 52 40 sig
1165 2010 117 39 självt.

282 2053 183 41 Förspänd
484 2055 147 40 dragare
654 2056 55 31 får
731 2057 30 39 ej
785 2059 87 28 utan
894 2058 206 41 erforderlig
1120 2060 121 40 tillsyn
1262 2061 136 30 lämnas
1418 2062 165 31 obunden
1604 2065 45 40 på
1671 2064 74 39 väg.

282 2104 228 31 Beträffande
530 2105 183 42 belysning
733 2109 46 40 på
801 2108 137 35 fordon,
959 2118 76 22 som
1057 2110 111 30 under
1187 2111 143 30 mörker
1351 2113 38 29 är
1411 2113 171 40 uppställt
1601 2116 46 40 på
1670 2115 75 38 väg,

240 2156 109 39 gäller
365 2157 65 30 vad
447 2157 124 30 därom
588 2158 139 40 stadgas
743 2159 12 29 i
774 2159 39 30 51
835 2159 28 37 8.

789 2277 136 30 Tecken
945 2278 64 29 och
1030 2279 159 35 signaler.

941 2343 42 32 50
1007 2344 29 37 8.

285 2389 16 29 1
322 2398 105 22 mom.
444 2390 53 31 Då
514 2391 40 30 så
570 2391 12 29 i
601 2391 143 31 särskilt
762 2393 65 30 fall
846 2393 176 31 erfordras
1042 2394 54 30 till
1112 2395 258 40 förebyggande
1387 2406 43 22 av
1447 2397 79 31 fara
1544 2398 56 31 för
1617 2408 127 30 person

235 2438 85 31 eller
344 2440 178 40 egendom,
545 2441 91 31 skall
657 2442 116 30 förare
796 2452 44 22 av
863 2444 127 30 fordon
1011 2451 125 32 genom
1160 2445 93 40 ljud-
1277 2446 83 30 eller
1381 2446 188 41 ljussignal
1592 2448 83 31 eller
1698 2449 44 40 på

238 2492 110 29 annat
371 2491 159 41 lämpligt
556 2493 68 30 sätt
648 2494 109 30 väcka
782 2494 111 31 andra
915 2494 230 32 trafikanters
1169 2497 325 40 uppmärksamhet.
