<?xml version="1.0" encoding="UTF-8"?>
<alto xmlns="http://www.loc.gov/standards/alto/ns-v3#" xmlns:xlink="http://www.w3.org/1999/xlink" xmlns:xsi="http://www.w3.org/2001/XMLSchema-instance" xsi:schemaLocation="http://www.loc.gov/standards/alto/ns-v3# http://www.loc.gov/alto/v3/alto-3-0.xsd">
	<Description>
		<MeasurementUnit>pixel</MeasurementUnit>
		<sourceImageInformation>
			<fileName>/tmp/tess_1cgrqbza_input.PNG</fileName>
		</sourceImageInformation>
		<OCRProcessing ID="OCR_0">
			<ocrProcessingStep>
				<processingSoftware>
					<softwareName>tesseract 5.3.0</softwareName>
				</processingSoftware>
			</ocrProcessingStep>
		</OCRProcessing>
	</Description>
	<Layout>
		<Page WIDTH="1862" HEIGHT="2794" PHYSICAL_IMG_NR="0" ID="page_0">
			<PrintSpace HPOS="0" VPOS="0" WIDTH="1862" HEIGHT="2794">
				<ComposedBlock ID="cblock_0" HPOS="504" VPOS="153" WIDTH="1116" HEIGHT="44">
					<TextBlock ID="block_0" HPOS="504" VPOS="153" WIDTH="1116" HEIGHT="44">
						<TextLine ID="line_0" HPOS="504" VPOS="153" WIDTH="1116" HEIGHT="44">
							<String ID="string_0" HPOS="504" VPOS="157" WIDTH="118" HEIGHT="30" WC="0.93" CONTENT="Andra"/><SP WIDTH="18" VPOS="157" HPOS="622"/>
							<String ID="string_1" HPOS="640" VPOS="156" WIDTH="246" HEIGHT="41" WC="0.91" CONTENT="lagutskottets"/><SP WIDTH="18" VPOS="156" HPOS="886"/>
							<String ID="string_2" HPOS="904" VPOS="156" WIDTH="180" HEIGHT="30" WC="0.96" CONTENT="utlåtande"/><SP WIDTH="18" VPOS="156" HPOS="1084"/>
							<String ID="string_3" HPOS="1102" VPOS="165" WIDTH="42" HEIGHT="20" WC="0.96" CONTENT="nr"/><SP WIDTH="27" VPOS="165" HPOS="1144"/>
							<String ID="string_4" HPOS="1171" VPOS="155" WIDTH="53" HEIGHT="31" WC="0.94" CONTENT="30."/><SP WIDTH="355" VPOS="155" HPOS="1224"/>
							<String ID="string_5" HPOS="1579" VPOS="153" WIDTH="41" HEIGHT="32" WC="0.93" CONTENT="23"/>
						</TextLine>
					</TextBlock>
				</ComposedBlock>
				<ComposedBlock ID="cblock_1" HPOS="108" VPOS="290" WIDTH="1521" HEIGHT="2237">
					<TextBlock ID="block_1" HPOS="108" VPOS="290" WIDTH="1513" HEIGHT="158">
						<TextLine ID="line_1" HPOS="108" VPOS="290" WIDTH="1513" HEIGHT="46">
							<String ID="string_6" HPOS="108" VPOS="295" WIDTH="21" HEIGHT="32" WC="0.96" CONTENT="6"/><SP WIDTH="23" VPOS="295" HPOS="129"/>
							<String ID="string_7" HPOS="152" VPOS="295" WIDTH="83" HEIGHT="41" WC="0.95" CONTENT="kap."/><SP WIDTH="44" VPOS="295" HPOS="235"/>
							<String ID="string_8" HPOS="279" VPOS="293" WIDTH="192" HEIGHT="35" WC="0.62" CONTENT="Särskilda"/><SP WIDTH="34" VPOS="293" HPOS="471"/>
							<String ID="string_9" HPOS="505" VPOS="294" WIDTH="281" HEIGHT="32" WC="0.95" CONTENT="bestämmelser"/><SP WIDTH="33" VPOS="294" HPOS="786"/>
							<String ID="string_10" HPOS="819" VPOS="302" WIDTH="58" HEIGHT="23" WC="0.95" CONTENT="om"/><SP WIDTH="35" VPOS="302" HPOS="877"/>
							<String ID="string_11" HPOS="912" VPOS="292" WIDTH="256" HEIGHT="33" WC="0.95" CONTENT="motorfordon"/><SP WIDTH="29" VPOS="292" HPOS="1168"/>
							<String ID="string_12" HPOS="1197" VPOS="292" WIDTH="68" HEIGHT="33" WC="0.96" CONTENT="och"/><SP WIDTH="24" VPOS="292" HPOS="1265"/>
							<String ID="string_13" HPOS="1289" VPOS="290" WIDTH="230" HEIGHT="42" WC="0.96" CONTENT="släpfordon,"/><SP WIDTH="24" VPOS="290" HPOS="1519"/>
							<String ID="string_14" HPOS="1543" VPOS="299" WIDTH="78" HEIGHT="25" WC="0.96" CONTENT="som"/>
						</TextLine>
						<TextLine ID="line_2" HPOS="220" VPOS="342" WIDTH="1295" HEIGHT="40">
							<String ID="string_15" HPOS="220" VPOS="345" WIDTH="86" HEIGHT="32" WC="0.96" CONTENT="från"/><SP WIDTH="22" VPOS="345" HPOS="306"/>
							<String ID="string_16" HPOS="328" VPOS="345" WIDTH="173" HEIGHT="32" WC="0.95" CONTENT="utlandet"/><SP WIDTH="22" VPOS="345" HPOS="501"/>
							<String ID="string_17" HPOS="523" VPOS="345" WIDTH="139" HEIGHT="32" WC="0.96" CONTENT="införts"/><SP WIDTH="23" VPOS="345" HPOS="662"/>
							<String ID="string_18" HPOS="685" VPOS="345" WIDTH="14" HEIGHT="31" WC="0.96" CONTENT="i"/><SP WIDTH="23" VPOS="345" HPOS="699"/>
							<String ID="string_19" HPOS="722" VPOS="344" WIDTH="101" HEIGHT="33" WC="0.96" CONTENT="riket"/><SP WIDTH="23" VPOS="344" HPOS="823"/>
							<String ID="string_20" HPOS="846" VPOS="344" WIDTH="60" HEIGHT="32" WC="0.96" CONTENT="för"/><SP WIDTH="18" VPOS="344" HPOS="906"/>
							<String ID="string_21" HPOS="924" VPOS="344" WIDTH="57" HEIGHT="32" WC="0.96" CONTENT="att"/><SP WIDTH="22" VPOS="344" HPOS="981"/>
							<String ID="string_22" HPOS="1003" VPOS="343" WIDTH="250" HEIGHT="39" WC="0.96" CONTENT="tillfälligtvis"/><SP WIDTH="22" VPOS="343" HPOS="1253"/>
							<String ID="string_23" HPOS="1275" VPOS="342" WIDTH="69" HEIGHT="32" WC="0.96" CONTENT="här"/><SP WIDTH="23" VPOS="342" HPOS="1344"/>
							<String ID="string_24" HPOS="1367" VPOS="342" WIDTH="148" HEIGHT="31" WC="0.96" CONTENT="brukas."/>
						</TextLine>
						<TextLine ID="line_3" HPOS="819" VPOS="410" WIDTH="90" HEIGHT="38">
							<String ID="string_25" HPOS="819" VPOS="410" WIDTH="90" HEIGHT="38" WC="0.82" CONTENT="278."/>
						</TextLine>
					</TextBlock>
					<TextBlock ID="block_2" HPOS="115" VPOS="465" WIDTH="1504" HEIGHT="196">
						<TextLine ID="line_4" HPOS="161" VPOS="465" WIDTH="1456" HEIGHT="45">
							<String ID="string_26" HPOS="161" VPOS="472" WIDTH="15" HEIGHT="28" WC="0.95" CONTENT="1"/><SP WIDTH="24" VPOS="472" HPOS="176"/>
							<String ID="string_27" HPOS="200" VPOS="480" WIDTH="107" HEIGHT="21" WC="0.95" CONTENT="mom."/><SP WIDTH="22" VPOS="480" HPOS="307"/>
							<String ID="string_28" HPOS="329" VPOS="470" WIDTH="189" HEIGHT="40" WC="0.94" CONTENT="Angående"/><SP WIDTH="20" VPOS="470" HPOS="518"/>
							<String ID="string_29" HPOS="538" VPOS="471" WIDTH="70" HEIGHT="30" WC="0.94" CONTENT="rätt"/><SP WIDTH="26" VPOS="471" HPOS="608"/>
							<String ID="string_30" HPOS="634" VPOS="471" WIDTH="60" HEIGHT="34" WC="0.96" CONTENT="att,"/><SP WIDTH="23" VPOS="471" HPOS="694"/>
							<String ID="string_31" HPOS="717" VPOS="472" WIDTH="87" HEIGHT="28" WC="0.97" CONTENT="utan"/><SP WIDTH="21" VPOS="472" HPOS="804"/>
							<String ID="string_32" HPOS="825" VPOS="470" WIDTH="125" HEIGHT="30" WC="0.96" CONTENT="hinder"/><SP WIDTH="22" VPOS="470" HPOS="950"/>
							<String ID="string_33" HPOS="972" VPOS="479" WIDTH="42" HEIGHT="21" WC="0.96" CONTENT="av"/><SP WIDTH="21" VPOS="479" HPOS="1014"/>
							<String ID="string_34" HPOS="1035" VPOS="470" WIDTH="66" HEIGHT="30" WC="0.96" CONTENT="vad"/><SP WIDTH="21" VPOS="470" HPOS="1101"/>
							<String ID="string_35" HPOS="1122" VPOS="469" WIDTH="12" HEIGHT="30" WC="0.96" CONTENT="i"/><SP WIDTH="23" VPOS="469" HPOS="1134"/>
							<String ID="string_36" HPOS="1157" VPOS="469" WIDTH="38" HEIGHT="30" WC="0.92" CONTENT="11"/><SP WIDTH="27" VPOS="469" HPOS="1195"/>
							<String ID="string_37" HPOS="1222" VPOS="468" WIDTH="15" HEIGHT="37" WC="0.87" CONTENT="$"/><SP WIDTH="26" VPOS="468" HPOS="1237"/>
							<String ID="string_38" HPOS="1263" VPOS="468" WIDTH="150" HEIGHT="39" WC="0.96" CONTENT="stadgas,"/><SP WIDTH="23" VPOS="468" HPOS="1413"/>
							<String ID="string_39" HPOS="1436" VPOS="467" WIDTH="46" HEIGHT="41" WC="0.96" CONTENT="på"/><SP WIDTH="23" VPOS="467" HPOS="1482"/>
							<String ID="string_40" HPOS="1505" VPOS="465" WIDTH="112" HEIGHT="41" WC="0.96" CONTENT="grund"/>
						</TextLine>
						<TextLine ID="line_5" HPOS="115" VPOS="517" WIDTH="1503" HEIGHT="43">
							<String ID="string_41" HPOS="115" VPOS="532" WIDTH="42" HEIGHT="20" WC="0.96" CONTENT="av"/><SP WIDTH="22" VPOS="532" HPOS="157"/>
							<String ID="string_42" HPOS="179" VPOS="521" WIDTH="284" HEIGHT="31" WC="0.96" CONTENT="internationella"/><SP WIDTH="22" VPOS="521" HPOS="463"/>
							<String ID="string_43" HPOS="485" VPOS="520" WIDTH="359" HEIGHT="31" WC="0.96" CONTENT="överenskommelser"/><SP WIDTH="22" VPOS="520" HPOS="844"/>
							<String ID="string_44" HPOS="866" VPOS="520" WIDTH="83" HEIGHT="30" WC="0.96" CONTENT="eller"/><SP WIDTH="22" VPOS="520" HPOS="949"/>
							<String ID="string_45" HPOS="971" VPOS="519" WIDTH="101" HEIGHT="41" WC="0.96" CONTENT="eljest"/><SP WIDTH="21" VPOS="519" HPOS="1072"/>
							<String ID="string_46" HPOS="1093" VPOS="519" WIDTH="12" HEIGHT="30" WC="0.96" CONTENT="i"/><SP WIDTH="23" VPOS="519" HPOS="1105"/>
							<String ID="string_47" HPOS="1128" VPOS="519" WIDTH="174" HEIGHT="31" WC="0.96" CONTENT="särskilda"/><SP WIDTH="22" VPOS="519" HPOS="1302"/>
							<String ID="string_48" HPOS="1324" VPOS="518" WIDTH="62" HEIGHT="31" WC="0.96" CONTENT="fall"/><SP WIDTH="22" VPOS="518" HPOS="1386"/>
							<String ID="string_49" HPOS="1408" VPOS="518" WIDTH="66" HEIGHT="30" WC="0.96" CONTENT="här"/><SP WIDTH="21" VPOS="518" HPOS="1474"/>
							<String ID="string_50" HPOS="1495" VPOS="518" WIDTH="12" HEIGHT="30" WC="0.96" CONTENT="i"/><SP WIDTH="20" VPOS="518" HPOS="1507"/>
							<String ID="string_51" HPOS="1527" VPOS="517" WIDTH="91" HEIGHT="30" WC="0.96" CONTENT="riket"/>
						</TextLine>
						<TextLine ID="line_6" HPOS="115" VPOS="567" WIDTH="1504" HEIGHT="45">
							<String ID="string_52" HPOS="115" VPOS="572" WIDTH="170" HEIGHT="40" WC="0.96" CONTENT="tillfälligt"/><SP WIDTH="25" VPOS="572" HPOS="285"/>
							<String ID="string_53" HPOS="310" VPOS="572" WIDTH="113" HEIGHT="30" WC="0.96" CONTENT="bruka"/><SP WIDTH="27" VPOS="572" HPOS="423"/>
							<String ID="string_54" HPOS="450" VPOS="572" WIDTH="11" HEIGHT="30" WC="0.95" CONTENT="i"/><SP WIDTH="26" VPOS="572" HPOS="461"/>
							<String ID="string_55" HPOS="487" VPOS="572" WIDTH="158" HEIGHT="30" WC="0.95" CONTENT="utlandet"/><SP WIDTH="27" VPOS="572" HPOS="645"/>
							<String ID="string_56" HPOS="672" VPOS="571" WIDTH="202" HEIGHT="40" WC="0.96" CONTENT="registrerat"/><SP WIDTH="26" VPOS="571" HPOS="874"/>
							<String ID="string_57" HPOS="900" VPOS="570" WIDTH="243" HEIGHT="32" WC="0.96" CONTENT="motorfordon"/><SP WIDTH="25" VPOS="570" HPOS="1143"/>
							<String ID="string_58" HPOS="1168" VPOS="569" WIDTH="84" HEIGHT="31" WC="0.96" CONTENT="eller"/><SP WIDTH="28" VPOS="569" HPOS="1252"/>
							<String ID="string_59" HPOS="1280" VPOS="569" WIDTH="205" HEIGHT="40" WC="0.95" CONTENT="släpfordon"/><SP WIDTH="28" VPOS="569" HPOS="1485"/>
							<String ID="string_60" HPOS="1513" VPOS="567" WIDTH="106" HEIGHT="41" WC="0.95" CONTENT="gäller"/>
						</TextLine>
						<TextLine ID="line_7" HPOS="115" VPOS="621" WIDTH="641" HEIGHT="40">
							<String ID="string_61" HPOS="115" VPOS="623" WIDTH="66" HEIGHT="30" WC="0.96" CONTENT="vad"/><SP WIDTH="20" VPOS="623" HPOS="181"/>
							<String ID="string_62" HPOS="201" VPOS="623" WIDTH="195" HEIGHT="38" WC="0.96" CONTENT="Konungen"/><SP WIDTH="20" VPOS="623" HPOS="396"/>
							<String ID="string_63" HPOS="416" VPOS="623" WIDTH="123" HEIGHT="29" WC="0.96" CONTENT="därom"/><SP WIDTH="20" VPOS="623" HPOS="539"/>
							<String ID="string_64" HPOS="559" VPOS="621" WIDTH="197" HEIGHT="31" WC="0.96" CONTENT="förordnar."/>
						</TextLine>
					</TextBlock>
					<TextBlock ID="block_3" HPOS="113" VPOS="667" WIDTH="1507" HEIGHT="196">
						<TextLine ID="line_8" HPOS="159" VPOS="667" WIDTH="1461" HEIGHT="40">
							<String ID="string_65" HPOS="159" VPOS="674" WIDTH="20" HEIGHT="29" WC="0.96" CONTENT="2"/><SP WIDTH="19" VPOS="674" HPOS="179"/>
							<String ID="string_66" HPOS="198" VPOS="681" WIDTH="107" HEIGHT="22" WC="0.96" CONTENT="mom."/><SP WIDTH="21" VPOS="681" HPOS="305"/>
							<String ID="string_67" HPOS="326" VPOS="672" WIDTH="82" HEIGHT="35" WC="0.96" CONTENT="Har,"/><SP WIDTH="19" VPOS="672" HPOS="408"/>
							<String ID="string_68" HPOS="427" VPOS="672" WIDTH="13" HEIGHT="30" WC="0.96" CONTENT="i"/><SP WIDTH="19" VPOS="672" HPOS="440"/>
							<String ID="string_69" HPOS="459" VPOS="673" WIDTH="108" HEIGHT="28" WC="0.95" CONTENT="annat"/><SP WIDTH="19" VPOS="673" HPOS="567"/>
							<String ID="string_70" HPOS="586" VPOS="671" WIDTH="63" HEIGHT="30" WC="0.95" CONTENT="fall"/><SP WIDTH="21" VPOS="671" HPOS="649"/>
							<String ID="string_71" HPOS="670" VPOS="673" WIDTH="45" HEIGHT="28" WC="0.96" CONTENT="än"/><SP WIDTH="22" VPOS="673" HPOS="715"/>
							<String ID="string_72" HPOS="737" VPOS="681" WIDTH="75" HEIGHT="21" WC="0.96" CONTENT="som"/><SP WIDTH="20" VPOS="681" HPOS="812"/>
							<String ID="string_73" HPOS="832" VPOS="679" WIDTH="98" HEIGHT="22" WC="0.95" CONTENT="avses"/><SP WIDTH="20" VPOS="679" HPOS="930"/>
							<String ID="string_74" HPOS="950" VPOS="671" WIDTH="13" HEIGHT="30" WC="0.96" CONTENT="i"/><SP WIDTH="33" VPOS="671" HPOS="963"/>
							<String ID="string_75" HPOS="996" VPOS="671" WIDTH="4" HEIGHT="30" WC="0.61" CONTENT="1"/><SP WIDTH="22" VPOS="671" HPOS="1000"/>
							<String ID="string_76" HPOS="1022" VPOS="679" WIDTH="116" HEIGHT="26" WC="0.90" CONTENT="mom.,"/><SP WIDTH="20" VPOS="679" HPOS="1138"/>
							<String ID="string_77" HPOS="1158" VPOS="670" WIDTH="245" HEIGHT="30" WC="0.96" CONTENT="motorfordon"/><SP WIDTH="21" VPOS="670" HPOS="1403"/>
							<String ID="string_78" HPOS="1424" VPOS="668" WIDTH="83" HEIGHT="31" WC="0.92" CONTENT="eller"/><SP WIDTH="23" VPOS="668" HPOS="1507"/>
							<String ID="string_79" HPOS="1530" VPOS="667" WIDTH="90" HEIGHT="40" WC="0.91" CONTENT="släp-"/>
						</TextLine>
						<TextLine ID="line_9" HPOS="116" VPOS="718" WIDTH="1504" HEIGHT="44">
							<String ID="string_80" HPOS="116" VPOS="724" WIDTH="127" HEIGHT="30" WC="0.95" CONTENT="fordon"/><SP WIDTH="24" VPOS="724" HPOS="243"/>
							<String ID="string_81" HPOS="267" VPOS="723" WIDTH="55" HEIGHT="30" WC="0.95" CONTENT="för"/><SP WIDTH="21" VPOS="723" HPOS="322"/>
							<String ID="string_82" HPOS="343" VPOS="723" WIDTH="170" HEIGHT="39" WC="0.96" CONTENT="tillfälligt"/><SP WIDTH="22" VPOS="723" HPOS="513"/>
							<String ID="string_83" HPOS="535" VPOS="722" WIDTH="182" HEIGHT="31" WC="0.96" CONTENT="brukande"/><SP WIDTH="22" VPOS="722" HPOS="717"/>
							<String ID="string_84" HPOS="739" VPOS="723" WIDTH="129" HEIGHT="29" WC="0.96" CONTENT="införts"/><SP WIDTH="22" VPOS="723" HPOS="868"/>
							<String ID="string_85" HPOS="890" VPOS="722" WIDTH="54" HEIGHT="30" WC="0.95" CONTENT="till"/><SP WIDTH="22" VPOS="722" HPOS="944"/>
							<String ID="string_86" HPOS="966" VPOS="720" WIDTH="91" HEIGHT="31" WC="0.96" CONTENT="riket"/><SP WIDTH="23" VPOS="720" HPOS="1057"/>
							<String ID="string_87" HPOS="1080" VPOS="731" WIDTH="42" HEIGHT="21" WC="0.96" CONTENT="av"/><SP WIDTH="23" VPOS="731" HPOS="1122"/>
							<String ID="string_88" HPOS="1145" VPOS="730" WIDTH="139" HEIGHT="30" WC="0.95" CONTENT="person,"/><SP WIDTH="25" VPOS="730" HPOS="1284"/>
							<String ID="string_89" HPOS="1309" VPOS="729" WIDTH="75" HEIGHT="21" WC="0.95" CONTENT="som"/><SP WIDTH="23" VPOS="729" HPOS="1384"/>
							<String ID="string_90" HPOS="1407" VPOS="720" WIDTH="123" HEIGHT="30" WC="0.93" CONTENT="endast"/><SP WIDTH="21" VPOS="720" HPOS="1530"/>
							<String ID="string_91" HPOS="1551" VPOS="718" WIDTH="69" HEIGHT="31" WC="0.92" CONTENT="till-"/>
						</TextLine>
						<TextLine ID="line_10" HPOS="116" VPOS="769" WIDTH="1504" HEIGHT="45">
							<String ID="string_92" HPOS="116" VPOS="774" WIDTH="169" HEIGHT="40" WC="0.91" CONTENT="fälligtvis"/><SP WIDTH="22" VPOS="774" HPOS="285"/>
							<String ID="string_93" HPOS="307" VPOS="774" WIDTH="88" HEIGHT="30" WC="0.95" CONTENT="skall"/><SP WIDTH="20" VPOS="774" HPOS="395"/>
							<String ID="string_94" HPOS="415" VPOS="773" WIDTH="109" HEIGHT="31" WC="0.96" CONTENT="vistas"/><SP WIDTH="20" VPOS="773" HPOS="524"/>
							<String ID="string_95" HPOS="544" VPOS="773" WIDTH="74" HEIGHT="35" WC="0.96" CONTENT="här,"/><SP WIDTH="20" VPOS="773" HPOS="618"/>
							<String ID="string_96" HPOS="638" VPOS="773" WIDTH="68" HEIGHT="34" WC="0.96" CONTENT="må,"/><SP WIDTH="21" VPOS="773" HPOS="706"/>
							<String ID="string_97" HPOS="727" VPOS="775" WIDTH="88" HEIGHT="28" WC="0.96" CONTENT="utan"/><SP WIDTH="19" VPOS="775" HPOS="815"/>
							<String ID="string_98" HPOS="834" VPOS="772" WIDTH="125" HEIGHT="31" WC="0.96" CONTENT="hinder"/><SP WIDTH="21" VPOS="772" HPOS="959"/>
							<String ID="string_99" HPOS="980" VPOS="781" WIDTH="42" HEIGHT="21" WC="0.95" CONTENT="av"/><SP WIDTH="19" VPOS="781" HPOS="1022"/>
							<String ID="string_100" HPOS="1041" VPOS="772" WIDTH="66" HEIGHT="30" WC="0.95" CONTENT="vad"/><SP WIDTH="20" VPOS="772" HPOS="1107"/>
							<String ID="string_101" HPOS="1127" VPOS="771" WIDTH="11" HEIGHT="30" WC="0.96" CONTENT="i"/><SP WIDTH="23" VPOS="771" HPOS="1138"/>
							<String ID="string_102" HPOS="1161" VPOS="771" WIDTH="37" HEIGHT="30" WC="0.96" CONTENT="11"/><SP WIDTH="25" VPOS="771" HPOS="1198"/>
							<String ID="string_103" HPOS="1223" VPOS="770" WIDTH="16" HEIGHT="37" WC="0.68" CONTENT="$"/><SP WIDTH="23" VPOS="770" HPOS="1239"/>
							<String ID="string_104" HPOS="1262" VPOS="771" WIDTH="150" HEIGHT="38" WC="0.93" CONTENT="stadgas,"/><SP WIDTH="21" VPOS="771" HPOS="1412"/>
							<String ID="string_105" HPOS="1433" VPOS="769" WIDTH="187" HEIGHT="31" WC="0.91" CONTENT="motorfor-"/>
						</TextLine>
						<TextLine ID="line_11" HPOS="113" VPOS="821" WIDTH="1294" HEIGHT="42">
							<String ID="string_106" HPOS="113" VPOS="824" WIDTH="104" HEIGHT="30" WC="0.91" CONTENT="donet"/><SP WIDTH="22" VPOS="824" HPOS="217"/>
							<String ID="string_107" HPOS="239" VPOS="824" WIDTH="131" HEIGHT="30" WC="0.96" CONTENT="brukas"/><SP WIDTH="22" VPOS="824" HPOS="370"/>
							<String ID="string_108" HPOS="392" VPOS="824" WIDTH="65" HEIGHT="30" WC="0.93" CONTENT="och"/><SP WIDTH="22" VPOS="824" HPOS="457"/>
							<String ID="string_109" HPOS="479" VPOS="823" WIDTH="240" HEIGHT="40" WC="0.92" CONTENT="släpfordonet"/><SP WIDTH="21" VPOS="823" HPOS="719"/>
							<String ID="string_110" HPOS="740" VPOS="824" WIDTH="126" HEIGHT="38" WC="0.92" CONTENT="dragas"/><SP WIDTH="21" VPOS="824" HPOS="866"/>
							<String ID="string_111" HPOS="887" VPOS="832" WIDTH="43" HEIGHT="21" WC="0.96" CONTENT="av"/><SP WIDTH="20" VPOS="832" HPOS="930"/>
							<String ID="string_112" HPOS="950" VPOS="822" WIDTH="48" HEIGHT="31" WC="0.96" CONTENT="bil"/><SP WIDTH="20" VPOS="822" HPOS="998"/>
							<String ID="string_113" HPOS="1018" VPOS="822" WIDTH="112" HEIGHT="30" WC="0.96" CONTENT="under"/><SP WIDTH="21" VPOS="822" HPOS="1130"/>
							<String ID="string_114" HPOS="1151" VPOS="821" WIDTH="256" HEIGHT="39" WC="0.96" CONTENT="förutsättning"/>
						</TextLine>
					</TextBlock>
					<TextBlock ID="block_4" HPOS="116" VPOS="871" WIDTH="1505" HEIGHT="89">
						<TextLine ID="line_12" HPOS="162" VPOS="871" WIDTH="1459" HEIGHT="41">
							<String ID="string_115" HPOS="162" VPOS="876" WIDTH="28" HEIGHT="29" WC="0.94" CONTENT="1."/><SP WIDTH="25" VPOS="876" HPOS="190"/>
							<String ID="string_116" HPOS="215" VPOS="876" WIDTH="52" HEIGHT="30" WC="0.96" CONTENT="att"/><SP WIDTH="22" VPOS="876" HPOS="267"/>
							<String ID="string_117" HPOS="289" VPOS="874" WIDTH="119" HEIGHT="31" WC="0.96" CONTENT="härtill"/><SP WIDTH="22" VPOS="874" HPOS="408"/>
							<String ID="string_118" HPOS="430" VPOS="875" WIDTH="194" HEIGHT="30" WC="0.96" CONTENT="meddelats"/><SP WIDTH="21" VPOS="875" HPOS="624"/>
							<String ID="string_119" HPOS="645" VPOS="873" WIDTH="161" HEIGHT="31" WC="0.93" CONTENT="tillstånd"/><SP WIDTH="26" VPOS="873" HPOS="806"/>
							<String ID="string_120" HPOS="832" VPOS="872" WIDTH="361" HEIGHT="40" WC="0.91" CONTENT="(turistvagnslicens)"/><SP WIDTH="27" VPOS="872" HPOS="1193"/>
							<String ID="string_121" HPOS="1220" VPOS="871" WIDTH="108" HEIGHT="40" WC="0.96" CONTENT="enligt"/><SP WIDTH="23" VPOS="871" HPOS="1328"/>
							<String ID="string_122" HPOS="1351" VPOS="871" WIDTH="270" HEIGHT="31" WC="0.96" CONTENT="föreskrifterna"/>
						</TextLine>
						<TextLine ID="line_13" HPOS="116" VPOS="926" WIDTH="204" HEIGHT="34">
							<String ID="string_123" HPOS="116" VPOS="926" WIDTH="56" HEIGHT="30" WC="0.62" CONTENT="14"/><SP WIDTH="25" VPOS="926" HPOS="172"/>
							<String ID="string_124" HPOS="197" VPOS="934" WIDTH="123" HEIGHT="26" WC="0.88" CONTENT="mom.;"/>
						</TextLine>
					</TextBlock>
					<TextBlock ID="block_5" HPOS="117" VPOS="971" WIDTH="1501" HEIGHT="90">
						<TextLine ID="line_14" HPOS="158" VPOS="971" WIDTH="1460" HEIGHT="45">
							<String ID="string_125" HPOS="158" VPOS="977" WIDTH="29" HEIGHT="31" WC="0.96" CONTENT="2."/><SP WIDTH="19" VPOS="977" HPOS="187"/>
							<String ID="string_126" HPOS="206" VPOS="976" WIDTH="63" HEIGHT="36" WC="0.95" CONTENT="att,"/><SP WIDTH="21" VPOS="976" HPOS="269"/>
							<String ID="string_127" HPOS="290" VPOS="976" WIDTH="103" HEIGHT="31" WC="0.96" CONTENT="såvitt"/><SP WIDTH="19" VPOS="976" HPOS="393"/>
							<String ID="string_128" HPOS="412" VPOS="976" WIDTH="109" HEIGHT="40" WC="0.96" CONTENT="angår"/><SP WIDTH="19" VPOS="976" HPOS="521"/>
							<String ID="string_129" HPOS="540" VPOS="976" WIDTH="253" HEIGHT="35" WC="0.96" CONTENT="motorfordon,"/><SP WIDTH="20" VPOS="976" HPOS="793"/>
							<String ID="string_130" HPOS="813" VPOS="974" WIDTH="163" HEIGHT="31" WC="0.96" CONTENT="fordonet"/><SP WIDTH="19" VPOS="974" HPOS="976"/>
							<String ID="string_131" HPOS="995" VPOS="975" WIDTH="38" HEIGHT="29" WC="0.96" CONTENT="är"/><SP WIDTH="19" VPOS="975" HPOS="1033"/>
							<String ID="string_132" HPOS="1052" VPOS="974" WIDTH="125" HEIGHT="30" WC="0.96" CONTENT="försett"/><SP WIDTH="20" VPOS="974" HPOS="1177"/>
							<String ID="string_133" HPOS="1197" VPOS="974" WIDTH="80" HEIGHT="29" WC="0.93" CONTENT="med"/><SP WIDTH="21" VPOS="974" HPOS="1277"/>
							<String ID="string_134" HPOS="1298" VPOS="971" WIDTH="320" HEIGHT="41" WC="0.91" CONTENT="turistvagnsskylt,"/>
						</TextLine>
						<TextLine ID="line_15" HPOS="117" VPOS="1027" WIDTH="623" HEIGHT="34">
							<String ID="string_135" HPOS="117" VPOS="1038" WIDTH="121" HEIGHT="21" WC="0.92" CONTENT="varom"/><SP WIDTH="18" VPOS="1038" HPOS="238"/>
							<String ID="string_136" HPOS="256" VPOS="1027" WIDTH="166" HEIGHT="31" WC="0.91" CONTENT="förmäles"/><SP WIDTH="17" VPOS="1027" HPOS="422"/>
							<String ID="string_137" HPOS="439" VPOS="1027" WIDTH="12" HEIGHT="29" WC="0.95" CONTENT="i"/><SP WIDTH="27" VPOS="1027" HPOS="451"/>
							<String ID="string_138" HPOS="478" VPOS="1027" WIDTH="9" HEIGHT="30" WC="0.90" CONTENT="5"/><SP WIDTH="19" VPOS="1027" HPOS="487"/>
							<String ID="string_139" HPOS="506" VPOS="1035" WIDTH="121" HEIGHT="26" WC="0.90" CONTENT="mom.;"/><SP WIDTH="21" VPOS="1035" HPOS="627"/>
							<String ID="string_140" HPOS="648" VPOS="1028" WIDTH="92" HEIGHT="28" WC="0.96" CONTENT="samt"/>
						</TextLine>
					</TextBlock>
					<TextBlock ID="block_6" HPOS="117" VPOS="1072" WIDTH="1504" HEIGHT="195">
						<TextLine ID="line_16" HPOS="161" VPOS="1072" WIDTH="1460" HEIGHT="44">
							<String ID="string_141" HPOS="161" VPOS="1079" WIDTH="30" HEIGHT="30" WC="0.96" CONTENT="3."/><SP WIDTH="26" VPOS="1079" HPOS="191"/>
							<String ID="string_142" HPOS="217" VPOS="1080" WIDTH="51" HEIGHT="29" WC="0.96" CONTENT="att"/><SP WIDTH="22" VPOS="1080" HPOS="268"/>
							<String ID="string_143" HPOS="290" VPOS="1079" WIDTH="162" HEIGHT="29" WC="0.95" CONTENT="fordonet"/><SP WIDTH="22" VPOS="1079" HPOS="452"/>
							<String ID="string_144" HPOS="474" VPOS="1077" WIDTH="166" HEIGHT="39" WC="0.96" CONTENT="antingen"/><SP WIDTH="22" VPOS="1077" HPOS="640"/>
							<String ID="string_145" HPOS="662" VPOS="1076" WIDTH="107" HEIGHT="40" WC="0.95" CONTENT="enligt"/><SP WIDTH="21" VPOS="1076" HPOS="769"/>
							<String ID="string_146" HPOS="790" VPOS="1075" WIDTH="107" HEIGHT="41" WC="0.96" CONTENT="intyg,"/><SP WIDTH="24" VPOS="1075" HPOS="897"/>
							<String ID="string_147" HPOS="921" VPOS="1085" WIDTH="76" HEIGHT="21" WC="0.96" CONTENT="som"/><SP WIDTH="22" VPOS="1085" HPOS="997"/>
							<String ID="string_148" HPOS="1019" VPOS="1075" WIDTH="114" HEIGHT="31" WC="0.96" CONTENT="nedan"/><SP WIDTH="25" VPOS="1075" HPOS="1133"/>
							<String ID="string_149" HPOS="1158" VPOS="1075" WIDTH="88" HEIGHT="39" WC="0.96" CONTENT="sägs,"/><SP WIDTH="23" VPOS="1075" HPOS="1246"/>
							<String ID="string_150" HPOS="1269" VPOS="1073" WIDTH="177" HEIGHT="41" WC="0.96" CONTENT="uppfyller"/><SP WIDTH="21" VPOS="1073" HPOS="1446"/>
							<String ID="string_151" HPOS="1467" VPOS="1073" WIDTH="43" HEIGHT="30" WC="0.96" CONTENT="de"/><SP WIDTH="21" VPOS="1073" HPOS="1510"/>
							<String ID="string_152" HPOS="1531" VPOS="1073" WIDTH="12" HEIGHT="30" WC="0.96" CONTENT="i"/><SP WIDTH="21" VPOS="1073" HPOS="1543"/>
							<String ID="string_153" HPOS="1564" VPOS="1072" WIDTH="57" HEIGHT="30" WC="0.96" CONTENT="det"/>
						</TextLine>
						<TextLine ID="line_17" HPOS="118" VPOS="1123" WIDTH="1503" HEIGHT="43">
							<String ID="string_154" HPOS="118" VPOS="1129" WIDTH="93" HEIGHT="35" WC="0.93" CONTENT="land,"/><SP WIDTH="25" VPOS="1129" HPOS="211"/>
							<String ID="string_155" HPOS="236" VPOS="1131" WIDTH="116" HEIGHT="29" WC="0.91" CONTENT="varest"/><SP WIDTH="24" VPOS="1131" HPOS="352"/>
							<String ID="string_156" HPOS="376" VPOS="1128" WIDTH="163" HEIGHT="30" WC="0.96" CONTENT="fordonet"/><SP WIDTH="25" VPOS="1128" HPOS="539"/>
							<String ID="string_157" HPOS="564" VPOS="1129" WIDTH="39" HEIGHT="29" WC="0.96" CONTENT="är"/><SP WIDTH="24" VPOS="1129" HPOS="603"/>
							<String ID="string_158" HPOS="627" VPOS="1127" WIDTH="212" HEIGHT="39" WC="0.96" CONTENT="registrerat,"/><SP WIDTH="27" VPOS="1127" HPOS="839"/>
							<String ID="string_159" HPOS="866" VPOS="1126" WIDTH="159" HEIGHT="40" WC="0.96" CONTENT="gällande"/><SP WIDTH="25" VPOS="1126" HPOS="1025"/>
							<String ID="string_160" HPOS="1050" VPOS="1124" WIDTH="270" HEIGHT="31" WC="0.95" CONTENT="föreskrifterna"/><SP WIDTH="24" VPOS="1124" HPOS="1320"/>
							<String ID="string_161" HPOS="1344" VPOS="1124" WIDTH="56" HEIGHT="30" WC="0.96" CONTENT="för"/><SP WIDTH="26" VPOS="1124" HPOS="1400"/>
							<String ID="string_162" HPOS="1426" VPOS="1125" WIDTH="50" HEIGHT="29" WC="0.96" CONTENT="att"/><SP WIDTH="24" VPOS="1125" HPOS="1476"/>
							<String ID="string_163" HPOS="1500" VPOS="1123" WIDTH="38" HEIGHT="31" WC="0.93" CONTENT="få"/><SP WIDTH="23" VPOS="1123" HPOS="1538"/>
							<String ID="string_164" HPOS="1561" VPOS="1131" WIDTH="60" HEIGHT="22" WC="0.92" CONTENT="an-"/>
						</TextLine>
						<TextLine ID="line_18" HPOS="117" VPOS="1173" WIDTH="1504" HEIGHT="43">
							<String ID="string_165" HPOS="117" VPOS="1180" WIDTH="134" HEIGHT="30" WC="0.96" CONTENT="vändas"/><SP WIDTH="21" VPOS="1180" HPOS="251"/>
							<String ID="string_166" HPOS="272" VPOS="1179" WIDTH="12" HEIGHT="30" WC="0.96" CONTENT="i"/><SP WIDTH="19" VPOS="1179" HPOS="284"/>
							<String ID="string_167" HPOS="303" VPOS="1179" WIDTH="110" HEIGHT="30" WC="0.96" CONTENT="trafik"/><SP WIDTH="20" VPOS="1179" HPOS="413"/>
							<String ID="string_168" HPOS="433" VPOS="1178" WIDTH="84" HEIGHT="30" WC="0.96" CONTENT="eller"/><SP WIDTH="20" VPOS="1178" HPOS="517"/>
							<String ID="string_169" HPOS="537" VPOS="1178" WIDTH="65" HEIGHT="30" WC="0.93" CONTENT="ock"/><SP WIDTH="21" VPOS="1178" HPOS="602"/>
							<String ID="string_170" HPOS="623" VPOS="1177" WIDTH="188" HEIGHT="39" WC="0.92" CONTENT="undergått"/><SP WIDTH="21" VPOS="1177" HPOS="811"/>
							<String ID="string_171" HPOS="832" VPOS="1175" WIDTH="356" HEIGHT="40" WC="0.91" CONTENT="kontrollbesiktning"/><SP WIDTH="21" VPOS="1175" HPOS="1188"/>
							<String ID="string_172" HPOS="1209" VPOS="1175" WIDTH="66" HEIGHT="30" WC="0.96" CONTENT="och"/><SP WIDTH="21" VPOS="1175" HPOS="1275"/>
							<String ID="string_173" HPOS="1296" VPOS="1174" WIDTH="122" HEIGHT="31" WC="0.96" CONTENT="därvid"/><SP WIDTH="21" VPOS="1174" HPOS="1418"/>
							<String ID="string_174" HPOS="1439" VPOS="1173" WIDTH="182" HEIGHT="31" WC="0.96" CONTENT="befunnits"/>
						</TextLine>
						<TextLine ID="line_19" HPOS="117" VPOS="1228" WIDTH="771" HEIGHT="39">
							<String ID="string_175" HPOS="117" VPOS="1239" WIDTH="84" HEIGHT="22" WC="0.96" CONTENT="vara"/><SP WIDTH="16" VPOS="1239" HPOS="201"/>
							<String ID="string_176" HPOS="217" VPOS="1230" WIDTH="12" HEIGHT="30" WC="0.96" CONTENT="i"/><SP WIDTH="18" VPOS="1230" HPOS="229"/>
							<String ID="string_177" HPOS="247" VPOS="1230" WIDTH="125" HEIGHT="30" WC="0.96" CONTENT="sådant"/><SP WIDTH="18" VPOS="1230" HPOS="372"/>
							<String ID="string_178" HPOS="390" VPOS="1229" WIDTH="110" HEIGHT="35" WC="0.96" CONTENT="skick,"/><SP WIDTH="19" VPOS="1229" HPOS="500"/>
							<String ID="string_179" HPOS="519" VPOS="1238" WIDTH="74" HEIGHT="21" WC="0.96" CONTENT="som"/><SP WIDTH="17" VPOS="1238" HPOS="593"/>
							<String ID="string_180" HPOS="610" VPOS="1228" WIDTH="11" HEIGHT="30" WC="0.96" CONTENT="i"/><SP WIDTH="29" VPOS="1228" HPOS="621"/>
							<String ID="string_181" HPOS="650" VPOS="1228" WIDTH="7" HEIGHT="30" WC="0.96" CONTENT="6"/><SP WIDTH="17" VPOS="1228" HPOS="657"/>
							<String ID="string_182" HPOS="674" VPOS="1237" WIDTH="106" HEIGHT="21" WC="0.95" CONTENT="mom."/><SP WIDTH="20" VPOS="1237" HPOS="780"/>
							<String ID="string_183" HPOS="800" VPOS="1228" WIDTH="88" HEIGHT="39" WC="0.96" CONTENT="sägs."/>
						</TextLine>
					</TextBlock>
					<TextBlock ID="block_7" HPOS="118" VPOS="1274" WIDTH="1504" HEIGHT="144">
						<TextLine ID="line_20" HPOS="162" VPOS="1274" WIDTH="1460" HEIGHT="46">
							<String ID="string_184" HPOS="162" VPOS="1281" WIDTH="102" HEIGHT="39" WC="0.96" CONTENT="Intyg"/><SP WIDTH="22" VPOS="1281" HPOS="264"/>
							<String ID="string_185" HPOS="286" VPOS="1279" WIDTH="88" HEIGHT="31" WC="0.96" CONTENT="skall"/><SP WIDTH="21" VPOS="1279" HPOS="374"/>
							<String ID="string_186" HPOS="395" VPOS="1289" WIDTH="85" HEIGHT="21" WC="0.96" CONTENT="vara"/><SP WIDTH="21" VPOS="1289" HPOS="480"/>
							<String ID="string_187" HPOS="501" VPOS="1279" WIDTH="158" HEIGHT="30" WC="0.96" CONTENT="utfärdat"/><SP WIDTH="24" VPOS="1279" HPOS="659"/>
							<String ID="string_188" HPOS="683" VPOS="1288" WIDTH="43" HEIGHT="21" WC="0.96" CONTENT="av"/><SP WIDTH="22" VPOS="1288" HPOS="726"/>
							<String ID="string_189" HPOS="748" VPOS="1278" WIDTH="127" HEIGHT="30" WC="0.96" CONTENT="svensk"/><SP WIDTH="21" VPOS="1278" HPOS="875"/>
							<String ID="string_190" HPOS="896" VPOS="1277" WIDTH="130" HEIGHT="31" WC="0.96" CONTENT="konsul"/><SP WIDTH="21" VPOS="1277" HPOS="1026"/>
							<String ID="string_191" HPOS="1047" VPOS="1276" WIDTH="82" HEIGHT="31" WC="0.96" CONTENT="eller"/><SP WIDTH="21" VPOS="1276" HPOS="1129"/>
							<String ID="string_192" HPOS="1150" VPOS="1286" WIDTH="43" HEIGHT="21" WC="0.96" CONTENT="av"/><SP WIDTH="21" VPOS="1286" HPOS="1193"/>
							<String ID="string_193" HPOS="1214" VPOS="1274" WIDTH="296" HEIGHT="42" WC="0.95" CONTENT="polismyndighet"/><SP WIDTH="21" VPOS="1274" HPOS="1510"/>
							<String ID="string_194" HPOS="1531" VPOS="1274" WIDTH="13" HEIGHT="30" WC="0.95" CONTENT="i"/><SP WIDTH="20" VPOS="1274" HPOS="1544"/>
							<String ID="string_195" HPOS="1564" VPOS="1274" WIDTH="58" HEIGHT="31" WC="0.96" CONTENT="det"/>
						</TextLine>
						<TextLine ID="line_21" HPOS="118" VPOS="1324" WIDTH="1503" HEIGHT="39">
							<String ID="string_196" HPOS="118" VPOS="1331" WIDTH="222" HEIGHT="31" WC="0.96" CONTENT="främmande"/><SP WIDTH="25" VPOS="1331" HPOS="340"/>
							<String ID="string_197" HPOS="365" VPOS="1330" WIDTH="119" HEIGHT="30" WC="0.96" CONTENT="landet"/><SP WIDTH="24" VPOS="1330" HPOS="484"/>
							<String ID="string_198" HPOS="508" VPOS="1330" WIDTH="83" HEIGHT="29" WC="0.95" CONTENT="eller"/><SP WIDTH="26" VPOS="1330" HPOS="591"/>
							<String ID="string_199" HPOS="617" VPOS="1339" WIDTH="42" HEIGHT="21" WC="0.96" CONTENT="av"/><SP WIDTH="24" VPOS="1339" HPOS="659"/>
							<String ID="string_200" HPOS="683" VPOS="1328" WIDTH="140" HEIGHT="35" WC="0.96" CONTENT="konsul,"/><SP WIDTH="27" VPOS="1328" HPOS="823"/>
							<String ID="string_201" HPOS="850" VPOS="1337" WIDTH="74" HEIGHT="21" WC="0.96" CONTENT="som"/><SP WIDTH="26" VPOS="1337" HPOS="924"/>
							<String ID="string_202" HPOS="950" VPOS="1327" WIDTH="193" HEIGHT="31" WC="0.96" CONTENT="företräder"/><SP WIDTH="25" VPOS="1327" HPOS="1143"/>
							<String ID="string_203" HPOS="1168" VPOS="1327" WIDTH="96" HEIGHT="30" WC="0.96" CONTENT="detta"/><SP WIDTH="24" VPOS="1327" HPOS="1264"/>
							<String ID="string_204" HPOS="1288" VPOS="1326" WIDTH="83" HEIGHT="30" WC="0.96" CONTENT="land"/><SP WIDTH="24" VPOS="1326" HPOS="1371"/>
							<String ID="string_205" HPOS="1395" VPOS="1326" WIDTH="66" HEIGHT="29" WC="0.96" CONTENT="här"/><SP WIDTH="23" VPOS="1326" HPOS="1461"/>
							<String ID="string_206" HPOS="1484" VPOS="1324" WIDTH="13" HEIGHT="30" WC="0.96" CONTENT="i"/><SP WIDTH="23" VPOS="1324" HPOS="1497"/>
							<String ID="string_207" HPOS="1520" VPOS="1324" WIDTH="101" HEIGHT="35" WC="0.95" CONTENT="riket,"/>
						</TextLine>
						<TextLine ID="line_22" HPOS="119" VPOS="1377" WIDTH="921" HEIGHT="41">
							<String ID="string_208" HPOS="119" VPOS="1383" WIDTH="90" HEIGHT="29" WC="0.93" CONTENT="samt"/><SP WIDTH="19" VPOS="1383" HPOS="209"/>
							<String ID="string_209" HPOS="228" VPOS="1382" WIDTH="128" HEIGHT="29" WC="0.92" CONTENT="företes"/><SP WIDTH="18" VPOS="1382" HPOS="356"/>
							<String ID="string_210" HPOS="374" VPOS="1380" WIDTH="58" HEIGHT="31" WC="0.96" CONTENT="vid"/><SP WIDTH="18" VPOS="1380" HPOS="432"/>
							<String ID="string_211" HPOS="450" VPOS="1381" WIDTH="159" HEIGHT="29" WC="0.96" CONTENT="ansökan"/><SP WIDTH="19" VPOS="1381" HPOS="609"/>
							<String ID="string_212" HPOS="628" VPOS="1389" WIDTH="57" HEIGHT="21" WC="0.93" CONTENT="om"/><SP WIDTH="18" VPOS="1389" HPOS="685"/>
							<String ID="string_213" HPOS="703" VPOS="1377" WIDTH="337" HEIGHT="41" WC="0.92" CONTENT="turistvagnslicens."/>
						</TextLine>
					</TextBlock>
					<TextBlock ID="block_8" HPOS="118" VPOS="1424" WIDTH="1506" HEIGHT="147">
						<TextLine ID="line_23" HPOS="161" VPOS="1424" WIDTH="1463" HEIGHT="41">
							<String ID="string_214" HPOS="161" VPOS="1431" WIDTH="20" HEIGHT="29" WC="0.96" CONTENT="3"/><SP WIDTH="24" VPOS="1431" HPOS="181"/>
							<String ID="string_215" HPOS="205" VPOS="1438" WIDTH="106" HEIGHT="21" WC="0.95" CONTENT="mom."/><SP WIDTH="21" VPOS="1438" HPOS="311"/>
							<String ID="string_216" HPOS="332" VPOS="1430" WIDTH="92" HEIGHT="29" WC="0.96" CONTENT="Utan"/><SP WIDTH="20" VPOS="1430" HPOS="424"/>
							<String ID="string_217" HPOS="444" VPOS="1428" WIDTH="126" HEIGHT="30" WC="0.96" CONTENT="hinder"/><SP WIDTH="20" VPOS="1428" HPOS="570"/>
							<String ID="string_218" HPOS="590" VPOS="1437" WIDTH="42" HEIGHT="21" WC="0.96" CONTENT="av"/><SP WIDTH="20" VPOS="1437" HPOS="632"/>
							<String ID="string_219" HPOS="652" VPOS="1427" WIDTH="174" HEIGHT="31" WC="0.96" CONTENT="villkoren"/><SP WIDTH="20" VPOS="1427" HPOS="826"/>
							<String ID="string_220" HPOS="846" VPOS="1427" WIDTH="114" HEIGHT="30" WC="0.96" CONTENT="under"/><SP WIDTH="15" VPOS="1427" HPOS="960"/>
							<String ID="string_221" HPOS="975" VPOS="1427" WIDTH="18" HEIGHT="30" WC="0.96" CONTENT="2"/><SP WIDTH="21" VPOS="1427" HPOS="993"/>
							<String ID="string_222" HPOS="1014" VPOS="1435" WIDTH="105" HEIGHT="21" WC="0.93" CONTENT="mom."/><SP WIDTH="24" VPOS="1435" HPOS="1119"/>
							<String ID="string_223" HPOS="1143" VPOS="1425" WIDTH="84" HEIGHT="30" WC="0.90" CONTENT="1—3"/><SP WIDTH="23" VPOS="1425" HPOS="1227"/>
							<String ID="string_224" HPOS="1250" VPOS="1425" WIDTH="202" HEIGHT="40" WC="0.96" CONTENT="punkterna"/><SP WIDTH="20" VPOS="1425" HPOS="1452"/>
							<String ID="string_225" HPOS="1472" VPOS="1424" WIDTH="60" HEIGHT="30" WC="0.93" CONTENT="må"/><SP WIDTH="22" VPOS="1424" HPOS="1532"/>
							<String ID="string_226" HPOS="1554" VPOS="1424" WIDTH="70" HEIGHT="31" WC="0.90" CONTENT="for-"/>
						</TextLine>
						<TextLine ID="line_24" HPOS="118" VPOS="1474" WIDTH="1505" HEIGHT="44">
							<String ID="string_227" HPOS="118" VPOS="1482" WIDTH="80" HEIGHT="34" WC="0.96" CONTENT="don,"/><SP WIDTH="23" VPOS="1482" HPOS="198"/>
							<String ID="string_228" HPOS="221" VPOS="1491" WIDTH="76" HEIGHT="21" WC="0.96" CONTENT="som"/><SP WIDTH="20" VPOS="1491" HPOS="297"/>
							<String ID="string_229" HPOS="317" VPOS="1481" WIDTH="80" HEIGHT="30" WC="0.96" CONTENT="från"/><SP WIDTH="23" VPOS="1481" HPOS="397"/>
							<String ID="string_230" HPOS="420" VPOS="1480" WIDTH="159" HEIGHT="30" WC="0.96" CONTENT="utlandet"/><SP WIDTH="20" VPOS="1480" HPOS="579"/>
							<String ID="string_231" HPOS="599" VPOS="1480" WIDTH="129" HEIGHT="30" WC="0.96" CONTENT="införts"/><SP WIDTH="21" VPOS="1480" HPOS="728"/>
							<String ID="string_232" HPOS="749" VPOS="1478" WIDTH="107" HEIGHT="40" WC="0.95" CONTENT="enligt"/><SP WIDTH="18" VPOS="1478" HPOS="856"/>
							<String ID="string_233" HPOS="874" VPOS="1479" WIDTH="68" HEIGHT="30" WC="0.96" CONTENT="vad"/><SP WIDTH="20" VPOS="1479" HPOS="942"/>
							<String ID="string_234" HPOS="962" VPOS="1478" WIDTH="12" HEIGHT="30" WC="0.96" CONTENT="i"/><SP WIDTH="21" VPOS="1478" HPOS="974"/>
							<String ID="string_235" HPOS="995" VPOS="1478" WIDTH="105" HEIGHT="39" WC="0.96" CONTENT="sagda"/><SP WIDTH="20" VPOS="1478" HPOS="1100"/>
							<String ID="string_236" HPOS="1120" VPOS="1487" WIDTH="106" HEIGHT="21" WC="0.96" CONTENT="mom."/><SP WIDTH="23" VPOS="1487" HPOS="1226"/>
							<String ID="string_237" HPOS="1249" VPOS="1478" WIDTH="88" HEIGHT="38" WC="0.96" CONTENT="sägs,"/><SP WIDTH="21" VPOS="1478" HPOS="1337"/>
							<String ID="string_238" HPOS="1358" VPOS="1476" WIDTH="192" HEIGHT="31" WC="0.96" CONTENT="framföras"/><SP WIDTH="19" VPOS="1476" HPOS="1550"/>
							<String ID="string_239" HPOS="1569" VPOS="1474" WIDTH="54" HEIGHT="31" WC="0.96" CONTENT="till"/>
						</TextLine>
						<TextLine ID="line_25" HPOS="119" VPOS="1529" WIDTH="846" HEIGHT="42">
							<String ID="string_240" HPOS="119" VPOS="1533" WIDTH="179" HEIGHT="30" WC="0.95" CONTENT="närmaste"/><SP WIDTH="18" VPOS="1533" HPOS="298"/>
							<String ID="string_241" HPOS="316" VPOS="1531" WIDTH="102" HEIGHT="40" WC="0.96" CONTENT="plats,"/><SP WIDTH="20" VPOS="1531" HPOS="418"/>
							<String ID="string_242" HPOS="438" VPOS="1531" WIDTH="64" HEIGHT="30" WC="0.96" CONTENT="där"/><SP WIDTH="19" VPOS="1531" HPOS="502"/>
							<String ID="string_243" HPOS="521" VPOS="1530" WIDTH="297" HEIGHT="40" WC="0.95" CONTENT="polismyndighet"/><SP WIDTH="19" VPOS="1530" HPOS="818"/>
							<String ID="string_244" HPOS="837" VPOS="1529" WIDTH="128" HEIGHT="30" WC="0.96" CONTENT="finnes."/>
						</TextLine>
					</TextBlock>
					<TextBlock ID="block_9" HPOS="119" VPOS="1575" WIDTH="1505" HEIGHT="91">
						<TextLine ID="line_26" HPOS="162" VPOS="1575" WIDTH="1462" HEIGHT="46">
							<String ID="string_245" HPOS="162" VPOS="1583" WIDTH="15" HEIGHT="30" WC="0.92" CONTENT="I"/><SP WIDTH="20" VPOS="1583" HPOS="177"/>
							<String ID="string_246" HPOS="197" VPOS="1583" WIDTH="19" HEIGHT="29" WC="0.94" CONTENT="2"/><SP WIDTH="21" VPOS="1583" HPOS="216"/>
							<String ID="string_247" HPOS="237" VPOS="1591" WIDTH="106" HEIGHT="21" WC="0.96" CONTENT="mom."/><SP WIDTH="20" VPOS="1591" HPOS="343"/>
							<String ID="string_248" HPOS="363" VPOS="1581" WIDTH="112" HEIGHT="30" WC="0.96" CONTENT="under"/><SP WIDTH="20" VPOS="1581" HPOS="475"/>
							<String ID="string_249" HPOS="495" VPOS="1581" WIDTH="19" HEIGHT="30" WC="0.95" CONTENT="3"/><SP WIDTH="21" VPOS="1581" HPOS="514"/>
							<String ID="string_250" HPOS="535" VPOS="1580" WIDTH="159" HEIGHT="41" WC="0.95" CONTENT="punkten"/><SP WIDTH="22" VPOS="1580" HPOS="694"/>
							<String ID="string_251" HPOS="716" VPOS="1579" WIDTH="138" HEIGHT="40" WC="0.96" CONTENT="angivet"/><SP WIDTH="18" VPOS="1579" HPOS="854"/>
							<String ID="string_252" HPOS="872" VPOS="1578" WIDTH="128" HEIGHT="31" WC="0.96" CONTENT="villkor"/><SP WIDTH="19" VPOS="1578" HPOS="1000"/>
							<String ID="string_253" HPOS="1019" VPOS="1578" WIDTH="80" HEIGHT="39" WC="0.96" CONTENT="äger"/><SP WIDTH="21" VPOS="1578" HPOS="1099"/>
							<String ID="string_254" HPOS="1120" VPOS="1577" WIDTH="77" HEIGHT="30" WC="0.96" CONTENT="icke"/><SP WIDTH="21" VPOS="1577" HPOS="1197"/>
							<String ID="string_255" HPOS="1218" VPOS="1576" WIDTH="234" HEIGHT="40" WC="0.96" CONTENT="tillämpning,"/><SP WIDTH="20" VPOS="1576" HPOS="1452"/>
							<String ID="string_256" HPOS="1472" VPOS="1576" WIDTH="63" HEIGHT="30" WC="0.93" CONTENT="där"/><SP WIDTH="20" VPOS="1576" HPOS="1535"/>
							<String ID="string_257" HPOS="1555" VPOS="1575" WIDTH="69" HEIGHT="30" WC="0.93" CONTENT="for-"/>
						</TextLine>
						<TextLine ID="line_27" HPOS="119" VPOS="1627" WIDTH="1336" HEIGHT="39">
							<String ID="string_258" HPOS="119" VPOS="1635" WIDTH="69" HEIGHT="30" WC="0.96" CONTENT="don"/><SP WIDTH="23" VPOS="1635" HPOS="188"/>
							<String ID="string_259" HPOS="211" VPOS="1634" WIDTH="124" HEIGHT="30" WC="0.96" CONTENT="endast"/><SP WIDTH="19" VPOS="1634" HPOS="335"/>
							<String ID="string_260" HPOS="354" VPOS="1633" WIDTH="132" HEIGHT="31" WC="0.96" CONTENT="brukas"/><SP WIDTH="20" VPOS="1633" HPOS="486"/>
							<String ID="string_261" HPOS="506" VPOS="1633" WIDTH="55" HEIGHT="30" WC="0.96" CONTENT="för"/><SP WIDTH="21" VPOS="1633" HPOS="561"/>
							<String ID="string_262" HPOS="582" VPOS="1633" WIDTH="109" HEIGHT="30" WC="0.96" CONTENT="sådan"/><SP WIDTH="20" VPOS="1633" HPOS="691"/>
							<String ID="string_263" HPOS="711" VPOS="1632" WIDTH="90" HEIGHT="34" WC="0.96" CONTENT="färd,"/><SP WIDTH="22" VPOS="1632" HPOS="801"/>
							<String ID="string_264" HPOS="823" VPOS="1640" WIDTH="74" HEIGHT="21" WC="0.96" CONTENT="som"/><SP WIDTH="20" VPOS="1640" HPOS="897"/>
							<String ID="string_265" HPOS="917" VPOS="1638" WIDTH="99" HEIGHT="23" WC="0.96" CONTENT="avses"/><SP WIDTH="18" VPOS="1638" HPOS="1016"/>
							<String ID="string_266" HPOS="1034" VPOS="1629" WIDTH="12" HEIGHT="30" WC="0.96" CONTENT="i"/><SP WIDTH="22" VPOS="1629" HPOS="1046"/>
							<String ID="string_267" HPOS="1068" VPOS="1630" WIDTH="39" HEIGHT="29" WC="0.95" CONTENT="12"/><SP WIDTH="23" VPOS="1630" HPOS="1107"/>
							<String ID="string_268" HPOS="1130" VPOS="1629" WIDTH="15" HEIGHT="37" WC="0.93" CONTENT="8"/><SP WIDTH="25" VPOS="1629" HPOS="1145"/>
							<String ID="string_269" HPOS="1170" VPOS="1629" WIDTH="15" HEIGHT="30" WC="0.67" CONTENT="1"/><SP WIDTH="22" VPOS="1629" HPOS="1185"/>
							<String ID="string_270" HPOS="1207" VPOS="1638" WIDTH="106" HEIGHT="21" WC="0.93" CONTENT="mom."/><SP WIDTH="21" VPOS="1638" HPOS="1313"/>
							<String ID="string_271" HPOS="1334" VPOS="1627" WIDTH="121" HEIGHT="35" WC="0.90" CONTENT="a—d)."/>
						</TextLine>
					</TextBlock>
					<TextBlock ID="block_10" HPOS="163" VPOS="1679" WIDTH="1067" HEIGHT="42">
						<TextLine ID="line_28" HPOS="163" VPOS="1679" WIDTH="1067" HEIGHT="42">
							<String ID="string_272" HPOS="163" VPOS="1685" WIDTH="20" HEIGHT="30" WC="0.96" CONTENT="4"/><SP WIDTH="16" VPOS="1685" HPOS="183"/>
							<String ID="string_273" HPOS="199" VPOS="1693" WIDTH="107" HEIGHT="22" WC="0.91" CONTENT="mom."/><SP WIDTH="19" VPOS="1693" HPOS="306"/>
							<String ID="string_274" HPOS="325" VPOS="1682" WIDTH="340" HEIGHT="39" WC="0.91" CONTENT="Turistvagnslicens"/><SP WIDTH="18" VPOS="1682" HPOS="665"/>
							<String ID="string_275" HPOS="683" VPOS="1682" WIDTH="162" HEIGHT="30" WC="0.96" CONTENT="utfärdas"/><SP WIDTH="18" VPOS="1682" HPOS="845"/>
							<String ID="string_276" HPOS="863" VPOS="1691" WIDTH="42" HEIGHT="21" WC="0.96" CONTENT="av"/><SP WIDTH="18" VPOS="1691" HPOS="905"/>
							<String ID="string_277" HPOS="923" VPOS="1679" WIDTH="307" HEIGHT="42" WC="0.96" CONTENT="polismyndighet."/>
						</TextLine>
					</TextBlock>
					<TextBlock ID="block_11" HPOS="119" VPOS="1728" WIDTH="1507" HEIGHT="248">
						<TextLine ID="line_29" HPOS="164" VPOS="1728" WIDTH="1461" HEIGHT="45">
							<String ID="string_278" HPOS="164" VPOS="1735" WIDTH="168" HEIGHT="31" WC="0.96" CONTENT="Ansökan"/><SP WIDTH="23" VPOS="1735" HPOS="332"/>
							<String ID="string_279" HPOS="355" VPOS="1744" WIDTH="57" HEIGHT="21" WC="0.93" CONTENT="om"/><SP WIDTH="23" VPOS="1744" HPOS="412"/>
							<String ID="string_280" HPOS="435" VPOS="1733" WIDTH="328" HEIGHT="40" WC="0.91" CONTENT="turistvagnslicens"/><SP WIDTH="24" VPOS="1733" HPOS="763"/>
							<String ID="string_281" HPOS="787" VPOS="1732" WIDTH="89" HEIGHT="30" WC="0.96" CONTENT="skall"/><SP WIDTH="23" VPOS="1732" HPOS="876"/>
							<String ID="string_282" HPOS="899" VPOS="1732" WIDTH="102" HEIGHT="38" WC="0.96" CONTENT="göras"/><SP WIDTH="24" VPOS="1732" HPOS="1001"/>
							<String ID="string_283" HPOS="1025" VPOS="1730" WIDTH="199" HEIGHT="40" WC="0.96" CONTENT="skriftligen"/><SP WIDTH="24" VPOS="1730" HPOS="1224"/>
							<String ID="string_284" HPOS="1248" VPOS="1730" WIDTH="65" HEIGHT="30" WC="0.96" CONTENT="och"/><SP WIDTH="23" VPOS="1730" HPOS="1313"/>
							<String ID="string_285" HPOS="1336" VPOS="1728" WIDTH="179" HEIGHT="31" WC="0.93" CONTENT="innehålla"/><SP WIDTH="23" VPOS="1728" HPOS="1515"/>
							<String ID="string_286" HPOS="1538" VPOS="1736" WIDTH="87" HEIGHT="32" WC="0.89" CONTENT="upp-"/>
						</TextLine>
						<TextLine ID="line_30" HPOS="120" VPOS="1777" WIDTH="1503" HEIGHT="48">
							<String ID="string_287" HPOS="120" VPOS="1785" WIDTH="141" HEIGHT="40" WC="0.91" CONTENT="lysning"/><SP WIDTH="26" VPOS="1785" HPOS="261"/>
							<String ID="string_288" HPOS="287" VPOS="1794" WIDTH="56" HEIGHT="21" WC="0.96" CONTENT="om"/><SP WIDTH="27" VPOS="1794" HPOS="343"/>
							<String ID="string_289" HPOS="370" VPOS="1787" WIDTH="145" HEIGHT="27" WC="0.96" CONTENT="namnet"/><SP WIDTH="28" VPOS="1787" HPOS="515"/>
							<String ID="string_290" HPOS="543" VPOS="1784" WIDTH="93" HEIGHT="30" WC="0.93" CONTENT="såväl"/><SP WIDTH="28" VPOS="1784" HPOS="636"/>
							<String ID="string_291" HPOS="664" VPOS="1784" WIDTH="21" HEIGHT="30" WC="0.91" CONTENT="å"/><SP WIDTH="27" VPOS="1784" HPOS="685"/>
							<String ID="string_292" HPOS="712" VPOS="1784" WIDTH="180" HEIGHT="29" WC="0.96" CONTENT="fordonets"/><SP WIDTH="29" VPOS="1784" HPOS="892"/>
							<String ID="string_293" HPOS="921" VPOS="1784" WIDTH="103" HEIGHT="37" WC="0.96" CONTENT="ägare"/><SP WIDTH="28" VPOS="1784" HPOS="1024"/>
							<String ID="string_294" HPOS="1052" VPOS="1791" WIDTH="84" HEIGHT="24" WC="0.96" CONTENT="som,"/><SP WIDTH="29" VPOS="1791" HPOS="1136"/>
							<String ID="string_295" HPOS="1165" VPOS="1782" WIDTH="117" HEIGHT="29" WC="0.96" CONTENT="därest"/><SP WIDTH="29" VPOS="1782" HPOS="1282"/>
							<String ID="string_296" HPOS="1311" VPOS="1782" WIDTH="127" HEIGHT="37" WC="0.96" CONTENT="ägaren"/><SP WIDTH="28" VPOS="1782" HPOS="1438"/>
							<String ID="string_297" HPOS="1466" VPOS="1779" WIDTH="76" HEIGHT="30" WC="0.93" CONTENT="icke"/><SP WIDTH="28" VPOS="1779" HPOS="1542"/>
							<String ID="string_298" HPOS="1570" VPOS="1777" WIDTH="53" HEIGHT="31" WC="0.93" CONTENT="till"/>
						</TextLine>
						<TextLine ID="line_31" HPOS="119" VPOS="1830" WIDTH="1506" HEIGHT="45">
							<String ID="string_299" HPOS="119" VPOS="1837" WIDTH="92" HEIGHT="30" WC="0.96" CONTENT="riket"/><SP WIDTH="21" VPOS="1837" HPOS="211"/>
							<String ID="string_300" HPOS="232" VPOS="1836" WIDTH="197" HEIGHT="39" WC="0.92" CONTENT="medföljer,"/><SP WIDTH="33" VPOS="1836" HPOS="429"/>
							<String ID="string_301" HPOS="462" VPOS="1835" WIDTH="10" HEIGHT="30" WC="0.91" CONTENT="å"/><SP WIDTH="22" VPOS="1835" HPOS="472"/>
							<String ID="string_302" HPOS="494" VPOS="1835" WIDTH="66" HEIGHT="30" WC="0.96" CONTENT="den"/><SP WIDTH="21" VPOS="1835" HPOS="560"/>
							<String ID="string_303" HPOS="581" VPOS="1843" WIDTH="138" HEIGHT="31" WC="0.95" CONTENT="person,"/><SP WIDTH="24" VPOS="1843" HPOS="719"/>
							<String ID="string_304" HPOS="743" VPOS="1843" WIDTH="75" HEIGHT="21" WC="0.96" CONTENT="som"/><SP WIDTH="21" VPOS="1843" HPOS="818"/>
							<String ID="string_305" HPOS="839" VPOS="1833" WIDTH="157" HEIGHT="39" WC="0.96" CONTENT="förfogar"/><SP WIDTH="22" VPOS="1833" HPOS="996"/>
							<String ID="string_306" HPOS="1018" VPOS="1833" WIDTH="81" HEIGHT="29" WC="0.96" CONTENT="över"/><SP WIDTH="22" VPOS="1833" HPOS="1099"/>
							<String ID="string_307" HPOS="1121" VPOS="1831" WIDTH="172" HEIGHT="34" WC="0.96" CONTENT="fordonet,"/><SP WIDTH="24" VPOS="1831" HPOS="1293"/>
							<String ID="string_308" HPOS="1317" VPOS="1831" WIDTH="165" HEIGHT="29" WC="0.96" CONTENT="ävensom"/><SP WIDTH="23" VPOS="1831" HPOS="1482"/>
							<String ID="string_309" HPOS="1505" VPOS="1830" WIDTH="120" HEIGHT="29" WC="0.96" CONTENT="dessas"/>
						</TextLine>
						<TextLine ID="line_32" HPOS="119" VPOS="1878" WIDTH="1507" HEIGHT="48">
							<String ID="string_310" HPOS="119" VPOS="1887" WIDTH="96" HEIGHT="39" WC="0.95" CONTENT="yrke,"/><SP WIDTH="19" VPOS="1887" HPOS="215"/>
							<String ID="string_311" HPOS="234" VPOS="1886" WIDTH="150" HEIGHT="29" WC="0.96" CONTENT="hemvist"/><SP WIDTH="18" VPOS="1886" HPOS="384"/>
							<String ID="string_312" HPOS="402" VPOS="1885" WIDTH="65" HEIGHT="30" WC="0.96" CONTENT="och"/><SP WIDTH="17" VPOS="1885" HPOS="467"/>
							<String ID="string_313" HPOS="484" VPOS="1884" WIDTH="201" HEIGHT="40" WC="0.96" CONTENT="postadress"/><SP WIDTH="20" VPOS="1884" HPOS="685"/>
							<String ID="string_314" HPOS="705" VPOS="1885" WIDTH="92" HEIGHT="29" WC="0.96" CONTENT="samt"/><SP WIDTH="17" VPOS="1885" HPOS="797"/>
							<String ID="string_315" HPOS="814" VPOS="1881" WIDTH="227" HEIGHT="40" WC="0.96" CONTENT="erforderliga"/><SP WIDTH="17" VPOS="1881" HPOS="1041"/>
							<String ID="string_316" HPOS="1058" VPOS="1879" WIDTH="179" HEIGHT="42" WC="0.96" CONTENT="uppgifter"/><SP WIDTH="19" VPOS="1879" HPOS="1237"/>
							<String ID="string_317" HPOS="1256" VPOS="1881" WIDTH="55" HEIGHT="29" WC="0.96" CONTENT="för"/><SP WIDTH="18" VPOS="1881" HPOS="1311"/>
							<String ID="string_318" HPOS="1329" VPOS="1879" WIDTH="181" HEIGHT="31" WC="0.93" CONTENT="fordonets"/><SP WIDTH="20" VPOS="1879" HPOS="1510"/>
							<String ID="string_319" HPOS="1530" VPOS="1878" WIDTH="96" HEIGHT="30" WC="0.93" CONTENT="iden-"/>
						</TextLine>
						<TextLine ID="line_33" HPOS="120" VPOS="1936" WIDTH="167" HEIGHT="40">
							<String ID="string_320" HPOS="120" VPOS="1936" WIDTH="167" HEIGHT="40" WC="0.91" CONTENT="tifiering."/>
						</TextLine>
					</TextBlock>
					<TextBlock ID="block_12" HPOS="121" VPOS="1979" WIDTH="1504" HEIGHT="150">
						<TextLine ID="line_34" HPOS="164" VPOS="1979" WIDTH="1461" HEIGHT="48">
							<String ID="string_321" HPOS="164" VPOS="1987" WIDTH="342" HEIGHT="40" WC="0.91" CONTENT="Turistvagnslicens"/><SP WIDTH="24" VPOS="1987" HPOS="506"/>
							<String ID="string_322" HPOS="530" VPOS="1985" WIDTH="55" HEIGHT="31" WC="0.96" CONTENT="får"/><SP WIDTH="22" VPOS="1985" HPOS="585"/>
							<String ID="string_323" HPOS="607" VPOS="1984" WIDTH="76" HEIGHT="31" WC="0.96" CONTENT="icke"/><SP WIDTH="23" VPOS="1984" HPOS="683"/>
							<String ID="string_324" HPOS="706" VPOS="1984" WIDTH="172" HEIGHT="34" WC="0.96" CONTENT="utfärdas,"/><SP WIDTH="25" VPOS="1984" HPOS="878"/>
							<String ID="string_325" HPOS="903" VPOS="1982" WIDTH="120" HEIGHT="31" WC="0.96" CONTENT="såvida"/><SP WIDTH="22" VPOS="1982" HPOS="1023"/>
							<String ID="string_326" HPOS="1045" VPOS="1981" WIDTH="31" HEIGHT="41" WC="0.96" CONTENT="ej"/><SP WIDTH="28" VPOS="1981" HPOS="1076"/>
							<String ID="string_327" HPOS="1104" VPOS="1981" WIDTH="179" HEIGHT="31" WC="0.96" CONTENT="sökanden"/><SP WIDTH="24" VPOS="1981" HPOS="1283"/>
							<String ID="string_328" HPOS="1307" VPOS="1980" WIDTH="148" HEIGHT="40" WC="0.96" CONTENT="styrker,"/><SP WIDTH="26" VPOS="1980" HPOS="1455"/>
							<String ID="string_329" HPOS="1481" VPOS="1980" WIDTH="51" HEIGHT="30" WC="0.96" CONTENT="att"/><SP WIDTH="22" VPOS="1980" HPOS="1532"/>
							<String ID="string_330" HPOS="1554" VPOS="1979" WIDTH="71" HEIGHT="30" WC="0.96" CONTENT="han"/>
						</TextLine>
						<TextLine ID="line_35" HPOS="121" VPOS="2030" WIDTH="1504" HEIGHT="48">
							<String ID="string_331" HPOS="121" VPOS="2039" WIDTH="163" HEIGHT="39" WC="0.96" CONTENT="fullgjort"/><SP WIDTH="21" VPOS="2039" HPOS="284"/>
							<String ID="string_332" HPOS="305" VPOS="2039" WIDTH="66" HEIGHT="29" WC="0.96" CONTENT="vad"/><SP WIDTH="22" VPOS="2039" HPOS="371"/>
							<String ID="string_333" HPOS="393" VPOS="2038" WIDTH="142" HEIGHT="32" WC="0.96" CONTENT="honom,"/><SP WIDTH="23" VPOS="2038" HPOS="535"/>
							<String ID="string_334" HPOS="558" VPOS="2035" WIDTH="107" HEIGHT="40" WC="0.96" CONTENT="enligt"/><SP WIDTH="21" VPOS="2035" HPOS="665"/>
							<String ID="string_335" HPOS="686" VPOS="2036" WIDTH="68" HEIGHT="30" WC="0.96" CONTENT="vad"/><SP WIDTH="22" VPOS="2036" HPOS="754"/>
							<String ID="string_336" HPOS="776" VPOS="2035" WIDTH="122" HEIGHT="30" WC="0.95" CONTENT="därom"/><SP WIDTH="24" VPOS="2035" HPOS="898"/>
							<String ID="string_337" HPOS="922" VPOS="2032" WIDTH="142" HEIGHT="31" WC="0.95" CONTENT="särskilt"/><SP WIDTH="23" VPOS="2032" HPOS="1064"/>
							<String ID="string_338" HPOS="1087" VPOS="2032" WIDTH="151" HEIGHT="39" WC="0.95" CONTENT="stadgas,"/><SP WIDTH="24" VPOS="2032" HPOS="1238"/>
							<String ID="string_339" HPOS="1262" VPOS="2031" WIDTH="128" HEIGHT="39" WC="0.95" CONTENT="åligger"/><SP WIDTH="22" VPOS="2031" HPOS="1390"/>
							<String ID="string_340" HPOS="1412" VPOS="2030" WIDTH="12" HEIGHT="30" WC="0.96" CONTENT="i"/><SP WIDTH="23" VPOS="2030" HPOS="1424"/>
							<String ID="string_341" HPOS="1447" VPOS="2030" WIDTH="100" HEIGHT="39" WC="0.96" CONTENT="fråga"/><SP WIDTH="20" VPOS="2030" HPOS="1547"/>
							<String ID="string_342" HPOS="1567" VPOS="2037" WIDTH="58" HEIGHT="22" WC="0.96" CONTENT="om"/>
						</TextLine>
						<TextLine ID="line_36" HPOS="121" VPOS="2086" WIDTH="646" HEIGHT="43">
							<String ID="string_343" HPOS="121" VPOS="2089" WIDTH="208" HEIGHT="40" WC="0.96" CONTENT="erläggande"/><SP WIDTH="18" VPOS="2089" HPOS="329"/>
							<String ID="string_344" HPOS="347" VPOS="2098" WIDTH="42" HEIGHT="21" WC="0.96" CONTENT="av"/><SP WIDTH="19" VPOS="2098" HPOS="389"/>
							<String ID="string_345" HPOS="408" VPOS="2088" WIDTH="95" HEIGHT="30" WC="0.96" CONTENT="skatt"/><SP WIDTH="18" VPOS="2088" HPOS="503"/>
							<String ID="string_346" HPOS="521" VPOS="2087" WIDTH="55" HEIGHT="30" WC="0.96" CONTENT="för"/><SP WIDTH="18" VPOS="2087" HPOS="576"/>
							<String ID="string_347" HPOS="594" VPOS="2086" WIDTH="173" HEIGHT="30" WC="0.96" CONTENT="fordonet."/>
						</TextLine>
					</TextBlock>
					<TextBlock ID="block_13" HPOS="122" VPOS="2129" WIDTH="1505" HEIGHT="150">
						<TextLine ID="line_37" HPOS="166" VPOS="2129" WIDTH="1460" HEIGHT="48">
							<String ID="string_348" HPOS="166" VPOS="2138" WIDTH="343" HEIGHT="39" WC="0.89" CONTENT="Turistvagnslicens"/><SP WIDTH="25" VPOS="2138" HPOS="509"/>
							<String ID="string_349" HPOS="534" VPOS="2136" WIDTH="86" HEIGHT="30" WC="0.96" CONTENT="skall"/><SP WIDTH="27" VPOS="2136" HPOS="620"/>
							<String ID="string_350" HPOS="647" VPOS="2136" WIDTH="163" HEIGHT="29" WC="0.96" CONTENT="utfärdas"/><SP WIDTH="24" VPOS="2136" HPOS="810"/>
							<String ID="string_351" HPOS="834" VPOS="2134" WIDTH="106" HEIGHT="38" WC="0.96" CONTENT="enligt"/><SP WIDTH="28" VPOS="2134" HPOS="940"/>
							<String ID="string_352" HPOS="968" VPOS="2133" WIDTH="181" HEIGHT="34" WC="0.96" CONTENT="formulär,"/><SP WIDTH="27" VPOS="2133" HPOS="1149"/>
							<String ID="string_353" HPOS="1176" VPOS="2141" WIDTH="75" HEIGHT="21" WC="0.96" CONTENT="som"/><SP WIDTH="25" VPOS="2141" HPOS="1251"/>
							<String ID="string_354" HPOS="1276" VPOS="2130" WIDTH="192" HEIGHT="31" WC="0.96" CONTENT="fastställes"/><SP WIDTH="25" VPOS="2130" HPOS="1468"/>
							<String ID="string_355" HPOS="1493" VPOS="2139" WIDTH="43" HEIGHT="21" WC="0.92" CONTENT="av"/><SP WIDTH="23" VPOS="2139" HPOS="1536"/>
							<String ID="string_356" HPOS="1559" VPOS="2129" WIDTH="67" HEIGHT="30" WC="0.89" CONTENT="Ko-"/>
						</TextLine>
						<TextLine ID="line_38" HPOS="123" VPOS="2178" WIDTH="1504" HEIGHT="51">
							<String ID="string_357" HPOS="123" VPOS="2197" WIDTH="153" HEIGHT="32" WC="0.91" CONTENT="nungen,"/><SP WIDTH="25" VPOS="2197" HPOS="276"/>
							<String ID="string_358" HPOS="301" VPOS="2189" WIDTH="65" HEIGHT="29" WC="0.96" CONTENT="och"/><SP WIDTH="24" VPOS="2189" HPOS="366"/>
							<String ID="string_359" HPOS="390" VPOS="2187" WIDTH="108" HEIGHT="39" WC="0.96" CONTENT="gäller"/><SP WIDTH="24" VPOS="2187" HPOS="498"/>
							<String ID="string_360" HPOS="522" VPOS="2187" WIDTH="55" HEIGHT="29" WC="0.96" CONTENT="för"/><SP WIDTH="24" VPOS="2187" HPOS="577"/>
							<String ID="string_361" HPOS="601" VPOS="2188" WIDTH="49" HEIGHT="28" WC="0.96" CONTENT="ett"/><SP WIDTH="24" VPOS="2188" HPOS="650"/>
							<String ID="string_362" HPOS="674" VPOS="2186" WIDTH="39" HEIGHT="29" WC="0.96" CONTENT="år"/><SP WIDTH="24" VPOS="2186" HPOS="713"/>
							<String ID="string_363" HPOS="737" VPOS="2185" WIDTH="81" HEIGHT="29" WC="0.96" CONTENT="från"/><SP WIDTH="23" VPOS="2185" HPOS="818"/>
							<String ID="string_364" HPOS="841" VPOS="2183" WIDTH="238" HEIGHT="31" WC="0.96" CONTENT="utfärdandet."/><SP WIDTH="25" VPOS="2183" HPOS="1079"/>
							<String ID="string_365" HPOS="1104" VPOS="2182" WIDTH="72" HEIGHT="30" WC="0.96" CONTENT="Har"/><SP WIDTH="26" VPOS="2182" HPOS="1176"/>
							<String ID="string_366" HPOS="1202" VPOS="2181" WIDTH="180" HEIGHT="30" WC="0.91" CONTENT="sökanden"/><SP WIDTH="25" VPOS="2181" HPOS="1382"/>
							<String ID="string_367" HPOS="1407" VPOS="2180" WIDTH="142" HEIGHT="30" WC="0.91" CONTENT="företett"/><SP WIDTH="25" VPOS="2180" HPOS="1549"/>
							<String ID="string_368" HPOS="1574" VPOS="2178" WIDTH="53" HEIGHT="30" WC="0.91" CONTENT="in-"/>
						</TextLine>
						<TextLine ID="line_39" HPOS="122" VPOS="2231" WIDTH="1379" HEIGHT="48">
							<String ID="string_369" HPOS="122" VPOS="2242" WIDTH="69" HEIGHT="37" WC="0.94" CONTENT="tyg,"/><SP WIDTH="22" VPOS="2242" HPOS="191"/>
							<String ID="string_370" HPOS="213" VPOS="2248" WIDTH="75" HEIGHT="21" WC="0.95" CONTENT="som"/><SP WIDTH="20" VPOS="2248" HPOS="288"/>
							<String ID="string_371" HPOS="308" VPOS="2238" WIDTH="11" HEIGHT="30" WC="0.95" CONTENT="i"/><SP WIDTH="30" VPOS="2238" HPOS="319"/>
							<String ID="string_372" HPOS="349" VPOS="2238" WIDTH="9" HEIGHT="29" WC="0.96" CONTENT="2"/><SP WIDTH="21" VPOS="2238" HPOS="358"/>
							<String ID="string_373" HPOS="379" VPOS="2247" WIDTH="106" HEIGHT="20" WC="0.96" CONTENT="mom."/><SP WIDTH="22" VPOS="2247" HPOS="485"/>
							<String ID="string_374" HPOS="507" VPOS="2238" WIDTH="88" HEIGHT="37" WC="0.96" CONTENT="sägs,"/><SP WIDTH="22" VPOS="2238" HPOS="595"/>
							<String ID="string_375" HPOS="617" VPOS="2235" WIDTH="89" HEIGHT="31" WC="0.95" CONTENT="skall"/><SP WIDTH="21" VPOS="2235" HPOS="706"/>
							<String ID="string_376" HPOS="727" VPOS="2235" WIDTH="153" HEIGHT="30" WC="0.96" CONTENT="licensen"/><SP WIDTH="21" VPOS="2235" HPOS="880"/>
							<String ID="string_377" HPOS="901" VPOS="2234" WIDTH="113" HEIGHT="30" WC="0.96" CONTENT="förses"/><SP WIDTH="19" VPOS="2234" HPOS="1014"/>
							<String ID="string_378" HPOS="1033" VPOS="2233" WIDTH="79" HEIGHT="29" WC="0.96" CONTENT="med"/><SP WIDTH="22" VPOS="2233" HPOS="1112"/>
							<String ID="string_379" HPOS="1134" VPOS="2231" WIDTH="212" HEIGHT="39" WC="0.96" CONTENT="anteckning"/><SP WIDTH="19" VPOS="2231" HPOS="1346"/>
							<String ID="string_380" HPOS="1365" VPOS="2231" WIDTH="136" HEIGHT="29" WC="0.96" CONTENT="härom."/>
						</TextLine>
					</TextBlock>
					<TextBlock ID="block_14" HPOS="123" VPOS="2277" WIDTH="1506" HEIGHT="150">
						<TextLine ID="line_40" HPOS="164" VPOS="2277" WIDTH="1465" HEIGHT="43">
							<String ID="string_381" HPOS="164" VPOS="2287" WIDTH="90" HEIGHT="29" WC="0.96" CONTENT="Över"/><SP WIDTH="26" VPOS="2287" HPOS="254"/>
							<String ID="string_382" HPOS="280" VPOS="2286" WIDTH="137" HEIGHT="32" WC="0.96" CONTENT="fordon,"/><SP WIDTH="27" VPOS="2286" HPOS="417"/>
							<String ID="string_383" HPOS="444" VPOS="2285" WIDTH="56" HEIGHT="29" WC="0.96" CONTENT="för"/><SP WIDTH="26" VPOS="2285" HPOS="500"/>
							<String ID="string_384" HPOS="526" VPOS="2284" WIDTH="94" HEIGHT="30" WC="0.96" CONTENT="vilka"/><SP WIDTH="27" VPOS="2284" HPOS="620"/>
							<String ID="string_385" HPOS="647" VPOS="2283" WIDTH="177" HEIGHT="30" WC="0.91" CONTENT="utfärdats"/><SP WIDTH="27" VPOS="2283" HPOS="824"/>
							<String ID="string_386" HPOS="851" VPOS="2280" WIDTH="336" HEIGHT="40" WC="0.91" CONTENT="turistvagnslicens,"/><SP WIDTH="29" VPOS="2280" HPOS="1187"/>
							<String ID="string_387" HPOS="1216" VPOS="2279" WIDTH="90" HEIGHT="30" WC="0.96" CONTENT="skall"/><SP WIDTH="26" VPOS="2279" HPOS="1306"/>
							<String ID="string_388" HPOS="1332" VPOS="2277" WIDTH="297" HEIGHT="41" WC="0.96" CONTENT="polismyndighet"/>
						</TextLine>
						<TextLine ID="line_41" HPOS="123" VPOS="2329" WIDTH="1504" HEIGHT="47">
							<String ID="string_389" HPOS="123" VPOS="2340" WIDTH="76" HEIGHT="29" WC="0.96" CONTENT="föra"/><SP WIDTH="28" VPOS="2340" HPOS="199"/>
							<String ID="string_390" HPOS="227" VPOS="2338" WIDTH="142" HEIGHT="31" WC="0.96" CONTENT="särskilt"/><SP WIDTH="26" VPOS="2338" HPOS="369"/>
							<String ID="string_391" HPOS="395" VPOS="2337" WIDTH="155" HEIGHT="39" WC="0.96" CONTENT="register."/><SP WIDTH="25" VPOS="2337" HPOS="550"/>
							<String ID="string_392" HPOS="575" VPOS="2336" WIDTH="169" HEIGHT="29" WC="0.96" CONTENT="Närmare"/><SP WIDTH="26" VPOS="2336" HPOS="744"/>
							<String ID="string_393" HPOS="770" VPOS="2334" WIDTH="263" HEIGHT="30" WC="0.96" CONTENT="bestämmelser"/><SP WIDTH="26" VPOS="2334" HPOS="1033"/>
							<String ID="string_394" HPOS="1059" VPOS="2343" WIDTH="55" HEIGHT="20" WC="0.96" CONTENT="om"/><SP WIDTH="27" VPOS="2343" HPOS="1114"/>
							<String ID="string_395" HPOS="1141" VPOS="2332" WIDTH="113" HEIGHT="39" WC="0.96" CONTENT="dylikt"/><SP WIDTH="25" VPOS="2332" HPOS="1254"/>
							<String ID="string_396" HPOS="1279" VPOS="2331" WIDTH="144" HEIGHT="39" WC="0.96" CONTENT="register"/><SP WIDTH="26" VPOS="2331" HPOS="1423"/>
							<String ID="string_397" HPOS="1449" VPOS="2329" WIDTH="178" HEIGHT="31" WC="0.96" CONTENT="meddelas"/>
						</TextLine>
						<TextLine ID="line_42" HPOS="125" VPOS="2381" WIDTH="1261" HEIGHT="46">
							<String ID="string_398" HPOS="125" VPOS="2399" WIDTH="42" HEIGHT="20" WC="0.96" CONTENT="av"/><SP WIDTH="22" VPOS="2399" HPOS="167"/>
							<String ID="string_399" HPOS="189" VPOS="2389" WIDTH="195" HEIGHT="38" WC="0.96" CONTENT="Konungen"/><SP WIDTH="24" VPOS="2389" HPOS="384"/>
							<String ID="string_400" HPOS="408" VPOS="2387" WIDTH="84" HEIGHT="30" WC="0.96" CONTENT="eller"/><SP WIDTH="23" VPOS="2387" HPOS="492"/>
							<String ID="string_401" HPOS="515" VPOS="2387" WIDTH="66" HEIGHT="29" WC="0.96" CONTENT="den"/><SP WIDTH="24" VPOS="2387" HPOS="581"/>
							<String ID="string_402" HPOS="605" VPOS="2385" WIDTH="204" HEIGHT="40" WC="0.96" CONTENT="myndighet"/><SP WIDTH="23" VPOS="2385" HPOS="809"/>
							<String ID="string_403" HPOS="832" VPOS="2385" WIDTH="195" HEIGHT="36" WC="0.96" CONTENT="Konungen"/><SP WIDTH="23" VPOS="2385" HPOS="1027"/>
							<String ID="string_404" HPOS="1050" VPOS="2382" WIDTH="116" HEIGHT="30" WC="0.96" CONTENT="därtill"/><SP WIDTH="24" VPOS="2382" HPOS="1166"/>
							<String ID="string_405" HPOS="1190" VPOS="2381" WIDTH="196" HEIGHT="30" WC="0.96" CONTENT="förordnar."/>
						</TextLine>
					</TextBlock>
					<TextBlock ID="block_15" HPOS="124" VPOS="2429" WIDTH="1504" HEIGHT="98">
						<TextLine ID="line_43" HPOS="168" VPOS="2429" WIDTH="1460" HEIGHT="47">
							<String ID="string_406" HPOS="168" VPOS="2437" WIDTH="342" HEIGHT="39" WC="0.91" CONTENT="Turistvagnslicens"/><SP WIDTH="26" VPOS="2437" HPOS="510"/>
							<String ID="string_407" HPOS="536" VPOS="2437" WIDTH="88" HEIGHT="29" WC="0.96" CONTENT="skall"/><SP WIDTH="24" VPOS="2437" HPOS="624"/>
							<String ID="string_408" HPOS="648" VPOS="2436" WIDTH="112" HEIGHT="29" WC="0.96" CONTENT="under"/><SP WIDTH="25" VPOS="2436" HPOS="760"/>
							<String ID="string_409" HPOS="785" VPOS="2435" WIDTH="78" HEIGHT="30" WC="0.96" CONTENT="färd"/><SP WIDTH="25" VPOS="2435" HPOS="863"/>
							<String ID="string_410" HPOS="888" VPOS="2434" WIDTH="178" HEIGHT="30" WC="0.96" CONTENT="medföras"/><SP WIDTH="24" VPOS="2434" HPOS="1066"/>
							<String ID="string_411" HPOS="1090" VPOS="2433" WIDTH="64" HEIGHT="29" WC="0.95" CONTENT="och"/><SP WIDTH="27" VPOS="2433" HPOS="1154"/>
							<String ID="string_412" HPOS="1181" VPOS="2432" WIDTH="45" HEIGHT="40" WC="0.95" CONTENT="på"/><SP WIDTH="24" VPOS="2432" HPOS="1226"/>
							<String ID="string_413" HPOS="1250" VPOS="2430" WIDTH="187" HEIGHT="40" WC="0.95" CONTENT="tillsägelse"/><SP WIDTH="25" VPOS="2430" HPOS="1437"/>
							<String ID="string_414" HPOS="1462" VPOS="2429" WIDTH="166" HEIGHT="41" WC="0.96" CONTENT="uppvisas"/>
						</TextLine>
						<TextLine ID="line_44" HPOS="124" VPOS="2486" WIDTH="701" HEIGHT="41">
							<String ID="string_415" HPOS="124" VPOS="2491" WIDTH="54" HEIGHT="29" WC="0.96" CONTENT="för"/><SP WIDTH="26" VPOS="2491" HPOS="178"/>
							<String ID="string_416" HPOS="204" VPOS="2488" WIDTH="303" HEIGHT="39" WC="0.95" CONTENT="besiktningsman"/><SP WIDTH="27" VPOS="2488" HPOS="507"/>
							<String ID="string_417" HPOS="534" VPOS="2487" WIDTH="81" HEIGHT="29" WC="0.95" CONTENT="eller"/><SP WIDTH="25" VPOS="2487" HPOS="615"/>
							<String ID="string_418" HPOS="640" VPOS="2486" WIDTH="185" HEIGHT="39" WC="0.95" CONTENT="polisman."/>
						</TextLine>
					</TextBlock>
				</ComposedBlock>
			</PrintSpace>
		</Page>
	</Layout>
</alto>
