<?xml version="1.0" encoding="UTF-8"?>
<alto xmlns="http://www.loc.gov/standards/alto/ns-v3#" xmlns:xlink="http://www.w3.org/1999/xlink" xmlns:xsi="http://www.w3.org/2001/XMLSchema-instance" xsi:schemaLocation="http://www.loc.gov/standards/alto/ns-v3# http://www.loc.gov/alto/v3/alto-3-0.xsd">
	<Description>
		<MeasurementUnit>pixel</MeasurementUnit>
		<sourceImageInformation>
			<fileName>/tmp/tess_0ykh0ls9_input.PNG</fileName>
		</sourceImageInformation>
		<OCRProcessing ID="OCR_0">
			<ocrProcessingStep>
				<processingSoftware>
					<softwareName>tesseract 5.3.0</softwareName>
				</processingSoftware>
			</ocrProcessingStep>
		</OCRProcessing>
	</Description>
	<Layout>
		<Page WIDTH="1862" HEIGHT="2794" PHYSICAL_IMG_NR="0" ID="page_0">
			<PrintSpace HPOS="0" VPOS="0" WIDTH="1862" HEIGHT="2794">
				<ComposedBlock ID="cblock_0" HPOS="501" VPOS="163" WIDTH="1115" HEIGHT="41">
					<TextBlock ID="block_0" HPOS="501" VPOS="163" WIDTH="1115" HEIGHT="41">
						<TextLine ID="line_0" HPOS="501" VPOS="163" WIDTH="1115" HEIGHT="41">
							<String ID="string_0" HPOS="501" VPOS="164" WIDTH="120" HEIGHT="31" WC="0.91" CONTENT="Andra"/><SP WIDTH="18" VPOS="164" HPOS="621"/>
							<String ID="string_1" HPOS="639" VPOS="164" WIDTH="245" HEIGHT="40" WC="0.92" CONTENT="lagutskottets"/><SP WIDTH="19" VPOS="164" HPOS="884"/>
							<String ID="string_2" HPOS="903" VPOS="164" WIDTH="180" HEIGHT="31" WC="0.96" CONTENT="utlåtande"/><SP WIDTH="17" VPOS="164" HPOS="1083"/>
							<String ID="string_3" HPOS="1100" VPOS="173" WIDTH="43" HEIGHT="21" WC="0.95" CONTENT="nr"/><SP WIDTH="27" VPOS="173" HPOS="1143"/>
							<String ID="string_4" HPOS="1170" VPOS="164" WIDTH="54" HEIGHT="31" WC="0.95" CONTENT="30."/><SP WIDTH="354" VPOS="164" HPOS="1224"/>
							<String ID="string_5" HPOS="1578" VPOS="163" WIDTH="38" HEIGHT="31" WC="0.95" CONTENT="21"/>
						</TextLine>
					</TextBlock>
				</ComposedBlock>
				<ComposedBlock ID="cblock_1" HPOS="106" VPOS="250" WIDTH="1509" HEIGHT="496">
					<TextBlock ID="block_1" HPOS="109" VPOS="250" WIDTH="1502" HEIGHT="85">
						<TextLine ID="line_1" HPOS="109" VPOS="250" WIDTH="1502" HEIGHT="41">
							<String ID="string_6" HPOS="109" VPOS="250" WIDTH="75" HEIGHT="35" WC="0.96" CONTENT="och,"/><SP WIDTH="28" VPOS="250" HPOS="184"/>
							<String ID="string_7" HPOS="212" VPOS="250" WIDTH="105" HEIGHT="31" WC="0.96" CONTENT="såvitt"/><SP WIDTH="30" VPOS="250" HPOS="317"/>
							<String ID="string_8" HPOS="347" VPOS="250" WIDTH="108" HEIGHT="40" WC="0.93" CONTENT="angår"/><SP WIDTH="26" VPOS="250" HPOS="455"/>
							<String ID="string_9" HPOS="481" VPOS="250" WIDTH="171" HEIGHT="41" WC="0.91" CONTENT="trehjulig"/><SP WIDTH="25" VPOS="250" HPOS="652"/>
							<String ID="string_10" HPOS="677" VPOS="251" WIDTH="226" HEIGHT="39" WC="0.96" CONTENT="motorcykel,"/><SP WIDTH="29" VPOS="251" HPOS="903"/>
							<String ID="string_11" HPOS="932" VPOS="260" WIDTH="76" HEIGHT="21" WC="0.96" CONTENT="som"/><SP WIDTH="28" VPOS="260" HPOS="1008"/>
							<String ID="string_12" HPOS="1036" VPOS="252" WIDTH="38" HEIGHT="28" WC="0.96" CONTENT="är"/><SP WIDTH="27" VPOS="252" HPOS="1074"/>
							<String ID="string_13" HPOS="1101" VPOS="250" WIDTH="114" HEIGHT="40" WC="0.96" CONTENT="byggd"/><SP WIDTH="27" VPOS="250" HPOS="1215"/>
							<String ID="string_14" HPOS="1242" VPOS="251" WIDTH="56" HEIGHT="30" WC="0.93" CONTENT="för"/><SP WIDTH="28" VPOS="251" HPOS="1298"/>
							<String ID="string_15" HPOS="1326" VPOS="250" WIDTH="285" HEIGHT="39" WC="0.92" CONTENT="godsbefordran,"/>
						</TextLine>
						<TextLine ID="line_2" HPOS="109" VPOS="300" WIDTH="230" HEIGHT="35">
							<String ID="string_16" HPOS="109" VPOS="300" WIDTH="230" HEIGHT="35" WC="0.90" CONTENT="maximilast;"/>
						</TextLine>
					</TextBlock>
					<TextBlock ID="block_2" HPOS="108" VPOS="349" WIDTH="1507" HEIGHT="142">
						<TextLine ID="line_3" HPOS="151" VPOS="349" WIDTH="1463" HEIGHT="41">
							<String ID="string_17" HPOS="151" VPOS="350" WIDTH="41" HEIGHT="35" WC="0.90" CONTENT="d)"/><SP WIDTH="27" VPOS="350" HPOS="192"/>
							<String ID="string_18" HPOS="219" VPOS="350" WIDTH="224" HEIGHT="31" WC="0.96" CONTENT="beträffande"/><SP WIDTH="33" VPOS="350" HPOS="443"/>
							<String ID="string_19" HPOS="476" VPOS="350" WIDTH="218" HEIGHT="39" WC="0.94" CONTENT="motorcykel"/><SP WIDTH="34" VPOS="350" HPOS="694"/>
							<String ID="string_20" HPOS="728" VPOS="351" WIDTH="81" HEIGHT="30" WC="0.96" CONTENT="med"/><SP WIDTH="33" VPOS="351" HPOS="809"/>
							<String ID="string_21" HPOS="842" VPOS="350" WIDTH="210" HEIGHT="40" WC="0.93" CONTENT="tillkopplad"/><SP WIDTH="24" VPOS="350" HPOS="1052"/>
							<String ID="string_22" HPOS="1076" VPOS="350" WIDTH="156" HEIGHT="39" WC="0.92" CONTENT="sidvagn,"/><SP WIDTH="24" VPOS="350" HPOS="1232"/>
							<String ID="string_23" HPOS="1256" VPOS="349" WIDTH="75" HEIGHT="31" WC="0.93" CONTENT="dels"/><SP WIDTH="22" VPOS="349" HPOS="1331"/>
							<String ID="string_24" HPOS="1353" VPOS="349" WIDTH="261" HEIGHT="40" WC="0.92" CONTENT="motorcykelns"/>
						</TextLine>
						<TextLine ID="line_4" HPOS="108" VPOS="400" WIDTH="1507" HEIGHT="41">
							<String ID="string_25" HPOS="108" VPOS="401" WIDTH="220" HEIGHT="40" WC="0.96" CONTENT="tjänstevikt,"/><SP WIDTH="20" VPOS="401" HPOS="328"/>
							<String ID="string_26" HPOS="348" VPOS="401" WIDTH="73" HEIGHT="31" WC="0.96" CONTENT="dels"/><SP WIDTH="18" VPOS="401" HPOS="421"/>
							<String ID="string_27" HPOS="439" VPOS="402" WIDTH="69" HEIGHT="29" WC="0.91" CONTENT="ock"/><SP WIDTH="21" VPOS="402" HPOS="508"/>
							<String ID="string_28" HPOS="529" VPOS="401" WIDTH="209" HEIGHT="40" WC="0.91" CONTENT="sidvagnens"/><SP WIDTH="19" VPOS="401" HPOS="738"/>
							<String ID="string_29" HPOS="757" VPOS="400" WIDTH="208" HEIGHT="41" WC="0.96" CONTENT="tjänstevikt"/><SP WIDTH="20" VPOS="400" HPOS="965"/>
							<String ID="string_30" HPOS="985" VPOS="401" WIDTH="75" HEIGHT="35" WC="0.96" CONTENT="och,"/><SP WIDTH="20" VPOS="401" HPOS="1060"/>
							<String ID="string_31" HPOS="1080" VPOS="410" WIDTH="58" HEIGHT="21" WC="0.93" CONTENT="om"/><SP WIDTH="19" VPOS="410" HPOS="1138"/>
							<String ID="string_32" HPOS="1157" VPOS="401" WIDTH="192" HEIGHT="40" WC="0.91" CONTENT="sidvagnen"/><SP WIDTH="20" VPOS="401" HPOS="1349"/>
							<String ID="string_33" HPOS="1369" VPOS="402" WIDTH="38" HEIGHT="29" WC="0.96" CONTENT="är"/><SP WIDTH="18" VPOS="402" HPOS="1407"/>
							<String ID="string_34" HPOS="1425" VPOS="400" WIDTH="116" HEIGHT="40" WC="0.96" CONTENT="byggd"/><SP WIDTH="19" VPOS="400" HPOS="1541"/>
							<String ID="string_35" HPOS="1560" VPOS="400" WIDTH="55" HEIGHT="30" WC="0.96" CONTENT="för"/>
						</TextLine>
						<TextLine ID="line_5" HPOS="109" VPOS="452" WIDTH="540" HEIGHT="39">
							<String ID="string_36" HPOS="109" VPOS="452" WIDTH="287" HEIGHT="39" WC="0.90" CONTENT="godsbefordran,"/><SP WIDTH="21" VPOS="452" HPOS="396"/>
							<String ID="string_37" HPOS="417" VPOS="452" WIDTH="232" HEIGHT="35" WC="0.91" CONTENT="maximilast;"/>
						</TextLine>
					</TextBlock>
					<TextBlock ID="block_3" HPOS="106" VPOS="502" WIDTH="1508" HEIGHT="144">
						<TextLine ID="line_6" HPOS="150" VPOS="502" WIDTH="1464" HEIGHT="41">
							<String ID="string_38" HPOS="150" VPOS="503" WIDTH="35" HEIGHT="34" WC="0.91" CONTENT="e)"/><SP WIDTH="30" VPOS="503" HPOS="185"/>
							<String ID="string_39" HPOS="215" VPOS="503" WIDTH="222" HEIGHT="30" WC="0.96" CONTENT="beträffande"/><SP WIDTH="25" VPOS="503" HPOS="437"/>
							<String ID="string_40" HPOS="462" VPOS="502" WIDTH="215" HEIGHT="41" WC="0.96" CONTENT="släpfordon,"/><SP WIDTH="27" VPOS="502" HPOS="677"/>
							<String ID="string_41" HPOS="704" VPOS="502" WIDTH="73" HEIGHT="31" WC="0.96" CONTENT="dels"/><SP WIDTH="23" VPOS="502" HPOS="777"/>
							<String ID="string_42" HPOS="800" VPOS="502" WIDTH="182" HEIGHT="31" WC="0.93" CONTENT="fordonets"/><SP WIDTH="23" VPOS="502" HPOS="982"/>
							<String ID="string_43" HPOS="1005" VPOS="502" WIDTH="419" HEIGHT="40" WC="0.91" CONTENT="registreringsnummer,"/><SP WIDTH="26" VPOS="502" HPOS="1424"/>
							<String ID="string_44" HPOS="1450" VPOS="502" WIDTH="76" HEIGHT="31" WC="0.96" CONTENT="dels"/><SP WIDTH="24" VPOS="502" HPOS="1526"/>
							<String ID="string_45" HPOS="1550" VPOS="503" WIDTH="64" HEIGHT="30" WC="0.96" CONTENT="ock"/>
						</TextLine>
						<TextLine ID="line_7" HPOS="106" VPOS="555" WIDTH="1507" HEIGHT="41">
							<String ID="string_46" HPOS="106" VPOS="555" WIDTH="182" HEIGHT="31" WC="0.96" CONTENT="fordonets"/><SP WIDTH="22" VPOS="555" HPOS="288"/>
							<String ID="string_47" HPOS="310" VPOS="556" WIDTH="218" HEIGHT="40" WC="0.95" CONTENT="tjänstevikt,"/><SP WIDTH="21" VPOS="556" HPOS="528"/>
							<String ID="string_48" HPOS="549" VPOS="555" WIDTH="109" HEIGHT="31" WC="0.96" CONTENT="bredd"/><SP WIDTH="21" VPOS="555" HPOS="658"/>
							<String ID="string_49" HPOS="679" VPOS="556" WIDTH="65" HEIGHT="29" WC="0.93" CONTENT="och"/><SP WIDTH="20" VPOS="556" HPOS="744"/>
							<String ID="string_50" HPOS="764" VPOS="555" WIDTH="215" HEIGHT="31" WC="0.92" CONTENT="maximilast"/><SP WIDTH="21" VPOS="555" HPOS="979"/>
							<String ID="string_51" HPOS="1000" VPOS="557" WIDTH="167" HEIGHT="29" WC="0.96" CONTENT="ävensom"/><SP WIDTH="21" VPOS="557" HPOS="1167"/>
							<String ID="string_52" HPOS="1188" VPOS="556" WIDTH="57" HEIGHT="30" WC="0.96" CONTENT="det"/><SP WIDTH="23" VPOS="556" HPOS="1245"/>
							<String ID="string_53" HPOS="1268" VPOS="556" WIDTH="128" HEIGHT="30" WC="0.95" CONTENT="största"/><SP WIDTH="21" VPOS="556" HPOS="1396"/>
							<String ID="string_54" HPOS="1417" VPOS="555" WIDTH="97" HEIGHT="30" WC="0.93" CONTENT="antal"/><SP WIDTH="21" VPOS="555" HPOS="1514"/>
							<String ID="string_55" HPOS="1535" VPOS="563" WIDTH="78" HEIGHT="32" WC="0.93" CONTENT="pas-"/>
						</TextLine>
						<TextLine ID="line_8" HPOS="107" VPOS="606" WIDTH="697" HEIGHT="40">
							<String ID="string_56" HPOS="107" VPOS="614" WIDTH="159" HEIGHT="32" WC="0.91" CONTENT="sagerare"/><SP WIDTH="16" VPOS="614" HPOS="266"/>
							<String ID="string_57" HPOS="282" VPOS="607" WIDTH="163" HEIGHT="30" WC="0.96" CONTENT="fordonet"/><SP WIDTH="18" VPOS="607" HPOS="445"/>
							<String ID="string_58" HPOS="463" VPOS="607" WIDTH="39" HEIGHT="29" WC="0.96" CONTENT="är"/><SP WIDTH="18" VPOS="607" HPOS="502"/>
							<String ID="string_59" HPOS="520" VPOS="607" WIDTH="111" HEIGHT="29" WC="0.95" CONTENT="avsett"/><SP WIDTH="18" VPOS="607" HPOS="631"/>
							<String ID="string_60" HPOS="649" VPOS="607" WIDTH="50" HEIGHT="29" WC="0.96" CONTENT="att"/><SP WIDTH="17" VPOS="607" HPOS="699"/>
							<String ID="string_61" HPOS="716" VPOS="606" WIDTH="88" HEIGHT="30" WC="0.95" CONTENT="föra."/>
						</TextLine>
					</TextBlock>
					<TextBlock ID="block_4" HPOS="108" VPOS="654" WIDTH="1507" HEIGHT="92">
						<TextLine ID="line_9" HPOS="152" VPOS="654" WIDTH="1463" HEIGHT="40">
							<String ID="string_62" HPOS="152" VPOS="656" WIDTH="21" HEIGHT="29" WC="0.96" CONTENT="3"/><SP WIDTH="19" VPOS="656" HPOS="173"/>
							<String ID="string_63" HPOS="192" VPOS="664" WIDTH="106" HEIGHT="21" WC="0.96" CONTENT="mom."/><SP WIDTH="21" VPOS="664" HPOS="298"/>
							<String ID="string_64" HPOS="319" VPOS="655" WIDTH="49" HEIGHT="30" WC="0.96" CONTENT="På"/><SP WIDTH="18" VPOS="655" HPOS="368"/>
							<String ID="string_65" HPOS="386" VPOS="655" WIDTH="212" HEIGHT="39" WC="0.96" CONTENT="registrerad"/><SP WIDTH="19" VPOS="655" HPOS="598"/>
							<String ID="string_66" HPOS="617" VPOS="654" WIDTH="117" HEIGHT="30" WC="0.96" CONTENT="lastbil"/><SP WIDTH="20" VPOS="654" HPOS="734"/>
							<String ID="string_67" HPOS="754" VPOS="655" WIDTH="89" HEIGHT="29" WC="0.96" CONTENT="skall"/><SP WIDTH="19" VPOS="655" HPOS="843"/>
							<String ID="string_68" HPOS="862" VPOS="654" WIDTH="46" HEIGHT="40" WC="0.96" CONTENT="på"/><SP WIDTH="19" VPOS="654" HPOS="908"/>
							<String ID="string_69" HPOS="927" VPOS="654" WIDTH="136" HEIGHT="30" WC="0.96" CONTENT="utifrån"/><SP WIDTH="19" VPOS="654" HPOS="1063"/>
							<String ID="string_70" HPOS="1082" VPOS="654" WIDTH="55" HEIGHT="30" WC="0.96" CONTENT="väl"/><SP WIDTH="18" VPOS="654" HPOS="1137"/>
							<String ID="string_71" HPOS="1155" VPOS="654" WIDTH="117" HEIGHT="40" WC="0.96" CONTENT="synlig"/><SP WIDTH="19" VPOS="654" HPOS="1272"/>
							<String ID="string_72" HPOS="1291" VPOS="654" WIDTH="91" HEIGHT="40" WC="0.96" CONTENT="plats"/><SP WIDTH="20" VPOS="654" HPOS="1382"/>
							<String ID="string_73" HPOS="1402" VPOS="655" WIDTH="127" HEIGHT="39" WC="0.93" CONTENT="tydligt"/><SP WIDTH="20" VPOS="655" HPOS="1529"/>
							<String ID="string_74" HPOS="1549" VPOS="654" WIDTH="66" HEIGHT="30" WC="0.93" CONTENT="fin-"/>
						</TextLine>
						<TextLine ID="line_10" HPOS="108" VPOS="705" WIDTH="599" HEIGHT="41">
							<String ID="string_75" HPOS="108" VPOS="715" WIDTH="64" HEIGHT="22" WC="0.96" CONTENT="nas"/><SP WIDTH="17" VPOS="715" HPOS="172"/>
							<String ID="string_76" HPOS="189" VPOS="706" WIDTH="150" HEIGHT="40" WC="0.96" CONTENT="angiven"/><SP WIDTH="15" VPOS="706" HPOS="339"/>
							<String ID="string_77" HPOS="354" VPOS="706" WIDTH="111" HEIGHT="29" WC="0.93" CONTENT="bilens"/><SP WIDTH="15" VPOS="706" HPOS="465"/>
							<String ID="string_78" HPOS="480" VPOS="705" WIDTH="227" HEIGHT="30" WC="0.91" CONTENT="maximilast."/>
						</TextLine>
					</TextBlock>
				</ComposedBlock>
				<ComposedBlock ID="cblock_2" HPOS="537" VPOS="858" WIDTH="649" HEIGHT="119">
					<TextBlock ID="block_5" HPOS="537" VPOS="858" WIDTH="649" HEIGHT="119">
						<TextLine ID="line_11" HPOS="628" VPOS="858" WIDTH="468" HEIGHT="39">
							<String ID="string_79" HPOS="628" VPOS="859" WIDTH="44" HEIGHT="30" WC="0.90" CONTENT="B."/><SP WIDTH="44" VPOS="859" HPOS="672"/>
							<String ID="string_80" HPOS="716" VPOS="858" WIDTH="178" HEIGHT="39" WC="0.95" CONTENT="Löpande"/><SP WIDTH="23" VPOS="858" HPOS="894"/>
							<String ID="string_81" HPOS="917" VPOS="859" WIDTH="179" HEIGHT="31" WC="0.96" CONTENT="kontroll."/>
						</TextLine>
						<TextLine ID="line_12" HPOS="537" VPOS="940" WIDTH="649" HEIGHT="37">
							<String ID="string_82" HPOS="537" VPOS="940" WIDTH="244" HEIGHT="36" WC="0.96" CONTENT="Övervakning"/><SP WIDTH="22" VPOS="940" HPOS="781"/>
							<String ID="string_83" HPOS="803" VPOS="950" WIDTH="123" HEIGHT="27" WC="0.97" CONTENT="genom"/><SP WIDTH="26" VPOS="950" HPOS="926"/>
							<String ID="string_84" HPOS="952" VPOS="941" WIDTH="234" HEIGHT="35" WC="0.95" CONTENT="länsstyrelse."/>
						</TextLine>
					</TextBlock>
				</ComposedBlock>
				<ComposedBlock ID="cblock_3" HPOS="107" VPOS="1026" WIDTH="1508" HEIGHT="556">
					<TextBlock ID="block_6" HPOS="813" VPOS="1026" WIDTH="95" HEIGHT="37">
						<TextLine ID="line_13" HPOS="813" VPOS="1026" WIDTH="95" HEIGHT="37">
							<String ID="string_85" HPOS="813" VPOS="1026" WIDTH="41" HEIGHT="31" WC="0.77" CONTENT="22"/><SP WIDTH="26" VPOS="1026" HPOS="854"/>
							<String ID="string_86" HPOS="880" VPOS="1026" WIDTH="28" HEIGHT="37" WC="0.77" CONTENT="8."/>
						</TextLine>
					</TextBlock>
					<TextBlock ID="block_7" HPOS="107" VPOS="1084" WIDTH="1508" HEIGHT="145">
						<TextLine ID="line_14" HPOS="152" VPOS="1084" WIDTH="1463" HEIGHT="41">
							<String ID="string_87" HPOS="152" VPOS="1085" WIDTH="242" HEIGHT="39" WC="0.92" CONTENT="Länsstyrelse"/><SP WIDTH="22" VPOS="1085" HPOS="394"/>
							<String ID="string_88" HPOS="416" VPOS="1086" WIDTH="91" HEIGHT="38" WC="0.95" CONTENT="äger,"/><SP WIDTH="22" VPOS="1086" HPOS="507"/>
							<String ID="string_89" HPOS="529" VPOS="1086" WIDTH="65" HEIGHT="29" WC="0.96" CONTENT="när"/><SP WIDTH="19" VPOS="1086" HPOS="594"/>
							<String ID="string_90" HPOS="613" VPOS="1085" WIDTH="41" HEIGHT="30" WC="0.96" CONTENT="så"/><SP WIDTH="20" VPOS="1085" HPOS="654"/>
							<String ID="string_91" HPOS="674" VPOS="1085" WIDTH="116" HEIGHT="30" WC="0.96" CONTENT="finnes"/><SP WIDTH="21" VPOS="1085" HPOS="790"/>
							<String ID="string_92" HPOS="811" VPOS="1085" WIDTH="166" HEIGHT="40" WC="0.95" CONTENT="påkallat,"/><SP WIDTH="23" VPOS="1085" HPOS="977"/>
							<String ID="string_93" HPOS="1000" VPOS="1085" WIDTH="177" HEIGHT="39" WC="0.96" CONTENT="förelägga"/><SP WIDTH="22" VPOS="1085" HPOS="1177"/>
							<String ID="string_94" HPOS="1199" VPOS="1086" WIDTH="103" HEIGHT="38" WC="0.96" CONTENT="ägare"/><SP WIDTH="22" VPOS="1086" HPOS="1302"/>
							<String ID="string_95" HPOS="1324" VPOS="1094" WIDTH="41" HEIGHT="21" WC="0.96" CONTENT="av"/><SP WIDTH="21" VPOS="1094" HPOS="1365"/>
							<String ID="string_96" HPOS="1386" VPOS="1084" WIDTH="229" HEIGHT="31" WC="0.95" CONTENT="motordrivet"/>
						</TextLine>
						<TextLine ID="line_15" HPOS="109" VPOS="1135" WIDTH="1506" HEIGHT="41">
							<String ID="string_97" HPOS="109" VPOS="1135" WIDTH="128" HEIGHT="31" WC="0.95" CONTENT="fordon"/><SP WIDTH="24" VPOS="1135" HPOS="237"/>
							<String ID="string_98" HPOS="261" VPOS="1136" WIDTH="82" HEIGHT="30" WC="0.95" CONTENT="eller"/><SP WIDTH="21" VPOS="1136" HPOS="343"/>
							<String ID="string_99" HPOS="364" VPOS="1136" WIDTH="206" HEIGHT="40" WC="0.95" CONTENT="släpfordon"/><SP WIDTH="22" VPOS="1136" HPOS="570"/>
							<String ID="string_100" HPOS="592" VPOS="1137" WIDTH="51" HEIGHT="29" WC="0.96" CONTENT="att"/><SP WIDTH="19" VPOS="1137" HPOS="643"/>
							<String ID="string_101" HPOS="662" VPOS="1136" WIDTH="99" HEIGHT="30" WC="0.95" CONTENT="inom"/><SP WIDTH="21" VPOS="1136" HPOS="761"/>
							<String ID="string_102" HPOS="782" VPOS="1136" WIDTH="70" HEIGHT="30" WC="0.95" CONTENT="viss"/><SP WIDTH="22" VPOS="1136" HPOS="852"/>
							<String ID="string_103" HPOS="874" VPOS="1136" WIDTH="51" HEIGHT="30" WC="0.96" CONTENT="tid"/><SP WIDTH="19" VPOS="1136" HPOS="925"/>
							<String ID="string_104" HPOS="944" VPOS="1136" WIDTH="145" HEIGHT="30" WC="0.96" CONTENT="inställa"/><SP WIDTH="22" VPOS="1136" HPOS="1089"/>
							<String ID="string_105" HPOS="1111" VPOS="1135" WIDTH="163" HEIGHT="31" WC="0.96" CONTENT="fordonet"/><SP WIDTH="21" VPOS="1135" HPOS="1274"/>
							<String ID="string_106" HPOS="1295" VPOS="1135" WIDTH="63" HEIGHT="31" WC="0.93" CONTENT="hos"/><SP WIDTH="21" VPOS="1135" HPOS="1358"/>
							<String ID="string_107" HPOS="1379" VPOS="1135" WIDTH="236" HEIGHT="40" WC="0.91" CONTENT="besiktnings-"/>
						</TextLine>
						<TextLine ID="line_16" HPOS="107" VPOS="1187" WIDTH="770" HEIGHT="42">
							<String ID="string_108" HPOS="107" VPOS="1197" WIDTH="84" HEIGHT="21" WC="0.96" CONTENT="man"/><SP WIDTH="18" VPOS="1197" HPOS="191"/>
							<String ID="string_109" HPOS="209" VPOS="1188" WIDTH="54" HEIGHT="30" WC="0.91" CONTENT="till"/><SP WIDTH="19" VPOS="1188" HPOS="263"/>
							<String ID="string_110" HPOS="282" VPOS="1187" WIDTH="358" HEIGHT="41" WC="0.88" CONTENT="kontrollbesiktning"/><SP WIDTH="18" VPOS="1187" HPOS="640"/>
							<String ID="string_111" HPOS="658" VPOS="1189" WIDTH="108" HEIGHT="40" WC="0.95" CONTENT="enligt"/><SP WIDTH="19" VPOS="1189" HPOS="766"/>
							<String ID="string_112" HPOS="785" VPOS="1187" WIDTH="42" HEIGHT="32" WC="0.96" CONTENT="24"/><SP WIDTH="22" VPOS="1187" HPOS="827"/>
							<String ID="string_113" HPOS="849" VPOS="1188" WIDTH="28" HEIGHT="36" WC="0.88" CONTENT="8."/>
						</TextLine>
					</TextBlock>
					<TextBlock ID="block_8" HPOS="107" VPOS="1236" WIDTH="1508" HEIGHT="346">
						<TextLine ID="line_17" HPOS="152" VPOS="1236" WIDTH="1463" HEIGHT="41">
							<String ID="string_114" HPOS="152" VPOS="1237" WIDTH="54" HEIGHT="30" WC="0.96" CONTENT="Då"/><SP WIDTH="16" VPOS="1237" HPOS="206"/>
							<String ID="string_115" HPOS="222" VPOS="1237" WIDTH="202" HEIGHT="40" WC="0.96" CONTENT="besiktning"/><SP WIDTH="18" VPOS="1237" HPOS="424"/>
							<String ID="string_116" HPOS="442" VPOS="1237" WIDTH="84" HEIGHT="30" WC="0.96" CONTENT="eller"/><SP WIDTH="19" VPOS="1237" HPOS="526"/>
							<String ID="string_117" HPOS="545" VPOS="1246" WIDTH="118" HEIGHT="21" WC="0.95" CONTENT="annan"/><SP WIDTH="18" VPOS="1246" HPOS="663"/>
							<String ID="string_118" HPOS="681" VPOS="1237" WIDTH="266" HEIGHT="40" WC="0.96" CONTENT="undersökning"/><SP WIDTH="18" VPOS="1237" HPOS="947"/>
							<String ID="string_119" HPOS="965" VPOS="1247" WIDTH="44" HEIGHT="21" WC="0.96" CONTENT="av"/><SP WIDTH="18" VPOS="1247" HPOS="1009"/>
							<String ID="string_120" HPOS="1027" VPOS="1236" WIDTH="229" HEIGHT="31" WC="0.96" CONTENT="motordrivet"/><SP WIDTH="20" VPOS="1236" HPOS="1256"/>
							<String ID="string_121" HPOS="1276" VPOS="1237" WIDTH="126" HEIGHT="30" WC="0.96" CONTENT="fordon"/><SP WIDTH="17" VPOS="1237" HPOS="1402"/>
							<String ID="string_122" HPOS="1419" VPOS="1237" WIDTH="86" HEIGHT="30" WC="0.91" CONTENT="eller"/><SP WIDTH="18" VPOS="1237" HPOS="1505"/>
							<String ID="string_123" HPOS="1523" VPOS="1236" WIDTH="92" HEIGHT="40" WC="0.89" CONTENT="släp-"/>
						</TextLine>
						<TextLine ID="line_18" HPOS="108" VPOS="1287" WIDTH="1506" HEIGHT="40">
							<String ID="string_124" HPOS="108" VPOS="1288" WIDTH="128" HEIGHT="31" WC="0.96" CONTENT="fordon"/><SP WIDTH="20" VPOS="1288" HPOS="236"/>
							<String ID="string_125" HPOS="256" VPOS="1289" WIDTH="118" HEIGHT="30" WC="0.96" CONTENT="därtill"/><SP WIDTH="16" VPOS="1289" HPOS="374"/>
							<String ID="string_126" HPOS="390" VPOS="1288" WIDTH="201" HEIGHT="31" WC="0.96" CONTENT="föranleder"/><SP WIDTH="17" VPOS="1288" HPOS="591"/>
							<String ID="string_127" HPOS="608" VPOS="1289" WIDTH="83" HEIGHT="29" WC="0.96" CONTENT="eller"/><SP WIDTH="16" VPOS="1289" HPOS="691"/>
							<String ID="string_128" HPOS="707" VPOS="1288" WIDTH="45" HEIGHT="31" WC="0.96" CONTENT="då"/><SP WIDTH="15" VPOS="1288" HPOS="752"/>
							<String ID="string_129" HPOS="767" VPOS="1288" WIDTH="127" HEIGHT="30" WC="0.96" CONTENT="sådant"/><SP WIDTH="16" VPOS="1288" HPOS="894"/>
							<String ID="string_130" HPOS="910" VPOS="1288" WIDTH="130" HEIGHT="30" WC="0.93" CONTENT="fordon"/><SP WIDTH="17" VPOS="1288" HPOS="1040"/>
							<String ID="string_131" HPOS="1057" VPOS="1287" WIDTH="234" HEIGHT="31" WC="0.90" CONTENT="undanhålles"/><SP WIDTH="18" VPOS="1287" HPOS="1291"/>
							<String ID="string_132" HPOS="1309" VPOS="1287" WIDTH="211" HEIGHT="40" WC="0.96" CONTENT="besiktning,"/><SP WIDTH="18" VPOS="1287" HPOS="1520"/>
							<String ID="string_133" HPOS="1538" VPOS="1296" WIDTH="76" HEIGHT="21" WC="0.96" CONTENT="som"/>
						</TextLine>
						<TextLine ID="line_19" HPOS="108" VPOS="1337" WIDTH="1507" HEIGHT="42">
							<String ID="string_134" HPOS="108" VPOS="1339" WIDTH="167" HEIGHT="40" WC="0.92" CONTENT="förelagts"/><SP WIDTH="22" VPOS="1339" HPOS="275"/>
							<String ID="string_135" HPOS="297" VPOS="1349" WIDTH="43" HEIGHT="20" WC="0.96" CONTENT="av"/><SP WIDTH="20" VPOS="1349" HPOS="340"/>
							<String ID="string_136" HPOS="360" VPOS="1339" WIDTH="227" HEIGHT="39" WC="0.95" CONTENT="länsstyrelse"/><SP WIDTH="21" VPOS="1339" HPOS="587"/>
							<String ID="string_137" HPOS="608" VPOS="1339" WIDTH="83" HEIGHT="30" WC="0.95" CONTENT="eller"/><SP WIDTH="20" VPOS="1339" HPOS="691"/>
							<String ID="string_138" HPOS="711" VPOS="1339" WIDTH="58" HEIGHT="30" WC="0.96" CONTENT="vid"/><SP WIDTH="22" VPOS="1339" HPOS="769"/>
							<String ID="string_139" HPOS="791" VPOS="1339" WIDTH="163" HEIGHT="39" WC="0.96" CONTENT="flygande"/><SP WIDTH="19" VPOS="1339" HPOS="954"/>
							<String ID="string_140" HPOS="973" VPOS="1339" WIDTH="214" HEIGHT="40" WC="0.95" CONTENT="inspektion,"/><SP WIDTH="21" VPOS="1339" HPOS="1187"/>
							<String ID="string_141" HPOS="1208" VPOS="1347" WIDTH="79" HEIGHT="21" WC="0.96" CONTENT="som"/><SP WIDTH="20" VPOS="1347" HPOS="1287"/>
							<String ID="string_142" HPOS="1307" VPOS="1339" WIDTH="12" HEIGHT="29" WC="0.96" CONTENT="i"/><SP WIDTH="21" VPOS="1339" HPOS="1319"/>
							<String ID="string_143" HPOS="1340" VPOS="1338" WIDTH="40" HEIGHT="31" WC="0.92" CONTENT="23"/><SP WIDTH="25" VPOS="1338" HPOS="1380"/>
							<String ID="string_144" HPOS="1405" VPOS="1338" WIDTH="15" HEIGHT="38" WC="0.89" CONTENT="$"/><SP WIDTH="23" VPOS="1338" HPOS="1420"/>
							<String ID="string_145" HPOS="1443" VPOS="1339" WIDTH="92" HEIGHT="39" WC="0.96" CONTENT="sägs,"/><SP WIDTH="21" VPOS="1339" HPOS="1535"/>
							<String ID="string_146" HPOS="1556" VPOS="1337" WIDTH="59" HEIGHT="31" WC="0.96" CONTENT="må"/>
						</TextLine>
						<TextLine ID="line_20" HPOS="107" VPOS="1389" WIDTH="1506" HEIGHT="40">
							<String ID="string_147" HPOS="107" VPOS="1389" WIDTH="253" HEIGHT="40" WC="0.95" CONTENT="länsstyrelsen"/><SP WIDTH="19" VPOS="1389" HPOS="360"/>
							<String ID="string_148" HPOS="379" VPOS="1390" WIDTH="162" HEIGHT="30" WC="0.95" CONTENT="meddela"/><SP WIDTH="22" VPOS="1390" HPOS="541"/>
							<String ID="string_149" HPOS="563" VPOS="1389" WIDTH="127" HEIGHT="31" WC="0.96" CONTENT="förbud"/><SP WIDTH="21" VPOS="1389" HPOS="690"/>
							<String ID="string_150" HPOS="711" VPOS="1391" WIDTH="51" HEIGHT="29" WC="0.96" CONTENT="att"/><SP WIDTH="22" VPOS="1391" HPOS="762"/>
							<String ID="string_151" HPOS="784" VPOS="1390" WIDTH="160" HEIGHT="30" WC="0.96" CONTENT="använda"/><SP WIDTH="20" VPOS="1390" HPOS="944"/>
							<String ID="string_152" HPOS="964" VPOS="1389" WIDTH="166" HEIGHT="30" WC="0.96" CONTENT="fordonet"/><SP WIDTH="26" VPOS="1389" HPOS="1130"/>
							<String ID="string_153" HPOS="1156" VPOS="1389" WIDTH="245" HEIGHT="40" WC="0.96" CONTENT="(körförbud)."/><SP WIDTH="26" VPOS="1389" HPOS="1401"/>
							<String ID="string_154" HPOS="1427" VPOS="1389" WIDTH="186" HEIGHT="32" WC="0.96" CONTENT="Förbudet,"/>
						</TextLine>
						<TextLine ID="line_21" HPOS="109" VPOS="1439" WIDTH="1505" HEIGHT="41">
							<String ID="string_155" HPOS="109" VPOS="1449" WIDTH="75" HEIGHT="21" WC="0.96" CONTENT="som"/><SP WIDTH="22" VPOS="1449" HPOS="184"/>
							<String ID="string_156" HPOS="206" VPOS="1441" WIDTH="94" HEIGHT="30" WC="0.93" CONTENT="skall"/><SP WIDTH="22" VPOS="1441" HPOS="300"/>
							<String ID="string_157" HPOS="322" VPOS="1440" WIDTH="154" HEIGHT="40" WC="0.90" CONTENT="delgivas"/><SP WIDTH="25" VPOS="1440" HPOS="476"/>
							<String ID="string_158" HPOS="501" VPOS="1440" WIDTH="181" HEIGHT="30" WC="0.96" CONTENT="fordonets"/><SP WIDTH="26" VPOS="1440" HPOS="682"/>
							<String ID="string_159" HPOS="708" VPOS="1441" WIDTH="111" HEIGHT="39" WC="0.96" CONTENT="ägare,"/><SP WIDTH="26" VPOS="1441" HPOS="819"/>
							<String ID="string_160" HPOS="845" VPOS="1440" WIDTH="122" HEIGHT="30" WC="0.96" CONTENT="länder"/><SP WIDTH="22" VPOS="1440" HPOS="967"/>
							<String ID="string_161" HPOS="989" VPOS="1440" WIDTH="56" HEIGHT="30" WC="0.96" CONTENT="till"/><SP WIDTH="24" VPOS="1440" HPOS="1045"/>
							<String ID="string_162" HPOS="1069" VPOS="1440" WIDTH="199" HEIGHT="30" WC="0.93" CONTENT="omedelbar"/><SP WIDTH="25" VPOS="1440" HPOS="1268"/>
							<String ID="string_163" HPOS="1293" VPOS="1440" WIDTH="232" HEIGHT="30" WC="0.91" CONTENT="efterrättelse"/><SP WIDTH="24" VPOS="1440" HPOS="1525"/>
							<String ID="string_164" HPOS="1549" VPOS="1439" WIDTH="65" HEIGHT="30" WC="0.96" CONTENT="och"/>
						</TextLine>
						<TextLine ID="line_22" HPOS="109" VPOS="1489" WIDTH="1505" HEIGHT="42">
							<String ID="string_165" HPOS="109" VPOS="1492" WIDTH="107" HEIGHT="39" WC="0.96" CONTENT="gäller"/><SP WIDTH="19" VPOS="1492" HPOS="216"/>
							<String ID="string_166" HPOS="235" VPOS="1491" WIDTH="58" HEIGHT="30" WC="0.96" CONTENT="för"/><SP WIDTH="22" VPOS="1491" HPOS="293"/>
							<String ID="string_167" HPOS="315" VPOS="1491" WIDTH="78" HEIGHT="30" WC="0.96" CONTENT="hela"/><SP WIDTH="22" VPOS="1491" HPOS="393"/>
							<String ID="string_168" HPOS="415" VPOS="1491" WIDTH="92" HEIGHT="30" WC="0.96" CONTENT="riket"/><SP WIDTH="21" VPOS="1491" HPOS="507"/>
							<String ID="string_169" HPOS="528" VPOS="1490" WIDTH="92" HEIGHT="31" WC="0.96" CONTENT="intill"/><SP WIDTH="23" VPOS="1490" HPOS="620"/>
							<String ID="string_170" HPOS="643" VPOS="1491" WIDTH="78" HEIGHT="30" WC="0.96" CONTENT="dess"/><SP WIDTH="23" VPOS="1491" HPOS="721"/>
							<String ID="string_171" HPOS="744" VPOS="1491" WIDTH="305" HEIGHT="39" WC="0.96" CONTENT="besiktningsman"/><SP WIDTH="22" VPOS="1491" HPOS="1049"/>
							<String ID="string_172" HPOS="1071" VPOS="1490" WIDTH="90" HEIGHT="30" WC="0.93" CONTENT="efter"/><SP WIDTH="23" VPOS="1490" HPOS="1161"/>
							<String ID="string_173" HPOS="1184" VPOS="1490" WIDTH="358" HEIGHT="40" WC="0.91" CONTENT="kontrollbesiktning"/><SP WIDTH="20" VPOS="1490" HPOS="1542"/>
							<String ID="string_174" HPOS="1562" VPOS="1489" WIDTH="52" HEIGHT="30" WC="0.93" CONTENT="in-"/>
						</TextLine>
						<TextLine ID="line_23" HPOS="107" VPOS="1541" WIDTH="813" HEIGHT="41">
							<String ID="string_175" HPOS="107" VPOS="1543" WIDTH="107" HEIGHT="39" WC="0.92" CONTENT="tygat,"/><SP WIDTH="22" VPOS="1543" HPOS="214"/>
							<String ID="string_176" HPOS="236" VPOS="1544" WIDTH="54" HEIGHT="28" WC="0.96" CONTENT="att"/><SP WIDTH="17" VPOS="1544" HPOS="290"/>
							<String ID="string_177" HPOS="307" VPOS="1541" WIDTH="165" HEIGHT="31" WC="0.96" CONTENT="fordonet"/><SP WIDTH="20" VPOS="1541" HPOS="472"/>
							<String ID="string_178" HPOS="492" VPOS="1542" WIDTH="39" HEIGHT="30" WC="0.96" CONTENT="är"/><SP WIDTH="18" VPOS="1542" HPOS="531"/>
							<String ID="string_179" HPOS="549" VPOS="1542" WIDTH="12" HEIGHT="29" WC="0.96" CONTENT="i"/><SP WIDTH="20" VPOS="1542" HPOS="561"/>
							<String ID="string_180" HPOS="581" VPOS="1541" WIDTH="209" HEIGHT="30" WC="0.96" CONTENT="föreskrivet"/><SP WIDTH="18" VPOS="1541" HPOS="790"/>
							<String ID="string_181" HPOS="808" VPOS="1541" WIDTH="112" HEIGHT="30" WC="0.96" CONTENT="skick."/>
						</TextLine>
					</TextBlock>
				</ComposedBlock>
				<ComposedBlock ID="cblock_4" HPOS="657" VPOS="1675" WIDTH="405" HEIGHT="116">
					<TextBlock ID="block_9" HPOS="657" VPOS="1675" WIDTH="405" HEIGHT="116">
						<TextLine ID="line_24" HPOS="657" VPOS="1675" WIDTH="405" HEIGHT="37">
							<String ID="string_182" HPOS="657" VPOS="1675" WIDTH="176" HEIGHT="37" WC="0.95" CONTENT="Flygande"/><SP WIDTH="20" VPOS="1675" HPOS="833"/>
							<String ID="string_183" HPOS="853" VPOS="1675" WIDTH="209" HEIGHT="37" WC="0.95" CONTENT="inspektion."/>
						</TextLine>
						<TextLine ID="line_25" HPOS="815" VPOS="1753" WIDTH="90" HEIGHT="38">
							<String ID="string_184" HPOS="815" VPOS="1753" WIDTH="40" HEIGHT="31" WC="0.94" CONTENT="23"/><SP WIDTH="22" VPOS="1753" HPOS="855"/>
							<String ID="string_185" HPOS="877" VPOS="1753" WIDTH="28" HEIGHT="38" WC="0.94" CONTENT="8."/>
						</TextLine>
					</TextBlock>
				</ComposedBlock>
				<ComposedBlock ID="cblock_5" HPOS="105" VPOS="1810" WIDTH="1511" HEIGHT="693">
					<TextBlock ID="block_10" HPOS="105" VPOS="1810" WIDTH="1508" HEIGHT="192">
						<TextLine ID="line_26" HPOS="149" VPOS="1810" WIDTH="1463" HEIGHT="42">
							<String ID="string_186" HPOS="149" VPOS="1810" WIDTH="190" HEIGHT="36" WC="0.96" CONTENT="Polisman,"/><SP WIDTH="23" VPOS="1810" HPOS="339"/>
							<String ID="string_187" HPOS="362" VPOS="1821" WIDTH="74" HEIGHT="21" WC="0.96" CONTENT="som"/><SP WIDTH="21" VPOS="1821" HPOS="436"/>
							<String ID="string_188" HPOS="457" VPOS="1812" WIDTH="226" HEIGHT="39" WC="0.93" CONTENT="länsstyrelse"/><SP WIDTH="22" VPOS="1812" HPOS="683"/>
							<String ID="string_189" HPOS="705" VPOS="1813" WIDTH="182" HEIGHT="30" WC="0.92" CONTENT="förordnat"/><SP WIDTH="20" VPOS="1813" HPOS="887"/>
							<String ID="string_190" HPOS="907" VPOS="1813" WIDTH="131" HEIGHT="34" WC="0.96" CONTENT="härtill,"/><SP WIDTH="23" VPOS="1813" HPOS="1038"/>
							<String ID="string_191" HPOS="1061" VPOS="1813" WIDTH="38" HEIGHT="30" WC="0.96" CONTENT="så"/><SP WIDTH="21" VPOS="1813" HPOS="1099"/>
							<String ID="string_192" HPOS="1120" VPOS="1813" WIDTH="66" HEIGHT="30" WC="0.96" CONTENT="ock"/><SP WIDTH="19" VPOS="1813" HPOS="1186"/>
							<String ID="string_193" HPOS="1205" VPOS="1812" WIDTH="306" HEIGHT="40" WC="0.96" CONTENT="besiktningsman"/><SP WIDTH="22" VPOS="1812" HPOS="1511"/>
							<String ID="string_194" HPOS="1533" VPOS="1813" WIDTH="79" HEIGHT="38" WC="0.96" CONTENT="äger"/>
						</TextLine>
						<TextLine ID="line_27" HPOS="105" VPOS="1862" WIDTH="1508" HEIGHT="40">
							<String ID="string_195" HPOS="105" VPOS="1862" WIDTH="51" HEIGHT="29" WC="0.96" CONTENT="att"/><SP WIDTH="26" VPOS="1862" HPOS="156"/>
							<String ID="string_196" HPOS="182" VPOS="1862" WIDTH="202" HEIGHT="31" WC="0.96" CONTENT="undersöka"/><SP WIDTH="26" VPOS="1862" HPOS="384"/>
							<String ID="string_197" HPOS="410" VPOS="1863" WIDTH="65" HEIGHT="29" WC="0.96" CONTENT="och"/><SP WIDTH="27" VPOS="1863" HPOS="475"/>
							<String ID="string_198" HPOS="502" VPOS="1863" WIDTH="175" HEIGHT="39" WC="0.96" CONTENT="provköra"/><SP WIDTH="26" VPOS="1863" HPOS="677"/>
							<String ID="string_199" HPOS="703" VPOS="1862" WIDTH="228" HEIGHT="31" WC="0.96" CONTENT="motordrivet"/><SP WIDTH="27" VPOS="1862" HPOS="931"/>
							<String ID="string_200" HPOS="958" VPOS="1863" WIDTH="128" HEIGHT="30" WC="0.96" CONTENT="fordon"/><SP WIDTH="26" VPOS="1863" HPOS="1086"/>
							<String ID="string_201" HPOS="1112" VPOS="1862" WIDTH="84" HEIGHT="30" WC="0.95" CONTENT="eller"/><SP WIDTH="28" VPOS="1862" HPOS="1196"/>
							<String ID="string_202" HPOS="1224" VPOS="1863" WIDTH="215" HEIGHT="39" WC="0.96" CONTENT="släpfordon,"/><SP WIDTH="29" VPOS="1863" HPOS="1439"/>
							<String ID="string_203" HPOS="1468" VPOS="1871" WIDTH="76" HEIGHT="21" WC="0.96" CONTENT="som"/><SP WIDTH="27" VPOS="1871" HPOS="1544"/>
							<String ID="string_204" HPOS="1571" VPOS="1870" WIDTH="42" HEIGHT="21" WC="0.96" CONTENT="av"/>
						</TextLine>
						<TextLine ID="line_28" HPOS="105" VPOS="1911" WIDTH="1507" HEIGHT="41">
							<String ID="string_205" HPOS="105" VPOS="1911" WIDTH="131" HEIGHT="31" WC="0.96" CONTENT="honom"/><SP WIDTH="29" VPOS="1911" HPOS="236"/>
							<String ID="string_206" HPOS="265" VPOS="1912" WIDTH="175" HEIGHT="30" WC="0.96" CONTENT="anträffas"/><SP WIDTH="27" VPOS="1912" HPOS="440"/>
							<String ID="string_207" HPOS="467" VPOS="1913" WIDTH="46" HEIGHT="39" WC="0.96" CONTENT="på"/><SP WIDTH="29" VPOS="1913" HPOS="513"/>
							<String ID="string_208" HPOS="542" VPOS="1913" WIDTH="74" HEIGHT="39" WC="0.96" CONTENT="väg,"/><SP WIDTH="30" VPOS="1913" HPOS="616"/>
							<String ID="string_209" HPOS="646" VPOS="1913" WIDTH="56" HEIGHT="30" WC="0.96" CONTENT="för"/><SP WIDTH="27" VPOS="1913" HPOS="702"/>
							<String ID="string_210" HPOS="729" VPOS="1913" WIDTH="153" HEIGHT="30" WC="0.96" CONTENT="kontroll"/><SP WIDTH="28" VPOS="1913" HPOS="882"/>
							<String ID="string_211" HPOS="910" VPOS="1922" WIDTH="44" HEIGHT="22" WC="0.96" CONTENT="av"/><SP WIDTH="27" VPOS="1922" HPOS="954"/>
							<String ID="string_212" HPOS="981" VPOS="1912" WIDTH="181" HEIGHT="31" WC="0.96" CONTENT="fordonets"/><SP WIDTH="28" VPOS="1912" HPOS="1162"/>
							<String ID="string_213" HPOS="1190" VPOS="1912" WIDTH="246" HEIGHT="31" WC="0.96" CONTENT="beskaffenhet"/><SP WIDTH="29" VPOS="1912" HPOS="1436"/>
							<String ID="string_214" HPOS="1465" VPOS="1912" WIDTH="65" HEIGHT="30" WC="0.91" CONTENT="och"/><SP WIDTH="29" VPOS="1912" HPOS="1530"/>
							<String ID="string_215" HPOS="1559" VPOS="1913" WIDTH="53" HEIGHT="28" WC="0.91" CONTENT="ut-"/>
						</TextLine>
						<TextLine ID="line_29" HPOS="105" VPOS="1961" WIDTH="621" HEIGHT="41">
							<String ID="string_216" HPOS="105" VPOS="1962" WIDTH="164" HEIGHT="40" WC="0.96" CONTENT="rustning"/><SP WIDTH="22" VPOS="1962" HPOS="269"/>
							<String ID="string_217" HPOS="291" VPOS="1961" WIDTH="182" HEIGHT="41" WC="0.96" CONTENT="(flygande"/><SP WIDTH="20" VPOS="1961" HPOS="473"/>
							<String ID="string_218" HPOS="493" VPOS="1962" WIDTH="233" HEIGHT="40" WC="0.96" CONTENT="inspektion)."/>
						</TextLine>
					</TextBlock>
					<TextBlock ID="block_11" HPOS="107" VPOS="2011" WIDTH="1508" HEIGHT="341">
						<TextLine ID="line_30" HPOS="153" VPOS="2011" WIDTH="1462" HEIGHT="41">
							<String ID="string_219" HPOS="153" VPOS="2012" WIDTH="167" HEIGHT="31" WC="0.92" CONTENT="Befinnes"/><SP WIDTH="23" VPOS="2012" HPOS="320"/>
							<String ID="string_220" HPOS="343" VPOS="2012" WIDTH="163" HEIGHT="30" WC="0.96" CONTENT="fordonet"/><SP WIDTH="22" VPOS="2012" HPOS="506"/>
							<String ID="string_221" HPOS="528" VPOS="2021" WIDTH="84" HEIGHT="22" WC="0.96" CONTENT="vara"/><SP WIDTH="23" VPOS="2021" HPOS="612"/>
							<String ID="string_222" HPOS="635" VPOS="2013" WIDTH="38" HEIGHT="30" WC="0.96" CONTENT="så"/><SP WIDTH="22" VPOS="2013" HPOS="673"/>
							<String ID="string_223" HPOS="695" VPOS="2011" WIDTH="214" HEIGHT="40" WC="0.95" CONTENT="bristfälligt,"/><SP WIDTH="24" VPOS="2011" HPOS="909"/>
							<String ID="string_224" HPOS="933" VPOS="2014" WIDTH="51" HEIGHT="28" WC="0.96" CONTENT="att"/><SP WIDTH="22" VPOS="2014" HPOS="984"/>
							<String ID="string_225" HPOS="1006" VPOS="2011" WIDTH="58" HEIGHT="32" WC="0.96" CONTENT="det"/><SP WIDTH="23" VPOS="2011" HPOS="1064"/>
							<String ID="string_226" HPOS="1087" VPOS="2012" WIDTH="30" HEIGHT="40" WC="0.96" CONTENT="ej"/><SP WIDTH="27" VPOS="2012" HPOS="1117"/>
							<String ID="string_227" HPOS="1144" VPOS="2013" WIDTH="86" HEIGHT="28" WC="0.96" CONTENT="utan"/><SP WIDTH="23" VPOS="2013" HPOS="1230"/>
							<String ID="string_228" HPOS="1253" VPOS="2012" WIDTH="182" HEIGHT="39" WC="0.96" CONTENT="uppenbar"/><SP WIDTH="23" VPOS="2012" HPOS="1435"/>
							<String ID="string_229" HPOS="1458" VPOS="2012" WIDTH="79" HEIGHT="31" WC="0.96" CONTENT="fara"/><SP WIDTH="22" VPOS="2012" HPOS="1537"/>
							<String ID="string_230" HPOS="1559" VPOS="2011" WIDTH="56" HEIGHT="29" WC="0.96" CONTENT="för"/>
						</TextLine>
						<TextLine ID="line_31" HPOS="107" VPOS="2062" WIDTH="1508" HEIGHT="41">
							<String ID="string_231" HPOS="107" VPOS="2062" WIDTH="322" HEIGHT="33" WC="0.95" CONTENT="trafiksäkerheten"/><SP WIDTH="19" VPOS="2062" HPOS="429"/>
							<String ID="string_232" HPOS="448" VPOS="2063" WIDTH="72" HEIGHT="30" WC="0.96" CONTENT="kan"/><SP WIDTH="19" VPOS="2063" HPOS="520"/>
							<String ID="string_233" HPOS="539" VPOS="2062" WIDTH="118" HEIGHT="31" WC="0.96" CONTENT="vidare"/><SP WIDTH="21" VPOS="2062" HPOS="657"/>
							<String ID="string_234" HPOS="678" VPOS="2063" WIDTH="144" HEIGHT="40" WC="0.96" CONTENT="nyttjas,"/><SP WIDTH="22" VPOS="2063" HPOS="822"/>
							<String ID="string_235" HPOS="844" VPOS="2064" WIDTH="80" HEIGHT="37" WC="0.93" CONTENT="äger"/><SP WIDTH="20" VPOS="2064" HPOS="924"/>
							<String ID="string_236" HPOS="944" VPOS="2063" WIDTH="390" HEIGHT="40" WC="0.91" CONTENT="förrättningsmannen"/><SP WIDTH="21" VPOS="2063" HPOS="1334"/>
							<String ID="string_237" HPOS="1355" VPOS="2062" WIDTH="161" HEIGHT="31" WC="0.92" CONTENT="meddela"/><SP WIDTH="20" VPOS="2062" HPOS="1516"/>
							<String ID="string_238" HPOS="1536" VPOS="2063" WIDTH="79" HEIGHT="30" WC="0.92" CONTENT="kör-"/>
						</TextLine>
						<TextLine ID="line_32" HPOS="107" VPOS="2113" WIDTH="1506" HEIGHT="30">
							<String ID="string_239" HPOS="107" VPOS="2113" WIDTH="129" HEIGHT="30" WC="0.96" CONTENT="förbud"/><SP WIDTH="29" VPOS="2113" HPOS="236"/>
							<String ID="string_240" HPOS="265" VPOS="2113" WIDTH="222" HEIGHT="30" WC="0.96" CONTENT="beträffande"/><SP WIDTH="28" VPOS="2113" HPOS="487"/>
							<String ID="string_241" HPOS="515" VPOS="2114" WIDTH="173" HEIGHT="29" WC="0.96" CONTENT="fordonet."/><SP WIDTH="30" VPOS="2114" HPOS="688"/>
							<String ID="string_242" HPOS="718" VPOS="2113" WIDTH="174" HEIGHT="30" WC="0.96" CONTENT="Förbudet"/><SP WIDTH="28" VPOS="2113" HPOS="892"/>
							<String ID="string_243" HPOS="920" VPOS="2114" WIDTH="123" HEIGHT="29" WC="0.96" CONTENT="länder"/><SP WIDTH="28" VPOS="2114" HPOS="1043"/>
							<String ID="string_244" HPOS="1071" VPOS="2113" WIDTH="53" HEIGHT="30" WC="0.96" CONTENT="till"/><SP WIDTH="29" VPOS="2113" HPOS="1124"/>
							<String ID="string_245" HPOS="1153" VPOS="2113" WIDTH="200" HEIGHT="30" WC="0.86" CONTENT="omedelbar"/><SP WIDTH="27" VPOS="2113" HPOS="1353"/>
							<String ID="string_246" HPOS="1380" VPOS="2113" WIDTH="233" HEIGHT="30" WC="0.86" CONTENT="efterrättelse"/>
						</TextLine>
						<TextLine ID="line_33" HPOS="108" VPOS="2162" WIDTH="1506" HEIGHT="38">
							<String ID="string_247" HPOS="108" VPOS="2162" WIDTH="65" HEIGHT="30" WC="0.96" CONTENT="och"/><SP WIDTH="17" VPOS="2162" HPOS="173"/>
							<String ID="string_248" HPOS="190" VPOS="2163" WIDTH="107" HEIGHT="37" WC="0.96" CONTENT="gäller"/><SP WIDTH="17" VPOS="2163" HPOS="297"/>
							<String ID="string_249" HPOS="314" VPOS="2162" WIDTH="55" HEIGHT="30" WC="0.96" CONTENT="för"/><SP WIDTH="16" VPOS="2162" HPOS="369"/>
							<String ID="string_250" HPOS="385" VPOS="2162" WIDTH="78" HEIGHT="30" WC="0.96" CONTENT="hela"/><SP WIDTH="18" VPOS="2162" HPOS="463"/>
							<String ID="string_251" HPOS="481" VPOS="2162" WIDTH="88" HEIGHT="30" WC="0.96" CONTENT="riket"/><SP WIDTH="18" VPOS="2162" HPOS="569"/>
							<String ID="string_252" HPOS="587" VPOS="2162" WIDTH="90" HEIGHT="29" WC="0.96" CONTENT="intill"/><SP WIDTH="18" VPOS="2162" HPOS="677"/>
							<String ID="string_253" HPOS="695" VPOS="2162" WIDTH="78" HEIGHT="30" WC="0.96" CONTENT="dess"/><SP WIDTH="17" VPOS="2162" HPOS="773"/>
							<String ID="string_254" HPOS="790" VPOS="2162" WIDTH="131" HEIGHT="30" WC="0.96" CONTENT="bristen"/><SP WIDTH="17" VPOS="2162" HPOS="921"/>
							<String ID="string_255" HPOS="938" VPOS="2162" WIDTH="101" HEIGHT="30" WC="0.96" CONTENT="blivit"/><SP WIDTH="18" VPOS="2162" HPOS="1039"/>
							<String ID="string_256" HPOS="1057" VPOS="2162" WIDTH="156" HEIGHT="37" WC="0.96" CONTENT="avhjälpt"/><SP WIDTH="19" VPOS="2162" HPOS="1213"/>
							<String ID="string_257" HPOS="1232" VPOS="2162" WIDTH="65" HEIGHT="30" WC="0.96" CONTENT="och"/><SP WIDTH="18" VPOS="2162" HPOS="1297"/>
							<String ID="string_258" HPOS="1315" VPOS="2162" WIDTH="299" HEIGHT="36" WC="0.96" CONTENT="besiktningsman"/>
						</TextLine>
						<TextLine ID="line_34" HPOS="107" VPOS="2212" WIDTH="1506" HEIGHT="40">
							<String ID="string_259" HPOS="107" VPOS="2213" WIDTH="89" HEIGHT="30" WC="0.93" CONTENT="efter"/><SP WIDTH="21" VPOS="2213" HPOS="196"/>
							<String ID="string_260" HPOS="217" VPOS="2212" WIDTH="359" HEIGHT="40" WC="0.91" CONTENT="kontrollbesiktning"/><SP WIDTH="22" VPOS="2212" HPOS="576"/>
							<String ID="string_261" HPOS="598" VPOS="2212" WIDTH="145" HEIGHT="40" WC="0.95" CONTENT="intygat,"/><SP WIDTH="23" VPOS="2212" HPOS="743"/>
							<String ID="string_262" HPOS="766" VPOS="2214" WIDTH="50" HEIGHT="29" WC="0.96" CONTENT="att"/><SP WIDTH="22" VPOS="2214" HPOS="816"/>
							<String ID="string_263" HPOS="838" VPOS="2213" WIDTH="163" HEIGHT="30" WC="0.96" CONTENT="fordonet"/><SP WIDTH="23" VPOS="2213" HPOS="1001"/>
							<String ID="string_264" HPOS="1024" VPOS="2214" WIDTH="38" HEIGHT="29" WC="0.96" CONTENT="är"/><SP WIDTH="21" VPOS="2214" HPOS="1062"/>
							<String ID="string_265" HPOS="1083" VPOS="2214" WIDTH="12" HEIGHT="28" WC="0.96" CONTENT="i"/><SP WIDTH="22" VPOS="2214" HPOS="1095"/>
							<String ID="string_266" HPOS="1117" VPOS="2213" WIDTH="209" HEIGHT="30" WC="0.96" CONTENT="föreskrivet"/><SP WIDTH="23" VPOS="2213" HPOS="1326"/>
							<String ID="string_267" HPOS="1349" VPOS="2213" WIDTH="110" HEIGHT="30" WC="0.93" CONTENT="skick."/><SP WIDTH="23" VPOS="2213" HPOS="1459"/>
							<String ID="string_268" HPOS="1482" VPOS="2212" WIDTH="131" HEIGHT="30" WC="0.91" CONTENT="Förbu-"/>
						</TextLine>
						<TextLine ID="line_35" HPOS="108" VPOS="2263" WIDTH="1506" HEIGHT="39">
							<String ID="string_269" HPOS="108" VPOS="2264" WIDTH="57" HEIGHT="29" WC="0.96" CONTENT="det"/><SP WIDTH="19" VPOS="2264" HPOS="165"/>
							<String ID="string_270" HPOS="184" VPOS="2264" WIDTH="59" HEIGHT="29" WC="0.95" CONTENT="må"/><SP WIDTH="20" VPOS="2264" HPOS="243"/>
							<String ID="string_271" HPOS="263" VPOS="2264" WIDTH="89" HEIGHT="29" WC="0.96" CONTENT="dock"/><SP WIDTH="20" VPOS="2264" HPOS="352"/>
							<String ID="string_272" HPOS="372" VPOS="2263" WIDTH="248" HEIGHT="30" WC="0.96" CONTENT="dessförinnan"/><SP WIDTH="19" VPOS="2263" HPOS="620"/>
							<String ID="string_273" HPOS="639" VPOS="2263" WIDTH="109" HEIGHT="30" WC="0.96" CONTENT="hävas"/><SP WIDTH="21" VPOS="2263" HPOS="748"/>
							<String ID="string_274" HPOS="769" VPOS="2272" WIDTH="42" HEIGHT="21" WC="0.96" CONTENT="av"/><SP WIDTH="19" VPOS="2272" HPOS="811"/>
							<String ID="string_275" HPOS="830" VPOS="2263" WIDTH="235" HEIGHT="39" WC="0.96" CONTENT="länsstyrelse,"/><SP WIDTH="21" VPOS="2263" HPOS="1065"/>
							<String ID="string_276" HPOS="1086" VPOS="2273" WIDTH="56" HEIGHT="19" WC="0.96" CONTENT="om"/><SP WIDTH="23" VPOS="2273" HPOS="1142"/>
							<String ID="string_277" HPOS="1165" VPOS="2263" WIDTH="76" HEIGHT="29" WC="0.96" CONTENT="skäl"/><SP WIDTH="22" VPOS="2263" HPOS="1241"/>
							<String ID="string_278" HPOS="1263" VPOS="2263" WIDTH="116" HEIGHT="29" WC="0.96" CONTENT="därtill"/><SP WIDTH="22" VPOS="2263" HPOS="1379"/>
							<String ID="string_279" HPOS="1401" VPOS="2271" WIDTH="103" HEIGHT="22" WC="0.93" CONTENT="anses"/><SP WIDTH="20" VPOS="2271" HPOS="1504"/>
							<String ID="string_280" HPOS="1524" VPOS="2263" WIDTH="90" HEIGHT="29" WC="0.92" CONTENT="före-"/>
						</TextLine>
						<TextLine ID="line_36" HPOS="109" VPOS="2312" WIDTH="101" HEIGHT="40">
							<String ID="string_281" HPOS="109" VPOS="2312" WIDTH="101" HEIGHT="40" WC="0.96" CONTENT="ligga."/>
						</TextLine>
					</TextBlock>
					<TextBlock ID="block_12" HPOS="109" VPOS="2361" WIDTH="1507" HEIGHT="142">
						<TextLine ID="line_37" HPOS="155" VPOS="2361" WIDTH="1461" HEIGHT="41">
							<String ID="string_282" HPOS="155" VPOS="2362" WIDTH="168" HEIGHT="31" WC="0.90" CONTENT="Befinnes"/><SP WIDTH="27" VPOS="2362" HPOS="323"/>
							<String ID="string_283" HPOS="350" VPOS="2362" WIDTH="163" HEIGHT="31" WC="0.95" CONTENT="fordonet"/><SP WIDTH="28" VPOS="2362" HPOS="513"/>
							<String ID="string_284" HPOS="541" VPOS="2371" WIDTH="84" HEIGHT="21" WC="0.95" CONTENT="vara"/><SP WIDTH="25" VPOS="2371" HPOS="625"/>
							<String ID="string_285" HPOS="650" VPOS="2361" WIDTH="215" HEIGHT="39" WC="0.91" CONTENT="bristfälligt,"/><SP WIDTH="28" VPOS="2361" HPOS="865"/>
							<String ID="string_286" HPOS="893" VPOS="2362" WIDTH="92" HEIGHT="30" WC="0.96" CONTENT="dock"/><SP WIDTH="29" VPOS="2362" HPOS="985"/>
							<String ID="string_287" HPOS="1014" VPOS="2363" WIDTH="11" HEIGHT="28" WC="0.96" CONTENT="i"/><SP WIDTH="28" VPOS="2363" HPOS="1025"/>
							<String ID="string_288" HPOS="1053" VPOS="2362" WIDTH="138" HEIGHT="30" WC="0.96" CONTENT="mindre"/><SP WIDTH="28" VPOS="2362" HPOS="1191"/>
							<String ID="string_289" HPOS="1219" VPOS="2361" WIDTH="214" HEIGHT="41" WC="0.90" CONTENT="omfattning"/><SP WIDTH="26" VPOS="2361" HPOS="1433"/>
							<String ID="string_290" HPOS="1459" VPOS="2363" WIDTH="45" HEIGHT="29" WC="0.96" CONTENT="än"/><SP WIDTH="29" VPOS="2363" HPOS="1504"/>
							<String ID="string_291" HPOS="1533" VPOS="2369" WIDTH="83" HEIGHT="31" WC="0.96" CONTENT="nyss"/>
						</TextLine>
						<TextLine ID="line_38" HPOS="111" VPOS="2411" WIDTH="1505" HEIGHT="41">
							<String ID="string_292" HPOS="111" VPOS="2414" WIDTH="153" HEIGHT="33" WC="0.95" CONTENT="nämnts,"/><SP WIDTH="27" VPOS="2414" HPOS="264"/>
							<String ID="string_293" HPOS="291" VPOS="2413" WIDTH="80" HEIGHT="38" WC="0.93" CONTENT="äger"/><SP WIDTH="25" VPOS="2413" HPOS="371"/>
							<String ID="string_294" HPOS="396" VPOS="2412" WIDTH="399" HEIGHT="39" WC="0.91" CONTENT="förrättningsmannen,"/><SP WIDTH="27" VPOS="2412" HPOS="795"/>
							<String ID="string_295" HPOS="822" VPOS="2422" WIDTH="56" HEIGHT="20" WC="0.96" CONTENT="om"/><SP WIDTH="26" VPOS="2422" HPOS="878"/>
							<String ID="string_296" HPOS="904" VPOS="2412" WIDTH="207" HEIGHT="40" WC="0.95" CONTENT="påpekande"/><SP WIDTH="25" VPOS="2412" HPOS="1111"/>
							<String ID="string_297" HPOS="1136" VPOS="2413" WIDTH="83" HEIGHT="29" WC="0.95" CONTENT="eller"/><SP WIDTH="26" VPOS="2413" HPOS="1219"/>
							<String ID="string_298" HPOS="1245" VPOS="2413" WIDTH="141" HEIGHT="29" WC="0.96" CONTENT="erinran"/><SP WIDTH="26" VPOS="2413" HPOS="1386"/>
							<String ID="string_299" HPOS="1412" VPOS="2421" WIDTH="103" HEIGHT="21" WC="0.96" CONTENT="anses"/><SP WIDTH="26" VPOS="2421" HPOS="1515"/>
							<String ID="string_300" HPOS="1541" VPOS="2411" WIDTH="75" HEIGHT="30" WC="0.96" CONTENT="icke"/>
						</TextLine>
						<TextLine ID="line_39" HPOS="109" VPOS="2462" WIDTH="1507" HEIGHT="41">
							<String ID="string_301" HPOS="109" VPOS="2472" WIDTH="83" HEIGHT="22" WC="0.92" CONTENT="vara"/><SP WIDTH="22" VPOS="2472" HPOS="192"/>
							<String ID="string_302" HPOS="214" VPOS="2463" WIDTH="184" HEIGHT="40" WC="0.91" CONTENT="tillfyllest,"/><SP WIDTH="22" VPOS="2463" HPOS="398"/>
							<String ID="string_303" HPOS="420" VPOS="2463" WIDTH="176" HEIGHT="39" WC="0.96" CONTENT="förelägga"/><SP WIDTH="23" VPOS="2463" HPOS="596"/>
							<String ID="string_304" HPOS="619" VPOS="2463" WIDTH="180" HEIGHT="29" WC="0.96" CONTENT="fordonets"/><SP WIDTH="23" VPOS="2463" HPOS="799"/>
							<String ID="string_305" HPOS="822" VPOS="2464" WIDTH="99" HEIGHT="37" WC="0.96" CONTENT="ägare"/><SP WIDTH="23" VPOS="2464" HPOS="921"/>
							<String ID="string_306" HPOS="944" VPOS="2463" WIDTH="51" HEIGHT="30" WC="0.96" CONTENT="att"/><SP WIDTH="22" VPOS="2463" HPOS="995"/>
							<String ID="string_307" HPOS="1017" VPOS="2463" WIDTH="165" HEIGHT="39" WC="0.93" CONTENT="avhjälpa"/><SP WIDTH="23" VPOS="2463" HPOS="1182"/>
							<String ID="string_308" HPOS="1205" VPOS="2463" WIDTH="186" HEIGHT="30" WC="0.92" CONTENT="anmärkta"/><SP WIDTH="22" VPOS="2463" HPOS="1391"/>
							<String ID="string_309" HPOS="1413" VPOS="2462" WIDTH="203" HEIGHT="39" WC="0.90" CONTENT="bristfällig-"/>
						</TextLine>
					</TextBlock>
				</ComposedBlock>
			</PrintSpace>
		</Page>
	</Layout>
</alto>
