1894 2812
535 187 111 26 Första
663 187 215 34 lagutskottets
894 186 159 28 utlåtande
1071 195 36 18 nr
1129 188 47 25 20.
1570 187 35 27 11

118 274 82 39 utgå
218 284 42 20 ur
280 274 320 39 kvarlåtenskapen
620 276 80 30 med
719 285 135 20 samma
875 276 69 29 rätt
961 276 66 30 och
1045 276 111 29 innan
1175 284 61 21 arv
1254 275 59 31 må
1328 279 108 34 tagas.
1467 274 140 30 Förslår

118 327 32 39 ej
178 327 321 40 kvarlåtenskapen
525 328 52 31 till
602 329 240 30 kostnaderna
867 328 58 31 för
948 328 92 31 båda
1064 329 154 30 barnens
1247 327 223 40 uppfostran,
1496 327 112 31 måste

118 381 186 40 jämkning
333 382 80 30 dem
439 382 150 30 emellan
619 382 72 36 ske,
721 383 67 30 och
814 383 115 30 denna
956 383 90 29 skall
1073 382 207 30 verkställas
1306 381 45 40 på
1378 390 135 22 samma
1540 382 68 30 sätt

118 444 75 21 som
213 445 59 21 om
293 434 90 32 båda
403 436 135 29 barnen
558 435 90 31 varit
671 445 43 21 av
735 435 247 40 äktenskaplig
1003 436 99 30 börd.
1139 436 118 30 Härav
1278 434 168 40 framgår,
1467 438 50 28 att
1540 436 67 29 vad

118 492 47 26 ett
195 489 364 39 utomäktenskapligt
588 490 90 29 barn
708 490 101 38 högst
840 489 58 31 må
930 489 134 31 erhålla
1095 498 76 22 som
1205 488 330 40 underhållsbidrag
1566 498 43 20 ur

118 541 320 40 kvarlåtenskapen
467 542 90 30 efter
582 543 78 30 dess
690 542 102 31 fader
816 546 198 27 motsvarar
1038 544 68 29 den
1132 543 146 30 arvslott
1303 543 66 30 och
1396 543 58 30 det
1482 543 125 29 under-

117 595 226 39 hållsbidrag,
369 596 57 30 det
451 596 113 30 skulle
592 597 91 29 hava
711 596 149 36 erhållit,
885 606 59 21 om
972 597 57 30 det
1054 596 90 30 varit
1169 606 42 20 av
1238 596 246 39 äktenskaplig
1508 596 98 30 börd.

162 689 66 30 Till
250 688 209 40 motivering
481 699 43 20 av
544 689 58 30 sitt
623 690 159 38 yrkande
803 689 11 30 i
834 690 116 30 denna
970 690 55 30 del
1045 690 46 30 ha
1115 689 264 31 motionärerna
1404 689 118 31 anfört
1543 690 64 29 föl-

117 742 114 39 jande.

162 796 115 30 Under
304 797 202 30 nuvarande
534 797 294 38 omständigheter
856 798 60 29 äro
944 797 41 30 de
1012 797 355 39 utomäktenskapligt
1395 797 108 30 födda
1529 798 77 30 bar-

117 848 87 22 nens
228 838 225 39 möjligheter
477 839 53 30 till
553 838 220 32 omvårdnad
796 841 66 30 och
888 839 199 40 utbildning
1110 840 113 30 starkt
1246 840 218 38 begränsade
1488 840 10 30 i
1521 839 87 39 jäm-

118 884 128 30 förelse
272 884 81 29 med
377 884 42 29 de
447 883 388 40 inomäktenskapligas
864 895 41 20 av
931 885 249 30 motsvarande
1205 885 235 38 socialgrupp.
1477 880 96 35 Även
1598 884 10 29 i

118 928 94 30 detta
241 928 173 30 avseende
440 928 66 30 bör
529 938 43 20 en
599 927 198 41 revidering
825 939 42 21 av
893 930 162 37 gällande
1079 930 56 39 lag
1161 930 108 29 redan
1297 939 48 20 nu
1371 927 236 40 genomföras.

117 973 116 40 Enligt
257 974 113 30 denna
394 975 65 29 har
485 975 144 30 modern
656 975 83 30 eller
762 976 130 29 hennes
917 975 356 39 utomäktenskapligt
1298 975 109 30 födda
1433 976 87 30 barn
1550 976 57 30 vid

116 1018 140 30 faderns
285 1019 68 29 död
381 1018 31 38 ej
441 1018 227 31 förmånsrätt
696 1020 149 30 framför
875 1020 110 30 andra
1015 1020 280 38 fordringsägare
1327 1021 80 29 med
1437 1021 169 29 avseende

117 1061 45 38 på
187 1062 53 29 till
269 1061 221 38 utbetalning
515 1061 157 31 förfallet
699 1062 350 39 understödsbelopp.

162 1142 136 39 Frågan
329 1152 56 21 om
417 1143 41 30 de
489 1144 363 39 utomäktenskapliga
885 1145 148 30 barnens
1066 1146 148 29 arvsrätt
1250 1146 63 29 har
1345 1145 110 30 under
1488 1154 119 21 senare

116 1196 51 29 tid
184 1196 58 30 vid
262 1196 200 39 upprepade
480 1196 159 31 tillfällen
659 1197 88 30 varit
765 1197 147 31 föremål
931 1197 56 30 för
1007 1198 204 39 riksdagens
1230 1197 222 40 behandling.
1486 1198 13 29 I
1521 1198 84 30 skri-

117 1250 89 29 velse
224 1249 66 30 den
310 1250 38 29 18
366 1249 154 31 februari
544 1250 83 30 1936
644 1251 65 29 har
726 1250 185 40 riksdagen
932 1249 155 37 anhållit,
1106 1253 49 28 att
1175 1251 122 39 Kungl.
1318 1250 100 39 Maj:t
1440 1250 77 31 ville
1537 1250 70 31 låta

117 1303 185 30 verkställa
325 1312 42 21 en
393 1303 146 39 allsidig,
565 1303 319 40 förutsättningslös
908 1304 184 39 utredning
1117 1303 178 40 angående
1323 1305 42 29 de
1390 1305 215 29 utomäkten-

116 1356 158 39 skapliga
290 1356 149 30 barnens
456 1356 154 39 rättsliga
628 1357 163 39 ställning
809 1360 90 27 samt
915 1357 57 30 för
989 1357 186 39 riksdagen
1194 1357 195 39 framlägga
1407 1358 42 29 de
1466 1357 139 39 förslag,

116 1409 113 29 vartill
256 1409 227 39 utredningen
513 1410 115 30 kunde
654 1409 191 31 föranleda.
885 1410 14 29 I
929 1410 188 39 anledning
1143 1420 43 20 av
1213 1410 113 30 denna
1353 1410 164 30 skrivelse
1543 1411 63 29 har

117 1461 33 30 åt
177 1462 41 29 de
241 1461 230 39 sakkunniga,
497 1472 74 20 som
596 1462 38 30 år
663 1463 81 29 1941
771 1463 178 30 tillkallats
974 1463 55 30 för
1054 1462 209 40 kodifiering
1290 1473 42 20 av
1359 1463 246 35 ärvdabalken,

115 1514 204 39 uppdragits
337 1517 49 28 att
402 1516 161 29 närmare
579 1516 180 38 överväga,
781 1516 10 29 i
812 1516 66 30 vad
895 1515 83 31 mån
997 1525 47 20 nu
1061 1515 214 39 förefintliga
1292 1516 169 30 olikheter
1479 1516 127 30 mellan

117 1568 41 29 de
176 1568 259 30 bestämmelser
453 1577 75 21 som
550 1569 90 38 gälla
657 1569 89 29 barn
766 1569 11 29 i
798 1569 193 39 äktenskap
1010 1569 66 30 och
1096 1569 78 30 dem
1194 1578 75 20 som
1291 1569 91 39 gälla
1402 1569 88 30 barn
1509 1572 97 27 utom

116 1621 193 39 äktenskap
330 1621 119 30 kunna
472 1621 164 30 minskas.
673 1621 66 31 Vid
762 1622 83 29 1938
866 1622 65 30 och
955 1622 83 30 1943
1059 1621 55 31 års
1136 1622 182 39 riksdagar
1339 1622 124 30 väckta
1485 1622 120 30 motio-

115 1683 60 21 ner
198 1683 57 20 om
280 1674 204 39 utvidgning
509 1684 41 20 av
574 1675 355 39 utomäktenskapligt
952 1676 105 29 barns
1081 1676 148 29 arvsrätt
1254 1676 45 29 ha
1324 1674 148 31 avvisats
1497 1676 109 29 under

115 1727 209 39 hänvisning
343 1727 51 30 till
414 1728 65 30 den
497 1728 152 39 begärda
668 1728 237 39 utredningen.

161 1780 73 30 Den
254 1781 110 29 andra
385 1790 43 20 av
447 1781 41 29 de
508 1781 9 29 i
537 1781 217 30 motionerna
777 1784 176 36 upptagna
974 1780 166 40 frågorna
1159 1799 43 3 —-
1222 1791 58 20 om
1302 1780 226 31 förmånsrätt
1550 1781 56 30 för

116 1832 324 40 underhållsbidrag
463 1834 50 29 till
533 1834 87 30 barn
640 1837 95 26 utom
755 1835 193 38 äktenskap
969 1835 57 29 vid
1046 1834 141 30 faderns
1208 1834 68 30 död
1296 1852 43 3 —
1359 1835 110 38 utgör,
1492 1833 113 31 såsom

115 1885 155 40 framgår
299 1896 42 20 av
368 1887 65 28 den
462 1886 93 30 förut
584 1887 162 29 lämnade
773 1887 250 39 redogörelsen,
1051 1887 10 29 i
1089 1887 60 30 allt
1178 1887 181 38 väsentligt
1389 1887 75 30 icke
1491 1886 114 40 någon

116 1939 149 30 särskild
283 1938 98 39 fråga
401 1939 55 29 för
478 1939 41 29 de
539 1939 361 39 utomäktenskapliga
920 1940 141 29 barnen.
1096 1940 13 28 I
1131 1940 65 29 den
1217 1938 82 31 mån
1320 1938 114 40 någon
1455 1939 150 31 skillnad

115 1992 200 34 förefinnes,
332 1992 105 38 ligger
452 2001 41 21 en
509 1992 196 39 utjämning
723 2002 42 20 av
781 1993 113 29 denna
911 1993 95 29 inom
1024 1993 65 29 den
1105 1992 238 38 nyssnämnda
1359 1993 246 38 utredningens

116 2055 74 20 ram
206 2046 66 28 och
289 2045 96 29 torde
402 2045 141 30 komma
557 2048 48 27 att
623 2046 329 38 uppmärksammas
966 2055 42 20 av
1023 2045 365 39 utredningsmännen.

161 2098 140 29 Liksom
319 2098 57 29 vid
394 2098 40 29 de
454 2098 144 38 tidigare
615 2098 169 33 tillfällen,
804 2098 44 30 då
865 2097 124 40 frågan
1007 2108 56 20 om
1085 2099 41 29 de
1146 2099 364 38 utomäktenskapliga
1527 2099 76 29 bar-

117 2160 83 20 nens
222 2151 152 38 rättsliga
392 2151 162 38 ställning
572 2151 86 30 varit
676 2150 146 31 föremål
841 2151 54 29 för
913 2152 182 29 utskottets
1113 2150 222 39 behandling,
1354 2152 103 37 hyser
1475 2152 128 29 utskot-

115 2207 45 27 tet
190 2204 65 29 den
284 2203 275 39 uppfattningen,
589 2207 48 26 att
667 2205 55 28 det
750 2205 38 29 är
814 2214 41 19 av
885 2205 121 29 största
1037 2204 81 31 vikt,
1147 2207 48 26 att
1224 2204 91 30 detta
1342 2203 263 39 betydelsefulla

116 2256 323 38 samhällsproblem
458 2255 38 31 så
513 2259 95 27 snart
628 2266 74 20 som
722 2256 132 38 möjligt
874 2255 147 31 erhåller
1040 2265 42 21 en
1101 2257 111 29 bättre
1232 2257 134 37 lösning
1386 2257 44 29 än
1454 2256 52 30 för
1527 2257 76 29 när-

117 2309 159 31 varande.
311 2309 118 29 Denna
453 2309 223 38 uppfattning
696 2309 120 29 vinner
836 2310 76 29 stöd
932 2319 42 19 av
996 2308 291 39 socialstyrelsens
1310 2308 37 30 år
1371 2309 79 29 1941
1476 2310 127 28 avläm-

117 2363 96 31 nade,
239 2362 63 29 bär
325 2371 88 20 ovan
436 2360 175 39 återgivna
637 2360 185 31 utlåtande.
859 2362 78 29 Med
959 2362 133 37 hänsyn
1118 2361 115 30 härtill
1257 2362 65 29 och
1345 2361 9 29 i
1378 2361 227 30 betraktande

115 2415 129 37 jämväl
260 2424 42 20 av
318 2415 65 29 den
399 2413 101 39 långa
518 2414 59 34 tid,
594 2424 74 20 som
687 2414 149 29 förflutit
852 2414 86 30 efter
956 2414 202 38 riksdagens
1178 2414 256 38 framställning
1452 2415 8 28 i
1478 2415 125 34 ämnet,

117 2469 54 28 vill
193 2468 160 29 utskottet
374 2466 184 31 framhålla
577 2467 291 37 angelägenheten
888 2477 41 20 av
949 2470 48 26 att
1015 2466 225 39 erforderliga
1258 2467 248 30 arbetskrafter
1526 2468 77 29 stäl-

1640 1149 150 24 Utskottet.
