2214 2680
384 154 114 30 Andra
520 153 210 31 Kammarens
758 152 176 43 Tillfälliga
964 152 136 32 Utskotts
1124 152 77 38 (N:o
1224 153 35 36 3)
1289 151 168 32 Utlåtande
1479 151 65 33 N:o
1568 154 50 29 11.
1704 152 58 31 101

1469 406 127 41 Bilaga
1623 409 28 29 7.

1319 468 65 30 (Till
1401 467 205 33 järnvägsrådet
1624 467 184 25 öfverlämnad

1390 502 48 24 den
1458 501 15 25 7
1493 502 145 31 september
1656 500 83 32 1903.)

931 639 52 38 P.
1011 639 58 37 M.

228 737 185 41 angående
436 737 154 33 orsaken
613 737 61 32 till
699 737 54 32 att
776 738 12 31 i
811 736 432 41 persontariff-förslaget
1265 734 269 43 partibiljetter
1557 735 226 33 bibehållits.

330 853 54 35 Då
417 852 41 35 af
487 852 44 36 de
567 853 12 34 i
612 852 255 47 underdåniga
894 851 204 35 utlåtandet
1125 851 181 35 omtalade
1333 851 295 48 beräkningarna
1655 848 83 47 (sid.
1770 848 39 47 7)

201 902 190 49 framgått,
433 908 54 30 att
528 903 116 48 priset
675 906 42 45 på
748 903 161 47 biljetter
936 901 59 36 för
1021 902 103 35 korta
1152 914 98 23 resor
1276 902 80 35 icke
1384 902 123 35 kunde
1535 902 129 35 sänkas
1692 902 118 35 under

197 956 50 43 2,5
276 962 62 28 öre
366 967 65 35 per
457 955 195 34 kilometer
680 953 52 35 III
759 954 108 42 klass,
896 956 129 43 ansågs
1054 953 72 39 det,
1154 953 13 35 i
1195 952 239 36 betraktande
1462 952 39 36 af
1524 953 68 35 den
1622 958 98 30 stora
1748 953 61 35 be-

197 1005 145 49 tydelse
382 1004 335 48 familjbiljetterna
756 1004 47 35 ha
842 1003 57 36 för
938 1004 234 44 närtrafiken,
1215 1004 230 45 nödvändigt
1471 1008 53 30 att
1551 1002 119 37 införa
1697 1006 112 46 något

198 1057 79 46 slag
317 1055 41 36 af
396 1055 385 49 undantagsbiljetter,
823 1067 77 23 som
941 1055 123 35 kunde
1097 1055 101 46 tjäna
1230 1067 138 23 samma
1395 1054 167 36 ändamål
1590 1067 77 23 som
1696 1054 113 48 sagda

200 1107 166 47 biljetter
393 1106 67 36 och
489 1106 168 48 försäljas
683 1106 58 35 till
768 1104 156 50 ungefär
951 1118 139 24 samma
1117 1106 86 47 pris.

334 1157 170 48 Afgiften
534 1157 58 35 för
618 1156 279 49 ifrågavarande
926 1156 373 48 undantagsbiljetter
1325 1156 113 36 borde
1457 1156 139 35 således
1616 1159 90 45 utgå
1726 1156 83 35 med

201 1209 173 46 omkring
403 1211 19 32 2
452 1215 61 29 öre
540 1221 64 35 per
631 1208 192 35 kilometer
850 1208 67 35 och
946 1208 251 48 biljett-typen
1224 1208 114 46 väljas
1366 1207 121 43 sådan,
1517 1212 53 30 att
1596 1207 213 46 biljetterna

201 1258 123 37 blefve
365 1259 176 48 lämpliga
581 1258 57 36 för
670 1258 69 36 den
768 1259 141 47 publik,
939 1257 57 37 för
1022 1258 147 36 hvilken
1199 1257 333 48 familjbiljetterna
1558 1263 162 30 närmast
1747 1265 62 28 äro

200 1309 163 45 afsedda,
405 1310 186 46 nämligen
632 1309 153 36 resande
826 1322 78 23 som
931 1308 78 36 ofta
1036 1312 115 32 måste
1179 1308 166 49 företaga
1372 1321 99 23 resor
1498 1309 134 34 mellan
1659 1312 62 32 två
1747 1309 62 35 be-

199 1361 146 36 stämda
384 1366 110 38 orter,
523 1360 153 36 framför
703 1361 66 34 allt
797 1361 133 34 mellan
958 1373 43 22 en
1030 1365 115 30 större
1174 1360 81 35 stad
1283 1360 66 35 och
1377 1359 283 48 kringliggande
1687 1359 122 35 lands-

199 1411 124 49 bygds
364 1412 177 35 stationer
577 1412 87 34 eller
696 1411 64 35 ock
789 1412 135 34 mellan
951 1414 62 32 två
1040 1410 239 49 närliggande
1308 1410 131 44 städer,
1469 1423 83 22 men
1579 1410 125 35 hvilka
1730 1410 80 35 icke

198 1475 80 23 resa
319 1462 127 47 hvarje
486 1463 90 34 eller
607 1462 13 35 i
652 1461 61 36 det
740 1468 183 29 närmaste
950 1462 123 46 hvarje
1102 1461 71 48 dag
1201 1461 65 35 och
1296 1461 152 35 sålunda
1474 1461 78 35 icke
1581 1461 83 35 med
1691 1460 118 36 fördel

198 1514 128 34 kunna
354 1513 165 48 begagna
548 1513 56 47 sig
632 1512 39 36 af
696 1512 327 47 månadsbiljetter.

334 1563 70 36 För
432 1568 55 30 att
514 1563 135 36 bereda
675 1564 118 47 skälig
817 1563 314 48 prisnedsättning
1150 1562 58 36 för
1227 1563 65 35 här
1311 1561 244 37 omförmälda
1574 1562 107 35 trafik
1701 1561 109 37 hafva

199 1613 163 48 följande
390 1614 250 48 anordningar
666 1614 112 47 tagits
805 1614 13 34 i
846 1613 283 48 öfvervägande:

337 1662 35 47 1)
415 1664 111 36 Utom
556 1664 318 46 månadsbiljetter
900 1665 58 34 till
986 1669 54 30 ett
1066 1665 161 34 normalt
1254 1664 84 47 pris,
1369 1663 256 36 motsvarande
1653 1662 157 49 afgiften

197 1714 59 37 för
292 1717 44 34 12
371 1728 101 22 resor
499 1716 10 34 i
538 1715 180 35 hvardera
745 1715 221 47 riktningen,
995 1714 136 36 införas
1159 1714 135 36 sådana
1321 1714 161 46 biljetter
1508 1714 60 34 till
1596 1714 98 48 halft
1716 1714 95 48 pris,

200 1771 55 30 att
282 1765 296 36 tillhandahållas
606 1765 239 35 medlemmar
872 1765 39 35 af
936 1765 128 47 familj,
1093 1765 40 35 af
1157 1765 146 35 hvilken
1333 1778 42 22 en
1405 1764 154 36 medlem
1589 1765 90 47 köpt
1702 1764 109 36 först-

199 1817 163 35 nämnda
402 1817 97 61 slags
540 1816 285 57 månadsbiljett.
866 1811 9 66 .
880 1815 140 36 Genom
1061 1815 257 36 användandet
1357 1814 39 36 af
1425 1815 103 35 detta
1554 1820 148 44 system,
1732 1828 78 23 som

200 1867 186 49 begagnas
415 1870 21 32 å
463 1867 210 47 preussiska
697 1867 209 47 järnvägar,
927 1870 141 45 uppnås
1088 1867 211 48 visserligen
1322 1880 43 22 en
1385 1866 59 36 del
1463 1857 172 53 fördelar,
1655 1865 157 37 framför

201 1919 67 34 allt
310 1918 82 43 den,
435 1923 55 30 att
531 1918 361 48 prisnedsättningen
935 1918 165 35 kommer
1127 1918 129 35 endast
1284 1918 42 35 de
1353 1917 152 36 resande
1532 1917 58 35 till
1617 1891 108 78 godo,
1755 1916 57 37 för

199 1968 125 36 hvilka
365 1969 68 35 den
476 1969 210 48 egentligen
727 1975 41 28 är
807 1968 139 45 afsedd,
981 1982 83 22 men
1092 1973 177 44 systemet
1297 1975 39 28 är
1364 1967 107 37 äfven
1499 1945 200 58 förbundet
1726 1968 84 35 med

199 2020 187 47 åtskilliga
412 2019 248 49 olägenheter.
715 2017 162 38 Sålunda
903 2020 71 34 kan
1002 2020 61 35 det
1090 2018 76 37 ofta
1194 2019 236 43 förekomma,
1460 2023 53 30 att
1536 2021 60 32 två
1616 2019 88 35 eller
1721 2019 90 35 flera

199 2083 174 35 personer
414 2070 40 35 af
492 2083 139 23 samma
670 2069 115 48 familj
828 2083 82 23 resa
951 2070 124 47 hvarje
1107 2070 71 45 dag
1209 2070 89 35 eller
1325 2070 222 35 åtminstone
1574 2072 38 33 så
1640 2068 86 44 ofta,
1756 2074 55 31 att

198 2121 92 35 hvar
318 2121 68 35 och
414 2134 41 22 en
481 2120 41 36 af
546 2121 83 35 dem
657 2121 84 35 bort
768 2121 99 35 finna
895 2121 82 35 med
1005 2121 57 35 sin
1089 2120 116 36 fördel
1234 2120 177 47 förenligt
1439 2125 54 30 att
1520 2120 93 47 köpa
1640 2120 171 35 månads-

201 2171 136 48 biljett,
372 2170 108 37 äfven
510 2184 59 22 om
597 2171 72 36 full
697 2170 111 50 afgift
836 2170 58 37 för
921 2171 211 36 densamma
1158 2174 96 32 måst
1282 2171 177 48 erläggas.
1515 2169 139 37 Genom
1684 2175 54 31 att
1766 2170 46 36 då

199 2221 127 37 fordra
366 2221 72 36 full
479 2221 110 47 afgift
630 2221 39 36 af
698 2222 129 35 endast
855 2235 45 23 en
927 2221 35 36 af
990 2222 82 36 dem
1099 2222 93 35 lider
1215 2222 204 48 järnvägen
1447 2234 44 23 en
1519 2221 120 35 direkt
1666 2220 144 37 förlust.
