2211 2673
356 158 114 31 Andra
493 158 210 32 Kammarens
731 158 178 43 Tillfälliga
937 159 137 32 Utskotts
1096 159 77 39 (N:o
1196 161 35 37 3)
1260 160 167 33 Utlåtande
1450 161 63 32 N:o
1538 163 48 30 11.
1719 162 38 31 15

189 246 328 49 nedsättningarna
555 246 126 37 blifvit
722 253 95 31 satta
857 247 123 37 alltför
1021 252 87 32 små.
1163 249 113 47 Ingen
1315 251 55 35 lär
1410 263 80 23 resa
1521 250 117 37 oftare
1665 252 133 35 mellan
1830 256 163 42 Motionens

189 295 211 38 Stockholm
440 299 68 35 och
549 297 199 50 Göteborg,
790 298 125 37 därför
942 304 54 31 att
1023 301 282 48 snälltågsresan
1332 300 95 37 fram
1455 302 67 35 och
1550 302 153 36 tillbaka
1730 316 68 23 nu-
1842 290 134 75 ere)

190 361 109 32 mera,
328 349 119 48 tredje
474 350 108 44 klass,
612 351 123 35 kostar
762 351 53 35 kr.
847 352 92 43 21,60
968 356 76 31 mot
1073 353 92 39 24,05
1193 351 177 45 tillförne,
1399 358 78 30 tur-
1497 353 67 35 och
1582 359 115 30 retur.
1726 354 72 35 För
1949 355 4 4 |

188 405 55 30 att
270 399 195 37 framkalla
492 413 46 23 en
564 402 196 46 väsentligt
789 402 92 35 ökad
909 403 108 34 trafik
1044 402 188 36 erfordras
1256 404 205 47 säkerligen
1481 404 184 49 betydligt
1683 410 115 31 större

188 450 280 48 nedsättningar
507 453 13 34 i
560 451 160 36 tariffen.
775 452 125 36 Skulle
940 453 135 35 sådana
1115 454 203 35 emellertid
1357 455 127 35 kunna
1511 456 130 34 vinnas
1669 456 130 35 endast

187 513 132 34 genom
360 502 199 48 höjningar
598 502 229 36 beträffande
868 504 234 43 närtrafiken,
1135 507 39 32 så
1201 505 118 36 skulle
1347 504 45 36 de
1420 506 215 47 säkerligen,
1665 519 61 22 om
1753 514 45 28 än

188 553 239 47 synnerligen
455 553 204 35 önskvärda
685 554 12 34 i
725 554 67 35 och
820 553 58 36 för
905 556 67 46 sig,
997 568 86 22 vara
1111 554 226 48 förkastliga.
1371 555 231 37 Närtrafiken
1630 565 41 27 är
1697 565 102 28 näm-

187 603 101 48 ligen
328 604 13 34 i
380 604 199 48 väsentligt
610 604 112 48 högre
755 605 90 48 grad
872 613 45 28 än
945 604 250 49 fjärrtrafiken
1224 607 145 46 känslig
1395 606 59 36 för
1478 608 97 36 såväl
1603 608 196 48 höjningar

189 667 81 22 som
298 654 234 46 sänkningar.

323 705 169 36 Rörande
532 707 224 35 närtrafiken
796 706 66 36 bör
901 707 13 35 i
953 707 187 49 betydligt
1180 708 113 48 högre
1333 709 92 47 grad
1451 717 46 27 än
1525 709 133 36 hittills
1687 710 113 36 fästas

188 755 170 36 afseende
398 756 61 36 vid
500 756 71 36 den
600 758 285 47 socialpolitiska
913 759 249 48 synpunkten.
1219 759 68 35 Väl
1316 760 119 47 spelar
1462 760 119 35 denna
1609 763 191 46 synpunkt

187 807 39 35 in
263 807 135 45 jämväl
427 807 227 36 beträffande
682 807 260 47 fjärrtrafiken,
973 822 82 22 men
1083 809 92 36 dock
1202 810 80 35 icke
1309 811 13 34 i
1350 823 140 23 samma
1517 814 84 32 mån
1631 824 79 23 som
1738 812 61 36 be-

187 856 185 37 träffande
399 859 236 34 närtrafiken.
690 858 136 37 Därvid
853 860 71 35 kan
952 859 129 49 frågan
1110 872 55 23 ses
1186 873 43 22 ur
1247 861 88 35 flera
1354 862 241 48 synpunkter,
1618 862 40 36 af
1674 863 126 35 hvilka

186 909 38 35 vi
265 909 66 34 här
368 909 90 47 vilja
496 910 140 47 påpeka
678 910 283 36 underlättande
987 922 134 35 genom
1150 911 105 46 billig
1282 913 177 34 närtrafik
1486 912 78 36 dels
1592 912 40 36 af
1656 913 143 36 arbets-

187 959 193 48 möjlighet
419 958 59 37 för
518 959 275 49 befolkningen,
823 961 77 35 dels
928 960 40 36 af
992 961 198 36 tillförseln
1218 961 39 36 af
1279 963 191 35 allehanda
1498 962 298 38 förnödenheter.

186 1009 85 36 Men
312 1010 174 36 särskildt
526 1010 280 49 betydelsefullt
845 1019 41 28 är
926 1012 62 35 det
1015 1017 54 30 att
1095 1013 79 35 icke
1201 1026 133 35 genom
1363 1014 69 48 dyr
1459 1015 88 34 eller
1574 1015 64 35 illa
1664 1016 132 34 anord-

187 1061 72 35 nad
286 1062 178 34 närtrafik
493 1062 107 47 lägga
628 1062 130 35 hinder
785 1062 13 35 i
824 1070 118 40 vägen
970 1062 57 36 för
1053 1067 86 31 våra
1166 1064 131 46 dagars
1324 1065 101 34 raskt
1453 1063 214 48 fortgående
1686 1079 110 34 egna-

187 1112 253 35 hemsrörelse.
494 1111 85 36 Man
607 1112 65 35 har
700 1113 203 35 emellertid
930 1113 79 36 icke
1038 1119 88 30 utan
1149 1114 77 35 skäl
1254 1120 91 43 sagt,
1375 1120 53 30 att
1456 1115 69 36 den
1545 1128 73 36 nya
1637 1116 158 45 tariffen,

186 1161 110 37 äfven
338 1162 84 36 med
463 1162 44 36 de
535 1162 307 45 modifikationer,
876 1177 79 22 som
987 1177 134 35 genom
1149 1165 443 49 decemberkungörelsen
1619 1166 177 46 infördes,

187 1220 40 28 är
253 1218 53 30 ett
333 1213 186 36 bestämdt
546 1214 132 36 hinder
704 1213 58 37 för
789 1215 120 35 denna
936 1216 171 48 lyckliga,
1136 1215 40 36 af
1196 1216 210 48 Riksdagen
1426 1217 83 35 med
1529 1223 93 30 stort
1640 1219 156 36 intresse

187 1263 203 36 omfattade
419 1265 229 48 utveckling.

321 1314 79 36 Den
440 1314 40 36 af
517 1328 58 23 oss
607 1315 166 50 åsyftade
805 1316 247 49 utredningen
1079 1317 107 36 torde
1214 1319 154 35 sålunda
1395 1318 211 37 äfvenledes
1636 1320 68 35 och
1732 1322 66 34 all-

188 1365 99 36 deles
314 1366 173 36 särskildt
515 1366 88 36 böra
630 1366 156 36 omfatta
812 1366 130 50 frågan
970 1381 59 22 om
1057 1368 44 35 de
1128 1369 195 44 lättnader,
1353 1382 78 23 som
1460 1370 125 36 kunna
1612 1378 108 41 göras
1740 1371 58 36 för

187 1417 236 35 närtrafiken.

331 1467 169 36 Rörande
527 1471 115 45 några
673 1468 162 48 detaljer,
864 1469 126 36 hvilka
1016 1469 210 37 äfvenledes
1253 1471 105 36 torde
1385 1471 88 36 böra
1499 1471 116 37 blifva
1642 1472 154 37 föremål

188 1517 57 36 för
282 1517 157 50 förnyad
480 1519 289 49 undersökning,
811 1520 119 35 tillåta
969 1521 36 35 vi
1045 1533 58 24 oss
1143 1521 59 35 till
1242 1522 74 36 slut
1344 1528 89 42 göra
1459 1526 115 45 några
1600 1524 107 35 korta
1733 1538 64 22 an-

188 1569 213 49 tydningar.

322 1620 365 48 Järnvägsstyrelsen
727 1620 181 36 förklarar
939 1622 56 48 sig
1028 1623 13 34 i
1069 1623 55 34 sin
1153 1622 191 36 skrifvelse
1372 1624 57 34 till
1456 1623 209 49 Konungen
1693 1624 41 36 af
1757 1629 40 32 år

191 1671 95 35 1903
306 1683 96 31 anse,
422 1675 54 31 att
496 1671 433 48 undantagsbiljetterna,
950 1672 34 35 d.
1005 1686 33 22 v.
1060 1686 26 22 s.
1107 1677 78 31 tur-
1204 1673 68 35 och
1292 1674 326 47 returbiljetterna,
1636 1674 161 49 familje-

187 1720 214 47 biljetterna
428 1734 47 22 m.
505 1721 49 45 f.,
583 1722 106 35 »böra
712 1721 172 37 afskaffas
912 1723 129 36 endast
1069 1723 117 36 under
1214 1723 280 50 förutsättning,
1524 1730 53 30 att
1597 1725 200 49 afgifterna

189 1771 57 35 för
286 1772 185 35 ordinarie
511 1772 164 47 biljetter
711 1773 130 35 sänkas
881 1774 57 35 till
970 1774 157 47 ungefär
1154 1774 104 36 dessa
1286 1775 182 47 biljetters
1496 1777 103 46 pris»
1654 1776 143 49 Längre

188 1821 95 36 fram
321 1822 13 34 i
375 1835 138 22 samma
553 1822 192 37 skrifvelse
786 1825 137 34 uttalar
958 1825 359 48 järnvägsstyrelsen
1357 1826 205 36 emellertid
1594 1830 119 33 såsom
1741 1828 57 35 sin

187 1873 106 44 åsikt,
334 1877 55 31 att
429 1873 174 36 särskildt
642 1874 353 48 familjebiljetterna
1035 1873 58 48 (=
1113 1874 324 50 partibiljetterna)
1465 1877 90 36 böra
1582 1878 213 36 bibehållas.

187 1923 16 35 I
230 1924 97 35 hvad
356 1927 85 32 mån
464 1925 381 49 järnvägsstyrelsens
872 1939 50 22 nu
951 1927 159 35 citerade
1140 1927 188 36 uttalande
1350 1940 59 23 om
1429 1929 123 47 prisen
1579 1934 80 42 gått
1677 1929 13 35 i
1709 1929 88 36 full-

188 1974 151 44 bordan,
380 1974 128 36 därom
540 1976 124 35 lämna
690 1976 44 35 de
763 1975 100 37 förut
891 1977 212 36 meddelade
1132 1977 199 36 tabellerna
1357 1984 53 30 ett
1437 1979 220 36 nedslående
1684 1980 110 36 bevis.

188 2024 107 36 Hvad
336 2025 272 36 bibehållandet
647 2026 40 36 af
722 2027 309 47 partibiljetterna
1069 2028 184 45 beträffar,
1296 2032 38 33 så
1374 2029 188 37 bestämde
1602 2031 194 48 aprilkun-

215 2076 142 35 örelsen
380 2076 122 36 dessas
521 2077 373 50 användningsrayon
913 2080 58 34 till
991 2081 46 33 40
1052 2080 205 44 kilometer,
1279 2080 130 36 medan
1428 2081 126 35 radien
1573 2082 13 34 i
1604 2082 193 36 december

189 2127 133 35 ökades
349 2127 59 35 till
436 2129 46 33 70
509 2128 203 36 kilometer.
767 2128 85 36 Man
881 2130 64 34 har
972 2133 120 32 såsom
1120 2131 118 35 motiv
1265 2130 57 36 för
1345 2144 43 22 en
1413 2132 112 35 sådan
1546 2132 251 49 begränsning

188 2176 137 44 anfört,
368 2182 54 31 att
455 2191 83 22 man
565 2179 214 48 därigenom
806 2180 87 36 ville
921 2181 86 35 söka
1035 2181 163 36 undvika
1226 2182 44 35 de
1298 2182 196 44 missbruk,
1524 2195 78 23 som
1629 2183 167 36 tillförne

188 2233 117 45 yppat
332 2229 68 48 sig.
441 2229 216 36 Emellertid
685 2234 93 45 våga
804 2231 36 36 vi
868 2232 116 35 uttala
1011 2232 71 35 den
1109 2231 310 50 förhoppningen,
1440 2238 54 31 att
1512 2233 62 36 det
1591 2235 80 34 icke
1691 2235 104 35 torde
