2210 2684
237 165 148 28 Historik.

252 217 118 34 Sverige.

257 262 106 31 (Forts.)

209 468 105 28 Första
319 469 88 27 Kam-

219 504 118 34 marens
357 504 39 26 be-

277 538 65 27 slut.

225 624 113 27 Motion
357 624 34 27 år

270 660 76 26 1893.

462 166 40 32 36
611 167 114 30 Andra
746 165 209 32 Kammarens
983 165 178 43 Tillfälliga
1189 164 133 33 Utskotts
1345 164 80 39 (N:o
1449 165 35 39 3)
1513 164 168 32 Utlåtande
1703 165 62 32 N:o
1789 166 48 30 11.

418 261 55 32 tet
500 259 144 46 ansåge,
673 261 54 31 att
753 259 121 45 någon
901 255 74 37 tids
1003 254 208 38 erfarenhet
1238 268 59 23 om
1325 256 200 35 resultaten
1554 253 41 38 af
1619 255 43 36 de
1690 255 177 49 vidtagna
1894 256 134 36 anord-

419 308 181 47 ningarna
627 307 113 37 borde
768 306 173 45 afvaktas,
969 307 114 36 innan
1110 320 72 36 nya
1209 312 80 43 steg
1315 312 104 41 toges
1447 310 46 45 på
1521 312 53 31 ett
1602 307 159 45 område,
1782 320 78 23 som
1880 308 59 35 till
1959 308 68 36 och

420 360 82 35 med
541 359 102 36 inom
684 359 43 36 de
768 364 97 31 stora
901 359 303 36 kulturländerna
1231 362 150 44 ansåges
1409 359 178 48 tämligen
1615 358 139 37 okändt
1781 359 67 36 och
1876 359 152 36 oberäk-

419 412 115 46 neligt
574 411 68 35 och
681 409 242 38 tvifvelsutan
949 411 13 34 i
989 414 82 32 vårt
1110 411 95 46 glest
1246 409 192 37 befolkade
1476 411 85 35 land
1602 409 122 37 blefve
1751 410 63 37 det
1842 418 45 28 än
1916 424 109 23 mera.

419 462 190 37 Utskottet
637 461 215 37 hemställde
880 465 47 45 på
953 461 123 49 grund
1103 460 114 45 häraf,
1245 466 53 31 att
1325 461 128 36 Första
1480 461 219 36 Kammaren
1727 462 79 35 icke
1834 465 112 33 måtte
1975 463 54 34 bi-

418 514 106 36 träda
565 514 124 35 Andra
729 513 236 36 Kammarens
992 514 13 35 i
1033 519 122 30 ämnet
1196 512 139 37 fattade
1376 513 132 44 beslut,
1538 513 149 36 hvilken
1716 513 219 36 hemställan
1963 513 64 37 vid

420 564 307 49 föredragningen
755 565 12 35 i
793 566 212 35 kammaren
1032 563 94 37 efter
1154 577 44 23 en
1227 565 83 35 kort
1338 564 125 36 debatt
1490 564 136 36 bifölls.

554 616 73 37 Vid
669 618 94 35 1893
801 620 57 33 års
898 616 150 49 riksdag
1074 617 127 35 väckte
1229 615 83 36 herr
1339 617 44 36 E.
1419 616 245 37 Thermenius
1692 620 94 45 ånyo
1814 629 45 23 en
1888 617 139 35 motion

418 669 12 35 i
458 674 134 39 ämnet,
633 669 104 36 hvari
777 667 188 50 föreslogs,
1007 673 53 31 att
1096 668 125 35 Andra
1249 667 221 37 Kammaren
1497 669 86 35 ville
1610 667 58 37 för
1695 668 56 36 sin
1780 667 59 37 del
1867 668 157 44 besluta,

419 725 54 29 att
511 719 207 46 Riksdagen
745 721 11 33 i
785 719 191 36 skrifvelse
1017 721 56 33 till
1114 719 134 46 Kungl.
1290 719 106 47 Maj:t
1436 720 155 42 anhölle,
1634 719 61 35 det
1722 720 140 35 täcktes
1892 719 134 48 Kungl.

419 769 106 49 Maj:t
564 775 85 42 taga
676 770 13 35 i
717 768 281 49 öfvervägande,
1025 770 13 35 i
1066 769 148 36 hvilken
1250 772 85 33 mån
1362 769 167 36 nedsatta
1556 769 151 47 afgifter
1733 769 60 36 för
1819 775 210 42 persontra-

418 822 96 35 fiken
542 824 21 33 å
589 826 137 31 statens
750 822 200 47 järnvägar
978 822 67 35 och
1072 820 193 37 införande
1293 820 40 36 af
1358 820 239 49 persontariff
1622 821 83 36 med
1734 820 161 37 fallande
1927 821 102 36 skala

419 872 121 36 kunde
568 872 151 49 bidraga
746 874 99 34 såväl
872 874 58 34 till
959 872 282 36 underlättande
1268 871 41 37 af
1333 872 240 36 samfärdseln
1602 873 133 35 mellan
1764 871 263 48 befolkningen

417 924 14 35 i
458 924 96 35 olika
593 924 100 35 delar
733 923 39 37 af
808 924 125 35 landet
972 936 79 24 som
1082 924 58 35 till
1163 923 224 49 järnvägens
1416 924 235 36 ekonomiska
1678 923 225 48 utveckling,
1933 928 95 31 samt

419 975 83 35 med
533 975 150 46 ledning
710 974 39 37 af
773 975 120 36 denna
920 975 200 48 utredning
1147 975 150 48 vidtaga
1324 975 44 36 de
1396 975 181 48 åtgärder,
1607 987 78 23 som
1714 973 122 37 kunde
1863 975 166 35 befinnas

418 1026 186 49 lämpliga.

554 1077 14 35 I
596 1077 56 36 sin
692 1078 222 46 motivering
954 1078 127 47 utgick
1121 1077 231 36 motionären
1391 1077 81 36 från
1513 1077 71 36 den
1613 1076 330 48 omständigheten,
1973 1082 55 30 att

418 1128 362 47 nettoafkastningen
819 1128 39 36 af
895 1129 254 35 statsbanorna
1189 1128 117 36 under
1345 1128 311 48 femårsperioden
1699 1129 248 35 1888—1892
1989 1131 40 32 år

419 1178 95 37 efter
541 1183 40 32 år
607 1179 162 47 nedgått.
824 1178 212 37 Skillnaden
1064 1180 134 35 mellan
1226 1180 291 36 bruttoinkomst
1544 1180 67 35 och
1639 1178 251 37 driftkostnad
1910 1179 118 36 skulle

419 1230 198 47 nämligen,
646 1231 116 47 enligt
789 1230 163 48 uppgift,
982 1230 109 36 hafva
1117 1231 113 36 varit:

623 1282 94 35 1888
767 1309 6 7 .
817 1309 107 7 ...
1019 1309 56 7 va
1521 1309 6 6 .
1552 1282 108 42 2,773
1690 1282 138 34 kronor

624 1333 93 35 1889
768 1313 56 68 ooo
870 1360 54 7 os
968 1360 57 7 ss
1070 1360 55 7 ss
1169 1360 56 7 ss
1270 1361 56 6 ss
1372 1360 105 7 vv.
1521 1360 6 7 2
1555 1334 104 42 2,965
1753 1346 13 19 >

623 1385 95 34 1800
768 1364 40 67 so
820 1411 54 7 ss
920 1411 105 7 ss
1121 1411 54 7 sr
1268 1411 57 7 ss
1369 1411 56 7 vs
1469 1364 21 67 sv
1520 1411 6 6 .
1557 1385 103 41 2564
1711 1364 54 67 >D

623 1436 93 34 189]
768 1415 56 68 ooo
869 1462 55 7 or
968 1462 56 7 rs
1069 1462 56 7 ss
1171 1463 54 6 ss
1269 1462 56 7 ss
1369 1462 107 7 sv.
1520 1462 6 7 .
1558 1436 100 42 2489
1751 1449 14 18 >

624 1487 94 34 1892
767 1513 107 7 ...
1552 1487 213 42 2279
1719 1466 47 67 >

418 1541 94 31 samt
538 1536 324 47 inbetalningarna
888 1537 57 35 till
972 1538 265 35 statskontoret
1263 1538 13 34 i
1304 1536 230 37 förhållande
1561 1537 58 35 till
1645 1536 382 49 byggnadskapitalet

419 1585 57 37 för
515 1599 138 23 samma
693 1590 41 33 år
772 1588 143 47 utgjort
955 1588 205 46 respektive
1202 1590 78 42 2,77,
1311 1590 79 42 2,63,
1421 1590 80 42 2,55,
1532 1590 67 41 2,54
1627 1588 66 35 och
1724 1589 67 42 2,46
1820 1592 167 43 procent,
2016 1588 12 34 i

417 1637 200 48 anledning
643 1637 131 37 hvaraf
799 1638 72 35 han
898 1637 244 37 framkastade
1170 1638 69 36 den
1266 1638 141 49 frågan,
1434 1638 183 36 huruvida
1637 1639 195 35 orsakerna
1852 1639 57 35 till
1929 1638 100 35 detta

418 1688 315 36 missförhållande
773 1689 123 36 kunde
934 1690 87 35 bero
1061 1690 153 35 allenast
1254 1692 45 45 på
1331 1690 45 35 de
1403 1689 161 36 rådande
1591 1690 324 46 konjunkturerna
1942 1690 88 35 eller

418 1752 59 22 om
506 1739 44 35 de
577 1740 79 35 icke
685 1740 179 35 måhända
892 1740 123 35 kunde
1042 1743 123 45 spåras
1189 1740 140 46 jämväl
1357 1742 12 33 i
1397 1743 122 44 någon
1547 1739 41 36 af
1604 1741 44 35 de
1668 1739 152 45 tariffer,
1842 1753 77 22 som
1941 1753 90 23 vore

418 1788 208 37 fastställda
663 1789 57 36 för
757 1791 342 47 järnvägstrafiken.
1154 1790 97 37 Utan
1279 1796 55 30 att
1360 1791 120 35 tilltro
1508 1791 57 48 sig
1594 1796 54 31 att
1677 1791 124 36 kunna
1828 1791 113 35 exakt
1967 1790 62 35 be-

417 1853 105 23 svara
548 1841 101 36 detta
677 1843 177 46 spörsmål
882 1841 173 36 framhöll
1083 1842 228 35 motionären
1339 1842 193 46 åtskilligt,
1561 1855 78 22 som
1669 1842 71 35 han
1768 1845 115 44 ansåg
1902 1842 127 34 kunna

415 1890 103 47 gifva
557 1892 267 47 fingervisning
863 1905 60 23 om
955 1892 70 36 den
1057 1899 80 42 väg,
1167 1906 77 22 som
1273 1893 116 35 borde
1416 1893 171 35 beträdas
1615 1892 58 36 för
1700 1893 182 35 ernående
1911 1891 41 36 af
1977 1897 53 30 ett

416 1941 286 48 fördelaktigare
721 1944 156 34 resultat
903 1944 5 34 i
927 1944 231 35 ekonomiskt
1176 1943 217 36 hänseende.
1431 1942 161 37 Sålunda
1611 1943 167 36 erinrade
1797 1944 73 35 han
1886 1943 140 44 därom,

416 1998 54 30 att
511 1994 222 36 kommittén
761 1993 57 36 för
844 1994 159 36 revision
1032 1993 40 36 af
1096 1999 138 31 statens
1257 1995 264 48 järnvägstaxa
1547 1995 56 35 uti
1630 1995 65 35 sitt
1723 1995 71 35 den
1825 1996 17 33 1
1874 1994 158 35 oktober

420 2045 93 35 1888
542 2043 142 48 afgifna
711 2045 230 36 betänkande
968 2046 81 34 låtit
1078 2046 57 48 sig
1162 2045 99 36 ledas
1288 2045 42 36 af
1353 2046 71 35 den
1451 2045 258 48 grundsatsen,
1732 2051 56 30 att
1808 2058 86 22 man
1912 2044 118 36 borde

416 2095 86 35 söka
517 2096 99 35 »med
630 2096 106 47 billig
751 2097 141 48 hänsyn
906 2097 57 35 till
978 2096 71 36 den
1063 2096 243 36 trafikerande
1317 2097 265 35 allmänhetens
1594 2097 140 46 skäliga
1747 2096 157 48 anspråk
1922 2115 42 3 --
1980 2114 49 5 —

416 2149 88 32 ernå
531 2146 62 36 det
619 2145 58 37 för
704 2152 121 31 staten
850 2153 300 43 gynnsammaste
1174 2148 236 36 ekonomiska
1429 2149 154 34 resultat
1602 2147 41 36 af
1655 2148 373 48 järnvägsrörelsen»>,

416 2197 68 35 och
525 2198 56 35 till
622 2196 89 49 följd
752 2197 108 37 häraf
884 2199 12 34 i
924 2197 104 50 fråga
1055 2212 59 22 om
1141 2199 249 48 godstrafiken
1416 2199 13 34 i
1458 2198 251 36 vidsträckare
1738 2201 85 32 mån
1851 2205 46 28 än
1925 2197 103 36 förut

414 2247 211 46 genomfört
652 2254 178 44 systemet
858 2249 82 36 med
969 2249 159 36 faliande
1156 2249 226 37 fraktsatser.
1436 2248 236 37 Beträffande
1692 2249 167 36 däremot
1877 2260 153 37 person-
