2216 2675
377 160 113 31 Andra
515 159 211 31 Kammarens
753 158 177 43 Tillfälliga
959 158 135 32 Utskotts
1118 158 76 38 (N:o
1218 159 35 37 3)
1282 158 166 32 Utlåtande
1470 157 63 33 N:o
1559 159 48 31 11.
1717 159 39 30 65

191 250 58 37 för
281 250 139 36 hvilket
452 250 135 47 erlagts
619 247 81 37 half
725 247 120 50 afgift,
874 255 86 41 äger
988 246 164 37 medföra
1179 247 148 48 resgods
1354 248 59 35 till
1440 260 45 23 en
1512 248 79 36 vikt
1618 247 41 36 af
1683 248 110 48 högst

195 304 42 34 12
266 302 192 48 kilogram.

324 354 36 35 2.
415 352 69 36 För
525 351 149 47 resgods
715 350 147 37 utöfver
902 350 71 36 den
999 351 13 35 i
1040 349 218 48 föregående
1291 354 164 32 moment
1482 350 220 36 omnämnda
1730 349 70 37 fri-

190 405 78 35 vikt
308 405 167 46 erlägges
515 402 101 36 frakt
656 402 82 36 med
781 403 45 34 10
863 408 61 29 öre
955 401 59 36 för
1047 402 125 47 hvarje
1200 401 242 50 begynnande
1469 400 185 37 öfvervikt
1681 400 41 36 af
1750 403 45 34 10

189 456 181 47 kilogram
412 455 67 35 och
512 454 126 47 hvarje
670 454 75 34 helt
773 454 87 34 eller
888 453 166 47 påbörjat
1081 454 109 34 tretal
1219 465 119 31 zoner,
1363 465 79 23 som
1469 465 105 23 resan
1602 451 193 44 omfattar;

187 507 97 35 dock
312 506 113 35 minst
453 507 44 34 25
527 511 72 29 öre.

325 557 37 35 3.
418 556 68 35 För
517 555 197 48 velociped,
749 567 76 23 som
867 554 40 35 af
944 554 151 36 resande
1135 553 57 37 för
1231 554 204 48 personligt
1475 553 96 36 bruk
1612 553 182 37 medföres

188 607 237 49 oförpackad,
455 610 109 43 utgår
591 605 111 48 afgift

327 658 57 36 för
411 658 152 47 ensitsig
590 657 186 47 tvåhjulig
802 656 190 48 velociped
1019 656 83 35 med
1133 657 46 34 50
1207 662 72 38 öre,

326 709 58 36 för
410 722 121 22 annan
558 708 188 48 velociped
775 707 82 35 med
890 709 16 33 1
937 707 124 35 krona.

799 876 127 49 Afgift
947 876 66 49 för
1040 876 153 36 hundar.

958 975 22 45 $
1009 979 32 33 3.

325 1065 70 35 För
435 1063 112 45 hund,
578 1076 79 23 som
698 1062 146 47 åtföljer
875 1061 162 44 resande,
1069 1065 109 45 utgår
1209 1061 158 49 afgiften
1396 1061 82 36 med
1505 1060 140 36 hälften
1678 1060 40 36 af
1748 1060 54 36 af-

188 1116 123 48 giften
338 1115 58 36 för
423 1114 153 37 resande
603 1115 12 34 i
644 1116 55 34 3:e
727 1114 96 35 klass
853 1113 82 36 med
964 1113 176 35 blandadt
1167 1116 79 44 tåg;

326 1173 53 30 att
406 1166 44 36 de
479 1165 62 37 vid
568 1170 112 31 taxan
707 1164 133 47 fogade
867 1163 191 37 tarifferna
1085 1164 16 35 I
1129 1164 67 35 och
1224 1163 33 35 II
1286 1167 111 32 måtte
1426 1162 219 49 upphäfvas,

325 1224 53 30 att
416 1216 11 45 &
457 1219 19 34 5
506 1229 109 23 mom.
644 1214 39 50 p)
713 1215 39 36 af
776 1221 113 30 taxan
929 1218 114 32 måtte
1084 1215 138 35 erhålla
1260 1213 161 46 följande
1453 1214 160 35 ändrade
1640 1214 155 49 lydelse:

324 1267 145 36 frakten
510 1267 58 36 för
608 1267 156 44 hundar,
792 1267 136 43 kattor,
957 1279 88 34 apor
1085 1266 67 35 och
1193 1265 126 49 dylika
1351 1265 95 47 djur,
1476 1265 117 36 ehvad
1626 1265 45 35 de
1698 1265 98 35 föras

188 1322 77 34 lösa
296 1320 88 35 eller
417 1318 190 36 förvarade
634 1318 13 35 i
674 1318 113 35 burar
814 1317 88 36 eller
930 1317 144 47 korgar,
1103 1319 108 44 utgår
1239 1315 93 37 efter
1360 1329 138 23 samma
1521 1315 176 48 grunder,
1719 1328 78 24 som

190 1369 63 45 19
282 1372 20 34 3
332 1369 163 49 stadgas;

327 1428 52 28 att
419 1420 70 35 den
516 1432 132 36 genom
675 1419 134 48 nådiga
836 1417 152 37 brefven
1017 1418 70 35 den
1116 1420 20 33 2
1161 1418 71 45 juli
1262 1419 107 43 1875,
1400 1419 19 34 8
1449 1417 205 47 september
1684 1418 107 42 1882,

193 1474 46 34 20
281 1472 93 47 april
418 1472 106 40 1883,
555 1472 44 33 27
633 1470 73 46 juli
749 1470 107 43 1883,
887 1470 46 34 24
974 1469 148 46 augusti
1164 1470 106 43 1883,
1301 1470 45 34 28
1380 1481 96 22 mars
1511 1469 108 42 1884,
1651 1469 42 34 19
1725 1468 70 46 maj

195 1524 107 42 1885,
333 1524 45 33 28
418 1521 196 36 november
657 1522 106 42 1890,
796 1522 43 34 13
882 1532 96 23 mars
1012 1520 106 43 1891,
1149 1521 19 33 7
1198 1519 149 48 augusti
1378 1520 106 42 1891,
1517 1521 17 33 1
1565 1519 94 48 april
1689 1520 108 42 1892,

193 1576 46 33 20
282 1573 94 48 april
419 1574 107 43 1894,
558 1574 43 33 17
643 1571 150 49 augusti
836 1572 106 43 1894,
974 1573 45 33 14
1051 1570 207 48 september
1292 1571 106 42 1894,
1430 1571 44 34 14
1498 1569 85 47 juni
1614 1571 107 42 1895,
1752 1571 45 34 21

188 1624 85 47 juni
315 1625 109 38 1895,
457 1625 42 33 15
541 1623 200 35 november
775 1623 106 43 1895,
913 1624 18 33 9
962 1622 71 46 maj
1066 1623 105 42 1896,
1202 1623 43 33 31
1273 1621 72 47 juli
1375 1622 107 42 1896,
1513 1622 42 33 21
1587 1621 70 46 maj
1690 1622 107 43 1897,

193 1677 22 33 4
239 1675 83 46 juni
358 1675 107 41 1897,
496 1675 45 34 20
565 1673 72 47 juli
668 1675 105 39 1897,
805 1674 43 34 25
880 1672 163 36 februari
1073 1673 106 43 1898,
1211 1675 42 32 15
1284 1672 91 47 april
1406 1673 106 42 1898,
1543 1673 19 33 2
1592 1671 208 48 september

195 1727 108 42 1898,
333 1726 46 34 30
421 1724 207 49 september
672 1725 107 42 1898,
809 1724 45 34 22
897 1723 190 36 december
1121 1724 106 43 1898,
1259 1724 43 34 26
1332 1722 147 47 januari
1509 1723 107 43 1900,
1650 1724 41 34 15
1717 1722 86 47 juni

195 1778 108 43 1900,
333 1778 19 33 7
378 1776 82 46 juni
491 1776 106 43 1901,
629 1776 46 34 14
699 1775 84 47 juni
813 1776 106 42 1901,
950 1776 19 33 I
1000 1774 69 47 maj
1103 1775 106 42 1902,
1239 1774 66 35 och
1335 1775 44 34 23
1409 1773 72 48 maj
1514 1774 95 35 1902
1638 1776 37 32 åt
1703 1774 95 35 vissa

193 1839 173 36 personer
399 1825 189 48 medgifna
619 1830 86 39 rätt,
734 1830 54 30 att
817 1824 102 36 alltid
948 1826 88 34 eller
1063 1825 64 35 vid
1155 1824 178 36 särskilda
1360 1823 172 36 tillfällen
1561 1824 137 35 erhålla
1726 1824 70 35 bil-

190 1879 73 47 jett
302 1878 58 35 till
401 1890 79 23 resa
507 1880 20 32 å
555 1882 138 30 statens
730 1877 200 47 järnvägar
964 1875 55 36 för
1046 1875 142 36 mindre
1217 1874 110 48 afgift
1354 1882 46 28 än
1428 1875 68 36 den
1524 1875 13 35 1
1564 1880 111 30 taxan
1703 1874 93 37 fast-

193 1928 143 44 ställda,
366 1931 112 32 måtte
519 1927 205 48 upphäfvas
756 1927 66 36 och
854 1927 480 47 biljettprisnedsättningar
1367 1925 58 36 för
1465 1926 126 48 dylika
1630 1925 64 36 fall
1723 1925 75 36 för-

194 1980 119 35 klaras
340 1979 146 35 komma
514 1983 54 30 att
598 1981 45 44 på
669 1977 176 49 pröfning
871 1977 40 36 af
935 1991 50 35 ny
1013 1978 161 35 ansökan
1200 1977 104 43 bero;

329 2036 53 29 att
409 2028 22 45 &
460 2031 45 34 39
534 2028 41 36 af
603 2029 134 48 nådiga
777 2029 351 48 trafikreglementet
1168 2027 40 37 af
1245 2028 67 36 den
1344 2030 21 33 4
1392 2028 91 47 april
1518 2029 93 34 1862
1647 2030 111 33 måtte
1786 2028 13 35 i

195 2084 38 32 så
265 2083 115 33 måtto
421 2080 142 43 ändras,
593 2085 54 30 att
674 2080 12 35 i
714 2081 112 34 slutet
857 2079 39 36 af
925 2092 107 23 mom.
1063 2081 56 33 2:o
1161 2079 116 36 under
1304 2077 34 46 a)
1369 2078 72 36 För
1468 2080 134 47 bagage
1628 2079 171 46 tillägges

196 2130 160 48 följande
383 2131 134 48 punkt:

330 2181 69 35 För
439 2181 111 36 skada
577 2184 20 32 å
624 2180 240 49 velocipeder,
895 2193 77 23 som
1013 2185 88 31 utan
1133 2181 89 35 eller
1254 2180 81 35 med
1364 2179 242 49 ofullständig
1634 2179 170 48 förpack-

197 2233 90 46 ning
314 2231 191 37 befordras
534 2235 118 33 såsom
681 2232 149 47 bagage,
860 2244 171 23 ansvarar
1059 2236 119 31 staten
1206 2232 94 43 icke;
1330 2236 93 30 samt

282 2296 75 31 Bih.
383 2296 47 31 till
451 2296 110 31 Riksd.
586 2296 89 31 Prot.
698 2296 99 31 1906.
844 2296 20 30 8
886 2295 99 31 Saml.
1032 2296 21 29 2
1077 2295 80 42 Afd.
1202 2295 21 30 2
1247 2295 105 31 Band.
1399 2296 39 30 11
1462 2294 97 42 Häft.
1704 2299 16 26 9
