2214 2680
375 155 113 31 Andra
511 154 209 33 Kammarens
746 155 175 43 Tillfälliga
949 154 133 32 Utskotts
1105 154 78 39 (N:o
1207 156 35 37 3)
1270 155 166 31 Utlåtande
1460 154 63 32 N:o
1546 155 49 31 11.
1692 155 59 31 1038

189 245 70 35 och
299 244 226 49 uthyrandet
567 243 40 36 af
644 244 185 36 desamma
870 245 56 34 till
958 257 183 35 personer,
1175 257 89 32 som,
1292 243 81 36 ifall
1400 244 105 36 dessa
1526 244 163 46 biljetter
1715 244 80 36 icke

189 295 186 44 existerat,
418 295 205 49 säkerligen
664 300 74 31 rest
778 298 46 46 på
864 295 146 47 vanliga
1049 295 174 48 biljetter.
1277 295 174 36 Däremot
1491 295 124 36 kunna
1655 294 43 36 de
1726 309 69 21 nu-

188 347 159 35 varande
376 347 439 48 kontrollsvårigheterna
841 347 230 47 undanröjas.
1126 346 131 49 Någon
1284 347 249 47 begränsning
1569 345 39 36 af
1637 347 158 46 längden

186 397 41 36 af
264 398 44 35 de
349 398 176 44 sträckor,
561 397 58 36 för
651 398 124 35 hvilka
803 398 261 48 partibiljetter
1091 398 118 35 skulle
1237 398 175 47 försäljas,
1437 410 108 36 synes
1572 398 139 47 knappt
1737 411 57 22 er-

187 448 191 48 forderlig,
407 452 46 45 på
481 449 69 35 den
579 449 124 48 grund
730 454 55 30 att
812 449 237 47 biljettpriset
1076 448 58 36 för
1162 449 146 46 vanliga
1327 449 174 46 biljetter,
1522 461 65 35 per
1605 449 191 35 kilometer

188 500 172 43 räknadt,
390 500 152 47 sjunker
569 500 64 35 och
663 499 113 36 redan
804 499 61 35 vid
894 500 99 35 cirka
1021 501 71 34 300
1120 500 193 35 kilometer
1337 506 38 28 är
1394 502 39 33 så
1451 500 87 48 lågt,
1559 504 54 30 att
1631 498 165 37 fördelen

188 550 83 36 med
313 550 112 48 inköp
463 549 40 37 af
540 550 221 49 partibiljett
803 558 39 28 är
882 551 116 46 ringa.
1065 549 125 37 Skulle
1213 564 45 22 en
1286 550 112 36 sådan
1427 550 250 48 begränsning
1703 550 91 35 dock

188 614 105 23 anses
334 600 232 49 erforderlig,
603 602 106 35 torde
747 601 71 36 den
857 602 79 35 icke
977 601 88 36 böra
1105 602 62 35 ske
1206 614 133 34 genom
1379 600 251 37 fastställande
1658 600 40 36 af
1722 602 74 34 viss

190 652 282 48 maximilängd,
514 652 149 35 hvilken
702 652 105 35 alltid
846 653 71 34 kan
945 652 188 48 kringgås,
1162 657 88 30 utan
1278 652 113 35 hellre
1417 663 131 35 genom
1576 651 134 36 förbud
1739 651 58 36 för

188 703 237 48 begagnande
453 702 41 36 af
518 704 168 46 snälltåg.
