2235 2683
259 257 119 35 Afbrott
396 257 12 26 i

288 300 91 19 resan.

279 336 105 32 (Forts.)

445 154 59 32 108
647 155 113 31 Andra
781 155 211 32 Kammarens
1018 156 178 42 Tillfälliga
1224 156 133 33 Utskotts
1380 157 77 38 (N:o
1480 158 35 37 3)
1543 158 169 32 Utlåtande
1735 159 65 32 N:o
1824 162 49 30 11.

580 242 36 47 2)
645 244 70 37 Om
743 245 61 36 det
831 249 73 46 tåg,
933 246 139 48 hvarpå
1099 246 69 36 den
1196 247 153 36 resande
1375 247 165 37 befinner
1567 249 67 49 sig,
1655 250 207 49 upphinnes
1882 253 67 35 och
1969 266 82 35 pas-

444 310 97 23 seras
569 295 41 37 af
634 302 110 31 annat
770 300 74 45 tåg.

577 348 79 36 Den
697 349 151 36 resande
887 355 40 29 är
965 349 14 35 i
1010 349 130 36 sådant
1167 349 65 37 fall
1259 350 208 47 berättigad
1494 356 54 31 att
1575 352 149 50 öfvergå
1752 354 58 36 till
1838 354 63 37 det
1929 368 119 36 passe-

442 399 112 36 rande
592 403 101 44 tåget
733 403 20 32 å
792 402 304 47 passagestation,
1138 414 60 23 om
1238 402 228 36 sistnämnda
1498 407 63 45 tåg
1592 405 117 48 enligt
1736 405 219 38 tidtabellen
1983 407 67 36 där

441 457 68 41 gör
540 452 174 47 uppehåll
741 450 58 37 för
830 452 169 35 resandes
1030 453 226 48 påstigande,
1292 454 89 35 eller
1409 454 105 48 eljest
1542 459 20 32 å
1590 455 70 36 den
1688 457 89 35 sista
1804 458 138 36 station
1970 457 79 38 före

442 503 349 48 passagestationen,
820 503 66 36 där
913 503 121 49 dylikt
1061 505 171 48 uppehåll
1258 511 117 43 göres.

578 551 37 46 3)
645 553 70 37 Om
743 555 439 36 bestämmelsestationen
1209 557 32 47 ej
1271 557 70 35 kan
1368 560 143 45 uppnås
1538 557 78 37 före
1644 559 46 36 kl.
1722 561 44 34 12
1797 560 172 36 midnatt.

577 605 119 37 Resan
736 605 57 37 får
831 607 12 34 i
875 606 129 37 sådant
1031 606 66 37 fall
1123 606 165 51 afbrytas
1316 611 20 33 å
1363 609 146 45 station,
1538 609 55 36 dit
1624 613 100 45 tåget
1756 612 174 36 anländer
1962 613 84 36 tidi-

442 662 81 44 gast
561 658 46 35 kl.
639 659 19 34 8
687 671 29 22 e.
746 671 60 31 m.,
836 658 66 36 och
930 657 164 38 därifrån
1121 658 189 38 fortsättes
1337 659 209 49 påföljande
1573 661 71 48 dag
1672 668 122 31 senast
1823 663 82 36 med
1933 664 115 37 första

442 708 95 36 efter
580 709 47 34 kl.
671 711 19 33 9
732 708 25 35 f.
800 723 46 21 m.
888 710 12 34 i
940 710 167 47 riktning
1152 716 78 30 mot
1273 711 440 38 bestämmelsestationen
1752 713 176 48 afsående
1968 719 78 45 tåg;

442 758 93 36 dock
566 766 40 28 är
637 759 69 36 den
734 759 152 36 resande
914 760 129 36 härvid
1070 760 31 47 ej
1132 761 147 49 skyldig
1306 766 54 31 att
1388 761 165 50 begagna
1579 776 85 23 vare
1691 764 56 47 sig
1775 765 159 48 snälltåg
1960 767 88 35 eller

440 810 169 49 godståg.

575 860 69 37 Om
674 862 70 35 den
771 862 150 36 resande
948 863 118 35 finner
1092 864 57 47 sig
1176 862 204 37 föranlåten
1408 870 55 30 att
1490 865 149 49 afbryta
1666 867 57 34 sin
1750 880 80 23 resa
1857 871 20 32 å
1896 869 148 44 station,

440 912 67 36 där
546 912 129 36 sådant
714 913 115 47 enligt
863 912 229 37 förestående
1124 915 273 36 bestämmelser
1422 916 79 35 icke
1529 924 40 28 är
1595 917 212 49 medgifvet,
1837 919 89 36 eller
1953 919 94 37 efter

440 964 13 34 i
479 963 104 37 dessa
609 964 274 36 bestämmelser
910 965 132 35 tillåtet
1069 964 140 37 afbrott
1235 967 134 35 önskar
1395 966 174 37 fortsätta
1595 981 107 23 resan
1730 969 84 36 med
1841 976 112 30 annat
1970 974 73 44 tåg,

440 1021 46 29 än
526 1015 183 36 desamma
749 1014 197 48 medgifva,
987 1016 116 47 gäller
1143 1017 69 36 den
1252 1017 199 36 innehafda
1491 1019 169 46 biljetten
1701 1020 80 36 icke
1812 1021 57 36 till
1896 1020 150 38 fortsatt

439 1079 89 23 resa.
584 1065 100 37 Dock
723 1073 86 41 äger
849 1066 70 36 den
959 1068 152 35 resande
1142 1073 55 30 att
1228 1071 20 33 å
1277 1069 376 47 uppehållsstationen
1681 1071 138 36 erhålla
1845 1086 51 35 ny
1923 1073 122 47 biljett

438 1117 58 35 till
536 1116 176 37 innehafd
751 1118 139 46 biljetts
931 1119 210 36 slutstation
1181 1125 79 30 mot
1297 1121 257 35 återställande
1594 1121 41 36 af
1668 1122 227 37 sistnämnda
1923 1124 122 47 biljett

439 1168 67 35 och
550 1168 235 36 utbetalande
829 1167 40 37 af
910 1170 169 43 tillskott,
1125 1170 201 36 beräknadt
1371 1174 45 45 på
1455 1175 39 32 så
1533 1177 84 38 sätt,
1657 1178 56 30 att
1752 1173 80 36 från
1875 1188 170 23 summan

437 1218 42 36 af
515 1218 324 49 biljettafgifterna
879 1219 13 35 i
931 1219 231 50 vederbörlig
1201 1222 96 35 klass
1338 1220 83 38 från
1462 1222 240 49 begynnelse-
1743 1225 58 35 till
1836 1225 208 48 uppehålls-

437 1270 183 35 stationen
660 1270 66 35 och
754 1269 166 37 därifrån
946 1271 57 35 till
1031 1272 259 36 slutstationen
1317 1273 131 49 drages
1475 1273 160 48 afgiften
1660 1273 59 37 för
1746 1275 71 36 den
1844 1276 200 36 innehafda

438 1320 195 48 biljetten.»

571 1371 75 36 Vid
685 1385 78 23 resa
803 1375 20 33 å
862 1373 316 48 kupongbiljetter
1216 1375 184 47 tillämpas
1440 1375 60 36 för
1535 1376 124 47 hvarje
1687 1378 160 35 särskild
1875 1379 168 48 kupong-

435 1423 143 35 sträcka
606 1422 261 37 ofvanstående
894 1424 130 48 regler.
1078 1423 37 38 ÅA
1143 1426 125 46 hvarje
1295 1427 166 48 kupongs
1489 1427 242 49 begynnelse-
1750 1430 68 34 och
1838 1429 203 37 slutstatio-

423 1486 78 23 ner
540 1481 40 28 är
619 1473 71 36 den
730 1474 152 36 resande
922 1475 205 49 berättigad
1155 1481 55 31 att
1236 1483 89 41 göra
1351 1478 173 48 uppehåll
1552 1483 90 31 utan
1669 1478 247 38 formaliteter
1942 1482 100 35 inom

435 1524 71 36 den
533 1524 58 36 för
618 1525 168 46 biljetten
813 1526 191 36 bestämda
1030 1528 307 47 giltighetstiden.
1392 1529 72 35 För
1482 1530 260 36 kombinerade
1761 1531 167 47 biljetter
1946 1533 96 47 gälla

435 1575 177 36 särskilda
638 1576 287 45 bestämmelser,
954 1578 123 35 hvilka
1104 1591 126 23 senare
1258 1580 103 35 skola
1388 1580 159 35 beröras.

569 1625 124 37 Såsom
734 1628 77 35 skäl
852 1626 58 37 för
948 1626 281 52 ifrågavarande
1270 1630 273 37 bestämmelser
1583 1631 65 36 har
1679 1632 362 50 järnvägsstyrelsen

434 1676 158 47 angifvit
633 1675 52 47 (se
726 1678 62 35 bil.
830 1676 60 47 A),
932 1684 54 31 att
1024 1681 6 33 i
1061 1680 67 35 och
1156 1681 83 35 med
1266 1680 210 37 införandet
1503 1682 40 35 af
1568 1695 44 22 en
1641 1683 105 35 tariff
1771 1684 82 35 med
1881 1684 159 37 fallande

434 1728 100 35 skala
573 1734 110 30 annat
723 1728 140 36 afbrott
901 1730 13 34 i
945 1743 107 23 resan
1079 1738 45 28 än
1152 1731 72 44 det,
1254 1744 79 23 som
1360 1732 40 36 af
1424 1732 358 48 tågförbindelserna
1809 1735 229 49 nödvändig-

433 1778 159 48 gjordes,
620 1779 80 36 icke
739 1779 125 45 borde,
906 1781 223 48 principiellt
1169 1782 90 42 sedt,
1302 1782 36 36 få
1378 1782 241 47 förekomma,
1662 1798 83 23 men
1778 1790 55 31 att
1865 1786 61 36 det
1953 1800 87 23 vore

433 1829 134 48 billigt,
597 1834 55 31 att
678 1843 45 22 en
750 1843 142 35 person,
922 1844 78 23 som
1028 1831 57 36 för
1112 1833 118 35 ålders
1258 1834 88 35 eller
1373 1834 219 48 sjuklighets
1620 1836 97 35 skull
1746 1837 87 35 eller
1862 1836 40 36 af
1917 1850 121 23 annan

433 1880 198 46 anledning
658 1880 106 36 däraf
789 1881 90 36 hade
903 1881 121 43 behof,
1053 1883 112 36 borde
1192 1884 137 36 tillåtas
1357 1889 55 31 att
1437 1892 90 41 göra
1554 1891 53 30 ett
1634 1887 89 35 eller
1749 1887 89 35 flera
1866 1888 173 47 uppehåll

432 1931 118 35 under
576 1944 116 22 resan.

564 1981 130 37 Denna
730 1981 106 49 fråga
875 1990 40 28 är
953 1984 226 49 visserligen,
1221 1988 118 34 såsom
1372 1986 138 47 jämväl
1534 1987 362 50 järnvägsstyrelsen
1924 1988 113 37 fram-

432 2032 124 45 håller,
586 2033 143 35 mindre
756 2033 41 36 af
821 2034 213 36 ekonomisk
1060 2043 45 28 än
1133 2037 300 46 reglementarisk
1452 2044 119 39 natur,
1593 2052 82 22 men
1695 2052 119 36 synes,
1836 2040 46 35 då
1900 2039 136 50 ifråga-

431 2083 159 36 varande
634 2084 275 37 bestämmelser
948 2086 195 49 onekligen
1184 2094 61 29 äro
1286 2087 58 37 för
1383 2089 247 36 allmänheten
1667 2091 214 44 obekväma,
1923 2092 111 35 sådan

431 2134 159 48 ändring
629 2135 12 35 i
681 2135 185 37 desamma
903 2136 88 36 böra
1029 2136 195 50 företagas,
1262 2144 54 31 att
1344 2140 152 37 resande
1524 2141 151 36 beredes
1704 2141 146 37 tillfälle
1877 2147 53 31 att
1958 2148 78 30 mot

431 2186 221 48 erläggande
679 2186 40 36 af
742 2199 45 23 en
814 2187 73 36 viss
915 2187 110 49 afgift
1052 2195 88 41 göra
1168 2190 183 48 uppehåll,
1381 2191 184 37 hvarhelst
1592 2192 72 35 han
1691 2195 39 33 så
1757 2193 143 36 önskar.
