2237 2684
240 169 148 29 Historik.

254 222 119 35 Sverige.

258 267 107 31 (Forts.)

465 170 41 32 40
613 170 112 31 Andra
749 169 210 32 Kammarens
985 167 179 44 Tillfälliga
1192 167 135 32 Utskotts
1351 167 77 39 (N:o
1453 167 35 39 3)
1515 167 170 32 Utlåtande
1706 167 64 32 N:o
1794 169 49 30 11.

423 261 112 35 sakna
575 260 49 35 all
665 259 127 49 rimlig
832 258 133 49 grund.
1020 258 52 35 De
1113 258 235 35 ekonomiska
1388 256 258 45 erfarenheter,
1684 270 78 23 som
1790 258 150 36 vunnits
1968 258 63 36 vid

422 317 137 31 statens
583 311 202 48 järnvägar
813 310 82 36 med
923 309 172 37 afseende
1123 310 98 35 såväl
1248 312 21 33 å
1296 309 70 36 den
1394 309 157 36 fallande
1577 309 205 47 godstaxan
1810 322 78 23 som
1913 313 20 32 å
1952 315 79 31 tur-

421 364 69 36 och
528 363 320 47 returbiljetterna
888 374 86 24 vore
1015 361 116 48 enligt
1171 361 200 43 utskottets
1407 361 95 36 åsikt
1529 360 40 36 af
1594 374 42 23 en
1665 360 112 37 sådan
1806 366 67 40 art,
1903 366 54 31 att
1985 362 45 36 de

422 414 154 36 manade
604 415 57 35 till
689 419 77 31 stor
794 412 236 50 försiktighet
1058 412 63 36 vid
1148 411 212 37 införandet
1387 412 38 36 af
1451 425 42 23 en
1522 411 160 37 fallande
1710 412 242 49 persontariff.

556 464 234 38 Beträffande
830 464 123 37 vidare
993 465 70 35 den
1105 463 218 45 erfarenhet,
1367 477 77 23 som
1472 464 12 35 i
1511 464 167 35 utlandet
1719 464 151 36 vunnits
1896 476 133 35 genom

422 518 241 36 användande
704 516 39 37 af
767 517 70 36 den
864 516 161 36 fallande
1052 521 123 35 taxan,
1205 515 152 37 manade
1385 516 211 36 densamma
1622 516 79 35 icke
1729 515 216 48 obetingadt
1971 517 59 36 till

423 568 200 49 efterföljd,
652 570 12 34 i
692 569 141 36 hvilket
869 568 206 36 hänseende
1103 568 181 35 utskottet
1311 567 128 36 stödde
1467 568 55 35 sin
1550 567 94 36 åsikt
1672 570 46 45 på
1745 566 161 49 följande
1934 573 95 31 utta-

422 621 109 36 lande
559 620 38 37 af
622 620 71 36 den
719 620 300 36 internationella
1041 619 400 48 järnvägskongressen
1469 620 8 34 i
1507 618 225 49 Petersburg
1759 621 40 33 år
1829 620 110 35 1892:

557 670 221 50 »Ångående
818 671 182 36 reformen
1039 669 40 37 af
1113 669 323 50 persontarifferna
1475 677 40 29 är
1555 670 61 36 det
1658 671 170 47 omöjligt
1856 676 54 30 att
1938 684 92 35 upp-

423 725 107 34 ställa
557 724 177 41 absoluta,
762 722 57 35 för
847 723 70 34 alla
944 722 129 34 länder
1099 722 168 46 gällande
1295 722 250 47 grundsatser.

557 774 71 35 Det
668 778 147 44 system,
845 785 77 23 som
951 772 132 36 hittills
1111 779 128 29 nästan
1268 771 169 37 öfverallt
1464 770 125 37 blifvit
1616 771 121 47 följdt,
1763 772 187 49 nämligen
1977 778 53 30 att

423 826 77 35 dels
539 825 151 48 vidtaga
729 824 269 48 förbättringar
1037 824 12 34 i
1090 824 225 48 tågtjänsten
1355 824 66 35 och
1461 823 13 35 i
1510 823 70 36 den
1608 823 169 36 rullande
1805 824 224 43 materielen,

423 876 77 36 dels
528 876 137 47 bevilja
692 875 282 47 nedsättningar
1001 875 12 35 i
1040 874 249 49 biljettprisen
1317 875 11 34 i
1357 875 69 35 den
1454 877 82 33 mån
1565 873 173 36 behofvet
1767 874 108 35 däraf
1890 881 66 40 gör
1975 875 56 46 sig

423 928 192 43 kännbart,
657 927 66 35 har
762 925 113 48 gifvit
914 926 95 47 goda
1048 927 166 43 resultat,
1255 926 65 35 och
1363 925 62 36 det
1457 926 115 35 finnes
1600 926 87 46 inga
1714 926 77 35 skäl
1819 930 54 31 att
1900 924 131 48 frångå

423 979 212 36 detsamma.

558 1029 104 36 Hvad
704 1041 79 24 som
815 1041 107 36 synes
952 1034 92 30 mest
1071 1028 109 36 lända
1206 1028 58 35 till
1292 1028 259 46 utvecklingen
1579 1026 41 36 af
1644 1027 291 48 persontrafiken
1963 1028 67 36 och

422 1081 82 36 bäst
545 1086 183 31 motsvara
768 1080 99 36 såväl
907 1080 195 47 publikens
1143 1092 78 23 som
1258 1079 265 49 järnvägarnas
1563 1078 122 44 behof,
1714 1086 39 28 är
1781 1078 155 36 framför
1964 1080 66 35 allt

423 1132 284 46 nedsättningen
734 1132 11 35 i
774 1131 236 48 biljettpriset
1050 1130 56 36 för
1138 1131 146 35 kortare
1311 1130 147 36 afständ
1485 1130 12 35 1
1524 1129 96 36 form
1648 1129 39 36 af
1710 1135 77 30 tur-
1816 1130 66 35 och
1910 1135 120 30 retur-

423 1184 191 47 biljetter.»

556 1233 126 36 Ehuru
723 1233 180 36 utskottet
943 1232 154 36 sålunda
1135 1232 78 36 icke
1253 1233 58 35 till
1352 1232 94 36 fullo
1485 1232 123 35 kunde
1635 1232 82 35 dela
1743 1232 71 35 den
1841 1231 40 36 af
1905 1232 126 36 Andra

423 1285 241 36 Kammarens
704 1285 143 35 utskott
887 1284 164 35 uttalade
1091 1283 93 36 fasta
1224 1283 251 44 tillförsikten,
1504 1288 53 30 att
1584 1283 167 36 nedsatta
1778 1288 105 31 taxor
1911 1284 119 35 skulle

423 1336 148 48 åtföljas
598 1335 41 36 af
662 1349 45 23 en
733 1336 13 35 i
775 1335 255 36 motsvarande
1058 1338 85 32 mån
1170 1335 92 36 ökad
1290 1335 118 43 trafik,
1438 1337 112 45 ansåg
1576 1335 179 35 utskottet
1786 1353 44 4 —
1859 1334 172 36 särskildt

424 1387 84 36 med
550 1387 144 49 hänsyn
721 1388 59 34 till
808 1387 307 36 statsbanenätets
1143 1385 230 37 förestående
1401 1386 257 47 utsträckning
1684 1386 59 34 till
1771 1384 184 37 Gellivare
1983 1405 47 3 —

422 1439 114 35 likväl
564 1441 21 32 å
612 1451 68 22 ena
707 1437 115 44 sidan,
851 1443 53 30 att
932 1438 61 35 det
1020 1451 85 22 vore
1134 1437 193 48 högeligen
1354 1437 209 45 önskvärdt,
1591 1441 53 31 att
1668 1436 83 36 med
1769 1437 156 47 lämplig
1942 1437 89 35 hän-

423 1502 70 36 syn
520 1489 59 35 till
603 1489 221 47 järnvägens
852 1488 170 36 ekonomi
1049 1493 103 43 toges
1180 1489 72 34 alla
1279 1488 44 35 de
1352 1491 92 32 mått
1472 1488 68 35 och
1564 1492 90 43 steg,
1675 1500 79 22 som
1772 1487 123 36 kunde
1914 1492 116 45 ytter-

422 1541 117 47 ligare
580 1539 213 36 underlätta
832 1539 243 36 samfärdseln
1114 1539 102 35 inom
1255 1539 136 44 landet,
1420 1542 20 32 å
1467 1538 114 36 andra
1608 1538 104 36 sidan
1739 1543 53 30 att
1820 1538 105 36 dessa
1952 1543 80 43 steg

422 1590 115 36 borde
565 1594 103 44 tagas
697 1590 83 35 med
807 1590 205 36 varsamhet
1039 1590 68 35 och
1134 1590 121 47 aldrig
1282 1593 48 40 så,
1356 1594 53 30 att
1423 1590 220 47 järnvägens
1661 1589 237 35 ekonomiska
1915 1590 116 35 resul-

423 1646 54 30 tat
505 1641 119 35 under
651 1654 46 22 en
725 1640 93 48 följd
846 1640 40 36 af
910 1644 39 32 år
976 1641 214 48 därigenom
1210 1640 254 36 försämrades.
1519 1639 187 37 Utskottet
1724 1639 158 36 erkände
1901 1639 131 37 därvid

422 1692 135 48 villigt,
586 1696 65 39 att,
683 1704 61 22 om
772 1693 68 34 ock
867 1692 117 35 under
1012 1705 45 22 en
1083 1692 145 35 kortare
1256 1692 54 34 tid
1337 1692 122 47 dåliga
1485 1691 271 47 konjunkturer
1784 1692 118 34 skulle
1931 1691 101 35 med-

424 1742 80 36 föra
544 1747 53 31 ctt
637 1750 119 28 sämre
788 1744 156 33 resultat
971 1750 47 28 än
1045 1742 61 36 det
1133 1742 218 47 påräknade,
1381 1742 129 35 sådant
1533 1743 31 46 ej
1594 1742 114 35 borde
1735 1741 188 36 afskräcka
1950 1741 83 36 från

423 1798 54 31 att
505 1793 172 36 fortsätta
705 1796 47 45 på
780 1793 71 36 den
876 1793 178 36 beträdda
1082 1801 126 40 vägen.
1275 1793 126 48 Enligt
1428 1793 197 36 utskottets
1653 1792 239 36 förmenande
1918 1792 113 36 borde

423 1844 208 49 Riksdagen
659 1844 30 47 ej
718 1844 194 36 underlåta
939 1849 53 30 att
1019 1845 13 34 i
1058 1845 58 35 sin
1143 1847 85 33 mån
1255 1845 122 34 lämna
1405 1843 135 48 Kungl.
1569 1843 104 48 Maj:t
1700 1843 62 36 det
1781 1843 91 44 stöd,
1894 1843 135 48 Kungl.

423 1895 105 48 Maj:t
568 1895 83 36 från
691 1895 227 48 Riksdagens
958 1895 78 36 sida
1062 1895 122 35 kunde
1211 1894 158 37 behöfva
1397 1894 56 36 för
1480 1900 54 30 att
1562 1894 170 36 fortsätta
1759 1894 44 36 de
1831 1894 200 36 undersök-

422 1947 134 47 ningar
584 1946 66 36 och
680 1945 133 45 försök,
844 1959 79 23 som
950 1946 57 36 för
1035 1946 60 36 det
1123 1946 217 43 dåvarande,
1370 1946 117 47 enligt
1514 1946 97 36 hvad
1638 1946 181 35 utskottet
1837 1945 193 43 inhämtat,

423 1997 237 36 förbereddes
688 1998 13 34 i
728 1998 205 35 motionens
961 1996 107 51 syfte,
1098 2000 39 33 så
1163 1997 79 36 vidt
1270 1997 99 35 detta
1396 1998 73 34 läte
1496 1998 56 47 sig
1580 1996 124 36 förena
1732 1996 83 35 med
1840 1996 191 48 hänsynen

423 2049 58 35 till
510 2053 138 31 statens
673 2049 218 47 järnvägars
919 2049 207 35 finansiella
1152 2049 187 47 ställning.
1394 2047 191 37 Utskottet
1612 2047 218 36 hemställde
1849 2050 47 44 på
1910 2047 119 48 grund

424 2099 115 43 häraf,
569 2104 53 30 att
649 2099 128 36 Första
805 2099 219 36 Kammaren
1052 2103 112 32 måtte
1191 2099 144 36 biträda
1362 2098 125 36 Andra
1514 2098 240 36 Kammarens
1782 2098 13 35 i
1822 2103 122 31 ämnet
1961 2097 69 37 fat-

423 2150 83 36 tade
533 2150 132 36 beslut.

558 2201 128 36 Första
728 2201 240 36 Kammarens
1004 2202 142 35 utskott
1173 2201 230 49 opponerade
1431 2201 57 48 sig
1515 2200 153 36 sålunda
1689 2219 48 4 —
1766 2203 119 32 såsom
1914 2200 118 35 under

424 2252 171 36 debatten
622 2253 13 34 i
662 2253 214 35 kammaren
904 2251 190 37 framhölls
1122 2251 41 36 af
1186 2253 88 34 flera
1301 2253 114 34 talare
1442 2271 48 4 —
1518 2253 13 33 i
1558 2253 72 33 alla
1657 2251 197 36 afseenden
1882 2256 76 30 mot
1986 2250 44 36 de
