1874 2788
276 150 42 30 40
657 155 286 31 Statsutskottets
965 158 179 30 utlåtande
1163 169 42 20 nr
1225 161 20 29 2
1265 161 39 29 år
1325 162 83 30 1955

282 236 69 27 satt
381 235 199 40 utbyggnad
611 246 41 21 av
685 238 611 42 skyddskonsulentorganisationen
1327 245 63 29 har
1422 247 181 30 tillkallats
1635 258 44 20 en
1711 251 70 28 sär-

280 284 92 30 skild
392 286 209 40 sakkunnig,
622 297 74 20 som
717 289 178 31 avlämnat
916 300 42 20 en
977 293 234 37 promemoria
1232 294 9 29 i
1265 295 127 29 ämnet.
1414 296 51 29 En
1486 298 216 39 redogörelse
1725 300 54 29 för

280 334 191 31 innehållet
495 337 10 28 i
530 337 113 30 denna
667 338 117 30 finnes
810 340 141 40 intagen
977 343 11 28 i
1014 343 384 40 stalsrådsprotokollet
1427 348 42 33 (s.
1498 348 203 36 126—135),
1728 351 52 28 till

279 384 108 30 vilket
409 386 169 30 utskottet
600 387 54 30 får
675 389 157 30 hänvisa.

321 434 392 40 Departementschefen
733 440 134 29 erinrar
886 441 252 40 inledningsvis
1159 445 133 34 därom,
1313 448 51 28 att
1384 447 123 39 frågan
1527 458 57 19 om
1606 458 42 20 en
1670 450 110 30 effek-

279 484 179 40 tivisering
478 496 43 19 av
541 487 267 40 skyddsarbetet
828 491 96 29 inom
943 492 67 29 den
1030 493 69 29 fria
1117 494 299 32 kriminalvården
1436 498 169 39 ingående
1626 500 154 30 behand-

279 534 95 30 lades
398 535 11 29 i
434 537 82 30 1950
540 537 56 32 års
620 540 422 40 statsverksproposition.
1066 544 129 30 Därvid
1221 545 265 32 konstaterades
1511 551 50 27 att
1585 550 195 30 arbetsbör-

278 584 71 29 dan
371 585 54 30 för
448 586 347 41 befattningshavare
819 591 95 29 inom
938 593 609 42 skyddskonsulentorganisationen
1572 600 87 29 efter
1684 601 95 29 hand

278 635 98 29 vuxit
404 636 51 29 till
484 637 108 30 sådan
620 639 224 41 omfattning,
871 644 51 27 att
948 644 285 38 organisationen
1260 646 99 30 blivit
1385 648 71 29 helt
1484 649 219 41 otillräcklig.
1733 651 45 29 Är

280 684 93 34 1943,
397 686 43 29 då
461 687 115 30 denna
598 690 239 38 organisation
859 692 10 28 i
892 693 187 30 huvudsak
1103 695 202 35 inrättades,
1329 697 122 31 bestod
1474 699 67 29 den
1564 710 43 20 av
1631 702 39 30 13
1693 702 85 29 kon-

278 735 153 30 sulenter
449 737 65 29 och
533 739 18 28 5
571 739 213 31 assistenter.
807 742 112 31 Sedan
937 745 208 37 personalen
1166 745 189 31 förstärkts
1375 749 78 29 med
1475 750 14 28 1
1513 750 165 30 assistent
1698 751 81 30 från

276 785 66 29 och
362 787 77 28 med
457 787 67 29 den
528 781 21 54 1
576 788 66 39 juli
663 790 93 34 1947,
774 791 172 40 beviljade
967 793 83 31 1950
1070 794 56 30 års
1145 796 144 40 riksdag
1306 798 111 29 medel
1438 808 75 20 som
1532 801 246 40 möjliggjorde

276 836 219 30 anställande
516 847 42 21 av
578 840 199 39 ytterligare
800 842 18 29 6
840 842 214 31 assistenter.
1075 845 122 30 Denna
1217 847 133 29 reform
1369 848 231 32 betecknades
1622 853 155 38 uttryck-

275 884 92 39 ligen
388 895 74 20 som
484 890 47 27 ett
551 890 243 37 provisorium,
816 892 64 29 och
901 893 57 29 det
979 893 215 36 förutsattes,
1216 898 52 28 att
1288 907 42 20 en
1351 898 142 31 fortsalt
1514 901 200 40 utbyggnad
1735 912 42 20 av

276 935 608 43 skyddskonsulentorganisationen
909 944 113 29 skulle
1045 945 61 29 ske
1128 947 10 28 i
1161 948 153 38 etapper.
1342 949 120 29 Såsom
1487 952 177 29 närmaste
1688 953 55 29 led
1766 953 11 28 i

274 985 68 29 den
359 987 150 30 avsedda
528 989 250 41 utvidgningen
798 992 63 30 har
879 994 284 38 organisationen
1181 997 154 30 därefter
1353 1007 124 30 genom
1495 1000 114 30 beslut
1628 1011 43 21 av
1692 1003 83 30 1952

274 1035 66 29 och
368 1037 80 30 1953
473 1038 57 29 års
554 1039 182 40 riksdagar
760 1042 143 32 tillförts
927 1045 199 39 ytterligare
1152 1047 13 29 1
1194 1048 166 31 assistent
1384 1051 195 38 respektive
1603 1052 19 29 3
1646 1053 130 29 konsu-

273 1084 111 31 lenter
402 1087 64 29 och
487 1089 18 28 5
526 1089 213 31 assistenter.
761 1092 294 39 Organisationen
1074 1097 139 38 utgöres
1233 1098 103 30 alltså
1356 1099 55 29 för
1432 1101 218 31 närvarande
1672 1112 44 21 av
1736 1104 39 29 16

273 1135 227 32 konsulenter
519 1139 65 29 och
606 1140 38 29 18
663 1141 214 31 assistenter.

319 1185 66 30 Om
412 1187 90 39 läget
528 1189 96 29 inom
650 1191 403 39 skyddsverksamheten
1080 1196 123 30 hösten
1234 1198 83 30 1954
1346 1199 62 29 har
1436 1201 339 39 departementsche-

274 1235 59 29 fen
360 1237 173 31 meddelat
560 1239 166 40 följande.

316 1294 116 40 Enligt
451 1296 257 33 införskaffade
730 1302 177 38 uppgifter
928 1305 77 29 stod
1026 1304 67 30 den
1115 1306 13 28 1
1152 1308 187 30 november
1362 1309 83 29 1954
1466 1310 18 29 9
1500 1310 62 30 929
1583 1311 189 40 villkorligt

271 1336 127 31 dömda
417 1339 110 29 under
547 1341 236 42 övervakning
801 1346 64 28 och
887 1346 14 28 1
921 1345 62 30 142
1001 1346 189 41 villkorligt
1209 1350 151 38 frigivna
1380 1352 110 30 under
1509 1353 119 39 tillsyn
1653 1354 58 33 (90

272 1380 196 38 respektive
499 1381 37 29 10
572 1383 31 33 Z
638 1393 41 19 av
710 1387 263 39 sammanlagda
1004 1390 162 33 antalet).
1197 1390 246 42 Övervakning
1472 1395 65 29 och
1567 1395 120 40 tillsyn
1717 1397 56 29 be-

272 1421 135 38 sörjdes
436 1424 8 28 i
474 1424 94 29 5021
599 1426 62 29 fall
694 1426 57 33 (45
787 1428 53 33 2)
873 1438 43 20 av
942 1438 175 31 personer,
1145 1433 253 40 yrkesmässigt
1425 1437 223 32 verksamma
1675 1439 95 30 inom

271 1463 248 38 socialvården,
540 1467 106 30 därav
666 1468 9 29 i
697 1469 63 29 294
787 1470 35 33 (3
849 1471 52 35 9)
927 1482 42 20 av
989 1473 361 39 skyddskonsulenter
1371 1478 82 29 eller
1474 1475 297 46 skyddsassisten-

270 1506 62 32 ter,
360 1506 4 29 i
390 1506 93 30 1788
512 1508 56 32 (16
596 1509 52 33 Z)
676 1520 42 20 av
739 1512 217 38 tjänstemän
977 1514 56 29 vid
1057 1515 499 43 skyddsvärnsföreningarna,
1579 1530 107 21 varav
1708 1523 62 29 692

269 1546 135 40 belöpte
425 1550 44 38 på
491 1549 206 42 föreningen
718 1552 10 28 i
752 1554 201 31 Stockholm
977 1557 64 29 och
1064 1557 62 30 879
1147 1559 46 39 på
1215 1560 205 40 föreningen
1443 1562 11 28 i
1477 1562 178 41 Göteborg,
1680 1568 90 27 samt

268 1588 11 28 i
303 1589 95 30 2939
427 1591 57 32 (26
512 1592 54 33 £)
593 1602 43 21 av
658 1594 214 38 tjänstemän
895 1598 57 30 vid
976 1598 370 39 fångvårdsanstalter,
1370 1604 169 30 anstalter
1561 1605 208 31 tillhörande

268 1630 251 38 barnavården,
545 1636 358 33 alkoholistanstalter
928 1641 64 29 och
1017 1641 369 42 arbetsförmedlingar
1410 1646 83 29 eller
1517 1656 41 21 av
1583 1648 109 30 andra
1718 1658 52 20 so-

268 1673 399 41 cialvårdstjänstemän.

313 1715 138 31 Antalet
474 1719 209 31 övervakare
707 1721 64 29 och
794 1722 223 40 tillsynsmän
1039 1734 60 21 var
1123 1727 17 28 5
1157 1727 72 29 744.
1254 1729 50 28 Av
1327 1730 99 29 dessa
1451 1731 87 31 hade
1563 1731 95 30 5462
1685 1733 82 29 1.
1744 1711 26 57 3

268 1758 158 40 uppdrag
450 1768 70 26 var,
550 1761 58 29 185
635 1762 107 30 6—10
768 1765 168 39 uppdrag,
962 1766 41 30 49
1031 1768 125 30 11—15
1182 1771 169 38 uppdrag,
1380 1772 37 29 15
1446 1773 127 29 16—20
1600 1775 167 39 uppdrag,

269 1799 40 29 10
331 1800 127 30 21—25
481 1803 168 40 uppdrag,
675 1805 38 29 12
736 1806 131 30 26—50
889 1807 168 40 uppdrag,
1081 1810 17 29 3
1122 1810 128 30 51—75
1274 1813 168 39 uppdrag,
1469 1814 12 28 1
1509 1815 150 30 76—100
1682 1826 85 30 upp-

265 1842 95 38 drag,
384 1844 18 28 5
428 1844 170 31 101—125
622 1848 159 39 uppdrag
805 1849 64 29 och
893 1851 18 28 2
938 1851 171 30 126—150
1134 1850 169 47 uppdrag.

310 1885 52 29 En
382 1885 203 38 jämförelse
608 1890 77 29 med
708 1892 246 29 motsvarande
977 1894 186 38 uppgifter,
1187 1897 168 29 avseende
1379 1898 89 38 läget
1491 1899 66 30 den
1582 1901 13 28 1
1621 1901 145 30 oktober

267 1925 94 35 1953,
382 1935 56 30 ger
458 1928 58 29 vid
536 1930 139 29 handen
695 1932 106 30 bland
822 1935 116 35 annat,
960 1936 50 28 att
1031 1936 130 29 antalet
1181 1937 190 41 villkorligt
1392 1940 127 31 dömda
1540 1942 110 29 under
1671 1944 94 29 över-

263 1968 155 41 vakning
437 1971 156 31 minskat
616 1974 78 29 med
718 1974 18 29 2
763 1975 31 31 4
822 1976 79 30 från
927 1977 38 29 10
983 1977 59 30 147
1066 1979 51 30 till
1141 1980 19 28 9
1175 1980 63 29 929
1262 1982 64 28 och
1348 1983 51 29 att
1421 1984 132 29 antalet
1574 1981 191 48 villkorligt

264 2010 152 38 frigivna
438 2014 110 28 under
572 2014 118 40 tillsyn
714 2017 83 29 ökat
820 2017 78 29 med
924 2019 38 29 10
992 2019 32 34 &
1051 2020 79 29 från
1157 2021 92 30 1040
1274 2023 52 30 till
1352 2025 13 27 1
1385 2024 70 30 142.

308 2053 64 29 Det
395 2055 103 38 något
521 2056 182 31 minskade
727 2059 108 29 totala
857 2061 130 30 antalet
1010 2063 270 39 övervaknings-
1302 2067 64 28 och
1389 2067 300 41 tillsynsuppdrag
1701 2070 63 29 har

263 2093 76 30 icke
361 2095 165 31 föranlett
548 2098 113 39 någon
683 2101 195 30 nämnvärd
899 2102 174 40 rubbning
1094 2106 10 28 i
1126 2105 245 40 fördelningen
1392 2117 42 21 av
1456 2110 201 39 uppdragen
1681 2112 83 28 mel-

263 2136 59 30 lan
349 2138 41 28 de
416 2139 95 29 olika
537 2140 242 40 kategorierna
807 2152 43 21 av
876 2144 430 42 socialvårdstjänstemän
1334 2150 162 31 inbördes
1525 2152 81 30 eller
1633 2154 129 29 mellan

261 2179 116 29 denna
399 2182 319 40 personalkategori
742 2186 65 28 och
830 2186 117 39 övriga
970 2188 308 40 uppdragstagare.
1304 2192 138 29 Antalet
1465 2194 210 30 övervakare
1699 2196 63 29 och

262 2220 224 40 tillsynsmän
510 2223 64 30 har
598 2225 94 39 stigit
716 2228 79 29 med
822 2228 35 28 11
889 2229 46 33 Z.
960 2229 88 31 Över
1075 2231 59 29 150
1158 2232 160 40 uppdrag
1340 2234 88 29 hade
1452 2235 57 29 vid
1534 2237 66 28 den
1625 2240 136 27 senaste

262 2262 307 42 undersökningen
593 2267 75 30 icke
695 2268 114 39 någon
835 2279 125 30 person
985 2274 74 27 mot
1086 2273 13 28 1
1127 2273 55 30 vid
1210 2275 66 29 den
1303 2275 109 37 förra;
1441 2278 130 29 antalet
1596 2288 165 29 personer

259 2306 78 28 med
360 2315 70 20 mer
453 2308 43 28 än
520 2309 57 28 100
600 2310 154 37 uppdrag
776 2311 63 29 har
860 2313 151 30 minskat
1034 2314 77 30 från
1136 2316 18 28 8
1176 2316 52 29 till
1254 2317 27 33 7,
1303 2318 122 29 medan
1448 2320 127 29 antalet
1597 2330 164 27 personer

260 2347 80 29 med
360 2357 72 20 mer
453 2350 43 28 än
517 2350 41 30 50
579 2352 159 40 uppdrag
757 2353 155 31 minskat
932 2355 80 30 från
1035 2357 37 28 15
1093 2357 51 29 till
1168 2358 49 29 11.
1239 2359 65 29 Det
1323 2360 61 30 bör
1404 2370 83 20 vara
1508 2363 178 38 angeläget
1706 2364 54 29 för

259 2388 42 29 de
323 2390 240 39 myndigheter
585 2402 75 21 som
681 2396 95 28 utser
797 2397 211 30 övervakare
1029 2399 64 29 och
1115 2399 223 40 tillsynsmän
1360 2404 49 28 att
1431 2404 76 29 icke
1529 2404 90 40 hopa
1642 2405 117 30 alltför

258 2430 127 40 många
409 2433 156 40 uppdrag
586 2436 43 38 på
652 2445 135 21 samma
808 2446 174 30 personer.
