1872 2790
255 157 17 38 2
696 160 312 30 Bankoutskottets
1034 160 178 29 utlåtande
1237 168 41 20 nr
1303 159 30 29 5.

796 761 64 29 Till
881 758 350 31 RIKSDAGEN.

313 1016 147 29 Jämlikt
483 1015 14 35 $
519 1015 17 28 5
560 1015 10 28 i
592 1014 144 38 Stadgar
757 1014 53 28 för
831 1010 363 39 riksdagsbiblioteket
1217 1009 53 29 får
1293 1008 168 39 styrelsen
1483 1005 143 30 härmed
1649 1003 120 39 avgiva

270 1066 184 29 berättelse
477 1067 79 28 över
578 1064 219 30 bibliotekets
822 1062 213 37 förvaltning
1056 1061 110 29 under
1189 1060 37 30 år
1250 1058 93 30 1952.

316 1183 225 29 Bibliotekets
559 1182 221 30 verksamhet
799 1181 62 29 har
881 1180 110 29 under
1009 1178 55 29 det
1084 1178 134 38 gångna
1239 1177 71 29 året
1328 1175 145 38 fortgått
1493 1174 43 40 på
1553 1173 131 38 vanligt
1703 1173 68 28 sätt

272 1234 106 38 enligt
399 1234 42 29 de
462 1233 8 29 i
492 1233 184 37 stadgarna
698 1232 99 38 givna
821 1229 319 30 bestämmelserna.
1162 1227 138 29 Arbetet
1321 1226 77 28 med
1420 1224 194 38 redigering
1635 1223 64 29 och
1720 1223 52 28 ut-

274 1284 141 38 givning
440 1293 41 20 av
505 1282 233 37 Förteckning
762 1282 79 28 över
867 1278 383 39 riksdagsbibliotekets
1276 1276 188 39 nyförvärv
1494 1274 79 29 1951
1604 1274 63 29 och
1695 1272 78 29 Års-

272 1334 200 38 bibliografi
493 1334 78 29 över
593 1332 154 38 Sveriges
769 1330 182 38 offentliga
972 1328 258 41 publikationer
1255 1327 78 29 1951
1358 1326 63 29 har
1442 1326 127 29 utförts
1591 1333 41 21 av
1653 1323 120 30 biblio-

275 1383 157 30 tekarien
470 1382 185 30 Gunnel
694 1381 223 29 Bohman.
957 1379 74 29 Den
1058 1378 38 30 27
1125 1387 93 20 mars
1245 1377 199 30 avslutades
1475 1375 229 39 tryckningen
1732 1383 41 20 av

274 1434 266 38 förteckningen
565 1433 62 29 och
653 1432 66 29 den
745 1432 40 28 20
810 1431 77 38 juni
913 1430 230 39 tryckningen
1170 1438 40 19 av
1236 1426 312 39 årsbibliografien.
1575 1425 116 30 Under
1717 1424 56 29 det

274 1485 135 38 gångna
428 1485 73 29 året
519 1484 63 29 har
600 1481 264 31 bibliotekarien
897 1480 37 29 A.
1006 1479 266 37 Lindberger
1314 1478 151 29 avslutat
1485 1477 63 29 och
1567 1476 51 29 till
1640 1475 134 39 trycke-

274 1536 63 29 riet
366 1536 124 29 avsänt
518 1533 256 39 manuskriptet
804 1532 50 28 till
888 1530 233 37 Förteckning
1149 1530 80 28 över
1257 1526 432 31 kommittébetänkanden
1718 1534 56 20 av-

274 1585 101 38 givna
393 1586 84 29 åren
495 1583 181 32 1904—45.
694 1584 12 29 I
722 1582 124 39 början
864 1591 41 20 av
922 1582 38 29 år
982 1579 80 30 1953
1081 1580 140 28 komma
1241 1578 168 38 registren
1428 1578 51 29 till
1497 1576 276 38 förteckningen,

274 1636 92 30 vilka
385 1636 58 30 vid
462 1635 179 30 årsskiftet
660 1634 10 29 i
689 1634 56 29 det
764 1634 176 28 närmaste
959 1630 219 33 fullbordats,
1199 1631 49 28 att
1268 1629 126 29 sändas
1414 1628 51 29 till
1484 1627 197 39 tryckeriet.
1701 1625 73 30 Hit-

274 1686 70 30 tills
361 1686 46 30 ha
426 1686 41 29 32
490 1685 63 30 ark
572 1684 144 39 tryckts,
736 1682 171 39 varjämte
927 1681 165 38 föreligga
1113 1681 8 28 i
1144 1680 152 39 godkänt
1316 1679 188 29 korrektur
1526 1678 15 29 7
1565 1677 63 30 ark
1647 1677 65 29 och
1731 1685 42 20 en

275 1737 136 29 mindre
435 1736 170 30 kvantitet
629 1735 10 28 i
663 1734 109 29 första
799 1732 197 30 korrektur.
1023 1731 82 29 Hela
1130 1730 265 38 förteckningen
1421 1729 171 29 beräknas
1617 1728 47 28 bli
1689 1727 41 29 90
1755 1726 18 29 aå

274 1787 39 29 95
334 1787 64 30 ark
419 1786 65 30 och
503 1786 96 30 torde
621 1783 256 40 färdigtryckas
898 1783 111 28 under
1030 1782 36 29 år
1090 1781 92 29 1953.
1205 1781 115 28 Under
1342 1780 73 30 året
1437 1780 63 30 har
1522 1778 179 40 påbörjats
1722 1779 52 27 ut-

274 1836 187 39 givningen
482 1845 41 20 av
544 1845 41 20 en
608 1844 45 30 ny
677 1833 241 39 bibliografisk
942 1832 95 33 serie,
1062 1831 270 29 >»Meddelanden
1355 1830 78 29 från
1456 1828 319 39 riksdagsbibliote-

274 1887 89 34 ket>,
386 1886 246 30 innehållande
655 1884 176 40 uppgifter
853 1893 55 20 om
933 1882 233 39 nyförvärvad
1191 1881 173 29 litteratur
1392 1879 189 33 (inklusive
1604 1878 170 39 viktigare

275 1937 147 30 artiklar
439 1937 11 29 i
467 1935 219 31 bibliotekets
707 1934 196 30 tidskrifter
923 1933 64 29 och
1009 1931 282 39 samlingsverk).
1313 1930 126 33 Serien,
1459 1939 73 20 som
1551 1929 131 37 utgives
1701 1929 10 29 i
1731 1937 42 20 en

274 1986 269 40 hektograferad
561 1985 150 40 upplaga
730 1994 55 19 om
806 1984 61 29 100
886 1983 186 39 exemplar,
1091 1982 228 29 distribueras
1337 1981 51 29 till
1407 1980 195 38 riksdagen,
1626 1979 148 29 ämbets-

275 2038 83 29 verk
382 2037 66 30 och
471 2037 91 29 vissa
586 2035 166 30 nordiska
776 2033 177 30 bibliotek.
978 2032 115 30 Under
1118 2033 37 29 år
1181 2032 82 29 1952
1288 2032 43 29 ha
1356 2031 188 29 utkommit
1569 2030 18 29 6
1613 2038 161 21 nummer

275 2088 77 29 med
373 2087 232 38 sammanlagt
627 2085 61 30 126
709 2085 102 29 sidor.
834 2083 359 39 Redigeringsarbetet
1215 2082 62 29 har
1298 2082 129 29 utförts
1449 2091 41 20 av
1510 2080 263 30 bibliotekarien

275 2139 36 28 T.
345 2138 237 39 Byström.

318 2265 118 30 Under
460 2264 37 30 år
522 2263 81 29 1952
628 2263 43 29 ha
697 2271 41 21 ur
761 2260 274 38 bokmagasinen
1059 2258 198 39 framtagits
1283 2258 231 38 sammanlagt
1540 2257 40 29 23
1594 2256 63 29 443
1682 2257 92 38 voly-

275 2325 82 22 mer,
383 2316 12 28 I
422 2316 113 28 denna
561 2322 136 20 summa
724 2313 63 29 har
813 2312 75 29 icke
914 2311 182 29 inräknats
1120 2310 65 30 vad
1209 2309 199 29 besökande
1432 2309 169 38 begagnat
1627 2316 41 21 av
1691 2307 83 29 bok-

273 2365 191 38 samlingar
483 2364 63 29 och
564 2361 322 32 referensbibliotek
907 2360 198 40 uppställda
1125 2360 10 29 i
1154 2359 255 30 allmänhetens
1429 2359 63 29 och
1512 2359 260 37 riksdagsmän-

274 2425 85 20 nens
385 2415 175 30 läsesalar.
586 2414 65 28 Till
679 2413 139 29 hemlån
844 2413 43 28 ha
915 2412 191 29 utlämnats
1134 2410 37 29 15
1187 2410 58 29 891
1276 2410 165 39 volymer,
1468 2409 181 30 däribland
1677 2408 15 29 7
1709 2408 63 28 900

273 2468 149 27 omsatta
445 2465 106 29 sedan
570 2464 207 37 föregående
798 2464 48 28 år.
867 2462 138 29 Antalet
1028 2461 103 39 nylån
1153 2461 152 29 fördelar
1325 2461 52 38 sig
1399 2460 42 40 på
1464 2459 156 39 följande
1643 2459 83 28 sätt:
