1926 2854
561 175 275 27 Bankoutskottets
857 175 163 26 memorial
1040 175 43 26 Nr
1104 176 47 25 49.
1571 174 38 29 13

115 255 145 40 uppgift,
285 255 106 39 jämte
416 258 70 28 stor
508 256 171 36 exakthet,
704 257 87 29 även
815 255 169 31 snabbhet
1009 255 11 30 i
1043 255 208 31 utförandet.
1288 255 68 32 För
1381 259 49 27 att
1453 255 153 39 registret

116 301 87 30 skall
232 301 120 30 kunna
381 300 165 39 föreligga
576 300 128 39 färdigt
733 300 95 30 inom
858 300 67 30 den
953 300 60 35 tid,
1043 310 74 20 som
1146 300 165 31 bestämts
1342 310 41 20 av
1413 300 195 39 riksdagen,

116 345 109 31 måste
257 346 130 29 arbetet
419 345 78 31 hela
529 345 93 31 tiden
655 345 160 30 forceras.
861 344 183 39 Registrets
1077 344 108 31 första
1219 345 194 38 avdelning,
1445 344 163 40 liggaren,

117 390 86 31 skall
233 390 175 39 nämligen
439 399 81 21 vara
551 389 228 40 färdigtryckt
810 393 114 27 senast
955 390 38 29 15
1025 390 108 38 dagar
1163 389 87 30 efter
1278 390 56 29 det
1364 392 48 28 att
1442 390 56 30 det
1527 389 81 31 sista

116 434 292 40 riksdagstrycket
429 434 196 36 utkommit,
647 435 65 30 och
733 434 155 39 registret
909 434 11 30 i
942 434 53 30 sin
1014 434 115 30 helhet
1150 434 229 39 färdigtryckt
1402 436 19 29 3
1443 433 166 31 månader

115 480 86 30 efter
225 489 133 21 samma
385 479 57 31 tid.
478 480 72 30 Vad
576 480 92 30 detta
692 479 145 30 innebär
861 488 73 22 som
958 479 303 39 arbetsprestation
1282 479 127 30 förstår
1433 488 92 27 man,
1551 488 57 20 om

115 534 82 21 man
217 525 177 35 betänker,
417 528 48 27 att
486 525 56 30 vid
567 526 83 29 1932
673 524 55 31 års
750 524 141 39 riksdag
913 524 188 31 framlades
1119 525 62 29 267
1206 524 117 39 kungl.
1346 523 262 40 propositioner,

116 579 42 21 av
190 569 92 31 vilka
314 569 447 40 statsverkspropositionen
793 569 152 30 innehöll
980 570 91 29 1027
1105 570 159 38 punkter,
1297 572 90 27 samt
1418 568 148 40 avgåvos
1599 568 9 30 i

116 614 108 31 första
248 615 204 30 kammaren
476 616 63 29 372
562 615 66 30 och
650 615 10 30 i
685 615 108 30 andra
817 615 205 30 kammaren
1046 615 64 29 550
1133 614 179 30 motioner.

160 659 124 30 Härtill
311 660 142 30 komma
480 659 117 31 vidare
623 659 155 39 följande
805 658 306 39 omständigheter:

164 705 25 29 1.
226 704 64 31 Vid
316 704 238 39 redigeringen
580 714 42 20 av
652 705 80 29 1932
760 703 56 31 års
843 703 300 39 riksdagsregister
1168 704 64 30 har
1257 703 105 39 enligt
1389 703 218 39 kanslidepu-

114 750 133 29 terades
277 750 136 30 önskan
442 749 11 30 i
483 749 170 39 registrets
683 748 315 39 betydelsefullaste
1027 749 64 35 del,
1123 748 229 39 sakregistret,
1383 748 66 30 den
1480 748 128 30 reform

115 794 117 39 gjorts,
263 797 48 27 att
340 794 191 30 artiklarna
560 795 110 29 under
698 794 274 38 uppslagsorden
1001 793 10 29 i
1041 796 70 27 stor
1141 792 239 39 utsträckning
1409 792 199 35 förkortats,

116 839 162 38 antingen
302 847 125 31 genom
451 838 222 40 strykningar
694 838 10 30 i
727 841 124 33 texten,
874 838 116 30 vilken
1011 837 11 30 i
1045 839 89 39 regel
1157 839 37 29 är
1216 838 145 30 hämtad
1383 847 41 20 ur
1446 838 162 29 utskotts-

118 883 240 32 utlåtandenas
387 893 24 21 s.
441 884 33 29 k.
507 884 222 35 »klämmar»,
758 884 82 29 eller
867 883 104 30 också
1000 891 124 30 genom
1152 882 203 39 fullständig
1381 881 228 40 nyskrivning

118 938 42 21 av
182 931 122 28 texten.
341 928 211 39 Härigenom
574 929 65 30 har
659 928 218 39 sakregistret
900 928 55 30 för
980 929 82 29 1932
1085 928 134 30 kunnat
1241 927 175 31 förkortas
1438 928 79 29 med
1538 936 72 20 om-

116 973 101 39 kring
243 974 19 29 3
289 974 63 29 ark
379 974 66 29 och
471 983 42 20 en
538 973 185 39 besparing
744 972 12 30 i
782 972 436 40 tryckningskostnaderna
1246 972 107 39 gjorts
1381 981 41 21 av
1450 971 160 39 omkring

119 1020 95 29 1200
235 1019 139 29 kronor.
411 1018 63 30 Det
497 1019 97 38 säger
615 1018 50 39 sig
686 1018 112 38 självt,
821 1020 48 28 att
891 1018 113 30 denna
1027 1017 128 30 reform
1179 1017 55 30 för
1255 1016 172 40 registrets
1449 1017 161 30 redaktör

117 1063 149 30 medfört
292 1066 46 28 ett
363 1063 167 39 betydligt
555 1064 83 29 ökat
662 1063 124 30 arbete.
825 1062 213 39 Riksdagens
1064 1061 385 40 besparingskommitté
1474 1062 63 29 har
1562 1070 46 20 nu

116 1107 149 40 påyrkat
290 1117 68 29 nya
385 1107 270 39 förkortningar,
682 1107 200 39 varigenom
907 1107 105 39 enligt
1030 1105 84 32 dess
1138 1106 194 39 beräkning
1357 1106 110 30 skulle
1492 1106 118 30 kunna

117 1154 100 37 göras
248 1162 41 21 en
318 1152 185 40 besparing
533 1162 41 21 av
605 1152 161 39 omkring
796 1153 63 29 300
891 1153 138 29 kronor.
1072 1151 130 30 Genom
1233 1151 99 30 dessa
1361 1160 69 30 nya
1461 1150 149 31 förkort-

117 1197 123 39 ningar
266 1198 158 29 kommer
450 1197 364 39 registerredaktörens
841 1197 116 30 arbete
983 1199 47 28 att
1056 1197 45 29 än
1127 1206 74 20 mer
1226 1197 94 29 ökas.

162 1243 29 29 2.
231 1242 92 30 Från
351 1242 65 30 och
443 1243 80 29 med
550 1242 37 30 år
619 1243 81 30 1925
729 1241 70 31 fick
828 1241 171 39 registrets
1027 1241 163 30 redaktör
1218 1250 42 21 av
1287 1240 323 39 kanslideputerade

117 1287 11 30 i
152 1288 159 38 uppdrag
334 1290 50 27 att
407 1287 166 36 utarbeta,
599 1290 95 27 utom
719 1287 42 30 de
784 1286 11 30 i
820 1286 154 39 registret
998 1285 170 40 ingående
1191 1286 141 30 delarna
1362 1284 149 40 (liggare,
1536 1293 73 30 per-

118 1332 205 38 sonregister
344 1332 66 30 och
433 1330 232 41 sakregister),
689 1333 86 29 även
798 1332 67 30 den
887 1332 80 29 med
990 1330 154 39 registret
1167 1330 304 31 sammanbundna
1495 1328 115 32 matri-

118 1377 79 30 keln
229 1378 80 29 över
342 1377 204 31 kamrarnas
578 1377 197 35 ledamöter,
808 1376 114 31 vilken
955 1376 94 30 förut
1080 1376 89 30 hade
1200 1375 189 30 utarbetats
1421 1384 42 21 av
1495 1383 115 21 annan

118 1421 201 39 riksdagens
338 1421 219 39 tjänsteman.
589 1421 121 31 Denna
728 1421 131 38 ökning
877 1430 41 21 av
937 1421 223 29 redaktörens
1179 1420 116 30 arbete
1311 1419 180 30 medförde
1509 1419 102 38 ingen

117 1465 145 39 höjning
290 1476 42 20 av
360 1466 150 30 arvodet.

162 1511 29 30 3.
230 1510 121 30 Såsom
376 1520 91 21 ovan
491 1511 139 29 nämnts
658 1511 86 30 skall
771 1510 155 39 registret
953 1509 165 39 föreligga
1144 1508 230 39 färdigtryckt
1401 1510 19 29 3
1446 1507 165 31 månader

117 1555 87 30 efter
228 1554 225 40 utgivningen
477 1565 41 20 av
543 1556 55 30 det
624 1555 81 30 sista
730 1554 303 39 riksdagstrycket.
1071 1554 13 29 I
1109 1554 301 30 bankoutskottets
1435 1551 176 31 utlåtande

117 1610 43 20 nr
177 1601 39 29 77
234 1600 57 30 vid
311 1601 84 29 1919
413 1599 54 31 års
486 1600 141 38 lagtima
645 1599 140 39 riksdag
803 1600 96 38 säges
917 1599 123 30 härom
1058 1598 168 38 följande:
1250 1597 295 31 »Vidkommande
1560 1620 50 6 ...

117 1644 93 31 tiden
240 1644 56 30 för
325 1644 229 39 årsregistrets
584 1645 261 34 utkommande,
876 1653 103 30 synas
1009 1644 67 30 alla
1107 1653 81 20 vara
1218 1652 81 21 ense
1327 1643 132 34 därom,
1489 1644 49 28 att
1567 1640 45 40 på

119 1690 138 30 kortare
281 1689 50 30 tid
357 1690 45 29 än
428 1690 19 30 3
473 1689 167 30 månader
663 1689 88 30 efter
776 1688 202 39 riksdagens
1005 1688 202 30 avslutande
1232 1687 65 30 och
1324 1687 104 30 sedan
1454 1685 157 39 samtliga

118 1733 208 39 handlingar
354 1733 97 32 blivit
478 1733 211 40 tillgängliga
717 1734 55 30 det
800 1733 75 31 icke
903 1742 81 21 vore
1011 1732 134 39 möjligt
1174 1736 48 27 att
1249 1731 188 31 medhinna
1466 1731 145 30 arbetets

120 1778 212 39 utgivande.»
374 1773 47 36 År
450 1779 79 30 1927
560 1778 169 31 uttalades
756 1778 190 30 emellertid
975 1787 42 21 av
1045 1777 324 39 kanslideputerade
1397 1785 41 21 en
1467 1776 144 32 önskan,

120 1826 48 28 att
188 1823 154 39 registret
363 1823 106 31 måtte
489 1833 56 20 om
567 1823 133 39 möjligt
720 1824 181 29 utkomma
923 1822 153 39 tidigare.
1110 1822 120 30 Denna
1252 1822 133 29 önskan
1407 1821 64 30 har
1491 1820 120 30 redak-

120 1869 95 29 tören
235 1868 105 30 också
361 1869 192 29 sedermera
576 1867 243 39 tillmötesgått,
841 1877 56 21 om
919 1868 63 30 ock
1004 1866 44 40 på
1070 1867 112 38 grund
1202 1876 41 21 av
1264 1866 124 30 sakens
1407 1873 83 31 egen
1510 1867 102 27 natur

120 1912 201 30 tidsvinsten
344 1912 31 38 ej
398 1913 133 30 kunnat
552 1912 48 30 bli
622 1916 79 27 stor.

165 1957 115 30 Under
308 1956 149 39 angivna
486 1956 241 31 förhållanden
755 1966 103 29 synas
887 1956 76 30 skäl
989 1955 31 39 ej
1050 1955 165 39 föreligga
1242 1955 56 29 för
1325 1954 65 30 den
1418 1953 194 38 föreslagna

120 2001 216 38 sänkningen
366 2011 42 20 av
438 2001 324 30 redaktörsarvodet
790 2001 80 30 med
902 2001 41 29 20
973 2003 152 36 procent,
1154 2009 43 20 en
1228 2000 109 29 större
1367 1997 171 39 sänkning
1568 1998 43 29 än

120 2055 73 21 som
215 2045 198 40 ifrågasatts
435 2045 55 31 för
510 2046 114 38 någon
646 2055 116 21 annan
782 2055 42 21 av
846 2045 202 39 riksdagens
1069 2044 220 39 tjänstemän.

164 2118 67 30 För
255 2126 84 31 egen
364 2118 55 30 del
443 2118 63 30 har
530 2118 166 38 styrelsen
721 2117 133 35 uttalat,
879 2120 50 27 att
953 2117 165 38 styrelsen
1143 2116 73 29 icke
1241 2115 116 30 funnit
1381 2113 104 40 något
1508 2115 107 28 annat

120 2175 49 27 att
191 2172 112 29 erinra
327 2175 73 26 mot
422 2171 427 39 besparingskommitténs
872 2170 130 39 förslag
1025 2171 45 28 än
1093 2172 58 32 att,
1176 2170 115 29 därest
1313 2178 43 20 en
1378 2167 172 38 sänkning
1572 2176 43 19 av

121 2225 141 30 arvodet
285 2224 36 30 åt
344 2225 77 35 den,
446 2234 74 20 som
542 2224 207 39 upprättade
772 2223 215 39 årsregistret
1010 2224 81 28 över
1115 2222 201 38 riksdagens
1341 2221 171 39 protokoll
1536 2219 79 30 med

120 2278 129 39 bihang
269 2278 171 29 befunnes
461 2278 206 38 nödvändig,
690 2277 217 38 sänkningen
927 2276 31 38 ej
978 2277 107 28 borde
1105 2285 82 20 vara
1207 2276 108 29 större
1335 2276 44 28 än
1403 2275 38 28 10
1462 2275 150 37 procent.

166 2356 47 31 På
234 2357 177 29 anmodan
431 2366 42 20 av
494 2357 200 29 talmännen
716 2357 90 29 hava
828 2355 202 38 riksdagens
1050 2354 324 38 kanslideputerade
1395 2354 65 29 den
1482 2355 18 28 6
1521 2361 93 21 mars

126 2411 80 29 1933
227 2413 105 35 yttrat
352 2410 50 38 sig
423 2410 10 29 i
453 2410 186 38 anledning
660 2419 41 20 av
722 2410 66 29 vad
809 2408 351 38 biblioteksstyrelsen
1182 2407 117 30 anfört
1319 2408 65 28 och
1405 2406 120 30 därvid
1545 2406 68 29 för-

122 2464 113 29 klarat
261 2463 49 38 sig
336 2462 152 31 vidhålla
514 2463 52 29 sin
592 2463 9 29 i
627 2463 159 38 yttrande
813 2463 66 28 den
907 2463 40 28 23
974 2461 135 38 januari
1140 2461 81 29 1933
1250 2460 120 38 gjorda
1397 2459 217 33 hemställan,

122 2520 48 27 att
190 2517 140 30 arvodet
351 2517 49 29 till
420 2517 65 29 den
506 2526 133 29 person,
662 2526 73 20 som
756 2518 92 27 utses
869 2518 48 27 att
937 2515 162 38 upprätta
1121 2513 234 38 vederbörliga
1376 2513 138 38 register
1535 2514 80 28 över
