2204 2651
655 169 399 34 Konstitutionsutskottets
1083 167 168 33 Utlåtande
1276 166 58 33 N:o
1359 169 28 29 6.
1560 163 7 9 "
1754 164 39 31 61

991 318 21 49 8
1043 319 56 34 16.

375 409 151 37 Valrätt
564 408 231 36 tillkommer
833 406 145 37 enhvar
1015 402 212 50 välfrejdad
1260 401 140 38 svensk
1428 414 88 23 man
1543 400 85 38 från
1657 399 71 37 och
1756 399 86 36 med

247 462 267 37 kalenderåret
542 465 87 31 näst
657 459 96 37 efter
782 458 74 47 det,
877 456 216 37 hvarunder
1121 456 76 36 han
1224 456 165 48 uppnått
1415 452 202 50 tjugufyra
1645 454 60 33 års
1726 451 115 47 ålder,

247 515 97 36 dock
372 514 33 48 ej

376 565 33 49 a)
441 565 84 46 den,
555 577 82 23 som
665 565 78 34 står
770 562 121 36 under
919 559 318 50 förmynderskap
1267 558 89 36 eller
1384 561 40 31 är
1451 556 12 36 i
1482 554 359 46 konkurstillstånd;

377 617 38 49 b)
444 617 84 47 den,
558 629 80 23 som
666 615 124 36 häftar
818 615 58 35 för
903 611 218 47 understöd,
1152 610 148 37 hvilket
1325 609 120 36 under
1464 607 161 50 löpande
1646 608 91 35 eller
1757 607 85 36 sist-

246 670 182 37 förflutna
456 668 266 37 kalenderåret
751 667 41 36 af
816 663 414 51 fattigvårdssamhälle
1258 660 181 38 tilldelats
1468 660 139 36 honom
1627 659 99 48 själf,
1747 659 96 36 hans

247 723 134 36 hustru
410 720 90 38 eller
528 719 258 48 minderåriga
815 718 110 44 barn;

376 773 32 49 c)
440 773 85 47 den,
560 785 80 24 som
670 771 83 37 icke
782 770 123 48 erlagt
930 769 45 36 de
1002 768 140 36 honom
1170 765 159 51 påförda
1355 763 200 50 utskylder
1582 763 59 36 till
1669 767 75 32 stat
1772 762 71 37 och

248 828 194 44 kommun,
471 824 132 37 hvilka
630 822 159 37 förfallit
817 822 58 36 till
901 820 201 47 betalning
1129 818 120 37 under
1277 818 46 35 de
1350 822 58 30 tre
1438 815 249 37 sistförflutna
1712 813 130 37 kalen-

248 879 176 44 deråren;

378 929 37 50 d)
444 928 250 50 värnpliktig,
737 941 80 23 som
858 926 83 36 icke
982 924 174 49 fullgjort
1198 923 46 36 de
1285 922 140 36 honom
1466 919 59 37 till
1565 919 71 37 och
1669 919 86 36 med
1785 923 57 30 ut-

248 986 157 46 gången
433 981 42 37 af
499 980 251 38 sistförflutna
778 978 265 37 kalenderåret
1071 974 205 50 åliggande
1304 971 406 51 värnpliktsöfningar.

378 1035 183 36 Närmare
608 1031 286 38 bestämmelser
939 1029 162 37 rörande
1146 1026 296 49 tillämpningen
1489 1024 40 36 af
1566 1037 50 22 nu
1659 1022 183 48 stadgade

249 1087 139 37 villkor
415 1085 193 38 meddelas
636 1085 13 36 i
677 1084 186 48 vallagen.

990 1220 20 49 d
1041 1222 57 34 17.

382 1315 31 33 1.
469 1312 73 36 Val
581 1311 58 35 till
680 1309 269 49 riksdagsmän
989 1307 11 36 i
1042 1305 128 37 Andra
1211 1304 229 36 Kammaren
1468 1300 226 37 verkställas
1722 1299 121 37 under

251 1364 214 51 september
484 1363 137 36 månad
641 1365 79 34 året
737 1366 86 32 näst
842 1362 81 36 före
943 1359 135 48 början
1099 1357 40 37 af
1155 1357 45 36 de
1220 1362 57 30 tre
1297 1358 51 44 år,
1370 1355 56 36 för
1445 1353 132 37 hvilka
1596 1352 112 37 valen
1728 1351 113 49 gälla.

381 1419 32 33 2.
470 1415 215 37 Förordnar
726 1414 219 48 Konungen
973 1424 76 37 nya
1075 1410 73 47 val,
1178 1407 223 38 verkställas
1429 1406 110 36 dessa
1567 1403 276 50 ofördröjligen

249 1469 60 36 för
338 1469 72 36 den
439 1467 239 37 återstående
705 1466 116 36 tiden.

994 1595 19 47 g
1043 1594 57 35 18.

380 1683 131 37 Andra
551 1683 250 36 Kammarens
842 1682 208 37 ledamöter
1087 1678 120 49 väljas
1236 1675 121 49 enligt
1385 1672 292 51 proportionellt
1705 1670 141 37 valsätt

250 1736 70 36 och
349 1735 242 37 omedelbart.

380 1788 183 36 Närmare
592 1786 288 37 bestämmelser
908 1798 60 23 om
992 1784 113 36 valen
1125 1782 68 37 och
1214 1781 181 36 valsättet
1414 1777 188 37 meddelas
1622 1775 13 36 i
1652 1775 190 47 vallagen.

995 1923 20 49 g
1045 1923 58 35 19.

381 2013 73 36 Vid
482 2012 62 37 val
572 2013 58 36 till
657 2012 131 36 Andra
815 2011 229 36 Kammaren
1073 2007 231 37 tillkommer
1331 2003 134 49 hvarje
1490 2000 178 38 röstande
1689 2012 46 24 en
1754 2002 90 33 röst.

993 2129 20 50 g
1043 2130 58 36 20.

382 2220 74 36 Till
491 2220 209 36 ledamöter
727 2218 13 36 i
768 2218 131 36 Andra
926 2217 229 36 Kammaren
1184 2215 128 35 kunna
1340 2211 134 38 endast
1500 2215 106 33 utses
1634 2213 100 43 män,
1764 2223 80 23 som

251 2272 65 36 vid
344 2271 227 37 valtillfället
599 2276 74 43 äga
703 2270 137 37 valrätt
867 2270 102 36 inom
999 2268 73 37 den
1100 2266 180 47 valkrets,
1310 2265 59 36 för
1397 2263 153 37 hvilken
1582 2263 45 36 de
1655 2262 131 48 väljas.
