2200 2672
410 195 61 31 178

562 274 222 38 (Nuvarande
809 272 152 41 lydelse:)

716 522 20 37 $
759 523 50 28 15.

432 601 28 31 1.
507 599 66 32 Val
623 598 51 33 till
715 598 228 41 riksdagsmän
979 597 11 32 1
1028 597 111 32 Andra

363 644 199 33 Kammaren
594 645 199 31 verkställas
815 645 112 30 under
951 642 189 42 September

364 689 118 31 månad
517 689 72 31 året
623 690 74 29 näst
731 688 71 30 före
831 687 116 40 början
970 687 36 31 af
1028 687 38 31 de
1089 689 51 29 tre

364 732 46 39 år,
435 731 51 32 för
509 731 113 32 hvilka
645 732 99 30 valen
767 732 102 39 gälla.

430 1173 28 29 2.
483 1170 182 32 Förordnar
689 1170 181 39 Konungen
891 1180 66 29 nya
983 1169 55 31 val
1061 1170 80 30 eller

366 1216 102 39 afgår
510 1216 90 38 eljest
642 1216 242 37 riksdagsman
927 1215 56 37 för
1020 1214 120 29 Andra

363 1261 212 29 Kammaren
609 1261 112 29 innan
753 1260 65 29 den
847 1259 57 37 tid,
928 1259 56 37 för
1006 1258 134 30 hvilken

365 1305 70 29 han
459 1304 106 38 blifvit
580 1304 88 36 vald,
686 1303 243 38 tilländalupit,
947 1302 195 30 verkställes

366 1349 240 37 ofördröjligen
628 1349 95 28 inom
747 1348 65 29 den
832 1347 155 36 valkrets,
1004 1356 72 20 som
1091 1347 52 29 ut-

365 1392 60 29 selt
449 1392 64 29 den
537 1391 180 39 afgångne,
742 1392 75 38 nylt
839 1391 55 30 val
909 1387 52 32 för
978 1387 61 32 den
1056 1388 87 32 åter-

366 1433 134 33 stående
524 1433 98 33 tiden.

716 1541 20 37 8
762 1539 47 31 16.

432 1620 27 30 1.
517 1612 27 38 Å
591 1619 113 30 landet
748 1619 106 38 väljes
899 1617 241 39 riksdagsman

365 1664 136 30 medelst
537 1664 168 30 elektorer.
752 1663 69 30 För
842 1663 115 37 hvarje
980 1662 162 29 kommun

364 1710 92 28 ulses
489 1709 94 37 inför
616 1707 388 29 kommunalstämmans
1034 1706 109 37 ordfö-

365 1752 109 30 rande
509 1761 41 21 en
586 1751 121 30 elektor
740 1751 58 29 och
832 1750 205 37 därutlöfver,
1062 1749 82 38 efter

363 1796 252 38 folkmängden,
652 1804 40 20 en
719 1795 56 38 för
797 1795 117 37 hvarje
934 1793 80 38 fullt
1038 1793 45 29 tal
1108 1793 40 37 af

366 1841 42 29 elt
431 1841 107 29 tusen.
574 1840 103 29 Desse
701 1839 161 29 elektorer
884 1837 260 30 sammanträda

367 1884 51 29 till
442 1883 348 38 riksdagsmannaval
813 1883 94 37 inför
923 1881 221 37 domhafvan-

366 1928 65 29 den
442 1929 14 27 i
469 1928 64 29 den
549 1928 172 36 domsaga,
738 1926 51 29 till
805 1926 133 30 hvilken
954 1925 190 30 valkretsen

365 1972 109 36 hörer,
485 1972 89 36 eller,
584 1981 53 19 om
650 1970 55 30 två
718 1970 179 38 domsagor
910 1971 60 28 äro
982 1969 162 37 förenade

366 2015 50 30 till
432 2024 41 21 en
488 2015 155 36 valkrets,
657 2014 95 37 inför
769 2013 272 38 domhafvanden
1053 2014 13 28 i
1079 2013 65 28 den

366 2060 41 37 af
431 2060 99 29 dessa
560 2059 189 37 domsagor,
774 2058 135 30 hvilken
933 2057 65 29 den
1021 2057 123 29 största

364 2103 245 38 folkmängden
633 2105 89 35 äger.

431 2148 30 28 2.
501 2147 23 29 I
544 2147 39 29 de
607 2146 198 36 valkretsar,
830 2155 72 20 som
926 2144 88 30 bestå
1038 2145 40 37 af
1090 2143 56 31 två

367 2190 80 30 eller
468 2191 85 37 flera
572 2190 122 37 städer,
711 2190 93 29 utses
819 2189 93 38 inför
925 2189 220 40 magistraten

367 2243 42 20 en
433 2234 121 30 elektor
568 2235 56 37 för
639 2234 117 37 hvarje
772 2234 76 28 stad
864 2233 59 29 och
940 2233 204 37 därutöfver,

367 2279 83 36 efter
471 2278 251 38 folkmängden,
745 2287 41 20 en
801 2278 55 37 för
871 2277 116 38 hvarje
1004 2276 78 39 fullt
1098 2276 47 30 tal

367 2322 40 37 af
424 2322 218 38 femhundra.
675 2322 104 29 Desse
795 2321 161 30 elektorer
971 2329 172 21 samman-

797 190 400 34 Konstitutionsutskottets
1226 187 168 33 Utlåtande
1419 187 61 32 N:o
1504 189 29 30 6.

1361 267 218 41 (Föreslagen
1604 265 158 42 lydelse:)

1248 322 172 31 Närmare
1451 321 247 31 bestämmelser
1724 321 148 30 rörande
1895 321 65 30 till-

1185 368 222 39 lämpningen
1431 368 41 38 af
1490 376 50 20 mu
1556 366 162 39 stadgade
1734 366 121 30 villkor
1870 366 89 30 med-

1184 413 93 29 delas
1299 413 14 29 i
1335 412 165 38 vallagen.

1514 517 20 38 $
1560 515 48 31 18.

1252 596 27 31 1.
1318 595 64 31 Val
1397 594 51 33 till
1463 594 229 42 riksdagsman
1708 594 10 32 i
1734 593 113 32 Andra
1859 593 101 32 Kam-

1185 650 111 22 maren
1311 642 141 30 ulsälles
1465 642 39 38 af
1544 650 177 30 Konungens
1729 640 232 39 Befallnings-

1185 687 170 37 hafvande
1383 687 47 29 att
1453 689 67 35 äga
1542 695 79 20 rum
1641 685 116 39 någon
1774 686 65 37 dag
1855 685 14 28 i
1885 682 76 41 Sep-

1185 728 126 31 tember
1345 727 117 31 månad
1497 727 71 30 året
1600 729 75 28 näst
1698 727 70 30 före
1791 725 116 40 början
1930 725 36 31 af

1185 771 39 33 de
1247 773 51 31 tre
1321 770 45 41 år,
1392 770 51 33 för
1465 770 115 33 hvilka
1603 773 86 30 valet
1712 771 116 40 gäller.

1249 819 70 29 För
1353 818 39 29 de
1424 818 74 38 fall,
1530 817 53 38 då,
1609 817 50 30 till
1681 817 84 38 följd
1789 816 107 37 däraf
1916 816 47 29 att

1185 862 75 30 hela
1284 862 125 29 antalet
1433 861 22 30 å
1472 861 132 38 förslag
1626 861 173 38 uppförda
1822 859 142 31 valbara

1185 906 203 30 kandidater
1412 908 41 27 är
1476 905 134 30 mindre
1634 908 46 27 än
1696 905 53 30 det
1765 904 95 30 antal
1876 904 87 30 riks-

1184 951 177 38 dagsmän,
1386 959 72 21 som
1481 949 87 30 skall
1589 950 119 37 väljas,
1729 949 82 30 eller
1826 947 138 40 uppgår

1185 995 51 29 lill
1261 995 113 37 jämnt
1401 995 53 29 det
1477 994 95 29 antal
1591 994 139 38 platser,
1755 1003 73 19 som
1852 996 41 26 är
1917 993 47 29 att

1186 1038 133 37 besätta,
1344 1038 55 31 val
1423 1039 31 37 ej
1476 1038 86 29 skall
1581 1038 22 30 å
1619 1037 149 31 sålunda
1792 1037 104 30 utsatt
1915 1036 49 30 tid

1185 1085 67 36 äga
1280 1092 88 28 rum,
1393 1082 169 30 meddelas
1587 1082 246 30 bestämmelser
1856 1082 13 28 i
1892 1081 71 30 val-

1187 1128 108 38 lagen.

1251 1171 29 30 2.
1305 1169 184 31 Förordnar
1512 1169 181 40 Konungen
1708 1178 64 30 nya
1788 1167 63 39 val,
1871 1169 93 30 verk-

1186 1215 119 30 ställas
1330 1215 98 29 dessa
1452 1214 242 38 ofördröjligen
1717 1212 51 30 för
1791 1211 62 31 den
1876 1210 87 32 åter-

1186 1256 133 33 stående
1343 1256 98 32 tiden.

1518 1534 23 39 $
1568 1533 48 31 19.

1254 1614 26 31 1.
1307 1615 120 30 Andra
1450 1614 230 30 Kammarens
1697 1612 182 30 ledamöter
1895 1611 70 30 väl-

1182 1661 58 38 jas
1270 1659 103 39 enligt
1399 1657 259 41 proportionellt
1683 1657 58 29 och
1765 1655 201 31 omedelbart

1189 1704 132 30 valsätt.
1361 1703 127 37 Hvarje
1511 1702 160 30 röstande
1694 1703 61 36 äge
1779 1700 122 30 därvid
1925 1708 41 21 en

1189 1748 78 37 röst,
1303 1757 71 20 som
1408 1747 70 29 han
1512 1745 57 30 må
1603 1745 94 38 gifva
1725 1744 118 30 odelad
1867 1743 35 30 åt
1925 1752 42 20 en

1189 1792 81 30 eller
1294 1792 69 29 lika
1385 1790 133 39 fördela
1540 1789 127 30 mellan
1688 1789 94 38 flera.

1254 1837 29 28 2.
1332 1835 99 29 Inom
1464 1835 39 29 de
1531 1833 172 31 särskilda
1730 1832 237 30 valkretsarna

1188 1880 166 38 förrättas
1376 1879 99 30 valen
1498 1879 13 28 i
1535 1877 184 30 allmänhet
1742 1876 223 35 kommunvis,

1190 1924 58 29 och
1281 1924 116 37 hvarje
1431 1923 162 29 kommun
1628 1921 110 29 bildar
1766 1919 44 30 då
1833 1920 42 29 ett
1898 1919 70 30 val-

1190 1967 150 37 distrikt;
1363 1975 78 21 men
1464 1967 170 35 kommun,
1658 1974 71 20 som
1753 1964 51 29 till
1825 1963 84 38 följd
1933 1963 40 37 af

1187 2011 261 38 folkmängdens
1491 2009 130 36 storlek,
1666 2006 301 40 samfärdsförhål-

1191 2056 148 29 landena
1363 2055 80 29 eller
1466 2054 113 30 andra
1603 2053 140 29 orsaker
1765 2052 111 37 finnes
1899 2051 71 29 icke

1192 2099 184 39 lämpligen
1388 2098 80 29 böra
1479 2098 123 38 utgöra
1615 2097 42 29 ett
1665 2096 89 29 enda
1765 2094 201 37 valdistrikt,

1190 2143 57 30 må
1256 2144 82 37 efter
1350 2142 104 30 beslut
1468 2142 39 37 af
1510 2141 215 38 Konungens
1739 2139 228 38 Befallnings-

1191 2186 170 40 hafvande
1377 2186 93 29 delas
1482 2186 14 28 i
1511 2184 56 31 två
1580 2184 80 30 eller
1670 2184 85 37 flera
1767 2182 200 31 valdistrikt.

1257 2223 142 46 Årligen
1426 2229 96 37 skall,
1544 2228 49 40 på
1616 2228 65 30 sätt
1704 2227 157 38 vallagen
1882 2227 87 37 före-

1191 2275 154 38 skrifver,
1370 2275 55 37 för
1448 2272 115 39 hvarje
1586 2271 124 31 sådant
1734 2270 135 31 distrikt
1884 2279 86 29 upp-

1190 2320 108 29 rättas
1314 2318 184 38 röstlängd,
1517 2326 71 20 som
1606 2315 233 37 ovillkorligen
1852 2314 117 38 gäller,
