2185 2673
409 199 62 32 202
790 195 402 34 Konstitutionsutskottets
1222 192 168 35 Utlåtande
1414 194 64 32 N:o
1500 196 30 30 6.

499 278 34 50 a)
562 279 84 48 den,
676 291 79 24 som
785 280 79 34 står
891 276 121 38 under
1038 274 316 52 förmynderskap
1384 274 90 37 eller
1502 279 40 32 är
1565 273 12 37 i
1597 272 360 47 konkurstillstånd;

496 331 38 50 b)
565 332 84 47 den,
678 344 82 23 som
787 330 125 37 häftar
941 330 59 37 för
1027 328 217 48 understöd,
1273 327 147 38 hvilket
1443 327 120 37 under
1582 326 162 51 löpande
1763 326 90 37 eller
1872 327 85 36 sist-

367 385 179 37 förflutna
573 383 262 38 kalenderåret
863 383 39 37 af
926 381 413 51 fattigvårdssamhälle
1367 379 179 38 tilldelats
1574 380 140 37 honom
1743 380 100 49 själf,
1863 380 95 36 hans

367 438 133 37 hustru
532 437 91 37 eller
646 436 256 49 minderåriga
931 436 108 45 barn;

495 490 33 50 c)
571 489 84 48 den,
698 502 81 24 som
820 488 82 37 icke
945 488 122 49 erlagt
1109 487 45 38 de
1195 487 140 36 honom
1377 486 158 50 påförda
1575 484 195 50 utskylder
1799 484 58 37 till
1885 489 75 32 stat

368 544 70 37 och
480 544 192 46 kommun,
714 542 129 36 hvilka
885 541 158 37 förfallit
1083 540 57 37 till
1175 539 199 49 betalning
1401 539 121 37 under
1550 538 47 37 de
1623 543 58 32 tre
1709 537 251 37 sistförflutna

367 596 291 45 kalenderåren;

499 648 38 47 d)
567 647 246 50 värnpliktig,
845 660 80 24 som
953 646 83 38 icke
1066 646 172 50 fullgjort
1267 645 45 37 de
1331 646 140 36 honom
1491 644 57 37 till
1567 644 70 37 och
1657 643 85 37 med
1762 645 198 47 utgången

369 703 41 35 af
435 701 252 37 sistförflutna
715 700 259 36 kalenderåret
1003 699 203 48 åliggande
1235 697 410 49 värnpliktsöfningar:

497 753 184 36 Närmare
701 751 287 37 bestämmelser
1008 750 161 38 rörande
1189 749 293 51 tillämpningen
1503 749 41 36 af
1558 762 52 23 nu
1625 747 184 51 stadgade
1825 746 137 37 villkor

369 806 192 37 meddelas
589 805 11 36 i
628 805 187 48 vallagen.

1111 925 19 49 8
1161 926 85 35 16.

500 1014 117 38 Valen
657 1014 59 37 till
743 1014 129 37 Andra
899 1014 232 37 Kammaren
1160 1017 63 32 äro
1253 1012 249 37 omedelbara.
1559 1011 74 38 Vid
1662 1011 108 37 dessa
1798 1011 62 36 val
1887 1010 75 36 till-

369 1070 172 35 kommer
581 1068 132 49 hvarje
754 1067 180 37 röstande
968 1079 48 24 en
1043 1070 92 34 röst.
1189 1065 95 48 Den,
1314 1078 81 24 som
1423 1064 132 37 därvid
1584 1063 149 38 erhållit
1761 1063 45 37 de
1834 1063 128 37 flestas

369 1126 136 42 röster,
546 1133 90 24 vare
673 1119 171 51 lagligen
872 1119 101 48 vald,
1003 1118 70 38 och
1101 1117 110 50 skilje
1239 1117 121 38 lotten
1390 1117 160 38 emellan
1578 1117 95 48 dem,
1704 1129 79 24 som
1812 1116 150 37 erhållit

369 1174 77 36 lika
473 1172 166 37 röstetal.

1120 1293 19 45 8
1171 1293 57 36 17.

498 1381 16 36 I
544 1380 95 48 stad,
669 1393 82 23 som
780 1379 68 37 har
876 1384 56 32 att
960 1392 130 24 ensam
1120 1379 119 37 sända
1267 1393 47 23 en
1343 1379 93 37 eller
1464 1379 89 37 flera
1581 1379 278 48 riksdagsmän,
1888 1379 76 35 för-

368 1438 119 32 rättas
528 1433 110 36 valen
680 1432 100 36 inför
822 1432 262 48 magistraten.
1142 1432 14 35 I
1198 1431 121 49 öfriga
1361 1432 211 36 valkretsar
1600 1431 162 49 afgifvas
1792 1436 172 31 rösterna

370 1485 177 38 särskildt
577 1485 57 36 för
663 1485 132 49 hvarje
824 1484 181 36 kommun
1035 1483 103 48 eller,
1167 1483 68 37 där
1257 1484 230 37 kommunen
1512 1488 42 33 är
1573 1484 109 36 delad
1701 1483 12 36 i
1732 1483 230 48 valdistrikt,

372 1538 59 36 för
458 1538 133 48 hvarje
620 1537 135 36 sådant
797 1536 164 47 distrikt,
990 1539 49 46 på
1067 1541 76 31 sätt
1171 1536 11 36 i
1211 1536 178 49 vallagen
1416 1541 172 32 närmare
1617 1536 246 44 bestämmes;
1894 1535 71 37 och

371 1590 106 36 skola
519 1590 59 36 för
618 1593 191 33 rösternas
838 1589 366 36 sammanräknande
1233 1588 70 37 och
1331 1588 195 38 fullmakts
1554 1588 230 37 utfärdande
1812 1590 37 34 åt
1878 1587 85 48 den,

371 1656 81 23 som
481 1642 45 36 de
553 1642 110 36 flesta
690 1646 172 32 rösterna
891 1641 160 47 erhållit,
1082 1640 302 50 valprotokollen
1404 1641 191 48 insändas,
1615 1641 59 36 för
1689 1640 276 37 kommunerna

371 1698 21 33 å
420 1695 128 36 landet
574 1694 59 36 till
662 1693 307 37 domhafvanden
998 1693 70 37 och
1096 1693 58 37 för
1183 1693 176 37 städerna
1388 1694 58 36 till
1469 1693 252 50 magistraten
1740 1693 12 36 i
1772 1693 73 36 den
1865 1692 97 48 stad,

372 1760 80 24 som
482 1751 141 33 största
653 1746 271 48 folkmängden
953 1750 101 45 äger.

1111 1870 18 46 8
1161 1869 56 35 18.

501 1957 184 36 Närmare
716 1954 284 38 bestämmelser
1028 1968 61 23 om
1120 1955 110 36 valen
1259 1955 191 37 meddelas
1478 1955 11 35 i
1519 1954 186 49 vallagen.

1111 2077 19 46 $
1162 2078 56 34 19.

501 2163 74 36 Till
609 2163 207 36 ledamöter
844 2162 12 36 i
884 2163 129 36 Andra
1041 2163 231 36 Kammaren
1299 2163 128 36 kunna
1457 2162 134 37 endast
1618 2166 105 32 utses
1753 2166 100 42 män,
1884 2175 80 22 som

374 2216 61 36 vid
465 2216 229 36 valtillfället
723 2220 74 43 äga
824 2216 141 35 valrätt
992 2215 103 37 inom
1124 2216 72 36 den
1224 2215 192 49 kommun,
1446 2215 91 39 eller
1565 2217 130 49 någon
1724 2215 42 38 af
1783 2214 46 36 de
1857 2213 106 39 kom-

370 2282 146 38 muner,
546 2268 58 40 för
633 2266 129 43 hvilka
790 2266 45 41 de
864 2267 131 50 väljas.
