2206 2658
412 179 40 31 62
816 177 402 33 Konstitutionsutskottets
1249 177 168 33 UHåtande
1441 178 61 32 N:o
1527 180 28 31 6.

1110 274 20 50 8
1160 277 58 34 21.

498 364 75 37 För
614 363 154 49 enhvar,
811 377 80 23 som
928 363 128 37 blifvit
1084 363 136 37 utsedd
1248 363 58 37 till
1333 363 166 38 ledamot
1526 364 12 36 i
1566 365 128 37 Andra
1721 365 243 47 Kammaren,

368 417 172 37 utfärdas
569 416 276 50 ofördröjligen
875 416 40 37 af
940 415 238 49 Konungens
1206 415 426 51 befallningshafvande
1661 417 178 37 fullmakt
1866 417 12 36 i
1900 421 65 33 två

369 469 206 50 exemplar,
619 469 40 36 af
695 469 130 36 hvilka
867 469 64 36 det
969 482 70 23 ena
1067 468 255 37 öfverlämnas
1352 472 37 34 åt
1418 470 74 36 den
1520 470 109 37 valde
1658 470 70 37 och
1757 470 64 37 det
1851 470 115 36 andra

369 522 181 37 insändes
578 522 58 36 till
659 522 464 49 justitiedepartemoentet.

1115 643 21 50 $
1166 645 58 34 22.

499 729 290 49 Rikedagsman,
820 742 81 23 som
929 729 59 37 för
1015 729 130 36 Andra
1174 727 232 39 Kammaren
1433 729 88 38 vald
1549 728 136 48 blifvit,
1707 730 60 34 må
1787 729 32 50 ej
1843 729 125 36 denna

370 782 218 49 befattning
629 783 61 48 sig
729 782 262 49 undandraga,
1034 782 86 36 med
1162 782 146 37 mindre
1349 782 76 37 han
1461 783 142 36 företer
1631 781 137 50 giltiga
1797 782 82 36 skäl
1908 782 59 36 för

370 834 200 49 afsägelse.
628 834 132 37 Såsom
790 834 140 37 sådana
959 848 125 23 anses:

501 889 32 34 1.
590 887 46 36 de
664 887 135 36 hinder
829 887 189 36 allmänna
1045 887 116 49 lagen
1188 892 190 44 upptager
1406 889 124 34 såsom
1558 886 89 49 laga
1675 885 143 46 förfall;

501 942 33 33 2.
591 939 104 37 ålder
724 939 108 37 öfver
861 941 47 35 60
938 942 56 43 år;

502 994 32 34 3.
592 997 53 31 att
686 991 72 37 den
799 992 109 36 valde
942 992 189 36 tillförene
1160 994 122 34 såsom
1310 991 268 49 riksdagsman
1605 990 166 36 bevistat
1798 995 58 31 tre
1885 990 82 49 lag-

371 1044 92 37 tima
491 1044 213 48 riksdagar.

501 1097 198 48 Afsägelse
743 1097 41 35 af
819 1096 508 50 riksdagsmannauppdrag,
1371 1095 124 37 ehvad
1536 1094 72 37 den
1649 1100 113 44 göres
1794 1094 65 36 vid
1886 1094 80 36 val-

370 1149 149 36 tillfälle
548 1149 90 36 eller
666 1149 147 47 efteråt,
835 1149 139 37 mellan
993 1149 212 48 riksdagar,
1225 1149 157 48 pröfvas
1403 1148 41 36 af
1461 1148 236 48 Konungens
1717 1146 249 48 befallnings-

371 1201 202 36 hafvande.

1116 1321 21 49 $
1166 1323 58 34 25.

499 1402 55 43 År
591 1411 127 45 någon
747 1408 180 49 missnöjd
959 1408 86 36 med
1072 1408 62 36 val
1161 1408 59 36 till
1247 1407 267 48 riksdagsman
1543 1407 89 36 eller
1661 1406 120 37 sådan
1808 1406 158 36 Konun-

370 1473 98 36 gens
496 1460 446 49 befallningshafvandes
972 1460 147 49 åtgärd,
1150 1473 81 23 som
1260 1462 79 33 står
1365 1459 13 36 i
1407 1458 235 37 omedelbart
1671 1458 183 37 samband
1882 1457 85 37 med

372 1513 136 48 själfva
537 1512 113 48 valet,
681 1513 91 36 eller
800 1513 67 35 vill
895 1517 129 44 någon
1052 1512 115 49 klaga
1196 1512 106 36 öfver
1330 1512 136 46 beslut,
1495 1511 252 48 hvarigenom
1772 1510 39 36 af
1827 1510 141 36 honom

371 1565 114 48 gjord
527 1565 188 48 afsägelse
757 1565 40 35 af
835 1564 497 49 riksdagsmannauppdrag
1373 1564 102 36 inom
1517 1563 130 36 Andra
1673 1563 232 35 Kammaren
1934 1563 31 48 ej

371 1616 126 37 blifvit
538 1617 192 48 godkänd,
773 1619 60 34 må
875 1617 75 36 han
983 1617 176 36 däröfver
1187 1617 70 36 hos
1285 1616 217 48 Konungen
1532 1615 130 36 anföra
1690 1615 147 36 besvär.
1894 1614 74 36 För

371 1669 136 36 sådant
550 1669 176 36 ändamål
767 1674 93 42 äger
900 1669 218 48 klaganden
1159 1669 68 36 hos
1267 1669 240 47 Konungens
1542 1666 426 49 befallningshafvande

370 1721 91 36 äska
502 1721 179 48 behörigt
721 1721 364 49 protokollsutdrag,
1120 1720 146 37 hvilket
1295 1720 103 37 inom
1426 1720 115 48 högst
1569 1724 58 32 tre
1656 1719 119 48 dagar
1804 1719 165 36 därefter

370 1773 70 35 bör
480 1773 58 36 till
579 1774 213 47 klaganden
834 1773 206 46 utlämnas;
1084 1773 69 36 och
1192 1773 96 36 skall
1316 1773 87 43 han,
1433 1772 65 36 vid
1526 1772 135 36 förlust
1691 1771 41 36 af
1755 1772 115 46 talan,
1901 1771 68 36 sist

369 1825 103 36 inom
513 1825 53 36 tio
609 1825 119 49 dagar
770 1826 95 36 efter
905 1825 367 49 valförrättningens
1314 1825 74 36 slut
1422 1824 102 47 eller,
1555 1824 66 36 där
1651 1823 188 49 afsägelse
1868 1823 118 36 skett:

370 1890 132 24 senare
544 1882 48 31 än
633 1878 63 36 vid
724 1877 224 46 valtillfälle,
978 1878 95 36 efter
1101 1878 166 36 erhållen
1297 1877 59 36 del
1386 1877 40 36 af
1451 1876 240 48 Konungens
1719 1875 248 49 befallnings-

370 1929 210 37 hafvandes
622 1929 125 37 beslut
788 1930 82 36 sina
911 1930 55 36 till
999 1930 220 48 Konungen
1248 1929 135 37 ställda
1411 1929 137 36 besvär
1575 1928 148 49 ingifva
1752 1928 57 36 till
1836 1927 131 37 befall-

370 1981 348 48 ningshafvanden,
749 1995 81 23 som
858 1995 140 35 genom
1026 1982 240 48 kungörelse,
1297 1981 157 36 hvilken
1478 1981 13 35 i
1511 1981 189 36 allmänna
1720 1980 247 49 tidningarna

369 2032 154 49 införes,
567 2038 158 32 utsätter
765 2034 77 37 viss
872 2034 87 36 kort
986 2034 67 48 tid,
1082 2034 103 36 inom
1214 2033 156 37 hvilken
1397 2032 239 48 underdånig
1664 2032 215 48 förklaring
1907 2035 60 33 må

370 2085 107 36 öfver
518 2085 186 37 besvären
744 2086 58 36 till
843 2086 239 49 Konungens
1124 2085 423 50 befallningshafvande
1590 2084 190 36 aflämnas.
1842 2083 124 37 Sedan

370 2137 74 36 den
486 2137 58 36 för
585 2138 233 49 förklarings
854 2138 222 48 afgifvande
1105 2138 197 37 bestämda
1329 2138 55 35 tid
1412 2137 268 48 tilländalupit,
1710 2137 70 35 har
1807 2136 159 36 Konun-

368 2202 98 35 gens
508 2189 425 49 befallningshafvande
975 2195 54 31 att
1062 2190 184 37 besvären
1270 2191 120 48 jämte
1420 2190 71 36 alla
1518 2189 114 36 målet
1660 2188 161 37 rörande
1848 2188 118 36 hand-

368 2241 126 48 lingar
532 2242 273 50 ofördröjligen
834 2242 57 37 till
920 2242 217 49 Konungen
1165 2242 171 48 insända,
1366 2242 59 36 för
1454 2246 55 32 att
1537 2242 12 35 i
1578 2241 84 36 dess
1691 2241 140 48 högsta
1860 2240 106 36 dom-

369 2294 73 35 stol
471 2294 225 49 skyndsamt
725 2294 222 49 föredragas
977 2296 69 35 och
1076 2296 163 47 afgöras.
