2209 2650
651 166 404 32 Konstitutionsutskottets
1087 165 167 33 Utlåtande
1276 169 58 29 N:o
1358 169 28 30 6.
1754 167 40 31 63

982 314 20 49 &
1033 316 58 35 27.

368 404 136 36 Därest
544 406 131 45 någon
714 403 137 36 varder
893 403 59 35 för
993 416 144 22 samma
1165 403 55 36 tid
1249 403 88 37 vald
1365 404 57 35 till
1449 404 166 36 ledamot
1644 404 41 36 af
1709 404 128 49 bägge

238 457 202 35 kamrarna
468 456 90 35 eller
586 455 58 36 till
671 455 167 36 ledamot
867 454 40 36 af
931 454 136 36 Första
1094 454 229 37 Kammaren
1351 456 58 35 för
1436 458 64 33 två
1529 456 90 36 eller
1648 456 90 35 flera
1755 433 80 58 val-

240 509 160 46 kretsar,
430 510 60 34 må
518 510 49 46 på
595 507 142 36 honom
766 506 201 37 ankomma
997 511 54 31 att
1077 506 219 48 bestämma,
1317 508 12 35 i
1349 507 249 37 hvilkendera
1617 508 219 36 kammaren

239 561 76 36 han
342 560 67 37 vill
436 559 151 37 inträda
616 559 90 36 eller
733 559 59 36 för
820 558 157 37 hvilken
996 558 167 38 valkrets
1183 559 76 36 ban
1278 559 67 36 vill
1365 572 110 24 anses
1494 559 58 37 till
1571 559 265 49 riksdagsman

239 613 98 35 vald.
366 612 108 36 Dock
504 611 148 49 åligger
679 611 141 36 honom
850 616 54 30 att
932 611 69 35 hos
1029 610 237 49 Konungens
1285 611 426 50 befallningshafvande
1730 612 13 36 i
1763 611 72 36 den

239 670 70 42 ort,
352 665 59 36 för
452 663 156 36 hvilken
648 663 76 36 han
762 662 496 50 riksdagsmannauppdrag
1287 664 32 48 ej
1351 668 202 44 mottager,
1584 664 128 37 därom
1742 669 94 44 göra

239 717 206 48 skyndsam
476 716 185 36 anmälan.

999 835 20 49 8
1049 837 57 34 28.

370 924 80 37 Hos
479 924 219 49 Konungen
726 928 113 44 göres
869 924 41 35 af
930 922 188 36 hvardera
1136 922 219 37 kammaren
1375 924 173 36 anmälan
1568 937 60 23 om
1649 924 46 36 de
1715 924 121 48 ledig-

240 978 109 36 heter
389 977 103 36 imom
533 976 234 46 kammaren,
809 974 129 37 hvilka
979 974 107 37 skola
1125 974 123 36 under
1289 988 143 24 samma
1465 976 90 36 eller
1582 976 118 36 innan
1727 981 110 31 nästa

240 1029 158 49 riksdag
437 1028 125 50 fyllas,
596 1028 193 36 hvarefter
816 1027 221 48 Konungen
1064 1026 207 37 anbefaller
1300 1027 84 37 dess
1413 1027 424 50 befallningshafvande

239 1080 235 48 föranstalta,
505 1086 56 31 att
589 1093 126 24 annan
742 1085 104 31 utses
875 1079 11 36 i
916 1079 73 36 den
1018 1078 214 49 afgångnes
1260 1080 118 36 ställe.

370 1132 70 38 Om
483 1133 162 36 emellan
680 1132 202 48 riksdagar
922 1131 169 48 ledighet
1131 1131 12 36 i
1177 1132 221 47 någondera
1439 1132 218 36 kammaren
1698 1145 139 36 genom

239 1186 186 37 ledamots
454 1185 146 49 afgång
626 1187 172 47 uppstår,
827 1184 149 48 åligger
1003 1183 239 49 Konungens
1263 1184 421 49 befallningshafvande
1703 1189 55 31 att
1777 1198 61 23 om

240 1238 220 49 ledigheten
488 1242 96 44 göra
613 1237 174 36 anmälan
814 1236 70 36 hos
911 1235 229 48 Konungen,
1171 1248 81 23 som
1281 1236 198 37 förordnar
1508 1250 60 23 om
1595 1237 182 36 utseende
1802 1236 41 36 af

241 1303 127 23 annan
395 1302 139 36 person
561 1289 13 36 1
603 1289 74 36 den
705 1289 212 48 afgångnes
947 1288 119 36 ställe.

988 1407 20 49 8
1039 1410 58 34 38.

374 1499 31 34 1.
461 1495 476 38 Konstitutionsutskottet
977 1494 229 37 tillkommer
1247 1498 55 32 att
1343 1494 166 49 granska
1549 1494 117 37 rikets
1695 1495 143 49 grund-

241 1550 108 48 lagar
378 1549 71 37 och
476 1549 222 49 vallagarne
726 1552 97 32 samt
852 1552 54 32 att
933 1547 69 37 hos
1031 1546 221 49 Riksdagen
1279 1546 140 38 föreslå
1448 1546 44 37 de
1521 1547 209 48 ändringar
1754 1548 85 35 där-

241 1602 67 47 uti,
352 1601 84 37 dem
476 1601 188 37 utskottet
705 1613 108 23 anser
854 1600 116 48 högst
1010 1599 142 48 nödiga
1193 1599 88 36 eller
1313 1599 152 49 nyttiga
1502 1599 71 36 och
1601 1599 157 49 möjliga
1787 1604 54 31 att

241 1654 218 47 verkställa,
490 1656 39 34 så
557 1653 71 37 ock
657 1657 54 32 att
739 1651 170 37 meddela
936 1650 195 37 utlåtande
1159 1651 106 36 öfver
1294 1651 45 36 de
1366 1651 86 36 från
1480 1651 202 36 kamrarna
1704 1651 58 36 till
1780 1656 59 31 ut-

242 1706 146 36 skottet
416 1705 207 36 hänvisade
652 1704 229 49 grundlags-
912 1704 71 36 och
1010 1703 291 48 vallagsfrågor.

374 1761 32 32 2.
462 1757 197 37 Utskottet
716 1779 20 4 —
790 1779 32 3 —
870 1778 38 3 —
954 1778 41 3 —
1031 1777 36 4 —
1104 1777 33 5 —
1183 1778 10 3 -
1414 1778 50 3 —
1569 1777 50 4 —
1647 1755 192 48 stadgadt.

374 1812 32 34 3.
462 1809 198 37 Utskottet
766 1830 48 4 —
921 1829 49 4 —
1099 1830 26 2 =
1306 1830 49 4 —
1516 1830 43 4 —
1591 1806 249 50 proposition.

786 2056 521 52 Öfvergångsstadganden.

376 2175 31 34 1.
464 2173 15 35 I
509 2172 176 37 afseende
714 2175 20 33 å
762 2172 112 36 valen
903 2172 57 36 till
988 2172 135 36 Första
1151 2172 231 35 Kammaren
1402 2170 100 49 gälle
1522 2170 45 36 de
1588 2170 254 48 öfvergångs-

244 2225 296 47 bestämmelser,
583 2238 81 23 som
705 2225 210 36 innehållas
955 2224 13 35 i
1003 2225 114 47 lagen
1158 2237 60 23 om
1259 2223 62 36 val
1353 2222 59 37 till
1440 2222 241 48 Riksdagens
1708 2222 134 36 Första

248 2278 210 36 Kammare.

333 2339 73 31 Bih.
432 2339 47 31 till
504 2339 110 32 Riksd.
640 2339 87 31 Prot.
756 2339 92 31 1905.
896 2340 20 30 3
940 2338 95 31 Saml.
1084 2339 19 30 6
1127 2336 92 41 Häöft.
1778 2336 19 30 9
