2213 2657
398 158 42 29 44
864 162 367 31 Konstitutionsutskottets
1260 165 154 29 Utlåtande
1437 166 57 29 N:o
1519 168 27 28 6.

397 246 162 29 närmare
599 243 172 34 villkoren
813 244 54 33 för
906 245 52 33 alt
997 256 43 22 en
1078 256 129 33 person
1247 247 91 33 skall
1379 247 109 34 blifva
1522 248 12 33 i
1570 249 226 43 röstlängden
1831 252 178 43 upptagen

400 295 118 32 såsom
555 294 284 43 röstberättigad.
892 296 66 33 Det
992 297 270 42 ifrågavarande
1299 299 166 42 tillägget,
1505 310 76 24 som
1614 301 39 43 ju
1690 302 196 43 egentligen
1924 309 84 37 äger

397 345 181 43 betydelse
607 347 125 32 endast
759 346 55 34 för
840 347 133 42 frågan,
998 348 89 34 hvar
1104 350 147 33 rösträtt
1269 352 58 31 må
1346 351 151 41 utöfvas,
1519 356 39 29 är
1578 352 44 34 då
1639 353 77 34 icke
1735 354 122 43 längre
1875 355 130 43 nödigt,

398 397 64 33 och
499 398 58 32 det
594 408 106 32 synes
738 400 40 31 så
813 400 141 42 mycket
989 400 134 33 mindre
1160 402 86 32 höra
1277 402 138 42 intagas
1442 403 11 32 i
1482 414 42 22 en
1551 404 454 44 grundlagsbestämmelse,

397 459 77 23 som
512 448 59 34 det
606 449 64 33 lätt
706 450 70 32 kan
811 449 109 34 blifva
955 451 249 35 vilseledande.
1260 453 114 42 Enligt
1407 455 67 32 den
1506 455 176 33 tilltänkta
1709 457 182 42 vallagens
1920 458 87 33 före-

396 500 143 32 skrifter
579 504 40 28 är
646 500 175 43 nämligen
848 501 211 43 rättigheten
1085 503 54 33 för
1167 514 42 22 en
1237 514 129 33 person
1393 505 51 33 att
1470 506 60 32 vid
1550 517 42 22 en
1610 507 75 33 viss
1704 508 164 42 tidpunkt
1886 510 122 33 utöfva

395 551 147 33 rösträtt
569 552 11 32 i
608 561 42 23 en
678 552 166 33 kommun
872 553 175 34 beroende
1075 554 45 41 af,
1149 555 173 34 huruvida
1348 566 175 33 personen
1550 559 93 32 varit
1668 559 10 32 i
1706 560 112 32 denna
1837 561 169 34 kommun

397 604 40 31 så
472 602 101 42 tidigt
608 603 320 42 mantalsskrifven,
968 606 51 32 att
1053 606 70 33 han
1160 606 133 33 kunnat
1328 608 174 43 upptagas
1537 609 12 33 i
1586 610 66 33 den
1688 610 54 33 för
1769 611 236 43 valdistriktet

396 655 220 41 upprättade,
655 655 58 32 vid
748 656 154 32 nämnda
937 657 162 42 tidpunkt
1126 658 162 41 gällande
1315 660 237 41 röstlängden.
1607 661 73 33 Har
1707 662 69 33 han
1804 673 124 23 senare
1956 665 49 32 in-

395 705 115 41 flyttat
537 706 64 31 och
627 707 324 39 mantalsskrifvits,
981 708 70 31 kan
1077 709 79 38 han,
1188 709 106 41 enligt
1320 709 171 42 förslaget
1517 711 52 32 till
1595 713 129 40 vallag,
1754 714 29 41 ej
1810 714 35 31 få
1868 714 136 42 åtnjuta

394 755 131 33 valrätt
550 755 11 33 i
590 755 114 34 denna
730 757 178 41 kommun,
937 757 117 34 fastän
1081 758 69 33 han
1178 759 258 44 otvifvelaktigt
1463 767 39 28 är
1530 762 62 33 där
1610 763 128 34 bosatt.
1781 764 64 33 Om
1865 765 138 34 således

395 807 237 42 grundlagens
647 808 71 32 bud
733 808 184 34 affattades
946 812 50 36 så,
1026 820 77 23 som
1130 811 424 35 konstitutionsutskottet
1581 814 191 43 föreslagit,
1802 817 115 32 skulle
1945 817 60 32 det

393 858 55 33 för
482 869 48 21 nu
565 858 142 42 angifna
742 859 61 33 fall
839 860 108 33 blifva
983 861 62 32 allt
1079 861 54 33 för
1167 861 211 42 vidsträckt;
1415 874 81 23 men
1529 865 58 32 det
1614 866 113 32 skulle
1756 867 75 40 ock,
1861 869 41 31 så
1929 868 76 33 vidt

395 911 109 40 angår
538 910 210 33 rösträttens
785 911 158 42 utöfning
979 912 10 32 i
1027 912 66 33 den
1129 913 177 41 kommun,
1345 914 77 34 från
1457 915 142 34 hvilken
1626 916 243 44 inflyttningen
1898 919 104 39 skett,

394 961 109 32 blifva
537 961 12 32 i
584 962 249 33 motsvarande
869 963 87 41 grad
992 964 63 32 allt
1089 964 54 32 för
1174 965 195 33 inskränkt.
1424 967 49 41 Ty
1500 967 11 32 i
1539 968 114 32 denna
1681 979 125 22 senare
1834 970 169 33 kommun

395 1012 89 32 skall
522 1011 66 34 den
621 1012 179 43 afflyttade
827 1024 185 32 personen,
1042 1025 56 22 om
1126 1015 69 33 han
1223 1015 62 34 där
1312 1016 113 34 blifvit
1451 1018 11 32 i
1489 1019 227 42 röstlängden
1743 1021 178 42 upptagen
1949 1023 53 31 så-

394 1074 77 22 som
497 1063 284 42 röstberättigad,
811 1065 106 42 enligt
944 1066 180 41 vallagens
1152 1067 139 42 mening
1319 1072 66 37 äga
1414 1070 59 39 att,
1504 1071 39 31 så
1565 1070 102 42 länge
1688 1071 114 33 denna
1819 1072 183 42 röstlängd

395 1119 38 28 är
460 1114 173 42 gällande,
662 1115 35 32 få
724 1116 123 33 utöfva
874 1117 53 32 sin
954 1117 166 42 politiska
1147 1118 156 33 rösträtt.

495 1166 65 32 Det
598 1166 109 32 andra
746 1167 39 32 af
821 1168 424 33 konstitutionsutskottet
1281 1169 201 42 föreslagna
1521 1172 158 41 tillägget
1714 1173 199 40 innefattar,
1952 1175 52 31 att

394 1216 125 32 endast
546 1216 132 33 sådana
706 1221 91 33 män,
828 1228 76 22 som
932 1223 61 28 äro
1020 1218 210 43 förpliktade
1258 1220 51 32 att
1334 1220 52 33 till
1414 1221 115 33 staten
1557 1222 141 43 erlägga
1718 1223 136 34 direkta
1873 1225 130 32 skatte-

392 1267 135 41 bidrag,
564 1268 59 31 må
658 1267 228 34 tillerkännas
922 1269 144 42 politisk
1101 1270 139 33 valrätt.
1295 1271 68 33 För
1398 1273 220 33 närvarande
1655 1274 114 33 skulle
1796 1275 205 42 härigenom

394 1318 147 32 orsakas
577 1318 149 33 allenast
753 1317 51 35 att
831 1319 53 41 de,
914 1330 77 23 som
1018 1326 61 28 äro
1107 1321 155 33 befriade
1289 1322 78 33 från
1394 1324 357 42 mantalspenningar,
1781 1326 116 33 blefve
1924 1326 78 33 från

392 1369 148 32 rösträtt
575 1369 188 34 uteslutna.
817 1364 115 40 Äfven
968 1381 56 23 om
1061 1371 58 33 det
1155 1372 116 33 kunde
1306 1373 207 42 medgifvas,
1552 1376 51 32 att
1639 1376 49 32 ett
1719 1376 122 43 tillägg
1867 1377 11 32 i
1906 1377 97 34 detta

394 1419 90 42 syfte
522 1420 29 42 ej
591 1425 39 28 är
664 1420 39 33 af
730 1422 116 41 någon
873 1422 113 33 större
1013 1423 162 42 praktisk
1201 1423 193 43 betydelse,
1423 1425 91 33 talar
1541 1426 97 33 alltid
1667 1428 168 40 däremot,
1865 1429 52 32 att
1944 1429 59 32 det

391 1470 190 34 innefattar
621 1482 42 22 en
704 1472 170 33 afvikelse
913 1473 78 33 från
1032 1474 66 32 den
1137 1474 176 33 allmänna
1350 1477 210 33 rösträttens
1600 1478 145 42 princip.
1800 1479 56 33 Ett
1889 1479 112 42 dylikt

392 1522 122 42 tillägg
554 1522 112 33 skulle
706 1522 215 35 fortfarande
966 1529 86 37 göra
1090 1525 175 33 valrätten
1305 1526 174 34 beroende
1529 1528 38 32 af
1607 1529 391 42 skattelagstiftningen.

393 1572 131 43 IHvarje
560 1573 146 42 ändring
742 1574 11 32 i
789 1574 113 33 denna
937 1575 228 43 lagstiftning,
1194 1577 135 41 gående
1356 1578 38 32 ut
1421 1580 46 40 på
1494 1579 51 32 att
1571 1579 112 33 befria
1711 1580 41 33 de
1780 1580 136 33 mindre
1943 1581 57 33 be-

391 1624 162 33 medlade
588 1624 78 33 från
703 1624 114 34 direkt
844 1626 105 40 skatt,
980 1627 114 33 skulle
1123 1627 44 32 då
1194 1628 154 33 utesluta
1376 1629 78 33 dem
1482 1630 78 32 från
1586 1631 144 42 politisk
1757 1632 157 40 rösträtt,
1936 1633 64 32 och

393 1674 114 33 denna
540 1675 134 42 påföljd
710 1676 117 33 kunde
864 1677 221 42 naturligtvis
1121 1678 11 32 i
1168 1678 54 33 sin
1254 1679 146 42 ordning
1426 1681 111 32 verka
1566 1681 194 34 hindrande
1788 1684 45 41 på
1860 1693 140 31 genom-

390 1726 163 32 förandet
579 1726 11 32 i
617 1736 85 32 nyss
731 1727 140 41 angifna
898 1728 153 42 riktning
1078 1729 38 32 af
1141 1739 42 22 en
1202 1730 258 41 skattereform,
1482 1742 77 22 som
1576 1733 12 31 i
1604 1743 41 22 en
1665 1733 141 33 framtid
1825 1734 175 33 måhända

392 1776 116 33 kunde
536 1776 110 33 finnas
675 1778 149 41 önsklig.
862 1779 137 33 Jämväl
1026 1780 100 32 torde
1144 1780 87 33 böra
1251 1781 133 33 erinras
1405 1792 57 22 om
1482 1782 66 33 den
1567 1784 31 41 ej
1619 1783 202 43 obetydliga
1839 1786 159 41 apparat,

392 1837 88 30 som,
510 1828 119 32 därest
655 1829 191 33 utskottets
873 1829 134 42 förslag
1035 1831 156 41 antoges,
1212 1831 114 33 skulle
1345 1832 152 34 behöfva
1517 1834 130 42 skapas
1666 1834 52 33 till
1737 1834 262 43 förebyggande

391 1878 110 40 däraf,
539 1879 51 32 att
625 1879 67 32 den
728 1880 420 43 kommunalstyrelserna
1183 1892 47 22 nu
1261 1882 144 42 tillagda
1432 1883 209 43 befogenhet
1668 1886 53 32 att
1752 1886 160 33 meddela
1943 1886 58 32 be-

390 1928 119 34 frielse
544 1929 78 33 från
659 1930 210 42 erläggande
905 1931 38 33 af
975 1932 346 43 mantalspenningar
1356 1933 116 34 blefve
1498 1935 12 32 i
1536 1935 159 43 politiskt
1721 1937 150 32 intresse
1898 1937 101 33 miss-

390 1979 147 35 brukad.
575 1980 52 33 Då
654 1981 138 33 således
821 1982 67 33 den
915 1982 38 33 af
975 1983 206 42 regeringen
1201 1983 87 33 efter
1307 1985 224 42 omsorgsfull
1549 1986 162 43 pröfning
1728 1987 134 34 fattade
1883 1988 116 33 stånd-

389 2031 113 42 punkt
528 2032 11 31 i
567 2031 113 33 denna
706 2032 100 42 fråga
832 2033 92 33 lärer
941 2033 146 34 framför
1105 2035 190 33 utskottets
1315 2040 66 37 äga
1399 2036 192 34 företrädet
1609 2038 38 32 af
1658 2039 114 32 större
1785 2039 75 32 inre
1876 2040 124 41 styrka

391 2082 62 33 och
483 2081 185 34 afsevärda
695 2083 93 42 yttre
815 2083 164 43 fördelar,
1009 2095 104 32 synes
1141 2085 71 42 mig
1238 2085 90 34 både
1356 2087 120 42 riktigt
1503 2088 64 33 och
1585 2088 159 43 lämpligt
1763 2090 51 32 att
1832 2089 165 33 fasthålla

390 2133 59 33 vid
478 2133 114 33 denna
618 2134 225 42 ståndpunkt.

489 2182 14 34 I
532 2184 164 34 afseende
725 2187 20 31 å
773 2185 66 33 den
867 2187 233 42 åldersgräns,
1131 2198 76 22 som
1234 2187 64 34 bör
1325 2189 144 42 stadgas
1497 2190 54 33 för
1577 2190 190 34 utöfvande
1795 2191 38 33 af
1852 2191 144 43 politisk

388 2236 157 39 rösträtt,
575 2236 118 32 kunna
719 2237 229 43 meningarna
974 2238 73 33 helt
1072 2238 168 42 naturligt
1266 2249 86 23 vara
1380 2240 123 33 delade
1532 2240 131 42 därom,
1684 2241 174 33 huruvida
1877 2242 121 33 siffran

389 2287 91 32 skall
508 2287 111 32 sättas
646 2287 51 33 till
728 2288 43 32 24
801 2289 85 32 eller
915 2290 43 31 25
988 2292 48 37 år,
1066 2300 80 23 men
1174 2290 77 32 skäl
1277 2291 100 32 torde
1410 2292 30 42 ej
1477 2292 170 41 föreligga
1683 2293 52 32 att
1769 2293 124 41 frångå
1930 2293 65 32 den
