2214 2626
406 196 17 28 2
644 196 108 28 Andra
774 197 196 28 Kammarens
996 197 157 38 Tillfälliga
1183 198 123 28 Utskotts
1328 199 72 35 (N:o
1424 198 34 35 3)
1487 198 152 29 Utlåtande
1662 199 57 28 N:o
1742 200 27 28 8.

404 271 382 37 handelsmarknaden
814 273 222 47 längesedan
1055 275 152 34 inrättat
1225 273 418 47 förmedlingsanstalter
1661 295 48 3 —
1728 275 280 35 handelsbörser

404 322 85 35 med
529 323 78 34 sina
642 324 192 45 ansvarige
860 325 166 34 mäklare
1052 344 47 4 —
1126 326 59 34 till
1213 330 55 30 att
1293 325 123 35 medla
1442 326 136 35 mellan
1606 327 138 47 köpare
1771 326 67 35 och
1865 327 142 46 säljare,

402 373 60 35 till
503 377 53 30 att
595 374 210 35 underlätta
843 375 254 45 utjemnandet
1136 375 41 36 af
1201 376 124 35 anbud
1352 376 67 36 och
1448 376 222 46 efterfrågan
1698 375 48 48 på
1772 377 99 34 olika
1898 382 108 37 orter,

402 423 126 36 kunde
566 437 85 23 man
691 431 121 38 vänta,
840 431 53 29 att
934 426 71 35 den
1045 432 91 29 mest
1167 425 190 37 förädlade
1393 426 41 36 af
1459 428 75 34 alla
1559 441 118 31 varor,
1705 427 71 35 den
1802 428 206 45 menskliga

402 474 278 44 arbetskraften,
717 476 118 35 skulle
869 490 92 22 vara
995 476 152 36 föremål
1179 477 58 35 för
1263 490 140 23 samma
1430 490 154 33 omsorg.
1636 477 85 37 Men
1748 477 38 36 så
1813 485 40 28 är
1878 479 90 42 icke,
1995 479 13 35 i

402 530 93 30 stort
534 525 86 45 sedt,
656 525 115 37 fallet.
822 526 144 48 Egaren
996 526 40 37 af
1059 528 119 35 denna
1205 528 161 44 dyrbara
1392 542 91 22 vara
1509 527 57 37 får
1592 536 98 28 ännu
1720 527 78 37 ofta
1823 528 47 46 på
1896 528 111 46 långa

402 583 177 38 omvägar
617 576 67 36 och
725 577 117 35 under
881 583 77 30 stor
998 579 157 35 ovisshet
1196 579 88 35 söka
1324 578 211 47 afsättning,
1575 580 68 34 och
1679 580 162 45 köparen
1877 578 57 36 får
1960 579 47 46 på

401 626 157 48 ungefär
584 640 140 22 samma
750 629 187 45 primitiva
956 629 68 35 och
1043 628 364 37 otillfredsställande
1426 635 72 30 sätt
1515 629 93 49 fylla
1626 631 80 34 sina
1723 628 121 38 behof.
1875 629 132 37 Under

402 678 68 34 allt
511 677 99 36 detta
644 679 74 34 kan
755 678 61 36 det
846 680 118 34 finnas
1001 679 176 37 öfverflöd
1206 680 41 35 af
1269 694 114 22 varan
1411 680 47 47 på
1487 686 50 30 ett
1563 680 77 35 håll
1668 681 68 34 och
1763 681 91 36 brist
1880 680 47 47 på
1955 686 52 30 ett

402 733 114 30 annat
556 734 88 30 utan
681 734 55 30 att
772 742 43 23 en
842 731 208 46 utjemning
1077 731 72 40 kan
1178 744 67 32 ega
1270 744 93 23 rum.
1416 731 75 36 Till
1518 744 44 23 en
1589 731 59 36 del
1675 730 181 37 förklaras
1884 731 123 36 denna

401 779 369 36 arbetsmarknadens
810 779 259 49 ofullkomliga
1107 782 128 35 teknik
1271 781 40 36 af
1334 782 130 35 sakens
1491 787 119 30 natur.
1663 781 341 36 Menniskokraften

401 837 40 28 är
474 830 30 45 ej
533 830 76 35 helt
635 831 69 34 och
732 830 113 37 hållet
873 845 43 22 en
946 832 253 44 handelsvara,
1228 833 96 35 huru
1351 833 149 44 mycket
1527 832 69 36 den
1625 840 45 28 än
1698 832 170 36 tenderar
1892 832 113 36 deråt.

399 879 17 36 I
444 881 101 35 detta
571 882 249 35 maskinernas
847 882 190 36 tidehvarf
1061 881 246 48 frambringas
1334 884 214 45 visserligen
1579 883 47 46 på
1654 883 351 36 arbetsmarknaden

398 932 13 34 i
442 932 75 35 viss
552 932 84 35 mån
673 945 44 23 en
751 934 397 47 genomsnittsqvalitet
1180 933 41 36 af
1246 933 277 45 arbetskraften,
1555 947 78 22 som
1665 935 118 34 starkt
1813 934 193 47 påminner

400 994 60 23 om
497 982 288 37 handelsvarans
821 985 233 45 egenskaper,
1089 997 84 23 men
1202 990 52 30 ett
1280 984 145 36 faktum
1453 993 41 27 är
1521 984 60 36 det
1609 985 213 43 emellertid,
1850 990 54 30 att
1932 998 73 22 om-

399 1034 209 44 sättningen
624 1033 40 35 af
674 1033 105 36 dessa
798 1035 98 34 olika
913 1034 204 46 produkter
1135 1035 30 45 ej
1186 1035 107 44 lyder
1312 1035 150 35 alldeles
1482 1048 139 23 samma
1639 1037 115 46 lagar.
1787 1035 217 36 Menniskan

399 1083 94 36 låter
520 1084 29 45 ej
578 1084 124 35 skicka
729 1085 55 45 sig
809 1084 55 36 hit
891 1085 69 35 och
988 1085 54 35 dit
1068 1097 79 23 som
1175 1098 44 23 en
1246 1099 98 22 vara.
1384 1085 87 36 Hon
1499 1093 40 28 är
1557 1085 76 36 ofta
1651 1087 151 35 bunden
1821 1086 40 36 af
1875 1086 130 46 familj,

399 1133 41 36 af
477 1135 178 35 särskilda
689 1134 186 36 förmåner
900 1135 48 47 på
977 1148 44 23 en
1048 1136 105 45 plats,
1182 1143 40 28 är
1248 1136 183 36 beroende
1459 1136 40 35 af
1522 1136 44 36 de
1591 1136 267 45 förhållanden,
1886 1137 119 36 under

398 1185 130 35 hvilka
567 1185 72 35 hon
680 1184 150 37 fostrats
870 1186 68 35 och
966 1186 186 36 utvecklat
1179 1187 64 45 sig.
1295 1186 232 46 Förändring
1554 1186 40 36 af
1617 1188 206 35 vistelseort
1849 1188 155 47 betyder

398 1235 105 46 långt
537 1248 100 23 mera
663 1234 58 37 för
748 1236 118 36 henne
893 1244 46 28 än
967 1236 305 37 fraktkostnaden
1299 1236 57 37 för
1383 1237 70 36 den
1483 1237 95 36 döda
1604 1251 125 23 varan.
1782 1237 80 38 Och
1888 1239 116 36 likväl

397 1286 106 36 torde
530 1287 109 47 ingen
675 1286 163 45 förneka,
866 1292 54 30 att
948 1287 45 36 de
1020 1288 155 35 likheter
1201 1289 12 35 i
1240 1288 156 36 berörda
1424 1287 206 47 afseenden,
1657 1301 79 24 som
1763 1288 240 44 förekomma,

397 1337 86 36 bort
522 1337 221 45 längesedan
783 1351 110 22 mana
931 1339 61 35 till
1030 1339 272 36 verksammare
1337 1339 171 48 åtgärder
1542 1338 59 37 för
1627 1344 54 30 att
1708 1340 135 36 bereda
1869 1341 135 35 arbets-

397 1388 229 36 marknaden
654 1388 44 36 de
725 1388 170 46 fördelar,
923 1401 80 23 som
1029 1390 150 35 vunnits
1206 1403 132 32 genom
1365 1390 340 36 handelsbörserna.
1751 1390 110 36 Detta
1887 1392 118 44 gäller

397 1438 175 36 särskildt
610 1438 84 37 med
732 1440 141 47 hänsyn
913 1440 60 35 till
1012 1440 173 36 behofvet
1225 1440 40 36 af
1301 1454 44 23 en
1386 1440 177 49 öfversigt
1589 1440 40 37 af
1652 1442 351 36 arbetsmarknaden

396 1489 48 47 på
484 1489 80 36 dess
604 1490 99 36 olika
744 1490 183 36 områden.
981 1491 16 35 I
1032 1491 81 36 vårt
1147 1491 90 36 land
1267 1491 68 36 har
1361 1492 133 35 hittills
1521 1493 92 35 intet
1638 1492 222 37 nämnvärdt
1886 1493 117 48 gjorts

396 1539 58 37 för
507 1540 100 36 detta
657 1541 182 36 ändamål.
899 1540 50 37 Vi
1001 1549 62 28 äro
1115 1543 188 35 sannolikt
1344 1543 13 35 i
1401 1542 102 36 detta
1541 1543 211 36 hänseende
1796 1543 70 36 den
1909 1548 95 31 mest

397 1590 211 37 efterblifna
646 1591 41 36 af
723 1592 75 35 alla
835 1593 179 35 nationer.
1040 1586 22 56 :
1066 1592 109 36 Detta
1214 1593 154 44 betyder
1408 1607 44 22 'en
1492 1594 175 36 moralisk
1707 1594 75 36 lika
1824 1594 60 37 väl
1923 1607 80 23 som

397 1655 45 23 en
480 1643 384 35 nationalekonomisk
904 1642 142 37 förlust.
1098 1643 134 48 Ingens
1272 1645 70 35 lott
1380 1644 74 36 kan
1494 1645 60 35 väl
1593 1658 90 23 vara
1722 1646 201 47 sorgligare
1955 1652 47 29 än

395 1693 102 44 hans,
539 1706 78 23 som
656 1692 95 38 lider
790 1693 74 37 nöd
904 1693 42 36 af
981 1694 91 36 brist
1107 1694 47 46 på
1194 1700 156 41 utvägar
1389 1700 56 30 att
1481 1694 119 37 skaffa
1634 1696 56 45 sig
1725 1696 132 45 arbete,
1884 1696 118 36 ehuru

395 1743 75 36 han
511 1743 93 37 både
643 1744 74 35 kan
758 1744 66 36 och
864 1744 66 36 vill
971 1745 136 36 arbeta.
1161 1745 82 36 Det
1270 1745 319 47 förödmjukande,
1625 1747 161 47 sorgliga
1820 1746 68 36 :och
1915 1746 88 37 ned-

395 1794 203 48 tryckande
638 1794 269 46 dagdrifvarlif,
949 1808 79 23 som
1069 1795 112 36 oftast
1219 1797 72 35 blir
1330 1809 44 23 en
1415 1795 96 48 följd
1550 1796 39 36 af
1616 1797 299 45 arbetslösheten,
1944 1797 58 36 de-

395 1846 235 35 moraliserar
656 1845 140 36 honom
823 1845 67 36 och
917 1845 212 37 återverkar
1155 1846 47 48 på
1229 1847 91 35 hans
1351 1846 130 47 familj.
1536 1847 130 36 Medan
1699 1847 71 37 den
1802 1848 199 36 arbetslöse

393 1895 181 36 förslösar:
597 1895 54 36 sin
678 1896 56 36 tid
761 1896 69 36 och
857 1897 79 35 sina
964 1896 141 37 krafter
1130 1897 49 46 på
1210 1903 54 30 att
1292 1898 87 36 söka
1398 1899 136 44 arbete,
1552 1899 134 35 saknar
1705 1898 78 36 ofta
1801 1912 44 22 en
1864 1899 136 36 arbets-

395 1945 141 47 gifvare
563 1946 102 37 dessa
691 1946 149 45 krafter,
868 1960 79 23 som
976 1947 118 47 gifvas
1120 1949 60 34 till
1207 1949 119 47 spillo.
1378 1948 158 46 Mången
1564 1948 181 37 arbetsför
1772 1950 65 35 och
1866 1950 134 35 arbets-

395 1998 106 45 villig
540 2010 84 23 man
667 1998 91 36 eller
797 1998 138 47 qvinna
974 1998 166 37 förfaller
1175 1999 120 36 under
1331 1999 242 36 'arbetslöshet
1598 2000 57 36 till
1691 2001 97 45 lätja,
1825 2000 175 48 drycken-

395 2048 101 46 skap,
524 2048 223 36 sedeslöshet
774 2047 41 36 af
839 2048 127 46 hvarje
993 2050 78 45 slag
1097 2050 67 35 och
1192 2050 150 47 sjunker
1368 2063 67 23 ner
1462 2051 11 34 i
1501 2049 61 37 det
1588 2051 177 44 tillstånd,
1793 2050 104 36 hvari
1925 2051 74 36 han

395 2099 90 35 eller
525 2099 71 35 hon
638 2099 165 36 hvarken
839 2099 73 35 kan
940 2100 91 35 eller
1056 2101 66 35 vill
1150 2100 128 36 arbeta
1315 2101 68 35 och
1410 2100 107 36 faller
1543 2101 193 36 samhället
1762 2101 57 35 till
1844 2101 71 35 last
1942 2100 59 37 för

394 2148 117 37 lifvet.
563 2150 17 35 I
606 2150 145 36 kretsen
780 2149 40 36 af
842 2149 138 36 sådana
1008 2150 183 36 föräldrar
1219 2151 69 35 och
1315 2152 12 35 i
1353 2151 132 36 sådant
1512 2159 183 40 umgänge
1715 2158 194 41 uppväxer
1923 2152 75 36 den

395 2200 382 45 samhällsvådligaste
804 2200 221 46 ungdomen,
1054 2201 79 45 den,
1161 2214 80 23 som
1269 2202 135 35 saknar
1431 2202 269 45 betingelserna
1717 2201 59 37 för
1795 2207 51 31 ett
1864 2202 136 47 sedligt

393 2250 51 36 lif:
499 2250 90 46 Inga
615 2264 197 33 omsorger,
839 2252 87 45 inga
953 2251 259 48 uppoffringar
1239 2252 41 36 af
1302 2253 197 35 samhället
1524 2265 108 36 synas
1660 2254 77 45 mig
1754 2266 99 23 mera
1875 2258 125 31 natur-
