1946 2862
658 209 229 29 Statsutskottets
909 210 148 27 utlåtande
1080 209 48 28 Nr
1149 206 52 31 93.
1656 205 19 30 3

177 288 49 28 att
248 285 155 31 betrakta
426 295 72 20 som
524 284 139 40 utgifter
686 286 80 28 utan
792 295 72 19 som
882 283 64 36 lån,
964 283 52 30 för
1032 282 90 31 vilka
1138 283 111 29 staten
1266 281 134 41 uppbär
1416 283 105 28 ränta.
1550 280 126 31 Därtill

177 336 159 36 kommer,
361 336 49 30 att
432 335 247 31 kommunerna
701 335 32 31 få
755 334 105 42 borga
883 334 52 31 för
957 333 92 42 varje
1073 332 134 31 enskild
1230 332 180 40 låntagare,
1427 331 109 31 vadan
1561 331 114 31 risken

178 387 51 30 för
252 387 111 30 staten
387 385 66 33 blir
476 385 129 42 ingen.»

230 489 67 30 För
320 488 193 31 inrättande
536 498 39 20 av
599 499 42 19 en
665 487 146 31 särskild
835 486 91 34 fond,
952 484 171 33 benämnd
1148 486 130 29 statens
1295 482 305 32 bostadslånefond
1614 482 62 31 och

178 538 126 31 avsedd
338 539 49 29 att
418 539 52 29 stå
503 537 52 31 till
590 537 124 39 Kungl.
750 537 115 39 Maj:ts
899 535 199 40 förfogande
1132 535 52 29 för
1206 533 191 40 beviljande
1421 534 34 29 åt
1477 533 201 30 kommuner

179 599 41 19 m.
244 587 32 31 fl.
311 598 39 20 av
383 587 55 31 lån
473 588 52 30 till
557 587 87 31 visst
677 585 332 42 bostadsbyggande,
1045 585 141 40 medgav
1225 584 77 30 1920
1330 585 53 29 års
1406 582 138 41 riksdag
1566 584 50 29 att
1639 593 39 20 ur

179 639 221 31 statsverkets
424 638 82 31 fond
529 648 39 20 av
592 636 296 42 rusdrycksmedel
911 637 88 39 finge
1023 635 52 30 för
1097 634 156 31 vartdera
1269 645 39 20 av
1325 635 78 29 åren
1422 633 81 30 1920
1520 632 63 31 och
1599 633 74 30 1921

179 690 111 30 såsom
315 689 55 31 lån
395 688 202 41 disponeras
623 687 185 37 15,000,000
831 686 134 31 kronor.
1011 676 48 40 År
1084 685 80 30 1922
1187 684 142 40 medgav
1351 682 192 41 riksdagen,
1561 684 50 29 att
1627 683 51 30 för

179 740 127 41 ökning
328 751 39 20 av
390 737 350 33 bostadslånefonden
757 738 88 40 finge
858 737 52 31 för
925 738 37 29 år
976 736 80 31 1922
1070 735 201 41 disponeras
1283 734 195 41 ytterligare
1493 733 186 38 11,500,000

179 790 125 32 kronor
326 802 40 19 ur
388 787 456 43 rusdrycksmedelsfonden,
869 787 62 31 och
945 787 61 31 har
1022 784 349 33 bostadslånefonden
1388 784 106 40 enligt
1508 783 116 31 beslut
1639 794 39 19 av

181 841 80 31 1923
298 842 54 29 års
390 839 137 41 riksdag
563 841 42 29 än
639 838 195 42 ytterligare
868 837 180 31 förstärkts
1083 835 77 32 med
1195 835 165 38 7,000,000
1382 835 134 30 kronor.
1562 833 118 31 Anvis-

179 891 164 41 ningarna
365 902 41 19 ur
427 888 445 43 rusdrycksmedelsfonden
888 889 121 39 utgöra
1026 886 144 32 sålunda
1186 885 145 41 tillhopa
1345 884 188 39 48,500,000
1545 884 134 31 kronor.

234 942 80 30 1923
348 943 54 28 års
436 940 137 40 riksdag
606 940 61 30 har
700 939 115 30 vidare
850 937 173 41 medgivit,
1058 938 50 29 att
1131 947 39 19 av
1204 936 58 30 det
1295 936 44 40 på
1361 936 93 29 extra
1478 936 68 29 stat
1569 934 53 30 för
1644 935 36 29 år

182 992 79 31 1922
294 991 109 31 under
436 990 102 31 femte
571 989 217 31 huvudtiteln
823 989 52 30 till
910 987 210 40 statsbidrag
1143 988 33 29 åt
1199 986 200 31 kommuner
1421 984 78 31 med
1521 984 82 31 flera
1629 984 52 31 för

180 1041 213 42 uppförande
428 1052 39 20 av
501 1040 91 32 vissa
622 1039 342 42 bostadsbyggnader
987 1037 162 32 anvisade
1172 1035 384 41 reservationsanslaget
1576 1034 104 41 jämte

182 1092 170 32 därunder
386 1091 154 33 omförda
572 1090 223 42 besparingar
829 1091 49 30 ett
910 1089 128 41 belopp
1067 1099 40 20 av
1129 1087 102 41 högst
1254 1086 166 38 3,000,000
1443 1086 126 31 kronor
1592 1086 88 40 finge

182 1143 172 32 användas
388 1143 52 31 för
473 1141 194 33 beredande
701 1152 39 20 av
774 1143 94 29 extra
892 1139 219 41 statsbidrag.
1157 1138 118 41 Enligt
1297 1148 39 20 av
1359 1135 246 42 föredragande
1628 1135 53 31 de-

181 1193 332 43 partementschefen
547 1192 194 41 föreslagna
767 1191 65 32 och
855 1202 39 20 av
918 1190 183 41 riksdagen
1124 1188 180 42 godkända
1327 1186 148 43 grunder
1498 1186 111 32 skulle
1633 1187 48 30 så-

181 1245 82 31 dant
285 1244 121 41 bidrag
428 1243 143 41 beviljas
595 1253 121 31 genom
739 1241 246 41 nedskrivning
1007 1251 41 20 av
1068 1240 66 37 lån,
1152 1250 73 20 som
1242 1239 52 31 för
1309 1239 79 30 åren
1407 1237 81 31 1920
1505 1237 82 31 eller
1602 1236 77 31 1921

181 1297 111 39 utgått
325 1306 40 19 ur
396 1296 130 29 statens
559 1292 316 38 bostadslånefond,
911 1291 64 32 och
999 1290 110 32 skulle
1133 1290 42 31 de
1197 1289 122 37 medel,
1344 1299 72 21 som
1440 1287 53 31 till
1516 1286 166 32 täckande

181 1357 40 19 av
255 1346 111 30 denna
398 1343 246 41 nedskrivning
677 1343 169 31 tillfördes
879 1339 353 34 bostadslånefonden
1266 1350 41 19 ur
1328 1338 148 31 nämnda
1499 1337 127 41 anslag,
1649 1337 34 31 få

181 1396 170 31 utlämnas
385 1397 112 29 såsom
531 1405 67 30 nya
631 1394 66 31 lån.
744 1393 179 40 Härjämte
947 1391 142 41 medgav
1118 1390 192 41 riksdagen,
1336 1391 48 29 att
1407 1390 121 29 räntan
1551 1388 53 30 för
1625 1388 56 31 lån

182 1458 40 20 ur
244 1444 350 33 bostadslånefonden
617 1444 52 31 för
691 1444 94 31 tiden
809 1443 73 31 från
906 1442 64 31 och
993 1441 79 32 med
1095 1441 66 31 den
1187 1441 15 30 1
1224 1439 134 42 januari
1382 1439 81 31 1923
1479 1438 71 31 tills
1567 1438 114 31 vidare

182 1497 110 31 skulle
324 1496 33 31 få
389 1497 81 40 utgå
503 1495 85 31 efter
618 1495 73 41 fyra
723 1512 38 4 —
796 1494 12 31 i
832 1493 114 32 stället
968 1493 53 31 för
1051 1492 124 31 dittills
1198 1490 156 42 gällande
1376 1490 66 31 fem
1467 1508 40 3 —
1529 1490 152 40 procent.

234 1548 53 31 De
302 1548 52 30 för
370 1548 37 30 år
424 1546 80 31 1923
520 1545 197 42 disponibla
731 1544 215 32 lånemedlen
962 1543 178 41 utgjordes
1157 1542 106 41 enligt
1280 1541 57 31 det
1352 1551 82 32 nyss
1451 1539 142 32 anförda
1609 1539 73 31 dels

183 1610 39 20 av
245 1598 42 31 de
309 1598 74 31 från
406 1595 445 43 rusdrycksmedelsfonden
875 1594 180 32 överförda
1076 1592 166 39 7,000,000
1257 1592 125 31 kronor
1398 1590 64 32 och
1478 1590 75 32 dels
1569 1601 40 20 av
1625 1590 58 31 det

182 1649 127 41 belopp
336 1659 40 20 av
398 1648 103 41 högst
523 1647 168 38 3,000,000
712 1647 136 38 kronor,
872 1656 74 21 som
971 1645 85 31 efter
1078 1643 193 42 beviljande
1294 1653 41 20 av
1357 1643 93 30 extra
1474 1640 210 41 statsbidrag

184 1699 113 31 kunde
332 1699 144 31 tillföras
499 1696 352 34 bostadslånefonden
874 1696 73 31 från
972 1696 82 30 1922
1077 1696 55 29 års
1156 1693 272 41 bostadsanslag,
1452 1692 83 31 eller
1558 1702 40 20 av
1620 1690 61 32 till-

182 1750 92 41 hopa
307 1749 102 41 högst
444 1748 187 38 10,000,000
664 1748 134 31 kronor.
845 1746 82 32 Med
950 1744 169 33 avseende
1143 1746 18 29 å
1184 1744 101 31 dessa
1307 1742 191 32 lånemedel
1521 1742 88 31 hava
1630 1741 54 32 be-

184 1800 212 32 stämmelser
429 1799 190 32 meddelats
652 1798 12 31 i
697 1798 183 40 kungörelse
913 1796 166 41 angående
1113 1796 55 31 lån
1201 1806 40 20 ur
1262 1796 121 30 statens
1406 1792 278 41 bostadslånefond

183 1852 61 31 den
266 1854 40 28 15
327 1850 80 41 juni
428 1853 84 28 1923
534 1849 58 41 (sv.
616 1848 184 32 förf.-saml.
824 1859 41 20 nr
887 1847 81 41 223).

235 1902 77 31 Den
348 1900 37 32 15
417 1900 74 42 juni
527 1900 80 31 1923
640 1898 197 32 utfärdades
860 1900 83 29 även
967 1897 184 40 kungörelse
1173 1896 55 40 (nr
1249 1895 79 40 224)
1354 1895 165 40 angående
1547 1894 137 31 nedsätt-

184 1953 79 40 ning
294 1952 68 32 tills
390 1952 112 31 vidare
523 1962 39 20 av
589 1953 97 29 ränta
714 1950 54 31 och
793 1949 149 32 annutitet
964 1950 20 30 å
1000 1949 56 30 lån
1068 1958 41 20 ur
1120 1950 120 28 statens
1253 1944 288 41 bostadslånefond.
1565 1944 119 41 Enligt

184 2003 112 32 denna
318 2002 176 32 nedsattes
517 2003 130 36 räntan,
682 2001 120 31 räknat
824 2000 73 31 från
921 1999 64 31 och
1009 1998 78 31 med
1110 1998 66 31 den
1201 1998 15 30 1
1240 1996 132 42 januari
1388 1996 79 31 1923
1481 1995 71 31 tills
1569 1994 114 32 vidare

185 2054 52 31 till
260 2054 80 31 dess
362 2052 214 32 annorlunda
599 2051 113 32 kunde
736 2051 102 31 varda
870 2050 159 37 bestämt,
1053 2049 52 31 för
1128 2048 157 41 samtliga
1299 2047 55 31 lån
1367 2058 40 20 ur
1418 2046 137 36 fonden,
1570 2045 31 32 d.
1615 2056 28 21 v.
1658 2056 25 20 s.

184 2105 52 31 för
259 2104 92 32 såväl
374 2103 42 32 då
438 2103 104 31 redan
566 2102 168 41 beviljade
758 2112 74 21 som
855 2101 52 31 för
931 2099 161 32 blivande
1115 2099 65 38 lån,
1203 2099 74 30 från
1300 2098 66 31 fem
1383 2097 52 31 till
1447 2097 74 41 fyra
1532 2098 151 39 procent.

185 2156 53 31 En
261 2154 214 32 konsekvens
499 2165 40 19 av
561 2152 362 41 räntenedsättningen
945 2162 67 25 var,
1039 2152 50 29 att
1115 2152 84 29 även
1215 2148 198 32 annuiteten
1429 2148 53 31 för
1496 2148 102 31 lånen
1614 2146 71 32 tills

185 2206 115 32 vidare
326 2205 185 38 nedsattes,
535 2204 170 41 nämligen
728 2204 74 31 från
827 2203 53 42 sju
903 2202 53 31 till
980 2213 59 20 sex
1062 2202 151 41 procent.

237 2256 204 41 Ytterligare
465 2255 197 31 utfärdades
686 2254 66 32 den
778 2255 38 30 15
837 2253 74 42 juni
937 2253 80 32 1923
1041 2252 185 41 kungörelse
1248 2258 56 32 (nr
1314 2250 78 35 225)
1408 2249 167 41 angående
1591 2251 93 30 extra

185 2308 198 40 statsbidrag
408 2306 60 41 för
500 2305 231 41 nedskrivning
764 2307 21 29 å
817 2305 88 32 vissa
939 2304 56 31 lån
1028 2314 40 20 ur
1090 2305 122 29 statens
1235 2300 288 41 bostadslånefond.
1568 2299 119 41 Enligt

187 2359 111 31 denna
322 2358 109 31 skulle
455 2359 94 30 extra
572 2356 209 41 statsbidrag
803 2355 115 31 kunna
941 2353 175 32 meddelas
1140 2355 99 39 ägare
1262 2363 40 20 av
1324 2351 167 42 byggnad,
1505 2350 53 32 för
1572 2350 114 31 vilken

187 2408 29 43 a)
237 2409 56 31 lån
327 2420 41 19 ur
394 2407 351 32 bostadslånefonden
768 2407 146 30 lämnats
938 2405 107 41 enligt
1067 2402 255 33 vederbörande
1346 2401 203 42 kungörelse
1572 2401 53 31 för
1650 2402 37 29 år

189 2460 80 31 1920
292 2459 51 42 (nr
364 2458 72 42 520)
460 2458 82 32 eller
564 2458 52 31 för
639 2459 36 30 år
699 2457 78 31 1921
803 2456 51 42 (nr
875 2455 82 42 467),
974 2454 33 42 b)
1027 2453 276 44 byggnadstiden
1320 2453 51 31 till
1387 2451 230 42 huvudsaklig
1632 2450 55 32 del

187 2510 124 32 infallit
345 2509 109 31 under
486 2508 148 32 nämnda
667 2510 36 29 år
732 2507 83 31 eller
837 2506 109 32 under
970 2508 103 38 något
1095 2516 40 20 av
1159 2505 76 31 dem
1260 2506 87 30 samt
1370 2502 26 43 c)
1419 2501 268 43 byggnadskost-

188 2561 150 32 naderna
360 2561 154 31 avsevärt
537 2558 177 42 överstigit
737 2558 42 32 de
803 2557 109 32 under
934 2559 37 30 år
996 2556 80 32 1923
1099 2555 11 32 i
1135 2557 95 30 orten
1254 2554 142 42 vanliga.
