<?xml version="1.0" encoding="UTF-8"?>
<alto xmlns="http://www.loc.gov/standards/alto/ns-v3#" xmlns:xlink="http://www.w3.org/1999/xlink" xmlns:xsi="http://www.w3.org/2001/XMLSchema-instance" xsi:schemaLocation="http://www.loc.gov/standards/alto/ns-v3# http://www.loc.gov/alto/v3/alto-3-0.xsd">
	<Description>
		<MeasurementUnit>pixel</MeasurementUnit>
		<sourceImageInformation>
			<fileName>/tmp/tess_mhbguynf_input.PNG</fileName>
		</sourceImageInformation>
		<OCRProcessing ID="OCR_0">
			<ocrProcessingStep>
				<processingSoftware>
					<softwareName>tesseract 5.3.0</softwareName>
				</processingSoftware>
			</ocrProcessingStep>
		</OCRProcessing>
	</Description>
	<Layout>
		<Page WIDTH="2162" HEIGHT="2630" PHYSICAL_IMG_NR="0" ID="page_0">
			<PrintSpace HPOS="0" VPOS="0" WIDTH="2162" HEIGHT="2630">
				<ComposedBlock ID="cblock_0" HPOS="657" VPOS="194" WIDTH="1068" HEIGHT="32">
					<TextBlock ID="block_0" HPOS="657" VPOS="194" WIDTH="1068" HEIGHT="32">
						<TextLine ID="line_0" HPOS="657" VPOS="194" WIDTH="1068" HEIGHT="32">
							<String ID="string_0" HPOS="657" VPOS="194" WIDTH="263" HEIGHT="32" WC="0.91" CONTENT="Statsutskottets"/><SP WIDTH="29" VPOS="194" HPOS="920"/>
							<String ID="string_1" HPOS="949" VPOS="194" WIDTH="178" HEIGHT="32" WC="0.75" CONTENT="Utlåtande"/><SP WIDTH="24" VPOS="194" HPOS="1127"/>
							<String ID="string_2" HPOS="1151" VPOS="194" WIDTH="64" HEIGHT="31" WC="0.95" CONTENT="N:o"/><SP WIDTH="24" VPOS="194" HPOS="1215"/>
							<String ID="string_3" HPOS="1239" VPOS="198" WIDTH="50" HEIGHT="28" WC="0.89" CONTENT="90."/><SP WIDTH="402" VPOS="198" HPOS="1289"/>
							<String ID="string_4" HPOS="1691" VPOS="195" WIDTH="34" HEIGHT="29" WC="0.52" CONTENT="10"/>
						</TextLine>
					</TextBlock>
				</ComposedBlock>
				<ComposedBlock ID="cblock_1" HPOS="171" VPOS="278" WIDTH="1603" HEIGHT="2122">
					<TextBlock ID="block_1" HPOS="172" VPOS="278" WIDTH="1596" HEIGHT="514">
						<TextLine ID="line_1" HPOS="275" VPOS="278" WIDTH="1492" HEIGHT="49">
							<String ID="string_5" HPOS="275" VPOS="281" WIDTH="85" HEIGHT="36" WC="0.95" CONTENT="Med"/><SP WIDTH="43" VPOS="281" HPOS="360"/>
							<String ID="string_6" HPOS="403" VPOS="281" WIDTH="174" HEIGHT="37" WC="0.94" CONTENT="anmälan"/><SP WIDTH="42" VPOS="281" HPOS="577"/>
							<String ID="string_7" HPOS="619" VPOS="295" WIDTH="60" HEIGHT="22" WC="0.93" CONTENT="om"/><SP WIDTH="41" VPOS="295" HPOS="679"/>
							<String ID="string_8" HPOS="720" VPOS="281" WIDTH="160" HEIGHT="37" WC="0.93" CONTENT="berörda"/><SP WIDTH="40" VPOS="281" HPOS="880"/>
							<String ID="string_9" HPOS="920" VPOS="280" WIDTH="283" HEIGHT="47" WC="0.94" CONTENT="framställning"/><SP WIDTH="41" VPOS="280" HPOS="1203"/>
							<String ID="string_10" HPOS="1244" VPOS="280" WIDTH="68" HEIGHT="36" WC="0.85" CONTENT="har"/><SP WIDTH="44" VPOS="280" HPOS="1312"/>
							<String ID="string_11" HPOS="1356" VPOS="278" WIDTH="411" HEIGHT="48" WC="0.85" CONTENT="arméförvaltningens"/>
						</TextLine>
						<TextLine ID="line_2" HPOS="172" VPOS="330" WIDTH="1593" HEIGHT="52">
							<String ID="string_12" HPOS="172" VPOS="332" WIDTH="532" HEIGHT="50" WC="0.91" CONTENT="fortifikationsdepartement"/><SP WIDTH="27" VPOS="332" HPOS="704"/>
							<String ID="string_13" HPOS="731" VPOS="333" WIDTH="12" HEIGHT="36" WC="0.93" CONTENT="i"/><SP WIDTH="28" VPOS="333" HPOS="743"/>
							<String ID="string_14" HPOS="771" VPOS="332" WIDTH="239" HEIGHT="48" WC="0.91" CONTENT="underdånig"/><SP WIDTH="27" VPOS="332" HPOS="1010"/>
							<String ID="string_15" HPOS="1037" VPOS="332" WIDTH="199" HEIGHT="36" WC="0.96" CONTENT="skrifvelse"/><SP WIDTH="34" VPOS="332" HPOS="1236"/>
							<String ID="string_16" HPOS="1270" VPOS="332" WIDTH="72" HEIGHT="36" WC="0.96" CONTENT="den"/><SP WIDTH="38" VPOS="332" HPOS="1342"/>
							<String ID="string_17" HPOS="1380" VPOS="334" WIDTH="44" HEIGHT="33" WC="0.96" CONTENT="12"/><SP WIDTH="22" VPOS="334" HPOS="1424"/>
							<String ID="string_18" HPOS="1446" VPOS="330" WIDTH="201" HEIGHT="38" WC="0.96" CONTENT="december"/><SP WIDTH="23" VPOS="330" HPOS="1647"/>
							<String ID="string_19" HPOS="1670" VPOS="332" WIDTH="95" HEIGHT="34" WC="0.96" CONTENT="1908"/>
						</TextLine>
						<TextLine ID="line_3" HPOS="172" VPOS="381" WIDTH="1596" HEIGHT="52">
							<String ID="string_20" HPOS="172" VPOS="385" WIDTH="151" HEIGHT="46" WC="0.91" CONTENT="erinrat,"/><SP WIDTH="43" VPOS="385" HPOS="323"/>
							<String ID="string_21" HPOS="366" VPOS="390" WIDTH="54" HEIGHT="31" WC="0.96" CONTENT="att"/><SP WIDTH="40" VPOS="390" HPOS="420"/>
							<String ID="string_22" HPOS="460" VPOS="397" WIDTH="156" HEIGHT="24" WC="0.95" CONTENT="numera"/><SP WIDTH="42" VPOS="397" HPOS="616"/>
							<String ID="string_23" HPOS="658" VPOS="385" WIDTH="73" HEIGHT="36" WC="0.96" CONTENT="den"/><SP WIDTH="41" VPOS="385" HPOS="731"/>
							<String ID="string_24" HPOS="772" VPOS="384" WIDTH="198" HEIGHT="49" WC="0.95" CONTENT="principen"/><SP WIDTH="28" VPOS="384" HPOS="970"/>
							<String ID="string_25" HPOS="998" VPOS="384" WIDTH="104" HEIGHT="48" WC="0.96" CONTENT="gjort"/><SP WIDTH="28" VPOS="384" HPOS="1102"/>
							<String ID="string_26" HPOS="1130" VPOS="383" WIDTH="62" HEIGHT="49" WC="0.96" CONTENT="sig"/><SP WIDTH="27" VPOS="383" HPOS="1192"/>
							<String ID="string_27" HPOS="1219" VPOS="383" WIDTH="190" HEIGHT="48" WC="0.95" CONTENT="gällande,"/><SP WIDTH="30" VPOS="383" HPOS="1409"/>
							<String ID="string_28" HPOS="1439" VPOS="388" WIDTH="55" HEIGHT="31" WC="0.93" CONTENT="att"/><SP WIDTH="27" VPOS="388" HPOS="1494"/>
							<String ID="string_29" HPOS="1521" VPOS="381" WIDTH="247" HEIGHT="38" WC="0.92" CONTENT="mässlokaler"/>
						</TextLine>
						<TextLine ID="line_4" HPOS="173" VPOS="433" WIDTH="1593" HEIGHT="51">
							<String ID="string_30" HPOS="173" VPOS="440" WIDTH="59" HEIGHT="33" WC="0.90" CONTENT="för"/><SP WIDTH="27" VPOS="440" HPOS="232"/>
							<String ID="string_31" HPOS="259" VPOS="436" WIDTH="223" HEIGHT="36" WC="0.90" CONTENT="underbefäl"/><SP WIDTH="28" VPOS="436" HPOS="482"/>
							<String ID="string_32" HPOS="510" VPOS="436" WIDTH="70" HEIGHT="37" WC="0.96" CONTENT="och"/><SP WIDTH="28" VPOS="436" HPOS="580"/>
							<String ID="string_33" HPOS="608" VPOS="436" WIDTH="182" HEIGHT="48" WC="0.96" CONTENT="manskap"/><SP WIDTH="29" VPOS="436" HPOS="790"/>
							<String ID="string_34" HPOS="819" VPOS="436" WIDTH="119" HEIGHT="36" WC="0.96" CONTENT="borde"/><SP WIDTH="29" VPOS="436" HPOS="938"/>
							<String ID="string_35" HPOS="967" VPOS="435" WIDTH="162" HEIGHT="36" WC="0.96" CONTENT="beredas"/><SP WIDTH="29" VPOS="435" HPOS="1129"/>
							<String ID="string_36" HPOS="1158" VPOS="448" WIDTH="139" HEIGHT="34" WC="0.96" CONTENT="genom"/><SP WIDTH="29" VPOS="448" HPOS="1297"/>
							<String ID="string_37" HPOS="1326" VPOS="440" WIDTH="146" HEIGHT="30" WC="0.96" CONTENT="statens"/><SP WIDTH="26" VPOS="440" HPOS="1472"/>
							<String ID="string_38" HPOS="1498" VPOS="436" WIDTH="167" HEIGHT="46" WC="0.96" CONTENT="försorg;"/><SP WIDTH="31" VPOS="436" HPOS="1665"/>
							<String ID="string_39" HPOS="1696" VPOS="433" WIDTH="70" HEIGHT="36" WC="0.96" CONTENT="och"/>
						</TextLine>
						<TextLine ID="line_5" HPOS="172" VPOS="485" WIDTH="1594" HEIGHT="51">
							<String ID="string_40" HPOS="172" VPOS="489" WIDTH="67" HEIGHT="35" WC="0.82" CONTENT="har"/><SP WIDTH="41" VPOS="489" HPOS="239"/>
							<String ID="string_41" HPOS="280" VPOS="487" WIDTH="576" HEIGHT="49" WC="0.82" CONTENT="fortifikationsdepartementet"/><SP WIDTH="41" VPOS="487" HPOS="856"/>
							<String ID="string_42" HPOS="897" VPOS="486" WIDTH="130" HEIGHT="36" WC="0.90" CONTENT="därför"/><SP WIDTH="41" VPOS="486" HPOS="1027"/>
							<String ID="string_43" HPOS="1068" VPOS="486" WIDTH="203" HEIGHT="46" WC="0.89" CONTENT="hemställt,"/><SP WIDTH="30" VPOS="486" HPOS="1271"/>
							<String ID="string_44" HPOS="1301" VPOS="491" WIDTH="55" HEIGHT="30" WC="0.96" CONTENT="att"/><SP WIDTH="28" VPOS="491" HPOS="1356"/>
							<String ID="string_45" HPOS="1384" VPOS="486" WIDTH="161" HEIGHT="36" WC="0.96" CONTENT="berörda"/><SP WIDTH="29" VPOS="486" HPOS="1545"/>
							<String ID="string_46" HPOS="1574" VPOS="485" WIDTH="192" HEIGHT="49" WC="0.96" CONTENT="byggnad,"/>
						</TextLine>
						<TextLine ID="line_6" HPOS="173" VPOS="535" WIDTH="1595" HEIGHT="50">
							<String ID="string_47" HPOS="173" VPOS="552" WIDTH="80" HEIGHT="23" WC="0.88" CONTENT="som"/><SP WIDTH="37" VPOS="552" HPOS="253"/>
							<String ID="string_48" HPOS="290" VPOS="539" WIDTH="196" HEIGHT="36" WC="0.88" CONTENT="värderats"/><SP WIDTH="37" VPOS="539" HPOS="486"/>
							<String ID="string_49" HPOS="523" VPOS="538" WIDTH="57" HEIGHT="36" WC="0.93" CONTENT="till"/><SP WIDTH="42" VPOS="538" HPOS="580"/>
							<String ID="string_50" HPOS="622" VPOS="539" WIDTH="135" HEIGHT="44" WC="0.91" CONTENT="17,000"/><SP WIDTH="28" VPOS="539" HPOS="757"/>
							<String ID="string_51" HPOS="785" VPOS="538" WIDTH="153" HEIGHT="46" WC="0.96" CONTENT="kronor,"/><SP WIDTH="31" VPOS="538" HPOS="938"/>
							<String ID="string_52" HPOS="969" VPOS="540" WIDTH="114" HEIGHT="33" WC="0.96" CONTENT="måtte"/><SP WIDTH="29" VPOS="540" HPOS="1083"/>
							<String ID="string_53" HPOS="1112" VPOS="537" WIDTH="121" HEIGHT="48" WC="0.96" CONTENT="enligt"/><SP WIDTH="29" VPOS="537" HPOS="1233"/>
							<String ID="string_54" HPOS="1262" VPOS="537" WIDTH="63" HEIGHT="35" WC="0.96" CONTENT="det"/><SP WIDTH="28" VPOS="537" HPOS="1325"/>
							<String ID="string_55" HPOS="1353" VPOS="536" WIDTH="138" HEIGHT="49" WC="0.95" CONTENT="gjorda"/><SP WIDTH="29" VPOS="536" HPOS="1491"/>
							<String ID="string_56" HPOS="1520" VPOS="535" WIDTH="248" HEIGHT="48" WC="0.96" CONTENT="erbjudandet"/>
						</TextLine>
						<TextLine ID="line_7" HPOS="172" VPOS="587" WIDTH="1595" HEIGHT="50">
							<String ID="string_57" HPOS="172" VPOS="591" WIDTH="59" HEIGHT="35" WC="0.96" CONTENT="för"/><SP WIDTH="36" VPOS="591" HPOS="231"/>
							<String ID="string_58" HPOS="267" VPOS="594" WIDTH="257" HEIGHT="43" WC="0.95" CONTENT="regementets"/><SP WIDTH="29" VPOS="594" HPOS="524"/>
							<String ID="string_59" HPOS="553" VPOS="589" WIDTH="166" HEIGHT="48" WC="0.93" CONTENT="räkning"/><SP WIDTH="27" VPOS="589" HPOS="719"/>
							<String ID="string_60" HPOS="746" VPOS="589" WIDTH="161" HEIGHT="48" WC="0.91" CONTENT="inköpas"/><SP WIDTH="29" VPOS="589" HPOS="907"/>
							<String ID="string_61" HPOS="936" VPOS="593" WIDTH="98" HEIGHT="31" WC="0.96" CONTENT="samt"/><SP WIDTH="27" VPOS="593" HPOS="1034"/>
							<String ID="string_62" HPOS="1061" VPOS="588" WIDTH="169" HEIGHT="36" WC="0.93" CONTENT="därefter"/><SP WIDTH="28" VPOS="588" HPOS="1230"/>
							<String ID="string_63" HPOS="1258" VPOS="587" WIDTH="73" HEIGHT="36" WC="0.91" CONTENT="till-"/><SP WIDTH="29" VPOS="587" HPOS="1331"/>
							<String ID="string_64" HPOS="1360" VPOS="588" WIDTH="72" HEIGHT="35" WC="0.93" CONTENT="och"/><SP WIDTH="28" VPOS="588" HPOS="1432"/>
							<String ID="string_65" HPOS="1460" VPOS="587" WIDTH="213" HEIGHT="49" WC="0.91" CONTENT="ombyggas"/><SP WIDTH="30" VPOS="587" HPOS="1673"/>
							<String ID="string_66" HPOS="1703" VPOS="600" WIDTH="64" HEIGHT="22" WC="0.92" CONTENT="en-"/>
						</TextLine>
						<TextLine ID="line_8" HPOS="172" VPOS="639" WIDTH="1595" HEIGHT="51">
							<String ID="string_67" HPOS="172" VPOS="641" WIDTH="70" HEIGHT="49" WC="0.96" CONTENT="ligt"/><SP WIDTH="42" VPOS="641" HPOS="242"/>
							<String ID="string_68" HPOS="284" VPOS="642" WIDTH="41" HEIGHT="36" WC="0.95" CONTENT="af"/><SP WIDTH="38" VPOS="642" HPOS="325"/>
							<String ID="string_69" HPOS="363" VPOS="642" WIDTH="305" HEIGHT="48" WC="0.96" CONTENT="departementet"/><SP WIDTH="41" VPOS="642" HPOS="668"/>
							<String ID="string_70" HPOS="709" VPOS="640" WIDTH="215" HEIGHT="49" WC="0.96" CONTENT="uppgjorda"/><SP WIDTH="41" VPOS="640" HPOS="924"/>
							<String ID="string_71" HPOS="965" VPOS="639" WIDTH="190" HEIGHT="49" WC="0.94" CONTENT="ritningar"/><SP WIDTH="41" VPOS="639" HPOS="1155"/>
							<String ID="string_72" HPOS="1196" VPOS="639" WIDTH="61" HEIGHT="36" WC="0.95" CONTENT="för"/><SP WIDTH="38" VPOS="639" HPOS="1257"/>
							<String ID="string_73" HPOS="1295" VPOS="652" WIDTH="47" HEIGHT="23" WC="0.96" CONTENT="en"/><SP WIDTH="29" VPOS="652" HPOS="1342"/>
							<String ID="string_74" HPOS="1371" VPOS="639" WIDTH="163" HEIGHT="36" WC="0.96" CONTENT="kostnad"/><SP WIDTH="29" VPOS="639" HPOS="1534"/>
							<String ID="string_75" HPOS="1563" VPOS="639" WIDTH="40" HEIGHT="35" WC="0.93" CONTENT="af"/><SP WIDTH="26" VPOS="639" HPOS="1603"/>
							<String ID="string_76" HPOS="1629" VPOS="639" WIDTH="138" HEIGHT="46" WC="0.90" CONTENT="23,000"/>
						</TextLine>
						<TextLine ID="line_9" HPOS="172" VPOS="690" WIDTH="1595" HEIGHT="50">
							<String ID="string_77" HPOS="172" VPOS="694" WIDTH="150" HEIGHT="36" WC="0.95" CONTENT="kronor."/><SP WIDTH="58" VPOS="694" HPOS="322"/>
							<String ID="string_78" HPOS="380" VPOS="692" WIDTH="186" HEIGHT="48" WC="0.75" CONTENT="Samtliga"/><SP WIDTH="28" VPOS="692" HPOS="566"/>
							<String ID="string_79" HPOS="594" VPOS="692" WIDTH="112" HEIGHT="36" WC="0.96" CONTENT="häraf"/><SP WIDTH="25" VPOS="692" HPOS="706"/>
							<String ID="string_80" HPOS="731" VPOS="691" WIDTH="225" HEIGHT="37" WC="0.96" CONTENT="föranledda"/><SP WIDTH="19" VPOS="691" HPOS="956"/>
							<String ID="string_81" HPOS="975" VPOS="691" WIDTH="159" HEIGHT="49" WC="0.93" CONTENT="utgifter"/><SP WIDTH="20" VPOS="691" HPOS="1134"/>
							<String ID="string_82" HPOS="1154" VPOS="694" WIDTH="144" HEIGHT="45" WC="0.90" CONTENT="ansåge"/><SP WIDTH="21" VPOS="694" HPOS="1298"/>
							<String ID="string_83" HPOS="1319" VPOS="690" WIDTH="448" HEIGHT="49" WC="0.91" CONTENT="fortifikationsdeparte-"/>
						</TextLine>
						<TextLine ID="line_10" HPOS="173" VPOS="742" WIDTH="1592" HEIGHT="50">
							<String ID="string_84" HPOS="173" VPOS="750" WIDTH="144" HEIGHT="32" WC="0.96" CONTENT="mentet"/><SP WIDTH="41" VPOS="750" HPOS="317"/>
							<String ID="string_85" HPOS="358" VPOS="745" WIDTH="92" HEIGHT="36" WC="0.96" CONTENT="böra"/><SP WIDTH="37" VPOS="745" HPOS="450"/>
							<String ID="string_86" HPOS="487" VPOS="744" WIDTH="187" HEIGHT="37" WC="0.96" CONTENT="bestridas"/><SP WIDTH="39" VPOS="744" HPOS="674"/>
							<String ID="string_87" HPOS="713" VPOS="744" WIDTH="80" HEIGHT="36" WC="0.96" CONTENT="från"/><SP WIDTH="39" VPOS="744" HPOS="793"/>
							<String ID="string_88" HPOS="832" VPOS="743" WIDTH="123" HEIGHT="49" WC="0.93" CONTENT="fjärde"/><SP WIDTH="28" VPOS="743" HPOS="955"/>
							<String ID="string_89" HPOS="983" VPOS="743" WIDTH="279" HEIGHT="36" WC="0.91" CONTENT="hufvudtitelns"/><SP WIDTH="30" VPOS="743" HPOS="1262"/>
							<String ID="string_90" HPOS="1292" VPOS="742" WIDTH="188" HEIGHT="37" WC="0.95" CONTENT="allmänna"/><SP WIDTH="29" VPOS="742" HPOS="1480"/>
							<String ID="string_91" HPOS="1509" VPOS="742" WIDTH="256" HEIGHT="49" WC="0.95" CONTENT="besparingar."/>
						</TextLine>
					</TextBlock>
					<TextBlock ID="block_2" HPOS="171" VPOS="794" WIDTH="1597" HEIGHT="464">
						<TextLine ID="line_11" HPOS="276" VPOS="794" WIDTH="1492" HEIGHT="49">
							<String ID="string_92" HPOS="276" VPOS="796" WIDTH="125" HEIGHT="37" WC="0.96" CONTENT="Sedan"/><SP WIDTH="29" VPOS="796" HPOS="401"/>
							<String ID="string_93" HPOS="430" VPOS="796" WIDTH="137" HEIGHT="37" WC="0.96" CONTENT="chefen"/><SP WIDTH="28" VPOS="796" HPOS="567"/>
							<String ID="string_94" HPOS="595" VPOS="796" WIDTH="59" HEIGHT="36" WC="0.93" CONTENT="för"/><SP WIDTH="26" VPOS="796" HPOS="654"/>
							<String ID="string_95" HPOS="680" VPOS="795" WIDTH="588" HEIGHT="48" WC="0.91" CONTENT="landtförsvarsdepartementet"/><SP WIDTH="28" VPOS="795" HPOS="1268"/>
							<String ID="string_96" HPOS="1296" VPOS="795" WIDTH="42" HEIGHT="35" WC="0.93" CONTENT="af"/><SP WIDTH="21" VPOS="795" HPOS="1338"/>
							<String ID="string_97" HPOS="1359" VPOS="794" WIDTH="120" HEIGHT="36" WC="0.90" CONTENT="Eders"/><SP WIDTH="19" VPOS="794" HPOS="1479"/>
							<String ID="string_98" HPOS="1498" VPOS="794" WIDTH="142" HEIGHT="48" WC="0.95" CONTENT="Kungl."/><SP WIDTH="21" VPOS="794" HPOS="1640"/>
							<String ID="string_99" HPOS="1661" VPOS="794" WIDTH="107" HEIGHT="47" WC="0.96" CONTENT="Maj:t"/>
						</TextLine>
						<TextLine ID="line_12" HPOS="172" VPOS="846" WIDTH="1596" HEIGHT="50">
							<String ID="string_100" HPOS="172" VPOS="848" WIDTH="150" HEIGHT="37" WC="0.95" CONTENT="erhållit"/><SP WIDTH="39" VPOS="848" HPOS="322"/>
							<String ID="string_101" HPOS="361" VPOS="847" WIDTH="135" HEIGHT="49" WC="0.96" CONTENT="nådigt"/><SP WIDTH="40" VPOS="847" HPOS="496"/>
							<String ID="string_102" HPOS="536" VPOS="847" WIDTH="306" HEIGHT="49" WC="0.95" CONTENT="bemyndigande"/><SP WIDTH="34" VPOS="847" HPOS="842"/>
							<String ID="string_103" HPOS="876" VPOS="852" WIDTH="55" HEIGHT="31" WC="0.96" CONTENT="att"/><SP WIDTH="27" VPOS="852" HPOS="931"/>
							<String ID="string_104" HPOS="958" VPOS="846" WIDTH="158" HEIGHT="36" WC="0.95" CONTENT="tillkalla"/><SP WIDTH="30" VPOS="846" HPOS="1116"/>
							<String ID="string_105" HPOS="1146" VPOS="846" WIDTH="241" HEIGHT="48" WC="0.96" CONTENT="sakkunniga"/><SP WIDTH="28" VPOS="846" HPOS="1387"/>
							<String ID="string_106" HPOS="1415" VPOS="858" WIDTH="182" HEIGHT="36" WC="0.96" CONTENT="personer"/><SP WIDTH="27" VPOS="858" HPOS="1597"/>
							<String ID="string_107" HPOS="1624" VPOS="846" WIDTH="61" HEIGHT="35" WC="0.97" CONTENT="för"/><SP WIDTH="27" VPOS="846" HPOS="1685"/>
							<String ID="string_108" HPOS="1712" VPOS="850" WIDTH="56" HEIGHT="30" WC="0.95" CONTENT="att"/>
						</TextLine>
						<TextLine ID="line_13" HPOS="171" VPOS="896" WIDTH="1596" HEIGHT="52">
							<String ID="string_109" HPOS="171" VPOS="900" WIDTH="103" HEIGHT="35" WC="0.96" CONTENT="inom"/><SP WIDTH="43" VPOS="900" HPOS="274"/>
							<String ID="string_110" HPOS="317" VPOS="899" WIDTH="302" HEIGHT="49" WC="0.96" CONTENT="departementet"/><SP WIDTH="42" VPOS="899" HPOS="619"/>
							<String ID="string_111" HPOS="661" VPOS="898" WIDTH="146" HEIGHT="37" WC="0.96" CONTENT="biträda"/><SP WIDTH="40" VPOS="898" HPOS="807"/>
							<String ID="string_112" HPOS="847" VPOS="898" WIDTH="87" HEIGHT="36" WC="0.95" CONTENT="med"/><SP WIDTH="41" VPOS="898" HPOS="934"/>
							<String ID="string_113" HPOS="975" VPOS="898" WIDTH="284" HEIGHT="36" WC="0.94" CONTENT="verkställande"/><SP WIDTH="42" VPOS="898" HPOS="1259"/>
							<String ID="string_114" HPOS="1301" VPOS="898" WIDTH="41" HEIGHT="35" WC="0.96" CONTENT="af"/><SP WIDTH="28" VPOS="898" HPOS="1342"/>
							<String ID="string_115" HPOS="1370" VPOS="897" WIDTH="208" HEIGHT="47" WC="0.96" CONTENT="utredning"/><SP WIDTH="26" VPOS="897" HPOS="1578"/>
							<String ID="string_116" HPOS="1604" VPOS="896" WIDTH="163" HEIGHT="37" WC="0.95" CONTENT="rörande"/>
						</TextLine>
						<TextLine ID="line_14" HPOS="172" VPOS="947" WIDTH="1595" HEIGHT="53">
							<String ID="string_117" HPOS="172" VPOS="952" WIDTH="101" HEIGHT="35" WC="0.93" CONTENT="vissa"/><SP WIDTH="28" VPOS="952" HPOS="273"/>
							<String ID="string_118" HPOS="301" VPOS="950" WIDTH="336" HEIGHT="50" WC="0.91" CONTENT="byggnadsfrågor"/><SP WIDTH="27" VPOS="950" HPOS="637"/>
							<String ID="string_119" HPOS="664" VPOS="950" WIDTH="59" HEIGHT="36" WC="0.96" CONTENT="för"/><SP WIDTH="28" VPOS="950" HPOS="723"/>
							<String ID="string_120" HPOS="751" VPOS="951" WIDTH="141" HEIGHT="46" WC="0.96" CONTENT="armén,"/><SP WIDTH="30" VPOS="951" HPOS="892"/>
							<String ID="string_121" HPOS="922" VPOS="955" WIDTH="98" HEIGHT="30" WC="0.96" CONTENT="samt"/><SP WIDTH="27" VPOS="955" HPOS="1020"/>
							<String ID="string_122" HPOS="1047" VPOS="950" WIDTH="11" HEIGHT="35" WC="0.96" CONTENT="i"/><SP WIDTH="29" VPOS="950" HPOS="1058"/>
							<String ID="string_123" HPOS="1087" VPOS="949" WIDTH="207" HEIGHT="48" WC="0.95" CONTENT="anledning"/><SP WIDTH="27" VPOS="949" HPOS="1294"/>
							<String ID="string_124" HPOS="1321" VPOS="948" WIDTH="112" HEIGHT="36" WC="0.95" CONTENT="häraf"/><SP WIDTH="21" VPOS="948" HPOS="1433"/>
							<String ID="string_125" HPOS="1454" VPOS="961" WIDTH="157" HEIGHT="23" WC="0.92" CONTENT="numera"/><SP WIDTH="20" VPOS="961" HPOS="1611"/>
							<String ID="string_126" HPOS="1631" VPOS="947" WIDTH="136" HEIGHT="37" WC="0.91" CONTENT="aflidne"/>
						</TextLine>
						<TextLine ID="line_15" HPOS="172" VPOS="1000" WIDTH="1593" HEIGHT="50">
							<String ID="string_127" HPOS="172" VPOS="1003" WIDTH="214" HEIGHT="37" WC="0.96" CONTENT="ledamoten"/><SP WIDTH="38" VPOS="1003" HPOS="386"/>
							<String ID="string_128" HPOS="424" VPOS="1002" WIDTH="41" HEIGHT="36" WC="0.96" CONTENT="af"/><SP WIDTH="23" VPOS="1002" HPOS="465"/>
							<String ID="string_129" HPOS="488" VPOS="1002" WIDTH="240" HEIGHT="48" WC="0.96" CONTENT="Riksdagens"/><SP WIDTH="28" VPOS="1002" HPOS="728"/>
							<String ID="string_130" HPOS="756" VPOS="1001" WIDTH="134" HEIGHT="37" WC="0.96" CONTENT="Första"/><SP WIDTH="29" VPOS="1001" HPOS="890"/>
							<String ID="string_131" HPOS="919" VPOS="1001" WIDTH="213" HEIGHT="46" WC="0.93" CONTENT="Kammare,"/><SP WIDTH="30" VPOS="1001" HPOS="1132"/>
							<String ID="string_132" HPOS="1162" VPOS="1001" WIDTH="24" HEIGHT="35" WC="0.91" CONTENT="f."/><SP WIDTH="32" VPOS="1001" HPOS="1186"/>
							<String ID="string_133" HPOS="1218" VPOS="1001" WIDTH="34" HEIGHT="35" WC="0.93" CONTENT="d."/><SP WIDTH="30" VPOS="1001" HPOS="1252"/>
							<String ID="string_134" HPOS="1282" VPOS="1000" WIDTH="330" HEIGHT="49" WC="0.92" CONTENT="generalmajoren"/><SP WIDTH="28" VPOS="1000" HPOS="1612"/>
							<String ID="string_135" HPOS="1640" VPOS="1014" WIDTH="48" HEIGHT="22" WC="0.92" CONTENT="m."/><SP WIDTH="30" VPOS="1014" HPOS="1688"/>
							<String ID="string_136" HPOS="1718" VPOS="1013" WIDTH="47" HEIGHT="22" WC="0.92" CONTENT="m."/>
						</TextLine>
						<TextLine ID="line_16" HPOS="172" VPOS="1051" WIDTH="1595" HEIGHT="49">
							<String ID="string_137" HPOS="172" VPOS="1056" WIDTH="88" HEIGHT="35" WC="0.96" CONTENT="herr"/><SP WIDTH="26" VPOS="1056" HPOS="260"/>
							<String ID="string_138" HPOS="286" VPOS="1054" WIDTH="162" HEIGHT="37" WC="0.92" CONTENT="friherre"/><SP WIDTH="28" VPOS="1054" HPOS="448"/>
							<String ID="string_139" HPOS="476" VPOS="1054" WIDTH="47" HEIGHT="36" WC="0.91" CONTENT="N."/><SP WIDTH="30" VPOS="1054" HPOS="523"/>
							<String ID="string_140" HPOS="553" VPOS="1054" WIDTH="43" HEIGHT="36" WC="0.86" CONTENT="A."/><SP WIDTH="32" VPOS="1054" HPOS="596"/>
							<String ID="string_141" HPOS="628" VPOS="1053" WIDTH="46" HEIGHT="36" WC="0.91" CONTENT="H."/><SP WIDTH="26" VPOS="1053" HPOS="674"/>
							<String ID="string_142" HPOS="700" VPOS="1052" WIDTH="250" HEIGHT="38" WC="0.96" CONTENT="Palmstierna"/><SP WIDTH="20" VPOS="1052" HPOS="950"/>
							<String ID="string_143" HPOS="970" VPOS="1058" WIDTH="97" HEIGHT="31" WC="0.96" CONTENT="samt"/><SP WIDTH="17" VPOS="1058" HPOS="1067"/>
							<String ID="string_144" HPOS="1084" VPOS="1052" WIDTH="216" HEIGHT="37" WC="0.96" CONTENT="ledamoten"/><SP WIDTH="21" VPOS="1052" HPOS="1300"/>
							<String ID="string_145" HPOS="1321" VPOS="1052" WIDTH="41" HEIGHT="36" WC="0.96" CONTENT="af"/><SP WIDTH="16" VPOS="1052" HPOS="1362"/>
							<String ID="string_146" HPOS="1378" VPOS="1051" WIDTH="240" HEIGHT="49" WC="0.96" CONTENT="Riksdagens"/><SP WIDTH="20" VPOS="1051" HPOS="1618"/>
							<String ID="string_147" HPOS="1638" VPOS="1051" WIDTH="129" HEIGHT="36" WC="0.95" CONTENT="Andra"/>
						</TextLine>
						<TextLine ID="line_17" HPOS="173" VPOS="1103" WIDTH="1594" HEIGHT="51">
							<String ID="string_148" HPOS="173" VPOS="1107" WIDTH="214" HEIGHT="47" WC="0.93" CONTENT="Kammare,"/><SP WIDTH="38" VPOS="1107" HPOS="387"/>
							<String ID="string_149" HPOS="425" VPOS="1106" WIDTH="342" HEIGHT="48" WC="0.92" CONTENT="hemmansegaren"/><SP WIDTH="28" VPOS="1106" HPOS="767"/>
							<String ID="string_150" HPOS="795" VPOS="1120" WIDTH="47" HEIGHT="21" WC="0.86" CONTENT="m."/><SP WIDTH="30" VPOS="1120" HPOS="842"/>
							<String ID="string_151" HPOS="872" VPOS="1119" WIDTH="48" HEIGHT="22" WC="0.92" CONTENT="m."/><SP WIDTH="40" VPOS="1119" HPOS="920"/>
							<String ID="string_152" HPOS="960" VPOS="1103" WIDTH="88" HEIGHT="38" WC="0.96" CONTENT="Carl"/><SP WIDTH="36" VPOS="1103" HPOS="1048"/>
							<String ID="string_153" HPOS="1084" VPOS="1105" WIDTH="167" HEIGHT="36" WC="0.96" CONTENT="Persson"/><SP WIDTH="28" VPOS="1105" HPOS="1251"/>
							<String ID="string_154" HPOS="1279" VPOS="1104" WIDTH="12" HEIGHT="36" WC="0.86" CONTENT="i"/><SP WIDTH="29" VPOS="1104" HPOS="1291"/>
							<String ID="string_155" HPOS="1320" VPOS="1103" WIDTH="221" HEIGHT="37" WC="0.90" CONTENT="Stallerhult"/><SP WIDTH="28" VPOS="1103" HPOS="1541"/>
							<String ID="string_156" HPOS="1569" VPOS="1103" WIDTH="198" HEIGHT="36" WC="0.91" CONTENT="anmodats"/>
						</TextLine>
						<TextLine ID="line_18" HPOS="173" VPOS="1155" WIDTH="1594" HEIGHT="51">
							<String ID="string_157" HPOS="173" VPOS="1164" WIDTH="56" HEIGHT="31" WC="0.94" CONTENT="att"/><SP WIDTH="40" VPOS="1164" HPOS="229"/>
							<String ID="string_158" HPOS="269" VPOS="1158" WIDTH="207" HEIGHT="37" WC="0.96" CONTENT="verkställa"/><SP WIDTH="41" VPOS="1158" HPOS="476"/>
							<String ID="string_159" HPOS="517" VPOS="1157" WIDTH="161" HEIGHT="38" WC="0.96" CONTENT="berörda"/><SP WIDTH="35" VPOS="1157" HPOS="678"/>
							<String ID="string_160" HPOS="713" VPOS="1156" WIDTH="220" HEIGHT="49" WC="0.96" CONTENT="utredning,"/><SP WIDTH="29" VPOS="1156" HPOS="933"/>
							<String ID="string_161" HPOS="962" VPOS="1157" WIDTH="68" HEIGHT="36" WC="0.96" CONTENT="har"/><SP WIDTH="23" VPOS="1157" HPOS="1030"/>
							<String ID="string_162" HPOS="1053" VPOS="1157" WIDTH="70" HEIGHT="49" WC="0.96" CONTENT="jag"/><SP WIDTH="26" VPOS="1157" HPOS="1123"/>
							<String ID="string_163" HPOS="1149" VPOS="1156" WIDTH="58" HEIGHT="36" WC="0.96" CONTENT="till"/><SP WIDTH="30" VPOS="1156" HPOS="1207"/>
							<String ID="string_164" HPOS="1237" VPOS="1156" WIDTH="110" HEIGHT="36" WC="0.96" CONTENT="deras"/><SP WIDTH="29" VPOS="1156" HPOS="1347"/>
							<String ID="string_165" HPOS="1376" VPOS="1155" WIDTH="238" HEIGHT="37" WC="0.93" CONTENT="bedömande"/><SP WIDTH="29" VPOS="1155" HPOS="1614"/>
							<String ID="string_166" HPOS="1643" VPOS="1155" WIDTH="124" HEIGHT="36" WC="0.91" CONTENT="öfver-"/>
						</TextLine>
						<TextLine ID="line_19" HPOS="171" VPOS="1209" WIDTH="584" HEIGHT="49">
							<String ID="string_167" HPOS="171" VPOS="1211" WIDTH="143" HEIGHT="36" WC="0.94" CONTENT="lämnat"/><SP WIDTH="27" VPOS="1211" HPOS="314"/>
							<String ID="string_168" HPOS="341" VPOS="1209" WIDTH="265" HEIGHT="49" WC="0.95" CONTENT="föreliggande"/><SP WIDTH="28" VPOS="1209" HPOS="606"/>
							<String ID="string_169" HPOS="634" VPOS="1209" WIDTH="121" HEIGHT="48" WC="0.96" CONTENT="fråga."/>
						</TextLine>
					</TextBlock>
					<TextBlock ID="block_3" HPOS="172" VPOS="1258" WIDTH="1602" HEIGHT="1040">
						<TextLine ID="line_20" HPOS="275" VPOS="1258" WIDTH="1492" HEIGHT="52">
							<String ID="string_170" HPOS="275" VPOS="1262" WIDTH="56" HEIGHT="36" WC="0.96" CONTENT="De"/><SP WIDTH="43" VPOS="1262" HPOS="331"/>
							<String ID="string_171" HPOS="374" VPOS="1262" WIDTH="242" HEIGHT="48" WC="0.96" CONTENT="sakkunniga"/><SP WIDTH="40" VPOS="1262" HPOS="616"/>
							<String ID="string_172" HPOS="656" VPOS="1261" WIDTH="114" HEIGHT="36" WC="0.95" CONTENT="hafva"/><SP WIDTH="41" VPOS="1261" HPOS="770"/>
							<String ID="string_173" HPOS="811" VPOS="1261" WIDTH="12" HEIGHT="35" WC="0.95" CONTENT="i"/><SP WIDTH="42" VPOS="1261" HPOS="823"/>
							<String ID="string_174" HPOS="865" VPOS="1260" WIDTH="64" HEIGHT="36" WC="0.95" CONTENT="sitt"/><SP WIDTH="42" VPOS="1260" HPOS="929"/>
							<String ID="string_175" HPOS="971" VPOS="1260" WIDTH="73" HEIGHT="36" WC="0.96" CONTENT="den"/><SP WIDTH="42" VPOS="1260" HPOS="1044"/>
							<String ID="string_176" HPOS="1086" VPOS="1262" WIDTH="47" HEIGHT="34" WC="0.92" CONTENT="25"/><SP WIDTH="30" VPOS="1262" HPOS="1133"/>
							<String ID="string_177" HPOS="1163" VPOS="1259" WIDTH="172" HEIGHT="37" WC="0.91" CONTENT="sistlidne"/><SP WIDTH="24" VPOS="1259" HPOS="1335"/>
							<String ID="string_178" HPOS="1359" VPOS="1259" WIDTH="152" HEIGHT="48" WC="0.93" CONTENT="januari"/><SP WIDTH="29" VPOS="1259" HPOS="1511"/>
							<String ID="string_179" HPOS="1540" VPOS="1258" WIDTH="145" HEIGHT="48" WC="0.91" CONTENT="afgifna"/><SP WIDTH="27" VPOS="1258" HPOS="1685"/>
							<String ID="string_180" HPOS="1712" VPOS="1263" WIDTH="55" HEIGHT="31" WC="0.91" CONTENT="ut-"/>
						</TextLine>
						<TextLine ID="line_21" HPOS="172" VPOS="1310" WIDTH="1595" HEIGHT="50">
							<String ID="string_181" HPOS="172" VPOS="1313" WIDTH="152" HEIGHT="36" WC="0.92" CONTENT="låtande"/><SP WIDTH="29" VPOS="1313" HPOS="324"/>
							<String ID="string_182" HPOS="353" VPOS="1313" WIDTH="140" HEIGHT="47" WC="0.96" CONTENT="anfört,"/><SP WIDTH="30" VPOS="1313" HPOS="493"/>
							<String ID="string_183" HPOS="523" VPOS="1318" WIDTH="54" HEIGHT="31" WC="0.96" CONTENT="att"/><SP WIDTH="29" VPOS="1318" HPOS="577"/>
							<String ID="string_184" HPOS="606" VPOS="1313" WIDTH="118" HEIGHT="36" WC="0.96" CONTENT="sedan"/><SP WIDTH="31" VPOS="1313" HPOS="724"/>
							<String ID="string_185" HPOS="755" VPOS="1313" WIDTH="96" HEIGHT="35" WC="0.96" CONTENT="1908"/><SP WIDTH="31" VPOS="1313" HPOS="851"/>
							<String ID="string_186" HPOS="882" VPOS="1315" WIDTH="61" HEIGHT="33" WC="0.96" CONTENT="års"/><SP WIDTH="29" VPOS="1315" HPOS="943"/>
							<String ID="string_187" HPOS="972" VPOS="1312" WIDTH="170" HEIGHT="47" WC="0.87" CONTENT="Riksdag"/><SP WIDTH="33" VPOS="1312" HPOS="1142"/>
							<String ID="string_188" HPOS="1175" VPOS="1311" WIDTH="136" HEIGHT="36" WC="0.87" CONTENT="bifallit"/><SP WIDTH="23" VPOS="1311" HPOS="1311"/>
							<String ID="string_189" HPOS="1334" VPOS="1311" WIDTH="123" HEIGHT="36" WC="0.91" CONTENT="Eders"/><SP WIDTH="20" VPOS="1311" HPOS="1457"/>
							<String ID="string_190" HPOS="1477" VPOS="1310" WIDTH="141" HEIGHT="47" WC="0.95" CONTENT="Kungl."/><SP WIDTH="22" VPOS="1310" HPOS="1618"/>
							<String ID="string_191" HPOS="1640" VPOS="1310" WIDTH="127" HEIGHT="48" WC="0.96" CONTENT="Maj:ts"/>
						</TextLine>
						<TextLine ID="line_22" HPOS="172" VPOS="1361" WIDTH="1596" HEIGHT="54">
							<String ID="string_192" HPOS="172" VPOS="1364" WIDTH="237" HEIGHT="51" WC="0.96" CONTENT="proposition"/><SP WIDTH="29" VPOS="1364" HPOS="409"/>
							<String ID="string_193" HPOS="438" VPOS="1378" WIDTH="60" HEIGHT="22" WC="0.96" CONTENT="om"/><SP WIDTH="30" VPOS="1378" HPOS="498"/>
							<String ID="string_194" HPOS="528" VPOS="1364" WIDTH="235" HEIGHT="49" WC="0.95" CONTENT="uppförande"/><SP WIDTH="29" VPOS="1364" HPOS="763"/>
							<String ID="string_195" HPOS="792" VPOS="1364" WIDTH="60" HEIGHT="36" WC="0.96" CONTENT="för"/><SP WIDTH="27" VPOS="1364" HPOS="852"/>
							<String ID="string_196" HPOS="879" VPOS="1363" WIDTH="193" HEIGHT="49" WC="0.93" CONTENT="åtskilliga"/><SP WIDTH="19" VPOS="1363" HPOS="1072"/>
							<String ID="string_197" HPOS="1091" VPOS="1363" WIDTH="281" HEIGHT="49" WC="0.91" CONTENT="truppförband"/><SP WIDTH="20" VPOS="1363" HPOS="1372"/>
							<String ID="string_198" HPOS="1392" VPOS="1362" WIDTH="41" HEIGHT="36" WC="0.96" CONTENT="af"/><SP WIDTH="17" VPOS="1362" HPOS="1433"/>
							<String ID="string_199" HPOS="1450" VPOS="1361" WIDTH="184" HEIGHT="37" WC="0.93" CONTENT="särskilda"/><SP WIDTH="20" VPOS="1361" HPOS="1634"/>
							<String ID="string_200" HPOS="1654" VPOS="1366" WIDTH="114" HEIGHT="31" WC="0.92" CONTENT="mäss-"/>
						</TextLine>
						<TextLine ID="line_23" HPOS="173" VPOS="1413" WIDTH="1595" HEIGHT="53">
							<String ID="string_201" HPOS="173" VPOS="1416" WIDTH="237" HEIGHT="50" WC="0.95" CONTENT="byggnader,"/><SP WIDTH="42" VPOS="1416" HPOS="410"/>
							<String ID="string_202" HPOS="452" VPOS="1415" WIDTH="266" HEIGHT="37" WC="0.93" CONTENT="innehållande"/><SP WIDTH="41" VPOS="1415" HPOS="718"/>
							<String ID="string_203" HPOS="759" VPOS="1420" WIDTH="115" HEIGHT="31" WC="0.92" CONTENT="mäss-"/><SP WIDTH="41" VPOS="1420" HPOS="874"/>
							<String ID="string_204" HPOS="915" VPOS="1415" WIDTH="71" HEIGHT="36" WC="0.96" CONTENT="och"/><SP WIDTH="42" VPOS="1415" HPOS="986"/>
							<String ID="string_205" HPOS="1028" VPOS="1413" WIDTH="330" HEIGHT="50" WC="0.96" CONTENT="samlingslokaler"/><SP WIDTH="40" VPOS="1413" HPOS="1358"/>
							<String ID="string_206" HPOS="1398" VPOS="1414" WIDTH="60" HEIGHT="35" WC="0.96" CONTENT="för"/><SP WIDTH="42" VPOS="1414" HPOS="1458"/>
							<String ID="string_207" HPOS="1500" VPOS="1413" WIDTH="102" HEIGHT="36" WC="0.93" CONTENT="såväl"/><SP WIDTH="30" VPOS="1413" HPOS="1602"/>
							<String ID="string_208" HPOS="1632" VPOS="1413" WIDTH="136" HEIGHT="36" WC="0.90" CONTENT="under-"/>
						</TextLine>
						<TextLine ID="line_24" HPOS="174" VPOS="1464" WIDTH="1593" HEIGHT="52">
							<String ID="string_209" HPOS="174" VPOS="1469" WIDTH="192" HEIGHT="36" WC="0.95" CONTENT="officerare"/><SP WIDTH="43" VPOS="1469" HPOS="366"/>
							<String ID="string_210" HPOS="409" VPOS="1481" WIDTH="81" HEIGHT="23" WC="0.96" CONTENT="som"/><SP WIDTH="42" VPOS="1481" HPOS="490"/>
							<String ID="string_211" HPOS="532" VPOS="1467" WIDTH="198" HEIGHT="49" WC="0.93" CONTENT="manskap,"/><SP WIDTH="43" VPOS="1467" HPOS="730"/>
							<String ID="string_212" HPOS="773" VPOS="1469" WIDTH="140" HEIGHT="46" WC="0.91" CONTENT="ansåge"/><SP WIDTH="43" VPOS="1469" HPOS="913"/>
							<String ID="string_213" HPOS="956" VPOS="1467" WIDTH="46" HEIGHT="36" WC="0.96" CONTENT="de"/><SP WIDTH="29" VPOS="1467" HPOS="1002"/>
							<String ID="string_214" HPOS="1031" VPOS="1466" WIDTH="254" HEIGHT="49" WC="0.96" CONTENT="sakkunniga,"/><SP WIDTH="30" VPOS="1466" HPOS="1285"/>
							<String ID="string_215" HPOS="1315" VPOS="1470" WIDTH="57" HEIGHT="32" WC="0.96" CONTENT="att"/><SP WIDTH="22" VPOS="1470" HPOS="1372"/>
							<String ID="string_216" HPOS="1394" VPOS="1465" WIDTH="145" HEIGHT="49" WC="0.96" CONTENT="jämväl"/><SP WIDTH="29" VPOS="1465" HPOS="1539"/>
							<String ID="string_217" HPOS="1568" VPOS="1464" WIDTH="199" HEIGHT="37" WC="0.95" CONTENT="Smålands"/>
						</TextLine>
						<TextLine ID="line_25" HPOS="173" VPOS="1516" WIDTH="1595" HEIGHT="53">
							<String ID="string_218" HPOS="173" VPOS="1521" WIDTH="381" HEIGHT="48" WC="0.92" CONTENT="artilleriregemente"/><SP WIDTH="28" VPOS="1521" HPOS="554"/>
							<String ID="string_219" HPOS="582" VPOS="1519" WIDTH="118" HEIGHT="37" WC="0.96" CONTENT="borde"/><SP WIDTH="29" VPOS="1519" HPOS="700"/>
							<String ID="string_220" HPOS="729" VPOS="1519" WIDTH="42" HEIGHT="36" WC="0.96" CONTENT="af"/><SP WIDTH="25" VPOS="1519" HPOS="771"/>
							<String ID="string_221" HPOS="796" VPOS="1523" WIDTH="126" HEIGHT="32" WC="0.96" CONTENT="staten"/><SP WIDTH="28" VPOS="1523" HPOS="922"/>
							<String ID="string_222" HPOS="950" VPOS="1518" WIDTH="161" HEIGHT="37" WC="0.96" CONTENT="beredas"/><SP WIDTH="30" VPOS="1518" HPOS="1111"/>
							<String ID="string_223" HPOS="1141" VPOS="1518" WIDTH="129" HEIGHT="49" WC="0.96" CONTENT="dylika"/><SP WIDTH="28" VPOS="1518" HPOS="1270"/>
							<String ID="string_224" HPOS="1298" VPOS="1517" WIDTH="159" HEIGHT="47" WC="0.96" CONTENT="lokaler,"/><SP WIDTH="31" VPOS="1517" HPOS="1457"/>
							<String ID="string_225" HPOS="1488" VPOS="1522" WIDTH="98" HEIGHT="32" WC="0.96" CONTENT="samt"/><SP WIDTH="27" VPOS="1522" HPOS="1586"/>
							<String ID="string_226" HPOS="1613" VPOS="1521" WIDTH="55" HEIGHT="33" WC="0.93" CONTENT="att"/><SP WIDTH="19" VPOS="1521" HPOS="1668"/>
							<String ID="string_227" HPOS="1687" VPOS="1516" WIDTH="81" HEIGHT="37" WC="0.91" CONTENT="offi-"/>
						</TextLine>
						<TextLine ID="line_26" HPOS="173" VPOS="1569" WIDTH="1596" HEIGHT="49">
							<String ID="string_228" HPOS="173" VPOS="1573" WIDTH="202" HEIGHT="36" WC="0.90" CONTENT="cerskåren"/><SP WIDTH="38" VPOS="1573" HPOS="375"/>
							<String ID="string_229" HPOS="413" VPOS="1571" WIDTH="117" HEIGHT="37" WC="0.94" CONTENT="borde"/><SP WIDTH="28" VPOS="1571" HPOS="530"/>
							<String ID="string_230" HPOS="558" VPOS="1571" WIDTH="140" HEIGHT="37" WC="0.96" CONTENT="befrias"/><SP WIDTH="29" VPOS="1571" HPOS="698"/>
							<String ID="string_231" HPOS="727" VPOS="1570" WIDTH="83" HEIGHT="37" WC="0.96" CONTENT="från"/><SP WIDTH="30" VPOS="1570" HPOS="810"/>
							<String ID="string_232" HPOS="840" VPOS="1570" WIDTH="71" HEIGHT="37" WC="0.96" CONTENT="den"/><SP WIDTH="31" VPOS="1570" HPOS="911"/>
							<String ID="string_233" HPOS="942" VPOS="1570" WIDTH="120" HEIGHT="48" WC="0.96" CONTENT="skuld,"/><SP WIDTH="30" VPOS="1570" HPOS="1062"/>
							<String ID="string_234" HPOS="1092" VPOS="1583" WIDTH="82" HEIGHT="24" WC="0.96" CONTENT="som"/><SP WIDTH="30" VPOS="1583" HPOS="1174"/>
							<String ID="string_235" HPOS="1204" VPOS="1571" WIDTH="73" HEIGHT="36" WC="0.93" CONTENT="den"/><SP WIDTH="28" VPOS="1571" HPOS="1277"/>
							<String ID="string_236" HPOS="1305" VPOS="1569" WIDTH="121" HEIGHT="37" WC="0.93" CONTENT="iklädt"/><SP WIDTH="29" VPOS="1569" HPOS="1426"/>
							<String ID="string_237" HPOS="1455" VPOS="1569" WIDTH="61" HEIGHT="48" WC="0.96" CONTENT="sig"/><SP WIDTH="27" VPOS="1569" HPOS="1516"/>
							<String ID="string_238" HPOS="1543" VPOS="1570" WIDTH="60" HEIGHT="36" WC="0.93" CONTENT="för"/><SP WIDTH="26" VPOS="1570" HPOS="1603"/>
							<String ID="string_239" HPOS="1629" VPOS="1569" WIDTH="140" HEIGHT="47" WC="0.91" CONTENT="ifråga-"/>
						</TextLine>
						<TextLine ID="line_27" HPOS="174" VPOS="1620" WIDTH="1594" HEIGHT="54">
							<String ID="string_240" HPOS="174" VPOS="1624" WIDTH="166" HEIGHT="38" WC="0.96" CONTENT="varande"/><SP WIDTH="33" VPOS="1624" HPOS="340"/>
							<String ID="string_241" HPOS="373" VPOS="1623" WIDTH="195" HEIGHT="51" WC="0.95" CONTENT="byggnad,"/><SP WIDTH="31" VPOS="1623" HPOS="568"/>
							<String ID="string_242" HPOS="599" VPOS="1623" WIDTH="69" HEIGHT="37" WC="0.96" CONTENT="och"/><SP WIDTH="30" VPOS="1623" HPOS="668"/>
							<String ID="string_243" HPOS="698" VPOS="1622" WIDTH="155" HEIGHT="37" WC="0.96" CONTENT="hvilken"/><SP WIDTH="32" VPOS="1622" HPOS="853"/>
							<String ID="string_244" HPOS="885" VPOS="1623" WIDTH="121" HEIGHT="36" WC="0.96" CONTENT="under"/><SP WIDTH="27" VPOS="1623" HPOS="1006"/>
							<String ID="string_245" HPOS="1033" VPOS="1622" WIDTH="222" HEIGHT="36" WC="0.96" CONTENT="nuvarande"/><SP WIDTH="28" VPOS="1622" HPOS="1255"/>
							<String ID="string_246" HPOS="1283" VPOS="1621" WIDTH="264" HEIGHT="37" WC="0.96" CONTENT="förhållanden"/><SP WIDTH="29" VPOS="1621" HPOS="1547"/>
							<String ID="string_247" HPOS="1576" VPOS="1620" WIDTH="192" HEIGHT="49" WC="0.96" CONTENT="svårligen"/>
						</TextLine>
						<TextLine ID="line_28" HPOS="174" VPOS="1671" WIDTH="1595" HEIGHT="53">
							<String ID="string_248" HPOS="174" VPOS="1677" WIDTH="126" HEIGHT="36" WC="0.93" CONTENT="kunde"/><SP WIDTH="42" VPOS="1677" HPOS="300"/>
							<String ID="string_249" HPOS="342" VPOS="1681" WIDTH="208" HEIGHT="31" WC="0.90" CONTENT="amorteras"/><SP WIDTH="42" VPOS="1681" HPOS="550"/>
							<String ID="string_250" HPOS="592" VPOS="1688" WIDTH="141" HEIGHT="36" WC="0.96" CONTENT="genom"/><SP WIDTH="43" VPOS="1688" HPOS="733"/>
							<String ID="string_251" HPOS="776" VPOS="1675" WIDTH="45" HEIGHT="36" WC="0.95" CONTENT="de"/><SP WIDTH="41" VPOS="1675" HPOS="821"/>
							<String ID="string_252" HPOS="862" VPOS="1674" WIDTH="41" HEIGHT="37" WC="0.96" CONTENT="af"/><SP WIDTH="25" VPOS="1674" HPOS="903"/>
							<String ID="string_253" HPOS="928" VPOS="1674" WIDTH="235" HEIGHT="49" WC="0.96" CONTENT="byggnaden"/><SP WIDTH="28" VPOS="1674" HPOS="1163"/>
							<String ID="string_254" HPOS="1191" VPOS="1673" WIDTH="211" HEIGHT="49" WC="0.96" CONTENT="inflytande"/><SP WIDTH="27" VPOS="1673" HPOS="1402"/>
							<String ID="string_255" HPOS="1429" VPOS="1673" WIDTH="222" HEIGHT="36" WC="0.94" CONTENT="inkomster."/><SP WIDTH="48" VPOS="1673" HPOS="1651"/>
							<String ID="string_256" HPOS="1699" VPOS="1671" WIDTH="70" HEIGHT="37" WC="0.95" CONTENT="Väl"/>
						</TextLine>
						<TextLine ID="line_29" HPOS="173" VPOS="1724" WIDTH="1596" HEIGHT="52">
							<String ID="string_257" HPOS="173" VPOS="1729" WIDTH="97" HEIGHT="36" WC="0.96" CONTENT="hade"/><SP WIDTH="40" VPOS="1729" HPOS="270"/>
							<String ID="string_258" HPOS="310" VPOS="1727" WIDTH="224" HEIGHT="49" WC="0.96" CONTENT="Riksdagen"/><SP WIDTH="40" VPOS="1727" HPOS="534"/>
							<String ID="string_259" HPOS="574" VPOS="1727" WIDTH="64" HEIGHT="36" WC="0.26" CONTENT="vid"/><SP WIDTH="42" VPOS="1727" HPOS="638"/>
							<String ID="string_260" HPOS="680" VPOS="1726" WIDTH="159" HEIGHT="37" WC="0.93" CONTENT="berörda"/><SP WIDTH="41" VPOS="1726" HPOS="839"/>
							<String ID="string_261" HPOS="880" VPOS="1726" WIDTH="271" HEIGHT="49" WC="0.91" CONTENT="medgifvande"/><SP WIDTH="41" VPOS="1726" HPOS="1151"/>
							<String ID="string_262" HPOS="1192" VPOS="1728" WIDTH="127" HEIGHT="45" WC="0.94" CONTENT="utgått"/><SP WIDTH="38" VPOS="1728" HPOS="1319"/>
							<String ID="string_263" HPOS="1357" VPOS="1726" WIDTH="84" HEIGHT="35" WC="0.96" CONTENT="från"/><SP WIDTH="29" VPOS="1726" HPOS="1441"/>
							<String ID="string_264" HPOS="1470" VPOS="1725" WIDTH="74" HEIGHT="36" WC="0.93" CONTENT="den"/><SP WIDTH="29" VPOS="1725" HPOS="1544"/>
							<String ID="string_265" HPOS="1573" VPOS="1724" WIDTH="196" HEIGHT="37" WC="0.92" CONTENT="förutsätt-"/>
						</TextLine>
						<TextLine ID="line_30" HPOS="175" VPOS="1776" WIDTH="1592" HEIGHT="53">
							<String ID="string_266" HPOS="175" VPOS="1780" WIDTH="155" HEIGHT="49" WC="0.96" CONTENT="ningen,"/><SP WIDTH="30" VPOS="1780" HPOS="330"/>
							<String ID="string_267" HPOS="360" VPOS="1785" WIDTH="67" HEIGHT="42" WC="0.96" CONTENT="att,"/><SP WIDTH="30" VPOS="1785" HPOS="427"/>
							<String ID="string_268" HPOS="457" VPOS="1779" WIDTH="116" HEIGHT="37" WC="0.96" CONTENT="sedan"/><SP WIDTH="20" VPOS="1779" HPOS="573"/>
							<String ID="string_269" HPOS="593" VPOS="1792" WIDTH="47" HEIGHT="23" WC="0.96" CONTENT="en"/><SP WIDTH="21" VPOS="1792" HPOS="640"/>
							<String ID="string_270" HPOS="661" VPOS="1783" WIDTH="120" HEIGHT="32" WC="0.96" CONTENT="större"/><SP WIDTH="21" VPOS="1783" HPOS="781"/>
							<String ID="string_271" HPOS="802" VPOS="1778" WIDTH="69" HEIGHT="37" WC="0.96" CONTENT="och"/><SP WIDTH="22" VPOS="1778" HPOS="871"/>
							<String ID="string_272" HPOS="893" VPOS="1791" WIDTH="48" HEIGHT="23" WC="0.96" CONTENT="en"/><SP WIDTH="21" VPOS="1791" HPOS="941"/>
							<String ID="string_273" HPOS="962" VPOS="1778" WIDTH="146" HEIGHT="36" WC="0.95" CONTENT="mindre"/><SP WIDTH="19" VPOS="1778" HPOS="1108"/>
							<String ID="string_274" HPOS="1127" VPOS="1782" WIDTH="81" HEIGHT="44" WC="0.96" CONTENT="typ,"/><SP WIDTH="20" VPOS="1782" HPOS="1208"/>
							<String ID="string_275" HPOS="1228" VPOS="1777" WIDTH="218" HEIGHT="37" WC="0.96" CONTENT="beräknade"/><SP WIDTH="21" VPOS="1777" HPOS="1446"/>
							<String ID="string_276" HPOS="1467" VPOS="1781" WIDTH="55" HEIGHT="32" WC="0.96" CONTENT="att"/><SP WIDTH="17" VPOS="1781" HPOS="1522"/>
							<String ID="string_277" HPOS="1539" VPOS="1776" WIDTH="110" HEIGHT="37" WC="0.96" CONTENT="kosta"/><SP WIDTH="19" VPOS="1776" HPOS="1649"/>
							<String ID="string_278" HPOS="1668" VPOS="1789" WIDTH="99" HEIGHT="35" WC="0.96" CONTENT="resp."/>
						</TextLine>
						<TextLine ID="line_31" HPOS="176" VPOS="1827" WIDTH="1598" HEIGHT="53">
							<String ID="string_279" HPOS="176" VPOS="1834" WIDTH="137" HEIGHT="46" WC="0.91" CONTENT="68,900"/><SP WIDTH="26" VPOS="1834" HPOS="313"/>
							<String ID="string_280" HPOS="339" VPOS="1832" WIDTH="72" HEIGHT="36" WC="0.93" CONTENT="och"/><SP WIDTH="26" VPOS="1832" HPOS="411"/>
							<String ID="string_281" HPOS="437" VPOS="1833" WIDTH="138" HEIGHT="45" WC="0.92" CONTENT="60,000"/><SP WIDTH="24" VPOS="1833" HPOS="575"/>
							<String ID="string_282" HPOS="599" VPOS="1831" WIDTH="154" HEIGHT="46" WC="0.95" CONTENT="kronor,"/><SP WIDTH="23" VPOS="1831" HPOS="753"/>
							<String ID="string_283" HPOS="776" VPOS="1830" WIDTH="124" HEIGHT="36" WC="0.96" CONTENT="blifvit"/><SP WIDTH="22" VPOS="1830" HPOS="900"/>
							<String ID="string_284" HPOS="922" VPOS="1830" WIDTH="60" HEIGHT="36" WC="0.93" CONTENT="för"/><SP WIDTH="25" VPOS="1830" HPOS="982"/>
							<String ID="string_285" HPOS="1007" VPOS="1829" WIDTH="330" HEIGHT="49" WC="0.91" CONTENT="mässbyggnader"/><SP WIDTH="18" VPOS="1829" HPOS="1337"/>
							<String ID="string_286" HPOS="1355" VPOS="1828" WIDTH="205" HEIGHT="50" WC="0.95" CONTENT="uppställd,"/><SP WIDTH="17" VPOS="1828" HPOS="1560"/>
							<String ID="string_287" HPOS="1577" VPOS="1828" WIDTH="139" HEIGHT="37" WC="0.96" CONTENT="endera"/><SP WIDTH="16" VPOS="1828" HPOS="1716"/>
							<String ID="string_288" HPOS="1732" VPOS="1827" WIDTH="42" HEIGHT="36" WC="0.96" CONTENT="af"/>
						</TextLine>
						<TextLine ID="line_32" HPOS="174" VPOS="1881" WIDTH="1597" HEIGHT="52">
							<String ID="string_289" HPOS="174" VPOS="1884" WIDTH="109" HEIGHT="37" WC="0.96" CONTENT="dessa"/><SP WIDTH="18" VPOS="1884" HPOS="283"/>
							<String ID="string_290" HPOS="301" VPOS="1888" WIDTH="113" HEIGHT="45" WC="0.96" CONTENT="typer"/><SP WIDTH="19" VPOS="1888" HPOS="414"/>
							<String ID="string_291" HPOS="433" VPOS="1883" WIDTH="114" HEIGHT="36" WC="0.96" CONTENT="äfven"/><SP WIDTH="19" VPOS="1883" HPOS="547"/>
							<String ID="string_292" HPOS="566" VPOS="1882" WIDTH="121" HEIGHT="37" WC="0.95" CONTENT="skulle"/><SP WIDTH="19" VPOS="1882" HPOS="687"/>
							<String ID="string_293" HPOS="706" VPOS="1881" WIDTH="202" HEIGHT="50" WC="0.96" CONTENT="tillämpas,"/><SP WIDTH="21" VPOS="1881" HPOS="908"/>
							<String ID="string_294" HPOS="929" VPOS="1894" WIDTH="87" HEIGHT="24" WC="0.96" CONTENT="men"/><SP WIDTH="19" VPOS="1894" HPOS="1016"/>
							<String ID="string_295" HPOS="1035" VPOS="1881" WIDTH="47" HEIGHT="37" WC="0.96" CONTENT="då"/><SP WIDTH="18" VPOS="1881" HPOS="1082"/>
							<String ID="string_296" HPOS="1100" VPOS="1886" WIDTH="240" HEIGHT="44" WC="0.96" CONTENT="regementet"/><SP WIDTH="19" VPOS="1886" HPOS="1340"/>
							<String ID="string_297" HPOS="1359" VPOS="1885" WIDTH="133" HEIGHT="44" WC="0.96" CONTENT="syntes"/><SP WIDTH="19" VPOS="1885" HPOS="1492"/>
							<String ID="string_298" HPOS="1511" VPOS="1881" WIDTH="126" HEIGHT="35" WC="0.96" CONTENT="kunna"/><SP WIDTH="15" VPOS="1881" HPOS="1637"/>
							<String ID="string_299" HPOS="1652" VPOS="1882" WIDTH="48" HEIGHT="47" WC="0.96" CONTENT="på"/><SP WIDTH="16" VPOS="1882" HPOS="1700"/>
							<String ID="string_300" HPOS="1716" VPOS="1884" WIDTH="55" HEIGHT="31" WC="0.96" CONTENT="ett"/>
						</TextLine>
						<TextLine ID="line_33" HPOS="174" VPOS="1931" WIDTH="1595" HEIGHT="52">
							<String ID="string_301" HPOS="174" VPOS="1935" WIDTH="353" HEIGHT="38" WC="0.91" CONTENT="tillfredsställande"/><SP WIDTH="30" VPOS="1935" HPOS="527"/>
							<String ID="string_302" HPOS="557" VPOS="1935" WIDTH="69" HEIGHT="36" WC="0.96" CONTENT="och"/><SP WIDTH="29" VPOS="1935" HPOS="626"/>
							<String ID="string_303" HPOS="655" VPOS="1933" WIDTH="247" HEIGHT="50" WC="0.96" CONTENT="synnerligen"/><SP WIDTH="28" VPOS="1933" HPOS="902"/>
							<String ID="string_304" HPOS="930" VPOS="1933" WIDTH="124" HEIGHT="49" WC="0.95" CONTENT="billigt"/><SP WIDTH="28" VPOS="1933" HPOS="1054"/>
							<String ID="string_305" HPOS="1082" VPOS="1938" WIDTH="76" HEIGHT="32" WC="0.96" CONTENT="sätt"/><SP WIDTH="28" VPOS="1938" HPOS="1158"/>
							<String ID="string_306" HPOS="1186" VPOS="1934" WIDTH="37" HEIGHT="35" WC="0.96" CONTENT="få"/><SP WIDTH="28" VPOS="1934" HPOS="1223"/>
							<String ID="string_307" HPOS="1251" VPOS="1933" WIDTH="66" HEIGHT="37" WC="0.93" CONTENT="sitt"/><SP WIDTH="28" VPOS="1933" HPOS="1317"/>
							<String ID="string_308" HPOS="1345" VPOS="1932" WIDTH="119" HEIGHT="37" WC="0.92" CONTENT="behof"/><SP WIDTH="25" VPOS="1932" HPOS="1464"/>
							<String ID="string_309" HPOS="1489" VPOS="1933" WIDTH="41" HEIGHT="36" WC="0.93" CONTENT="af"/><SP WIDTH="25" VPOS="1933" HPOS="1530"/>
							<String ID="string_310" HPOS="1555" VPOS="1937" WIDTH="119" HEIGHT="31" WC="0.91" CONTENT="mäss-"/><SP WIDTH="25" VPOS="1937" HPOS="1674"/>
							<String ID="string_311" HPOS="1699" VPOS="1931" WIDTH="70" HEIGHT="36" WC="0.96" CONTENT="och"/>
						</TextLine>
						<TextLine ID="line_34" HPOS="175" VPOS="1983" WIDTH="1595" HEIGHT="53">
							<String ID="string_312" HPOS="175" VPOS="1987" WIDTH="333" HEIGHT="49" WC="0.92" CONTENT="samlingslokaler"/><SP WIDTH="37" VPOS="1987" HPOS="508"/>
							<String ID="string_313" HPOS="545" VPOS="1986" WIDTH="257" HEIGHT="49" WC="0.90" CONTENT="tillgodosedt,"/><SP WIDTH="38" VPOS="1986" HPOS="802"/>
							<String ID="string_314" HPOS="840" VPOS="1999" WIDTH="61" HEIGHT="22" WC="0.96" CONTENT="om"/><SP WIDTH="30" VPOS="1999" HPOS="901"/>
							<String ID="string_315" HPOS="931" VPOS="1991" WIDTH="126" HEIGHT="31" WC="0.96" CONTENT="staten"/><SP WIDTH="28" VPOS="1991" HPOS="1057"/>
							<String ID="string_316" HPOS="1085" VPOS="1985" WIDTH="157" HEIGHT="49" WC="0.96" CONTENT="inköpte"/><SP WIDTH="29" VPOS="1985" HPOS="1242"/>
							<String ID="string_317" HPOS="1271" VPOS="1985" WIDTH="70" HEIGHT="36" WC="0.96" CONTENT="och"/><SP WIDTH="28" VPOS="1985" HPOS="1341"/>
							<String ID="string_318" HPOS="1369" VPOS="1985" WIDTH="13" HEIGHT="36" WC="0.96" CONTENT="i"/><SP WIDTH="28" VPOS="1985" HPOS="1382"/>
							<String ID="string_319" HPOS="1410" VPOS="1984" WIDTH="172" HEIGHT="49" WC="0.96" CONTENT="enlighet"/><SP WIDTH="28" VPOS="1984" HPOS="1582"/>
							<String ID="string_320" HPOS="1610" VPOS="1983" WIDTH="84" HEIGHT="37" WC="0.96" CONTENT="med"/><SP WIDTH="30" VPOS="1983" HPOS="1694"/>
							<String ID="string_321" HPOS="1724" VPOS="1983" WIDTH="46" HEIGHT="36" WC="0.96" CONTENT="de"/>
						</TextLine>
						<TextLine ID="line_35" HPOS="173" VPOS="2035" WIDTH="1598" HEIGHT="55">
							<String ID="string_322" HPOS="173" VPOS="2039" WIDTH="216" HEIGHT="51" WC="0.96" CONTENT="uppgjorda"/><SP WIDTH="27" VPOS="2039" HPOS="389"/>
							<String ID="string_323" HPOS="416" VPOS="2039" WIDTH="249" HEIGHT="48" WC="0.96" CONTENT="ritningarna,"/><SP WIDTH="30" VPOS="2039" HPOS="665"/>
							<String ID="string_324" HPOS="695" VPOS="2042" WIDTH="78" HEIGHT="31" WC="0.96" CONTENT="mot"/><SP WIDTH="27" VPOS="2042" HPOS="773"/>
							<String ID="string_325" HPOS="800" VPOS="2037" WIDTH="128" HEIGHT="37" WC="0.96" CONTENT="hvilka"/><SP WIDTH="30" VPOS="2037" HPOS="928"/>
							<String ID="string_326" HPOS="958" VPOS="2038" WIDTH="46" HEIGHT="35" WC="0.96" CONTENT="de"/><SP WIDTH="29" VPOS="2038" HPOS="1004"/>
							<String ID="string_327" HPOS="1033" VPOS="2036" WIDTH="240" HEIGHT="49" WC="0.95" CONTENT="sakkunniga"/><SP WIDTH="27" VPOS="2036" HPOS="1273"/>
							<String ID="string_328" HPOS="1300" VPOS="2036" WIDTH="84" HEIGHT="37" WC="0.96" CONTENT="icke"/><SP WIDTH="29" VPOS="2036" HPOS="1384"/>
							<String ID="string_329" HPOS="1413" VPOS="2036" WIDTH="127" HEIGHT="36" WC="0.96" CONTENT="funnit"/><SP WIDTH="24" VPOS="2036" HPOS="1540"/>
							<String ID="string_330" HPOS="1564" VPOS="2035" WIDTH="207" HEIGHT="48" WC="0.95" CONTENT="anledning"/>
						</TextLine>
						<TextLine ID="line_36" HPOS="173" VPOS="2087" WIDTH="1597" HEIGHT="51">
							<String ID="string_331" HPOS="173" VPOS="2092" WIDTH="58" HEIGHT="37" WC="0.96" CONTENT="till"/><SP WIDTH="20" VPOS="2092" HPOS="231"/>
							<String ID="string_332" HPOS="251" VPOS="2091" WIDTH="162" HEIGHT="47" WC="0.95" CONTENT="erinran,"/><SP WIDTH="20" VPOS="2091" HPOS="413"/>
							<String ID="string_333" HPOS="433" VPOS="2091" WIDTH="75" HEIGHT="36" WC="0.93" CONTENT="läte"/><SP WIDTH="19" VPOS="2091" HPOS="508"/>
							<String ID="string_334" HPOS="527" VPOS="2104" WIDTH="77" HEIGHT="23" WC="0.93" CONTENT="om-"/><SP WIDTH="22" VPOS="2104" HPOS="604"/>
							<String ID="string_335" HPOS="626" VPOS="2089" WIDTH="70" HEIGHT="38" WC="0.93" CONTENT="och"/><SP WIDTH="19" VPOS="2089" HPOS="696"/>
							<String ID="string_336" HPOS="715" VPOS="2089" WIDTH="188" HEIGHT="49" WC="0.92" CONTENT="tillbygga"/><SP WIDTH="18" VPOS="2089" HPOS="903"/>
							<String ID="string_337" HPOS="921" VPOS="2103" WIDTH="49" HEIGHT="22" WC="0.96" CONTENT="nu"/><SP WIDTH="23" VPOS="2103" HPOS="970"/>
							<String ID="string_338" HPOS="993" VPOS="2088" WIDTH="291" HEIGHT="50" WC="0.93" CONTENT="ifrågavarande"/><SP WIDTH="20" VPOS="2088" HPOS="1284"/>
							<String ID="string_339" HPOS="1304" VPOS="2087" WIDTH="466" HEIGHT="49" WC="0.89" CONTENT="marketenteribyggnad,"/>
						</TextLine>
						<TextLine ID="line_37" HPOS="175" VPOS="2139" WIDTH="1595" HEIGHT="52">
							<String ID="string_340" HPOS="175" VPOS="2144" WIDTH="97" HEIGHT="37" WC="0.96" CONTENT="hade"/><SP WIDTH="42" VPOS="2144" HPOS="272"/>
							<String ID="string_341" HPOS="314" VPOS="2143" WIDTH="45" HEIGHT="37" WC="0.96" CONTENT="de"/><SP WIDTH="43" VPOS="2143" HPOS="359"/>
							<String ID="string_342" HPOS="402" VPOS="2142" WIDTH="243" HEIGHT="49" WC="0.96" CONTENT="sakkunniga"/><SP WIDTH="41" VPOS="2142" HPOS="645"/>
							<String ID="string_343" HPOS="686" VPOS="2146" WIDTH="125" HEIGHT="32" WC="0.95" CONTENT="ansett"/><SP WIDTH="28" VPOS="2146" HPOS="811"/>
							<String ID="string_344" HPOS="839" VPOS="2141" WIDTH="62" HEIGHT="49" WC="0.96" CONTENT="sig"/><SP WIDTH="27" VPOS="2141" HPOS="901"/>
							<String ID="string_345" HPOS="928" VPOS="2141" WIDTH="94" HEIGHT="36" WC="0.96" CONTENT="böra"/><SP WIDTH="28" VPOS="2141" HPOS="1022"/>
							<String ID="string_346" HPOS="1050" VPOS="2140" WIDTH="148" HEIGHT="37" WC="0.96" CONTENT="biträda"/><SP WIDTH="27" VPOS="2140" HPOS="1198"/>
							<String ID="string_347" HPOS="1225" VPOS="2140" WIDTH="158" HEIGHT="48" WC="0.95" CONTENT="frågans"/><SP WIDTH="28" VPOS="2140" HPOS="1383"/>
							<String ID="string_348" HPOS="1411" VPOS="2140" WIDTH="153" HEIGHT="48" WC="0.96" CONTENT="lösning"/><SP WIDTH="27" VPOS="2140" HPOS="1564"/>
							<String ID="string_349" HPOS="1591" VPOS="2142" WIDTH="49" HEIGHT="46" WC="0.96" CONTENT="på"/><SP WIDTH="28" VPOS="2142" HPOS="1640"/>
							<String ID="string_350" HPOS="1668" VPOS="2139" WIDTH="102" HEIGHT="36" WC="0.96" CONTENT="detta"/>
						</TextLine>
						<TextLine ID="line_38" HPOS="176" VPOS="2189" WIDTH="1594" HEIGHT="53">
							<String ID="string_351" HPOS="176" VPOS="2201" WIDTH="86" HEIGHT="32" WC="0.92" CONTENT="sätt."/><SP WIDTH="57" VPOS="2201" HPOS="262"/>
							<String ID="string_352" HPOS="319" VPOS="2195" WIDTH="84" HEIGHT="37" WC="0.96" CONTENT="Den"/><SP WIDTH="41" VPOS="2195" HPOS="403"/>
							<String ID="string_353" HPOS="444" VPOS="2194" WIDTH="205" HEIGHT="48" WC="0.96" CONTENT="betingade"/><SP WIDTH="41" VPOS="2194" HPOS="649"/>
							<String ID="string_354" HPOS="690" VPOS="2192" WIDTH="305" HEIGHT="50" WC="0.96" CONTENT="köpeskillingen"/><SP WIDTH="43" VPOS="2192" HPOS="995"/>
							<String ID="string_355" HPOS="1038" VPOS="2198" WIDTH="133" HEIGHT="43" WC="0.96" CONTENT="syntes"/><SP WIDTH="42" VPOS="2198" HPOS="1171"/>
							<String ID="string_356" HPOS="1213" VPOS="2192" WIDTH="124" HEIGHT="49" WC="0.96" CONTENT="skälig"/><SP WIDTH="40" VPOS="2192" HPOS="1337"/>
							<String ID="string_357" HPOS="1377" VPOS="2191" WIDTH="11" HEIGHT="36" WC="0.96" CONTENT="i"/><SP WIDTH="43" VPOS="2191" HPOS="1388"/>
							<String ID="string_358" HPOS="1431" VPOS="2190" WIDTH="235" HEIGHT="38" WC="0.95" CONTENT="förhållande"/><SP WIDTH="46" VPOS="2190" HPOS="1666"/>
							<String ID="string_359" HPOS="1712" VPOS="2189" WIDTH="58" HEIGHT="37" WC="0.78" CONTENT="till"/>
						</TextLine>
						<TextLine ID="line_39" HPOS="176" VPOS="2245" WIDTH="692" HEIGHT="53">
							<String ID="string_360" HPOS="176" VPOS="2247" WIDTH="254" HEIGHT="51" WC="0.96" CONTENT="byggnadens"/><SP WIDTH="28" VPOS="2247" HPOS="430"/>
							<String ID="string_361" HPOS="458" VPOS="2245" WIDTH="254" HEIGHT="50" WC="0.96" CONTENT="uppskattade"/><SP WIDTH="28" VPOS="2245" HPOS="712"/>
							<String ID="string_362" HPOS="740" VPOS="2245" WIDTH="128" HEIGHT="36" WC="0.96" CONTENT="värde."/>
						</TextLine>
					</TextBlock>
					<TextBlock ID="block_4" HPOS="176" VPOS="2293" WIDTH="1594" HEIGHT="107">
						<TextLine ID="line_40" HPOS="278" VPOS="2293" WIDTH="1492" HEIGHT="54">
							<String ID="string_363" HPOS="278" VPOS="2300" WIDTH="55" HEIGHT="36" WC="0.96" CONTENT="De"/><SP WIDTH="42" VPOS="2300" HPOS="333"/>
							<String ID="string_364" HPOS="375" VPOS="2298" WIDTH="239" HEIGHT="49" WC="0.96" CONTENT="sakkunniga"/><SP WIDTH="42" VPOS="2298" HPOS="614"/>
							<String ID="string_365" HPOS="656" VPOS="2297" WIDTH="96" HEIGHT="37" WC="0.96" CONTENT="hade"/><SP WIDTH="42" VPOS="2297" HPOS="752"/>
							<String ID="string_366" HPOS="794" VPOS="2297" WIDTH="84" HEIGHT="36" WC="0.96" CONTENT="icke"/><SP WIDTH="35" VPOS="2297" HPOS="878"/>
							<String ID="string_367" HPOS="913" VPOS="2296" WIDTH="119" HEIGHT="37" WC="0.95" CONTENT="heller"/><SP WIDTH="26" VPOS="2296" HPOS="1032"/>
							<String ID="string_368" HPOS="1058" VPOS="2299" WIDTH="119" HEIGHT="46" WC="0.95" CONTENT="något"/><SP WIDTH="28" VPOS="2299" HPOS="1177"/>
							<String ID="string_369" HPOS="1205" VPOS="2301" WIDTH="55" HEIGHT="32" WC="0.96" CONTENT="att"/><SP WIDTH="28" VPOS="2301" HPOS="1260"/>
							<String ID="string_370" HPOS="1288" VPOS="2295" WIDTH="165" HEIGHT="37" WC="0.96" CONTENT="invända"/><SP WIDTH="28" VPOS="2295" HPOS="1453"/>
							<String ID="string_371" HPOS="1481" VPOS="2300" WIDTH="79" HEIGHT="31" WC="0.93" CONTENT="mot"/><SP WIDTH="28" VPOS="2300" HPOS="1560"/>
							<String ID="string_372" HPOS="1588" VPOS="2293" WIDTH="182" HEIGHT="38" WC="0.91" CONTENT="fortifika-"/>
						</TextLine>
						<TextLine ID="line_41" HPOS="176" VPOS="2346" WIDTH="1594" HEIGHT="54">
							<String ID="string_373" HPOS="176" VPOS="2351" WIDTH="426" HEIGHT="49" WC="0.91" CONTENT="tionsdepartementets"/><SP WIDTH="42" VPOS="2351" HPOS="602"/>
							<String ID="string_374" HPOS="644" VPOS="2349" WIDTH="156" HEIGHT="49" WC="0.96" CONTENT="förslag,"/><SP WIDTH="43" VPOS="2349" HPOS="800"/>
							<String ID="string_375" HPOS="843" VPOS="2353" WIDTH="56" HEIGHT="33" WC="0.96" CONTENT="att"/><SP WIDTH="41" VPOS="2353" HPOS="899"/>
							<String ID="string_376" HPOS="940" VPOS="2349" WIDTH="46" HEIGHT="36" WC="0.96" CONTENT="de"/><SP WIDTH="42" VPOS="2349" HPOS="986"/>
							<String ID="string_377" HPOS="1028" VPOS="2348" WIDTH="58" HEIGHT="37" WC="0.96" CONTENT="för"/><SP WIDTH="41" VPOS="2348" HPOS="1086"/>
							<String ID="string_378" HPOS="1127" VPOS="2348" WIDTH="293" HEIGHT="49" WC="0.96" CONTENT="ifrågavarande"/><SP WIDTH="33" VPOS="2348" HPOS="1420"/>
							<String ID="string_379" HPOS="1453" VPOS="2346" WIDTH="173" HEIGHT="38" WC="0.93" CONTENT="ändamål"/><SP WIDTH="29" VPOS="2346" HPOS="1626"/>
							<String ID="string_380" HPOS="1655" VPOS="2346" WIDTH="115" HEIGHT="36" WC="0.92" CONTENT="erfor-"/>
						</TextLine>
					</TextBlock>
				</ComposedBlock>
			</PrintSpace>
		</Page>
	</Layout>
</alto>
