1866 2782
257 166 18 29 [Ce

650 168 122 29 Första
792 168 246 39 lagulskottets
1058 168 178 30 utlåtande
1256 178 44 20 nr
1320 169 50 30 21.

306 250 347 39 Missionsstyrelsen,
676 261 75 20 som
773 252 125 29 verkar
921 252 54 29 för
998 252 168 39 evangelii
1190 252 182 40 spridning
1394 253 106 29 bland
1523 253 76 29 icke
1621 253 137 29 kristna

262 300 85 34 folk,
365 300 157 30 bedriver
540 302 223 29 verksamhet
780 302 46 39 på
843 302 70 29 fem
931 302 75 29 fält.
1026 302 48 30 På
1091 303 100 29 dessa
1208 303 65 29 fält
1290 303 107 30 verka
1414 313 42 19 en
1475 303 135 39 biskop,
1629 305 48 28 ett
1694 312 65 31 par

261 352 149 38 prostar,
433 352 47 28 ett
501 351 117 29 flertal
642 352 135 39 präster
799 352 65 29 och
886 352 176 39 åtskilliga
1084 353 109 29 andra
1215 352 326 30 missionsarbetare
1563 354 79 29 med
1665 353 93 30 olika

259 400 296 30 kvalifikationer.
586 402 13 29 I
627 401 355 40 missionsstyrelsens
1013 402 113 39 tjänst
1153 402 116 30 finnes
1298 403 11 29 i
1338 403 201 30 hemlandet
1569 404 48 28 ett
1645 403 116 30 flertal

262 451 223 30 sekreterare.
504 452 76 29 Den
598 452 144 30 främste
761 462 43 20 av
821 453 100 29 dessa
939 453 62 29 bär
1019 453 101 29 titeln
1138 453 322 30 missionsdirektor
1480 454 65 29 och
1565 454 89 29 skall
1673 463 84 20 vara

261 502 98 39 präst
384 501 11 29 i
420 502 148 29 svenska
592 502 147 39 kyrkan.
765 503 111 29 Medel
901 503 51 29 till
977 504 268 29 verksamheten
1271 504 148 29 erhålles
1445 504 46 39 på
1514 503 144 39 frivillig
1682 506 74 37 väg.

304 551 155 30 Svenska
478 552 157 39 kyrkans
653 552 288 39 diakonistyrelse
961 554 38 28 är
1018 563 43 19 en
1079 554 130 29 central
1228 555 55 28 för
1302 554 143 38 frivillig
1463 554 223 29 verksamhet
1707 554 51 28 in-

261 611 58 20 om
340 602 146 39 kyrkan.
509 602 76 29 Den
606 603 63 29 har
689 602 52 30 till
763 603 139 39 uppgift
923 605 50 28 att
993 604 108 29 verka
1121 604 55 29 för
1198 613 42 20 en
1263 603 115 30 rikare
1399 604 202 39 utveckling
1623 614 42 20 av
1686 604 71 30 för-

261 652 250 39 samlingslivet
531 653 66 29 och
617 653 65 29 den
701 653 161 39 kristliga
886 646 407 37 kärleksverksamheten
1313 654 95 29 inom
1429 655 149 38 kyrkan.
1603 655 12 28 I
1638 655 119 38 styrel-

259 710 79 20 sens
362 702 106 36 tjänst
494 703 60 29 äro
582 702 86 30 flera
692 703 210 30 sekreterare
926 703 182 35 anställda,
1132 712 105 22 varav
1261 713 44 20 en
1328 704 107 30 förste
1461 704 220 34 sekreterare,
1705 704 57 30 be-

259 753 134 29 nämnd
418 753 165 29 direktor.
609 754 118 29 Denne
753 754 90 29 skall
866 764 83 20 vara
973 755 99 39 präst
1095 754 12 29 i
1132 755 148 29 svenska
1306 755 147 39 kyrkan.
1481 755 275 29 Verksamheten

260 803 212 30 finansieras
492 811 124 31 genom
634 803 165 40 frivilliga
820 804 104 39 gåvor
942 805 65 29 och
1026 806 49 28 ett
1093 804 101 39 årligt
1212 805 123 38 anslag
1352 814 43 20 ur
1413 805 256 39 kyrkofonden.
1690 806 68 29 Un-

260 854 62 29 der
343 854 167 38 styrelsen
530 855 152 28 sorterar
701 855 88 30 även
809 855 152 30 Svenska
981 855 158 39 kyrkans
1158 855 289 30 lekmannaskola
1466 855 12 29 i
1499 855 154 39 Sigtuna.
1675 855 83 30 Sko-

260 904 77 29 lans
355 903 240 31 föreståndare
613 904 87 29 skall
715 914 86 20 vara
816 905 97 39 präst
928 904 11 29 i
957 905 150 30 svenska
1122 905 148 39 kyrkan.

304 954 155 30 Svenska
486 954 157 39 kyrkans
669 954 424 40 sjömansvårdsstyrelse,
1121 964 74 21 som
1223 956 65 29 har
1315 956 142 39 skapats
1486 963 124 31 genom
1636 965 42 20 en
1703 957 55 28 ut-

256 1003 166 41 brytning
442 1004 80 30 från
545 1004 349 40 missionsstyrelsen,
915 1005 125 30 utövar
1062 1005 148 30 svenska
1231 1005 157 39 kyrkans
1409 1005 225 30 verksamhet
1655 1005 105 30 bland

260 1054 140 39 sjömän
418 1055 63 29 och
500 1055 111 29 andra
629 1055 186 30 landsmän
832 1055 11 29 i
862 1056 158 29 utlandet
1038 1073 45 4 —
1100 1055 75 30 däri
1193 1056 89 30 dock
1301 1056 30 39 ej
1353 1056 194 40 inbegripet
1565 1056 130 30 vården
1713 1065 44 20 av

256 1104 42 29 de
318 1105 149 29 svenska
485 1105 296 39 församlingarna
798 1106 12 29 i
829 1106 169 29 utlandet.
1017 1106 277 30 Verksamheten
1315 1106 212 30 finansieras
1546 1106 214 39 väsentligen

259 1162 124 32 genom
401 1155 165 40 frivilliga
583 1156 122 30 medel.
724 1156 99 30 Dock
840 1156 150 30 erhåller
1005 1157 441 40 sjömansvårdsstyrelsen
1464 1157 82 31 från
1565 1157 191 40 kyrkofon-

256 1205 68 29 den
343 1205 121 40 bidrag
483 1205 53 30 till
557 1206 209 30 avlönandet
785 1215 44 22 av
847 1206 58 31 nio
925 1206 319 41 sjömanspastorer
1263 1207 65 30 och
1347 1216 44 20 en
1408 1208 99 39 präst
1527 1207 12 29 i
1559 1207 201 39 Argentina.

304 1256 13 29 I
335 1256 203 40 anslutning
555 1256 53 30 till
625 1257 138 39 kyrkan
782 1257 120 30 arbeta
919 1258 88 29 även
1025 1257 72 30 fem
1115 1257 323 37 diakonianstalter,
1457 1258 178 39 nämligen
1654 1258 102 30 Ersta

258 1306 313 31 diakonissanstalt
598 1306 12 30 i
638 1307 212 34 Stockholm,
879 1307 344 30 Samariterhemmet
1251 1307 11 29 i
1290 1308 162 39 Uppsala,
1484 1308 126 30 Vårsta
1637 1308 120 29 diako-

259 1357 207 30 nissanstalt
488 1357 12 29 i
523 1357 219 34 Härnösand,
766 1357 189 40 Göteborgs
978 1357 314 30 diakonissanstalt
1316 1360 65 28 och
1405 1357 308 31 diakonanstalten
1736 1359 21 29 å

259 1407 102 30 Stora
383 1407 152 30 Sköndal
556 1407 59 31 vid
638 1407 211 31 Stockholm.
872 1408 109 29 Dessa
1004 1408 187 30 anstalters
1213 1408 223 30 verksamhet
1459 1408 212 30 finansieras
1692 1408 65 30 hu-

257 1457 231 39 vudsakligen
515 1465 124 31 genom
665 1457 166 40 frivilliga
858 1458 122 29 medel.
1008 1458 244 30 Anstalternas
1279 1458 242 30 föreståndare
1549 1459 98 29 skola
1672 1467 84 21 vara

257 1508 138 39 präster
420 1507 12 29 i
457 1508 150 30 svenska
631 1508 148 39 kyrkan.

303 1557 270 30 Diakoniarbete
601 1557 133 30 utföres
762 1559 88 29 även
877 1568 41 20 av
944 1558 223 30 Stockholms
1194 1558 256 30 stadsmission.
1480 1559 275 29 Verksamheten

256 1607 211 30 finansieras
482 1607 215 39 väsentligen
715 1615 124 32 genom
854 1607 165 40 frivilliga
1034 1608 123 30 medel.
1172 1608 275 31 Föreståndaren
1464 1609 89 30 skall
1567 1618 83 21 vara
1664 1609 96 37 präst

256 1658 10 28 i
291 1658 147 29 svenska
459 1658 148 37 kyrkan.

306 1758 165 40 Samtliga
497 1759 65 30 här
589 1759 153 30 nämnda
769 1759 194 30 direktorer
991 1760 65 29 och
1084 1759 240 30 föreståndare
1353 1761 63 38 äga
1442 1761 70 29 rätt
1539 1762 51 28 att
1616 1760 139 39 åtnjuta

257 1809 186 39 prästerlig
460 1809 367 39 tjänstårsberäkning
848 1811 88 28 samt
956 1810 61 29 äro
1036 1809 213 39 berättigade
1269 1809 53 31 till
1341 1810 207 29 emeritilön.

584 1968 277 35 Prästerskapets
878 1968 427 35 avlöningsförhållanden
1323 1978 44 20 m.
1384 1978 45 19 m.

303 2060 179 29 Alltsedan
497 2060 210 30 medeltiden
723 2060 65 30 och
802 2060 37 29 in
854 2061 10 28 i
881 2070 120 20 senare
1016 2060 52 31 tid
1082 2061 65 29 har
1163 2062 271 39 prästerskapet,
1451 2062 32 29 d.
1499 2071 31 20 v.
1548 2071 25 20 s.
1589 2061 166 40 biskopar

258 2110 66 30 och
351 2110 371 40 församlingspräster,
752 2111 169 33 avlönats,
948 2111 157 29 förutom
1133 2119 123 31 genom
1283 2111 194 40 upplåtelse
1504 2121 44 20 av
1573 2111 181 33 boställen,

257 2161 80 29 med
362 2160 114 30 tionde
498 2161 65 29 och
585 2160 92 30 vissa
698 2161 111 29 andra
831 2161 156 38 avgifter.
1010 2161 50 30 De
1084 2161 147 30 sålunda
1253 2161 172 39 utgående
1447 2162 306 30 löneförmånerna

257 2211 145 30 växlade
423 2211 168 39 betydligt
612 2211 150 29 alltefter
783 2211 314 38 församlingarnas
1119 2211 182 39 bördighet
1325 2212 64 29 och
1411 2211 88 30 efter
1522 2211 233 31 skördeutfal-

258 2261 56 29 let.
334 2261 48 29 På
399 2261 176 39 åtskilliga
593 2261 123 29 ställen
733 2270 84 20 voro
835 2261 143 30 lönerna
996 2261 119 30 alltför
1133 2261 109 39 ringa,
1260 2262 127 29 medan
1406 2262 41 29 de
1465 2262 46 40 på
1531 2263 110 30 andra
1661 2264 94 36 stego

257 2312 53 28 till
330 2311 152 39 betydlig
503 2311 141 32 storlek.
666 2311 13 29 I
701 2311 90 39 syfte
813 2313 50 28 att
884 2311 244 30 åstadkomma
1150 2321 42 20 en
1213 2312 202 39 utjämning
1436 2322 43 20 av
1500 2312 254 39 avlöningsför-

256 2362 211 30 hållandena
484 2361 88 30 fann
591 2371 83 21 man
692 2361 51 39 sig
759 2361 58 31 vid
838 2361 202 30 1800-talets
1058 2361 80 30 mitt
1155 2362 84 30 böra
1259 2362 151 39 avskilja
1427 2363 94 30 vissa
1541 2362 213 38 överflödiga

257 2412 195 30 inkomster
472 2412 81 29 från
574 2412 41 29 de
636 2411 149 40 tjänster
805 2412 79 29 med
904 2412 95 30 vilka
1019 2412 42 29 de
1081 2421 82 20 voro
1183 2412 167 30 förenade
1371 2412 54 30 för
1447 2415 50 28 att
1518 2414 121 29 kunna
1659 2414 95 28 över-

254 2462 105 38 flytta
379 2463 77 29 dem
476 2462 52 29 till
549 2462 119 29 andra.
688 2462 131 29 Härom
842 2462 203 29 utfärdades
1067 2462 38 30 år
1126 2461 82 31 1862
1229 2472 43 20 en
1291 2462 145 40 kunglig
1455 2463 216 39 förordning.
1692 2463 65 30 Vid
