1862 2780
248 162 17 29 8
644 163 121 28 Första
786 162 244 39 lagutskottets
1051 161 178 30 utlåtande
1251 171 42 19 nr
1313 162 49 29 21.

496 271 160 34 Tidigare
673 271 295 35 framställningar
987 280 54 20 om
1064 271 119 35 bidrag
1201 280 39 19 ur
1258 271 253 34 kyrkofonden.

297 356 180 29 Alltsedan
501 356 83 29 1920
608 356 44 29 ha
675 356 300 40 framställningar
998 356 110 40 gjorts
1131 357 63 29 hos
1216 356 126 39 Kungl.
1365 356 105 39 Maj:t
1492 366 56 20 om
1571 356 121 39 bidrag
1714 366 41 19 ur

254 406 243 39 kyrkofonden
516 407 53 28 till
589 407 161 38 avlöning
770 407 35 29 åt
824 407 94 29 vissa
937 407 80 29 eller
1037 407 68 29 alla
1125 416 46 20 nu
1191 407 266 38 ifrågavarande
1477 407 194 29 direktorer
1691 407 64 29 och

257 457 248 30 föreståndare.
529 457 68 29 För
621 458 41 28 de
684 458 110 28 under
818 466 122 20 senare
963 457 37 29 år
1024 457 122 39 gjorda
1171 457 348 39 framställningarna
1541 458 183 37 redogöres
1748 457 10 29 i

253 508 41 29 de
313 508 65 29 här
397 508 111 29 nedan
527 507 146 39 intagna
688 508 221 38 yttrandena.

907 614 198 29 Yttranden.

299 700 176 30 Uiskottet
495 700 64 30 har
581 700 11 29 i
614 701 65 28 den
701 699 151 40 ordning
874 698 15 37 $
912 698 40 30 46
973 699 358 39 riksdagsordningen
1352 699 211 30 föreskriver
1585 699 173 29 inhämtat

255 751 163 38 yttrande
442 752 78 28 över
545 750 178 29 motionen
747 749 81 30 från
853 750 334 38 kammarkollegiet,
1213 750 251 29 statskontoret
1489 752 91 28 samt
1605 749 152 30 Svenska

256 801 157 39 kyrkans
436 801 311 38 missionsstyrelse
770 800 65 29 och
859 800 299 39 diakonistyrelse.

299 849 335 38 Kammarkollegiet
652 850 126 38 yttrar:

301 908 33 29 »I
361 908 184 37 anledning
570 917 44 20 av
638 916 42 21 en
705 907 58 30 vid
790 906 80 30 1946
895 907 55 29 års
976 907 205 36 kyrkomöte
1205 907 102 29 väckt
1332 907 131 29 motion
1489 906 118 30 anhöll
1632 907 127 36 kyrko-

255 953 109 29 mötet
387 952 12 29 i
423 952 165 29 skrivelse
612 952 52 29 till
688 951 125 39 Kungl.
839 951 105 39 Maj:t
967 952 67 29 den
1058 951 18 29 5
1102 951 180 30 december
1309 950 94 34 1946,
1428 952 51 28 att
1502 950 126 39 Kungl.
1653 950 105 39 Maj:t

256 994 109 30 måtte
380 995 180 39 uppdraga
577 994 35 29 åt
629 995 66 29 den
712 993 43 31 då
772 994 188 29 arbetande
980 992 83 30 1946
1080 993 57 30 års
1154 992 364 40 prästlönekommitté
1535 995 51 27 att
1603 993 156 39 uppgöra

256 1037 133 39 förslag
409 1037 51 29 till
480 1037 164 38 löneplan
664 1036 54 29 för
737 1036 11 29 i
769 1035 413 30 diakoniverksamheten
1202 1036 175 29 anställda
1397 1036 181 38 prästmän
1599 1037 92 28 samt
1709 1036 51 28 att

256 1078 127 40 Kungl.
402 1078 103 39 Maj:t
523 1079 81 29 med
622 1077 140 39 ledning
779 1078 109 29 därav
904 1077 106 29 måtte
1028 1077 195 39 framlägga
1239 1077 133 39 förslag
1389 1086 56 20 om
1462 1079 50 28 att
1530 1077 102 30 dessa
1648 1078 112 38 präst-

256 1122 83 28 män
361 1121 99 29 skola
479 1121 143 29 avlönas
644 1119 79 30 från
743 1119 256 39 kyrkofonden.

301 1163 13 29 I
336 1165 49 27 ett
406 1171 42 21 av
469 1161 324 40 kammarkollegiet
814 1162 68 29 den
903 1161 19 29 6
943 1161 186 30 november
1153 1160 83 30 1948
1257 1161 148 29 häröver
1426 1161 134 38 avgivet
1579 1160 181 31 utlåtande

255 1205 208 29 hertaställde
484 1204 172 39 kollegiet,
677 1206 49 28 att
746 1203 307 40 framställningen
1072 1203 76 29 icke
1169 1203 107 30 måtte
1297 1203 181 30 föranleda
1499 1203 114 39 någon
1634 1203 125 39 Kungl.

256 1245 126 39 Maj:ts
403 1245 116 30 vidare
538 1244 154 39 åtgärd.»

302 1312 225 31 Sistnämnda
546 1312 164 40 yttrande
730 1321 61 21 var
814 1321 43 20 av
877 1311 156 39 följande
1055 1311 144 39 lydelse:

303 1372 268 39 >Kyrkomötets
595 1371 256 37 framställning
875 1370 117 30 vidrör
1014 1379 43 21 en
1080 1370 98 37 fråga
1202 1380 41 19 av
1267 1372 71 27 stor
1361 1369 193 37 principiell
1577 1369 183 37 betydelse,

257 1416 177 39 nämligen
455 1416 10 29 i
486 1416 65 29 vad
574 1415 83 30 mån
679 1423 122 31 genom
823 1414 245 39 kyrkofonden
1089 1431 45 3 —
1153 1415 11 28 i
1185 1414 181 30 realiteten
1388 1422 122 31 genom
1532 1414 228 29 skattemedel

263 1457 84 32 (den
373 1458 177 30 allmänna
577 1457 286 39 kyrkoavgiften)
893 1474 45 3 —
960 1457 84 29 böra
1070 1456 171 30 bestridas
1268 1457 189 28 kostnader
1483 1456 56 29 för
1565 1455 109 31 sådan
1701 1454 60 31 fri-

256 1500 97 39 villig
370 1500 137 39 kyrklig
525 1500 66 29 och
609 1499 153 40 kyrkligt
780 1499 108 30 social
904 1499 233 33 verksamhet,
1156 1508 73 20 som
1247 1498 192 30 innefattas
1457 1498 11 29 i
1485 1498 186 39 begreppet
1689 1497 72 30 dia-

257 1543 95 29 kori.
370 1542 101 30 Detta
487 1542 112 29 måste
616 1542 55 29 för
687 1541 219 30 närvarande
922 1541 186 29 betecknas
1127 1540 114 30 såsom
1259 1550 42 20 en
1320 1540 55 29 för
1391 1540 246 38 kyrkofonden
1654 1540 107 29 främ-

256 1585 129 29 mande
409 1584 146 40 uppgift.
581 1584 65 29 Det
671 1585 37 29 är
731 1583 204 39 visserligen
958 1585 88 32 sant,
1072 1584 51 28 att
1147 1591 122 30 genom
1294 1583 100 38 lagen
1417 1583 67 29 den
1507 1581 41 30 28
1571 1581 80 39 juni
1677 1581 82 30 1935

263 1626 58 34 (nr
343 1625 82 35 445)
451 1626 183 39 möjlighet
655 1626 149 39 öppnats
826 1627 52 28 att
898 1625 125 30 bereda
1044 1624 94 30 vissa
1159 1625 182 39 prästmän
1362 1624 11 29 i
1395 1625 145 29 ledande
1562 1624 166 39 ställning
1749 1624 11 29 i

257 1668 210 30 missionens
486 1668 64 29 och
570 1668 206 29 diakoniens
796 1667 122 39 tjänst,
937 1667 105 30 bland
1061 1668 108 28 annat
1188 1666 269 30 föreståndarna
1475 1666 55 30 för
1549 1665 212 40 ifrågakom-

257 1720 46 21 na
328 1710 73 30 fem
426 1710 322 33 diakonianstalter,
774 1709 235 30 emeritilöner
1034 1718 43 20 ur
1102 1708 256 39 kyrkofonden.
1384 1708 14 29 I
1424 1709 56 29 det
1506 1707 98 31 fallet
1629 1708 131 39 förelåg

257 1752 194 30 emellertid
473 1754 47 28 ett
545 1752 155 39 speciellt
723 1751 231 33 förhållande,
978 1751 11 29 i
1012 1751 57 30 det
1093 1753 50 27 att
1167 1760 42 20 en
1233 1751 324 29 tillfredsställande
1580 1750 181 39 pensione-

257 1795 78 39 ring
352 1804 43 21 av
410 1795 257 29 vederbörande
684 1793 345 39 befattningshavare
1046 1792 102 39 eljest
1165 1793 75 29 icke
1258 1794 118 37 syntes
1394 1793 120 29 kunna
1529 1793 128 30 ordnas
1675 1794 85 28 utan

257 1837 162 30 kännbar
443 1836 258 39 inskränkning
725 1836 11 29 i
761 1836 110 29 redan
896 1836 127 29 utövad
1048 1834 180 30 missions-
1253 1835 65 29 och
1344 1834 377 31 diakoniverksamhet.
1747 1834 13 29 I

257 1880 96 29 detta
379 1880 73 38 läge
476 1878 126 39 ansågs
627 1880 48 28 ett
700 1879 76 28 stöd
801 1877 82 30 från
908 1877 263 39 kyrkofondens
1197 1877 76 29 sida
1295 1876 193 34 motiverat,
1514 1886 81 20 men
1619 1876 67 30 hur
1710 1886 51 20 re-

257 1921 157 30 striktivt
433 1930 80 20 man
531 1920 170 30 bedömde
721 1920 108 29 saken
848 1919 154 39 framgår
1021 1928 43 21 av
1082 1919 403 39 departementschefens
1505 1919 180 29 uttalande
1703 1918 58 30 vid

256 1964 121 38 lagens
402 1963 262 39 framläggande
688 1962 54 29 för
765 1962 198 39 riksdagen,
987 1962 50 28 att
1061 1961 68 29 den
1153 1961 313 38 omständigheten,
1492 1962 50 28 att
1565 1960 196 30 emeritilön

258 2005 118 30 kunde
399 2005 139 29 komma
562 2007 51 27 att
635 2005 142 29 beredas
801 2005 42 28 de
865 2003 266 39 ifrågavarande
1153 2002 382 39 befattningshavarna,
1557 2002 76 30 icke
1655 2003 106 29 borde

258 2047 54 30 för
334 2047 189 30 framtiden
544 2047 123 29 kunna
688 2046 168 39 åberopas
878 2045 115 30 såsom
1013 2045 77 30 skäl
1112 2045 54 29 för
1186 2045 196 29 beredande
1404 2053 41 21 av
1465 2053 136 21 samma
1621 2044 139 31 förmån

258 2090 35 29 åt
314 2090 111 29 andra
445 2088 355 40 befattningshavare.

302 2131 145 30 Erinras
468 2131 60 29 bör
548 2131 130 33 vidare,
700 2132 50 28 att
771 2130 109 29 sedan
903 2128 80 30 1941
1006 2129 57 30 års
1085 2129 207 38 kyrkomöte
1313 2128 11 29 i
1345 2128 218 40 underdånig
1584 2129 176 33 skrivelse,

258 2182 42 20 nr
324 2172 51 34 19,
398 2171 145 31 anhållit
566 2181 57 20 om
646 2170 187 39 utredning
855 2170 73 29 dels
950 2179 42 20 av
1015 2169 136 39 frågan,
1172 2169 11 29 i
1205 2170 66 28 vad
1295 2169 84 29 mån
1401 2168 360 30 diakonianstalterna

258 2218 140 28 snarast
423 2215 136 39 möjligt
584 2214 108 30 måtte
717 2215 122 29 kunna
865 2214 55 29 för
945 2213 163 39 avlöning
1134 2222 42 21 av
1201 2213 75 29 sina
1302 2212 206 40 prästerliga
1531 2213 230 38 befattnings-

258 2259 130 29 havare
407 2258 229 29 tillerkännas
655 2257 121 38 bidrag
795 2265 42 20 ur
857 2255 255 39 kyrkofonden,
1133 2256 72 29 dels
1226 2255 64 29 ock
1309 2263 43 21 av
1371 2254 133 40 frågan,
1524 2264 57 20 om
1600 2255 93 29 vilka
1712 2254 50 30 åt-

259 2302 125 37 gärder
408 2309 73 20 som
506 2300 107 29 borde
639 2299 156 38 vidtagas
821 2298 55 29 för
902 2299 49 28 att
976 2297 233 39 åvägabringa
1233 2307 42 19 en
1301 2296 220 30 diakonatets
1547 2297 130 30 fastare
1702 2306 60 20 an-

258 2342 175 40 knytning
454 2341 51 30 till
529 2342 68 29 den
621 2340 159 39 kyrkliga
805 2339 293 39 organisationen,
1122 2339 57 30 vid
1203 2339 57 30 det
1283 2338 80 30 med
1386 2339 188 39 anledning
1596 2339 108 29 härav
1726 2338 36 30 åt

258 2385 203 39 professorn
479 2384 89 29 Dick
586 2383 172 29 Helander
778 2382 103 39 givna
900 2382 63 29 och
983 2390 42 21 av
1042 2382 113 28 denne
1174 2381 191 39 fullgjorda
1384 2381 193 39 uppdraget
1596 2382 50 29 att
1663 2381 99 29 verk-

259 2427 102 29 ställa
379 2426 187 39 utredning
582 2425 147 30 rörande
747 2424 236 30 förhållandet
999 2423 129 29 mellan
1146 2423 111 39 kyrka
1275 2422 64 30 och
1357 2422 141 30 diakoni
1515 2423 11 29 i
1544 2423 136 39 Sverige
1697 2423 64 29 och

259 2471 51 28 att
326 2469 193 39 framlägga
536 2468 132 38 förslag
685 2467 51 30 till
753 2465 298 40 omorganisation
1068 2474 44 21 av
1128 2465 197 34 diakonien,
1343 2464 11 29 i
1372 2465 40 29 de
1430 2464 78 30 från
1525 2465 236 30 ecklesiastik-
