1912 2820
553 169 318 31 Bankoutskottets
896 170 186 31 memorial
1105 169 52 31 Nr
1181 171 29 29 2.
1565 170 17 29 9

166 254 242 37 Fullmäktige
432 254 92 31 hava
540 253 111 32 under
667 255 39 29 år
730 254 83 30 1926
831 253 77 32 med
924 254 143 31 filosofie
1087 254 124 31 doktor
1227 254 96 31 Arne
1339 254 148 31 Forssell
1504 255 121 30 träffat

122 307 111 36 avtal,
268 306 207 37 varigenom
511 305 111 32 denne
655 306 114 36 åtagit
804 306 56 36 sig
894 307 52 30 att
980 306 111 31 under
1114 307 117 36 loppet
1255 316 43 21 av
1323 306 239 32 innevarande
1585 308 40 30 år

123 359 160 36 fullfölja
317 359 64 31 och
415 358 141 31 avsluta
590 358 241 36 utgivningen
865 368 46 20 av
946 358 246 36 ifrågavarade
1227 359 96 31 verk.
1369 359 255 36 Ersättningen

123 411 121 31 härför
267 411 93 31 skall
383 411 88 36 utgå
494 410 88 31 efter
607 420 135 20 samma
766 410 115 35 grund
904 420 75 21 som
1002 410 58 31 till
1085 410 279 31 riksarkivarien
1387 410 136 36 Clason,
1539 411 86 30 eller

123 462 78 31 med
236 463 40 30 90
311 462 129 31 kronor
474 462 54 30 för
563 461 98 36 varje
696 462 119 35 tryckt
841 462 75 35 ark,
940 462 122 30 vartill
1087 462 225 36 manuskript
1337 462 217 35 utredigeras
1577 472 46 21 av

122 514 124 31 doktor
269 513 151 31 Forssell
437 513 234 36 personligen.
709 512 50 31 De
776 512 241 37 föreliggande
1033 513 230 31 korrekturen
1279 513 63 32 och
1358 513 266 36 manuskripten

122 566 58 31 till
215 565 124 37 övriga
363 565 32 37 ej
424 564 245 37 tryckfärdiga
691 565 66 30 ark
782 565 138 30 komma
944 566 53 30 att
1020 565 292 36 korrekturläsas,
1338 575 84 26 resp.
1448 565 176 31 revideras

123 618 63 31 och
210 617 281 32 korrekturläsas
515 627 44 20 av
584 617 127 31 honom
732 618 95 30 emot
851 617 48 31 ett
923 617 180 31 reducerat
1126 617 140 31 arvode.

164 669 217 37 Uppgörelse
406 679 56 21 om
485 669 150 30 honorar
658 668 54 31 för
735 668 58 31 det
816 670 128 34 arbete,
968 669 281 31 riksarkivarien
1272 668 126 32 Clason
1419 670 112 30 utfört
1548 669 77 31 med

122 720 171 32 avseende
317 722 21 29 å
362 721 135 35 verket,
521 720 63 31 har
607 730 45 20 av
676 720 228 36 fullmäktige
928 720 138 31 träffats
1090 720 76 31 med
1191 721 88 30 hans
1302 721 172 31 sterbhus.

127 842 195 37 Utgivning
351 852 45 21 av
420 843 50 30 ett
493 841 185 32 historiskt
701 841 65 32 och
789 841 351 37 statsvetenskapligt
1162 842 120 31 arbete
1305 852 57 21 om
1386 843 66 30 den
1474 843 150 31 svenska

776 893 197 37 riksdagen.

165 981 83 30 1926
283 982 56 29 års
374 980 145 36 riksdag
554 980 159 36 uppdrog
748 981 36 29 åt
818 980 226 36 fullmäktige
1079 982 52 29 att
1166 981 12 30 i
1203 981 238 36 huvudsaklig
1465 983 158 29 överens-

121 1032 200 31 stämmelse
355 1032 79 32 med
468 1041 42 21 en
535 1032 11 30 i
574 1031 308 32 bankoutskottets
906 1031 181 31 utlåtande
1111 1042 43 20 nr
1178 1032 40 31 23
1242 1032 219 36 omförmäld,
1485 1042 44 20 av
1554 1032 71 31 till-

122 1083 140 31 kallade
296 1083 269 31 kommitterade
600 1082 174 37 uppgjord
803 1082 85 36 plan
911 1083 75 30 låta
1009 1084 125 35 utgiva
1158 1085 50 29 ett
1232 1084 182 30 historiskt
1437 1084 64 30 och
1524 1086 100 29 stats-

122 1135 261 37 vetenskapligt
417 1135 117 31 arbete
568 1144 55 21 om
659 1134 66 31 den
752 1135 152 30 svenska
927 1134 197 36 riksdagen,
1149 1137 91 28 samt
1265 1135 251 37 bemyndigade
1541 1135 82 31 full-

122 1187 156 36 mäktige
301 1188 53 30 att
377 1197 45 21 av
447 1186 313 36 förslagsanslaget
784 1186 58 31 till
867 1186 175 36 riksdags-
1066 1187 64 31 och
1152 1187 363 31 revisionskostnader
1531 1189 92 29 samt

123 1239 188 32 kostnader
338 1239 55 31 för
417 1238 210 36 riksdagens
650 1238 65 31 hus
740 1238 12 30 i
776 1239 84 29 mån
884 1248 44 20 av
952 1238 109 31 behov
1086 1239 54 30 för
1164 1239 271 36 ifrågavarande
1458 1239 164 31 ändamål

122 1291 165 31 använda
310 1292 51 30 ett
385 1290 123 37 belopp
531 1300 45 20 av
601 1291 139 35 240,000
764 1290 139 31 kronor.

165 1343 81 31 Med
280 1342 193 37 anledning
508 1342 109 31 härav
652 1342 93 31 hava
779 1342 240 36 fullmäktige,
1055 1343 11 29 i
1094 1343 158 35 enlighet
1276 1342 77 31 med
1377 1343 245 31 ovannämnda

121 1394 289 32 kommitterades
444 1394 145 36 förslag,
624 1394 131 31 tillsatt
787 1403 44 21 en
864 1393 388 32 redaktionskommitté
1276 1395 53 30 för
1353 1395 270 36 ifrågavarande

122 1447 86 30 verk
232 1447 91 30 samt
346 1446 60 31 till
429 1445 191 31 ledamöter
645 1446 12 30 i
674 1445 202 31 densamma
893 1446 109 30 utsett
1018 1445 246 36 fullmäktiges
1280 1446 208 31 ordförande
1504 1446 49 30 fil.
1570 1446 51 31 dr.

122 1497 44 31 K.
201 1497 232 36 Hildebrand,
468 1497 24 31 f.
528 1497 31 31 d.
584 1497 513 35 generalkrigskommissarien
1120 1497 42 30 V.
1186 1497 134 36 Rydén,
1344 1498 279 30 riksarkivarien

121 1549 45 31 H.
190 1550 182 35 Almquist
397 1549 64 31 och
484 1549 199 36 professorn
707 1549 42 30 A.
774 1548 204 31 Brusewitz.
1025 1548 223 32 Kommittén
1271 1549 64 31 har
1359 1550 12 30 i
1394 1550 56 30 sin
1473 1550 149 35 ordning

121 1601 192 37 uppdragit
347 1602 36 30 åt
419 1600 306 37 landshövdingen
749 1599 42 32 N.
815 1600 98 31 Edén
936 1601 52 30 att
1012 1602 107 29 utöva
1143 1600 66 31 den
1234 1603 175 29 närmaste
1432 1601 191 36 ledningen

121 1663 44 20 av
190 1653 145 31 arbetet.

164 1704 50 31 På
248 1705 70 31 sätt
352 1705 12 30 i
399 1705 304 30 bankoutskottets
738 1704 233 31 omförmälda
1005 1704 182 31 utlåtande
1222 1704 211 36 förutsättes,
1465 1704 156 31 kommer

121 1756 416 31 redaktionskommittén
560 1757 53 30 att
635 1756 59 30 till
718 1755 227 37 fullmäktige
969 1756 132 36 avgiva
1124 1765 44 21 en
1192 1756 184 31 berättelse
1400 1756 53 30 för
1469 1757 40 29 år
1527 1757 93 34 1926,

121 1808 123 31 vilken
265 1808 197 31 sedermera
487 1808 90 30 skall
602 1807 185 31 tillställas
811 1808 181 30 utskottet.

190 1928 195 37 Utgivning
408 1939 44 21 av
481 1930 274 35 personregister
780 1929 55 31 till
859 1929 122 31 Rikets
1005 1929 166 31 Ständers
1195 1930 177 35 protokoll
1395 1930 55 35 för
1473 1929 82 31 åren

764 1981 225 30 1809—1866.

163 2064 51 32 År
248 2067 84 30 1917
367 2066 158 36 uppdrog
550 2065 191 37 riksdagen
764 2067 36 29 åt
823 2066 227 36 fullmäktige
1074 2068 52 29 att
1149 2067 74 30 låta
1247 2068 159 30 utarbeta
1430 2067 62 31 och
1514 2068 21 29 å
1559 2067 61 35 tid,

119 2128 74 21 som
209 2118 228 36 fullmäktige
454 2118 111 30 funne
581 2118 161 35 lämplig,
759 2117 58 31 till
834 2118 138 36 trycket
988 2118 161 31 befordra
1172 2120 50 29 ett
1239 2119 230 36 fullständigt
1486 2128 135 26 person-

119 2170 149 36 register
291 2170 59 30 till
374 2169 124 31 Rikets
521 2169 167 31 Ständers
712 2169 176 36 protokoll
912 2170 54 30 för
990 2170 97 31 tiden
1111 2170 224 31 1809—1866.

162 2220 122 32 Såsom
308 2221 192 31 meddelats
524 2222 12 30 i
552 2221 208 35 föregående
776 2221 203 39 berättelser
996 2221 56 31 till
1070 2222 199 36 riksdagen,
1286 2222 90 31 hava
1395 2222 226 36 fullmäktige

118 2274 141 35 antagit
293 2274 163 30 notarien
491 2274 12 30 i
538 2273 124 35 kungl.
698 2272 314 38 domänstyrelsen,
1045 2274 70 36 jur.
1139 2274 105 30 kand.
1269 2273 36 32 O.
1330 2274 46 30 M.
1400 2274 37 30 F.
1462 2274 83 30 Seth
1569 2276 52 28 att

119 2326 115 30 såsom
257 2324 117 32 ledare
397 2325 64 31 och
484 2325 170 35 ansvarig
672 2324 163 32 redaktör
853 2325 194 36 ombesörja
1063 2326 209 36 utgivandet
1288 2336 44 20 av
1349 2325 94 31 detta
1464 2326 156 35 register.
