1924 2858
406 185 195 30 Sammansatt
622 184 101 29 banko-
747 183 49 29 och
813 183 100 35 första
936 181 167 37 lagutskotts
1125 178 147 30 utlåtande
1294 177 46 30 Nr
1364 177 26 28 I.
1611 171 41 32 30

208 264 19 32 I
246 265 63 32 vad
330 264 104 38 angår
454 264 40 31 de
514 262 189 37 framlagda
723 259 242 39 lagförslagens
985 257 147 32 innehåll
1151 257 12 31 i
1184 255 109 37 övrigt
1313 255 115 30 kunna
1447 253 33 31 vi
1501 252 27 38 ej
1549 251 103 32 heller

154 316 74 33 dela
249 316 39 32 de
307 314 276 37 betänkligheter,
604 312 179 32 utskottets
804 310 167 38 majoritet
993 308 201 33 därutinnan
1213 306 110 38 hyser.
1356 304 106 32 Dessa
1483 303 106 37 regler
1610 302 43 37 gå

154 369 37 37 ju
207 368 12 31 i
236 369 83 30 stort
335 368 65 30 sett
416 368 38 30 ut
470 366 43 37 på
530 367 49 30 att
594 364 198 37 möjliggöra
808 362 52 31 för
876 358 392 41 järnvägsaktiebolagen
1286 359 49 29 att
1352 367 117 26 genom
1487 354 89 31 vissa
1593 353 59 31 fri-

153 420 93 31 heter
264 418 56 33 vid
338 416 361 37 balansräkningarnas
718 413 215 39 uppgörande
952 411 113 37 undgå
1085 411 55 32 det
1158 409 104 37 tvång
1281 408 53 32 till
1354 406 210 37 likvidation,
1585 416 68 20 som

155 471 95 37 eljest
268 469 107 33 skulle
392 469 115 32 kunna
524 468 43 38 på
585 467 109 38 grund
713 477 41 21 av
773 463 323 38 aktiebolagslagens
1115 460 197 33 hithörande
1332 459 106 37 regler
1458 457 194 32 förefinnas.

156 521 238 38 Tillskapande
414 531 42 21 av
476 531 39 20 en
534 519 103 32 sådan
656 516 173 39 möjlighet
848 516 96 31 finna
963 515 36 31 vi
1017 516 143 30 tvärtom
1181 523 80 21 vara
1281 523 39 20 ur
1340 510 123 32 allmän
1483 507 172 40 synpunkt

156 573 276 38 behjärtansvärt.
470 570 67 32 Till
562 569 145 33 skillnad
733 568 76 32 från
832 567 66 32 vad
923 578 68 20 som
1016 565 106 38 gäller
1146 576 51 20 om
1224 561 190 38 aktiebolag
1437 561 13 31 i
1475 559 180 33 allmänhet

156 635 99 28 synes
278 623 167 38 nämligen
467 624 48 30 ett
537 618 364 42 järnvägsaktiebolags
923 617 198 37 borgenärer
1142 635 45 4 —
1208 616 107 30 staten
1338 613 79 32 eller
1440 611 152 33 enskilda
1613 630 44 4 —

158 676 104 32 sakna
285 677 91 30 snart
399 676 75 35 sagt
497 673 90 39 varje
609 672 138 32 intresse
770 682 41 20 av
834 672 50 30 att
906 674 84 27 även
1012 669 12 30 i
1048 679 38 20 en
1110 665 206 34 ekonomiskt
1340 664 135 38 mycket
1497 663 158 37 brydsam

158 727 159 32 situation
338 726 36 31 få
393 725 135 38 bolaget
547 725 12 30 i
579 722 209 33 likvidation.
822 721 101 32 Detta
943 720 12 31 i
976 720 51 31 sin
1047 722 56 28 tur
1121 718 95 32 beror
1234 717 43 38 på
1297 717 55 31 det
1371 715 54 32 för
1446 715 96 32 dessa
1558 713 99 36 bolag

159 784 140 32 säregna
324 776 220 38 förhållande,
572 777 50 30 att
650 774 94 32 deras
771 773 201 36 tillgångars
1001 768 310 34 realisationsvärde
1337 766 139 38 jämfört
1502 765 73 32 med
1603 764 55 32 det

161 830 109 37 värde,
292 828 228 38 tillgångarna
541 828 223 36 representera
784 824 105 31 under
909 823 199 38 järnvägens
1131 819 169 37 drivande,
1321 819 12 31 i
1356 818 40 32 de
1417 817 101 31 flesta
1538 815 62 32 fall
1622 820 37 26 är

161 880 235 33 försvinnande
419 879 85 32 litet.
541 878 17 31 I
581 877 259 37 borgenärernas
864 875 140 31 intresse
1028 872 107 38 ligger
1160 870 115 34 därför
1299 871 131 31 snarast
1454 870 50 30 att
1526 867 54 32 till
1605 866 54 32 det

160 935 144 36 yttersta
317 931 91 32 hålla
424 928 287 41 järnvägsdriften
726 928 13 31 i
755 927 98 37 gång.
883 924 187 37 Därvidlag
1087 921 248 34 sammanfaller
1352 920 53 31 för
1421 919 110 37 övrigt
1545 918 113 37 borge-

161 989 156 27 närernas
338 982 140 32 intresse
501 981 72 32 med
596 980 54 32 det
673 979 193 31 allmännas.
902 975 62 33 Oss
987 986 98 27 synes
1108 986 68 20 som
1200 985 51 20 om
1274 973 92 31 detta
1387 971 139 32 intresse
1548 970 43 38 på
1614 971 46 29 ett

163 1036 54 31 väl
239 1036 122 35 avvägt
383 1035 67 30 sätt
472 1032 193 37 tillgodoses
688 1030 73 31 med
784 1029 40 32 de
844 1026 246 34 bestämmelser
1111 1026 11 31 i
1144 1024 171 37 förslaget,
1338 1035 68 19 som
1429 1022 12 31 i
1465 1022 91 32 detta
1578 1032 82 20 sam-

162 1086 166 37 manhang
350 1095 103 21 avses.
488 1082 65 32 Det
574 1087 35 27 är
632 1081 117 33 därvid
772 1082 49 30 att
843 1078 125 39 märka,
991 1080 49 29 att
1063 1078 110 31 därest
1193 1076 108 37 någon
1322 1074 162 37 borgenär
1505 1072 156 38 möjligen

164 1137 108 33 skulle
298 1137 95 31 finna
418 1136 53 31 sin
497 1136 66 30 rätt
587 1133 99 32 trädd
713 1132 52 31 för
792 1135 81 27 nära
897 1141 117 27 genom
1042 1129 96 31 dessa
1161 1126 256 36 bestämmelser,
1443 1126 144 35 utvägen
1613 1125 49 29 att

161 1191 88 30 sätta
268 1187 131 37 bolaget
418 1187 13 30 i
450 1185 147 32 konkurs
619 1184 146 37 alltjämt
785 1183 68 30 står
872 1182 120 31 honom
1013 1185 114 32 öppen.
1162 1178 70 32 Och
1253 1178 109 36 någon
1382 1176 74 31 fara
1477 1177 59 36 att,
1559 1175 106 31 såsom

163 1241 77 31 från
256 1241 99 36 något
373 1239 70 31 håll
461 1239 139 36 antytts,
619 1234 257 39 ifrågavarande
894 1231 246 33 bestämmelser
1159 1229 108 33 skulle
1283 1239 81 21 vara
1381 1227 127 38 ägnade
1526 1228 49 30 att
1593 1225 75 32 föra

162 1291 297 37 fordringsägarna
481 1289 118 31 bakom
623 1288 100 37 ljuset
746 1286 73 32 med
845 1284 160 33 avseende
1028 1284 19 30 å
1071 1285 47 30 ett
1141 1282 115 36 bolags
1279 1279 153 38 verkliga
1455 1277 212 34 ekonomiska

164 1343 169 38 ställning,
354 1353 99 27 synes
472 1352 51 21 oss
540 1340 72 32 icke
629 1350 82 21 vara
728 1338 53 32 för
798 1337 141 32 handen.
970 1335 50 32 De
1038 1334 201 38 detaljerade
1257 1331 246 33 bestämmelser
1521 1330 73 32 med
1613 1341 53 20 av-

164 1396 116 31 seende
303 1396 18 30 å
345 1392 222 38 bokföringen
589 1391 124 37 jämväl
738 1390 11 31 i
773 1401 44 19 nu
842 1387 217 33 förevarande
1082 1384 194 36 hänseende,
1302 1395 69 20 som
1395 1382 162 37 förslaget
1579 1381 88 31 inne-

163 1447 115 38 håller,
300 1457 99 27 synas
423 1456 132 20 snarare
577 1444 62 30 öka
661 1443 63 31 den
744 1440 142 38 givetvis
908 1439 97 32 alltid
1025 1437 204 38 begränsade
1250 1436 215 37 möjligheten
1485 1436 50 29 att
1555 1433 114 32 enbart

165 1510 116 26 genom
298 1497 146 32 studium
464 1508 40 19 av
522 1498 46 29 ett
582 1494 115 37 bolags
714 1492 223 37 räkenskaper
954 1491 89 31 sluta
1061 1489 51 37 sig
1128 1489 54 31 till
1201 1489 72 31 dess
1290 1486 152 37 verkliga
1458 1484 212 33 ekonomiska

166 1549 169 37 ställning.

225 1601 75 32 Med
324 1601 133 36 hänsyn
482 1599 53 32 till
562 1599 54 31 det
641 1597 140 32 anförda
806 1596 59 31 och
891 1595 42 32 då
959 1594 40 32 de
1025 1592 189 38 framlagda
1240 1591 243 38 lagförslagens
1511 1588 156 38 detaljbe-

168 1652 203 33 stämmelser
391 1651 72 31 icke
485 1661 99 27 synas
604 1649 113 31 kunna
735 1647 78 38 giva
833 1644 180 38 anledning
1034 1644 53 32 till
1107 1643 163 37 befogade
1292 1640 268 38 anmärkningar,
1581 1639 36 31 få
1639 1638 33 32 vi

168 1704 185 38 hemställa,

483 1751 32 40 1)
543 1755 48 30 att
613 1751 259 38 ifrågavarande
895 1748 205 40 proposition
1124 1748 102 31 måtte
1250 1758 40 20 av
1315 1745 179 37 riksdagen
1517 1744 152 37 bifallas;

437 1807 86 30 samt

484 1853 33 40 2)
544 1858 49 29 att
611 1855 62 32 den
689 1855 13 31 i
718 1853 179 37 anledning
914 1864 41 20 av
972 1851 244 38 propositionen
1234 1849 119 32 väckta
1371 1847 165 33 motionen
1552 1858 38 20 nr
1610 1847 61 30 233

439 1908 12 31 i
490 1908 104 30 första
629 1906 192 31 kammaren
859 1904 103 31 måtte
987 1913 94 21 anses
1108 1901 160 31 besvarad
1296 1911 116 26 genom
1441 1899 61 31 den
1529 1898 10 30 i
1567 1898 105 31 första

434 1958 149 37 punkten
606 1957 118 37 gjorda
746 1954 208 32 hemställan.
