1918 2848
284 199 39 30 22
541 200 194 30 Sammansatt
758 202 98 27 banko-
880 202 49 28 och
946 202 101 35 första
1070 192 167 45 lagutskotts
1261 201 144 29 utlåtande
1427 201 49 28 Nr
1500 201 26 29 1.

284 278 59 30 och
363 277 86 31 skall
470 277 160 31 beräknas
649 277 105 37 enligt
774 278 152 37 grunder,
949 289 68 19 som
1037 277 94 31 skola
1149 277 187 32 fastställas
1357 289 40 20 av
1419 277 196 38 Konungen.
1648 277 65 32 Det
1733 279 50 30 så-

283 328 102 32 lunda
406 328 187 32 beräknade
615 328 363 38 avsättningsbeloppet
998 329 66 31 kan
1087 328 193 38 emellertid,
1304 329 69 31 helt
1394 328 80 32 eller
1496 329 115 38 delvis,
1635 329 35 32 få
1693 330 91 31 föras

284 391 67 21 som
371 380 100 32 skuld
492 380 86 31 inom
600 380 112 38 linjen,
735 379 168 38 nämligen
921 380 12 31 i
954 381 63 31 den
1036 381 75 30 mån
1133 380 193 37 avsältning
1347 381 27 37 ej
1397 380 66 31 kan
1484 381 198 32 verkställas
1702 383 81 29 utan

284 434 49 29 all
350 432 85 31 årets
455 432 207 31 verksamhet
678 432 148 31 kommer
842 434 49 29 alt
908 431 111 33 utvisa
1036 432 131 38 förlust,
1186 443 68 20 som
1272 432 27 37 ej
1317 432 66 31 kan
1398 432 115 31 täckas
1530 444 41 20 av
1586 432 195 32 balanserad

282 482 89 33 vinst
391 483 77 31 från
489 483 196 37 föregående
706 484 37 30 år
764 484 78 30 celler
864 495 40 19 av
926 483 115 38 medel,
1065 485 130 30 avsatta
1216 483 54 32 till
1292 483 160 32 framtida
1473 483 206 38 förfogande.
1715 484 67 31 Av-

284 534 148 38 sättning
450 534 54 32 till
523 535 250 37 förnyelsefond
792 539 36 27 är
843 535 36 37 ju
896 534 203 38 principiellt
1117 536 49 30 att
1182 534 154 32 betrakta
1353 546 67 20 som
1440 546 38 20 en
1496 535 209 38 driftsutgift
1723 536 59 31 och

282 585 86 32 skall
392 586 141 32 sålunda
555 591 61 32 äga
638 598 84 26 rum,
747 586 101 32 innan
870 585 185 32 årsvinsten
1077 586 172 32 beräknas.
1272 607 43 3 —
1337 586 351 39 A.vsättningsbelopp,
1714 599 67 19 som

283 637 84 32 förts
385 637 88 32 inom
494 638 111 37 linjen,
626 638 94 31 skola
737 637 181 32 emellertid
936 638 105 31 under
1058 637 66 32 viss
1143 637 243 38 förutsättning
1403 638 129 32 utföras
1551 639 104 31 såsom
1675 638 107 32 cffek-

283 688 48 31 tiv
350 689 98 32 skuld
468 690 20 30 å
507 689 301 38 förnyelsefonden,
828 689 167 37 nämligen
1015 690 109 31 därest
1144 690 160 31 avsevärd
1325 690 58 31 och
1405 690 155 37 varaktig
1580 689 204 39 förbättring

283 751 40 20 av
339 740 424 38 järnvägsförvaltningens
781 741 211 32 ckonomiska
1010 741 160 37 ställning
1187 741 109 32 skulle
1315 741 152 32 inträffa.
1497 741 18 31 I
1532 742 158 32 samband
1710 742 73 32 med

282 791 117 32 sådant
421 792 177 32 utförande
620 793 105 31 såsom
749 792 144 32 effektiv
914 793 98 31 skuld
1036 804 39 20 av
1097 792 88 32 inom
1207 792 104 38 linjen
1335 793 96 31 förda
1454 793 328 38 avsättningsbelopp

283 842 53 32 får
355 844 231 32 motsvarande
605 844 119 38 belopp
745 846 164 35 upptagas
929 846 43 36 på
992 845 55 31 det
1065 844 91 32 förut
1175 844 138 32 berörda
1332 844 278 37 tillgångskontot
1632 845 150 31 »kostna-

283 895 56 31 der
359 897 49 29 att
428 895 177 31 framdeles
625 896 129 38 täcka»,
777 895 116 32 därvid
914 895 183 32 emellertid
1117 895 135 38 jämlikt
1276 898 15 29 7
1314 895 18 37 $
1352 896 148 32 inträder
1521 896 194 38 skyldighet
1735 899 49 29 att

282 946 104 37 enligt
406 958 40 20 av
466 947 187 37 Konungen
673 947 194 32 fastställda
885 948 145 36 grunder
1050 950 162 29 amortera
1233 948 56 31 det
1308 948 140 31 sålunda
1467 948 19 31 å
1505 947 278 38 tillgångskontot

282 1000 171 35 upptagna
473 998 160 38 beloppet.

338 1050 47 31 På
413 1049 279 38 tillgångskontiot
725 1050 193 32 »kostnader
947 1052 50 30 att
1025 1050 178 32 framdeles
1231 1051 116 31 täcka»
1382 1050 35 31 få
1445 1050 108 38 också,
1582 1050 104 38 enligt
1717 1053 17 29 5
1765 1050 18 37 $

284 1102 17 29 2
336 1113 95 20 mom.
469 1102 107 31 första
610 1102 132 37 stycket
766 1102 104 37 tredje
893 1102 149 37 punkten
1066 1105 84 29 samt
1175 1103 142 31 nämnda
1342 1104 159 29 moments
1526 1103 104 31 andra
1654 1102 125 38 stycke,

283 1155 164 35 upptagas
486 1153 177 32 kostnader
702 1154 53 30 för
794 1154 286 37 nedskrivningar,
1120 1154 11 31 i
1172 1154 40 31 de
1250 1154 62 31 fall
1353 1154 41 31 då
1433 1154 231 31 motsvarande
1704 1155 76 31 ned-

284 1204 174 37 skrivning
498 1216 41 20 av
578 1204 293 38 förnyelsefonden
909 1204 72 32 icke
1020 1205 66 31 kan
1125 1205 67 31 ske.
1243 1204 102 32 Detta
1381 1204 162 32 inträffar
1582 1205 198 38 exempelvis

284 1256 42 31 då
353 1255 218 38 utrangering
598 1257 85 30 måst
712 1256 154 37 vidtagas
895 1257 35 30 så
957 1256 112 37 tidigt,
1098 1258 50 29 att
1176 1256 231 37 avsättningar
1436 1256 27 37 ej
1493 1256 121 32 hunnit
1640 1256 58 31 ske
1726 1256 53 32 till

280 1305 117 40 belopp
423 1307 229 31 motsvarande
678 1306 232 38 minskningen
935 1306 12 31 i
972 1305 349 40 anläggningsvärdet,
1348 1307 78 31 eller
1452 1307 41 31 då
1519 1306 261 38 avsättningsbe-

281 1358 77 38 lopp
379 1359 86 31 måst
486 1358 90 32 föras
596 1357 86 32 inom
703 1358 113 37 linjen.
847 1357 124 32 Vidare
991 1358 81 31 höra
1092 1358 40 32 de
1153 1358 63 31 fall
1236 1358 60 37 hit,
1318 1359 41 31 då
1379 1358 98 38 fråga
1498 1363 37 27 är
1555 1371 51 19 om
1628 1361 153 35 utrange-

280 1409 74 38 ring
382 1421 40 20 av
448 1409 193 38 tillgångar,
668 1421 69 20 som
765 1409 71 32 icke
863 1414 55 26 äro
946 1409 244 32 underkastade
1217 1409 294 38 värdeminskning
1536 1411 43 37 på
1604 1411 109 36 grund
1740 1422 39 20 av

281 1461 100 38 ålder,
409 1461 177 38 nyttjande
612 1461 79 31 eller
718 1472 109 20 annan
853 1460 173 38 jämförlig
1054 1460 105 38 orsak,
1189 1461 199 38 exempelvis
1414 1461 57 32 vid
1499 1461 216 39 omläggning
1741 1474 40 19 av

281 1513 76 37 spår
375 1512 54 32 till
448 1524 107 20 annan
574 1511 202 39 sträckning,
795 1512 188 37 varigenom
1003 1513 61 31 den
1083 1512 91 32 förut
1193 1513 153 32 använda
1362 1513 176 31 banvallen
1556 1513 65 31 blir
1638 1513 142 38 onyttig.

281 1563 233 38 Uppförandet
531 1576 40 20 av
590 1564 104 32 denna
714 1564 124 31 fiktiva
855 1563 143 38 tillgång
1016 1565 18 30 å
1051 1564 116 31 kontot
1188 1564 194 32 »kostnader
1401 1567 49 29 att
1468 1565 177 32 framdeles
1662 1565 116 31 täcka»

281 1615 59 32 har
358 1615 178 38 medgivits
555 1616 11 30 i
586 1616 154 31 ändamål
760 1618 49 29 att
826 1615 183 38 förhindra,
1029 1617 49 30 att
1096 1615 301 38 balansräkningen
1414 1616 57 32 vid
1489 1628 40 20 en
1547 1618 103 30 större
1669 1619 111 29 utran-

280 1667 117 38 gering
416 1667 91 32 visar
527 1679 39 20 en
586 1667 115 32 alltför
722 1678 182 27 ogynnsam
925 1667 126 32 balans.
1084 1667 73 31 Den
1176 1667 153 37 kraftiga
1349 1667 279 38 nedskrivningen
1649 1667 65 32 blir
1735 1680 44 19 nu

280 1718 12 30 1
309 1719 111 31 stället
438 1719 151 31 fördelad
607 1719 42 37 på
668 1718 87 32 flera
772 1719 49 37 år;
841 1718 194 37 skyldighet
1053 1718 52 31 till
1124 1718 202 37 amortering
1343 1730 40 19 av
1400 1719 55 31 det
1472 1718 167 38 uppförda
1657 1719 124 31 fiktiva

279 1769 316 39 tillgångsbeloppet
614 1770 136 37 stadgas
772 1775 82 26 även
875 1769 53 32 för
950 1770 89 32 detta
1060 1769 61 32 fall
1141 1769 11 31 i
1174 1768 177 38 förslagets
1374 1771 15 30 7
1412 1768 27 38 $.
1473 1790 43 3 —
1536 1770 65 32 Det
1620 1771 69 37 har,
1711 1782 67 20 som

280 1821 91 32 förut
398 1824 142 36 nämnts,
568 1822 220 32 överlämnats
815 1822 35 31 åt
875 1820 449 38 järnvägsförvaltningarna
1351 1822 105 37 själva
1483 1824 49 29 alt
1559 1827 132 33 avgöra,
1721 1827 59 27 när

279 1875 47 30 ett
344 1873 184 37 påförande
548 1885 40 19 av
609 1874 39 31 de
667 1872 126 32 fiktiva
812 1872 225 38 tillgångarna
1056 1873 19 31 å
1093 1872 257 38 ifrågavarande
1369 1873 99 32 konto
1490 1873 54 31 får
1564 1874 66 31 ske.
1661 1873 119 38 Enligt

280 1925 64 31 vad
364 1925 361 38 departementschefen
745 1925 134 37 vttrade
898 1925 57 32 vid
977 1925 155 31 remissen
1152 1924 54 31 till
1228 1924 151 37 lagrådet
1399 1937 41 19 av
1462 1925 82 31 1927
1566 1926 53 30 års
1641 1924 135 37 förslag.

280 1977 112 35 syntes
417 1976 56 31 det
498 1975 180 33 emellertid
704 1975 81 32 böra
809 1976 51 31 stå
883 1975 100 39 klart,
1010 1978 48 29 att
1083 1978 46 29 ett
1156 1975 113 38 dylikt
1295 1975 181 38 påförande
1502 1976 92 37 finge
1619 1981 62 33 äga
1707 1988 70 19 rum

279 2027 149 38 allenast,
455 2027 42 31 då
521 2027 141 37 ungefär
687 2028 170 31 enahanda
884 2027 281 37 förutsättningar
1189 2027 147 37 förelåge
1360 2039 67 19 som
1454 2027 53 31 för
1530 2029 67 30 rätt
1622 2030 49 29 atl
1697 2039 82 26 upp-

278 2080 79 36 taga
380 2078 348 38 förnyelsekostnader
748 2078 86 32 inom
858 2078 111 38 linjen,
994 2079 30 31 d.
1048 2091 29 20 v.
1101 2090 24 20 s.
1149 2079 42 31 då
1213 2079 86 31 årets
1324 2079 208 31 verksamhet
1555 2079 94 38 eljest
1671 2079 108 32 skulle

278 2130 131 32 komma
430 2133 50 29 att
500 2130 110 32 utvisa
631 2130 132 32 förlust.

334 2182 17 31 I
376 2183 17 31 6
417 2181 18 38 $
460 2182 103 32 andra
585 2182 130 38 stycket
740 2194 40 20 av
803 2181 415 38 bokföringslagförslaget
1241 2182 145 38 stadgas,
1409 2184 50 30 att
1482 2183 256 32 anståndsränta
1761 2183 19 30 å

279 2234 141 31 statslån
442 2234 72 31 före
536 2233 440 38 betalningsskyldighelens
999 2233 130 32 iuträde
1152 2233 53 31 får
1229 2233 90 32 föras
1342 2245 67 20 som
1433 2234 98 32 skuld
1556 2233 86 32 inom
1666 2233 112 38 linjen.

280 2285 75 32 Med
375 2286 254 31 anståndsränta
650 2285 123 32 förstås
793 2287 116 30 räntan
928 2285 52 32 för
999 2286 40 31 de
1057 2288 49 29 tre
1124 2285 80 32 eller
1223 2285 80 38 fyra
1322 2286 104 31 första
1446 2286 88 38 åren,
1553 2285 111 32 vilken
1684 2289 96 29 ränta

280 2336 103 38 enligt
409 2336 289 32 bestämmelserna
727 2336 57 33 vid
812 2337 156 31 statslåns
995 2336 186 38 beviljande
1208 2336 73 32 icke
1308 2337 140 32 behöver
1474 2337 162 38 erläggas,
1666 2337 113 31 förrän

279 2387 283 39 kapitalbeloppet
580 2389 58 31 och
657 2388 44 31 all
722 2400 108 20 annan
848 2391 93 29 ränta
959 2388 166 38 inbetalts,
1145 2389 59 31 och
1224 2388 146 32 därefter
1388 2388 85 32 skall
1492 2389 151 36 erläggas
1662 2400 116 25 genom

279 2438 136 33 fortsatt
441 2439 284 33 annuitetslikvid.
763 2439 53 32 Då
840 2439 194 38 skyldighet
1059 2443 48 29 att
1132 2442 163 29 amortera
1319 2440 278 32 anståndsräntan
1620 2440 159 38 inträder,

280 2490 85 32 skall
385 2492 190 31 densamma
593 2491 128 32 utföras
742 2503 68 20 som
828 2491 142 32 effektiv
990 2491 108 38 skuld,
1117 2491 12 31 i
1146 2491 160 32 samband
1324 2492 133 31 varmed
1477 2492 231 32 motsvarande
1725 2491 53 32 be-
