2217 2661
735 173 279 34 Bankoutskottets
1037 176 164 33 utlåtande
1224 178 53 32 Nr
1302 182 50 30 10.
1749 184 38 31 19

364 249 99 50 26:0)
493 251 18 36 I
538 252 122 48 punkt
689 253 47 36 28
767 267 46 23 av
841 254 128 38 tionde
996 256 237 39 huvudtiteln
1257 258 68 37 har
1344 259 142 50 Kungl.
1507 260 108 50 Maj:t
1634 262 196 51 föreslagit

232 301 219 50 Riksdagen
493 304 190 49 medgiva,
727 311 54 31 att
822 307 99 37 förre
959 310 58 35 3:e
1053 309 100 38 klass
1181 311 333 38 kustartilleristen
1546 315 114 36 Öskar
1686 316 144 36 Henrik

230 355 99 45 Berg
360 358 61 33 må
448 361 133 32 utöver
610 357 139 37 honom
780 359 81 36 från
881 359 153 39 flottans
1053 362 293 49 pensionskassa
1365 365 287 38 tillkommande
1670 368 159 49 pension

232 409 20 33 å
293 406 138 37 kronor
476 410 72 35 100
590 409 84 36 från
717 410 188 38 allmänna
945 413 379 50 indragningsstaten
1361 417 119 37 under
1508 418 59 36 sin
1596 421 233 36 återstående

230 458 129 37 livstid
387 459 171 50 uppbära
586 466 54 31 ett
669 462 113 49 årligt
810 464 207 37 understöd
1046 479 47 23 av
1122 469 47 34 50
1193 468 151 48 kronor,
1367 474 51 31 att
1437 473 93 45 utgå
1552 470 83 37 från
1655 472 70 36 och
1744 473 85 36 med

232 510 126 49 dagen
399 517 86 31 näst
520 513 95 36 efter
643 514 84 48 den,
758 515 46 36 då
832 516 101 50 Berg
962 517 150 38 erhållit
1140 520 141 36 avsked
1310 521 83 36 från
1421 521 288 51 krigstjänsten,
1739 525 90 37 eller

229 562 85 37 från
344 564 70 36 och
443 564 84 37 med
558 567 20 34 6
609 566 95 50 april
734 569 109 35 1909.

359 616 84 36 Den
484 617 12 36 i
538 618 154 36 ärendet
725 619 213 51 åberopade
965 623 255 50 utredningen
1248 626 202 36 återfinnes
1479 627 11 36 i
1519 628 309 50 statsrådsproto-

229 667 117 37 kollet
374 673 91 32 över
494 670 394 48 sjöförsvarsärenden
918 673 72 38 den
1020 677 46 35 28
1096 677 205 37 november
1332 680 96 35 1912
1450 678 61 50 (10
1531 680 82 36 h.-t.
1636 680 68 37 sid.
1728 677 98 57 117).

358 748 136 49 Enligt
521 749 74 36 vad
623 763 81 23 som
724 751 168 50 framgår
912 767 46 22 av
981 755 424 50 statsrådsprotokollet,
1431 757 120 37 skulle
1569 758 114 49 Berg,
1704 759 124 37 därest

228 802 49 45 på
304 800 140 36 honom
473 801 146 37 kunnat
647 803 187 49 tillämpas
858 804 273 50 förordningen
1152 807 71 36 den
1247 809 45 35 18
1309 808 85 48 juni
1415 811 97 34 1909
1534 823 59 23 om
1614 812 215 48 ersättning

228 852 11 36 i
277 851 208 51 anledning
519 867 46 23 av
598 854 273 51 kroppsskada,
914 857 166 50 ådragen
1117 859 120 37 under
1278 860 410 52 militärtjänstgöring,
1730 864 97 37 hava

227 903 149 37 erhållit
404 911 54 30 ett
486 906 114 48 årligt
627 907 207 38 understöd
863 923 46 23 av
939 912 73 34 225
1040 911 152 36 kronor.

358 955 146 38 Chefen
533 958 58 36 för
618 959 284 39 kustartilleriet
929 962 70 37 har
1027 963 70 36 ock
1125 964 185 48 tillstyrkt
1339 965 101 37 detta
1466 965 150 51 belopp,
1636 968 12 35 i
1669 968 63 36 det
1750 969 76 35 han

227 1007 213 51 föreslagit,
476 1015 54 31 att
557 1010 101 49 Berg
686 1014 115 34 måtte
830 1013 139 37 erhålla
999 1016 71 35 125
1100 1015 140 37 kronor
1269 1017 144 49 årligen
1441 1023 133 32 utöver
1601 1019 57 36 till
1685 1020 139 37 honom

226 1060 118 36 redan
372 1062 192 47 utgående
591 1064 159 47 pension
779 1068 20 32 å
829 1067 72 35 100
930 1066 149 38 kronor.

356 1112 195 38 Utskottet
578 1115 123 36 finner
729 1116 63 37 det
820 1131 90 23 vara
938 1118 134 49 billigt,
1103 1125 55 31 att
1184 1120 5 35 i
1209 1123 375 36 överensstämmelse
1616 1123 85 37 med
1729 1124 96 37 före-

227 1164 203 37 skrifterna
458 1167 12 35 i
499 1168 265 36 ovannämnda
792 1169 223 50 förordning
1043 1171 58 37 för
1129 1172 103 47 Berg
1255 1172 184 38 beräknas
1467 1179 53 31 ett
1548 1175 114 49 årligt
1690 1177 134 36 under-

226 1216 246 51 stödsbelopp
515 1231 46 24 av
602 1219 159 50 tillhopa
802 1223 73 35 225
904 1222 150 38 kronor.
1109 1223 58 37 Då
1200 1224 100 49 Berg
1328 1225 116 36 redan
1472 1227 164 48 åtnjuter
1662 1229 159 48 pension

226 1268 84 37 från
338 1269 153 37 flottans
519 1271 297 49 pensionskassa
844 1275 56 36 till
929 1275 135 50 belopp
1095 1290 46 22 av
1172 1278 71 35 100
1268 1277 152 49 kronor,
1447 1291 112 37 synes
1578 1280 245 37 understödet

225 1320 85 37 från
341 1322 188 37 allmänna
555 1323 380 52 indragningsstaten
962 1328 91 37 böra
1081 1328 225 37 bestämmas
1327 1332 52 45 så,
1400 1336 54 30 att
1474 1330 208 38 detsamma
1705 1333 119 49 jämte

226 1374 258 48 nyssnämnda
511 1375 160 49 pension
698 1381 149 45 uppgår
875 1379 57 37 till
960 1382 72 35 225
1062 1380 149 37 kronor.

356 1425 196 39 Utskottet
581 1427 57 37 får
667 1429 109 36 alltså
804 1430 210 50 hemställa,

754 1532 54 30 att
849 1526 217 51 Riksdagen
1108 1543 60 23 må
1206 1531 188 47 medgiva,
1424 1536 55 30 att
1507 1532 100 36 förre
1636 1535 58 34 3:e
1721 1534 100 37 klass

623 1577 331 39 kustartilleristen
984 1580 123 37 Oskar
1134 1581 146 37 Henrik
1308 1582 102 49 Berg
1436 1586 61 34 må
1525 1584 82 36 från
1634 1585 186 38 allmänna

623 1629 379 50 indragningsstaten
1044 1633 118 37 under
1203 1634 58 36 sin
1296 1634 234 38 återstående
1570 1636 128 38 livstid
1728 1651 93 37 upp-

623 1680 90 37 bära
750 1688 53 31 ett
831 1684 112 49 årligt
970 1686 204 36 understöd
1203 1687 57 35 till
1288 1690 40 33 så
1356 1693 95 30 stort
1478 1688 149 49 belopp,
1658 1695 54 31 att
1740 1691 79 36 det-

623 1746 144 24 samma
790 1735 121 48 jämte
939 1736 100 50 Berg
1066 1738 284 37 tillkommande
1378 1740 159 47 pension
1566 1741 82 36 från
1667 1741 153 39 flottans

621 1785 294 49 pensionskassa
955 1792 150 46 uppgår
1146 1790 55 36 till
1237 1791 403 50 tvåhundratjugufem
1670 1794 148 45 kronor,

622 1837 117 37 vilket
781 1839 204 37 understöd
1028 1844 60 33 må
1129 1845 93 46 utgå
1256 1843 84 36 från
1369 1844 70 35 och
1467 1844 86 36 med
1582 1845 123 49 dagen
1734 1852 86 31 näst

621 1889 95 37 efter
758 1890 83 48 den,
871 1891 46 37 då
943 1892 103 50 Berg
1073 1894 147 37 erhållit
1249 1895 139 37 avsked
1415 1895 85 37 från
1529 1896 289 50 krigstjänsten,

622 1941 89 37 eller
739 1942 83 37 från
850 1944 66 36 och
946 1945 86 37 med
1061 1945 72 37 den
1163 1948 20 34 6
1213 1947 94 49 april
1339 1948 108 35 1909.

720 2054 57 34 IV.
824 2055 84 41 Ang.
935 2057 382 42 civildepartementet.

348 2130 100 49 27:0)
479 2130 17 38 I
525 2145 45 24 en
599 2134 100 36 inom
728 2134 129 38 Andra
884 2136 220 38 kammaren
1134 2152 46 23 av
1208 2139 85 37 herr
1320 2140 46 35 E.
1395 2141 45 34 4.
1470 2141 133 36 Nilson
1632 2142 12 35 i
1674 2142 140 37 Örebro

218 2181 115 38 väckt
370 2184 155 48 motion,
562 2199 44 22 nr
635 2188 60 45 27,
724 2187 12 36 i
764 2188 127 37 vilken
921 2188 85 37 herr
1033 2191 45 35 A.
1108 2192 41 35 P.
1184 2192 216 44 Gustafsson
1428 2193 167 48 instämt,
1624 2194 67 36 har
1718 2195 98 37 före-

220 2234 146 49 slagits,
396 2241 76 31 »att
499 2236 219 51 Riksdagen
746 2240 88 37 ville
860 2241 148 37 besluta
1036 2247 54 32 att
1117 2243 71 37 den
1207 2243 57 36 till
1283 2257 157 23 numera
1460 2244 100 37 förra
1579 2251 105 31 extra
1702 2247 113 49 polis-

218 2298 162 26 mannen
421 2288 63 36 vid
528 2294 143 33 statens
708 2291 208 51 järnvägar
955 2295 123 35 Johan
1123 2296 159 36 Jansson
1309 2296 120 36 under
1456 2296 94 37 hans
1579 2299 236 37 återstående

1918 284 65 32 Any.

1848 320 143 24 understöd
2016 319 40 25 till

1848 356 71 29 förre
1934 355 38 24 3:e
1986 355 69 24 klass

1875 390 158 25 kustartille-

1861 426 79 24 vristen
1962 425 27 25 O.
2010 427 34 23 H.

1913 462 76 30 Berg.

1902 497 93 47 [28]

1884 776 132 24 Utskottet.

1906 2158 64 31 Ang.

1834 2193 96 24 motion
1949 2193 40 23 II:
1998 2195 41 24 27.
