1880 2784
426 154 120 32 Andra
568 150 248 42 lagutskottets
840 147 179 31 utlåtande
1041 155 44 21 nr
1106 145 40 30 26
1169 144 40 30 år
1232 143 84 30 1956
1599 138 17 30 1

288 234 224 36 (Nuvarande
537 231 147 42 lydelse)

171 342 260 40 Länsstyrelses
450 340 115 30 beslut
607 356 21 4 —
660 354 30 6 —
720 354 32 4 —
782 353 29 4 —
842 351 36 5 —

172 398 112 30 Talan
306 397 93 29 föres
420 395 64 30 hos
505 393 197 38 Konungen
724 397 125 33 genom

129 452 134 33 besvär,
286 450 96 30 vilka
405 448 97 31 skola
524 446 135 40 ingivas
681 444 54 30 till
757 443 93 30 läns-

132 504 180 41 styrelsen.
330 501 267 40 Länsstyrelsen
614 498 89 31 skall
722 495 129 41 skynd-

132 560 91 30 samt
256 556 161 31 infordra
451 552 195 40 förklaring
680 552 82 29 över
796 549 56 30 be-

133 613 134 33 svären,
293 619 57 21 om
375 608 188 38 anledning
587 605 119 31 därtill
731 604 31 40 ej
790 611 63 31 up-

133 664 227 42 penbarligen
388 662 139 33 saknas,
557 661 100 32 samt,
685 657 89 31 efter
802 656 51 30 att

133 719 91 30 hava
242 715 232 32 införskaffat
493 714 68 30 den
579 711 201 41 ytterligare
800 710 54 29 ut-

133 771 159 39 redning,
323 779 75 21 som
426 768 71 30 kan
525 775 84 22 vara
637 761 216 41 erforderlig,

134 825 53 31 till
241 820 412 41 inrikesdepartementet
704 815 151 32 insända

136 877 163 40 samtliga
328 876 107 30 målet
464 873 150 31 rörande
644 871 211 38 handlingar

135 931 115 31 tillika
267 930 82 30 med
366 930 76 38 eget
459 926 192 32 utlåtande.

180 984 138 39 Klagan
333 982 81 30 över
464 997 123 5 ———
619 974 268 53 ————=—

180 1037 90 31 Över
285 1037 109 29 annat
434 1051 70 5 ——
532 1050 31 5 —
587 1049 33 5 —
644 1049 32 4 —
702 1048 31 4 —
756 1047 33 4 —
814 1046 32 4 —
866 1046 38 4 —
920 1029 13 6 ä

1062 224 226 39 (Föreslagen
1313 221 147 41 lydelse)

894 351 45 4 —
958 332 95 31 inför
1072 329 263 42 länsstyrelsen.

946 387 112 30 Talan
1080 385 93 30 föres
1195 384 65 30 hos
1281 382 196 38 Konungen
1498 386 123 33 genom

903 441 133 33 besvär,
1060 439 94 30 vilka
1178 436 99 32 skola
1299 435 135 40 ingivas
1456 433 53 30 till
1531 432 92 30 läns-

906 493 180 41 styrelsen.
1103 489 269 41 Länsstyrelsen
1389 487 89 31 skall
1496 484 129 41 skynd-

906 549 92 29 samt
1015 545 160 31 infordra
1194 542 195 39 förklaring
1408 542 80 29 över
1506 538 120 31 besvä-

906 610 72 25 ren,
1002 609 58 21 om
1083 597 189 39 anledning
1295 594 119 32 därtill
1437 594 31 39 ej
1494 600 132 32 uppen-

906 654 158 39 barligen
1083 652 139 33 saknas,
1242 651 102 32 samt,
1362 647 89 31 efter
1468 648 51 29 att
1536 646 91 29 hava

907 705 232 32 införskaffat
1177 704 68 30 den
1283 701 200 41 ytterligare
1511 697 117 31 utred-

908 761 94 39 ning,
1029 768 76 21 som
1129 758 72 30 kan
1224 765 85 22 vara
1334 752 214 39 erforderlig,
1574 750 54 32 till

908 811 388 41 socialdepartementet
1321 807 150 32 insända
1498 803 131 33 samtli-

910 876 42 31 ga
976 866 107 31 målet
1107 863 150 32 rörande
1281 861 210 39 handlingar
1516 857 114 32 tillika

910 920 80 31 med
1010 921 75 38 eget
1104 916 192 32 utlåtande.

900 992 45 4 —
959 974 73 30 viss
1047 972 63 31 tid.

834 1099 41 31 62
903 1099 28 38 8.

182 1161 89 31 Över
294 1160 115 31 beslut
432 1168 43 21 av
498 1155 280 41 socialstyrelsen
800 1152 59 31 må

139 1216 68 30 den
227 1224 76 21 som
321 1213 150 31 beslutet
489 1212 97 29 rörer
606 1210 85 30 söka
710 1207 149 38 ändring

139 1270 65 29 hos
231 1268 197 39 Konungen
454 1273 125 32 genom
605 1263 133 33 besvär,
765 1260 96 31 vilka

141 1322 99 31 skola
258 1321 136 39 ingivas
413 1319 53 31 till
487 1316 374 39 inrikesdepartemen-

143 1377 57 29 tet.

957 1150 89 31 Över
1069 1149 114 31 beslut
1206 1157 43 21 av
1272 1144 279 40 socialstyrelsen
1574 1141 59 30 må

914 1206 67 29 den
1002 1213 74 21 som
1095 1202 150 31 beslutet
1263 1201 98 30 rörer
1380 1198 85 31 söka
1484 1195 148 39 ändring

913 1259 65 30 hos
1005 1258 196 37 Konungen
1227 1262 126 32 genom
1378 1252 134 33 besvär,
1538 1249 96 30 vilka

917 1311 99 31 skola
1042 1309 135 40 ingivas
1204 1308 54 31 till
1286 1304 349 40 socialdepartemen-

918 1366 57 29 tet.

838 1436 40 31 65
906 1435 29 38 8.

187 1497 253 41 Myndigheter,
459 1504 75 21 som
550 1493 198 39 handlägga
765 1492 99 29 ären-

144 1553 68 30 den
228 1551 108 39 enligt
352 1550 115 30 denna
482 1548 66 39 lag,
564 1547 85 30 böra
666 1544 198 32 samarbeta

144 1605 80 31 med
251 1603 185 32 varandra.
463 1600 167 31 Inbördes
670 1597 194 32 samarbete

145 1659 62 30 bör
222 1658 65 30 ock
303 1658 64 38 äga
380 1665 80 21 rum
474 1654 130 30 mellan
619 1652 132 31 sådana
765 1659 100 31 myn-

145 1711 158 40 digheter
347 1711 90 28 samt
478 1703 387 44 fattigvårdsstyrelser,

145 1761 391 34 barnavårdsnämnder
555 1760 65 30 och
638 1758 111 31 andra
767 1764 100 31 myn-

146 1818 158 39 digheter
330 1817 164 29 ävensom
519 1811 258 33 vårdanstalter
802 1808 66 32 och

148 1869 288 41 organisationer,
470 1867 95 30 vilka
610 1865 105 30 utöva
761 1861 106 32 social

148 1921 335 42 hjälpverksamhet.

961 1486 253 41 Myndigheter,
1233 1493 76 22 som
1326 1481 196 39 handlägga
1538 1481 99 28 ären-

918 1542 68 30 den
1002 1540 108 39 enligt
1125 1539 116 30 denna
1256 1538 66 38 lag,
1339 1536 85 30 böra
1441 1533 196 31 samarbeta

919 1594 80 31 med
1029 1592 184 32 varandra.
1245 1589 167 31 Inbördes
1444 1586 194 32 samarbete

920 1649 63 30 bör
997 1647 66 30 ock
1078 1648 64 37 äga
1155 1654 81 21 rum
1249 1643 131 30 mellan
1395 1641 132 31 sådana
1540 1647 100 31 myn-

920 1700 158 40 digheter
1098 1700 90 29 samt
1206 1694 291 37 socialnämnder,
1515 1693 126 29 barna-

920 1752 279 33 vårdsnämnder
1220 1750 66 31 och
1307 1748 110 32 andra
1438 1745 203 42 myndighe-

922 1810 52 28 ter
995 1808 166 29 ävensom
1180 1801 259 34 vårdanstalter
1459 1800 65 30 och
1544 1806 98 31 orga-

923 1860 202 32 nisationer,
1149 1858 95 30 vilka
1268 1856 106 29 utöva
1399 1853 105 31 social
1528 1851 115 40 hjälp-

922 1912 234 32 verksamhet.

967 1994 123 29 Denna
1111 1992 54 39 lag
1186 1990 117 31 träder
1322 1990 11 29 i
1351 1987 97 40 kraft
1467 1987 66 29 den
1555 1986 15 29 1
1591 1985 51 39 ja-

924 2048 104 29 nuari
1049 2045 94 31 1957.

972 2096 366 43 Tjänstgöringstiden
1368 2095 57 39 för
1456 2093 184 31 ledamöter

926 2154 64 30 och
1018 2151 225 41 suppleanter
1271 2150 11 29 i
1308 2147 152 31 särskild
1486 2146 158 29 kommu-

928 2207 59 29 nal
1032 2201 352 43 nykterhetsnämnd,
1420 2200 91 30 vilka
1559 2197 87 31 valts

928 2259 80 30 med
1024 2257 222 38 tillämpning
1260 2264 43 21 av
1317 2254 95 30 äldre
1429 2250 219 32 bestämmel-

928 2321 66 26 ser,
1016 2310 91 30 skall
1129 2309 158 39 upphöra
1309 2306 80 30 med
1411 2305 173 39 utgången
1606 2311 43 21 av

929 2365 40 29 år
989 2364 94 29 1956.
1102 2362 74 38 Nya
1196 2360 55 31 val
1270 2360 11 29 i
1299 2358 152 39 enlighet
1469 2357 79 29 med
1567 2356 82 29 den-

930 2426 44 20 na
1014 2416 55 39 lag
1107 2414 98 30 skola
1233 2414 64 38 äga
1325 2421 77 20 rum
1432 2411 11 29 i
1469 2409 181 31 december

931 2469 130 30 månad
1083 2468 83 29 1956
1186 2466 64 30 och
1271 2474 80 21 avse
1373 2464 93 30 tiden
1487 2462 91 30 intill
1598 2463 52 28 ut-
