1872 2782
442 167 118 30 Andra
580 166 245 40 lagutskottets
846 167 181 31 utlåtande
1045 177 44 20 nr
1107 168 42 29 26
1168 168 40 29 år
1228 168 84 29 1956
1584 168 38 30 13

779 316 190 43 Förslag

846 397 54 31 till

720 482 316 48 Förordning

128 566 171 43 angående
314 566 127 32 ändrad
455 566 121 42 lydelse
591 578 43 20 av
650 567 21 31 2
689 566 63 32 och
768 567 43 31 10
827 566 47 42 $$
889 567 237 42 förordningen
1141 567 64 31 den
1221 567 41 31 11
1275 567 77 42 juni
1364 567 88 32 1937
1467 568 59 43 (nr
1536 567 84 44 339)

739 631 57 21 om
810 620 211 42 mödrahjälp

173 718 213 40 Härigenom
406 719 196 35 förordnas,
622 721 51 29 att
692 720 18 29 2
731 720 64 29 och
817 719 39 30 10
879 719 38 38 $$
939 719 253 40 förordningen
1210 719 68 31 den
1300 720 37 29 11
1358 719 80 40 juni
1459 719 82 31 1937
1562 728 58 21 om

128 772 239 40 mödrahjälp!
388 772 99 30 skola
506 772 133 30 erhålla
659 773 133 29 ändrad
811 772 131 40 lydelse
961 772 46 41 på
1027 774 69 29 sätt
1115 773 116 30 nedan
1251 772 152 40 angives.

293 861 225 34 (Nuvarande
534 862 147 39 lydelse)

172 976 223 41 Mödrahjälp
417 977 137 30 lämnas
595 995 24 3 —
649 995 32 4 —
709 995 33 3 —
773 995 30 3 —
831 995 38 3 —

1068 862 227 39 (Föreslagen
1310 861 147 40 lydelse)

887 995 45 3 —
952 977 12 29 i
984 977 129 30 landet.

172 1030 107 40 Hjälp
297 1030 108 40 enligt
449 1048 18 4 —
501 1048 25 3 —
556 1048 30 4 —
615 1048 31 4 —
673 1048 28 4 —
728 1048 38 3 —
783 1030 79 31 dess
881 1030 142 30 födelse.

172 1083 224 41 Mödrahjälp
428 1084 58 29 må
517 1084 76 30 icke
625 1084 136 30 lämnas
793 1084 53 30 till

127 1137 142 35 kvinna,
288 1137 119 30 vilken
425 1139 38 28 är
481 1137 141 40 intagen
640 1138 20 29 å
678 1137 169 40 straffan-

126 1189 84 32 stalt
232 1190 82 31 eller
336 1190 146 31 därmed
502 1191 182 40 jämförlig
704 1191 140 36 anstalt,

125 1244 21 30 å
179 1244 384 40 tvångsarbetsanstalt,
595 1244 251 31 alkoholistan-

125 1297 94 37 stalt,
248 1297 131 31 allmän
409 1297 374 40 uppfostringsanstalt
801 1298 45 30 el-

127 1351 50 30 ler
190 1351 226 39 skyddshem,
432 1351 83 30 eller
528 1352 20 29 å
562 1351 131 30 anstalt
705 1351 57 40 för
775 1352 70 29 sin-

124 1404 149 37 nesslöa,
294 1404 264 40 fallandesjuka
580 1404 83 30 eller
682 1404 162 30 kroniskt

126 1457 116 40 sjuka,
263 1458 65 29 och
349 1458 35 39 ej
403 1457 110 30 heller
534 1457 53 30 till
605 1458 142 36 kvinna,
767 1466 76 21 som

125 1520 43 20 av
187 1510 237 40 fattigvården
444 1511 179 39 mottagits
646 1511 52 30 till
717 1510 128 40 stadig-

127 1564 151 30 varande
294 1564 230 40 försörjning.

946 1084 223 40 Mödrahjälp
1202 1084 58 30 må
1291 1084 76 30 icke
1399 1084 137 30 lämnas
1568 1083 52 30 till

901 1137 142 35 kvinna,
1076 1137 118 31 vilken
1226 1138 38 29 är
1295 1137 143 40 intagen
1471 1137 11 30 i
1512 1138 109 29 annat

903 1191 168 30 barnhem
1093 1191 45 29 än
1158 1191 206 30 mödrahem
1386 1190 84 31 eller
1490 1191 12 30 i
1521 1191 99 30 skola

902 1244 209 30 tillhörande
1135 1244 123 30 barna-
1281 1245 64 29 och
1370 1244 250 40 ungdomsvår-

900 1297 67 30 den
995 1297 83 30 eller
1104 1298 11 29 i
1140 1297 206 40 fångvårds-
1372 1297 84 31 eller
1483 1297 137 40 tvångs-

901 1351 260 30 arbetsanstalt.

822 1643 39 31 10
889 1643 29 38 8.

171 1697 286 39 Socialstyrelsen
471 1698 64 29 har
550 1699 50 29 att
615 1698 79 30 med
709 1697 134 30 biträde

125 1759 43 21 av
201 1752 132 28 statens
365 1751 225 39 fattigvårds-
623 1751 64 29 och
721 1751 122 29 barna-

125 1803 335 32 vårdskonsulenter
487 1805 103 29 utöva
616 1803 121 40 tillsyn
763 1804 80 30 över

123 1857 271 39 tillämpningen
423 1867 43 20 av
494 1857 114 30 denna
638 1857 206 39 förordning

123 1911 66 29 och
212 1910 79 29 med
314 1911 78 29 stöd
415 1920 42 20 av
478 1910 205 30 densamma
705 1910 138 30 medde-

124 1963 78 31 lade
225 1963 223 30 föreskrifter
470 1965 91 28 samt
582 1964 81 38 äger
686 1965 50 28 att
757 1963 11 30 i
791 1963 52 30 så-

124 2017 86 29 dant
229 2017 170 30 avseende
419 2017 53 29 till
491 2017 141 39 ledning
653 2017 54 30 för
725 2017 118 30 veder-

123 2070 154 29 börande
324 2070 259 39 mödrahjälps-
617 2071 66 29 och
719 2070 124 30 barna-

122 2123 280 30 vårdsnämnder
433 2123 159 30 meddela
623 2123 126 39 nödiga
780 2123 63 29 råd

123 2176 65 29 och
209 2176 236 39 anvisningar.

944 1697 286 41 Socialstyrelsen
1252 1699 64 29 har
1338 1701 51 28 att
1412 1700 79 30 med
1513 1699 105 31 biträ-

899 1750 42 30 de
961 1761 42 20 av
1023 1753 132 28 statens
1175 1752 444 31 socialvårdskonsulenter

899 1805 106 29 utöva
1030 1805 120 39 tillsyn
1176 1806 80 29 över
1282 1805 269 40 tillämpningen
1576 1815 42 21 av

899 1857 116 30 denna
1042 1858 206 39 förordning
1275 1859 64 29 och
1366 1859 79 30 med
1474 1859 76 30 stöd
1577 1868 41 21 av

899 1910 206 31 densamma
1155 1912 202 29 meddelade
1397 1912 221 30 föreskrifter

900 1965 91 28 samt
1014 1964 80 39 äger
1117 1966 50 28 att
1190 1964 11 29 i
1225 1964 125 30 sådant
1373 1965 169 30 avseende
1565 1965 52 30 till

898 2016 141 40 ledning
1083 2017 55 30 för
1179 2018 259 30 vederbörande
1480 2018 137 30 mödra-

896 2070 134 40 hjälps-
1042 2071 64 30 och
1120 2071 390 30 barnavårdsnämnder
1523 2072 94 29 med-

899 2123 77 31 dela
998 2124 127 39 nödiga
1147 2124 62 30 råd
1230 2125 65 29 och
1317 2124 236 40 anvisningar.

167 2228 135 38 Klagan
322 2228 81 29 över
448 2246 19 3 —
502 2246 27 3 —
562 2246 29 3 —
625 2246 28 3 —
685 2246 27 4 —
742 2246 36 4 —
797 2238 43 20 av
858 2229 161 29 beslutet.

169 2280 87 30 Över
275 2280 298 40 socialstyrelsens
590 2298 44 3 —
649 2298 44 3 —
708 2298 44 4 —
768 2299 44 3 —
827 2299 45 3 —

887 2299 44 3 —
947 2282 76 29 icke
1042 2282 104 29 föras.

943 2361 122 29 Denna
1095 2361 208 39 förordning
1335 2361 116 30 träder
1482 2362 11 29 i
1522 2362 95 39 kraft

898 2413 66 30 den
988 2414 14 28 1
1024 2414 143 38 januari
1188 2413 94 30 1957.

157 2495 10 15 1
187 2495 114 25 Senaste
315 2495 104 30 lydelse
435 2501 35 18 av
483 2495 16 23 2
513 2496 11 28 $
539 2501 28 17 se
582 2495 60 24 SFS
659 2495 76 24 1950:
747 2495 52 24 242
813 2495 52 23 och
880 2501 35 18 av
931 2495 31 24 10
977 2496 11 28 $
1003 2501 27 17 se
1044 2495 60 25 SFS
1121 2495 76 24 1940:
1207 2495 60 24 786.
