1886 2812
289 157 18 28 4
736 163 272 30 Statsutskottets
1034 164 176 30 utlåtande
1235 173 41 21 nr
1300 164 68 29 115.

297 247 119 36 anslag
440 246 19 30 å
482 247 40 29 25
537 247 62 30 000
623 247 128 30 kronor
774 247 53 30 för
852 248 224 30 anordnande
1100 258 41 19 av
1165 247 197 36 personhiss
1386 248 93 29 inom
1507 248 101 30 södra
1632 247 97 31 delen
1755 258 42 20 av

297 296 158 31 Västerås
477 297 88 31 slott.

342 347 258 36 Länsstyrelsen
622 349 5 29 i
644 348 239 37 Kopparbergs
900 349 66 30 län.
993 350 4 28 I
1018 349 170 30 samband
1205 350 78 29 med
1302 349 219 35 uppförande
1538 358 41 20 av
1599 358 42 20 en
1657 347 39 31 år
1716 349 81 29 1945

295 399 156 30 beslutad
472 399 211 37 tillbyggnad
704 400 49 29 till
773 401 286 30 landsstatshuset
1080 401 9 29 i
1111 400 110 30 Falun
1241 410 96 22 avses
1360 404 47 27 att
1428 400 184 30 verkställa
1633 400 160 36 ombygg-

298 449 69 29 nad
383 458 42 20 av
443 449 201 30 nuvarande
664 449 341 36 rörledningssystem
1026 451 64 28 och
1110 450 118 35 utbyta
1246 449 178 36 befintliga
1442 450 255 34 värmepannor
1717 450 9 29 i
1744 450 55 29 det

297 499 114 35 gamla
428 499 296 31 landsstatshuset.
744 500 66 30 För
828 499 196 32 ändamålet
1042 501 173 30 erfordras
1233 503 44 27 ett
1296 500 124 36 belopp
1441 510 41 19 av
1504 500 60 29 125
1579 500 64 30 000
1661 499 137 31 kronor.

343 548 258 38 Länsstyrelsen
621 551 10 29 i
654 550 205 37 Gävleborgs
879 551 66 30 län.
966 551 64 29 Till
1053 552 141 29 lösande
1217 561 42 19 av
1279 551 259 35 länsstyrelsens
1562 550 9 29 i
1593 550 207 36 Gävleborgs

298 601 58 29 län
381 600 279 37 byggnadsfråga
684 602 64 29 har
773 602 187 30 utarbetats
986 606 46 26 ett
1057 602 130 36 förslag
1211 611 42 20 av
1279 601 178 36 innebörd,
1487 604 47 27 att
1562 609 123 27 genom
1711 600 89 31 vissa

298 650 307 37 ändringsarbeten
623 651 94 31 inom
737 653 55 29 det
809 653 201 30 nuvarande
1028 653 288 29 landsstatshuset
1335 656 88 26 samt
1445 651 219 36 uppförande
1682 662 41 20 av
1745 650 56 31 två

299 701 247 36 nybyggnader
565 701 20 31 å
604 702 10 29 i
635 703 181 30 huvudsak
841 706 127 27 tomten
988 713 40 20 nr
1049 704 18 28 4
1090 704 8 29 i
1123 704 171 28 kvarteret
1315 703 204 29 Tullstuvan
1539 702 132 30 lokaler
1692 701 109 30 skulle

298 752 144 30 beredas
464 752 54 30 för
541 752 278 31 landskontorets
842 753 366 37 taxeringsavdelning,
1234 752 330 36 vägförvaltningen,
1591 752 209 30 lantmäteri-

299 802 159 31 kontoret
483 803 66 29 och
579 803 194 36 ytterligare
800 803 106 36 några
934 804 248 36 myndigheter.
1223 804 175 35 Förslaget
1426 803 171 30 beräknas
1626 803 10 29 i
1664 811 136 28 genom-

300 852 145 31 förande
464 854 105 35 draga
590 863 43 21 en
653 854 147 31 kostnad
821 864 42 20 av
885 856 13 28 1
916 855 62 30 550
992 855 63 29 000
1075 855 137 35 kronor,
1236 864 105 20 varav
1362 854 62 30 750
1438 855 64 28 000
1521 853 129 31 kronor
1671 853 129 30 erford-

298 913 56 21 ras
375 904 56 30 för
448 905 98 29 nästa
564 904 175 37 budgetår.

342 955 259 37 Länsstyrelsen
622 958 10 29 i
656 956 300 32 Västernorrlands
979 958 66 29 län.
1071 957 67 30 För
1161 955 329 37 vägförvaltningen,
1516 955 281 31 lantmäterikon-

299 1008 86 27 toret
413 1006 64 29 och
502 1005 388 31 länsarkitektkontoret
914 1005 143 31 föreslås
1085 1006 219 36 uppförande
1331 1016 42 20 av
1399 1015 41 20 en
1467 1005 218 36 nybyggnad,
1711 1005 90 30 kost-

299 1056 267 30 nadsberäknad
594 1056 49 30 till
675 1057 91 30 1500
780 1058 63 29 000
871 1057 136 31 kronor.
1049 1057 49 30 Av
1127 1057 152 30 nämnda
1305 1057 125 35 belopp
1458 1056 175 30 erfordras
1663 1056 62 29 750
1739 1056 63 29 000

300 1106 130 31 kronor
460 1107 55 30 för
541 1107 361 36 byggnadsarbetenas
930 1107 211 31 bedrivande
1170 1108 108 29 under
1307 1108 99 29 nästa
1438 1105 176 37 budgetår.
1646 1106 156 36 Nybygg-

300 1157 114 30 naden
436 1156 143 32 föreslås
603 1158 151 36 uppförd
777 1157 20 31 å
822 1162 46 26 ett
891 1158 224 36 nyförvärvat
1140 1156 228 32 tomtområde
1390 1157 75 30 mitt
1492 1159 91 28 emot
1609 1157 66 30 den
1697 1166 105 20 nuva-

300 1208 108 30 rande
429 1208 376 32 landstatshustomten.
832 1209 289 36 Köpeskillingen,
1146 1210 40 28 85
1202 1209 62 29 425
1287 1209 138 34 kronor,
1451 1210 193 27 motsvarar
1665 1209 47 28 ett
1733 1206 70 36 pris

300 1268 42 20 av
364 1259 40 29 25
423 1259 129 30 kronor
571 1268 62 26 per
649 1257 57 32 m”.
728 1260 63 29 Det
812 1260 261 35 sammanlagda
1093 1259 284 34 anslagsbehovet
1398 1258 110 30 skulle
1529 1257 10 30 i
1558 1257 149 36 enlighet
1725 1257 77 30 här-

300 1310 79 29 med
398 1309 55 30 för
470 1310 100 29 nästa
588 1309 168 36 budgetår
773 1309 114 36 uppgå
905 1310 49 30 till
972 1310 170 30 avrundat
1162 1310 62 29 835
1239 1309 63 30 000
1322 1309 137 29 kronor.

345 1358 260 38 Länsstyrelsen
627 1361 10 29 i
657 1360 195 31 Jämtlands
877 1360 66 30 län.
968 1360 277 36 Länsstyrelsens
1267 1358 279 38 byggnadsfråga
1573 1357 143 32 föreslås
1739 1359 65 29 löst

299 1419 124 27 genom
445 1410 222 36 uppförande
689 1421 41 20 av
753 1420 40 21 en
819 1411 208 38 nybyggnad
1050 1410 95 30 inom
1169 1410 172 30 kvarteret
1366 1410 110 30 Onkel
1499 1409 121 30 Adam.
1647 1409 155 36 Nybygg-

300 1461 123 37 naden,
444 1461 115 30 vilken
578 1461 353 31 kostnadsberäknats
951 1461 50 30 till
1023 1462 61 29 700
1099 1462 63 29 000
1183 1461 138 37 kronor,
1345 1461 110 30 skulle
1476 1469 124 27 genom
1619 1460 184 35 överbygg-

300 1512 70 30 nad
390 1522 41 20 av
453 1511 275 37 Residensgränd
748 1513 104 29 sättas
873 1512 10 29 i
907 1512 111 30 direkt
1038 1512 211 30 förbindelse
1270 1512 79 30 med
1371 1511 273 30 länsresidenset.
1669 1510 67 30 För
1756 1512 49 28 att

301 1561 177 37 tillgodose
508 1563 261 35 länsstyrelsens
804 1562 163 30 framtida
999 1562 327 35 utvecklingsbehov
1360 1560 143 32 föreslås
1534 1562 10 29 i
1576 1561 228 30 förevarande

300 1613 255 36 sammanhang
576 1612 106 37 inköp
706 1623 41 20 av
770 1616 128 27 tomten
919 1623 42 20 nr
984 1614 13 28 1
1022 1613 10 30 i
1054 1614 170 29 kvarteret
1248 1612 111 31 Onkel
1381 1613 120 29 Adam.
1525 1610 279 37 Köpeskillingen

300 1662 135 37 uppgår
453 1663 103 37 enligt
575 1663 233 37 föreliggande
827 1664 116 30 anbud
965 1663 49 31 till
1037 1665 39 29 57
1092 1664 63 30 000
1175 1664 137 30 kronor.

346 1712 259 38 Länsstyrelsen
632 1715 11 29 i
673 1714 253 31 Västerbottens
953 1715 66 29 län.
1049 1714 276 36 Länsstyrelsens
1353 1711 279 38 byggnadsfråga
1661 1711 142 31 föreslås

301 1765 90 30 lösas
408 1764 45 37 på
470 1765 119 36 längre
606 1764 67 31 sikt
691 1774 123 27 genom
833 1765 219 36 uppförande
1072 1764 20 30 å
1113 1765 55 30 det
1187 1774 24 21 s.
1230 1765 32 29 k.
1284 1765 161 35 Nytorget
1466 1783 42 2 —
1527 1763 106 30 vilket
1652 1762 55 31 för
1726 1764 76 29 när-

301 1816 153 30 varande
474 1816 116 30 tillhör
610 1814 106 32 Umeå
738 1816 76 30 stad
836 1825 78 20 men
936 1815 111 31 skulle
1066 1814 168 31 överlåtas
1256 1814 49 31 till
1329 1815 135 29 kronan
1485 1818 72 26 mot
1580 1814 56 30 det
1658 1816 49 27 att
1726 1813 77 30 kro-

301 1876 70 20 nan
392 1866 51 30 till
461 1867 121 29 staden
600 1866 148 30 överläte
769 1867 66 29 den
855 1876 24 20 s.
902 1866 31 30 k.
956 1866 151 31 Döbelns
1126 1865 87 36 park
1231 1883 43 3 —
1293 1875 43 21 av
1355 1875 41 21 en
1416 1864 217 31 omfattande
1653 1864 149 36 nybygg-

300 1916 79 36 nad,
405 1917 128 30 avsedd
555 1920 49 27 att
628 1916 174 31 innehålla
824 1916 131 31 lokaler
976 1916 56 30 för
1054 1916 248 30 landskansliet
1326 1916 65 30 och
1415 1915 262 30 landskontoret
1698 1913 106 37 jämte

302 1967 356 30 länsarkitektkontor
681 1968 64 30 och
773 1967 333 36 arbetsförmedling.
1135 1967 12 29 I
1174 1968 55 29 det
1255 1967 202 30 nuvarande
1483 1965 186 31 residenset
1696 1965 110 30 skulle

300 2017 145 31 beredas
463 2020 174 34 utrymme
656 2016 35 32 åt
709 2017 320 36 vägförvaltningen
1049 2018 65 29 och
1134 2017 89 31 vissa
1242 2017 109 31 andra
1373 2015 326 32 statsinstitutioner.

347 2068 260 36 Nybyggnaden
626 2069 65 30 har
709 2068 353 31 kostnadsberäknats
1083 2068 50 31 till
1156 2068 92 30 1900
1262 2068 63 30 000
1345 2068 138 35 kronor,
1506 2076 106 21 varav
1634 2066 95 30 1000
1739 2066 65 29 000

301 2119 131 30 kronor
454 2119 173 31 erfordras
650 2119 55 30 för
723 2120 98 30 nästa
843 2118 174 37 budgetår.
1041 2119 114 35 Enligt
1177 2118 234 37 föreliggande
1433 2119 91 30 avtal
1545 2127 58 21 om
1624 2116 181 36 markbyte

301 2170 129 30 mellan
452 2170 135 30 kronan
608 2170 65 30 och
694 2170 128 35 staden,
846 2180 76 20 vars
946 2169 272 37 genomförande
1239 2168 125 31 kräver
1385 2168 201 36 riksdagens
1608 2166 196 37 medgivan-

302 2221 51 35 de,
377 2220 173 31 erfordras
571 2220 171 36 därjämte
760 2223 45 28 ett
825 2221 123 35 belopp
970 2230 42 21 av
1034 2221 40 29 25
1090 2221 62 29 000
1172 2219 137 37 kronor,
1331 2223 48 27 att
1400 2229 41 20 av
1461 2219 137 29 kronan
1616 2218 119 37 gäldas
1756 2217 49 31 till

302 2271 130 30 staden.
478 2271 64 31 Det
577 2271 261 36 sammanlagda
876 2271 284 36 anslagsbehovet
1194 2269 134 37 uppgår
1363 2269 144 31 sålunda
1545 2269 49 30 till
1635 2269 92 30 1025
1747 2265 61 46 000

301 2321 139 31 kronor.

347 2372 260 36 Länsstyrelsen
626 2373 11 29 i
655 2372 223 30 Norrbottens
896 2373 66 30 län.
983 2372 67 30 För
1070 2372 267 35 tillgodoseende
1356 2381 41 21 av
1417 2370 261 36 länsstyrelsens
1698 2369 106 30 lokal-

302 2423 112 30 behov
437 2422 143 31 föreslås
607 2423 219 36 uppförande
849 2433 42 21 av
915 2422 56 31 två
994 2423 127 36 flyglar
1145 2422 48 30 till
1216 2422 288 30 landsstatshuset
1528 2423 90 28 samt
1643 2420 160 36 ombygg-

301 2474 71 30 nad
396 2483 41 21 av
461 2473 89 31 vissa
575 2474 132 30 lokaler
732 2473 94 31 inom
851 2474 100 30 detta.
977 2473 239 31 Kostnaderna
1241 2472 121 31 härför
1388 2472 171 30 beräknas
1586 2471 51 30 till
1665 2471 62 30 850
1741 2471 63 30 000

302 2524 138 31 kronor.
