1886 2792
219 144 19 22 2
602 130 412 35 Konstilutionsutskollets
1040 125 163 31 utlatande
1229 133 35 18 nr
1291 123 46 28 12.

220 166 17 8 -

223 224 35 25 år
289 218 85 29 efter
404 212 200 43 uppgiftens
634 209 123 31 datum.
799 198 372 46 Förmögenhetslängd
1201 200 160 28 ävensom
1390 187 332 47 prövningsnämnds

225 265 267 44 ändringslängd
516 260 214 35 beträffande
757 257 153 41 taxering
936 254 53 32 till
1015 252 117 40 statlig
1158 244 346 45 förmögenhetsskatt
1530 244 53 29 må
1609 239 114 32 vidare

226 322 106 40 enligt
353 316 212 34 sistnämnda
586 313 155 43 paragraf
763 311 29 41 ej
816 313 78 27 utan
917 307 65 31 den
1004 302 266 42 skattskyldiges
1292 297 168 42 samtycke
1484 295 167 31 utlämnas
1672 290 53 32 till

227 384 110 20 annan
365 371 145 41 tidigare
537 370 42 29 än
604 367 97 41 tjugu
726 367 36 28 år
790 363 85 31 efter
900 358 167 42 längdens
1094 356 122 30 datum.
1257 349 218 35 BSistberörda
1501 344 186 42 stadgande
1715 343 10 29 i

227 427 37 30 17
286 425 20 41 8
326 421 272 40 sekretesslagen
618 418 52 32 till
691 415 110 43 skydd
822 416 52 29 för
895 405 359 46 förmögenhetslängd
1275 403 132 32 tillkom
1429 401 80 30 1988
1531 400 11 30 i
1563 395 163 34 samband

227 477 77 32 med
326 474 195 33 införandet
544 484 39 19 av
606 469 145 33 särskild
774 467 89 31 skatt
885 468 19 28 å
926 460 244 42 förmögenhet.
1205 454 269 35 Bestämmelsen
1496 452 62 30 har
1580 448 147 32 därefter

228 530 71 31 icke
321 527 180 41 undergått
524 534 110 21 annan
655 521 143 40 ändring
820 521 42 29 än
883 527 70 21 som
975 514 173 40 betingats
1170 511 101 30 därav
1292 510 49 29 att
1362 504 144 33 nämnda
1528 501 199 33 skatteform

229 585 35 29 år
289 581 78 31 1947
393 580 124 30 ersatts
541 575 78 32 med
642 573 117 41 statlig
783 566 354 45 förmögenhetsskatt.

281 634 76 31 Den
378 635 36 28 år
436 630 82 32 1938
540 625 219 45 genomförda
780 621 245 44 lagändringen
1047 617 125 33 skedde
1194 617 44 40 på
1258 611 164 44 grundval
1444 621 39 20 av
1507 607 127 41 förslag
1655 607 74 29 från

232 687 81 31 1936
332 687 54 30 års
405 679 298 36 skattekommitté.
733 674 213 34 Kommittén
966 673 81 30 fann
1068 672 48 29 att
1136 669 118 39 frågan
1274 676 53 21 om
1348 659 262 42 sekretesskydd
1631 657 99 32 tedde

232 739 52 41 sig
303 737 90 32 olika
411 732 217 35 beträffande
648 730 153 39 taxering
820 727 53 31 till
891 726 66 31 den
978 724 42 31 då
1039 720 167 43 utgående
1227 719 62 31 och
1309 716 72 32 tills
1401 714 114 31 vidare
1535 710 194 34 bibehållna

231 791 159 30 inkomst-
413 787 63 32 och
500 780 390 45 förmögenhetsskatten
913 777 62 31 och
999 774 197 40 taxeringen
1220 770 53 31 till
1296 769 65 31 den
1384 778 65 30 nya
1472 766 134 31 skatten
1627 765 20 28 å
1669 762 62 30 för-

232 841 189 43 mögenhet.
454 837 214 33 Kommittén
690 831 158 34 framhöll
867 829 106 32 bland
993 827 112 36 annat,
1128 826 48 30 att
1196 822 65 32 vad
1281 820 197 40 taxeringen
1501 817 52 31 till
1575 815 158 31 inkomst-

234 895 62 31 och
328 888 347 45 förmögenhetsskatt
706 885 144 41 anginge
882 880 159 43 utgjorde
1073 873 375 43 taxeringslängdernas
1481 866 252 43 framläggande

235 948 53 30 för
314 943 161 41 offentlig
502 940 207 43 granskning
737 939 49 29 ett
812 931 259 45 betydelsefullt
1099 929 55 32 led
1182 929 11 30 i
1221 927 106 41 själva
1357 918 375 45 taxeringskontrollen.

237 998 155 39 Ändring
415 994 208 32 därutinnan
647 990 112 32 kunde
788 989 29 40 ej
846 987 41 31 då
914 984 153 33 föreslås.
1105 983 60 29 Att
1190 984 43 38 på
1260 980 67 30 sätt
1354 975 160 33 stundom
1540 973 196 40 ifrågasatts

237 1049 158 42 förbjuda
422 1047 147 32 allenast
595 1040 257 46 publicerandet
879 1039 11 30 i
917 1037 96 41 tryck
1039 1047 40 19 av
1109 1034 98 40 eljest
1235 1029 181 40 offentliga
1444 1023 292 43 taxeringssiffror

237 1098 275 35 överensstämde
540 1098 29 40 ej
597 1096 75 31 med
698 1088 486 47 tryckfrihetsförordningens
1210 1083 169 32 allmänna
1404 1076 254 45 grundprincip,
1686 1085 51 20 en-

236 1155 63 41 ligt
321 1153 112 31 vilken
456 1162 41 20 en
517 1148 183 41 handlings
721 1144 156 33 karaktär
898 1154 39 19 av
958 1141 125 31 allmän
1105 1138 104 31 sådan
1230 1135 101 32 också
1351 1132 165 32 innebure
1539 1141 41 19 en
1602 1130 65 29 rätt
1689 1128 49 29 att

238 1207 11 30 i
276 1205 94 42 tryck
397 1203 115 42 utgiva
541 1201 201 31 densamma.
782 1197 141 31 Oavsett
949 1193 115 31 vilken
1090 1188 221 44 uppfattning
1336 1196 76 21 man
1439 1184 107 30 måste
1572 1182 85 40 hysa
1684 1190 55 20 om

236 1256 246 44 lämpligheten
505 1254 12 31 i
541 1253 62 32 och
625 1252 53 31 för
699 1251 53 40 sig
774 1251 49 29 att
845 1246 119 41 stadga
984 1241 240 43 hemligskydd
1245 1237 215 34 beträffande
1483 1230 256 45 ifrågavarande

239 1309 162 41 taxering,
422 1308 118 41 syntes
561 1305 57 31 det
637 1302 142 33 sålunda
800 1301 29 41 ej
850 1300 113 30 kunna
983 1296 243 41 ifrågakomma
1245 1294 49 29 att
1312 1291 44 31 då
1374 1289 112 31 införa
1505 1286 130 32 sådant.
1665 1283 75 31 Vad

239 1361 198 40 taxeringen
456 1357 55 32 till
530 1355 146 34 särskild
694 1355 91 31 skatt
803 1355 19 29 å
840 1349 236 42 förmögenhet
1096 1346 144 41 anginge
1259 1341 181 33 framlades
1459 1339 107 41 enligt
1586 1335 154 44 gällande

238 1409 259 33 bestämmelser
518 1402 320 44 taxeringslängden
861 1401 29 41 ej
914 1400 54 31 till
990 1397 161 40 offentlig
1172 1393 215 44 granskning.
1420 1389 215 32 Därutinnan
1657 1386 83 30 före-

242 1465 74 40 slog
339 1462 203 33 kommittén
568 1460 101 41 ingen
695 1457 152 40 ändring.
885 1454 51 32 Ur
960 1447 326 44 kontrollsynpunkt
1311 1446 109 32 skulle
1446 1443 102 32 också
1573 1439 169 41 offentlig

242 1515 148 41 görande
414 1526 41 19 av
480 1509 375 44 förmögenhetssiffror
880 1517 77 21 vara
981 1504 133 31 mindre
1139 1501 122 40 viktigt
1286 1502 42 28 än
1353 1492 326 45 offentliggörandet
1703 1502 41 20 av

243 1566 279 34 inkomstsiffror.
555 1563 81 32 Med
658 1559 253 44 utgångspunkt
932 1557 153 32 härifrån
1107 1554 150 39 föreslog
1278 1550 200 32 kommittén
1501 1547 116 31 därför
1639 1544 106 32 sekre-

245 1619 163 42 tesskydd
438 1619 54 30 för
521 1611 370 45 förmögenhetslängd,
921 1613 161 28 ävensom
1112 1608 53 30 för
1195 1605 66 31 den
1290 1601 183 40 avdelning
1502 1610 41 20 av
1573 1597 172 38 ändrings-

243 1672 156 41 längden,
424 1681 74 20 som
524 1679 96 21 avser
644 1666 154 40 taxering
822 1664 52 31 till
899 1661 147 33 särskild
1071 1660 89 31 skatt
1184 1660 19 29 å
1227 1654 244 42 förmögenhet.

296 1723 120 33 Under
448 1718 376 40 remissbehandlingen
855 1727 40 19 av
924 1710 344 39 kommittéförslaget
1299 1706 179 32 framhöllo
1509 1702 105 33 bland
1645 1702 101 30 annat

246 1774 158 41 Sveriges
434 1768 299 35 industriförbund
763 1778 42 19 m.
837 1765 34 31 fl.
902 1759 421 45 näringsorganisationer,
1355 1758 49 29 att
1432 1754 93 40 varje
1554 1751 190 32 kännedom

247 1839 53 20 om
326 1823 419 44 förmögenhetssiffrorna
770 1820 85 32 dock
879 1819 30 41 ej
935 1817 198 41 därigenom
1156 1814 132 30 komme
1311 1813 50 29 att
1382 1808 180 36 uteslutas,
1588 1806 159 31 eftersom

247 1880 100 31 dessa
367 1878 114 31 kunde
502 1876 78 31 med
600 1876 102 40 något
724 1875 109 30 större
852 1871 123 31 besvär
996 1868 170 32 inhämtas
1189 1877 39 20 ur
1251 1859 332 47 uppbördslängden.

300 1932 18 31 I
343 1929 217 49 proposition
592 1927 52 41 (nr
667 1926 73 40 258)
771 1924 54 32 till
852 1923 79 32 1938
956 1924 54 29 års
1037 1919 137 40 riksdag
1198 1917 78 31 med
1301 1915 128 40 förslag
1454 1913 53 31 till
1533 1909 217 42 omläggning

249 1995 40 20 av
308 1983 66 31 den
394 1981 134 32 direkta
547 1976 351 40 statsbeskattningen
916 1985 42 20 m.
980 1984 41 20 m.
1044 1970 158 33 framhöll
1223 1965 245 43 föredragande
1489 1963 261 42 departements-

249 2036 120 31 chefen
388 2034 12 31 i
418 2045 46 19 nu
485 2030 220 34 förevarande
725 2029 94 40 fråga
837 2026 105 32 bland
960 2027 103 29 annat
1083 2025 49 29 att
1150 2022 67 32 han
1236 2020 132 32 anslöte
1388 2018 52 41 sig
1458 2016 55 32 till
1531 2014 219 33 kommitténs

250 2087 129 41 förslag
395 2083 219 34 beträffande
636 2083 116 40 frågan
773 2091 54 21 om
847 2075 264 43 sekretesskydd
1132 2075 52 30 för
1204 2069 370 43 taxeringsresultaten.
1606 2066 52 31 De
1680 2064 72 32 skäl

251 2150 72 20 som
340 2138 131 31 anförts
490 2136 54 31 för
559 2133 193 34 beredande
769 2144 41 20 av
826 2128 264 42 sekretesskydd
1108 2128 52 30 för
1177 2120 358 46 förmögenhetslängd
1552 2120 102 40 jämte
1672 2119 81 29 mot-

252 2189 163 32 svarande
436 2188 56 31 del
512 2199 41 20 av
572 2184 310 43 ändringslängden
902 2193 79 20 vore
999 2179 151 33 bärande
1169 2188 77 21 men
1267 2179 18 29 å
1305 2175 104 32 andra
1430 2173 98 33 sidan
1547 2171 113 32 kunde
1680 2169 73 32 icke

253 2241 164 37 förordas,
447 2242 49 29 att
527 2238 144 42 skyddet
698 2235 206 33 utsträcktes
932 2236 49 29 att
1008 2232 145 32 omfatta
1180 2229 123 42 jämväl
1332 2224 305 41 inkomstlängden.
1677 2222 76 31 Den

253 2292 229 41 offentlighet,
503 2302 74 21 som
595 2290 131 31 komme
746 2284 350 42 inkomsttaxeringen
1116 2282 53 32 till
1188 2281 64 38 del,
1272 2291 80 21 vore
1372 2290 40 20 ur
1430 2274 324 42 kontrollsynpunkt

254 2346 116 32 alltför
391 2341 247 44 betydelsefull
662 2341 54 31 för
739 2341 50 31 att
812 2339 114 31 kunna
949 2335 177 44 uppgivas.
1162 2334 19 32 I
1204 2333 92 31 vissa
1320 2329 181 44 yttranden
1525 2328 87 31 hade
1638 2327 117 40 ifråga-

254 2399 95 34 satts,
378 2398 50 30 att
458 2392 300 42 sekretesskyddet
785 2389 217 34 beträffande
1033 2383 454 45 förmögenhetstaxeringen
1517 2379 109 33 skulle
1657 2380 98 40 göras

257 2448 217 40 fullständigt
504 2457 121 30 genom
652 2443 180 33 införande
861 2454 40 20 av
929 2441 110 42 skydd
1069 2438 122 44 jämväl
1221 2438 53 30 för
1302 2435 215 43 uppgifterna
1549 2444 53 20 om
1630 2425 126 52 debite-
