<?xml version="1.0" encoding="UTF-8"?>
<alto xmlns="http://www.loc.gov/standards/alto/ns-v3#" xmlns:xlink="http://www.w3.org/1999/xlink" xmlns:xsi="http://www.w3.org/2001/XMLSchema-instance" xsi:schemaLocation="http://www.loc.gov/standards/alto/ns-v3# http://www.loc.gov/alto/v3/alto-3-0.xsd">
	<Description>
		<MeasurementUnit>pixel</MeasurementUnit>
		<sourceImageInformation>
			<fileName>/tmp/tess_wm93lys0_input.PNG</fileName>
		</sourceImageInformation>
		<OCRProcessing ID="OCR_0">
			<ocrProcessingStep>
				<processingSoftware>
					<softwareName>tesseract 5.3.0</softwareName>
				</processingSoftware>
			</ocrProcessingStep>
		</OCRProcessing>
	</Description>
	<Layout>
		<Page WIDTH="1880" HEIGHT="2786" PHYSICAL_IMG_NR="0" ID="page_0">
			<PrintSpace HPOS="0" VPOS="0" WIDTH="1880" HEIGHT="2786">
				<ComposedBlock ID="cblock_0" HPOS="279" VPOS="136" WIDTH="1308" HEIGHT="35">
					<TextBlock ID="block_0" HPOS="279" VPOS="136" WIDTH="1308" HEIGHT="35">
						<TextLine ID="line_0" HPOS="279" VPOS="136" WIDTH="1308" HEIGHT="35">
							<String ID="string_0" HPOS="279" VPOS="136" WIDTH="27" HEIGHT="29" WC="0.45" CONTENT="2:"/><SP WIDTH="170" VPOS="136" HPOS="306"/>
							<String ID="string_1" HPOS="476" VPOS="136" WIDTH="103" HEIGHT="26" WC="0.96" CONTENT="Andra"/><SP WIDTH="25" VPOS="136" HPOS="579"/>
							<String ID="string_2" HPOS="604" VPOS="136" WIDTH="197" HEIGHT="27" WC="0.96" CONTENT="kammarens"/><SP WIDTH="27" VPOS="136" HPOS="801"/>
							<String ID="string_3" HPOS="828" VPOS="136" WIDTH="122" HEIGHT="28" WC="0.96" CONTENT="andra"/><SP WIDTH="25" VPOS="136" HPOS="950"/>
							<String ID="string_4" HPOS="975" VPOS="138" WIDTH="153" HEIGHT="33" WC="0.96" CONTENT="tillfälliga"/><SP WIDTH="26" VPOS="138" HPOS="1128"/>
							<String ID="string_5" HPOS="1154" VPOS="138" WIDTH="132" HEIGHT="27" WC="0.96" CONTENT="utskotts"/><SP WIDTH="28" VPOS="138" HPOS="1286"/>
							<String ID="string_6" HPOS="1314" VPOS="139" WIDTH="157" HEIGHT="27" WC="0.96" CONTENT="utlåtande"/><SP WIDTH="26" VPOS="139" HPOS="1471"/>
							<String ID="string_7" HPOS="1497" VPOS="149" WIDTH="37" HEIGHT="17" WC="0.96" CONTENT="nr"/><SP WIDTH="27" VPOS="149" HPOS="1534"/>
							<String ID="string_8" HPOS="1561" VPOS="142" WIDTH="26" HEIGHT="25" WC="0.95" CONTENT="9."/>
						</TextLine>
					</TextBlock>
				</ComposedBlock>
				<ComposedBlock ID="cblock_1" HPOS="277" VPOS="223" WIDTH="1486" HEIGHT="1428">
					<TextBlock ID="block_1" HPOS="278" VPOS="223" WIDTH="1485" HEIGHT="841">
						<TextLine ID="line_1" HPOS="281" VPOS="223" WIDTH="1482" HEIGHT="45">
							<String ID="string_9" HPOS="281" VPOS="223" WIDTH="198" HEIGHT="39" WC="0.92" CONTENT="inflytande"/><SP WIDTH="32" VPOS="223" HPOS="479"/>
							<String ID="string_10" HPOS="511" VPOS="223" WIDTH="20" HEIGHT="31" WC="0.90" CONTENT="å"/><SP WIDTH="32" VPOS="223" HPOS="531"/>
							<String ID="string_11" HPOS="563" VPOS="225" WIDTH="288" HEIGHT="30" WC="0.93" CONTENT="verksamhetens"/><SP WIDTH="33" VPOS="225" HPOS="851"/>
							<String ID="string_12" HPOS="884" VPOS="227" WIDTH="222" HEIGHT="30" WC="0.91" CONTENT="bedrivande."/><SP WIDTH="35" VPOS="227" HPOS="1106"/>
							<String ID="string_13" HPOS="1141" VPOS="228" WIDTH="365" HEIGHT="39" WC="0.92" CONTENT="Markupplåtelserna"/><SP WIDTH="34" VPOS="228" HPOS="1506"/>
							<String ID="string_14" HPOS="1540" VPOS="230" WIDTH="52" HEIGHT="29" WC="0.95" CONTENT="till"/><SP WIDTH="33" VPOS="230" HPOS="1592"/>
							<String ID="string_15" HPOS="1625" VPOS="230" WIDTH="138" HEIGHT="38" WC="0.96" CONTENT="bolaget"/>
						</TextLine>
						<TextLine ID="line_2" HPOS="281" VPOS="277" WIDTH="1482" HEIGHT="45">
							<String ID="string_16" HPOS="281" VPOS="277" WIDTH="67" HEIGHT="29" WC="0.96" CONTENT="och"/><SP WIDTH="22" VPOS="277" HPOS="348"/>
							<String ID="string_17" HPOS="370" VPOS="277" WIDTH="111" HEIGHT="30" WC="0.96" CONTENT="dettas"/><SP WIDTH="20" VPOS="277" HPOS="481"/>
							<String ID="string_18" HPOS="501" VPOS="278" WIDTH="67" HEIGHT="29" WC="0.96" CONTENT="rätt"/><SP WIDTH="23" VPOS="278" HPOS="568"/>
							<String ID="string_19" HPOS="591" VPOS="281" WIDTH="51" HEIGHT="27" WC="0.96" CONTENT="att"/><SP WIDTH="20" VPOS="281" HPOS="642"/>
							<String ID="string_20" HPOS="662" VPOS="278" WIDTH="187" HEIGHT="39" WC="0.96" CONTENT="disponera"/><SP WIDTH="22" VPOS="278" HPOS="849"/>
							<String ID="string_21" HPOS="871" VPOS="281" WIDTH="80" HEIGHT="28" WC="0.96" CONTENT="över"/><SP WIDTH="20" VPOS="281" HPOS="951"/>
							<String ID="string_22" HPOS="971" VPOS="281" WIDTH="254" HEIGHT="39" WC="0.96" CONTENT="avkastningen"/><SP WIDTH="21" VPOS="281" HPOS="1225"/>
							<String ID="string_23" HPOS="1246" VPOS="282" WIDTH="98" HEIGHT="38" WC="0.96" CONTENT="tjäna"/><SP WIDTH="23" VPOS="282" HPOS="1344"/>
							<String ID="string_24" HPOS="1367" VPOS="282" WIDTH="105" HEIGHT="38" WC="0.96" CONTENT="syftet"/><SP WIDTH="21" VPOS="282" HPOS="1472"/>
							<String ID="string_25" HPOS="1493" VPOS="286" WIDTH="50" HEIGHT="26" WC="0.96" CONTENT="att"/><SP WIDTH="21" VPOS="286" HPOS="1543"/>
							<String ID="string_26" HPOS="1564" VPOS="291" WIDTH="39" HEIGHT="30" WC="0.96" CONTENT="ge"/><SP WIDTH="22" VPOS="291" HPOS="1603"/>
							<String ID="string_27" HPOS="1625" VPOS="284" WIDTH="138" HEIGHT="38" WC="0.96" CONTENT="bolaget"/>
						</TextLine>
						<TextLine ID="line_3" HPOS="280" VPOS="330" WIDTH="1483" HEIGHT="45">
							<String ID="string_28" HPOS="280" VPOS="330" WIDTH="230" HEIGHT="39" WC="0.93" CONTENT="erforderliga"/><SP WIDTH="26" VPOS="330" HPOS="510"/>
							<String ID="string_29" HPOS="536" VPOS="332" WIDTH="246" HEIGHT="30" WC="0.92" CONTENT="rörelsemedel"/><SP WIDTH="26" VPOS="332" HPOS="782"/>
							<String ID="string_30" HPOS="808" VPOS="333" WIDTH="56" HEIGHT="29" WC="0.96" CONTENT="för"/><SP WIDTH="27" VPOS="333" HPOS="864"/>
							<String ID="string_31" HPOS="891" VPOS="333" WIDTH="84" HEIGHT="30" WC="0.96" CONTENT="drift"/><SP WIDTH="26" VPOS="333" HPOS="975"/>
							<String ID="string_32" HPOS="1001" VPOS="334" WIDTH="65" HEIGHT="29" WC="0.96" CONTENT="och"/><SP WIDTH="27" VPOS="334" HPOS="1066"/>
							<String ID="string_33" HPOS="1093" VPOS="333" WIDTH="195" HEIGHT="31" WC="0.95" CONTENT="underhåll."/><SP WIDTH="29" VPOS="333" HPOS="1288"/>
							<String ID="string_34" HPOS="1317" VPOS="335" WIDTH="160" HEIGHT="38" WC="0.96" CONTENT="Bolagets"/><SP WIDTH="29" VPOS="335" HPOS="1477"/>
							<String ID="string_35" HPOS="1506" VPOS="336" WIDTH="166" HEIGHT="39" WC="0.96" CONTENT="ställning"/><SP WIDTH="27" VPOS="336" HPOS="1672"/>
							<String ID="string_36" HPOS="1699" VPOS="337" WIDTH="64" HEIGHT="30" WC="0.96" CONTENT="har"/>
						</TextLine>
						<TextLine ID="line_4" HPOS="280" VPOS="383" WIDTH="1482" HEIGHT="45">
							<String ID="string_37" HPOS="280" VPOS="393" WIDTH="125" HEIGHT="20" WC="0.95" CONTENT="senare"/><SP WIDTH="20" VPOS="393" HPOS="405"/>
							<String ID="string_38" HPOS="425" VPOS="383" WIDTH="37" HEIGHT="30" WC="0.95" CONTENT="år"/><SP WIDTH="18" VPOS="383" HPOS="462"/>
							<String ID="string_39" HPOS="480" VPOS="385" WIDTH="139" HEIGHT="29" WC="0.96" CONTENT="alltmer"/><SP WIDTH="19" VPOS="385" HPOS="619"/>
							<String ID="string_40" HPOS="638" VPOS="385" WIDTH="205" HEIGHT="39" WC="0.93" CONTENT="försvagats,"/><SP WIDTH="25" VPOS="385" HPOS="843"/>
							<String ID="string_41" HPOS="868" VPOS="386" WIDTH="124" HEIGHT="31" WC="0.92" CONTENT="»vilket"/><SP WIDTH="19" VPOS="386" HPOS="992"/>
							<String ID="string_42" HPOS="1011" VPOS="388" WIDTH="39" HEIGHT="29" WC="0.96" CONTENT="är"/><SP WIDTH="21" VPOS="388" HPOS="1050"/>
							<String ID="string_43" HPOS="1071" VPOS="398" WIDTH="42" HEIGHT="19" WC="0.96" CONTENT="en"/><SP WIDTH="23" VPOS="398" HPOS="1113"/>
							<String ID="string_44" HPOS="1136" VPOS="389" WIDTH="152" HEIGHT="38" WC="0.96" CONTENT="naturlig"/><SP WIDTH="22" VPOS="389" HPOS="1288"/>
							<String ID="string_45" HPOS="1310" VPOS="389" WIDTH="90" HEIGHT="39" WC="0.96" CONTENT="följd"/><SP WIDTH="21" VPOS="389" HPOS="1400"/>
							<String ID="string_46" HPOS="1421" VPOS="400" WIDTH="41" HEIGHT="19" WC="0.96" CONTENT="av"/><SP WIDTH="21" VPOS="400" HPOS="1462"/>
							<String ID="string_47" HPOS="1483" VPOS="390" WIDTH="170" HEIGHT="30" WC="0.93" CONTENT="kanalens"/><SP WIDTH="22" VPOS="390" HPOS="1653"/>
							<String ID="string_48" HPOS="1675" VPOS="391" WIDTH="87" HEIGHT="29" WC="0.91" CONTENT="min-"/>
						</TextLine>
						<TextLine ID="line_5" HPOS="280" VPOS="436" WIDTH="1482" HEIGHT="39">
							<String ID="string_49" HPOS="280" VPOS="436" WIDTH="110" HEIGHT="30" WC="0.96" CONTENT="skade"/><SP WIDTH="17" VPOS="436" HPOS="390"/>
							<String ID="string_50" HPOS="407" VPOS="437" WIDTH="175" HEIGHT="38" WC="0.96" CONTENT="betydelse"/><SP WIDTH="18" VPOS="437" HPOS="582"/>
							<String ID="string_51" HPOS="600" VPOS="448" WIDTH="76" HEIGHT="20" WC="0.93" CONTENT="som"/><SP WIDTH="17" VPOS="448" HPOS="676"/>
							<String ID="string_52" HPOS="693" VPOS="439" WIDTH="167" HEIGHT="30" WC="0.92" CONTENT="trafikled"/><SP WIDTH="19" VPOS="439" HPOS="860"/>
							<String ID="string_53" HPOS="879" VPOS="441" WIDTH="65" HEIGHT="28" WC="0.96" CONTENT="och"/><SP WIDTH="17" VPOS="441" HPOS="944"/>
							<String ID="string_54" HPOS="961" VPOS="441" WIDTH="60" HEIGHT="29" WC="0.96" CONTENT="allt"/><SP WIDTH="22" VPOS="441" HPOS="1021"/>
							<String ID="string_55" HPOS="1043" VPOS="440" WIDTH="149" HEIGHT="31" WC="0.96" CONTENT="hårdare"/><SP WIDTH="19" VPOS="440" HPOS="1192"/>
							<String ID="string_56" HPOS="1211" VPOS="442" WIDTH="222" HEIGHT="30" WC="0.96" CONTENT="konkurrens"/><SP WIDTH="22" VPOS="442" HPOS="1433"/>
							<String ID="string_57" HPOS="1455" VPOS="442" WIDTH="79" HEIGHT="30" WC="0.95" CONTENT="från"/><SP WIDTH="20" VPOS="442" HPOS="1534"/>
							<String ID="string_58" HPOS="1554" VPOS="444" WIDTH="208" HEIGHT="30" WC="0.96" CONTENT="modernare"/>
						</TextLine>
						<TextLine ID="line_6" HPOS="279" VPOS="491" WIDTH="1483" HEIGHT="42">
							<String ID="string_59" HPOS="279" VPOS="491" WIDTH="329" HEIGHT="38" WC="0.75" CONTENT="transportmedel»."/><SP WIDTH="28" VPOS="491" HPOS="608"/>
							<String ID="string_60" HPOS="636" VPOS="492" WIDTH="169" HEIGHT="30" WC="0.95" CONTENT="Kontoret"/><SP WIDTH="26" VPOS="492" HPOS="805"/>
							<String ID="string_61" HPOS="831" VPOS="493" WIDTH="117" HEIGHT="30" WC="0.96" CONTENT="finner"/><SP WIDTH="25" VPOS="493" HPOS="948"/>
							<String ID="string_62" HPOS="973" VPOS="494" WIDTH="119" HEIGHT="30" WC="0.96" CONTENT="vidare"/><SP WIDTH="26" VPOS="494" HPOS="1092"/>
							<String ID="string_63" HPOS="1118" VPOS="494" WIDTH="76" HEIGHT="30" WC="0.96" CONTENT="icke"/><SP WIDTH="28" VPOS="494" HPOS="1194"/>
							<String ID="string_64" HPOS="1222" VPOS="496" WIDTH="142" HEIGHT="37" WC="0.96" CONTENT="befogat"/><SP WIDTH="27" VPOS="496" HPOS="1364"/>
							<String ID="string_65" HPOS="1391" VPOS="499" WIDTH="50" HEIGHT="27" WC="0.93" CONTENT="att"/><SP WIDTH="27" VPOS="499" HPOS="1441"/>
							<String ID="string_66" HPOS="1468" VPOS="496" WIDTH="120" HEIGHT="30" WC="0.93" CONTENT="skrida"/><SP WIDTH="27" VPOS="496" HPOS="1588"/>
							<String ID="string_67" HPOS="1615" VPOS="496" WIDTH="52" HEIGHT="30" WC="0.93" CONTENT="till"/><SP WIDTH="26" VPOS="496" HPOS="1667"/>
							<String ID="string_68" HPOS="1693" VPOS="497" WIDTH="69" HEIGHT="29" WC="0.93" CONTENT="för-"/>
						</TextLine>
						<TextLine ID="line_7" HPOS="280" VPOS="543" WIDTH="1482" HEIGHT="44">
							<String ID="string_69" HPOS="280" VPOS="543" WIDTH="210" HEIGHT="39" WC="0.91" CONTENT="statligande"/><SP WIDTH="18" VPOS="543" HPOS="490"/>
							<String ID="string_70" HPOS="508" VPOS="553" WIDTH="42" HEIGHT="21" WC="0.96" CONTENT="av"/><SP WIDTH="20" VPOS="553" HPOS="550"/>
							<String ID="string_71" HPOS="570" VPOS="547" WIDTH="48" HEIGHT="27" WC="0.96" CONTENT="ett"/><SP WIDTH="21" VPOS="547" HPOS="618"/>
							<String ID="string_72" HPOS="639" VPOS="545" WIDTH="135" HEIGHT="30" WC="0.93" CONTENT="mindre"/><SP WIDTH="19" VPOS="545" HPOS="774"/>
							<String ID="string_73" HPOS="793" VPOS="546" WIDTH="211" HEIGHT="39" WC="0.92" CONTENT="bärkraftigt"/><SP WIDTH="19" VPOS="546" HPOS="1004"/>
							<String ID="string_74" HPOS="1023" VPOS="548" WIDTH="137" HEIGHT="38" WC="0.95" CONTENT="företag"/><SP WIDTH="19" VPOS="548" HPOS="1160"/>
							<String ID="string_75" HPOS="1179" VPOS="549" WIDTH="122" HEIGHT="29" WC="0.96" CONTENT="enbart"/><SP WIDTH="21" VPOS="549" HPOS="1301"/>
							<String ID="string_76" HPOS="1322" VPOS="549" WIDTH="55" HEIGHT="29" WC="0.96" CONTENT="för"/><SP WIDTH="20" VPOS="549" HPOS="1377"/>
							<String ID="string_77" HPOS="1397" VPOS="552" WIDTH="49" HEIGHT="27" WC="0.96" CONTENT="att"/><SP WIDTH="20" VPOS="552" HPOS="1446"/>
							<String ID="string_78" HPOS="1466" VPOS="549" WIDTH="184" HEIGHT="38" WC="0.96" CONTENT="tillgodose"/><SP WIDTH="21" VPOS="549" HPOS="1650"/>
							<String ID="string_79" HPOS="1671" VPOS="550" WIDTH="91" HEIGHT="30" WC="0.96" CONTENT="vissa"/>
						</TextLine>
						<TextLine ID="line_8" HPOS="279" VPOS="596" WIDTH="1482" HEIGHT="39">
							<String ID="string_80" HPOS="279" VPOS="596" WIDTH="350" HEIGHT="39" WC="0.91" CONTENT="personalintressen."/><SP WIDTH="24" VPOS="596" HPOS="629"/>
							<String ID="string_81" HPOS="653" VPOS="598" WIDTH="269" HEIGHT="31" WC="0.92" CONTENT="Kanaltrafiken"/><SP WIDTH="19" VPOS="598" HPOS="922"/>
							<String ID="string_82" HPOS="941" VPOS="600" WIDTH="117" HEIGHT="30" WC="0.96" CONTENT="visade"/><SP WIDTH="24" VPOS="600" HPOS="1058"/>
							<String ID="string_83" HPOS="1082" VPOS="599" WIDTH="39" HEIGHT="31" WC="0.96" CONTENT="år"/><SP WIDTH="22" VPOS="599" HPOS="1121"/>
							<String ID="string_84" HPOS="1143" VPOS="602" WIDTH="80" HEIGHT="28" WC="0.96" CONTENT="1947"/><SP WIDTH="23" VPOS="602" HPOS="1223"/>
							<String ID="string_85" HPOS="1246" VPOS="604" WIDTH="47" HEIGHT="27" WC="0.95" CONTENT="ett"/><SP WIDTH="20" VPOS="604" HPOS="1293"/>
							<String ID="string_86" HPOS="1313" VPOS="602" WIDTH="209" HEIGHT="30" WC="0.96" CONTENT="underskott"/><SP WIDTH="21" VPOS="602" HPOS="1522"/>
							<String ID="string_87" HPOS="1543" VPOS="612" WIDTH="57" HEIGHT="20" WC="0.96" CONTENT="om"/><SP WIDTH="22" VPOS="612" HPOS="1600"/>
							<String ID="string_88" HPOS="1622" VPOS="604" WIDTH="62" HEIGHT="29" WC="0.96" CONTENT="200"/><SP WIDTH="14" VPOS="604" HPOS="1684"/>
							<String ID="string_89" HPOS="1698" VPOS="604" WIDTH="63" HEIGHT="29" WC="0.96" CONTENT="000"/>
						</TextLine>
						<TextLine ID="line_9" HPOS="279" VPOS="649" WIDTH="1482" HEIGHT="44">
							<String ID="string_90" HPOS="279" VPOS="649" WIDTH="63" HEIGHT="36" WC="0.88" CONTENT="kr.,"/><SP WIDTH="20" VPOS="649" HPOS="342"/>
							<String ID="string_91" HPOS="362" VPOS="649" WIDTH="106" HEIGHT="31" WC="0.96" CONTENT="vilket"/><SP WIDTH="18" VPOS="649" HPOS="468"/>
							<String ID="string_92" HPOS="486" VPOS="650" WIDTH="136" HEIGHT="31" WC="0.96" CONTENT="kunnat"/><SP WIDTH="19" VPOS="650" HPOS="622"/>
							<String ID="string_93" HPOS="641" VPOS="652" WIDTH="119" HEIGHT="30" WC="0.96" CONTENT="täckas"/><SP WIDTH="19" VPOS="652" HPOS="760"/>
							<String ID="string_94" HPOS="779" VPOS="653" WIDTH="124" HEIGHT="29" WC="0.96" CONTENT="endast"/><SP WIDTH="20" VPOS="653" HPOS="903"/>
							<String ID="string_95" HPOS="923" VPOS="661" WIDTH="124" HEIGHT="31" WC="0.96" CONTENT="genom"/><SP WIDTH="18" VPOS="661" HPOS="1047"/>
							<String ID="string_96" HPOS="1065" VPOS="654" WIDTH="255" HEIGHT="39" WC="0.95" CONTENT="avkastningen"/><SP WIDTH="20" VPOS="654" HPOS="1320"/>
							<String ID="string_97" HPOS="1340" VPOS="665" WIDTH="43" HEIGHT="20" WC="0.95" CONTENT="av"/><SP WIDTH="18" VPOS="665" HPOS="1383"/>
							<String ID="string_98" HPOS="1401" VPOS="655" WIDTH="264" HEIGHT="38" WC="0.96" CONTENT="fastigheterna,"/><SP WIDTH="21" VPOS="655" HPOS="1665"/>
							<String ID="string_99" HPOS="1686" VPOS="666" WIDTH="75" HEIGHT="20" WC="0.95" CONTENT="som"/>
						</TextLine>
						<TextLine ID="line_10" HPOS="279" VPOS="704" WIDTH="1482" HEIGHT="44">
							<String ID="string_100" HPOS="279" VPOS="704" WIDTH="156" HEIGHT="38" WC="0.96" CONTENT="uppgick"/><SP WIDTH="15" VPOS="704" HPOS="435"/>
							<String ID="string_101" HPOS="450" VPOS="704" WIDTH="51" HEIGHT="30" WC="0.96" CONTENT="till"/><SP WIDTH="15" VPOS="704" HPOS="501"/>
							<String ID="string_102" HPOS="516" VPOS="705" WIDTH="62" HEIGHT="30" WC="0.95" CONTENT="253"/><SP WIDTH="14" VPOS="705" HPOS="578"/>
							<String ID="string_103" HPOS="592" VPOS="706" WIDTH="64" HEIGHT="29" WC="0.96" CONTENT="000"/><SP WIDTH="16" VPOS="706" HPOS="656"/>
							<String ID="string_104" HPOS="672" VPOS="706" WIDTH="50" HEIGHT="29" WC="0.96" CONTENT="kr."/><SP WIDTH="17" VPOS="706" HPOS="722"/>
							<String ID="string_105" HPOS="739" VPOS="706" WIDTH="106" HEIGHT="39" WC="0.94" CONTENT="Läget"/><SP WIDTH="15" VPOS="706" HPOS="845"/>
							<String ID="string_106" HPOS="860" VPOS="707" WIDTH="39" HEIGHT="29" WC="0.96" CONTENT="är"/><SP WIDTH="13" VPOS="707" HPOS="899"/>
							<String ID="string_107" HPOS="912" VPOS="707" WIDTH="110" HEIGHT="35" WC="0.96" CONTENT="alltså,"/><SP WIDTH="17" VPOS="707" HPOS="1022"/>
							<String ID="string_108" HPOS="1039" VPOS="711" WIDTH="50" HEIGHT="27" WC="0.93" CONTENT="att"/><SP WIDTH="17" VPOS="711" HPOS="1089"/>
							<String ID="string_109" HPOS="1106" VPOS="709" WIDTH="342" HEIGHT="39" WC="0.91" CONTENT="förutsättningarna"/><SP WIDTH="18" VPOS="709" HPOS="1448"/>
							<String ID="string_110" HPOS="1466" VPOS="711" WIDTH="55" HEIGHT="29" WC="0.95" CONTENT="för"/><SP WIDTH="17" VPOS="711" HPOS="1521"/>
							<String ID="string_111" HPOS="1538" VPOS="711" WIDTH="87" HEIGHT="30" WC="0.93" CONTENT="Göta"/><SP WIDTH="16" VPOS="711" HPOS="1625"/>
							<String ID="string_112" HPOS="1641" VPOS="712" WIDTH="120" HEIGHT="30" WC="0.93" CONTENT="kanal-"/>
						</TextLine>
						<TextLine ID="line_11" HPOS="278" VPOS="757" WIDTH="1482" HEIGHT="46">
							<String ID="string_113" HPOS="278" VPOS="757" WIDTH="123" HEIGHT="39" WC="0.96" CONTENT="bolags"/><SP WIDTH="25" VPOS="757" HPOS="401"/>
							<String ID="string_114" HPOS="426" VPOS="757" WIDTH="167" HEIGHT="31" WC="0.96" CONTENT="drivande"/><SP WIDTH="27" VPOS="757" HPOS="593"/>
							<String ID="string_115" HPOS="620" VPOS="768" WIDTH="76" HEIGHT="20" WC="0.96" CONTENT="som"/><SP WIDTH="26" VPOS="768" HPOS="696"/>
							<String ID="string_116" HPOS="722" VPOS="762" WIDTH="47" HEIGHT="27" WC="0.96" CONTENT="ett"/><SP WIDTH="25" VPOS="762" HPOS="769"/>
							<String ID="string_117" HPOS="794" VPOS="759" WIDTH="242" HEIGHT="40" WC="0.95" CONTENT="vinstgivande"/><SP WIDTH="29" VPOS="759" HPOS="1036"/>
							<String ID="string_118" HPOS="1065" VPOS="761" WIDTH="137" HEIGHT="40" WC="0.96" CONTENT="företag"/><SP WIDTH="26" VPOS="761" HPOS="1202"/>
							<String ID="string_119" HPOS="1228" VPOS="762" WIDTH="177" HEIGHT="39" WC="0.96" CONTENT="knappast"/><SP WIDTH="28" VPOS="762" HPOS="1405"/>
							<String ID="string_120" HPOS="1433" VPOS="764" WIDTH="119" HEIGHT="38" WC="0.96" CONTENT="längre"/><SP WIDTH="29" VPOS="764" HPOS="1552"/>
							<String ID="string_121" HPOS="1581" VPOS="764" WIDTH="179" HEIGHT="39" WC="0.95" CONTENT="föreligga."/>
						</TextLine>
						<TextLine ID="line_12" HPOS="279" VPOS="810" WIDTH="1482" HEIGHT="44">
							<String ID="string_122" HPOS="279" VPOS="810" WIDTH="139" HEIGHT="30" WC="0.96" CONTENT="Statens"/><SP WIDTH="26" VPOS="810" HPOS="418"/>
							<String ID="string_123" HPOS="444" VPOS="812" WIDTH="234" HEIGHT="38" WC="0.96" CONTENT="övertagande"/><SP WIDTH="26" VPOS="812" HPOS="678"/>
							<String ID="string_124" HPOS="704" VPOS="822" WIDTH="41" HEIGHT="20" WC="0.96" CONTENT="av"/><SP WIDTH="25" VPOS="822" HPOS="745"/>
							<String ID="string_125" HPOS="770" VPOS="812" WIDTH="153" HEIGHT="31" WC="0.96" CONTENT="kanalen"/><SP WIDTH="27" VPOS="812" HPOS="923"/>
							<String ID="string_126" HPOS="950" VPOS="814" WIDTH="111" HEIGHT="30" WC="0.96" CONTENT="skulle"/><SP WIDTH="27" VPOS="814" HPOS="1061"/>
							<String ID="string_127" HPOS="1088" VPOS="815" WIDTH="280" HEIGHT="39" WC="0.96" CONTENT="uppenbarligen"/><SP WIDTH="27" VPOS="815" HPOS="1368"/>
							<String ID="string_128" HPOS="1395" VPOS="817" WIDTH="46" HEIGHT="29" WC="0.96" CONTENT="bli"/><SP WIDTH="30" VPOS="817" HPOS="1441"/>
							<String ID="string_129" HPOS="1471" VPOS="817" WIDTH="54" HEIGHT="29" WC="0.93" CONTENT="för"/><SP WIDTH="27" VPOS="817" HPOS="1525"/>
							<String ID="string_130" HPOS="1552" VPOS="818" WIDTH="209" HEIGHT="30" WC="0.91" CONTENT="statsverket"/>
						</TextLine>
						<TextLine ID="line_13" HPOS="279" VPOS="862" WIDTH="1482" HEIGHT="44">
							<String ID="string_131" HPOS="279" VPOS="862" WIDTH="274" HEIGHT="41" WC="0.91" CONTENT="oförmånligare"/><SP WIDTH="20" VPOS="862" HPOS="553"/>
							<String ID="string_132" HPOS="573" VPOS="866" WIDTH="45" HEIGHT="29" WC="0.96" CONTENT="än"/><SP WIDTH="20" VPOS="866" HPOS="618"/>
							<String ID="string_133" HPOS="638" VPOS="866" WIDTH="67" HEIGHT="29" WC="0.96" CONTENT="den"/><SP WIDTH="20" VPOS="866" HPOS="705"/>
							<String ID="string_134" HPOS="725" VPOS="867" WIDTH="204" HEIGHT="29" WC="0.96" CONTENT="nuvarande"/><SP WIDTH="21" VPOS="867" HPOS="929"/>
							<String ID="string_135" HPOS="950" VPOS="867" WIDTH="212" HEIGHT="39" WC="0.96" CONTENT="ordningens"/><SP WIDTH="20" VPOS="867" HPOS="1162"/>
							<String ID="string_136" HPOS="1182" VPOS="868" WIDTH="257" HEIGHT="31" WC="0.96" CONTENT="bibehållande."/><SP WIDTH="22" VPOS="868" HPOS="1439"/>
							<String ID="string_137" HPOS="1461" VPOS="870" WIDTH="170" HEIGHT="30" WC="0.90" CONTENT="Kontoret"/><SP WIDTH="21" VPOS="870" HPOS="1631"/>
							<String ID="string_138" HPOS="1652" VPOS="871" WIDTH="109" HEIGHT="30" WC="0.90" CONTENT="förut-"/>
						</TextLine>
						<TextLine ID="line_14" HPOS="279" VPOS="917" WIDTH="1483" HEIGHT="44">
							<String ID="string_139" HPOS="279" VPOS="917" WIDTH="110" HEIGHT="30" WC="0.96" CONTENT="sätter"/><SP WIDTH="20" VPOS="917" HPOS="389"/>
							<String ID="string_140" HPOS="409" VPOS="918" WIDTH="202" HEIGHT="35" WC="0.95" CONTENT="emellertid,"/><SP WIDTH="23" VPOS="918" HPOS="611"/>
							<String ID="string_141" HPOS="634" VPOS="922" WIDTH="50" HEIGHT="26" WC="0.96" CONTENT="att"/><SP WIDTH="21" VPOS="922" HPOS="684"/>
							<String ID="string_142" HPOS="705" VPOS="922" WIDTH="112" HEIGHT="27" WC="0.96" CONTENT="staten"/><SP WIDTH="23" VPOS="922" HPOS="817"/>
							<String ID="string_143" HPOS="840" VPOS="921" WIDTH="62" HEIGHT="37" WC="0.96" CONTENT="gör"/><SP WIDTH="22" VPOS="921" HPOS="902"/>
							<String ID="string_144" HPOS="924" VPOS="920" WIDTH="57" HEIGHT="30" WC="0.96" CONTENT="sitt"/><SP WIDTH="23" VPOS="920" HPOS="981"/>
							<String ID="string_145" HPOS="1004" VPOS="920" WIDTH="196" HEIGHT="39" WC="0.96" CONTENT="inflytande"/><SP WIDTH="23" VPOS="920" HPOS="1200"/>
							<String ID="string_146" HPOS="1223" VPOS="922" WIDTH="9" HEIGHT="29" WC="0.93" CONTENT="i"/><SP WIDTH="26" VPOS="922" HPOS="1232"/>
							<String ID="string_147" HPOS="1258" VPOS="922" WIDTH="247" HEIGHT="39" WC="0.91" CONTENT="kanalbolaget"/><SP WIDTH="23" VPOS="922" HPOS="1505"/>
							<String ID="string_148" HPOS="1528" VPOS="924" WIDTH="170" HEIGHT="37" WC="0.96" CONTENT="gällande,"/><SP WIDTH="26" VPOS="924" HPOS="1698"/>
							<String ID="string_149" HPOS="1724" VPOS="923" WIDTH="38" HEIGHT="31" WC="0.96" CONTENT="så"/>
						</TextLine>
						<TextLine ID="line_15" HPOS="278" VPOS="971" WIDTH="1483" HEIGHT="44">
							<String ID="string_150" HPOS="278" VPOS="973" WIDTH="51" HEIGHT="27" WC="0.96" CONTENT="att"/><SP WIDTH="28" VPOS="973" HPOS="329"/>
							<String ID="string_151" HPOS="357" VPOS="972" WIDTH="208" HEIGHT="37" WC="0.95" CONTENT="personalen"/><SP WIDTH="28" VPOS="972" HPOS="565"/>
							<String ID="string_152" HPOS="593" VPOS="971" WIDTH="235" HEIGHT="31" WC="0.95" CONTENT="tillförsäkras"/><SP WIDTH="30" VPOS="971" HPOS="828"/>
							<String ID="string_153" HPOS="858" VPOS="973" WIDTH="132" HEIGHT="39" WC="0.93" CONTENT="skäliga"/><SP WIDTH="29" VPOS="973" HPOS="990"/>
							<String ID="string_154" HPOS="1019" VPOS="974" WIDTH="371" HEIGHT="40" WC="0.90" CONTENT="anställningsvillkor,"/><SP WIDTH="32" VPOS="974" HPOS="1390"/>
							<String ID="string_155" HPOS="1422" VPOS="985" WIDTH="56" HEIGHT="20" WC="0.96" CONTENT="om"/><SP WIDTH="30" VPOS="985" HPOS="1478"/>
							<String ID="string_156" HPOS="1508" VPOS="975" WIDTH="106" HEIGHT="40" WC="0.92" CONTENT="något"/><SP WIDTH="31" VPOS="975" HPOS="1614"/>
							<String ID="string_157" HPOS="1645" VPOS="977" WIDTH="116" HEIGHT="30" WC="0.92" CONTENT="därut-"/>
						</TextLine>
						<TextLine ID="line_16" HPOS="278" VPOS="1022" WIDTH="543" HEIGHT="42">
							<String ID="string_158" HPOS="278" VPOS="1022" WIDTH="112" HEIGHT="32" WC="0.96" CONTENT="innan"/><SP WIDTH="19" VPOS="1022" HPOS="390"/>
							<String ID="string_159" HPOS="409" VPOS="1024" WIDTH="110" HEIGHT="30" WC="0.96" CONTENT="skulle"/><SP WIDTH="20" VPOS="1024" HPOS="519"/>
							<String ID="string_160" HPOS="539" VPOS="1024" WIDTH="74" HEIGHT="31" WC="0.96" CONTENT="visa"/><SP WIDTH="21" VPOS="1024" HPOS="613"/>
							<String ID="string_161" HPOS="634" VPOS="1025" WIDTH="51" HEIGHT="39" WC="0.96" CONTENT="sig"/><SP WIDTH="18" VPOS="1025" HPOS="685"/>
							<String ID="string_162" HPOS="703" VPOS="1025" WIDTH="118" HEIGHT="31" WC="0.96" CONTENT="brista."/>
						</TextLine>
					</TextBlock>
					<TextBlock ID="block_2" HPOS="277" VPOS="1077" WIDTH="1484" HEIGHT="307">
						<TextLine ID="line_17" HPOS="323" VPOS="1077" WIDTH="1438" HEIGHT="45">
							<String ID="string_163" HPOS="323" VPOS="1077" WIDTH="87" HEIGHT="38" WC="0.91" CONTENT="Väg-"/><SP WIDTH="19" VPOS="1077" HPOS="410"/>
							<String ID="string_164" HPOS="429" VPOS="1078" WIDTH="64" HEIGHT="29" WC="0.92" CONTENT="och"/><SP WIDTH="16" VPOS="1078" HPOS="493"/>
							<String ID="string_165" HPOS="509" VPOS="1079" WIDTH="472" HEIGHT="39" WC="0.91" CONTENT="vattenbyggnadsstyrelsen"/><SP WIDTH="19" VPOS="1079" HPOS="981"/>
							<String ID="string_166" HPOS="1000" VPOS="1079" WIDTH="215" HEIGHT="37" WC="0.96" CONTENT="framhåller,"/><SP WIDTH="18" VPOS="1079" HPOS="1215"/>
							<String ID="string_167" HPOS="1233" VPOS="1085" WIDTH="49" HEIGHT="26" WC="0.95" CONTENT="att"/><SP WIDTH="18" VPOS="1085" HPOS="1282"/>
							<String ID="string_168" HPOS="1300" VPOS="1082" WIDTH="222" HEIGHT="29" WC="0.96" CONTENT="motionären"/><SP WIDTH="18" VPOS="1082" HPOS="1522"/>
							<String ID="string_169" HPOS="1540" VPOS="1082" WIDTH="77" HEIGHT="30" WC="0.93" CONTENT="icke"/><SP WIDTH="17" VPOS="1082" HPOS="1617"/>
							<String ID="string_170" HPOS="1634" VPOS="1082" WIDTH="127" HEIGHT="40" WC="0.91" CONTENT="ifråga-"/>
						</TextLine>
						<TextLine ID="line_18" HPOS="278" VPOS="1132" WIDTH="1482" HEIGHT="40">
							<String ID="string_171" HPOS="278" VPOS="1134" WIDTH="67" HEIGHT="26" WC="0.95" CONTENT="satt"/><SP WIDTH="18" VPOS="1134" HPOS="345"/>
							<String ID="string_172" HPOS="363" VPOS="1134" WIDTH="106" HEIGHT="27" WC="0.96" CONTENT="annat"/><SP WIDTH="17" VPOS="1134" HPOS="469"/>
							<String ID="string_173" HPOS="486" VPOS="1132" WIDTH="43" HEIGHT="29" WC="0.96" CONTENT="än"/><SP WIDTH="19" VPOS="1132" HPOS="529"/>
							<String ID="string_174" HPOS="548" VPOS="1135" WIDTH="49" HEIGHT="26" WC="0.96" CONTENT="att"/><SP WIDTH="21" VPOS="1135" HPOS="597"/>
							<String ID="string_175" HPOS="618" VPOS="1132" WIDTH="147" HEIGHT="30" WC="0.96" CONTENT="kanalen"/><SP WIDTH="19" VPOS="1132" HPOS="765"/>
							<String ID="string_176" HPOS="784" VPOS="1133" WIDTH="108" HEIGHT="30" WC="0.96" CONTENT="skötts"/><SP WIDTH="19" VPOS="1133" HPOS="892"/>
							<String ID="string_177" HPOS="911" VPOS="1132" WIDTH="43" HEIGHT="40" WC="0.96" CONTENT="på"/><SP WIDTH="18" VPOS="1132" HPOS="954"/>
							<String ID="string_178" HPOS="972" VPOS="1137" WIDTH="45" HEIGHT="27" WC="0.96" CONTENT="ett"/><SP WIDTH="19" VPOS="1137" HPOS="1017"/>
							<String ID="string_179" HPOS="1036" VPOS="1134" WIDTH="55" HEIGHT="29" WC="0.96" CONTENT="för"/><SP WIDTH="19" VPOS="1134" HPOS="1091"/>
							<String ID="string_180" HPOS="1110" VPOS="1134" WIDTH="150" HEIGHT="30" WC="0.96" CONTENT="trafiken"/><SP WIDTH="19" VPOS="1134" HPOS="1260"/>
							<String ID="string_181" HPOS="1279" VPOS="1135" WIDTH="10" HEIGHT="29" WC="0.96" CONTENT="i"/><SP WIDTH="20" VPOS="1135" HPOS="1289"/>
							<String ID="string_182" HPOS="1309" VPOS="1136" WIDTH="202" HEIGHT="29" WC="0.93" CONTENT="densamma"/><SP WIDTH="21" VPOS="1136" HPOS="1511"/>
							<String ID="string_183" HPOS="1532" VPOS="1136" WIDTH="228" HEIGHT="31" WC="0.91" CONTENT="tillfredsstäl-"/>
						</TextLine>
						<TextLine ID="line_19" HPOS="277" VPOS="1183" WIDTH="1482" HEIGHT="43">
							<String ID="string_184" HPOS="277" VPOS="1183" WIDTH="106" HEIGHT="30" WC="0.96" CONTENT="lande"/><SP WIDTH="21" VPOS="1183" HPOS="383"/>
							<String ID="string_185" HPOS="404" VPOS="1184" WIDTH="67" HEIGHT="29" WC="0.96" CONTENT="sätt"/><SP WIDTH="21" VPOS="1184" HPOS="471"/>
							<String ID="string_186" HPOS="492" VPOS="1184" WIDTH="65" HEIGHT="30" WC="0.96" CONTENT="och"/><SP WIDTH="20" VPOS="1184" HPOS="557"/>
							<String ID="string_187" HPOS="577" VPOS="1188" WIDTH="52" HEIGHT="26" WC="0.96" CONTENT="att"/><SP WIDTH="19" VPOS="1188" HPOS="629"/>
							<String ID="string_188" HPOS="648" VPOS="1185" WIDTH="76" HEIGHT="30" WC="0.96" CONTENT="icke"/><SP WIDTH="19" VPOS="1185" HPOS="724"/>
							<String ID="string_189" HPOS="743" VPOS="1186" WIDTH="110" HEIGHT="29" WC="0.96" CONTENT="heller"/><SP WIDTH="21" VPOS="1186" HPOS="853"/>
							<String ID="string_190" HPOS="874" VPOS="1186" WIDTH="10" HEIGHT="29" WC="0.96" CONTENT="i"/><SP WIDTH="20" VPOS="1186" HPOS="884"/>
							<String ID="string_191" HPOS="904" VPOS="1190" WIDTH="107" HEIGHT="26" WC="0.96" CONTENT="annat"/><SP WIDTH="20" VPOS="1190" HPOS="1011"/>
							<String ID="string_192" HPOS="1031" VPOS="1188" WIDTH="257" HEIGHT="38" WC="0.90" CONTENT="sammanhang"/><SP WIDTH="21" VPOS="1188" HPOS="1288"/>
							<String ID="string_193" HPOS="1309" VPOS="1187" WIDTH="53" HEIGHT="30" WC="0.96" CONTENT="till"/><SP WIDTH="21" VPOS="1187" HPOS="1362"/>
							<String ID="string_194" HPOS="1383" VPOS="1188" WIDTH="169" HEIGHT="38" WC="0.96" CONTENT="styrelsen"/><SP WIDTH="24" VPOS="1188" HPOS="1552"/>
							<String ID="string_195" HPOS="1576" VPOS="1189" WIDTH="183" HEIGHT="30" WC="0.96" CONTENT="framförts"/>
						</TextLine>
						<TextLine ID="line_20" HPOS="277" VPOS="1236" WIDTH="1483" HEIGHT="45">
							<String ID="string_196" HPOS="277" VPOS="1236" WIDTH="179" HEIGHT="40" WC="0.95" CONTENT="klagomål"/><SP WIDTH="26" VPOS="1236" HPOS="456"/>
							<String ID="string_197" HPOS="482" VPOS="1239" WIDTH="150" HEIGHT="28" WC="0.92" CONTENT="rörande"/><SP WIDTH="28" VPOS="1239" HPOS="632"/>
							<String ID="string_198" HPOS="660" VPOS="1238" WIDTH="381" HEIGHT="32" WC="0.87" CONTENT="trafikförhållandena"/><SP WIDTH="27" VPOS="1238" HPOS="1041"/>
							<String ID="string_199" HPOS="1068" VPOS="1240" WIDTH="57" HEIGHT="30" WC="0.96" CONTENT="vid"/><SP WIDTH="29" VPOS="1240" HPOS="1125"/>
							<String ID="string_200" HPOS="1154" VPOS="1241" WIDTH="162" HEIGHT="30" WC="0.95" CONTENT="kanalen."/><SP WIDTH="30" VPOS="1241" HPOS="1316"/>
							<String ID="string_201" HPOS="1346" VPOS="1241" WIDTH="174" HEIGHT="38" WC="0.96" CONTENT="Styrelsen"/><SP WIDTH="29" VPOS="1241" HPOS="1520"/>
							<String ID="string_202" HPOS="1549" VPOS="1251" WIDTH="103" HEIGHT="21" WC="0.95" CONTENT="anser"/><SP WIDTH="28" VPOS="1251" HPOS="1652"/>
							<String ID="string_203" HPOS="1680" VPOS="1242" WIDTH="80" HEIGHT="39" WC="0.96" CONTENT="inga"/>
						</TextLine>
						<TextLine ID="line_21" HPOS="278" VPOS="1291" WIDTH="1482" HEIGHT="41">
							<String ID="string_204" HPOS="278" VPOS="1291" WIDTH="299" HEIGHT="39" WC="0.96" CONTENT="omständigheter"/><SP WIDTH="20" VPOS="1291" HPOS="577"/>
							<String ID="string_205" HPOS="597" VPOS="1292" WIDTH="178" HEIGHT="39" WC="0.96" CONTENT="föreligga,"/><SP WIDTH="21" VPOS="1292" HPOS="775"/>
							<String ID="string_206" HPOS="796" VPOS="1302" WIDTH="76" HEIGHT="20" WC="0.96" CONTENT="som"/><SP WIDTH="19" VPOS="1302" HPOS="872"/>
							<String ID="string_207" HPOS="891" VPOS="1303" WIDTH="41" HEIGHT="19" WC="0.96" CONTENT="ur"/><SP WIDTH="18" VPOS="1303" HPOS="932"/>
							<String ID="string_208" HPOS="950" VPOS="1294" WIDTH="76" HEIGHT="29" WC="0.96" CONTENT="dess"/><SP WIDTH="22" VPOS="1294" HPOS="1026"/>
							<String ID="string_209" HPOS="1048" VPOS="1294" WIDTH="180" HEIGHT="38" WC="0.96" CONTENT="synpunkt"/><SP WIDTH="19" VPOS="1294" HPOS="1228"/>
							<String ID="string_210" HPOS="1247" VPOS="1294" WIDTH="122" HEIGHT="30" WC="0.96" CONTENT="kunna"/><SP WIDTH="21" VPOS="1294" HPOS="1369"/>
							<String ID="string_211" HPOS="1390" VPOS="1294" WIDTH="170" HEIGHT="31" WC="0.96" CONTENT="motivera"/><SP WIDTH="23" VPOS="1294" HPOS="1560"/>
							<String ID="string_212" HPOS="1583" VPOS="1305" WIDTH="42" HEIGHT="20" WC="0.91" CONTENT="en"/><SP WIDTH="21" VPOS="1305" HPOS="1625"/>
							<String ID="string_213" HPOS="1646" VPOS="1296" WIDTH="114" HEIGHT="29" WC="0.91" CONTENT="utred-"/>
						</TextLine>
						<TextLine ID="line_22" HPOS="277" VPOS="1343" WIDTH="457" HEIGHT="41">
							<String ID="string_214" HPOS="277" VPOS="1343" WIDTH="86" HEIGHT="40" WC="0.96" CONTENT="ning"/><SP WIDTH="19" VPOS="1343" HPOS="363"/>
							<String ID="string_215" HPOS="382" VPOS="1353" WIDTH="57" HEIGHT="21" WC="0.96" CONTENT="om"/><SP WIDTH="18" VPOS="1353" HPOS="439"/>
							<String ID="string_216" HPOS="457" VPOS="1345" WIDTH="277" HEIGHT="39" WC="0.96" CONTENT="förstatligande."/>
						</TextLine>
					</TextBlock>
					<TextBlock ID="block_3" HPOS="277" VPOS="1397" WIDTH="1483" HEIGHT="254">
						<TextLine ID="line_23" HPOS="323" VPOS="1397" WIDTH="1437" HEIGHT="42">
							<String ID="string_217" HPOS="323" VPOS="1397" WIDTH="175" HEIGHT="39" WC="0.96" CONTENT="Styrelsen"/><SP WIDTH="29" VPOS="1397" HPOS="498"/>
							<String ID="string_218" HPOS="527" VPOS="1398" WIDTH="56" HEIGHT="30" WC="0.96" CONTENT="för"/><SP WIDTH="31" VPOS="1398" HPOS="583"/>
							<String ID="string_219" HPOS="614" VPOS="1398" WIDTH="87" HEIGHT="31" WC="0.93" CONTENT="Göta"/><SP WIDTH="28" VPOS="1398" HPOS="701"/>
							<String ID="string_220" HPOS="729" VPOS="1399" WIDTH="195" HEIGHT="30" WC="0.91" CONTENT="kanalverk"/><SP WIDTH="30" VPOS="1399" HPOS="924"/>
							<String ID="string_221" HPOS="954" VPOS="1400" WIDTH="148" HEIGHT="39" WC="0.96" CONTENT="redogör"/><SP WIDTH="30" VPOS="1400" HPOS="1102"/>
							<String ID="string_222" HPOS="1132" VPOS="1401" WIDTH="55" HEIGHT="29" WC="0.96" CONTENT="för"/><SP WIDTH="30" VPOS="1401" HPOS="1187"/>
							<String ID="string_223" HPOS="1217" VPOS="1401" WIDTH="171" HEIGHT="30" WC="0.95" CONTENT="kanalens"/><SP WIDTH="31" VPOS="1401" HPOS="1388"/>
							<String ID="string_224" HPOS="1419" VPOS="1401" WIDTH="172" HEIGHT="30" WC="0.96" CONTENT="tillkomst"/><SP WIDTH="30" VPOS="1401" HPOS="1591"/>
							<String ID="string_225" HPOS="1621" VPOS="1402" WIDTH="66" HEIGHT="29" WC="0.96" CONTENT="och"/><SP WIDTH="31" VPOS="1402" HPOS="1687"/>
							<String ID="string_226" HPOS="1718" VPOS="1402" WIDTH="42" HEIGHT="29" WC="0.95" CONTENT="de"/>
						</TextLine>
						<TextLine ID="line_24" HPOS="277" VPOS="1450" WIDTH="1483" HEIGHT="43">
							<String ID="string_227" HPOS="277" VPOS="1450" WIDTH="209" HEIGHT="40" WC="0.96" CONTENT="privilegier,"/><SP WIDTH="26" VPOS="1450" HPOS="486"/>
							<String ID="string_228" HPOS="512" VPOS="1461" WIDTH="75" HEIGHT="20" WC="0.96" CONTENT="som"/><SP WIDTH="25" VPOS="1461" HPOS="587"/>
							<String ID="string_229" HPOS="612" VPOS="1452" WIDTH="183" HEIGHT="39" WC="0.83" CONTENT="medgivits"/><SP WIDTH="26" VPOS="1452" HPOS="795"/>
							<String ID="string_230" HPOS="821" VPOS="1453" WIDTH="147" HEIGHT="39" WC="0.95" CONTENT="bolaget."/><SP WIDTH="27" VPOS="1453" HPOS="968"/>
							<String ID="string_231" HPOS="995" VPOS="1453" WIDTH="147" HEIGHT="30" WC="0.93" CONTENT="Särskilt"/><SP WIDTH="24" VPOS="1453" HPOS="1142"/>
							<String ID="string_232" HPOS="1166" VPOS="1453" WIDTH="216" HEIGHT="36" WC="0.89" CONTENT="framhålles,"/><SP WIDTH="27" VPOS="1453" HPOS="1382"/>
							<String ID="string_233" HPOS="1409" VPOS="1457" WIDTH="50" HEIGHT="27" WC="0.93" CONTENT="att"/><SP WIDTH="25" VPOS="1457" HPOS="1459"/>
							<String ID="string_234" HPOS="1484" VPOS="1454" WIDTH="276" HEIGHT="39" WC="0.91" CONTENT="taxehöjningen"/>
						</TextLine>
						<TextLine ID="line_25" HPOS="277" VPOS="1504" WIDTH="1482" HEIGHT="42">
							<String ID="string_235" HPOS="277" VPOS="1504" WIDTH="110" HEIGHT="30" WC="0.96" CONTENT="sedan"/><SP WIDTH="30" VPOS="1504" HPOS="387"/>
							<String ID="string_236" HPOS="417" VPOS="1505" WIDTH="81" HEIGHT="29" WC="0.95" CONTENT="1890"/><SP WIDTH="27" VPOS="1505" HPOS="498"/>
							<String ID="string_237" HPOS="525" VPOS="1504" WIDTH="137" HEIGHT="39" WC="0.96" CONTENT="uppgår"/><SP WIDTH="26" VPOS="1504" HPOS="662"/>
							<String ID="string_238" HPOS="688" VPOS="1505" WIDTH="52" HEIGHT="30" WC="0.96" CONTENT="till"/><SP WIDTH="25" VPOS="1505" HPOS="740"/>
							<String ID="string_239" HPOS="765" VPOS="1515" WIDTH="39" HEIGHT="20" WC="0.96" CONTENT="ca"/><SP WIDTH="27" VPOS="1515" HPOS="804"/>
							<String ID="string_240" HPOS="831" VPOS="1506" WIDTH="41" HEIGHT="30" WC="0.96" CONTENT="35"/><SP WIDTH="27" VPOS="1506" HPOS="872"/>
							<String ID="string_241" HPOS="899" VPOS="1509" WIDTH="154" HEIGHT="36" WC="0.96" CONTENT="procent."/><SP WIDTH="29" VPOS="1509" HPOS="1053"/>
							<String ID="string_242" HPOS="1082" VPOS="1506" WIDTH="126" HEIGHT="30" WC="0.93" CONTENT="Vidare"/><SP WIDTH="26" VPOS="1506" HPOS="1208"/>
							<String ID="string_243" HPOS="1234" VPOS="1507" WIDTH="187" HEIGHT="38" WC="0.92" CONTENT="redogöres"/><SP WIDTH="28" VPOS="1507" HPOS="1421"/>
							<String ID="string_244" HPOS="1449" VPOS="1507" WIDTH="55" HEIGHT="30" WC="0.96" CONTENT="för"/><SP WIDTH="27" VPOS="1507" HPOS="1504"/>
							<String ID="string_245" HPOS="1531" VPOS="1508" WIDTH="228" HEIGHT="38" WC="0.95" CONTENT="personalens"/>
						</TextLine>
						<TextLine ID="line_26" HPOS="278" VPOS="1557" WIDTH="1481" HEIGHT="42">
							<String ID="string_246" HPOS="278" VPOS="1557" WIDTH="245" HEIGHT="40" WC="0.89" CONTENT="anställnings-"/><SP WIDTH="34" VPOS="1557" HPOS="523"/>
							<String ID="string_247" HPOS="557" VPOS="1559" WIDTH="67" HEIGHT="29" WC="0.93" CONTENT="och"/><SP WIDTH="34" VPOS="1559" HPOS="624"/>
							<String ID="string_248" HPOS="658" VPOS="1558" WIDTH="392" HEIGHT="31" WC="0.89" CONTENT="bostadsförhållanden"/><SP WIDTH="34" VPOS="1558" HPOS="1050"/>
							<String ID="string_249" HPOS="1084" VPOS="1563" WIDTH="90" HEIGHT="27" WC="0.93" CONTENT="samt"/><SP WIDTH="34" VPOS="1563" HPOS="1174"/>
							<String ID="string_250" HPOS="1208" VPOS="1559" WIDTH="216" HEIGHT="36" WC="0.89" CONTENT="framhålles,"/><SP WIDTH="36" VPOS="1559" HPOS="1424"/>
							<String ID="string_251" HPOS="1460" VPOS="1563" WIDTH="49" HEIGHT="27" WC="0.93" CONTENT="att"/><SP WIDTH="34" VPOS="1563" HPOS="1509"/>
							<String ID="string_252" HPOS="1543" VPOS="1561" WIDTH="216" HEIGHT="38" WC="0.91" CONTENT="vaktartjän-"/>
						</TextLine>
						<TextLine ID="line_27" HPOS="277" VPOS="1611" WIDTH="682" HEIGHT="40">
							<String ID="string_253" HPOS="277" VPOS="1613" WIDTH="120" HEIGHT="28" WC="0.90" CONTENT="sterna"/><SP WIDTH="21" VPOS="1613" HPOS="397"/>
							<String ID="string_254" HPOS="418" VPOS="1612" WIDTH="61" HEIGHT="29" WC="0.96" CONTENT="äro"/><SP WIDTH="19" VPOS="1612" HPOS="479"/>
							<String ID="string_255" HPOS="498" VPOS="1611" WIDTH="193" HEIGHT="31" WC="0.96" CONTENT="eftersökta"/><SP WIDTH="20" VPOS="1611" HPOS="691"/>
							<String ID="string_256" HPOS="711" VPOS="1612" WIDTH="248" HEIGHT="39" WC="0.96" CONTENT="befattningar."/>
						</TextLine>
					</TextBlock>
				</ComposedBlock>
				<ComposedBlock ID="cblock_2" HPOS="275" VPOS="1690" WIDTH="1485" HEIGHT="469">
					<TextBlock ID="block_4" HPOS="275" VPOS="1690" WIDTH="1485" HEIGHT="469">
						<TextLine ID="line_28" HPOS="323" VPOS="1690" WIDTH="1437" HEIGHT="42">
							<String ID="string_257" HPOS="323" VPOS="1690" WIDTH="176" HEIGHT="32" WC="0.96" CONTENT="Utskottet"/><SP WIDTH="24" VPOS="1690" HPOS="499"/>
							<String ID="string_258" HPOS="523" VPOS="1692" WIDTH="65" HEIGHT="30" WC="0.96" CONTENT="har"/><SP WIDTH="25" VPOS="1692" HPOS="588"/>
							<String ID="string_259" HPOS="613" VPOS="1692" WIDTH="115" HEIGHT="39" WC="0.96" CONTENT="avlagt"/><SP WIDTH="24" VPOS="1692" HPOS="728"/>
							<String ID="string_260" HPOS="752" VPOS="1693" WIDTH="109" HEIGHT="30" WC="0.96" CONTENT="besök"/><SP WIDTH="26" VPOS="1693" HPOS="861"/>
							<String ID="string_261" HPOS="887" VPOS="1693" WIDTH="57" HEIGHT="30" WC="0.96" CONTENT="vid"/><SP WIDTH="25" VPOS="1693" HPOS="944"/>
							<String ID="string_262" HPOS="969" VPOS="1694" WIDTH="151" HEIGHT="29" WC="0.96" CONTENT="kanalen"/><SP WIDTH="27" VPOS="1694" HPOS="1120"/>
							<String ID="string_263" HPOS="1147" VPOS="1694" WIDTH="65" HEIGHT="29" WC="0.96" CONTENT="och"/><SP WIDTH="25" VPOS="1694" HPOS="1212"/>
							<String ID="string_264" HPOS="1237" VPOS="1693" WIDTH="124" HEIGHT="30" WC="0.93" CONTENT="därvid"/><SP WIDTH="26" VPOS="1693" HPOS="1361"/>
							<String ID="string_265" HPOS="1387" VPOS="1694" WIDTH="110" HEIGHT="30" WC="0.92" CONTENT="besett"/><SP WIDTH="28" VPOS="1694" HPOS="1497"/>
							<String ID="string_266" HPOS="1525" VPOS="1693" WIDTH="96" HEIGHT="30" WC="0.96" CONTENT="såväl"/><SP WIDTH="28" VPOS="1693" HPOS="1621"/>
							<String ID="string_267" HPOS="1649" VPOS="1693" WIDTH="111" HEIGHT="39" WC="0.96" CONTENT="själva"/>
						</TextLine>
						<TextLine ID="line_29" HPOS="276" VPOS="1744" WIDTH="1483" HEIGHT="41">
							<String ID="string_268" HPOS="276" VPOS="1745" WIDTH="155" HEIGHT="30" WC="0.96" CONTENT="kanalen"/><SP WIDTH="18" VPOS="1745" HPOS="431"/>
							<String ID="string_269" HPOS="449" VPOS="1744" WIDTH="45" HEIGHT="40" WC="0.96" CONTENT="på"/><SP WIDTH="20" VPOS="1744" HPOS="494"/>
							<String ID="string_270" HPOS="514" VPOS="1745" WIDTH="94" HEIGHT="30" WC="0.96" CONTENT="olika"/><SP WIDTH="20" VPOS="1745" HPOS="608"/>
							<String ID="string_271" HPOS="628" VPOS="1746" WIDTH="153" HEIGHT="38" WC="0.96" CONTENT="punkter"/><SP WIDTH="18" VPOS="1746" HPOS="781"/>
							<String ID="string_272" HPOS="799" VPOS="1745" WIDTH="45" HEIGHT="40" WC="0.96" CONTENT="på"/><SP WIDTH="22" VPOS="1745" HPOS="844"/>
							<String ID="string_273" HPOS="866" VPOS="1746" WIDTH="163" HEIGHT="30" WC="0.92" CONTENT="sträckan"/><SP WIDTH="22" VPOS="1746" HPOS="1029"/>
							<String ID="string_274" HPOS="1051" VPOS="1747" WIDTH="242" HEIGHT="29" WC="0.85" CONTENT="Mem--Vreta"/><SP WIDTH="20" VPOS="1747" HPOS="1293"/>
							<String ID="string_275" HPOS="1313" VPOS="1747" WIDTH="133" HEIGHT="29" WC="0.96" CONTENT="kloster"/><SP WIDTH="20" VPOS="1747" HPOS="1446"/>
							<String ID="string_276" HPOS="1466" VPOS="1756" WIDTH="75" HEIGHT="20" WC="0.96" CONTENT="som"/><SP WIDTH="21" VPOS="1756" HPOS="1541"/>
							<String ID="string_277" HPOS="1562" VPOS="1747" WIDTH="92" HEIGHT="30" WC="0.93" CONTENT="vissa"/><SP WIDTH="20" VPOS="1747" HPOS="1654"/>
							<String ID="string_278" HPOS="1674" VPOS="1747" WIDTH="85" HEIGHT="30" WC="0.93" CONTENT="slus-"/>
						</TextLine>
						<TextLine ID="line_30" HPOS="277" VPOS="1798" WIDTH="1483" HEIGHT="39">
							<String ID="string_279" HPOS="277" VPOS="1808" WIDTH="58" HEIGHT="20" WC="0.96" CONTENT="sar"/><SP WIDTH="19" VPOS="1808" HPOS="335"/>
							<String ID="string_280" HPOS="354" VPOS="1801" WIDTH="91" HEIGHT="27" WC="0.93" CONTENT="samt"/><SP WIDTH="19" VPOS="1801" HPOS="445"/>
							<String ID="string_281" HPOS="464" VPOS="1799" WIDTH="339" HEIGHT="38" WC="0.91" CONTENT="personalbostäder."/><SP WIDTH="24" VPOS="1799" HPOS="803"/>
							<String ID="string_282" HPOS="827" VPOS="1798" WIDTH="109" HEIGHT="31" WC="0.96" CONTENT="Såvitt"/><SP WIDTH="22" VPOS="1798" HPOS="936"/>
							<String ID="string_283" HPOS="958" VPOS="1800" WIDTH="169" HEIGHT="29" WC="0.96" CONTENT="utskottet"/><SP WIDTH="22" VPOS="1800" HPOS="1127"/>
							<String ID="string_284" HPOS="1149" VPOS="1799" WIDTH="122" HEIGHT="31" WC="0.96" CONTENT="därvid"/><SP WIDTH="22" VPOS="1799" HPOS="1271"/>
							<String ID="string_285" HPOS="1293" VPOS="1800" WIDTH="119" HEIGHT="30" WC="0.96" CONTENT="kunde"/><SP WIDTH="24" VPOS="1800" HPOS="1412"/>
							<String ID="string_286" HPOS="1436" VPOS="1801" WIDTH="136" HEIGHT="34" WC="0.96" CONTENT="utröna,"/><SP WIDTH="25" VPOS="1801" HPOS="1572"/>
							<String ID="string_287" HPOS="1597" VPOS="1800" WIDTH="163" HEIGHT="30" WC="0.96" CONTENT="befinner"/>
						</TextLine>
						<TextLine ID="line_31" HPOS="277" VPOS="1851" WIDTH="1481" HEIGHT="41">
							<String ID="string_288" HPOS="277" VPOS="1851" WIDTH="52" HEIGHT="40" WC="0.96" CONTENT="sig"/><SP WIDTH="21" VPOS="1851" HPOS="329"/>
							<String ID="string_289" HPOS="350" VPOS="1851" WIDTH="96" HEIGHT="31" WC="0.96" CONTENT="såväl"/><SP WIDTH="19" VPOS="1851" HPOS="446"/>
							<String ID="string_290" HPOS="465" VPOS="1852" WIDTH="109" HEIGHT="38" WC="0.96" CONTENT="själva"/><SP WIDTH="19" VPOS="1852" HPOS="574"/>
							<String ID="string_291" HPOS="593" VPOS="1852" WIDTH="152" HEIGHT="30" WC="0.96" CONTENT="kanalen"/><SP WIDTH="20" VPOS="1852" HPOS="745"/>
							<String ID="string_292" HPOS="765" VPOS="1862" WIDTH="76" HEIGHT="21" WC="0.96" CONTENT="som"/><SP WIDTH="21" VPOS="1862" HPOS="841"/>
							<String ID="string_293" HPOS="862" VPOS="1853" WIDTH="129" HEIGHT="30" WC="0.96" CONTENT="slussar"/><SP WIDTH="20" VPOS="1853" HPOS="991"/>
							<String ID="string_294" HPOS="1011" VPOS="1853" WIDTH="52" HEIGHT="30" WC="0.96" CONTENT="till"/><SP WIDTH="20" VPOS="1853" HPOS="1063"/>
							<String ID="string_295" HPOS="1083" VPOS="1854" WIDTH="57" HEIGHT="29" WC="0.96" CONTENT="det"/><SP WIDTH="20" VPOS="1854" HPOS="1140"/>
							<String ID="string_296" HPOS="1160" VPOS="1856" WIDTH="89" HEIGHT="36" WC="0.96" CONTENT="yttre"/><SP WIDTH="21" VPOS="1856" HPOS="1249"/>
							<String ID="string_297" HPOS="1270" VPOS="1853" WIDTH="10" HEIGHT="30" WC="0.93" CONTENT="i"/><SP WIDTH="20" VPOS="1853" HPOS="1280"/>
							<String ID="string_298" HPOS="1300" VPOS="1853" WIDTH="327" HEIGHT="30" WC="0.92" CONTENT="tillfredsställande"/><SP WIDTH="22" VPOS="1853" HPOS="1627"/>
							<String ID="string_299" HPOS="1649" VPOS="1853" WIDTH="109" HEIGHT="31" WC="0.96" CONTENT="skick."/>
						</TextLine>
						<TextLine ID="line_32" HPOS="276" VPOS="1905" WIDTH="1482" HEIGHT="41">
							<String ID="string_300" HPOS="276" VPOS="1905" WIDTH="51" HEIGHT="31" WC="0.47" CONTENT="Av"/><SP WIDTH="18" VPOS="1905" HPOS="327"/>
							<String ID="string_301" HPOS="345" VPOS="1906" WIDTH="212" HEIGHT="39" WC="0.92" CONTENT="besiktigade"/><SP WIDTH="20" VPOS="1906" HPOS="557"/>
							<String ID="string_302" HPOS="577" VPOS="1907" WIDTH="162" HEIGHT="29" WC="0.96" CONTENT="bostäder"/><SP WIDTH="18" VPOS="1907" HPOS="739"/>
							<String ID="string_303" HPOS="757" VPOS="1917" WIDTH="82" HEIGHT="20" WC="0.96" CONTENT="voro"/><SP WIDTH="22" VPOS="1917" HPOS="839"/>
							<String ID="string_304" HPOS="861" VPOS="1907" WIDTH="143" HEIGHT="39" WC="0.96" CONTENT="somliga"/><SP WIDTH="21" VPOS="1907" HPOS="1004"/>
							<String ID="string_305" HPOS="1025" VPOS="1908" WIDTH="9" HEIGHT="29" WC="0.96" CONTENT="i"/><SP WIDTH="23" VPOS="1908" HPOS="1034"/>
							<String ID="string_306" HPOS="1057" VPOS="1910" WIDTH="70" HEIGHT="36" WC="0.95" CONTENT="gott"/><SP WIDTH="21" VPOS="1910" HPOS="1127"/>
							<String ID="string_307" HPOS="1148" VPOS="1907" WIDTH="106" HEIGHT="35" WC="0.95" CONTENT="skick,"/><SP WIDTH="24" VPOS="1907" HPOS="1254"/>
							<String ID="string_308" HPOS="1278" VPOS="1908" WIDTH="66" HEIGHT="29" WC="0.96" CONTENT="och"/><SP WIDTH="20" VPOS="1908" HPOS="1344"/>
							<String ID="string_309" HPOS="1364" VPOS="1907" WIDTH="212" HEIGHT="39" WC="0.93" CONTENT="berättigade"/><SP WIDTH="22" VPOS="1907" HPOS="1576"/>
							<String ID="string_310" HPOS="1598" VPOS="1908" WIDTH="160" HEIGHT="29" WC="0.90" CONTENT="anmärk-"/>
						</TextLine>
						<TextLine ID="line_33" HPOS="276" VPOS="1958" WIDTH="1483" HEIGHT="40">
							<String ID="string_311" HPOS="276" VPOS="1958" WIDTH="127" HEIGHT="40" WC="0.96" CONTENT="ningar"/><SP WIDTH="20" VPOS="1958" HPOS="403"/>
							<String ID="string_312" HPOS="423" VPOS="1959" WIDTH="120" HEIGHT="30" WC="0.96" CONTENT="kunna"/><SP WIDTH="20" VPOS="1959" HPOS="543"/>
							<String ID="string_313" HPOS="563" VPOS="1959" WIDTH="210" HEIGHT="39" WC="0.96" CONTENT="näppeligen"/><SP WIDTH="22" VPOS="1959" HPOS="773"/>
							<String ID="string_314" HPOS="795" VPOS="1960" WIDTH="111" HEIGHT="30" WC="0.96" CONTENT="riktas"/><SP WIDTH="21" VPOS="1960" HPOS="906"/>
							<String ID="string_315" HPOS="927" VPOS="1963" WIDTH="73" HEIGHT="27" WC="0.96" CONTENT="mot"/><SP WIDTH="20" VPOS="1963" HPOS="1000"/>
							<String ID="string_316" HPOS="1020" VPOS="1960" WIDTH="89" HEIGHT="30" WC="0.96" CONTENT="dem."/><SP WIDTH="23" VPOS="1960" HPOS="1109"/>
							<String ID="string_317" HPOS="1132" VPOS="1960" WIDTH="117" HEIGHT="30" WC="0.96" CONTENT="Andra"/><SP WIDTH="22" VPOS="1960" HPOS="1249"/>
							<String ID="string_318" HPOS="1271" VPOS="1970" WIDTH="85" HEIGHT="20" WC="0.96" CONTENT="voro"/><SP WIDTH="21" VPOS="1970" HPOS="1356"/>
							<String ID="string_319" HPOS="1377" VPOS="1960" WIDTH="158" HEIGHT="30" WC="0.96" CONTENT="däremot"/><SP WIDTH="23" VPOS="1960" HPOS="1535"/>
							<String ID="string_320" HPOS="1558" VPOS="1970" WIDTH="42" HEIGHT="20" WC="0.96" CONTENT="av"/><SP WIDTH="22" VPOS="1970" HPOS="1600"/>
							<String ID="string_321" HPOS="1622" VPOS="1960" WIDTH="137" HEIGHT="30" WC="0.96" CONTENT="mindre"/>
						</TextLine>
						<TextLine ID="line_34" HPOS="276" VPOS="2012" WIDTH="1482" HEIGHT="40">
							<String ID="string_322" HPOS="276" VPOS="2012" WIDTH="326" HEIGHT="30" WC="0.91" CONTENT="tillfredsställande"/><SP WIDTH="23" VPOS="2012" HPOS="602"/>
							<String ID="string_323" HPOS="625" VPOS="2012" WIDTH="258" HEIGHT="36" WC="0.96" CONTENT="beskaffenhet,"/><SP WIDTH="26" VPOS="2012" HPOS="883"/>
							<String ID="string_324" HPOS="909" VPOS="2012" WIDTH="106" HEIGHT="40" WC="0.96" CONTENT="dåligt"/><SP WIDTH="24" VPOS="2012" HPOS="1015"/>
							<String ID="string_325" HPOS="1039" VPOS="2014" WIDTH="171" HEIGHT="30" WC="0.96" CONTENT="isolerade"/><SP WIDTH="25" VPOS="2014" HPOS="1210"/>
							<String ID="string_326" HPOS="1235" VPOS="2015" WIDTH="75" HEIGHT="34" WC="0.96" CONTENT="och,"/><SP WIDTH="26" VPOS="2015" HPOS="1310"/>
							<String ID="string_327" HPOS="1336" VPOS="2014" WIDTH="10" HEIGHT="29" WC="0.96" CONTENT="i"/><SP WIDTH="26" VPOS="2014" HPOS="1346"/>
							<String ID="string_328" HPOS="1372" VPOS="2013" WIDTH="212" HEIGHT="32" WC="0.96" CONTENT="åtminstone"/><SP WIDTH="27" VPOS="2013" HPOS="1584"/>
							<String ID="string_329" HPOS="1611" VPOS="2018" WIDTH="47" HEIGHT="27" WC="0.95" CONTENT="ett"/><SP WIDTH="28" VPOS="2018" HPOS="1658"/>
							<String ID="string_330" HPOS="1686" VPOS="2016" WIDTH="72" HEIGHT="35" WC="0.95" CONTENT="fall,"/>
						</TextLine>
						<TextLine ID="line_35" HPOS="276" VPOS="2064" WIDTH="1483" HEIGHT="42">
							<String ID="string_331" HPOS="276" VPOS="2064" WIDTH="149" HEIGHT="40" WC="0.96" CONTENT="fuktiga."/><SP WIDTH="24" VPOS="2064" HPOS="425"/>
							<String ID="string_332" HPOS="449" VPOS="2065" WIDTH="182" HEIGHT="31" WC="0.96" CONTENT="Huruvida"/><SP WIDTH="20" VPOS="2065" HPOS="631"/>
							<String ID="string_333" HPOS="651" VPOS="2066" WIDTH="151" HEIGHT="30" WC="0.96" CONTENT="kanalen"/><SP WIDTH="23" VPOS="2066" HPOS="802"/>
							<String ID="string_334" HPOS="825" VPOS="2065" WIDTH="46" HEIGHT="40" WC="0.96" CONTENT="på"/><SP WIDTH="22" VPOS="2065" HPOS="871"/>
							<String ID="string_335" HPOS="893" VPOS="2066" WIDTH="75" HEIGHT="31" WC="0.96" CONTENT="sina"/><SP WIDTH="21" VPOS="2066" HPOS="968"/>
							<String ID="string_336" HPOS="989" VPOS="2067" WIDTH="135" HEIGHT="35" WC="0.96" CONTENT="ställen,"/><SP WIDTH="25" VPOS="2067" HPOS="1124"/>
							<String ID="string_337" HPOS="1149" VPOS="2066" WIDTH="115" HEIGHT="31" WC="0.96" CONTENT="såsom"/><SP WIDTH="22" VPOS="2066" HPOS="1264"/>
							<String ID="string_338" HPOS="1286" VPOS="2066" WIDTH="159" HEIGHT="40" WC="0.96" CONTENT="påståtts,"/><SP WIDTH="24" VPOS="2066" HPOS="1445"/>
							<String ID="string_339" HPOS="1469" VPOS="2068" WIDTH="76" HEIGHT="30" WC="0.95" CONTENT="icke"/><SP WIDTH="23" VPOS="2068" HPOS="1545"/>
							<String ID="string_340" HPOS="1568" VPOS="2069" WIDTH="39" HEIGHT="29" WC="0.96" CONTENT="är"/><SP WIDTH="22" VPOS="2069" HPOS="1607"/>
							<String ID="string_341" HPOS="1629" VPOS="2078" WIDTH="42" HEIGHT="21" WC="0.92" CONTENT="av"/><SP WIDTH="22" VPOS="2078" HPOS="1671"/>
							<String ID="string_342" HPOS="1693" VPOS="2069" WIDTH="66" HEIGHT="30" WC="0.92" CONTENT="till-"/>
						</TextLine>
						<TextLine ID="line_36" HPOS="275" VPOS="2118" WIDTH="1036" HEIGHT="41">
							<String ID="string_343" HPOS="275" VPOS="2118" WIDTH="151" HEIGHT="39" WC="0.92" CONTENT="räckligt"/><SP WIDTH="22" VPOS="2118" HPOS="426"/>
							<String ID="string_344" HPOS="448" VPOS="2118" WIDTH="95" HEIGHT="40" WC="0.93" CONTENT="djup,"/><SP WIDTH="25" VPOS="2118" HPOS="543"/>
							<String ID="string_345" HPOS="568" VPOS="2119" WIDTH="205" HEIGHT="31" WC="0.92" CONTENT="undandrar"/><SP WIDTH="23" VPOS="2119" HPOS="773"/>
							<String ID="string_346" HPOS="796" VPOS="2120" WIDTH="52" HEIGHT="39" WC="0.96" CONTENT="sig"/><SP WIDTH="23" VPOS="2120" HPOS="848"/>
							<String ID="string_347" HPOS="871" VPOS="2120" WIDTH="186" HEIGHT="30" WC="0.96" CONTENT="utskottets"/><SP WIDTH="25" VPOS="2120" HPOS="1057"/>
							<String ID="string_348" HPOS="1082" VPOS="2120" WIDTH="229" HEIGHT="31" WC="0.96" CONTENT="bedömande."/>
						</TextLine>
					</TextBlock>
				</ComposedBlock>
				<ComposedBlock ID="cblock_3" HPOS="275" VPOS="2199" WIDTH="1484" HEIGHT="254">
					<TextBlock ID="block_5" HPOS="275" VPOS="2199" WIDTH="1484" HEIGHT="254">
						<TextLine ID="line_37" HPOS="322" VPOS="2199" WIDTH="1437" HEIGHT="42">
							<String ID="string_349" HPOS="322" VPOS="2199" WIDTH="178" HEIGHT="30" WC="0.94" CONTENT="Utskottet."/><SP WIDTH="29" VPOS="2199" HPOS="500"/>
							<String ID="string_350" HPOS="529" VPOS="2200" WIDTH="172" HEIGHT="30" WC="0.95" CONTENT="Utskottet"/><SP WIDTH="24" VPOS="2200" HPOS="701"/>
							<String ID="string_351" HPOS="725" VPOS="2201" WIDTH="64" HEIGHT="29" WC="0.96" CONTENT="har"/><SP WIDTH="26" VPOS="2201" HPOS="789"/>
							<String ID="string_352" HPOS="815" VPOS="2200" WIDTH="78" HEIGHT="30" WC="0.96" CONTENT="icke"/><SP WIDTH="26" VPOS="2200" HPOS="893"/>
							<String ID="string_353" HPOS="919" VPOS="2201" WIDTH="126" HEIGHT="35" WC="0.96" CONTENT="funnit,"/><SP WIDTH="29" VPOS="2201" HPOS="1045"/>
							<String ID="string_354" HPOS="1074" VPOS="2204" WIDTH="50" HEIGHT="27" WC="0.96" CONTENT="att"/><SP WIDTH="27" VPOS="2204" HPOS="1124"/>
							<String ID="string_355" HPOS="1151" VPOS="2201" WIDTH="86" HEIGHT="30" WC="0.96" CONTENT="Göta"/><SP WIDTH="27" VPOS="2201" HPOS="1237"/>
							<String ID="string_356" HPOS="1264" VPOS="2202" WIDTH="108" HEIGHT="30" WC="0.96" CONTENT="kanal"/><SP WIDTH="27" VPOS="2202" HPOS="1372"/>
							<String ID="string_357" HPOS="1399" VPOS="2212" WIDTH="41" HEIGHT="20" WC="0.93" CONTENT="ur"/><SP WIDTH="26" VPOS="2212" HPOS="1440"/>
							<String ID="string_358" HPOS="1466" VPOS="2202" WIDTH="293" HEIGHT="39" WC="0.90" CONTENT="trafiksynpunkt"/>
						</TextLine>
						<TextLine ID="line_38" HPOS="276" VPOS="2252" WIDTH="1483" HEIGHT="42">
							<String ID="string_359" HPOS="276" VPOS="2252" WIDTH="78" HEIGHT="31" WC="0.96" CONTENT="icke"/><SP WIDTH="21" VPOS="2252" HPOS="354"/>
							<String ID="string_360" HPOS="375" VPOS="2252" WIDTH="102" HEIGHT="39" WC="0.96" CONTENT="fyller"/><SP WIDTH="20" VPOS="2252" HPOS="477"/>
							<String ID="string_361" HPOS="497" VPOS="2253" WIDTH="41" HEIGHT="30" WC="0.96" CONTENT="de"/><SP WIDTH="21" VPOS="2253" HPOS="538"/>
							<String ID="string_362" HPOS="559" VPOS="2253" WIDTH="97" HEIGHT="35" WC="0.94" CONTENT="krav,"/><SP WIDTH="21" VPOS="2253" HPOS="656"/>
							<String ID="string_363" HPOS="677" VPOS="2263" WIDTH="75" HEIGHT="20" WC="0.95" CONTENT="som"/><SP WIDTH="20" VPOS="2263" HPOS="752"/>
							<String ID="string_364" HPOS="772" VPOS="2254" WIDTH="122" HEIGHT="30" WC="0.96" CONTENT="kunna"/><SP WIDTH="22" VPOS="2254" HPOS="894"/>
							<String ID="string_365" HPOS="916" VPOS="2255" WIDTH="128" HEIGHT="29" WC="0.95" CONTENT="ställas."/><SP WIDTH="23" VPOS="2255" HPOS="1044"/>
							<String ID="string_366" HPOS="1067" VPOS="2254" WIDTH="118" HEIGHT="30" WC="0.96" CONTENT="Skulle"/><SP WIDTH="22" VPOS="2254" HPOS="1185"/>
							<String ID="string_367" HPOS="1207" VPOS="2254" WIDTH="38" HEIGHT="31" WC="0.96" CONTENT="så"/><SP WIDTH="22" VPOS="2254" HPOS="1245"/>
							<String ID="string_368" HPOS="1267" VPOS="2265" WIDTH="83" HEIGHT="20" WC="0.96" CONTENT="vara"/><SP WIDTH="24" VPOS="2265" HPOS="1350"/>
							<String ID="string_369" HPOS="1374" VPOS="2255" WIDTH="98" HEIGHT="30" WC="0.95" CONTENT="fallet"/><SP WIDTH="21" VPOS="2255" HPOS="1472"/>
							<String ID="string_370" HPOS="1493" VPOS="2265" WIDTH="102" HEIGHT="29" WC="0.96" CONTENT="synes"/><SP WIDTH="23" VPOS="2265" HPOS="1595"/>
							<String ID="string_371" HPOS="1618" VPOS="2257" WIDTH="141" HEIGHT="29" WC="0.96" CONTENT="rättelse"/>
						</TextLine>
						<TextLine ID="line_39" HPOS="275" VPOS="2306" WIDTH="1484" HEIGHT="41">
							<String ID="string_372" HPOS="275" VPOS="2306" WIDTH="124" HEIGHT="30" WC="0.96" CONTENT="kunna"/><SP WIDTH="21" VPOS="2306" HPOS="399"/>
							<String ID="string_373" HPOS="420" VPOS="2306" WIDTH="122" HEIGHT="30" WC="0.96" CONTENT="vinnas"/><SP WIDTH="21" VPOS="2306" HPOS="542"/>
							<String ID="string_374" HPOS="563" VPOS="2307" WIDTH="90" HEIGHT="29" WC="0.93" CONTENT="efter"/><SP WIDTH="20" VPOS="2307" HPOS="653"/>
							<String ID="string_375" HPOS="673" VPOS="2307" WIDTH="238" HEIGHT="30" WC="0.92" CONTENT="hänvändelse"/><SP WIDTH="20" VPOS="2307" HPOS="911"/>
							<String ID="string_376" HPOS="931" VPOS="2307" WIDTH="52" HEIGHT="30" WC="0.96" CONTENT="till"/><SP WIDTH="21" VPOS="2307" HPOS="983"/>
							<String ID="string_377" HPOS="1004" VPOS="2308" WIDTH="262" HEIGHT="30" WC="0.96" CONTENT="vederbörande"/><SP WIDTH="21" VPOS="2308" HPOS="1266"/>
							<String ID="string_378" HPOS="1287" VPOS="2308" WIDTH="254" HEIGHT="39" WC="0.96" CONTENT="myndigheter,"/><SP WIDTH="24" VPOS="2308" HPOS="1541"/>
							<String ID="string_379" HPOS="1565" VPOS="2308" WIDTH="45" HEIGHT="30" WC="0.96" CONTENT="då"/><SP WIDTH="22" VPOS="2308" HPOS="1610"/>
							<String ID="string_380" HPOS="1632" VPOS="2309" WIDTH="127" HEIGHT="30" WC="0.96" CONTENT="villkor"/>
						</TextLine>
						<TextLine ID="line_40" HPOS="275" VPOS="2359" WIDTH="1483" HEIGHT="41">
							<String ID="string_381" HPOS="275" VPOS="2359" WIDTH="57" HEIGHT="30" WC="0.96" CONTENT="för"/><SP WIDTH="24" VPOS="2359" HPOS="332"/>
							<String ID="string_382" HPOS="356" VPOS="2362" WIDTH="131" HEIGHT="27" WC="0.96" CONTENT="statens"/><SP WIDTH="22" VPOS="2362" HPOS="487"/>
							<String ID="string_383" HPOS="509" VPOS="2359" WIDTH="124" HEIGHT="39" WC="0.96" CONTENT="bidrag"/><SP WIDTH="23" VPOS="2359" HPOS="633"/>
							<String ID="string_384" HPOS="656" VPOS="2360" WIDTH="52" HEIGHT="29" WC="0.96" CONTENT="till"/><SP WIDTH="23" VPOS="2360" HPOS="708"/>
							<String ID="string_385" HPOS="731" VPOS="2360" WIDTH="170" HEIGHT="30" WC="0.96" CONTENT="kanalens"/><SP WIDTH="24" VPOS="2360" HPOS="901"/>
							<String ID="string_386" HPOS="925" VPOS="2361" WIDTH="181" HEIGHT="39" WC="0.96" CONTENT="byggande"/><SP WIDTH="23" VPOS="2361" HPOS="1106"/>
							<String ID="string_387" HPOS="1129" VPOS="2371" WIDTH="70" HEIGHT="25" WC="0.96" CONTENT="var,"/><SP WIDTH="26" VPOS="2371" HPOS="1199"/>
							<String ID="string_388" HPOS="1225" VPOS="2365" WIDTH="50" HEIGHT="26" WC="0.96" CONTENT="att"/><SP WIDTH="24" VPOS="2365" HPOS="1275"/>
							<String ID="string_389" HPOS="1299" VPOS="2362" WIDTH="68" HEIGHT="29" WC="0.96" CONTENT="den"/><SP WIDTH="26" VPOS="2362" HPOS="1367"/>
							<String ID="string_390" HPOS="1393" VPOS="2362" WIDTH="111" HEIGHT="29" WC="0.96" CONTENT="skulle"/><SP WIDTH="27" VPOS="2362" HPOS="1504"/>
							<String ID="string_391" HPOS="1531" VPOS="2361" WIDTH="227" HEIGHT="31" WC="0.96" CONTENT="underhållas"/>
						</TextLine>
						<TextLine ID="line_41" HPOS="275" VPOS="2411" WIDTH="1418" HEIGHT="42">
							<String ID="string_392" HPOS="275" VPOS="2413" WIDTH="67" HEIGHT="29" WC="0.96" CONTENT="och"/><SP WIDTH="20" VPOS="2413" HPOS="342"/>
							<String ID="string_393" HPOS="362" VPOS="2411" WIDTH="112" HEIGHT="31" WC="0.96" CONTENT="hållas"/><SP WIDTH="20" VPOS="2411" HPOS="474"/>
							<String ID="string_394" HPOS="494" VPOS="2412" WIDTH="11" HEIGHT="30" WC="0.93" CONTENT="i"/><SP WIDTH="20" VPOS="2412" HPOS="505"/>
							<String ID="string_395" HPOS="525" VPOS="2413" WIDTH="206" HEIGHT="30" WC="0.92" CONTENT="trafikabelt"/><SP WIDTH="20" VPOS="2413" HPOS="731"/>
							<String ID="string_396" HPOS="751" VPOS="2413" WIDTH="109" HEIGHT="35" WC="0.95" CONTENT="skick,"/><SP WIDTH="24" VPOS="2413" HPOS="860"/>
							<String ID="string_397" HPOS="884" VPOS="2414" WIDTH="106" HEIGHT="30" WC="0.96" CONTENT="vilket"/><SP WIDTH="19" VPOS="2414" HPOS="990"/>
							<String ID="string_398" HPOS="1009" VPOS="2414" WIDTH="131" HEIGHT="39" WC="0.95" CONTENT="jämväl"/><SP WIDTH="24" VPOS="2414" HPOS="1140"/>
							<String ID="string_399" HPOS="1164" VPOS="2424" WIDTH="42" HEIGHT="20" WC="0.93" CONTENT="av"/><SP WIDTH="21" VPOS="2424" HPOS="1206"/>
							<String ID="string_400" HPOS="1227" VPOS="2415" WIDTH="247" HEIGHT="38" WC="0.91" CONTENT="kanalbolaget"/><SP WIDTH="21" VPOS="2415" HPOS="1474"/>
							<String ID="string_401" HPOS="1495" VPOS="2415" WIDTH="198" HEIGHT="30" WC="0.91" CONTENT="vitsordats."/>
						</TextLine>
					</TextBlock>
				</ComposedBlock>
			</PrintSpace>
		</Page>
	</Layout>
</alto>
