2228 2646
668 152 355 42 Bevillningsutskottets
1046 154 170 32 Memorial
1238 155 64 32 N:o
1325 158 48 30 14.
1760 160 15 31 1

932 619 76 43 N:o
1035 621 59 41 14.

763 775 74 29 Ank.
862 775 44 29 till
932 775 104 30 Riksd.
1060 776 95 29 kansli
1180 777 55 28 den
1262 780 32 25 11
1322 786 76 20 mars
1425 780 89 30 1898,
1538 779 38 29 kl.
1602 782 17 25 3
1643 788 24 20 e.
1692 789 36 19 m.

406 918 202 45 Memorial,
652 921 15 35 i
706 921 197 48 anledning
941 921 49 49 af
1023 923 214 35 kamrarnes
1276 923 211 49 skiljaktiga
1520 924 112 36 beslut
1658 926 155 35 rörande

607 988 390 49 bevillningsutskottets
1024 990 223 36 betänkande
1265 1003 56 23 n:o
1344 991 42 35 10
1406 991 13 35 i
1438 991 196 49 anledning
1653 992 46 47 af
1714 993 99 35 väckt

608 1056 132 36 motion
769 1069 54 23 om
852 1057 69 35 tull
944 1057 24 36 å
995 1058 95 35 tack-
1119 1058 61 36 och
1211 1058 216 49 barlastjern
1449 1066 94 29 samt
1569 1060 103 36 skrot.

336 1207 15 35 I
393 1220 45 23 en
477 1207 35 36 af
552 1208 129 36 herrar
725 1208 38 37 C.
799 1209 46 35 H.
879 1209 223 36 Lundström
1131 1209 67 35 och
1227 1210 43 36 E.
1302 1209 50 36 M.
1390 1210 119 48 Unger
1536 1211 108 35 väckt
1672 1212 136 35 motion

203 1257 92 35 hade
321 1256 138 50 förslag
487 1257 211 45 framstälts,
728 1264 53 30 att
808 1258 209 48 Riksdagen
1048 1263 112 32 måtte
1188 1260 149 43 besluta,
1367 1266 54 29 att
1448 1262 99 34 tack-
1567 1262 68 34 och
1655 1262 153 36 barlast-

197 1307 83 47 jern
309 1314 93 29 samt
430 1310 113 42 skrot,
573 1309 124 35 hvilka
725 1322 107 22 varor
858 1309 57 36 för
943 1310 227 35 närvarande
1199 1317 62 29 äro
1281 1310 151 44 tullfria,
1454 1315 132 32 åsättes
1605 1325 44 21 en
1664 1313 145 35 tullsats

202 1358 40 35 af
270 1361 15 32 1
318 1359 114 35 krona
461 1361 45 34 20
535 1366 60 29 öre
622 1359 57 36 för
710 1362 69 33 100
807 1360 191 46 kilogram.

336 1409 81 36 Med
447 1410 216 35 biträdande
691 1409 40 36 af
755 1410 100 36 detta
882 1410 138 49 förslag
1048 1411 90 35 hade
1167 1412 177 35 utskottet
1371 1412 12 34 i
1411 1412 64 35 sitt
1503 1412 227 37 betänkande
1750 1427 57 22 n:o

204 1461 56 42 10,
304 1460 163 48 punkten
512 1459 82 47 1:0),
637 1461 180 43 hemstält,
859 1467 54 29 att
953 1462 100 35 tack-
1094 1462 67 35 och
1194 1461 215 48 barlastjern
1441 1469 94 29 samt
1568 1463 101 36 skrot
1697 1467 111 32 måtte

201 1513 134 33 åsättas
363 1524 44 22 en
434 1512 147 35 tullsats
608 1511 40 36 af
676 1513 15 33 1
723 1512 113 35 krona
866 1514 46 33 20
940 1519 61 28 öre
1029 1512 56 36 för
1116 1514 69 34 100
1214 1513 190 46 kilogram.

335 1560 71 37 Vid
448 1561 267 49 behandlingen
757 1561 39 36 af
833 1563 155 35 berörda
1027 1563 118 47 punkt
1181 1563 11 35 i
1221 1564 195 35 utskottets
1445 1564 227 36 betänkande
1700 1564 106 37 hafva

203 1611 191 36 kamrarne
428 1613 116 45 enligt
577 1613 181 36 utskottet
784 1613 317 36 tillhandakomna
1129 1614 341 47 protokollsutdrag
1499 1620 146 30 stannat
1671 1616 12 34 i
1711 1616 95 35 olika

201 1661 131 45 beslut,
374 1663 10 34 i
427 1663 62 35 det
529 1669 53 29 att
623 1663 126 36 Första
789 1663 232 44 Kammaren,
1052 1664 82 35 med
1163 1663 116 48 afslag
1305 1668 21 32 å
1353 1665 196 36 utskottets
1576 1666 228 44 hemställan,

199 1711 135 37 bifallit
361 1726 44 22 en
433 1712 41 36 af
499 1713 82 35 herr
607 1712 138 37 Cavalli
774 1714 60 35 vid
855 1714 247 35 betänkandet
1120 1714 109 46 fogad
1251 1716 237 42 reservation,
1508 1715 76 36 deri
1605 1716 199 43 hemstälts,

199 1768 53 29 att
280 1763 100 35 tack-
409 1763 66 35 och
504 1763 216 47 barlastjern
749 1770 94 29 samt
870 1765 102 34 skrot
1001 1768 112 32 måtte
1142 1768 132 32 åsättas
1301 1778 42 22 en
1374 1766 145 35 tullsats
1547 1765 40 36 af
1603 1767 46 34 80
1669 1773 60 29 öre
1748 1767 56 35 för

202 1815 70 33 100
312 1814 191 46 kilogram,
544 1814 188 36 hvaremot
773 1814 126 36 Andra
933 1814 217 37 Kammaren
1181 1814 145 47 afslagit
1354 1817 96 34 såväl
1480 1816 196 36 utskottets
1704 1818 99 35 hem-

198 1864 132 35 ställan
358 1877 77 23 som
464 1864 68 36 den
561 1865 12 34 i
602 1871 122 30 ämnet
752 1866 130 35 väckta
910 1866 200 35 motionen.

332 1914 70 36 För
441 1913 149 49 frågans
631 1914 201 48 afgörande
870 1928 132 34 genom
1042 1929 208 34 gemensam
1285 1917 227 47 omröstning
1542 1917 56 36 får
1627 1919 176 35 utskottet

196 1962 133 38 föreslå
356 1964 160 47 följande
543 1967 429 47 voteringsproposition:

331 2065 107 44 »Den,
467 2078 77 23 som
573 2066 12 34 i
612 2067 115 35 likhet
755 2067 79 34 med
863 2067 129 35 Första
1020 2067 219 36 Kammaren
1267 2068 75 42 vill,
1372 2073 53 30 att
1443 2068 101 35 tack-
1563 2068 67 36 och
1648 2069 153 36 barlast-

193 2114 82 47 Jern
305 2121 94 29 samt
427 2116 102 35 skrot
556 2116 91 36 skall
676 2120 135 32 åsättas
838 2130 44 22 en
911 2119 144 34 tullsats
1083 2117 40 35 af
1148 2119 47 34 80
1223 2124 60 28 öre
1301 2117 56 35 för
1385 2120 69 33 100
1475 2119 189 46 kilogram,
1685 2124 117 30 röstar

971 2217 63 44 Ja;

282 2279 75 31 Bih.
382 2279 48 30 till
453 2279 110 31 Riksd.
588 2279 85 32 Prot.
702 2281 86 30 1898.
835 2281 20 29 5
880 2280 98 32 Saml.
1024 2283 17 29 I
1065 2281 76 42 Afd.
1191 2282 35 30 14
1253 2281 93 42 Häft.
1391 2281 80 41 (N:o
1495 2283 61 37 14).
