2115 2654
707 242 125 32 Bunko-
844 235 183 47 Utskottets
1033 240 169 31 Memorial
1227 239 62 32 N:o
1313 242 30 28 8.
1733 239 18 29 9

209 327 119 45 känd;
363 331 54 32 att
449 327 11 35 i
495 325 243 48 låntagarens
773 323 55 36 till
865 322 169 36 konkurs
1070 320 171 36 afträdda
1275 318 46 37 bo
1357 318 224 48 fordringen
1610 317 185 37 bevakats

210 381 70 36 och
321 384 55 32 att
416 379 11 35 i
469 377 202 48 utdelning
708 375 171 37 erhållits
921 376 117 46 något
1071 372 106 37 öfver
1206 374 39 42 44
1279 376 158 44 procent
1466 370 84 36 med
1579 372 47 35 36
1656 370 142 36 kronor

212 435 19 34 6
271 437 76 43 öre,
393 431 210 46 hvarjemte
645 429 83 36 från
770 427 288 49 sysslomannen
1103 425 11 35 i
1150 424 222 36 konkursen
1401 423 113 48 intyg
1540 423 174 47 lemnats,
1744 427 54 31 att

212 485 222 36 densamma
477 487 40 31 är
559 480 214 38 slututredd
816 478 69 38 och
924 483 55 32 att
1020 480 128 46 någon
1180 476 126 36 vidare
1335 474 202 49 utdelning
1561 475 83 36 icke
1674 480 41 31 är
1744 479 54 31 att

214 543 133 31 motse.

344 588 84 36 Med
459 586 178 37 afseende
667 588 20 33 å
715 598 49 22 nu
794 582 247 38 omförmälda
1071 580 262 38 förhållanden
1364 579 66 37 och
1463 580 46 35 då
1529 579 191 36 nästlidna
1741 581 59 33 års

216 642 187 36 revisorer
442 639 41 36 af
505 637 321 51 Visbykontorets
855 635 261 48 räkenskaper
1144 633 53 36 uti
1227 633 73 36 den
1328 633 42 35 af
1390 632 83 36 dem
1505 631 143 48 afgifna
1677 631 125 36 berät-

216 695 95 36 telse
339 692 167 37 förordat
535 690 106 37 bifall
671 689 56 37 till
755 688 280 47 afskrifningen
1063 687 11 35 i
1104 686 117 47 fråga,
1251 684 206 37 föranlåtes
1478 683 198 37 Utskottet
1696 683 106 36 hem-

219 747 122 46 ställa,

750 797 54 32 att
832 792 73 36 den
933 794 21 33 å
983 789 250 38 omförmälda
1262 789 60 35 lån
1343 787 164 49 oguldna
1531 788 182 43 återstod,
1733 789 70 35 763

621 846 136 36 kronor
786 846 47 34 94
861 848 77 42 öre,
969 845 115 33 måtte
1104 841 37 36 få
1163 855 42 22 nr
1222 839 417 37 Riksbankskontorets
1656 840 11 35 i
1684 839 123 48 Visby

617 896 259 49 räkenskaper
905 894 216 38 afskrifvas.

350 1002 224 39 Stockholm
603 1003 71 36 den
705 1004 45 34 27
780 999 182 38 Februari
997 1000 106 34 1880.

775 1105 46 36 På
852 1103 215 37 Utskottets
1100 1106 160 43 vägnar:

857 1208 96 38 J.J.
989 1206 187 37 EKMAN.

340 2421 71 31 Bih.
437 2419 49 31 till
509 2419 110 31 Riksd.
644 2418 83 31 Prot.
752 2419 94 29 1880.
892 2419 19 29 6
935 2416 94 32 Saml.
1053 2418 17 29 1
1098 2415 73 40 Afd.
1197 2418 19 28 4
1242 2414 91 39 Häöft.
1774 2411 18 29 2
