2199 2576
349 186 24 34 4
872 186 245 33 Statsutskottets
1139 188 169 32 Memorial
1330 189 63 31 N:o
1416 191 50 29 54.

351 280 71 21 som
446 269 78 39 löst,
560 270 112 31 såsom
696 269 271 42 husbyggnader,
992 271 103 40 rörlig
1118 271 161 39 materiel,
1303 272 213 32 reservdelar
1537 272 51 32 till
1611 273 182 33 lokomotiv
1823 275 61 31 och
1910 285 75 30 vag-

354 331 70 27 nar,
460 320 388 32 verkstadsinventarier
889 320 64 32 och
984 322 159 40 redskap,
1186 321 157 41 telegraf-
1372 322 61 32 och
1458 323 424 43 signaleringsinrättning,
1906 326 81 32 stält

352 374 50 28 ett
442 371 123 41 belopp
608 371 34 32 af
670 371 101 40 högst
806 374 169 36 4,000,000
1007 372 125 32 kronor
1158 376 86 29 samt
1272 373 216 41 bemyndigat
1512 374 222 41 Fullmäktige
1758 376 10 30 i
1791 376 194 41 Riksgälds-

351 422 161 31 kontoret
536 424 50 29 att
609 432 119 30 genom
746 422 200 41 försäljning
959 422 33 32 af
1013 423 42 32 då
1070 423 215 32 återstående
1301 424 120 32 osålda
1435 424 232 40 obligationer,
1678 426 204 33 tillhörande
1907 439 77 21 vare

351 471 52 41 sig
429 474 81 30 1872
540 473 83 31 eller
652 475 81 29 1875
763 472 85 32 eller
873 476 81 29 1878
983 475 54 30 års
1062 474 155 38 statslån,
1243 474 151 32 anskaffa
1423 474 40 32 de
1488 475 117 32 härför
1632 476 127 40 nödiga
1771 477 144 39 medlen,
1936 479 50 31 för

352 526 50 28 att
429 523 10 31 i
464 523 148 40 enlighet
636 524 76 30 med
735 524 120 40 Kongl.
885 524 112 41 Maj:ts
1022 524 112 32 beslut
1157 525 184 39 utbetalas;
1366 525 64 32 och
1455 526 127 40 åligger
1606 526 58 32 det
1679 527 100 32 alltså
1792 527 193 41 Riksgälds-

351 574 161 31 kontoret
542 577 49 29 att
618 574 259 32 tillhandahålla
907 575 63 31 och
994 575 186 40 behörigen
1204 576 153 32 utbetala
1380 576 89 32 hvad
1493 577 36 31 af
1550 577 147 32 nämnda
1722 578 117 41 anslag
1853 582 89 29 ännu
1956 581 30 40 ej

350 624 126 41 lyftats.

1135 684 15 41 8
1177 688 29 28 8.

489 767 196 40 Riksdagen
721 768 61 31 har
819 769 38 30 år
894 771 91 36 1885,
1020 769 109 31 under
1163 768 240 41 förutsättning
1433 772 49 29 att
1511 770 41 31 de
1577 771 10 30 i
1614 771 372 41 statsrådsprotokollet

354 819 93 31 öfver
483 818 230 32 civilärenden
752 819 54 30 för
846 818 65 32 den
955 822 38 29 25
1038 820 161 31 Februari
1243 831 126 20 samma
1410 822 38 29 år
1490 821 232 39 omförmälda,
1760 822 73 32 utaf
1867 823 119 32 staden

353 869 198 31 Hudiksvall
590 869 64 31 och
692 869 216 32 Hudiksvalls
948 870 335 40 trävaruaktiebolag
1318 870 166 41 erbjudna
1512 871 208 41 upplåtelser
1747 872 49 31 till
1821 876 108 29 staten
1954 874 35 31 af

354 920 94 32 mark
472 920 64 31 och
562 920 36 31 af
618 920 179 31 flottleden
826 920 122 32 mellan
973 920 177 41 Hybosjön
1175 921 63 31 och
1262 921 72 41 sjön
1361 921 153 41 Gryttjen
1538 922 134 31 komma
1696 923 50 31 till
1776 924 108 38 stånd,

489 971 65 32 dels
599 970 177 40 medgilvit,
812 972 50 31 att
896 971 208 33 Hudiksvalls
1133 973 340 41 jernvägsaktiebolags
1502 973 137 42 Jjernväg
1662 974 114 32 mellan
1798 975 189 33 Hudiksvall

352 1023 54 31 och
434 1022 163 32 Näsviken
627 1021 76 31 med
739 1021 67 32 alla
840 1021 252 41 tillhörigheter
1128 1023 10 30 i
1162 1022 66 31 fast
1253 1023 64 30 och
1340 1023 51 31 lös
1418 1023 177 40 egendom,
1620 1024 174 31 deribland
1822 1026 162 38 ångbåtar

354 1072 64 31 och
455 1073 136 39 pråmar
621 1072 104 41 jemte
762 1072 222 40 sjöstationer
1018 1073 75 31 med
1125 1072 219 42 åbyggnader
1368 1077 86 28 samt
1477 1073 192 40 fordringar
1694 1075 102 39 enligt
1819 1075 77 39 bok,
1931 1077 54 30 vid

354 1123 95 31 tiden
473 1122 54 31 för
552 1122 248 38 öfverlåtelsen,
827 1124 52 30 må
909 1123 52 31 för
986 1126 128 28 statens
1140 1123 141 40 räkning
1305 1124 154 40 inköpas,
1484 1127 50 28 att
1557 1128 97 36 tagas
1678 1126 10 30 i
1713 1126 183 39 besittning
1921 1127 64 31 den

357 1177 12 27 1
398 1173 195 31 November
620 1175 91 36 1887,
735 1177 70 27 mot
833 1184 40 20 en
901 1173 224 41 köpeskilling
1150 1174 34 31 af
1206 1176 136 37 536,488
1366 1175 126 30 kronor
1518 1177 37 29 15
1582 1178 68 36 öre,
1678 1176 131 31 hvilken
1832 1177 153 40 erlägges

355 1223 154 38 sålunda,
535 1227 49 28 att
608 1227 113 28 staten

497 1276 65 39 1:0)
608 1274 193 40 eftergifver
825 1274 88 31 hvad
937 1274 34 31 af
996 1274 58 32 det
1078 1275 138 41 bolaget
1238 1274 163 41 beviljade
1427 1275 141 32 statslån

357 1326 146 30 återstår
528 1325 140 39 oguldet
692 1325 61 31 den
779 1328 36 28 31
845 1325 192 32 December
1065 1327 90 36 1887,
1172 1325 190 32 beräknadt
1382 1329 50 28 att
1446 1329 119 37 utgöra
1615 1327 124 32 kronor
1765 1330 143 37 185,677:
1934 1331 49 29 97.

497 1376 64 31 och
597 1378 66 39 2:0)
700 1376 211 31 sistnämnda
948 1375 64 40 dag
1036 1376 130 31 betalar
1189 1376 49 31 till
1254 1376 140 40 bolaget
1411 1377 70 31 dels
1498 1381 70 27 mot

357 1425 195 32 erhållande
579 1426 35 32 af
636 1426 156 40 bolagets
820 1426 161 40 oguldna,
998 1426 208 41 ijernvägen
1221 1427 199 31 inteckuade
1436 1427 129 40 obliga-

354 1477 113 31 tioner
503 1480 49 28 ett
586 1477 153 31 deremot
780 1477 166 32 svarande
977 1477 135 41 belopp,
1138 1477 191 32 beräknadt
1352 1478 50 30 till
1430 1480 134 36 105,624

357 1527 127 32 kronor
508 1530 18 29 7
552 1531 70 34 öre,
653 1528 71 31 dels
750 1527 63 32 ock
837 1528 198 41 ytterligare
1060 1530 137 36 245,186
1213 1528 126 31 kronor
1356 1531 34 28 11
1409 1531 57 28 öre
1485 1529 82 31 eller

355 1578 143 32 sålunda
522 1578 145 41 tillhOpa
704 1608 50 6 sas
761 1608 795 7 ssessessrsssrssrrerens
1051 1574 84 56 intres
1142 1574 21 56 rn
1173 1574 43 56 narr
1219 1574 28 56 ser
1254 1574 53 56 rRrR
1313 1574 29 56 SKA
1359 1574 28 56 KKR
1394 1574 14 56 Sr
1415 1574 74 56 Ananas
1495 1574 18 56 nn
1523 1574 36 56 enn
1665 1604 14 14 »
1726 1575 18 55 —
1767 1583 143 35 350,810:
1939 1584 47 29 18.

1454 1639 133 31 Summa
1609 1640 135 31 Kronor
1768 1643 145 35 536,488:
1939 1643 48 29 15.

491 1688 65 32 dels
593 1687 168 32 öfverlåtit
798 1689 34 30 åt
868 1688 120 39 Kongl.
1027 1688 92 41 Maj:t
1156 1692 48 28 att
1233 1689 168 31 fastställa
1431 1689 41 31 de
1497 1693 152 28 närmare
1676 1690 116 38 vilkor,
1822 1691 165 32 förbehåll

356 1738 64 31 och
458 1738 266 38 bestämmelser,
765 1749 71 21 som
875 1739 53 30 vid
966 1739 215 40 uppgörande
1214 1739 35 31 af
1275 1738 121 33 aftalet
1428 1740 72 31 med
1521 1741 391 41 jernvägsaktiebolaget
1936 1744 51 30 må

355 1789 108 32 finnas
490 1789 238 41 erforderliga;

492 1840 64 32 dels
592 1840 140 40 beviljat
773 1840 63 30 och
875 1840 80 31 stält
990 1840 50 31 till
1069 1840 120 40 Kongl.
1219 1840 113 41 Maj:ts
1367 1841 201 40 disposition
1592 1841 51 32 för
1662 1842 203 40 jernvägens
1893 1843 93 31 inkö-

357 1890 112 40 pande
518 1890 62 32 och
620 1891 77 30 udess
736 1890 235 41 ombyggande
1011 1890 46 31 till
1083 1890 200 41 bredspårig
1307 1894 87 28 samt
1423 1892 241 32 utsträckande
1693 1893 50 31 till
1767 1904 97 21 norra
1888 1897 99 28 stam-

356 1941 112 31 banan
503 1941 54 31 vid
588 1941 140 41 Ljusdal
753 1941 62 31 och
839 1941 178 32 förseende
1043 1941 73 32 med
1141 1942 103 39 rörlig
1267 1942 153 32 materiel
1449 1945 172 36 4,623,300
1645 1943 126 33 kronor
1800 1944 63 31 och
1894 1944 97 32 deraf

358 1992 131 31 anvisat
513 1992 50 31 till
587 1992 166 40 utgående

472 2042 109 32 under
606 2044 37 30 år
669 2045 79 29 1886
783 2071 745 10 ossssssssesrsrssersrereerersesrererrsrsre
1287 2038 39 52 tar
1339 2038 56 52 reser
1400 2038 27 52 enn
1436 2038 43 52 ses
1495 2038 36 52 nn
1582 2044 125 32 kronor
1731 2048 178 36 2,000,000:
1937 2065 42 5 —

523 2118 14 13 FS
667 2095 79 30 [51537
778 2123 745 8 (An
1631 2121 14 13 »
1735 2098 179 37 2,350,300:
1938 2116 41 4 —

356 2145 87 30 samt
520 2168 14 14 ”
611 2169 13 13 ”
664 2147 80 29 1888
776 2175 27 5 LER
815 2163 31 28 TTE
850 2174 31 7 TTT
885 2163 10 28 RE
908 2174 32 6 RER
954 2163 565 28 TSETSTTETEETEERTETTTETEETSTETERSSETETEETESTETEEEEE
1629 2171 14 14 ”
1771 2149 70 36 273,
1845 2149 70 30 000:
1938 2156 51 35 —,)

358 2193 64 32 och
460 2193 133 41 åligger
629 2194 58 32 det
722 2195 345 40 Riksgäldskontoret
1103 2199 59 35 att,
1199 2196 84 31 efter
1321 2161 119 76 Kongl.
1465 2197 112 41 Maj:ts
1603 2197 211 42 disposition,
1838 2173 151 57 utbetala

359 2244 250 33 ofvannämnda
632 2245 133 43 belopp,
791 2247 10 31 i
831 2246 64 32 den
920 2248 75 31 mån
1023 2247 39 31 de
1088 2250 87 29 ännu
1205 2246 28 42 ej
1257 2246 122 44 lyftats,
