2208 2626
414 169 19 30 2
854 169 347 32 Jordbruksutskottets
1224 167 167 33 utlåtande
1414 169 52 31 Nr
1490 170 53 31 65.

1141 268 20 33 2
1181 264 44 50 8.

502 352 255 48 Avverkning
800 365 46 22 av
874 351 183 49 ungskog
1085 353 61 33 må
1175 351 31 48 ej
1238 351 67 36 ske
1334 351 224 36 annorledes
1587 356 47 31 än
1663 364 142 36 genom
1836 352 59 36 för
1923 352 65 37 be-

372 405 171 36 ståndets
585 403 224 48 utveckling
845 402 305 48 ändamålsenlig
1178 403 181 48 gallring,
1389 405 40 34 så
1457 403 116 36 framt
1601 403 32 48 ej
1665 403 321 49 skogsvårdssty-

371 457 121 36 relsen
525 455 84 37 med
639 455 151 49 hänsyn
818 454 58 36 till
904 454 169 49 skogens
1101 454 170 37 tillstånd
1301 455 71 36 och
1400 454 265 37 beskaffenhet
1691 454 124 37 finner
1845 455 141 48 skäligt

372 508 188 47 medgiva,
591 511 55 32 att
675 506 239 49 avverkning
942 506 87 36 sker
1056 506 121 36 under
1205 519 128 23 annan
1361 506 110 36 form.

1137 629 20 33 3
1188 627 31 48 &.

502 706 34 44 Å
577 714 195 49 fastighet,
817 727 80 23 som
942 714 98 36 efter
1069 714 74 35 den
1175 715 46 34 14
1250 713 75 48 maj
1360 715 97 34 1918
1487 725 143 37 genom
1660 713 87 50 köp,
1777 713 92 49 byte
1898 713 91 37 eller

372 769 100 46 gåva
514 768 175 47 övergått
731 765 57 36 till
818 778 126 23 annan
972 770 49 31 än
1049 765 231 48 föregående
1308 770 160 44 ägarens
1497 765 226 49 skyldeman
1751 766 12 35 i
1790 770 76 31 rätt
1892 779 96 35 upp-

374 818 71 36 och
486 817 253 49 nedstigande
776 817 72 46 led,
892 816 143 50 syskon
1075 817 91 36 eller
1204 817 164 48 syskons
1409 816 237 49 avkomling,
1691 820 60 33 må
1793 817 33 48 ej
1871 817 118 36 heller

375 883 123 23 annan
540 869 238 49 avverkning
806 882 45 22 av
881 868 99 48 skog
1008 873 46 31 än
1085 868 120 49 enligt
1235 871 21 33 2
1285 868 21 49 $
1335 873 41 31 är
1403 868 12 36 i
1443 868 110 49 fråga
1583 881 61 23 om
1672 869 184 48 ungskog
1884 868 104 36 med-

374 921 116 49 given
532 926 73 43 äga
646 934 96 33 rum,
785 921 13 35 i
840 920 64 36 fall
946 920 73 36 den
1061 920 136 36 strider
1225 926 81 30 mot
1333 919 219 50 grunderna
1580 920 58 36 för
1666 921 78 48 god
1773 920 213 47 skogsvård

373 973 90 36 eller
505 973 234 49 fastigheten
782 973 224 47 därigenom
1050 972 120 36 skulle
1211 972 156 36 komma
1408 977 54 31 att
1496 972 77 36 lida
1601 971 95 37 brist
1723 975 47 45 på
1799 971 183 47 behövlig

375 1025 97 47 skog
500 1025 95 36 efter
623 1029 130 31 ortens
784 1023 277 37 förhållanden.

503 1070 55 41 Är
576 1075 237 37 beträffande
835 1075 99 48 skog
953 1076 103 34 inom
1077 1075 243 36 kustområde
1340 1080 56 31 att
1415 1075 141 47 befara,
1578 1080 55 30 att
1652 1088 142 35 genom
1815 1087 175 24 ovarsam

375 1128 239 48 avverkning
642 1130 220 33 återväxten
891 1126 121 37 skulle
1041 1131 215 44 äventyras,
1286 1126 171 37 försenas
1486 1126 88 36 eller
1603 1126 212 48 försvagas,
1845 1126 48 37 då
1916 1129 73 42 må,

374 1180 97 36 ändå
509 1184 53 32 att
603 1179 72 36 den
704 1178 195 48 fastighet,
928 1178 126 36 vartill
1084 1178 146 47 skogen
1260 1178 82 46 hör,
1370 1178 82 36 icke
1481 1178 95 36 efter
1605 1178 72 36 den
1711 1180 44 33 14
1780 1178 74 47 maj
1889 1179 99 35 1918

375 1234 175 46 övergått
585 1231 56 36 till
678 1244 52 35 ny
759 1235 126 44 ägare,
914 1230 273 49 länsstyrelsen
1214 1232 50 46 på
1292 1229 282 49 framställning
1601 1243 46 22 av
1675 1229 314 49 skogsvårdssty-

375 1284 125 36 relsen
542 1282 189 46 förordna,
775 1287 55 31 att
872 1281 58 36 för
959 1281 73 37 den
1061 1282 99 48 skog
1188 1282 97 36 skall
1312 1282 103 47 gälla
1443 1281 198 37 enahanda
1665 1281 285 48 inskränkning
1977 1282 12 35 i

377 1335 185 37 avseende
603 1337 20 33 å
658 1338 127 32 rätten
814 1334 56 35 till
900 1333 249 48 avverkning,
1178 1346 80 23 som
1289 1334 12 35 i
1330 1334 119 36 första
1477 1333 148 49 stycket
1653 1333 157 48 stadgas
1838 1333 60 36 för
1926 1332 63 37 det

377 1387 74 43 fall,
482 1399 130 24 varom
641 1386 67 35 där
737 1390 42 31 är
809 1385 115 48 fråga.
983 1384 143 37 Sådant
1154 1385 255 36 förordnande
1438 1388 61 33 må
1527 1390 95 31 även
1650 1386 12 35 i
1691 1384 185 37 samband
1902 1384 86 36 med

376 1438 290 47 framställning,
696 1450 82 23 som
808 1450 92 36 nyss
929 1442 119 43 sagts,
1079 1436 193 37 meddelas
1301 1451 45 22 av
1367 1437 424 49 skogsvårdsstyrelsen
1812 1442 54 30 att
1886 1436 105 48 gälla

376 1491 56 35 till
460 1490 86 37 dess
575 1490 277 48 länsstyrelsen
881 1489 11 35 i
922 1489 155 36 ärendet
1104 1488 169 36 beslutit.

509 1541 238 49 Stadgandet
776 1541 11 35 i
810 1540 118 37 första
947 1540 150 49 stycket
1117 1540 97 36 skall
1234 1540 99 36 dock
1352 1540 82 36 icke
1453 1540 102 48 gälla
1576 1539 234 37 beträffande
1831 1539 159 36 avverk-

376 1594 96 48 ning
499 1596 48 47 på
576 1593 124 48 grund
731 1606 47 22 av
806 1592 222 49 upplåtelse,
1059 1605 79 23 som
1168 1592 102 36 skett
1298 1592 81 36 före
1408 1591 72 36 den
1512 1593 45 34 15
1579 1592 74 48 maj
1680 1592 115 44 1918;
1816 1591 31 49 ej
1872 1591 118 36 heller

376 1645 96 36 skall
514 1644 265 46 förordnande,
823 1657 79 23 som
946 1644 209 36 meddelats
1184 1643 154 49 jämlikt
1367 1643 117 37 andra
1513 1643 163 49 stycket,
1706 1643 115 36 lända
1849 1643 56 36 till
1932 1643 57 36 in-

376 1696 239 48 skränkning
643 1697 11 35 i
674 1701 74 31 rätt
768 1696 57 35 till
845 1695 250 48 avverkning,
1117 1708 80 24 som
1218 1695 186 49 upplåtits
1426 1696 78 36 före
1526 1695 73 36 den
1622 1697 44 34 21
1690 1695 163 36 februari
1877 1695 116 36 1920.

1146 1818 23 33 4
1187 1817 42 45 8.

508 1903 81 36 Vad
619 1906 119 46 angår
767 1902 338 49 avverkningsrätt
1134 1902 108 47 skall,
1271 1906 136 32 utöver
1434 1903 72 36 vad
1535 1916 47 22 av
1611 1904 20 33 2
1663 1902 70 36 och
1761 1904 20 33 3
1805 1900 45 50 $$
1866 1901 126 48 följer,

376 1955 187 48 därjämte
597 1954 113 48 gälla,
733 1960 55 30 att
808 1954 229 36 innehavare
1057 1968 47 21 av
1124 1953 348 49 avverkningsrätt,
1494 1967 79 23 som
1596 1953 183 49 upplåtits
1800 1953 96 36 efter
1916 1953 71 35 den

379 2009 45 34 14
454 2007 73 49 maj
562 2008 110 45 1918,
703 2006 108 47 skall,
842 2006 97 36 ändå
968 2011 56 31 att
1053 2006 225 36 överlåtelse
1308 2019 46 22 av
1383 2006 232 48 fastigheten
1644 2005 97 36 efter
1769 2005 73 36 den
1862 2004 126 49 dagen

375 2058 82 36 icke
490 2063 67 44 ägt
586 2071 95 34 rum,
711 2071 93 23 vara
832 2058 254 36 underkastad
1116 2057 198 37 enahanda
1342 2057 282 48 inskränkning
1651 2058 12 35 i
1691 2061 123 32 rätten
1843 2061 55 31 att
1926 2070 64 22 av-

377 2110 115 36 verka
535 2123 125 23 annan
688 2110 100 47 skog
815 2114 48 31 än
892 2110 194 49 ungskog,
1117 2123 80 23 som
1227 2110 12 35 i
1269 2112 21 33 3
1320 2109 21 49 $
1370 2110 117 36 första
1516 2109 150 49 stycket
1694 2109 158 48 stadgas
1882 2108 12 35 i
1924 2121 64 23 av-

377 2160 138 37 seende
557 2164 20 33 å
605 2161 199 48 fastighet,
833 2162 128 35 vilken
990 2161 97 37 efter
1116 2161 120 49 sagda
1264 2161 77 49 dag
1367 2174 139 35 genom
1535 2161 87 49 köp,
1653 2161 89 48 byte
1771 2161 91 36 eller
1890 2162 99 46 gåva

376 2215 176 46 övergått
593 2212 56 36 till
692 2225 129 23 annan
863 2217 49 31 än
949 2213 231 48 föregående
1208 2218 162 44 ägarens
1399 2213 223 49 skyldeman
1651 2213 11 34 i
1690 2217 77 31 rätt
1795 2225 95 36 upp-
1918 2211 83 36 och

377 2263 254 49 nedstigande
658 2263 72 47 led,
761 2264 144 49 syskon
936 2265 89 36 eller
1054 2265 164 49 syskons
1249 2264 233 49 avkomling.
