2214 2658
719 221 224 42 Lagutskottets
971 220 162 33 Utlåtande
1157 219 61 33 N:o
1244 221 51 31 27.
1781 219 21 34 3

200 306 63 36 vid
292 306 46 36 de
367 305 190 37 ordinarie
586 310 233 32 stämmorna
846 304 12 36 i
887 304 160 37 oktober
1075 309 47 31 än
1142 303 102 36 hvad
1264 316 80 23 som
1365 301 123 50 gäller
1508 301 58 37 för
1585 302 73 36 den
1678 301 125 48 öfriga

199 356 106 37 tiden
347 357 42 36 af
426 359 89 34 året.
569 356 204 36 Dessutom
813 355 74 37 kan
929 355 65 36 det
1035 354 176 37 förefalla
1240 354 78 48 mig
1346 357 126 33 såsom
1502 352 194 37 stridande
1725 357 79 31 mot

201 408 242 46 hvartannat,
486 413 55 30 att
579 412 175 40 stämma,
783 406 126 37 hållen
938 419 145 23 samma
1111 405 75 49 dag
1215 405 73 36 den
1317 404 165 49 pålyses,
1511 404 81 36 icke
1621 403 58 37 får
1707 403 96 37 fatta

200 458 127 37 beslut
354 473 58 22 om
443 458 118 49 utgift
589 457 92 37 eller
709 457 236 49 erläggande
974 457 41 35 af
1039 456 137 48 bidrag
1204 455 138 46 dertill,
1371 455 137 36 medan
1536 454 62 36 vid
1627 454 176 36 oktober-

200 514 234 32 stämmorna
463 510 64 36 det
555 509 74 35 kan
658 507 171 38 beslutas
857 521 59 23 om
947 508 96 35 huru
1073 513 103 30 stora
1205 506 158 48 utgifter
1386 519 82 23 som
1497 504 110 47 helst,
1636 510 92 31 utan
1749 509 54 31 att

200 560 48 36 de
277 559 282 49 skattskyldige
586 564 87 31 veta
701 562 118 45 något
847 559 131 36 derom
1007 558 112 46 förut,
1147 557 162 36 likasom
1338 557 70 36 ock
1437 561 55 31 att
1516 555 206 50 pålysning
1742 568 59 23 om

200 616 129 31 ämnet
368 610 97 37 skall
507 624 90 22 vara
635 609 233 49 nödvändig,
903 609 56 36 till
989 609 71 37 och
1088 608 86 36 med
1203 621 45 23 en
1278 607 120 37 vecka
1426 607 114 45 förut,
1569 606 11 36 i
1607 606 110 48 fråga
1742 619 58 22 om

200 661 344 49 namnförändring
582 661 10 35 i
632 660 264 48 röstlängden,
936 659 67 37 der
1042 673 47 23 en
1128 658 272 37 förutvarande
1427 657 122 49 afgått
1577 657 71 37 och
1677 670 46 23 en
1752 670 51 35 ny

201 712 159 37 kommit
399 713 11 35 i
452 712 140 46 stället,
633 725 87 23 men
754 710 160 50 specielt
942 715 68 31 när
1038 710 64 36 det
1129 715 41 31 är
1198 710 110 48 fråga
1336 722 60 23 om
1425 708 171 48 utgifter,
1624 721 91 23 vare
1744 706 60 50 sig

201 767 81 33 små
310 764 92 36 eller
429 770 116 39 stora,
574 776 80 22 som
684 760 367 39 kommunalnämnd
1080 760 93 37 eller
1200 760 139 49 kyrko-
1367 759 72 37 och
1455 758 154 37 skolråd
1641 778 40 4 —
1715 771 86 23 man

200 815 73 35 kan
303 815 116 36 tänka
447 814 61 49 sig
535 819 91 30 utan
655 819 55 30 att
737 826 92 23 vara
857 812 113 49 eniga
997 832 49 3 —
1074 824 90 24 anse
1189 810 205 48 behöfliga,
1415 810 47 36 då
1482 809 96 36 skall
1597 809 207 49 pålysning

200 865 33 48 ej
278 865 204 49 iakttagas.
538 864 150 37 Sådana
728 863 329 48 inkonseqvenser
1097 862 172 36 medföra
1310 862 97 36 efter
1441 860 85 37 mitt
1552 860 250 37 förmenande

198 916 85 36 icke
311 919 127 45 någon
466 915 219 37 belåtenhet
712 914 63 36 vid
804 913 401 49 kommunallagarnes
1233 911 254 50 tillämpning.

333 967 17 36 I
391 972 55 31 ett
473 966 68 36 fall
569 966 344 36 öfverensstämma
941 964 34 48 ej
1003 962 239 38 kommunal-
1271 963 70 36 och
1366 960 437 51 kyrkostämmoförord-

199 1017 196 48 ningarne.
448 1015 695 48 Kommunalstämmoförordningens
1167 1016 46 34 63
1235 1011 20 49 $
1277 1013 259 45 föreskrifver,
1554 1017 54 31 att
1622 1010 182 39 särskildt

199 1067 47 37 de
274 1068 11 35 i
313 1067 326 50 utgiftsförslaget
667 1072 200 44 upptagna
893 1065 172 50 utgifter,
1094 1078 80 23 som
1204 1065 97 36 först
1329 1064 47 36 då
1394 1063 56 37 till
1470 1062 215 49 beviljande
1704 1062 99 36 före-

198 1118 89 47 slås,
312 1119 119 47 jemte
460 1119 46 35 de
535 1119 130 47 frågor
693 1118 72 35 och
793 1117 127 46 behof,
950 1116 42 37 af
1015 1116 128 36 hvilka
1170 1115 196 37 desamma
1394 1114 184 50 påkallas,
1608 1113 109 37 skola
1744 1112 58 37 till

199 1169 300 49 öfverlägguing
540 1169 70 36 och
638 1168 211 49 afgörande
878 1168 206 48 företagas.
1138 1166 65 37 Uti
1236 1164 565 51 kyrkostämmoförordningen

198 1220 256 36 förekommer
481 1220 84 36 icke
593 1223 125 45 någon
747 1218 163 36 likartad
940 1216 281 47 bestämmelse,
1250 1217 119 36 ehuru
1390 1216 65 36 det
1474 1215 111 37 äfven
1605 1215 69 36 här
1693 1215 109 36 torde

198 1271 130 36 kunna
356 1284 112 23 anses
497 1270 76 36 lika
602 1269 196 49 behöfligt.
851 1270 68 35 Ett
946 1268 137 48 tillägg
1110 1267 56 36 till
1197 1266 566 49 kyrkostämmoförordningen
1791 1265 11 35 i

198 1321 107 36 detta
328 1321 183 36 afseende
538 1321 68 36 bör
634 1321 98 35 efter
761 1319 76 36 min
864 1319 117 36 tanke
1009 1319 129 35 kunna
1165 1318 204 36 försvaras.

334 1371 148 37 Genom
526 1371 65 36 det
624 1384 51 23 nu
704 1370 161 37 anförda
892 1375 80 30 tror
995 1369 70 49 jag
1088 1368 80 49 mig
1195 1368 116 36 hafva
1339 1367 111 46 visat,
1480 1372 55 31 att
1562 1366 105 37 såväl
1695 1366 107 36 kom-

200 1422 144 36 munal-
383 1435 81 24 som
502 1419 656 52 kyrkostämmoförordningarne
1148 1412 25 63 i
1201 1432 47 23 nu
1292 1417 230 38 omnämnda
1563 1417 67 37 fall
1658 1416 79 37 lida
1765 1416 41 36 af

200 1473 220 49 betänkliga
459 1472 138 37 brister
632 1472 72 37 och
732 1472 338 47 inkonseqvenser.
1116 1472 55 34 År
1199 1470 117 46 detta,
1341 1482 80 23 som
1453 1468 78 49 mig
1559 1481 126 35 synes,
1714 1467 84 36 obe-

198 1523 179 50 stridligt,
406 1527 42 34 så
476 1523 222 36 framkallas
727 1522 111 37 deraf
862 1521 143 49 nödiga
1033 1521 186 37 rättelser.
1275 1521 151 47 Frågan
1454 1519 73 37 blir
1554 1519 58 46 då,
1633 1521 49 46 på
1701 1518 99 36 hvad

198 1580 77 31 sätt
312 1575 103 36 detta
455 1573 239 38 förhållande
729 1577 61 33 må
817 1573 129 36 kunna
975 1572 150 37 ändras.
1178 1572 58 35 En
1267 1570 219 37 hufvudsak
1515 1569 196 37 förefaller
1739 1568 64 37 det

199 1626 79 48 mig
322 1638 101 33 vara,
464 1630 54 31 att
559 1624 73 37 alla
672 1624 273 49 utgiftsfrågor
984 1622 209 37 behandlas
1236 1622 87 46 lika,
1364 1621 71 36 och
1478 1626 54 31 att
1559 1620 150 37 således
1738 1619 63 36 vid

198 1681 173 42 stämma,
400 1676 120 48 utlyst
551 1675 57 36 för
638 1674 290 37 bestämmande
957 1674 41 36 af
1022 1673 154 49 utgifts-
1204 1673 72 36 och
1303 1672 257 45 inkomststat,
1579 1671 85 37 icke
1685 1673 117 34 måtte

199 1726 139 37 tillåtas
367 1732 55 30 att
449 1726 151 36 besluta
623 1739 60 22 om
712 1738 76 36 nya
816 1724 93 36 eller
938 1724 182 36 förökade
1149 1723 159 48 utgifter
1335 1728 92 30 utan
1447 1727 55 31 att
1521 1721 136 36 sådant
1676 1720 127 37 blifvit

197 1776 10 35 i
250 1776 255 49 kungörelsen
548 1789 58 22 om
641 1781 190 31 stämman
866 1778 126 33 såsom
1022 1773 433 49 öfverläggningsämne
1484 1777 198 43 upptaget.
1737 1771 66 35 Ett

196 1827 138 48 tillägg
361 1827 10 35 i
401 1826 106 37 detta
534 1826 99 48 syfte
662 1825 124 36 skulle
811 1825 97 36 efter
928 1824 77 36 min
1026 1824 249 49 uppfattning
1294 1836 91 23 vara
1404 1821 395 38 tillfredsställande.»

332 1878 51 35 På
411 1877 127 48 grund
567 1877 41 35 af
632 1876 101 36 hvad
762 1875 161 37 sålunda
951 1875 146 37 anförts
1126 1873 223 38 hemställer
1378 1874 236 35 motionären

330 1930 70 34 dels
432 1928 5 36 1
466 1928 193 36 motionen
692 1941 61 22 n:o
793 1929 59 44 24,
892 1931 55 32 att
973 1925 223 49 Riksdagen
1230 1928 116 33 måtte
1375 1925 59 36 för
1462 1923 57 37 sin
1548 1923 61 36 del
1638 1922 163 47 besluta,

197 1984 55 30 att
294 1978 9 35 i
340 1980 45 35 63
414 1977 20 48 $
464 1979 42 36 af
530 1978 138 48 Kongl.
698 1977 128 48 Maj:ts
854 1977 142 49 nådiga
1024 1976 225 49 förordning
1277 1989 60 24 om
1366 1973 388 50 kommunalstyrelse
1784 1976 20 33 å

197 2029 130 36 landet
354 2030 75 35 den
471 2031 42 34 21
546 2042 100 23 mars
678 2031 108 43 1862,
814 2028 99 36 efter
941 2041 111 23 mom.
1085 2030 31 43 1,
1144 2027 144 36 införes
1317 2031 54 31 ett
1398 2025 138 49 tillägg
1564 2025 42 36 af
1631 2024 172 48 följande

197 2079 161 47 lydelse:

333 2130 96 47 Inga
457 2130 119 36 andra
610 2142 75 36 nya
713 2128 94 36 eller
840 2127 185 37 förökade
1058 2126 161 48 utgifter
1247 2129 60 33 må
1334 2126 11 35 i
1366 2126 127 36 denna
1512 2130 76 32 stat
1607 2130 195 43 upptagas

197 2185 47 30 än
274 2180 58 45 de,
360 2193 82 23 som
472 2180 10 35 i
511 2178 261 50 kungörelsen
800 2192 59 22 om
889 2182 187 32 stämman
1107 2182 64 31 äro
1192 2177 177 47 angifna;

330 2232 70 35 dels
427 2230 71 36 ock
526 2230 10 36 i
574 2229 194 38 motionen
792 2243 61 22 n:o
883 2230 59 45 25,
963 2234 55 31 att
1045 2228 221 48 Riksdagen
1287 2226 222 38 äfvenledes
1529 2229 116 33 måtte
1666 2226 59 35 för
1746 2225 56 36 sin

196 2280 63 37 del
300 2280 162 48 besluta,
504 2286 54 31 att
598 2281 11 37 i
643 2283 44 34 37
719 2278 21 48 $
770 2280 40 37 af
835 2279 130 48 kongl.
996 2278 276 49 förordningen
1300 2292 59 22 om
1388 2277 289 50 kyrkostämma
1705 2280 99 33 samt
