1866 2772
251 140 37 31 18
699 145 286 33 Statsutskottets
1007 149 178 32 utlåtande
1204 161 44 21 nr
1266 152 30 31 9.

293 226 13 30 I
326 227 113 39 övrigt
461 228 143 30 innebär
624 230 278 40 begränsningen
922 242 44 21 av
984 233 204 33 televerkets
1210 236 455 41 investeringsverksamhet
1687 252 63 20 un-

250 268 58 31 der
334 270 102 29 nästa
463 271 177 38 budgetår,
667 273 51 28 att
742 273 93 31 vissa
860 283 43 22 av
929 275 42 30 de
999 276 292 32 telefonstations-
1318 281 65 29 och
1410 277 339 50 förrådsbyggnader

250 319 73 21 som
346 313 170 37 styrelsen
539 314 170 29 beräknat
731 315 155 40 påbörja,
913 316 189 33 tillsvidare
1125 320 111 30 måste
1258 321 111 31 anstå.
1393 323 227 31 Beträffande
1642 327 108 29 rund-

248 353 399 41 radioanläggningarna
665 356 158 32 kommer
844 358 281 41 nedskärningen
1144 363 51 29 att
1215 363 168 36 medföra,
1403 367 52 28 att
1473 367 275 31 radiostationen

248 395 11 28 i
282 394 194 32 Östersund
499 397 75 31 icke
599 398 70 29 kan
695 399 236 39 färdigställas
956 402 109 30 under
1088 404 214 39 budgetåret,
1328 407 65 29 och
1418 407 118 31 vidare
1561 410 111 30 måste
1696 412 53 28 ut-

247 436 206 40 byggnaden
472 448 42 20 av
534 440 276 31 trådradionätet
828 443 188 38 begränsas
1036 445 51 29 till
1107 447 50 28 att
1177 447 146 30 omfatta
1342 457 41 21 ca
1404 449 41 29 60
1460 450 62 30 000
1542 451 206 31 licensinne-

248 478 125 31 havare
395 483 73 28 mot
487 491 42 21 av
548 483 169 37 styrelsen
737 484 198 31 beräknade
957 486 40 29 90
1011 486 72 30 000.

290 522 120 39 Någon
440 523 203 41 minskning
671 534 42 20 av
742 526 411 42 medelsförbrukningen
1183 530 20 30 å
1232 532 155 39 anslaget
1416 533 52 30 till
1497 535 251 41 Radioanlägg-

247 563 123 39 ningar
393 565 56 30 för
469 566 183 30 luftfarten
673 576 102 30 synes
796 568 75 31 icke
892 570 132 39 möjlig.
1046 571 97 31 Dock
1165 572 70 31 kan
1255 573 67 30 den
1343 575 175 41 forcering
1540 586 42 20 av
1603 579 145 40 utbygg-

247 606 114 30 naden
378 616 43 21 av
440 608 101 29 dessa
559 609 260 40 anläggningar,
838 620 76 21 som
935 613 56 28 AB
1012 613 268 41 Aerotransport
1298 617 190 40 föreslagit,
1508 619 75 30 icke
1603 620 145 31 komma

246 647 10 29 i
274 647 107 40 fråga.

289 690 51 30 En
360 691 222 41 tillämpning
600 703 42 20 av
662 694 57 29 det
738 695 109 30 under
865 697 115 38 punkt
1002 698 13 29 1
1037 698 195 31 skisserade
1251 701 360 33 minimialternativet
1633 705 113 30 skulle

246 731 53 30 för
318 733 206 31 televerkets
542 735 53 29 del
614 736 177 35 innebära,
812 739 49 29 att
881 738 468 42 investeringsprogrammet
1366 743 55 31 för
1439 744 89 30 riks-
1547 747 64 28 och
1629 747 117 30 lands-

244 775 131 34 kablar,
395 776 56 29 för
470 777 142 30 telefon-
630 779 65 29 och
714 780 314 38 telegrafstationer
1047 785 90 27 samt
1157 784 56 29 för
1230 794 67 29 nya
1310 782 436 51 abonnentanläggningar

245 826 44 20 m.
307 826 43 20 m.
371 818 96 39 finge
483 820 198 39 ytterligare
699 821 137 39 mycket
854 823 114 29 starkt
985 824 221 31 inskränkas.
1224 827 74 29 Den
1317 828 244 41 begränsning,
1580 840 75 22 som
1673 831 73 30 kan

243 859 47 29 bli
307 860 142 34 aktuell,
468 861 157 29 kommer
644 863 106 30 också
766 865 49 29 att
834 865 160 31 medföra
1011 875 41 21 en
1070 867 212 41 försämring
1298 879 44 21 av
1359 871 204 31 televerkets
1582 873 162 30 ekonomi

243 902 44 38 på
311 903 112 38 grund
450 913 41 21 av
516 904 178 40 försening
719 915 42 21 av
785 907 331 40 automatiseringen
1142 911 65 29 och
1233 911 304 41 nödvändigheten
1563 916 49 29 att
1636 915 10 29 i
1673 916 71 30 viss

244 945 245 40 utsträckning
512 946 173 30 bibehålla
711 949 153 29 manuell
889 949 97 30 drift.
1012 950 127 32 Likaså
1163 953 157 29 kommer
1348 955 58 29 det
1431 957 94 29 antal
1550 957 193 30 trådradio-

243 986 224 35 abonnenter,
492 997 73 21 som
584 988 70 30 kan
676 990 183 39 inkopplas
882 992 111 30 under
1014 993 213 39 budgetåret,
1248 997 49 28 att
1319 996 131 39 sjunka
1471 999 209 39 ytterligare.

287 1028 12 29 I
327 1029 112 39 övrigt
463 1030 63 30 har
550 1031 59 39 jag
635 1031 87 30 intet
747 1034 51 28 att
823 1033 117 30 erinra
963 1035 219 31 beträffande
1210 1038 40 29 de
1276 1038 364 42 investeringsplaner,
1668 1052 75 20 som

242 1070 239 39 telestyrelsen
499 1072 53 30 för
571 1081 84 30 egen
676 1074 55 29 del
750 1075 90 34 eller,
859 1076 10 29 i
888 1076 68 29 vad
976 1077 104 39 gäller
1098 1078 353 42 radioanläggningar
1471 1083 54 29 för
1546 1083 195 35 luftfarten,

241 1112 11 28 i
278 1114 140 29 samråd
442 1114 79 29 med
546 1115 330 40 luftfartsstyrelsen
901 1118 183 31 redovisat.
1109 1121 255 39 Telestyrelsen
1386 1124 64 29 har
1478 1124 188 41 föreslagit,
1691 1128 52 29 att

242 1155 40 30 de
309 1155 165 31 fortsatta
500 1158 300 39 investeringarna
825 1160 54 30 för
906 1160 536 43 försvarsberedskapsändamål
1469 1167 58 30 vid
1554 1168 187 30 televerket

241 1197 125 30 liksom
392 1198 125 31 hittills
542 1200 212 31 omedelbart
782 1202 87 29 skall
895 1203 189 31 avskrivas.
1110 1205 130 30 Chefen
1266 1207 53 29 för
1343 1203 397 49 finansdepartementet

240 1239 62 29 har
321 1239 148 40 tidigare
487 1241 11 28 i
516 1242 64 38 dag
601 1242 10 28 i
630 1244 108 28 annat
757 1244 254 40 sammanhang
1031 1247 177 30 hemställt
1229 1248 131 30 därom.

284 1281 116 30 Under
418 1283 155 39 anslaget
593 1284 51 30 till
666 1285 454 42 Rundradioanläggningar
1140 1289 64 32 har
1224 1291 168 38 styrelsen
1411 1293 143 34 anmält,
1575 1296 50 27 att
1645 1295 95 29 över-

240 1324 255 30 enskommelse
518 1326 109 29 under
650 1327 95 29 hand
768 1328 141 30 träffats
934 1330 79 29 med
1038 1331 350 40 byggnadsstyrelsen
1412 1343 57 20 om
1494 1337 50 28 att
1569 1336 171 31 erforder-

239 1365 67 39 liga
329 1367 122 39 anslag
474 1368 52 29 till
545 1368 214 31 radiohusen
782 1370 11 29 i
816 1371 169 40 Göteborg
1008 1373 63 29 och
1094 1374 201 29 Steckholm
1319 1375 11 29 i
1353 1376 272 41 fortsättningen
1649 1380 90 29 skall

238 1408 142 39 begäras
405 1419 41 20 av
469 1410 350 40 byggnadsstyrelsen
842 1414 64 28 och
929 1414 174 30 redovisas
1127 1416 110 29 under
1261 1419 131 28 statens
1417 1419 179 31 allmänna
1618 1421 122 39 fastig-

238 1450 173 30 hetsfond.
434 1452 173 38 Styrelsen
629 1453 211 36 hemställer,
862 1457 50 27 att
932 1456 115 30 denna
1067 1457 222 42 omläggning
1309 1460 109 30 måtte
1439 1462 213 38 godkännas.
1674 1464 66 39 Jag

238 1492 62 30 har
320 1493 70 29 inte
411 1494 105 38 något
535 1496 48 28 att
606 1495 116 30 erinra
742 1499 71 26 mot
834 1497 174 40 förslaget,
1030 1499 106 31 vilket
1159 1501 185 39 tillstyrkts
1366 1512 42 20 av
1428 1499 310 50 riksräkenskaps-

237 1535 117 29 verket
376 1536 65 29 och
464 1536 55 29 AB
542 1537 231 39 Radiotjänst.
796 1539 161 39 Tidigare
978 1541 54 29 för
1053 1542 207 30 ändamålen
1282 1544 166 31 anvisade
1470 1547 268 39 utredningsan-

238 1577 72 38 slag
329 1578 64 29 och
415 1578 54 30 för
489 1579 226 39 utredningar
736 1591 44 19 m.
803 1591 44 19 m.
867 1582 141 39 nedlagt
1029 1584 131 39 kapital
1181 1586 62 29 bör
1261 1586 57 30 vid
1339 1587 174 39 utgången
1534 1598 41 20 av
1596 1589 141 31 inneva-

236 1619 105 29 rande
364 1620 169 39 budgetår
554 1622 178 30 överföras
754 1623 78 29 från
856 1625 204 30 televerkets
1081 1627 85 30 fond
1188 1628 52 29 till
1262 1630 131 29 statens
1416 1630 177 31 allmänna
1616 1632 121 38 fastig-

235 1660 174 30 hetsfond.
433 1663 124 29 Därest
578 1663 189 40 riksdagen
789 1666 71 30 inte
884 1667 64 29 har
972 1668 102 38 något
1098 1670 50 28 att
1172 1670 115 30 erinra
1308 1671 168 35 däremot,
1500 1673 96 29 torde
1617 1674 58 29 det
1699 1674 37 29 få

236 1703 189 31 ankomma
446 1706 43 37 på
509 1705 123 39 Kungl.
657 1707 106 38 Maj:t
784 1709 49 28 att
853 1708 142 32 utfärda
1016 1710 226 41 erforderliga
1261 1713 221 31 föreskrifter
1504 1715 11 28 i
1537 1717 93 29 detta
1650 1717 87 29 hän-

236 1746 131 29 seende.
394 1748 14 28 I
432 1747 95 31 detta
552 1750 254 39 sammanhang
828 1750 60 30 vill
912 1751 60 40 jag
996 1751 115 31 erinra
1134 1762 66 25 om,
1227 1756 49 27 att
1301 1755 351 41 byggnadsstyrelsen
1680 1759 55 29 för

235 1789 99 28 nästa
355 1789 170 38 budgetår
546 1790 179 31 hemställt
746 1801 56 21 om
824 1793 47 29 ett
892 1794 122 39 anslag
1034 1804 40 20 av
1096 1796 43 32 1,5
1159 1796 88 39 milj.
1268 1797 51 29 kr.
1342 1798 56 29 för
1418 1800 49 29 att
1488 1800 147 39 påbörja
1653 1801 82 39 byg-

234 1830 124 37 gandet
375 1840 44 20 av
436 1831 201 30 radiohuset
653 1833 10 28 i
681 1833 178 39 Göteborg.
877 1835 49 30 På
943 1837 110 38 grund
1069 1847 42 20 av
1129 1839 49 28 att
1194 1839 136 38 platsen
1346 1840 56 29 för
1416 1841 203 30 radiohuset
1638 1844 95 28 ännu

234 1871 73 30 icke
332 1872 189 31 fastställts
548 1875 63 29 och
638 1876 104 38 något
770 1876 175 31 definitivt
973 1879 129 39 förslag
1130 1889 57 19 om
1215 1881 76 29 dess
1318 1882 221 40 utformning
1566 1885 82 30 eller
1676 1894 57 20 om

233 1913 238 32 kostnaderna
491 1916 53 30 för
565 1916 196 32 detsamma
782 1920 92 28 ännu
896 1920 77 29 icke
994 1921 193 39 föreligger,
1210 1923 62 29 har
1290 1923 60 40 jag
1368 1924 72 30 inte
1460 1927 113 28 ansett
1595 1927 71 39 mig
1684 1937 47 20 nu

232 1955 120 32 kunna
370 1956 78 30 föra
466 1960 90 28 fram
576 1960 187 37 styrelsens
781 1960 141 40 förslag.

277 1998 167 39 Slutligen
470 2000 62 29 har
558 2001 237 39 telestyrelsen
822 2003 10 29 i
857 2004 167 31 skrivelse
1050 2006 66 29 den
1143 2007 40 29 22
1210 2009 193 37 september
1432 2010 82 29 1953
1542 2011 189 34 hemställt,

232 2041 49 27 att
304 2041 305 40 maximibeloppet
637 2043 54 30 för
718 2045 203 31 televerkets
948 2047 127 40 rörliga
1100 2049 115 29 kredit
1240 2050 11 28 i
1276 2050 338 39 riksgäldskontoret
1642 2054 90 30 skall

230 2081 100 40 höjas
351 2083 82 30 från
453 2084 39 29 35
513 2085 50 29 till
585 2085 39 31 70
645 2086 88 39 milj.
756 2087 50 29 kr.
827 2088 49 29 Av
897 2090 41 28 de
958 2090 176 38 uppgifter
1154 2100 74 20 som
1248 2093 135 29 lämnas
1403 2093 12 29 i
1437 2095 190 29 skrivelsen
1647 2096 83 29 eller

231 2132 74 21 som
325 2125 61 39 jag
408 2127 207 29 underhand
638 2128 183 35 infordrat,
845 2131 64 28 har
934 2131 175 39 framgått,
1135 2134 50 28 att
1209 2134 56 29 det
1289 2135 151 29 tillskott
1463 2146 42 21 av
1528 2138 202 29 rörelseme-

229 2166 64 34 del,
318 2176 75 20 som
419 2168 185 30 televerket
627 2171 140 29 erhållit
787 2172 86 29 efter
897 2173 351 41 kapitalregleringen
1273 2176 83 30 1944
1378 2179 65 28 och
1465 2188 75 21 som
1561 2180 72 29 dels
1658 2189 73 20 om-

230 2208 102 30 fatiat
349 2210 254 39 anslagsmedel
623 2221 57 20 om
699 2213 40 30 20
758 2213 86 39 milj.
863 2216 51 28 kr.
934 2216 64 29 och
1016 2216 72 30 dels
1107 2226 42 20 en
1168 2218 105 39 rörlig
1291 2219 115 30 kredit
1424 2230 57 19 om
1499 2221 39 29 35
1558 2222 87 38 milj.
1665 2222 65 33 kr.,

228 2249 74 31 icke
318 2252 120 29 täcker
454 2253 175 39 ökningen
645 2264 42 21 av
705 2255 41 29 de
762 2256 111 30 medel
891 2266 75 22 som
982 2259 43 39 på
1043 2259 111 39 grund
1174 2269 40 20 av
1230 2261 171 30 rörelsens
1419 2263 198 40 utveckling
1636 2263 93 30 måst

227 2292 121 31 bindas
370 2294 10 28 i
400 2295 197 30 verkstads-
616 2298 65 28 och
701 2298 108 30 andra
832 2299 120 30 förråd
972 2301 63 29 och
1055 2302 10 28 i
1086 2302 203 30 utestående
1310 2304 209 39 fordringar.
1541 2306 64 39 Jag
1625 2314 104 21 anser

228 2334 127 35 därför,
374 2338 52 28 att
444 2339 47 28 ett
511 2338 148 29 tillskott
677 2349 40 20 av
737 2341 243 30 rörelsemedel
998 2344 36 28 är
1051 2343 219 40 erforderligt
1290 2355 80 20 men
1388 2347 159 29 förordar
1565 2349 50 28 att
1632 2348 96 29 detta

227 2375 186 40 begränsas
437 2379 52 29 till
513 2380 39 29 20
574 2381 88 38 milj.
686 2382 51 28 kr.
760 2383 63 38 Jag
845 2383 159 32 kommer
1027 2385 9 28 i
1060 2385 57 30 det
1140 2386 156 39 följande
1320 2390 51 27 att
1395 2389 138 34 föreslå,
1558 2391 50 28 att
1632 2390 96 29 detta

226 2418 121 40 belopp
372 2421 118 30 ställes
514 2422 51 29 till
588 2423 255 39 telestyrelsens
867 2426 205 38 förfogande
1095 2435 123 31 genom
1241 2439 40 19 en
1305 2430 132 40 ökning
1457 2441 43 20 av
1521 2432 206 29 telcverkets

225 2461 126 39 rörliga
372 2462 116 32 kredit
505 2465 10 28 i
536 2464 346 40 riksgäldskontoret.
