1872 2774
241 158 40 30 30
692 160 285 32 Statsutskottets
1000 162 179 31 utlåtande
1199 174 42 20 nr
1260 165 30 29 9.

291 243 96 35 13:0)
417 244 171 30 Biltrafik.
613 244 124 40 Kungl.
764 245 106 40 Maj:t
894 246 63 32 har
987 246 133 41 (punkt
1146 247 49 35 18,
1222 257 25 22 s.
1274 249 146 36 75—77)
1452 250 180 41 föreslagit
1656 252 93 31 riks-

244 293 111 40 dagen
382 296 50 28 att
457 295 111 30 under
594 295 166 32 rubriken
787 296 164 30 Biltrafik
977 297 55 31 för
1058 294 203 68 budgetåret
1290 299 148 36 1954/55
1466 301 122 31 anvisa
1614 302 92 31 vissa
1733 303 11 30 i

243 344 384 40 statsrådsprotokollet
650 345 148 40 angivna
820 346 396 42 investeringsanslag
1190 340 21 54 å
1237 349 149 41 tillhopa
1408 351 19 29 9
1443 351 62 30 200
1520 352 63 30 000
1605 352 143 30 kronor.

286 444 68 30 För
374 444 235 31 innevarande
626 446 168 39 budgetår
813 447 46 30 ha
878 448 110 30 under
1007 448 228 32 förevarande
1253 451 125 29 rubrik
1397 452 154 30 anvisats
1571 453 19 31 3
1605 453 61 31 000
1681 454 65 30 000

241 494 132 31 kronor
396 495 51 30 till
470 503 140 32 garage-
632 496 64 30 och
718 497 396 41 verkstadsbyggnader,
1140 500 38 29 10
1192 500 61 30 500
1268 501 63 31 000
1355 502 129 31 kronor
1507 503 53 30 till
1585 504 161 30 anskaff-

241 544 84 41 ning
350 555 42 21 av
416 545 207 31 bilmateriel
647 548 65 29 och
737 547 18 30 3
771 548 62 30 000
848 548 62 31 000
935 549 130 30 kronor
1090 549 54 31 till
1166 551 141 31 förvärv
1332 561 42 22 av
1399 552 164 41 billinjer.

286 595 67 31 Vid
378 596 173 40 utgången
576 607 44 20 av
642 597 204 40 budgetåret
874 599 147 36 1952/53
1047 600 132 41 förelåg
1205 601 19 30 å
1248 603 157 39 anslaget
1429 604 53 29 till
1507 604 146 40 Garage-
1677 606 66 29 och

240 646 385 41 verkstadsbyggnader
645 658 41 20 en
705 650 213 29 reservation
938 659 55 20 om
1013 660 40 21 ca
1073 652 44 33 0,1
1136 652 124 39 miljon
1279 653 141 31 kronor.
1441 653 26 30 Å
1487 656 40 29 de
1547 655 58 30 två
1624 656 118 39 övriga

242 696 168 40 anslagen
436 697 103 30 fanns
568 699 68 29 den
662 699 40 30 30
726 699 79 40 juni
836 700 82 30 1953
945 710 41 21 en
1012 701 202 41 behållning
1240 712 43 21 av
1309 705 195 39 respektive
1534 706 44 33 1,4
1605 706 63 30 och
1697 708 48 33 0O,r

240 747 165 39 miljoner
427 748 139 30 kronor.

283 797 345 40 Järnvägsstyrelsen
645 800 63 30 har
725 801 221 31 beträffande
963 803 158 40 anslaget
1139 804 51 29 till
1207 803 146 40 Garage-
1371 806 63 29 och
1452 806 292 41 verkstadsbygg-

240 847 109 30 nader
367 848 203 36 framhållit,
590 851 50 29 att
657 851 66 29 den
742 852 220 40 nödvändiga
980 853 245 40 utbyggnaden
1243 864 42 21 av
1302 855 198 31 verkstads-
1519 857 65 30 och
1603 865 138 32 garage-

237 898 255 41 anläggningar
520 900 54 30 till
605 901 89 39 följd
722 911 44 21 av
795 902 423 40 byggnadsrestriktioner
1250 905 64 30 och
1344 906 399 41 investeringsbegräns-

240 948 125 40 ningar
388 949 75 30 icke
486 950 138 31 kunnat
648 952 59 29 ske
730 952 11 29 i
765 953 77 29 takt
866 954 78 29 med
968 953 346 33 fordonsbeståndets
1339 957 140 40 ökning.
1506 958 235 40 Anläggning-

239 1007 84 22 arna
348 1000 38 29 är
407 1000 119 32 därför
550 1001 346 32 otillfredsställande
920 1004 63 30 och
1006 1005 231 40 otillräckliga
1261 1010 91 28 samt
1374 1007 11 29 i
1408 1008 92 30 vissa
1524 1008 63 30 fall
1608 1010 133 39 olämp-

240 1049 67 37 liga
333 1059 42 20 ur
400 1050 320 39 arbetshygieniska
745 1054 224 36 synpunkter.
995 1055 68 29 För
1091 1057 98 29 nästa
1214 1057 167 37 budgetår
1406 1058 63 30 har
1496 1060 169 36 styrelsen
1689 1060 52 30 till

238 1099 228 31 förevarande
488 1102 164 30 ändamål
673 1103 101 30 äskat
796 1103 18 30 3
829 1104 63 30 300
907 1105 61 29 000
990 1105 142 31 kronor.

281 1150 14 29 I
316 1151 169 30 samband
503 1153 81 29 med
606 1153 58 30 sitt
684 1154 298 39 anslagsyrkande
1001 1155 222 32 beträffande
1243 1157 207 32 bilmateriel
1472 1159 177 31 meddelar
1671 1162 70 38 sty-

237 1201 115 29 relsen
379 1193 49 38 att
455 1202 53 30 för
534 1202 175 41 förnyelse
735 1205 65 29 och
827 1205 70 31 viss
923 1206 173 40 utökning
1122 1217 43 21 av
1191 1207 281 42 fordonsparken
1498 1211 112 30 under
1637 1212 101 29 nästa

236 1250 171 40 budgetår
426 1253 176 30 erfordras
623 1254 40 30 90
681 1255 202 40 vägbussar,
906 1257 38 29 12
964 1256 168 36 lastbilar,
1155 1259 14 28 1
1190 1259 179 39 personbil
1389 1263 90 28 samt
1502 1262 38 29 15
1561 1258 180 48 godssläp-

236 1309 131 31 vagnar
386 1302 52 30 till
457 1312 42 20 en
518 1305 241 39 sammanlagd
778 1306 151 31 kostnad
948 1317 41 20 av
1008 1317 40 21 ca
1068 1308 16 30 7
1101 1308 61 30 000
1178 1309 60 30 000
1258 1310 141 29 kronor.

280 1352 53 30 Då
357 1362 42 20 en
424 1353 200 41 behållning
649 1365 40 20 av
713 1355 17 29 4
746 1356 62 30 000
823 1357 63 30 000
910 1358 129 31 kronor
1064 1358 172 31 beräknas
1262 1360 169 40 föreligga
1454 1361 20 30 å
1497 1362 159 40 anslaget
1680 1363 57 30 vid

236 1402 236 31 innevarande
500 1404 187 40 budgetårs
715 1406 141 41 utgång,
885 1408 202 31 hemställer
1117 1410 168 39 styrelsen
1313 1420 59 21 om
1401 1412 121 39 anslag
1552 1413 55 30 för
1636 1415 101 29 nästa

235 1452 169 40 budgetår
423 1455 19 29 å
461 1454 17 30 3
493 1455 62 30 000
571 1456 63 30 000
653 1457 138 30 kronor.

280 1503 169 40 Slutligen
471 1505 177 31 meddelar
670 1507 169 39 styrelsen
860 1508 221 32 beträffande
1104 1510 139 31 förvärv
1264 1521 41 21 av
1326 1512 155 40 billinjer
1502 1515 52 28 att
1576 1514 55 30 för
1654 1515 85 30 slut-

235 1553 147 31 förande
404 1565 42 20 av
468 1565 46 21 nu
537 1556 178 40 pågående
737 1558 361 42 köpeförhandlingar
1122 1564 88 28 samt
1234 1562 54 30 för
1312 1564 50 29 att
1386 1563 184 31 förhindra
1595 1566 49 28 att
1668 1567 69 37 sty-

234 1604 115 30 relsen
370 1605 11 29 i
402 1605 85 31 brist
509 1607 44 39 på
575 1608 111 29 medel
708 1609 132 39 nödgas
863 1610 97 30 avstå
981 1610 81 30 från
1085 1611 148 36 förvärv,
1257 1622 76 20 som
1355 1614 72 29 kan
1447 1614 144 31 komma
1614 1616 49 29 att
1686 1625 52 20 er-

234 1654 110 38 bjuda
364 1655 61 40 sig,
446 1657 177 31 erfordras
644 1658 53 30 för
718 1660 100 30 nästa
838 1660 169 40 budgetår
1028 1663 48 29 ett
1097 1663 120 39 anslag
1237 1672 57 21 om
1315 1664 19 29 2
1349 1664 62 30 500
1426 1665 61 29 000
1509 1665 141 30 kronor.

279 1740 13 28 I
317 1741 96 29 detta
437 1743 255 40 sammanhang
716 1744 63 29 har
805 1746 171 30 utskottet
1001 1746 53 30 till
1079 1747 211 41 behandling
1315 1748 156 30 förehaft

277 1789 74 31 dels
379 1791 58 30 två
463 1791 224 40 likalydande
714 1794 183 35 motioner,
924 1796 125 30 väckta
1077 1798 67 29 den
1173 1807 63 20 ena
1264 1797 98 31 inom
1391 1798 109 30 första
1529 1799 207 30 kammaren

234 1850 42 20 av
295 1841 123 29 herrar
437 1841 86 31 Axel
541 1842 201 31 Andersson
763 1846 65 28 och
848 1846 159 31 Näslund
1031 1846 46 34 (1:
1103 1848 77 34 159)
1207 1849 63 29 och
1291 1849 68 29 den
1379 1850 109 30 andra
1509 1850 96 30 inom
1627 1852 109 30 andra

232 1890 208 31 kammaren
459 1901 42 21 av
520 1892 59 29 fru
598 1893 205 31 Sandström
826 1905 45 21 m.
891 1896 37 38 fl.
955 1896 62 33 (II:
1038 1896 94 35 176),
1154 1898 10 28 i
1183 1898 94 30 vilka
1298 1898 208 36 hemställts,
1529 1900 51 30 att
1601 1901 136 30 riksda-

233 1948 64 31 gen
322 1941 110 30 måtte
456 1942 96 31 avslå
578 1943 125 40 Kungl.
731 1944 125 40 Maj:ts
884 1945 129 41 förslag
1041 1956 58 21 om
1127 1948 120 40 anslag
1272 1949 20 29 å
1321 1949 96 30 2500
1433 1949 62 31 000
1523 1950 131 31 kronor
1681 1951 54 29 till

232 1990 143 31 förvärv
395 2001 43 21 av
458 1992 156 40 billinjer
637 1994 35 29 åt
695 1995 132 30 statens
848 1995 203 41 järnvägar;

274 2041 75 30 dels
368 2042 64 29 ock
450 2043 57 29 två
524 2043 224 40 likalydande
765 2046 182 35 motioner,
964 2048 127 29 väckta
1110 2048 66 29 den
1197 2058 65 21 ena
1280 2048 97 31 inom
1397 2050 112 31 första
1527 2052 208 29 kammaren

232 2101 41 20 av
288 2092 82 30 herr
386 2092 150 41 Ewerlöf
551 2103 46 21 m.
614 2095 39 39 fl.
675 2095 44 33 (1:
736 2096 81 35 297)
838 2097 66 30 och
921 2098 65 30 den
1003 2099 111 30 andra
1132 2099 94 30 inom
1244 2101 111 30 andra
1371 2102 207 31 kammaren
1596 2113 42 20 av
1654 2104 80 29 herr

232 2141 227 40 Hjalmarson
482 2153 45 21 m.
551 2144 40 40 fl.
623 2145 61 33 (11:
713 2146 94 35 193),
832 2148 10 29 i
865 2147 104 36 vilka,
995 2149 106 30 såvitt
1125 2159 47 21 nu
1196 2151 38 29 är
1257 2151 11 29 i
1292 2151 110 40 fråga,
1426 2152 209 36 hemställts,
1661 2153 74 30 dels

231 2194 50 28 att
302 2193 187 40 riksdagen
509 2195 110 31 måtte
639 2197 95 30 avslå
754 2197 127 40 Kungl.
902 2199 123 39 Maj:ts
1047 2199 132 41 förslag
1199 2210 55 21 om
1276 2202 123 39 anslag
1419 2203 19 29 å
1460 2203 18 29 2
1493 2203 63 29 500
1572 2203 62 30 000
1655 2204 78 29 kro-

231 2252 64 21 nor
322 2244 54 29 till
404 2245 139 31 förvärv
571 2255 44 22 av
640 2247 154 40 billinjer
822 2249 36 30 åt
885 2250 133 30 statens
1043 2250 199 40 järnvägar,
1271 2252 74 30 dels
1374 2254 64 29 ock
1467 2255 50 28 att
1544 2254 188 39 riksdagen

230 2294 108 31 måtte
360 2296 110 29 uttala
491 2298 51 28 att
562 2297 68 30 den
652 2298 126 39 nödiga
800 2299 201 40 förnyelsen
1023 2310 42 21 av
1088 2302 131 30 statens
1238 2302 208 41 järnvägars
1468 2303 174 40 billinjers
1664 2304 69 30 for-

230 2344 182 41 donspark
443 2346 75 31 icke
549 2347 189 33 framdeles
769 2349 63 30 bör
863 2350 212 31 finansieras
1106 2352 146 31 medelst
1282 2353 123 40 anslag
1435 2354 44 39 på
1509 2354 223 40 kapitalbud-

229 2395 111 38 geten.

272 2444 223 33 Beträffande
520 2447 42 29 de
588 2448 75 29 skäl
686 2449 257 31 motionärerna
970 2450 117 30 anfört
1112 2452 52 29 till
1191 2453 75 29 stöd
1291 2453 56 30 för
1373 2454 75 29 sina
1472 2455 181 36 yrkanden
1678 2454 54 30 får

228 2495 173 30 utskottet
421 2496 146 31 hänvisa
590 2497 53 29 till
663 2499 220 30 motionerna
904 2499 44 30 II:
968 2500 61 30 176
1052 2502 65 28 och
1139 2502 44 29 II:
1203 2502 70 31 193.
