2168 2515
157 1391 65 30 Ang.
243 1391 90 30 anslag

139 1426 45 29 Jör
190 1426 160 23 anställande

145 1461 28 29 af
185 1468 31 15 en
225 1460 127 23 laborator

166 1495 46 22 vid
223 1495 106 30 fysiolo-

155 1530 72 30 giska
245 1531 100 22 institu-

147 1565 85 22 tionen
249 1565 11 21 i
269 1564 84 24 Tand.

217 1600 66 45 [5-]

399 174 22 27 8
862 170 251 33 Statsutskottets
1142 169 171 36 Utlåtande
1338 170 59 34 N:o
1416 173 29 30 9.

360 250 127 36 Lunds
529 249 219 37 universitet
790 249 174 37 behofvet
1001 250 42 36 af
1064 250 262 38 lärarekrafter
1352 251 12 36 i
1393 251 71 36 den
1492 251 282 49 ifrågavarande
1803 257 146 32 ämnes-

359 315 172 36 gruppen
571 301 105 37 torde
719 301 34 37 få
795 314 109 24 anses
936 301 115 37 blifva
1078 301 207 50 behörigen
1313 302 241 49 tillgodosedt
1580 316 136 35 genom
1746 303 72 37 den
1845 310 107 31 extra

361 353 184 36 ordinarie
573 353 202 49 professur,
805 366 80 23 som
914 353 185 37 utskottet
1127 354 12 36 i
1167 354 203 48 anledning
1398 354 41 36 af
1462 353 135 49 Kongl.
1628 355 126 48 Maj:ts
1782 356 169 48 proposi-

361 405 78 36 tion
480 410 123 31 ansett
645 404 60 48 sig
736 404 91 36 böra
854 404 162 48 förorda,
1046 408 40 34 så
1113 406 68 36 har
1208 406 185 36 utskottet
1421 405 32 49 ej
1484 405 115 37 heller
1627 405 203 49 anledning
1858 412 55 32 att
1941 408 11 35 i

361 456 121 36 denna
510 456 59 36 del
596 456 145 36 biträda
769 456 201 37 motionen.

490 508 51 36 På
567 507 122 48 grund
717 507 41 37 af
780 507 63 38 det
871 508 155 37 sålunda
1055 508 155 38 anförda
1238 508 216 38 hemställer
1482 508 197 51 utskottet:

888 611 33 48 a)
963 616 55 31 att
1060 611 136 49 Kongl.
1239 612 127 48 Maj:ts
1401 611 243 37 förevarande
1677 610 277 50 framställning

761 665 58 33 må
847 665 46 46 på
920 662 63 36 det
1012 667 74 32 sätt
1112 663 158 48 bifallas,
1300 669 55 30 att
1382 663 215 49 Riksdagen
1625 663 56 37 för
1705 663 249 49 upprättande

760 713 63 36 vid
863 713 261 38 universitetet
1158 714 5 37 i
1191 714 109 37 Lund
1328 715 41 36 af
1391 728 45 23 en
1464 721 106 31 extra
1598 715 184 37 ordinarie
1810 714 144 49 profes-

761 765 295 49 sorsbefattning
1083 766 12 36 i
1122 766 169 49 geografi
1319 766 68 37 och
1415 766 155 37 historia
1597 770 47 46 på
1671 766 184 37 ordinarie
1880 771 76 31 stat

761 816 158 50 beviljar
947 823 54 31 ett
1029 817 132 49 anslag
1189 818 41 36 af
1253 819 113 45 4,000
1394 818 148 47 kronor,
1563 818 107 36 deraf
1686 819 113 46 3,000
1819 817 137 37 kronor

762 872 122 33 såsom
925 868 62 37 lön
1029 869 69 36 och
1133 871 109 45 1,000
1270 870 138 36 kronor
1436 873 122 33 såsom
1586 869 369 49 tjenstgöringspen-

762 920 147 48 ningar,
951 920 85 37 med
1065 925 74 32 rätt
1167 921 56 36 för
1250 921 137 48 Kongl.
1418 921 106 49 Maj:t
1551 926 55 31 att
1633 921 64 37 vid
1724 920 232 37 tillsättande

763 971 42 36 af
840 971 426 50 lärarebefattningarna
1310 972 101 37 inom
1452 973 72 36 den
1564 972 204 37 historiska
1808 977 147 32 ämnes-

762 1036 172 36 gruppen
949 1023 63 37 vid
1026 1024 261 36 universitetet
1301 1029 93 44 göra
1409 1024 72 37 den
1500 1024 213 49 fördelning
1731 1024 42 36 af
1786 1029 170 43 ämnena,

765 1088 80 23 som
874 1075 41 36 af
950 1075 373 48 omständigheterna
1349 1076 178 49 påkallas,
1556 1075 95 37 dock
1678 1081 55 31 att
1762 1075 194 37 undervis-

765 1126 140 49 ningen
934 1127 69 36 och
1031 1127 302 37 examinationen
1359 1127 13 36 1
1399 1127 169 49 geografi
1587 1127 217 48 derigenom
1824 1127 134 37 varder

765 1181 46 45 på
839 1184 54 30 ett
920 1178 345 37 tillfredsställande
1294 1184 74 31 sätt
1395 1178 268 49 tillgodosedd;
1693 1184 98 32 samt
1911 1190 9 10 :

892 1229 36 50 b)
971 1235 55 32 att
1067 1230 85 37 herr
1179 1230 235 49 Ljungmans
1442 1230 283 49 ifrågavarande
1754 1230 140 37 motion
1923 1230 32 48 ej

765 1284 60 34 må
852 1281 56 37 till
936 1285 125 45 någon
1088 1282 237 49 Riksdagens
1353 1282 132 49 åtgärd
1514 1282 199 37 föranleda.

499 1383 71 49 5:o)
599 1383 136 49 Kongl.
774 1384 107 48 Maj:t
904 1385 68 36 har
1001 1384 204 49 föreslagit,
1235 1390 55 31 att
1317 1385 58 37 till
1402 1385 165 49 aflöning
1595 1388 37 33 åt
1659 1399 47 23 en
1733 1384 187 38 laborator
1948 1384 12 36 i

369 1434 268 49 experimentel
677 1435 179 49 fysiologi
883 1436 62 36 vid
974 1436 261 37 universitetet
1263 1437 12 36 i
1303 1437 108 36 Lund
1439 1440 115 34 måtte
1580 1436 158 50 beviljas
1766 1442 55 31 ett
1848 1436 112 48 årligt

370 1486 133 48 anslag
522 1486 41 36 af
578 1488 113 46 4,000
711 1487 147 45 kronor,
879 1487 137 37 hvaraf
1035 1490 109 46 1,000
1164 1488 137 37 kronor
1320 1491 121 34 såsom
1462 1488 496 50 tjenstgöringspenningar.

500 1538 53 36 Af
578 1538 407 49 statsrådsprotokollet
1013 1539 177 49 framgår,
1220 1546 55 30 att
1304 1540 120 41 denna
1453 1540 274 48 framställning
1755 1539 205 37 föranledts

372 1589 41 36 af
436 1602 46 24 en
510 1590 84 36 utaf
616 1590 418 37 universitetskanslern
1063 1591 174 37 förordad
1265 1591 172 37 anhållan
1458 1592 40 36 af
1512 1592 241 36 akademiska
1772 1591 188 36 konsisto-

371 1641 70 36 riet
469 1641 12 36 i
509 1641 119 48 Lund,
665 1641 154 37 hvilken
846 1642 194 49 grundade
1069 1642 60 49 sig
1155 1646 46 46 på
1229 1656 45 24 en
1303 1643 56 37 till
1386 1643 240 37 konsistoriet
1653 1643 170 48 ingifven
1849 1642 112 36 fram-

372 1692 180 49 ställning
591 1693 41 37 af
667 1693 247 50 fysiologiska
942 1694 281 37 institutionens
1252 1695 266 48 föreståndare,
1548 1709 78 23 som
1656 1695 134 44 anfört,
1819 1699 67 42 att,
1915 1693 47 36 då

371 1744 280 37 institutionens
692 1759 74 35 nya
799 1745 179 49 byggnad
1007 1746 219 49 antagligen
1254 1746 117 37 under
1399 1747 133 37 hösten
1564 1748 95 36 1893
1688 1746 122 37 blefve
1838 1745 124 48 färdig

370 1795 54 36 till
452 1795 246 49 begagnande
727 1797 56 36 för
810 1810 46 23 en
886 1797 179 49 tidsenlig
1092 1797 281 50 undervisning,
1403 1798 63 37 det
1494 1811 87 24 vore
1607 1802 47 45 på
1680 1798 105 37 tiden
1805 1802 55 32 att
1879 1796 82 37 vid-

372 1853 89 42 taga
502 1848 173 48 åtgärder
702 1848 56 37 för
782 1848 71 37 den
882 1849 294 49 komplettering
1203 1850 41 36 af
1267 1850 321 48 lärarekrafterna,
1617 1863 80 23 som
1726 1848 235 38 erfordrades

372 1898 125 37 härtill
525 1899 68 36 och
620 1899 58 37 för
714 1905 55 32 att
796 1901 261 36 universitetet
1091 1901 6 36 i
1124 1901 108 37 Lund
1260 1905 115 33 måtte
1403 1902 12 36 i
1443 1902 102 36 detta
1572 1901 174 37 afseende
1774 1913 89 24 vara
1889 1900 72 36 lik-

373 1950 114 37 stäldt
523 1951 85 36 med
636 1952 44 36 de
708 1955 63 33 två
799 1952 115 37 andra
942 1952 231 38 medicinska
1199 1953 321 37 läroanstalterna.
1576 1953 108 37 Klart
1712 1966 88 24 vore
1829 1951 132 37 nemli-

373 2015 86 35 gen,
501 2008 55 31 att
595 2003 175 37 behofvet
811 2004 41 36 af
879 2004 263 37 lärarekrafter
1169 2005 58 36 för
1254 2005 320 49 undervisningen
1600 2005 13 37 i
1641 2004 175 50 fysiologi
1844 2006 119 33 måste

373 2067 90 24 vara
503 2054 208 38 detsamma
751 2055 57 37 för
849 2056 71 37 alla
961 2056 110 37 dessa
1106 2056 271 49 läroanstalter,
1406 2057 57 37 för
1491 2060 40 34 så
1558 2057 79 36 vidt
1665 2070 87 23 man
1779 2055 99 46 ville,
1908 2059 56 32 att

374 2106 260 48 fordringarna
661 2110 46 46 på
733 2107 261 49 lärjungarnes
1022 2108 215 49 kunskaper
1265 2109 119 36 skulle
1414 2109 61 36 vid
1503 2108 83 37 dem
1615 2108 127 37 ställas
1761 2107 76 37 lika
1856 2107 105 48 högt.

503 2158 259 37 Anställandet
795 2159 41 36 af
863 2173 46 23 en
936 2159 187 38 laborator
1151 2160 61 36 vid
1240 2160 246 49 fysiologiska
1513 2160 262 37 institutionen
1802 2159 13 36 i
1842 2158 120 47 Lund,

375 2209 11 36 i
426 2209 119 37 likhet
586 2210 84 37 med
702 2210 99 37 hvad
828 2211 116 37 redan
972 2212 100 36 skett
1101 2211 62 37 vid
1191 2211 263 38 motsvarande
1482 2212 255 36 institutioner
1764 2211 12 36 i
1831 2209 131 37 Stock-

376 2260 99 37 holm
504 2262 68 36 och
599 2262 151 49 Upsala,
780 2266 138 46 ansåge
947 2263 412 49 departementschefen
1387 2277 88 24 vara
1504 2264 40 36 af
1565 2263 178 37 behofvet
1762 2260 200 52 påkalladt.
