2138 2518
759 158 241 31 Statsutskottets
1028 156 169 32 Utlåtande
1220 157 62 31 N:o
1305 157 31 31 9.
1702 156 56 31 181

344 236 52 36 De
439 236 145 50 bidrag,
629 250 80 23 som
752 235 164 38 alltifrån
960 237 98 36 1876
1094 236 42 37 af
1164 236 193 36 allmänna
1396 235 122 38 medel
1553 236 164 36 lemnats
1746 235 57 36 till

215 288 352 48 vidmagthållande
609 288 42 36 af
687 288 160 37 berörda
890 287 184 49 tidskrift,
1119 288 96 37 hade
1258 290 127 46 utgått
1419 288 81 36 från
1535 287 175 49 anslaget
1748 286 55 36 till

216 340 296 48 resestipendier
532 347 97 29 samt
650 340 243 37 läroböckers
914 340 70 36 och
1006 339 107 37 lärda
1133 340 112 36 verks
1267 339 235 50 utgifvande.
1533 340 115 36 Detta
1668 338 135 48 anslag

216 391 97 37 hade
342 392 211 36 emellertid
582 392 114 49 länge
725 392 98 36 visat
852 391 62 49 sig
943 391 251 48 otillräckligt
1213 391 57 36 för
1294 391 157 37 dermed
1472 391 122 36 afsedt
1615 390 187 47 ändamål,

216 443 69 36 och
320 456 46 24 en
401 442 94 49 följd
529 443 110 36 deraf
668 443 97 36 hade
795 442 135 49 blifvit,
960 448 67 42 att,
1058 443 114 36 bland
1202 448 127 41 annat,
1361 443 63 36 det
1452 442 162 48 företag,
1645 442 158 36 hvarom

215 494 69 37 här
312 508 90 23 vore
431 494 119 48 fråga,
580 494 83 36 icke
694 495 143 35 kunnat
867 494 42 35 af
929 499 125 31 staten
1084 494 268 47 understödjas
1382 494 8 35 i
1422 496 41 34 så
1487 494 79 47 hög
1593 494 108 47 grad,
1723 506 79 23 som

215 546 95 36 varit
345 545 183 48 önskligt.
583 545 75 36 För
692 548 40 33 år
771 547 108 45 1891,
913 545 47 36 då
989 545 104 36 detta
1122 545 135 47 anslag
1287 544 161 37 behöfde
1477 544 139 36 anlitas
1646 544 10 36 1
1686 548 117 44 något

214 597 145 36 mindre
389 596 211 38 vidsträckt
630 600 84 33 mån
746 601 47 31 än
814 596 122 48 eljest,
966 596 99 36 hade
1085 596 195 49 professor
1301 596 82 48 Key
1406 596 56 36 för
1483 595 240 37 tidskriftens
1745 602 57 29 ut-

211 649 182 49 gifvande
423 648 150 37 erhållit
603 654 55 30 ett
687 648 134 48 bidrag
841 647 166 37 derifrån
1030 648 41 36 af
1094 649 113 46 2,000
1229 648 155 44 kronor;
1417 660 84 24 men
1522 647 59 36 för
1600 647 111 36 hvart
1731 647 70 36 och

213 707 53 30 ett
296 700 41 36 af
361 700 45 36 de
436 703 64 33 två
529 699 303 49 nästpåföljande
862 701 89 35 åren
982 702 119 33 måste
1130 698 276 49 statsbidraget
1436 701 45 47 på
1508 698 125 50 grund
1664 699 41 36 af
1728 698 74 36 bri-

214 752 133 36 stande
377 751 209 49 tillgångar
615 751 197 36 nedsättas
840 751 59 36 till
928 764 145 23 samma
1103 750 149 49 belopp,
1279 751 181 36 hvarmed
1486 750 64 37 det
1570 752 127 46 utgått
1722 750 80 36 före

214 807 39 32 år
285 805 109 45 1891,
424 803 92 37 eller
547 804 110 46 1,200
687 803 150 47 kronor,
869 803 70 36 och
970 802 63 36 det
1062 802 97 36 hade
1190 803 94 35 först
1313 815 63 34 nu,
1406 801 57 37 för
1484 805 38 33 år
1546 803 108 45 1894,
1676 801 125 37 blifvit

215 855 149 48 möjligt
393 860 55 30 att
478 858 115 45 något
623 855 73 36 öka
725 853 261 47 understödet,
1009 857 40 33 så
1071 859 55 31 att
1145 853 65 36 det
1230 853 57 37 för
1307 854 103 36 detta
1431 856 40 33 år
1491 854 178 47 utgjorde
1693 855 108 45 1,500

215 906 148 36 kronor.

341 958 56 35 Då
431 956 170 37 arkivets
636 962 101 31 stora
773 956 82 47 vigt
883 956 59 36 för
970 956 65 36 det
1064 956 190 35 allmänna
1283 956 71 36 och
1385 956 57 35 för
1471 958 67 33 vår
1567 955 235 37 medicinska

214 1008 211 48 vetenskap
461 1009 11 34 i
506 1008 184 49 förnyade
721 1007 219 37 utlåtanden
969 1007 42 36 af
1036 1007 285 36 vederbörande
1351 1007 127 36 blifvit
1506 1007 195 36 vitsordad
1731 1007 70 36 och

212 1060 46 36 då
287 1060 194 48 åtskilliga
510 1060 118 37 andra
656 1059 213 37 tidskrifter
898 1059 11 35 i
939 1061 83 40 vårt
1053 1059 98 46 land,
1183 1058 151 37 hvilkas
1365 1058 198 49 betydelse
1593 1058 209 48 ingalunda

213 1116 132 44 syntes
376 1112 128 35 kunna
533 1112 131 36 ställas
692 1111 119 48 högre
841 1111 69 36 och
941 1110 153 37 hvilkas
1124 1110 427 49 utgifningskostnader
1571 1110 116 37 borde
1713 1123 87 23 vara

212 1164 158 47 mindre,
401 1163 143 49 åtnjöte
574 1168 123 31 större
727 1162 207 37 understöd
955 1162 42 36 af
1012 1162 236 44 statsmedel,
1271 1162 96 37 hade
1387 1162 194 49 professor
1602 1162 95 48 Key,
1719 1175 80 23 som

213 1215 206 48 uppgifvit,
456 1220 55 31 att
545 1214 324 37 omkostnaderna
904 1214 57 36 för
995 1213 172 38 arkivets
1206 1214 208 48 tryckning
1443 1213 69 37 och
1542 1213 258 47 distribution,

214 1266 117 36 sedan
360 1266 218 37 inkomsten
609 1266 41 36 af
674 1266 169 36 arkivets
877 1265 229 48 försäljning
1134 1265 198 48 afdragits,
1363 1265 194 36 medförde
1588 1278 47 23 en
1665 1265 136 36 förlust

213 1317 40 36 af
278 1318 106 35 öfver
413 1319 112 46 3,200
555 1318 140 36 kronor
723 1317 156 48 årligen,
911 1317 194 47 hemstält,
1134 1317 65 36 det
1229 1316 136 48 Kongl.
1397 1317 106 48 Maj:t
1532 1316 148 37 täcktes
1705 1316 96 36 före-

213 1369 54 35 slå
296 1368 220 49 Riksdagen
547 1375 55 31 att
632 1372 45 46 på
706 1375 107 29 extra
841 1373 77 31 stat
946 1370 59 33 för
1035 1371 40 33 år
1107 1371 94 33 1895
1233 1368 139 47 bevilja
1402 1374 54 30 ett
1475 1368 136 48 anslag
1631 1367 42 36 af
1688 1369 112 45 3,000

214 1421 147 47 kronor
381 1420 58 36 för
468 1421 151 36 fortsatt
650 1420 223 49 utgifvande
899 1420 41 35 af
963 1419 206 36 »Nordiskt
1199 1419 228 36 medicinskt
1455 1419 139 36 arkiv».

340 1471 116 37 Ofver
498 1472 125 36 denna
665 1471 282 49 framställning
988 1471 97 36 hade
1128 1471 309 48 lärarekollegiet
1476 1471 60 36 vid
1579 1471 222 36 karolinska

215 1523 388 49 mediko-kirurgiska
631 1523 193 37 institutet
852 1529 98 30 samt
978 1523 179 36 kanslern
1188 1522 57 36 för
1264 1522 120 37 rikets
1405 1522 222 37 universitet
1647 1522 153 49 afgifvit

212 1575 218 36 infordrade
460 1576 222 36 utlåtanden
712 1575 69 36 och
811 1574 144 48 dervid,
986 1575 84 36 med
1102 1574 247 36 vitsordande
1369 1574 42 36 af
1427 1573 242 37 tidskriftens
1699 1580 102 30 stora

212 1627 83 47 vigt
324 1627 72 36 och
424 1627 198 48 betydelse
653 1627 56 36 för
733 1626 71 37 den
827 1625 235 47 medicinska
1083 1625 251 48 forskningen
1355 1626 11 35 i
1388 1629 81 33 vårt
1491 1625 100 47 land,
1614 1625 186 49 tillstyrkt

212 1678 104 36 bifa!l
345 1678 58 36 till
432 1678 195 49 professor
656 1678 104 49 Keys
790 1677 230 48 ansökning.

339 1730 442 48 Departementschefen,
811 1743 81 22 som
922 1729 126 36 funnit
1075 1728 181 37 behofvet
1284 1728 41 36 af
1341 1727 64 37 det
1425 1728 120 36 ökade
1567 1728 233 36 statsunder-

212 1781 84 36 stöd
333 1781 59 35 för
426 1781 225 49 utgifvande
686 1782 40 36 af
755 1781 294 48 ifrågavarande
1084 1780 178 47 tidskrift,
1292 1793 81 23 som
1403 1780 193 48 professor
1624 1780 85 48 Key
1739 1779 60 37 be-

212 1838 96 42 gärt,
340 1845 89 23 vara
458 1832 278 49 erforderligen
765 1832 245 48 ådagalagdt,
1039 1831 196 47 förklarar,
1265 1837 55 30 att
1340 1832 74 35 han
1435 1831 85 36 icke
1542 1831 122 36 skulle
1686 1832 114 35 hafva

213 1884 130 36 tvekat
379 1890 55 30 att
468 1884 196 48 tillstyrka
697 1884 63 36 det
789 1884 119 48 högre
937 1883 201 49 beloppets
1169 1883 214 48 beviljande
1413 1882 81 36 från
1525 1883 274 36 reservations-

212 1935 176 48 anslaget
418 1936 55 35 till
503 1935 297 50 resestipendier
829 1942 97 30 samt
946 1935 245 36 läroböckers
1212 1934 70 36 och
1302 1934 106 36 lärda
1428 1934 112 36 verks
1563 1934 234 49 utgifvande,

212 2001 59 22 om
301 1987 136 36 sådant
466 1987 145 36 kunnat
641 1988 69 35 ske
740 1993 87 30 utan
858 1986 285 37 åsidosättande
1173 1985 41 37 af
1237 1985 117 36 andra
1374 1985 240 49 berättigade
1635 1986 163 49 anspråk

212 2042 47 45 på
288 2038 135 48 bidrag
453 2038 80 37 från
562 2039 106 36 detta
697 2038 145 49 anslag.
898 2039 85 35 Men
1014 2040 47 47 på
1088 2037 126 49 grund
1244 2037 41 35 af
1307 2037 196 48 anslagets
1528 2037 111 48 ringa
1661 2037 136 50 belopp

212 2103 89 23 vore
330 2090 105 36 detta
466 2090 273 49 beklagligtvis
768 2090 32 48 ej
833 2090 159 48 möjligt.
1049 2090 48 35 De
1120 2088 351 48 framställningar,
1501 2102 81 23 som
1603 2089 41 36 af
1662 2089 136 48 Kongl.

212 2142 104 48 Maj:t
346 2145 88 33 åren
468 2144 94 34 1889
593 2142 71 36 och
696 2143 95 35 1893
821 2141 140 36 aflåtits
990 2140 57 37 till
1071 2140 219 48 Riksdagen
1312 2153 58 23 om
1393 2140 164 48 höjande
1578 2140 40 36 af
1635 2141 163 36 nämnda

210 2193 408 48 reservationsanslag,
654 2193 249 49 hvarigenom
938 2198 54 31 ett
1029 2192 150 36 ökande
1213 2192 37 36 af
1285 2191 277 49 statsbidraget
1592 2191 57 36 till
1678 2191 120 49 sagda

210 2244 170 37 tidskrift
409 2244 122 37 skulle
560 2244 114 37 hafva
704 2245 270 48 möjliggjorts,
1005 2243 97 37 hade
1121 2243 84 38 icke
1224 2243 137 37 vunnit
1381 2243 103 37 bifall
1507 2243 41 37 af
1563 2243 233 49 Riksdagen,
