2157 2521
399 170 40 30 68
856 171 249 33 Statsutskottets
1136 173 172 33 Utlåtande
1331 176 62 30 N:o
1416 176 30 31 9.

358 252 46 32 än
440 248 72 36 den
542 248 228 50 ersättning,
800 263 79 23 som
911 251 128 36 derför
1066 252 213 49 uppburits.
1335 254 56 36 Då
1419 255 121 37 under
1568 259 39 33 år
1640 258 94 35 1892
1764 258 182 48 dagkost-

357 299 122 36 naden
522 299 11 36 i
575 300 178 37 medeltal
795 301 58 36 för
894 302 132 49 hvarje
1069 305 87 47 sjuk
1186 308 163 46 uppgått
1377 307 57 35 till
1463 312 91 32 nära
1584 311 20 33 2
1635 308 140 37 kronor
1807 314 45 33 10
1881 317 64 30 öre

358 351 71 36 och
471 351 119 36 under
631 352 279 49 förutsättning
940 354 41 36 af
1005 368 143 24 samma
1178 356 241 49 dagkostnad
1449 365 97 30 samt
1574 359 76 36 lika
1679 361 103 35 antal
1811 363 135 35 under-

358 402 220 50 hållsdagar
621 404 57 36 för
720 404 133 49 fattige
895 405 240 49 fripatienter
1165 408 81 35 från
1276 407 241 39 Stockholms
1547 411 97 47 stad,
1674 411 122 37 skulle
1826 414 120 47 enligt

358 454 247 37 förenämnda
647 455 390 39 öfverenskommelse
1078 458 58 37 för
1171 460 111 35 hvart
1311 461 70 36 och
1411 467 54 30 ett
1494 462 41 35 af
1559 465 89 33 åren
1682 466 264 46 1894—1896,

357 506 47 36 då
432 506 262 48 ersättningen
724 507 58 36 till
811 508 197 37 lasarettet
1038 510 123 37 skulle
1190 515 93 45 utgå
1313 513 84 35 med
1426 526 67 23 sex
1522 513 238 38 tiondedelar
1789 515 41 36 af
1846 515 102 36 kost-

358 557 136 47 naden,
536 557 198 38 lasarettet
776 559 114 37 hafva
932 566 55 30 att
1028 561 43 36 af
1107 562 135 37 staden
1272 563 243 38 utbekomma
1544 565 11 35 i
1584 566 115 36 rundt
1727 566 51 36 tal
1809 569 138 45 41,220

357 609 140 35 kronor
525 608 92 37 eller
645 612 138 46 21,220
811 611 143 37 kronor
983 626 78 23 mer
1090 618 46 32 än
1167 617 40 33 år
1238 617 107 34 1893.
1388 611 124 42 Äfven
1531 620 46 45 på
1594 617 46 36 de
1660 620 133 45 13,186
1811 619 136 36 under-

357 660 271 49 hållsdagarna
658 662 57 36 för
743 662 136 49 fattiga
909 664 111 47 sjuka
1048 665 81 36 från
1160 665 241 39 Stockholms
1429 668 62 36 län
1511 668 98 36 hade
1629 669 197 36 lasarettet
1845 671 103 47 gjort

357 712 175 49 betydlig
560 712 148 48 förlust,
738 727 86 23 men
854 715 226 37 hädanefter
1109 716 151 38 komme
1289 719 103 36 länet
1420 725 55 30 att
1495 719 126 37 lemna
1641 721 10 34 i
1672 721 63 36 det
1755 725 192 33 närmaste

358 763 67 37 full
454 764 249 48 godtgörelse
734 765 56 36 för
818 767 239 36 underhållet
1086 768 42 36 af
1151 768 87 37 dess
1268 769 135 49 fattiga
1434 771 121 47 sjuka.

487 815 71 36 Det
588 829 91 23 vore
708 817 79 35 helt
816 818 195 48 naturligt,
1042 824 55 31 att
1125 819 217 38 lasarettets
1371 822 157 48 utgifter
1544 823 110 36 äfven
1671 824 57 36 för
1744 824 204 36 betalande

360 866 110 48 sjuka
502 866 12 36 i
542 867 159 37 allmänt
730 882 81 23 rum
841 869 95 36 efter
965 870 101 36 hand
1096 871 192 49 betydligt
1317 872 120 48 ökats,
1467 875 116 35 sedan
1614 875 292 48 dagkostnaden
1936 875 11 36 i

360 921 42 32 så
431 918 77 47 hög
536 919 95 47 grad
660 919 163 37 tillväxt.
865 921 438 38 Lasarettsdirektionen
1332 924 97 37 hade
1458 926 95 36 dock
1583 926 32 48 ej
1637 932 126 30 ansett
1779 926 61 50 sig
1855 928 93 36 böra

361 968 138 37 föreslå
528 970 164 49 afgiften
721 971 58 36 för
807 972 111 36 dessa
947 973 57 35 till
1033 974 120 48 högre
1182 974 150 50 belopp,
1363 981 46 31 än
1439 989 79 24 som
1550 977 64 36 vid
1644 978 123 49 öfriga
1787 979 160 48 sjukhus

359 1020 12 35 1
414 1022 133 35 staden
590 1022 148 36 erlades
779 1023 57 36 för
865 1037 145 24 samma
1039 1025 103 36 klass
1167 1027 41 34 af
1231 1027 188 48 patienter
1448 1028 227 37 tillhörande
1704 1029 242 49 kommunen,

360 1072 91 36 eller
481 1074 45 35 75
557 1078 64 31 öre
650 1074 58 35 för
736 1074 87 48 dag.
881 1075 73 37 Vid
984 1076 71 36 alla
1085 1077 125 48 öfriga
1239 1078 160 48 sjukhus
1420 1079 128 37 ålades
1565 1080 60 36 väl
1642 1081 142 36 sådana
1799 1082 149 48 patien-

358 1129 60 31 ter
446 1124 78 36 från
555 1124 220 38 landsorten
806 1139 45 23 en
881 1127 121 48 högre
1032 1128 122 48 afgift,
1185 1130 91 36 eller
1308 1132 16 34 1
1356 1130 117 36 krona
1503 1133 47 35 50
1576 1136 65 32 öre
1670 1132 57 37 för
1756 1133 88 48 dag,
1862 1146 85 23 men

359 1175 47 36 då
435 1175 390 39 serafimerlasarettet
853 1178 34 48 ej
918 1179 176 48 utgjorde
1124 1193 46 23 en
1197 1181 344 48 sjukvårdsanstalt
1560 1184 136 36 endast
1712 1184 57 36 för
1784 1184 165 36 hufvud-

360 1226 134 36 staden
537 1228 71 36 och
651 1230 202 47 emottagit
888 1229 91 37 flere
1009 1230 217 48 betydande
1255 1233 234 48 donationer,
1519 1235 157 36 afsedda
1704 1236 243 36 uteslutande

361 1278 91 36 eller
493 1278 271 38 företrädesvis
806 1281 56 35 till
905 1295 104 34 gagn
1048 1283 56 36 för
1132 1284 189 47 patienter
1348 1285 82 36 från
1460 1286 117 36 andra
1606 1286 104 36 delar
1738 1286 41 36 af
1803 1287 142 48 landet,

359 1329 112 50 hyste
514 1329 240 38 direktionen
796 1338 80 30 stor
918 1334 139 35 tvekan
1102 1341 55 29 att
1190 1336 160 35 affordra
1378 1337 110 36 dessa
1519 1340 124 46 någon
1674 1338 119 50 högre
1823 1339 123 49 afgift,

360 1385 47 32 än
437 1394 78 23 som
546 1382 41 36 af
612 1383 156 36 stadens
797 1383 180 38 invånare
1006 1385 160 48 erlades,
1195 1386 146 37 hvilket
1370 1388 56 36 för
1455 1388 117 48 öfrigt
1600 1389 144 48 iingen
1762 1390 184 37 händelse

358 1433 118 36 borde
506 1433 128 37 kunna
664 1434 245 49 ifrågasättas
940 1436 57 36 för
1025 1437 64 35 det
1118 1444 103 30 stora
1250 1439 141 36 antalet
1420 1440 201 37 betalande
1650 1441 189 49 patienter
1864 1442 82 36 från

362 1484 244 37 Stockholms
640 1486 74 48 län,
744 1487 113 36 hvars
887 1487 197 48 landsting
1112 1488 86 38 icke
1228 1490 160 36 allenast
1417 1491 165 50 bidragit
1611 1493 86 35 med
1727 1493 134 48 anslag
1890 1493 57 36 till

360 1535 217 38 lasarettets
608 1538 263 48 ombyggnad,
900 1544 92 30 utan
1021 1540 111 36 äfven
1162 1541 57 36 för
1248 1541 121 36 länets
1391 1545 46 45 på
1453 1543 193 49 friplatser
1661 1544 159 48 intagna
1837 1545 110 47 sjuka

359 1587 127 37 erlade
527 1601 46 23 en
611 1589 108 48 långt
750 1603 76 22 mer
854 1590 362 50 tillfyllestgörande
1247 1593 197 49 betalning
1473 1600 45 31 än
1549 1595 136 36 hittills
1715 1595 97 37 varit
1841 1596 105 36 fallet

363 1639 81 36 med
476 1638 244 39 Stockholms
750 1640 95 37 stad.

487 1691 403 49 Underhållsdagarne
920 1693 56 36 för
1005 1693 201 38 betalande
1234 1695 12 35 i
1274 1696 156 37 allmänt
1459 1711 79 22 rum
1563 1697 96 37 hade
1683 1700 95 34 1892
1800 1700 148 47 utgjort

360 1747 54 31 ett
456 1742 101 36 antal
600 1743 42 36 af
681 1746 148 46 29,610,
864 1745 84 47 och,
977 1745 46 36 då
1052 1745 132 49 hvarje
1212 1748 300 49 underhållsdag
1537 1749 10 35 i
1578 1749 176 37 medeltal
1786 1751 160 36 kostade

360 1793 197 37 lasarettet
587 1797 19 33 2
638 1795 140 36 kronor
810 1799 45 33 10
886 1802 75 41 öre,
983 1796 213 38 kostnaden
1215 1799 55 36 för
1287 1799 301 48 byggnadernas
1604 1802 211 43 underhåll,
1832 1815 116 23 onera

360 1859 47 21 m.
439 1859 46 21 m.
516 1846 32 48 ej
578 1846 201 48 inräknad,
821 1861 87 22 men
937 1847 11 36 i
978 1849 217 49 ersättning
1238 1850 126 36 derför
1406 1852 134 36 endast
1568 1852 197 37 betalades
1795 1856 46 33 75
1871 1859 76 39 öre,

360 1896 97 37 hade
486 1897 217 37 lasarettets
732 1898 136 37 förlust
898 1900 91 36 härå
1018 1904 163 45 uppgått
1209 1901 55 36 till
1294 1901 83 38 icke
1408 1903 145 37 mindre
1583 1908 47 32 än
1652 1907 136 45 39,973
1806 1905 142 37 kronor

362 1950 46 35 30
438 1953 75 31 öre.

487 2000 78 37 Mot
608 2000 182 48 afgiftens
825 2003 165 48 höjande
1020 2003 58 36 för
1105 2004 190 49 patienter
1323 2006 41 36 af
1387 2006 123 36 denna
1536 2007 104 36 klass
1669 2007 135 37 funnes
1833 2013 115 44 tungt

361 2052 174 48 vägande
579 2052 84 37 skäl
704 2053 84 37 icke
828 2052 94 38 blott
950 2054 11 36 i
992 2055 218 38 lasarettets
1240 2057 196 50 egenskap
1465 2058 41 36 af
1530 2058 418 49 välgörenhetsanstalt

360 2109 92 30 utan
494 2104 111 36 äfven
649 2105 86 36 med
765 2105 179 38 afseende
973 2107 88 36 derå
1089 2114 65 41 att,
1185 2108 11 36 i
1225 2108 181 37 händelse
1435 2110 160 49 afgiften
1625 2111 142 36 ökades
1797 2111 151 36 utöfver

362 2155 102 36 hvad
505 2156 100 36 inom
651 2156 304 38 hufvudstadens
998 2159 124 48 öfriga
1165 2159 158 48 sjukhus
1365 2161 157 48 erlades,
1552 2162 262 49 patienternas
1844 2163 103 36 antal

363 2207 196 38 sannolikt
600 2208 154 37 komme
795 2214 55 31 att
891 2210 209 50 väsentligt
1143 2211 169 37 minskas
1354 2213 69 36 och
1454 2213 9 35 i
1492 2226 144 23 samma
1679 2216 84 35 mån
1798 2214 65 36 det
1893 2215 55 38 för

363 2258 329 51 undervisningen
724 2260 243 51 nödvändiga
997 2262 302 49 sjukmaterialet
1327 2270 55 30 att
1410 2270 112 45 tryta,

1087 2336 3 10 1
