1934 2830
109 978 133 23 Utskollet.

301 137 40 30 24
622 142 6 7 "
752 145 262 30 Statsutskottets
1037 148 168 30 utlåtande
1227 158 38 21 nr
1291 151 69 29 136.

300 213 192 42 belöpande
510 215 185 33 kostnader
715 217 92 39 böra,
828 219 195 33 framhåller
1043 221 384 42 departementschefen,
1449 225 173 32 överföras
1644 226 54 31 till
1720 226 82 42 flyg-

299 262 270 44 förvaltningens
598 266 230 41 nyssberörda
856 270 126 41 anslag.
1023 271 386 42 Departementschefen
1439 275 191 33 beräknade
1660 277 62 31 här
1750 289 50 20 av-

299 315 106 31 sedda
425 316 365 43 avlöningskostnader
810 320 107 32 under
936 321 381 44 icke-ordinarieposten
1338 325 53 31 till
1412 326 40 31 85
1465 326 61 31 000
1546 326 134 41 kronor,
1701 339 100 21 varav

299 366 40 30 40
352 366 61 31 000
439 366 124 33 kronor
588 368 54 31 för
668 371 159 39 personal
854 371 53 31 för
933 373 179 31 underhåll
1138 386 41 19 av
1205 375 137 42 flygfält
1368 376 63 32 och
1457 377 114 32 45000
1597 378 126 32 kronor
1748 379 54 31 för

299 417 159 40 personal
487 418 53 31 för
568 418 367 43 byggnadsunderhåll.
976 423 67 33 Det
1072 424 107 32 borde
1209 425 107 42 enligt
1344 426 375 41 departementschefen
1748 439 52 21 an-

298 466 134 33 komma
457 470 44 40 på
525 469 126 42 Kungl.
680 470 103 42 Maj:t
808 474 49 30 att
882 475 152 30 närmare
1061 475 131 41 reglera
1219 476 355 43 medelsanvisningen
1602 479 54 31 för
1681 480 119 41 ifråga-

299 518 146 32 varande
463 519 164 33 ändamål.

351 568 18 30 I
388 568 184 44 anledning
589 582 40 20 av
647 571 66 32 den
731 573 173 41 reglerade
922 574 350 45 beforåringsgången
1289 579 54 31 för
1360 579 358 43 biträdespersonalen
1736 583 64 31 till-

300 615 134 34 komma
451 619 57 31 vid
526 619 325 44 flygförvaltningen
868 624 20 30 4
906 623 231 44 befattningar
1155 628 53 30 för
1225 627 170 33 ordinarie
1412 629 277 34 kontorsbiträde
1708 631 11 31 i
1737 632 31 30 A
1780 634 20 28 4

301 667 73 32 från
392 669 62 32 och
471 671 76 31 med
564 672 65 31 den
633 663 22 55 1
681 673 64 40 juli
763 674 89 31 1947.
869 675 54 31 En
940 687 40 20 av
996 677 101 31 dessa
1112 677 232 43 befattningar
1359 691 98 22 avses
1475 681 53 32 för
1545 693 41 20 en
1604 685 95 30 extra
1714 684 86 31 ordi-

296 719 93 31 narie
415 719 336 43 befattningshavare
776 723 12 30 i
813 723 51 31 Eo
878 725 27 30 7.

348 768 337 44 Anslagshöjningen
705 773 100 41 utgör
822 774 62 31 350
896 774 62 32 000
975 775 133 40 kronor,
1129 788 100 21 varav
1248 778 155 43 omkring
1421 780 19 31 5
1453 780 62 32 000
1533 781 126 32 kronor
1676 782 123 43 belöpa

296 821 44 39 på
355 820 155 41 reglerad
526 821 308 45 befordringsgång
850 825 53 31 för
919 825 161 33 biträdes-
1098 828 63 31 och
1178 831 344 40 amanuenspersonal
1539 834 88 29 samt
1645 833 155 42 omkring

296 870 61 32 240
370 871 62 32 000
450 871 126 33 kronor
592 875 44 40 på
655 874 301 43 löneregleringen.

348 963 77 32 Den
444 975 40 21 av
503 965 374 42 departementschefen
895 969 180 33 förordade
1094 971 327 42 anslagshöjningen
1440 974 148 42 belöper,
1608 975 11 32 i
1639 975 65 32 den
1722 978 77 29 mån

296 1013 66 32 den
388 1014 73 32 icke
488 1018 187 30 motsvarar
701 1019 205 31 automatisk
931 1020 294 45 kostnadsökning
1250 1023 11 31 i
1288 1024 186 43 anledning
1498 1036 41 21 av
1565 1027 154 41 reglerad
1745 1028 53 31 be-

294 1063 264 45 fordringsgång
583 1067 53 31 för
660 1067 165 33 biträdes-
851 1070 62 31 och
939 1074 345 39 amanuenspersonal
1310 1078 88 28 samt
1424 1075 65 31 den
1515 1075 170 34 allmänna
1710 1077 88 32 löne-

295 1115 222 43 regleringen,
535 1118 12 31 i
564 1117 179 33 huvudsak
761 1122 43 39 på
822 1120 409 43 avlöningskostnaderna
1249 1124 53 32 för
1321 1125 65 31 den
1405 1127 160 40 personal
1583 1138 73 21 som
1675 1128 123 42 stadig-

294 1166 147 33 varande
464 1167 170 33 erfordras
658 1169 54 31 för
735 1170 179 32 underhåll
937 1183 40 20 av
1000 1172 198 42 byggnader
1220 1175 62 31 och
1306 1175 137 42 flygfält
1467 1177 62 31 och
1553 1188 73 21 som
1651 1178 54 31 för
1727 1181 71 29 när-

293 1216 147 33 varande
460 1218 138 32 avlönas
619 1220 77 31 med
716 1220 173 33 anlitande
909 1232 41 21 av
968 1222 306 44 byggnadsanslag.
1308 1225 113 33 Såvitt
1440 1237 98 21 avser
1557 1228 180 32 underhåll
1756 1240 41 21 av

293 1265 198 43 byggnader
508 1268 44 32 ha
570 1270 190 32 emellertid
780 1271 144 33 berörda
942 1273 184 32 kostnader
1144 1274 121 33 endast
1284 1277 241 41 övergångsvis
1544 1278 63 32 och
1625 1279 55 31 för
1698 1279 98 32 halva

292 1317 203 42 budgetåret
514 1319 182 33 beräknats
717 1321 108 32 under
844 1322 221 33 förevarande
1085 1325 128 42 anslag,
1235 1328 80 29 enär
1335 1327 171 33 desamma
1526 1329 54 31 för
1599 1330 197 32 återstoden

293 1378 40 21 av
354 1368 203 42 budgetåret
578 1373 129 30 avsetts
729 1371 96 33 skola
845 1373 170 32 bestridas
1038 1375 75 31 från
1136 1375 59 33 det
1216 1376 192 43 föreslagna
1429 1389 66 31 nya
1518 1379 278 40 ämbetsverkets,

292 1418 530 45 fortifikationsförvaltningens,
847 1424 307 43 avlöningsanslag.

345 1469 188 42 Utskottet,
555 1482 74 21 som
650 1472 161 33 hänvisar
832 1474 54 31 till
908 1475 64 31 vad
995 1476 168 33 utskottet
1184 1477 12 31 i
1220 1477 57 32 det
1299 1478 204 42 föregående
1526 1481 114 32 anfört
1663 1481 57 32 vid
1742 1482 53 32 be-

292 1518 209 44 handlingen
518 1533 40 20 av
575 1523 192 41 punkterna
785 1525 15 30 1
819 1525 62 31 och
900 1526 28 37 2,
946 1526 61 31 har
1023 1526 87 33 intet
1126 1530 50 29 att
1193 1528 110 32 erinra
1320 1532 71 29 mot
1406 1529 126 43 Kungl.
1551 1531 120 42 Maj:ts
1688 1533 109 31 under

292 1570 222 34 förevarande
535 1573 109 42 punkt
665 1575 213 32 framställda
900 1576 128 43 förslag
1049 1578 63 31 och
1134 1578 197 33 hemställer
1352 1581 110 38 alltså,

612 1661 51 30 att
684 1660 183 43 riksdagen
891 1664 55 29 må

612 1717 30 43 a)
675 1719 157 42 medgiva
864 1721 215 42 uppförande
1112 1725 45 40 på
1190 1725 419 44 personalförteckningen
1643 1729 53 31 för
1717 1728 80 42 flyg-

559 1768 253 43 förvaltningen
828 1782 41 20 av
882 1772 198 42 ytterligare
1095 1775 22 30 4
1131 1773 534 46 kontorsbiträdesbefattningar
1678 1778 12 32 i
1706 1779 92 32 löne-

559 1819 83 41 grad
664 1820 31 31 A
707 1822 33 36 4;

610 1878 35 42 b)
667 1879 181 40 godkänna
870 1881 150 42 följande
1043 1882 252 43 avlöningsstat
1317 1885 53 32 för
1391 1885 332 45 flygförvaltningen,
1747 1891 51 30 att

559 1928 175 43 tillämpas
757 1930 110 32 under
888 1931 206 42 budgetåret
1118 1934 150 39 1947/48:

1052 2026 253 43 Avlöningsstat.

1102 2094 161 42 Utgifter:

559 2150 27 31 1.
620 2149 213 44 Avlöningar
855 2151 54 33 till
931 2152 173 33 ordinarie
1126 2154 217 41 tjänstemän,
1359 2155 71 42 för-

618 2200 139 42 SÅAQSVIS
783 2228 643 10 merrerrrererrrerrrerrrrrrrrrsrr
1316 2196 113 53 rerna
1454 2207 128 33 kronor
1656 2209 62 32 388
1730 2209 65 32 000

557 2251 28 31 2.
620 2250 162 34 Arvoden
815 2252 54 32 till
901 2253 232 41 pensionerad
1163 2256 162 41 personal
1347 2256 12 33 i
1382 2268 50 21 ar-

619 2302 348 43 vodesbefattningar,
982 2304 199 42 förslagsvis
1194 2332 230 7 ..............
1508 2321 11 16 >
1657 2310 58 32 170
1732 2305 65 49 400

556 2351 29 31 3.
618 2351 162 33 Arvoden
814 2353 65 32 och
912 2354 170 33 särskilda
1109 2356 238 42 ersättningar,
1371 2357 56 32 be-

619 2402 136 32 stämda
777 2414 41 21 av
840 2403 127 42 Kungl.
990 2404 107 43 Maj:t,
1115 2405 199 43 förslagsvis
1333 2433 93 7 ......
1509 2422 13 14 »
1699 2410 19 31 8
1731 2410 64 32 600
