2188 2636
462 173 39 31 38
940 172 232 40 Lagutskottets
1199 171 166 31 Utlåtande
1388 171 63 31 N:o
1473 169 50 33 48.

420 260 93 37 dena
553 261 71 35 den
665 260 193 48 allvarliga
885 260 67 35 och
979 260 13 34 i
1019 272 86 23 snar
1132 258 177 49 handling
1336 259 228 36 verksamma
1593 259 336 47 uppmärksamhet,
1958 272 78 24 som

420 311 44 36 de
490 312 13 34 i
532 314 39 33 så
599 311 72 47 hög
697 310 91 47 grad
815 310 172 47 förtjena.

555 361 58 48 Ty
641 374 59 22 om
728 360 70 36 den
826 360 212 36 nuvarande
1067 361 259 45 utvecklingen
1355 361 138 35 lemnas
1521 360 75 36 fria
1628 360 138 35 händer
1794 365 54 30 att
1874 359 163 49 fullfölja

420 412 65 36 och
515 411 137 36 afsluta
679 412 56 35 sin
764 410 158 49 uppgift,
951 411 72 35 blir
1049 410 133 49 frågan
1208 410 150 37 dermed
1386 411 78 35 icke
1491 410 131 43 afförd,
1653 415 88 31 utan
1774 410 71 36 den
1872 411 166 36 kommer

421 462 164 47 ständigt
611 462 150 35 tillbaka
788 463 12 34 i
828 463 67 34 allt
921 465 146 32 svårare
1094 461 145 36 former.
1295 461 86 36 Man
1410 462 90 35 skall
1519 462 187 47 nemligen
1725 461 121 46 aldrig
1863 462 172 46 glömma,

421 514 95 35 huru
558 512 63 36 det
663 512 168 36 nittonde
873 512 252 35 århundradet
1165 512 66 35 och
1272 512 83 35 dess
1396 511 228 48 efterföljare
1651 512 275 35 misshushållat
1954 512 83 36 med

421 563 194 36 frukterna
659 562 40 36 af
736 562 224 49 föregående
991 562 115 36 tiders
1134 562 236 36 förutseende
1398 563 66 35 och
1492 563 137 35 arbete.
1683 560 77 38 Och
1787 561 130 48 frågan
1945 563 91 35 skall

422 614 165 46 ständigt
615 613 88 48 sjelf
726 620 89 40 göra
840 614 57 46 sig
924 613 140 48 påmint
1090 625 133 35 genom
1247 613 44 35 de
1311 614 98 34 olika
1423 614 236 47 yttringarne
1678 612 39 36 af
1733 626 45 22 en
1795 612 243 49 undertryckt

420 664 237 48 befolknings
685 664 167 46 stigande
880 664 173 46 missnöje
1080 663 103 36 öfver
1209 664 196 35 orättvisor
1431 664 67 35 och
1525 663 235 48 öfvergrepp.

557 714 141 48 Frågan
741 727 59 23 om
837 714 356 49 vidmagthållandet
1225 713 40 36 af
1291 714 383 48 jordbruksnäringen
1705 715 100 34 inom
1835 713 202 49 skogsbyg-

421 765 113 36 derna
561 766 13 34 i
602 765 185 36 Norrland
812 765 69 35 och
901 765 157 36 Dalarne
1078 772 41 28 är
1138 765 81 35 med
1239 771 53 30 ett
1310 765 67 35 ord
1396 778 44 22 en
1458 766 80 34 inre
1552 765 281 49 försvarsfråga
1852 763 40 37 af
1907 765 131 47 högsta

420 816 269 48 angelägenhet
716 816 66 35 och
810 816 200 48 betydelse.
1065 814 79 37 Och
1173 816 61 35 det
1261 815 180 48 förtjenar
1467 817 12 34 i
1507 815 107 36 dessa
1640 815 96 36 tider
1763 814 111 36 äfven
1901 815 138 36 erinras

420 866 137 44 derom,
587 871 57 31 att
672 866 60 36 det
760 867 79 34 icke
867 867 113 35 heller
1007 873 41 28 är
1075 866 148 35 alldeles
1251 867 162 46 ovigtigt
1439 866 56 35 för
1523 866 63 35 det
1612 871 98 43 yttre
1729 864 191 44 försvaret,
1941 866 97 35 huru

421 916 300 37 samfundslifvet
748 924 62 29 rör
838 918 58 46 sig
922 918 100 34 inom
1051 917 71 35 den
1151 917 175 43 landsdel,
1356 917 65 35 der
1439 917 95 35 riket
1554 917 66 34 har
1639 917 56 35 sin
1714 916 94 35 enda
1827 916 208 45 landgräns.

555 967 107 36 Hvad
702 981 49 22 nu
784 968 67 35 bör
884 968 61 35 ske
973 975 41 27 är
1041 967 201 36 emellertid
1272 973 54 30 att
1353 967 226 36 omedelbart
1607 966 147 47 vidtaga
1781 966 45 35 de
1854 966 182 47 åtgärder,

421 1031 77 23 som
527 1018 31 46 ej
589 1019 76 34 tåla
692 1017 171 49 uppskof,
893 1024 93 30 samt
1013 1018 213 35 derutöfver
1252 1025 91 40 göra
1369 1031 45 23 en
1441 1017 277 48 framställning
1740 1030 68 30 om,
1830 1022 54 39 att
1901 1016 132 48 Kongl.

420 1068 105 47 Maj:t
580 1069 141 35 täcktes
767 1080 94 34 egna
907 1069 53 35 sin
1005 1069 328 47 uppmärksamhet
1375 1073 47 39 åt,
1464 1069 97 35 hvad
1602 1081 77 22 som
1720 1067 161 36 derefter
1921 1070 116 33 måste

421 1119 156 35 komma.
626 1119 69 35 Det
722 1131 126 23 senare
875 1126 40 28 är
943 1118 57 36 för
1027 1119 228 35 närvarande
1283 1119 41 35 af
1348 1118 155 36 särskild
1531 1119 82 47 vigt
1640 1117 134 44 derför,
1798 1123 55 30 att
1871 1118 100 35 inom
1992 1117 44 36 de

420 1181 109 24 norra
556 1169 302 49 skogsbygderna
882 1168 335 48 jordbruksfrågan
1244 1169 12 35 i
1285 1173 135 44 många
1442 1168 197 36 afseenden
1667 1171 75 33 står
1769 1169 13 34 i
1810 1168 227 48 oskiljaktigt

421 1220 266 46 sammanhang
727 1219 79 35 med
850 1219 363 49 skogsvårdsfrågan,
1255 1220 150 35 hvilken
1445 1232 127 23 senare
1601 1232 61 30 nu,
1691 1218 94 36 efter
1817 1218 62 35 det
1910 1219 126 46 skogs-

420 1271 165 35 komitén
627 1269 146 47 afgifvit
816 1271 67 34 sitt
913 1270 243 43 betänkande,
1185 1269 200 49 föreligger
1410 1270 56 35 till
1495 1269 133 48 Kongl.
1657 1268 121 47 Maj:ts
1805 1268 231 36 omedelbara

421 1320 188 48 pröfning.

563 1505 73 47 Jag
662 1506 213 35 hemställer
904 1506 104 35 alltså
1039 1505 196 44 vördsamt,
1265 1510 55 30 att
1347 1504 208 49 Riksdagen
1584 1505 124 35 ville:
1691 1500 19 57 .

561 1584 55 33 1:o
643 1581 58 36 för
728 1582 54 35 sin
811 1581 58 36 del
898 1587 149 42 antaga:

562 1633 75 34 dels
664 1631 165 47 följande

1186 1762 90 49 Lag

525 1872 177 37 angående
726 1876 231 33 begränsning
979 1877 12 26 i
1013 1876 91 27 vissa
1127 1877 63 26 fall
1213 1877 38 26 af
1271 1877 113 26 rätten
1407 1878 48 25 att
1477 1876 172 27 förvärfva
1670 1877 68 26 fast
1760 1876 178 33 egendom.

1192 1983 79 45 1:8.

558 2069 116 48 Bolag
713 2070 87 35 eller
841 2068 169 49 förening
1049 2068 60 36 för
1149 2069 211 36 ekonomisk
1403 2069 234 36 verksamhet
1676 2072 58 32 må
1775 2070 32 46 ej
1848 2069 187 36 förvärfva

423 2119 72 36 fast
537 2119 179 47 egendom
753 2123 20 32 å
805 2119 126 36 landet
958 2120 101 35 inom
1087 2119 257 44 Norrbottens,
1376 2118 288 45 Vesterbottens,
1693 2118 339 45 Vesternorrlands,

422 2169 219 42 Jemtlands,
683 2168 214 49 Gefleborgs
939 2171 86 35 eller
1068 2169 257 49 Kopparbergs
1364 2171 71 42 län,
1468 2169 64 36 der
1564 2170 32 46 ej
1627 2169 205 49 Konungen
1860 2170 57 36 för
1944 2171 91 35 visst

422 2219 62 36 fall
512 2220 125 36 dertill
666 2222 137 34 lemnat
831 2220 178 36 tillstånd.
