2220 2654
697 231 258 41 Statsutskottets
988 237 176 37 Utlåtande
1190 232 66 41 N:o
1286 242 28 30 6.
1729 236 19 37 5)

213 319 39 36 år
283 319 98 38 1894
410 319 135 51 förnya
575 320 65 38 sitt
667 321 130 51 hvarje
826 325 40 34 år
894 322 65 37 allt
982 322 118 37 sedan
1128 325 39 34 år
1197 325 96 35 1887
1324 322 219 38 framstälda
1570 322 145 50 förslag
1742 337 60 23 om

209 372 204 37 anvisande
443 375 19 34 å
491 373 186 37 ordinarie
707 379 75 32 stat
809 375 42 36 af
875 380 54 31 ett
958 375 76 37 fast
1061 375 391 50 nybyggnadsanslag
1481 375 60 37 för
1569 375 145 48 flottan,
1741 375 59 37 för

208 423 154 37 hvilken
381 424 281 50 framställning
680 427 188 36 utskottet
887 432 172 32 närmare
1078 428 165 48 redogör
1262 428 118 36 under
1398 427 256 50 nästföljande
1669 428 129 49 punkt.

311 476 405 51 Marinförvaltningen
756 479 108 47 hade,
907 479 120 49 enligt
1070 479 98 37 hvad
1211 479 422 49 departementschefen
1673 479 128 38 vidare

208 528 200 47 meddelat,
443 530 250 37 sammanfört
726 530 63 37 det
821 531 190 48 behöfliga
1038 532 99 36 fasta
1163 531 434 50 nybyggnadsanslaget
1624 532 86 36 med
1738 532 64 36 det

208 581 216 37 nuvarande
465 581 175 50 anslaget
681 582 85 37 med
807 582 110 37 titeln
957 583 174 37 »flottans
1172 584 236 49 nybyggnad
1436 584 71 36 och
1535 583 267 47 underhåll»,
1786 577 20 60 i

206 632 146 37 hvilket
383 633 182 50 derjemte
593 634 218 49 föreslagits
840 634 73 37 den
942 635 222 50 förhöjning
1191 649 139 35 genom
1359 636 206 36 anvisande
1595 635 42 37 af
1662 637 139 46 21,000

206 684 142 37 kronor
388 686 83 36 utaf
509 686 46 37 de
593 687 40 35 af
661 688 95 35 1887
788 690 58 33 års
874 687 172 49 Riksdag
1073 687 187 50 beviljade
1293 689 163 46 100,000
1484 688 142 36 kronor
1653 688 56 36 till
1738 701 64 23 an-

208 737 184 37 ställande
420 738 41 36 af
486 738 205 49 daglönare
720 742 20 33 å
767 739 148 37 varfvet
943 739 10 36 i
981 740 270 37 båtsmännens
1281 740 121 47 ställe,
1433 753 83 23 som
1546 739 59 37 för
1633 742 40 34 år
1704 741 98 35 1894

206 789 42 36 af
285 789 404 50 marinförvaltningen
730 791 170 50 pröfvats
943 791 236 49 erforderlig.
1236 792 57 36 Då
1333 792 115 37 likväl
1487 792 64 37 det
1584 792 217 37 nuvarande

206 840 184 49 anslaget,
420 845 126 34 såsom
574 843 68 36 här
671 843 114 37 ofvan
812 848 162 41 nämnts,
1005 843 56 37 till
1088 843 85 37 hela
1202 844 66 36 sitt
1295 844 139 49 belopp
1463 849 111 44 toges
1602 844 12 37 i
1638 844 163 49 anspråk

208 899 148 31 ensamt
385 893 59 37 för
472 894 238 37 underhållet
738 896 70 36 och
835 895 83 37 icke
946 895 98 37 hade
1074 896 141 36 kunnat
1247 896 93 36 eller
1366 896 126 37 kunde
1512 901 158 44 antagas
1690 896 112 37 fram-

207 945 104 37 deles
339 945 126 37 kunna
484 947 187 48 påräknas
690 947 55 36 till
762 947 247 49 nybyggnad,
1029 951 141 45 ansåge
1191 947 436 50 departementschefen,
1648 953 55 32 att
1722 948 79 37 det-

207 1010 143 24 samma
389 997 118 38 borde
548 999 234 37 fortfarande
823 999 207 37 bibehållas
1073 1002 126 34 såsom
1241 999 179 38 särskildt
1452 1000 135 48 anslag
1615 1001 86 36 med
1729 1000 72 37 den

206 1049 225 37 förändrade
472 1050 244 49 benämning,
758 1051 173 37 »flottans
973 1051 228 48 underhåll»,
1236 1065 81 24 som
1348 1053 40 35 af
1413 1052 88 37 dess
1530 1052 173 37 ändamål
1731 1053 71 36 och

205 1101 244 49 användning
476 1102 237 49 betingades,
731 1103 71 36 och
829 1104 182 48 uppföras
1032 1104 86 36 med
1138 1104 66 36 sitt
1223 1104 217 37 nuvarande
1460 1104 152 50 belopp,
1632 1104 170 50 förhöjdt

206 1153 87 36 med
335 1153 45 38 de
423 1156 139 46 21,000
603 1155 140 37 kronor
778 1155 408 49 marinförvaltningen
1213 1156 210 49 föreslagit,
1454 1161 98 32 samt
1580 1161 55 32 att
1662 1157 64 36 det
1753 1170 50 23 nu

205 1204 221 49 ifrågasatta
450 1206 432 49 nybyggnadsanslaget
905 1207 117 37 borde
1042 1213 187 44 upptagas
1250 1211 124 34 såsom
1391 1213 55 32 ett
1461 1208 181 37 särskildt
1656 1209 144 48 anslag.

310 1257 112 37 Emot
462 1258 73 36 den
575 1259 220 48 föreslagna
831 1259 271 49 förhöjningen
1130 1260 86 36 med
1245 1262 137 43 21,000
1410 1261 143 36 kronor
1580 1260 42 36 af
1646 1260 46 37 de
1720 1261 83 36 utaf

212 1310 96 35 1887
340 1312 58 34 års
426 1310 171 48 Riksdag
625 1310 187 50 beviljade
844 1312 162 44 100,000
1035 1312 141 36 kronor
1203 1311 56 36 till
1287 1312 233 36 anställande
1541 1312 42 36 af
1597 1312 204 48 daglönare

209 1363 20 33 å
270 1360 154 37 flottans
467 1362 87 36 varf
590 1362 13 36 i
638 1362 270 37 båtsmännens
938 1362 108 37 ställe
1075 1363 67 36 har
1168 1363 189 36 utskottet
1383 1364 83 36 icke
1494 1364 83 36 haft
1603 1366 117 46 något
1747 1368 55 32 att

207 1412 142 46 erinra;
391 1413 70 37 och
504 1413 46 36 då
591 1414 185 37 utskottet
816 1414 13 36 i
871 1414 253 49 nästföljande
1166 1415 120 48 punkt
1314 1415 41 36 af
1380 1415 103 37 detta
1510 1415 191 37 utlåtande
1729 1415 73 37 till-

207 1465 151 48 styrker
397 1465 105 37 bifall
544 1465 57 36 till
643 1465 138 50 Kongl.
824 1466 127 48 Maj:ts
994 1466 283 49 framställning
1314 1480 59 23 om
1402 1467 237 50 uppförande
1667 1467 11 36 i
1706 1468 96 36 riks-

207 1521 124 32 staten
371 1517 40 36 af
449 1522 54 32 ett
545 1518 179 36 särskildt
765 1518 134 49 anslag
925 1517 58 37 till
1011 1518 152 37 flottans
1190 1519 248 49 nybyggnad,
1467 1520 121 36 finner
1616 1520 187 36 utskottet

201 1568 143 49 jemväl
362 1568 184 50 lämpligt,
567 1575 53 30 att
640 1570 216 36 nuvarande
876 1570 431 49 reservationsanslaget
1325 1571 56 36 till
1399 1571 153 37 flottans
1569 1571 233 50 nybyggnad

207 1620 71 36 och
319 1620 195 37 underhåll
555 1621 159 37 erhåller
755 1622 73 36 den
863 1622 40 36 af
934 1622 139 48 Kongl.
1103 1622 106 48 Maj:t
1236 1623 219 48 föreslagna
1484 1623 225 37 förändrade
1737 1624 64 36 be-

205 1671 246 50 nämningen:
482 1673 154 36 flottans
664 1673 208 48 underhåll,
902 1673 156 37 hvarför
1085 1674 185 37 utskottet
1298 1674 233 37 hemställer:

708 1775 36 49 a)
774 1781 54 31 att
855 1776 176 49 anslaget
1057 1776 57 36 till
1142 1777 155 36 flottans
1321 1778 235 48 nybyggnad
1576 1778 70 36 och
1666 1778 135 36 under-

605 1827 86 47 håll,
725 1841 51 23 nu
807 1830 200 45 1,239,000
1037 1828 151 48 kronor,
1217 1832 59 33 må
1304 1829 56 36 till
1388 1830 236 36 anställande
1648 1829 41 37 af
1710 1829 90 49 dag-

606 1879 125 37 lönare
775 1880 61 35 vid
877 1880 154 36 flottans
1064 1880 87 37 varf
1175 1880 90 37 ökas
1295 1881 83 36 med
1411 1883 138 46 21,000
1577 1882 141 36 kronor
1745 1881 56 36 till

609 1933 200 45 1,260,000
837 1932 156 45 kronor;
1025 1938 96 31 samt

708 1983 32 48 b)
770 1988 55 31 att
863 1984 163 36 berörda
1067 1983 134 49 anslag
1233 1987 70 45 må,
1332 1985 119 36 under
1480 1985 122 36 vilkor
1630 1985 41 36 af
1695 1984 106 37 bifall

604 2034 56 36 till
687 2035 100 36 hvad
815 2035 186 36 utskottet
1028 2035 11 36 i
1068 2036 119 49 punkt
1216 2038 59 34 8:o
1305 2036 40 36 af
1367 2037 103 36 detta
1488 2036 193 37 utlåtande
1701 2037 99 36 före-

605 2086 84 47 slår,
732 2087 179 48 uppföras
953 2087 85 36 med
1073 2087 200 36 förändrad
1303 2088 230 48 benämning
1561 2088 41 36 af
1627 2088 172 36 »flottans

604 2137 207 48 underhåll,
845 2138 422 48 reservationsanslag».

292 2352 64 29 Bih.
382 2353 45 28 till
454 2352 91 28 Riked.
570 2352 74 28 Prot.
674 2352 87 29 1S93.
807 2354 19 26 4
849 2352 85 29 Saml.
985 2351 12 29 1
1022 2354 69 35 Afd.
1136 2352 19 28 4
1178 2353 85 37 IHift.

1738 2355 17 28 tr
