2214 2682
402 223 20 30 4
814 218 405 33 Konstitutionsutskottets
1253 216 171 34 Utlåtande
1448 217 65 32 N:o
1539 219 50 31 12.

402 306 227 46 Konungens
658 304 66 35 och
752 303 223 47 Riksdagens
1003 302 165 36 inbördes
1196 302 281 47 magtställning.
1535 301 179 36 Behofvet
1751 302 36 34 af
1825 314 43 22 en
1898 302 101 48 dylik

402 358 347 50 grundlagsändring
777 358 70 35 kan
872 357 177 36 utskottet
1078 358 30 47 ej
1140 368 82 25 anse
1242 369 82 23 vara
1343 355 223 49 ådagalagdt.
1606 355 266 37 Motionärerna
1890 356 109 36 hafva

401 414 77 35 icke
507 415 46 47 på
581 415 111 45 något
719 414 70 34 sätt
817 413 103 41 visat,
944 414 54 33 att
1026 412 42 35 de
1098 412 35 34 af
1152 412 209 46 Konungen
1382 411 205 35 meddelade
1607 410 392 48 ordningsföreskrifter

401 469 13 34 i
442 467 230 36 förevarande
707 471 103 32 ämne
843 466 228 36 öfverskridit
1099 466 94 34 hvad
1229 477 77 23 som
1335 465 174 35 erfordras
1538 465 54 35 för
1621 464 312 49 upprätthållande
1962 465 37 35 af

402 522 131 37 allmän
575 522 154 47 ordning
761 521 72 35 och
872 521 54 35 för
963 520 291 36 förekommande
1291 520 38 35 af
1365 519 401 47 församlingsfrihetens
1809 519 188 35 missbruk.

402 577 87 36 Men
518 576 105 36 äfven
652 589 59 22 om
739 574 211 37 hithörande
979 574 220 48 stadganden
1227 574 13 35 1
1264 574 90 34 vissa
1382 573 191 36 afseenden
1601 573 115 35 skulle
1742 573 124 35 kräfva
1885 586 44 22 en
1949 586 50 35 ny

401 631 241 48 lagstiftning,
672 632 38 34 så
737 633 38 32 är
798 629 61 36 det
882 641 129 35 genom
1039 629 151 47 ändring
1219 628 36 35 af
1275 628 98 35 dessa
1393 627 231 48 stadganden,
1642 627 142 36 rättelse
1804 627 64 36 bör
1886 627 112 36 åstad-

402 687 173 42 kommas,
615 685 66 36 och
720 697 43 23 en
801 684 207 47 förändring
1040 684 13 34 i
1085 683 222 47 grundlagen
1336 683 54 34 för
1419 682 98 35 detta
1545 682 164 35 ändamål
1736 682 70 35 kan
1837 683 30 45 ej
1898 694 101 22 anses

402 739 212 46 nödvändig.

509 792 57 37 Då
603 792 145 45 således,
788 791 113 48 enligt
938 790 195 37 utskottets
1170 790 104 47 åsigt,
1305 790 52 35 ett
1385 788 232 37 bekräftande
1646 789 37 35 af
1711 788 287 48 församlingsfri-

401 848 108 35 heten
547 859 128 35 genom
714 846 193 47 intagande
944 846 13 34 i
994 845 22 46 $
1050 846 44 34 16
1130 843 322 48 regeringsformen
1482 843 37 35 af
1547 844 53 34 ett
1628 842 148 36 allmänt
1803 842 195 48 stadgande

402 902 122 35 derom
561 902 31 46 ej
632 904 38 32 är
706 900 183 46 behöfigt,
926 899 60 35 vid
1020 899 60 35 det
1108 898 220 36 förhållande
1357 899 53 34 att
1438 896 383 48 församlingsfriheten
1850 897 64 35 hos
1943 908 55 24 oss

401 956 106 35 äfven
544 957 87 34 utan
669 954 101 48 dylik
807 953 246 36 bestämmelse
1091 964 99 23 anses
1228 952 55 35 för
1320 952 134 47 gifven,
1489 953 92 33 samt
1609 951 44 35 då
1681 951 178 35 utskottet
1887 950 113 36 håller

402 1010 84 42 före,
525 1010 54 34 att
615 1008 106 36 äfven
757 1021 57 22 om
849 1020 42 23 en
922 1007 188 36 förändrad
1137 1006 230 48 lagstiftning
1395 1005 115 35 skulle
1539 1017 82 23 vara
1649 1004 37 35 af
1713 1004 115 36 nöden
1857 1005 13 34 1
1898 1004 101 47 fråga

402 1077 59 22 om
489 1063 229 36 förevarande
747 1061 403 48 ordningsföreskrifter,
1181 1060 116 36 denna
1324 1059 110 36 likväl
1462 1060 31 47 ej
1524 1058 159 50 påkallar
1710 1058 68 36 den
1798 1058 199 47 föreslagna

401 1118 254 47 förändringen
683 1117 13 35 i
721 1115 248 49 grundlagen,
1000 1115 55 36 får
1078 1115 179 35 utskottet
1285 1113 196 45 hemställa,

935 1224 53 34 att
1025 1222 240 45 förevarande,
1304 1221 37 35 af
1377 1221 120 35 herrar
1534 1220 135 35 Vahlin
1698 1220 65 35 och
1792 1219 206 36 Andersson

829 1277 126 36 väckta
983 1276 138 36 motion
1148 1276 77 35 icke
1254 1276 112 35 måtte
1394 1275 57 35 till
1479 1276 119 46 någon
1627 1274 224 47 Riksdagens
1875 1273 124 48 åtgärd

828 1331 192 36 föranleda.

509 1403 209 37 Stockholm
747 1403 69 36 den
848 1405 45 34 28
925 1402 89 49 april
1046 1403 112 35 1890.

979 1511 51 34 På
1054 1509 194 36 utskottets
1272 1512 149 43 vägnar:

1049 1671 41 35 O.
1119 1670 231 36 BERGIUS.

510 1907 136 36 Herrar
673 1904 182 37 Månsson
883 1906 67 35 och
977 1903 156 36 WNilsson
1160 1904 108 35 hafva
1296 1904 125 47 begärt
1448 1903 36 35 få
1513 1902 227 45 antecknadt,
1771 1904 54 34 att
1853 1902 43 36 de
1920 1902 77 36 icke

403 1962 151 47 deltagit
589 1962 13 34 i
638 1960 99 36 detta
773 1960 145 35 ärendes
955 1958 220 47 behandling
1211 1958 99 34 inom
1347 1957 189 44 utskottet,
1576 1957 68 35 den
1683 1957 92 35 förre
1803 1957 13 35 i
1844 1957 91 47 följd
1963 1957 37 34 af

403 2017 110 34 annat
549 2016 133 34 honom
720 2014 37 35 af
792 2013 206 47 Riksdagen
1036 2012 203 35 meddeladt
1273 2011 164 48 uppdrag
1466 2011 65 35 och
1560 2011 68 35 den
1657 2023 122 23 senare
1807 2012 46 46 på
1881 2010 117 48 grund

402 2070 38 35 af
467 2068 156 49 beviljad
650 2068 160 48 ledighet
837 2067 80 36 från
945 2065 378 49 riksdagsgöromålen.

803 2316 160 32 Stockholm,
984 2315 150 26 Gernandts
1154 2313 348 34 Boktryckeri-Aktiebolag,
1524 2313 76 26 1890.
