2202 2610
453 154 110 30 Andra
588 155 195 31 kammarens
806 158 94 28 andra
924 157 162 42 tillfälliga
1110 159 124 31 utskotts
1257 160 164 31 utlåtande
1444 162 50 30 Nr
1519 164 29 29 9.
1745 165 19 29 9

195 234 154 42 begagna
383 235 53 42 sig
467 247 42 20 av
544 237 62 31 den
641 237 147 33 sålunda
824 239 171 32 bestämda
1026 241 139 38 inlösen,
1191 243 111 32 skulle
1326 244 87 31 inom
1439 247 49 29 ett
1511 245 38 31 år
1572 246 72 31 från
1671 246 132 33 författ-

194 277 140 41 ningens
369 278 66 41 dag
468 278 114 32 därom
617 280 61 31 hos
714 280 339 43 kammarkollegium
1087 284 82 32 eller
1205 285 209 42 Konungens
1439 287 366 42 befallningshavande

193 324 81 36 göra
297 321 167 30 anmälan.

331 361 85 32 Kort
439 362 94 32 förut
560 363 82 31 eller
666 364 60 31 den
753 366 17 29 5
791 364 77 42 juni
895 367 78 30 1885
999 366 93 39 hade,
1118 367 99 32 sedan
1243 369 180 41 riksdagen
1442 371 153 40 godkänt
1618 384 41 19 av
1678 369 125 50 Kungl.

194 402 97 41 Maj:t
313 402 116 32 därom
453 405 163 38 framlagt
641 406 136 41 förslag,
803 407 168 31 utfärdats
996 408 116 42 kungl.
1138 411 225 40 kungörelsen
1388 416 170 37 angående
1582 415 222 42 nedsättning

194 445 10 29 i
228 445 40 30 de
301 446 43 40 på
379 447 69 30 viss
469 446 76 41 jord
570 448 135 31 vilande
727 448 251 41 grundskatter,
1007 450 109 42 enligt
1139 452 112 31 vilken
1279 453 201 40 kungörelse
1504 456 225 42 nedsättning
1755 460 48 28 uti

193 485 62 32 den
290 486 127 32 kronan
450 488 155 31 behållna
628 491 208 39 grundskatt
860 492 20 29 äå
905 492 152 30 hemman
1081 493 59 30 och
1165 494 197 40 lägenheter
1385 507 42 19 av
1451 496 217 32 skattenatur
1691 499 113 32 skulle

192 532 65 35 äga
291 539 74 20 rum
390 530 73 30 med
487 531 118 30 trettio
630 535 136 36 procent
790 542 41 20 av
855 533 273 39 grundskattens
1152 535 131 42 belopp,
1307 537 116 30 vilken
1447 540 223 40 nedsättning
1691 541 111 31 skulle

192 568 134 31 inträda
350 570 75 30 från
449 571 56 31 och
533 572 71 31 med
629 582 40 20 är
694 575 89 29 1886.

327 611 53 31 Då
418 612 201 41 riksdagens
651 614 113 31 beslut
798 625 50 20 om
883 615 129 32 inlösen
1047 617 52 31 för
1123 618 208 32 statsverket
1354 630 42 20 av
1419 619 383 36 skattefrälseräntorna

192 651 275 43 huvudsakligen
501 655 181 32 föranletts
717 668 42 19 av
792 656 63 31 den
893 661 40 38 på
967 659 150 31 rättvisa
1151 660 58 30 och
1239 660 160 42 billighet
1422 663 177 39 grundade
1623 665 101 35 åsikt,
1749 669 53 28 att

189 693 264 43 ifrågavarande
476 698 223 40 räntegivare,
730 699 111 30 vilkas
867 702 124 34 räntor,
1016 701 184 31 oberoende
1224 714 42 19 av
1290 703 96 32 deras
1410 706 184 41 samtycke,
1619 708 181 31 överlåtits

189 736 74 32 från
299 737 129 32 kronan
464 739 9 30 i
509 740 133 30 enskild
678 745 71 36 ägo,
774 740 109 32 skulle
907 742 131 31 komma
1062 742 11 31 i
1097 744 205 41 åtnjutande
1327 756 41 21 av
1392 757 128 21 samma
1543 748 163 42 lindring,
1731 761 69 20 som

189 779 107 31 under
319 791 115 20 senare
457 781 89 31 tider
571 781 83 32 hade
677 782 141 31 kommit
841 784 118 41 övriga
983 786 214 39 räntegivare
1221 789 51 29 till
1295 787 65 38 del,
1385 794 88 25 samt
1495 795 102 36 ägare
1614 801 42 20 av
1674 791 125 33 skatte-

189 821 271 39 frälsehemman,
495 823 111 31 vilkas
641 828 98 27 ränta
764 825 103 32 blivit
891 837 41 20 av
957 831 112 27 staten
1093 828 115 38 inlöst,
1233 829 195 42 därigenom
1452 832 56 30 och
1535 832 42 31 då
1602 832 197 34 hemmanen

189 862 11 30 i
224 862 59 32 och
320 865 72 29 med
427 866 107 30 denna
558 865 128 32 iolösen
711 866 141 32 erhållit
875 867 219 33 skattenatur
1118 870 70 31 dels
1214 871 202 41 berätvgats
1440 875 50 29 att
1513 875 142 40 erlägga
1678 880 120 27 rantan

188 904 86 31 efter
296 904 76 32 dess
396 908 208 39 omsättning
627 908 11 30 i
662 909 188 40 penningar
873 910 60 30 och
959 911 142 41 fixering
1124 915 87 27 samt
1234 913 71 31 dels
1329 914 139 30 kommit
1492 914 10 31 i
1526 916 202 38 åtnjutande
1755 929 44 19 av

188 946 62 30 den
285 947 172 31 beslutade
491 949 268 38 avskrivningen
795 951 73 30 med
889 952 116 31 trettio
1029 956 138 38 procent
1191 955 42 39 på
1255 955 303 40 grundskatterna,
1583 957 110 32 beslöt
1717 961 79 30 1887

187 988 56 31 års
266 988 152 42 riksdag,
440 989 57 32 till
522 990 217 42 utjämnande
762 991 12 31 i
796 992 186 42 görligaste
1006 995 79 30 mån
1109 1006 42 20 av
1167 995 173 33 ulikheten
1359 1000 121 28 mellan
1497 1000 39 29 de
1555 999 107 41 bägge
1679 1001 117 41 slagen

186 1040 44 21 av
262 1035 223 37 räntegivare,
519 1034 53 29 att
605 1032 204 33 innehavare
839 1046 42 19 av
904 1035 388 41 skattefralsehemman,
1317 1039 114 32 vilkas
1453 1045 120 27 räntor
1597 1042 73 31 icke
1694 1044 102 33 blivit

187 1082 44 21 av
253 1076 111 28 staten
387 1074 133 39 inlösta,
544 1075 112 31 skulle
679 1087 42 20 av
744 1079 109 28 staten
876 1077 131 32 erhålla
1030 1080 204 40 ersättning,
1258 1082 236 32 motsvarande
1518 1084 117 31 trettio
1657 1089 140 38 procent

186 1125 43 21 av
253 1116 119 30 värdet
396 1127 43 19 av
463 1116 39 32 de
524 1117 334 34 skattefrälseräntor
881 1120 39 31 de
944 1121 58 30 till
1025 1124 224 39 ränteägarn=
1275 1123 154 32 utbetalt.

319 1157 72 31 Till
424 1159 267 42 verkställighet
722 1172 43 20 av
799 1164 96 29 «detta
930 1163 199 42 riksdagens
1163 1165 107 31 beslut
1293 1166 218 32 förordnades
1534 1179 117 30 genom
1678 1165 115 51 kungl.

184 1199 228 41 kungörelsen
447 1201 62 31 den
544 1204 18 28 3
595 1202 150 32 februari
782 1204 88 38 185X8,
895 1208 52 27 att
970 1210 100 36 ägare
1094 1216 41 21 av
1159 1207 380 40 skattefrälsehemman,
1565 1221 78 21 vars
1667 1212 126 32 skatte-

185 1240 213 39 frälseränta,
423 1242 106 32 ehuru
552 1247 147 28 varande
722 1256 43 20 av
789 1245 62 31 den
877 1246 237 39 beskattenhet,
1140 1259 70 20 som
1226 1250 142 41 avsåges
1385 1251 10 30 i
1413 1252 124 40 nådiga
1553 1252 240 44 förordningen

185 1282 61 32 den
288 1286 31 28 11
355 1285 184 40 september
571 1287 90 35 1585,
686 1286 72 32 icke
782 1287 101 32 blivit
906 1299 42 20 av
971 1290 210 32 statsverket
1205 1291 113 39 inlöst,
1342 1293 111 31 skulle
1476 1295 75 29 från
1575 1294 59 31 och
1660 1297 72 30 med
1757 1298 37 30 år

186 1326 79 31 1888
300 1336 42 20 av
376 1327 195 31 statsmedel
604 1328 134 31 erhålla
771 1332 192 39 ersättning
997 1332 73 31 med
1104 1335 119 29 trettio
1250 1340 138 35 procent
1411 1346 42 20 av
1475 1335 109 32 denna
1607 1343 109 32 ränta,
1741 1350 50 20 om

184 1366 63 32 den
281 1367 74 31 med
390 1368 187 42 penningar
610 1370 147 42 utgjorts
783 1371 83 31 elier
889 1383 51 19 om
964 1373 60 30 den
1052 1376 113 38 utgått
1189 1375 71 31 helt
1283 1376 60 31 och
1368 1377 107 31 hållet
1498 1378 82 31 eller
1604 1379 55 30 till
1685 1381 109 40 någon

184 1409 55 31 del
263 1409 9 31 i
296 1410 184 41 persedlar,
504 1421 43 21 av
569 1415 122 28 värdet
714 1413 20 30 å
757 1412 190 33 densamma
973 1415 85 31 efter
1082 1417 367 42 arsmarkegångspris,
1473 1421 75 30 med
1572 1420 222 43 iakttagande

183 1450 110 32 likväl
326 1462 45 21 av
404 1452 56 31 det
484 1453 129 44 belopp,
638 1465 68 21 som
732 1459 151 36 er-atte=,
908 1456 73 31 icke
1005 1457 89 42 finge
1117 1460 171 40 överstiga
1311 1462 116 30 trettio
1450 1465 136 38 procent
1609 1474 43 20 av
1674 1465 120 32 vardet

184 1493 85 31 efter
291 1505 128 20 samma
442 1494 72 42 pris
537 1496 20 31 å
580 1500 132 35 räntan,
736 1498 102 31 sådan
863 1498 60 31 den
950 1499 104 32 blivit
1078 1500 126 32 kronan
1229 1502 144 31 avhänd.

317 1535 129 33 Genom
481 1538 103 42 nådig
615 1539 201 32 kungörelse
840 1542 62 30 den
928 1543 37 28 13
987 1541 67 41 juli
1080 1544 77 30 1887
1182 1543 218 33 förordnades
1423 1545 12 31 i
1458 1548 336 32 överensstämmelse

184 1578 75 30 med
292 1578 201 42 1riksdagens
528 1591 42 31 pa
604 1581 154 32 enskilda
793 1583 220 32 morionärers
1047 1584 131 41 förslag
1209 1586 131 31 fattade
1365 1587 119 39 beslut,
1508 1593 55 27 att
1587 1589 62 31 den
1673 1601 119 30 genom

183 1620 125 40 nådiga
342 1621 240 39 förordningen
608 1623 63 31 den
700 1626 33 29 11
759 1625 187 41 september
972 1627 78 31 1885
1077 1626 175 33 bestamda
1277 1629 127 32 inlösen
1430 1641 41 20 av
1495 1630 296 34 skattefralserän.

181 1664 56 29 tor
270 1663 88 40 finge
392 1664 212 33 fortfarande
630 1671 65 36 äga
717 1677 84 25 rum,
826 1667 110 31 därest
959 1668 248 33 vederbörande
1231 1676 100 35 ägare
1355 1672 114 31 därom
1493 1673 119 41 gjorde
1635 1676 153 30 anmälan

182 1704 87 30 inom
295 1705 174 41 utgången
493 1717 43 20 av
559 1709 39 29 år
622 1709 90 37 1888,
737 1709 69 37 och,
831 1709 164 32 likaledes
1020 1710 11 31 i
1055 1713 332 32 överensstämmelse
1403 1718 69 27 med
1492 1716 196 41 riksdagens
1704 1717 88 31 efter

181 1746 132 31 enskild
348 1749 124 30 motion
507 1749 133 32 fattade
670 1750 119 37 beslut,
814 1753 206 31 utsträcktes
1043 1764 120 30 genom
1189 1755 115 41 kungl.
1329 1755 223 43 kungörelsen
1575 1758 61 31 den
1661 1761 38 30 29
1724 1759 64 42 maj

183 1789 78 30 1891
287 1789 91 31 tiden
402 1791 53 30 för
478 1790 99 41 dylik
600 1793 158 31 anmälan
782 1793 58 31 till
864 1795 170 39 utgången
1061 1806 41 21 av
1127 1797 38 30 år
1193 1798 86 30 1897.

314 1830 74 32 Den
413 1834 18 29 2
454 1832 173 33 december
655 1836 76 30 1892
756 1836 198 31 utfärdades
978 1837 99 41 lagen
1100 1839 174 41 angående
1297 1839 227 44 avskrivning
1547 1853 43 20 av
1614 1842 40 31 de
1678 1843 20 31 &
1720 1844 70 31 viss

180 1871 72 42 jord
285 1873 137 32 vilande
457 1875 248 41 grundskatter
734 1877 60 31 och
819 1880 62 29 vad
908 1878 132 33 därmed
1067 1885 80 35 äger
1170 1882 257 42 sammanhang;
1452 1883 58 32 och
1535 1884 220 33 förordnades
1778 1885 12 31 i

179 1916 20 29 4
233 1917 18 37 8
285 1925 42 21 av
362 1916 110 32 denna
504 1917 68 42 Jag,
607 1923 53 27 att
694 1919 62 31 den
790 1921 203 39 ersättning,
1028 1933 69 20 som
1137 1922 134 33 jämlikt
1294 1925 117 41 kungl.
1436 1926 223 41 kungörelsen
1685 1927 105 32 den
1771 1912 23 59 3

179 1956 148 32 februari
356 1959 76 31 1858
456 1959 101 32 borde
580 1962 86 40 utgå
689 1962 56 30 till
769 1967 102 33 ägare
895 1973 41 21 av
961 1930 383 78 Skattefrälsehemman,
1367 1978 76 20 vars
1460 1968 328 40 skattefrälseränta,

178 1998 109 32 ehuru
320 2001 149 32 varande
502 2013 43 19 av
580 2002 60 31 den
677 2003 243 38 beskaffenhet,
955 2017 70 20 som
1057 2008 141 41 avsåges
1221 2007 10 32 1
1256 2008 118 37 kungl.
1400 2011 239 41 förordningen
1663 2011 62 33 den
1756 2014 32 29 11

178 2041 187 41 september
392 2045 87 36 1885,
501 2043 72 33 icke
599 2045 100 31 blivit
722 2057 41 19 av
787 2048 205 32 statsverket
1015 2049 113 39 in'öst,
1153 2050 120 37 skulle,
1300 2052 70 31 med
1395 2052 224 42 iakttagande
1642 2053 12 31 i
1677 2054 113 32 övrigt

177 2092 44 21 av
256 2083 295 34 bestämmelserna
585 2086 11 31 i
622 2088 144 31 nämnda
795 2089 209 41 kungörelse,
1029 2092 83 39 utgå
1135 2092 75 31 fran
1234 2092 58 32 och
1320 2095 72 30 med
1417 2095 38 31 år
1479 2097 80 30 1893
1583 2095 75 31 med
1682 2097 107 41 fyrtio

177 2128 147 38 prorent,
359 2126 74 31 från
470 2127 60 32 och
564 2129 74 31 med
673 2131 39 29 år
748 2132 79 30 1894
854 2131 75 31 med
952 2133 119 30 f-mtio
1098 2139 144 36 procent,
1267 2136 74 31 från
1367 2136 60 31 och
1451 2137 74 31 med
1549 2138 38 30 år
1613 2140 78 30 1896
1716 2139 73 31 med

178 2169 109 29 sextio
321 2173 148 37 procent,
503 2170 74 32 från
604 2171 59 31 och
690 2172 73 31 med
786 2174 38 30 år
848 2175 79 30 1898
952 2175 73 31 med
1049 2175 123 42 sjuttio
1196 2181 145 37 procent,
1365 2178 74 31 från
1464 2179 58 31 och
1548 2180 73 31 med
1644 2182 39 29 år
1711 2183 77 30 1900

177 2209 73 32 med
272 2210 90 32 åttio
385 2216 139 37 procent
546 2212 62 32 och
632 2214 77 31 från
731 2215 60 31 och
818 2216 72 31 med
914 2217 37 30 år
977 2218 79 31 1902
1081 2218 74 31 med
1172 2219 99 31 nittio
1289 2224 136 38 procent
1442 2232 43 20 av
1501 2224 141 29 räntans
1659 2223 129 43 belopp,

311 2269 130 43 Bihang
464 2271 47 31 till
532 2272 184 42 riksdagens
733 2274 159 42 protokoll
914 2277 92 30 1918.
1043 2278 41 30 13
1101 2278 89 30 saml.
1225 2280 22 29 2
1262 2280 69 30 avd.
1367 2281 20 30 &
1409 2280 81 43 häft.
1515 2280 65 39 (Nr
1597 2283 42 37 9).
1727 2284 18 30 2
