1916 2794
539 139 116 32 Andra
676 138 238 37 lagutskottets
937 138 176 32 utlåtande
1135 146 43 22 nr
1203 137 48 30 46.
1560 131 74 30 "23

128 226 217 36 erbjudande
366 228 50 28 att
437 224 117 31 utföra
580 224 67 31 viss
673 223 107 36 tjänst
803 223 58 30 vill
884 222 59 37 jag
966 221 197 37 framhålla,
1190 225 49 28 att
1261 221 112 31 ehuru
1397 219 105 38 något
1527 220 108 30 större

131 280 173 32 utrymme
332 275 55 31 för
416 274 218 37 tillämpning
659 283 44 21 av
732 273 114 34 denna
872 273 186 36 utvidgade
1085 273 172 35 spärregel
1285 281 42 21 av
1354 271 181 37 praktiska
1561 270 76 32 skäl

134 327 173 36 knappast
325 326 201 36 förefinnes,
544 325 117 37 regeln
678 325 11 30 i
709 323 98 38 fråga
828 324 91 31 dock
937 324 98 31 torde
1054 324 120 30 kunna
1192 322 93 31 bliva
1304 332 43 21 av
1365 321 70 32 viss
1452 321 184 37 betydelse.

175 378 73 31 Den
275 388 42 21 av
344 375 380 38 landsorganisationen
747 375 188 31 förordade
958 374 195 37 ytterligare
1178 372 234 37 skärpningen
1436 381 43 22 av
1502 381 50 22 nu
1578 371 56 31 be-

129 430 104 30 rörda
249 428 260 32 bestämmelser
528 429 40 30 är
584 427 58 37 jag
660 426 77 31 icke
755 426 130 31 beredd
900 428 52 28 att
969 429 79 32 taga
1069 424 162 37 ställning
1252 424 50 32 till
1325 424 6 30 i
1350 424 93 30 detta
1459 431 174 23 samman-

130 481 102 36 hang.

175 531 121 31 Såsom
316 529 255 32 understrukits
589 528 112 31 under
717 527 379 36 remissbehandlingen
1117 527 39 30 är
1175 526 56 32 det
1252 526 187 36 angeläget,
1461 528 49 28 att
1531 524 42 31 de
1592 533 44 21 av

133 582 71 37 mig
226 582 187 31 förordade
436 591 70 26 nya
528 580 306 31 bestämmelserna
855 579 152 31 rörande
1026 578 269 36 priskontrol!en
1317 577 174 35 tillämpas
1513 575 46 37 på
1586 575 51 31 så-

132 632 86 32 dant
242 634 76 34 sätt,
343 636 49 27 att
416 631 108 37 några
550 630 445 37 produktionshämmande
1019 628 209 37 verkningar
1253 627 78 32 icke
1354 627 147 31 inträda.
1529 626 107 37 Själv-

132 684 99 31 fallet
247 684 64 30 bör
326 682 280 38 bemyndigande
620 685 52 28 att
691 681 167 31 förordna
875 690 58 21 om
950 679 176 37 sänkning
1144 689 42 20 av
1205 678 151 37 stoppris
1372 678 83 31 eller
1471 688 59 21 om
1552 677 85 37 pris-

134 734 219 31 fastställelse
379 734 4 31 i
404 733 172 31 samband
595 733 82 30 med
697 732 100 36 spärr
816 731 11 31 i
850 730 170 38 utövning
1040 740 43 21 av
1104 730 68 30 viss
1194 729 221 31 verksamhet
1438 729 136 30 lämnas
1596 738 43 21 av

133 786 124 36 Kungl.
285 784 101 37 Maj:t
409 783 82 32 från
512 784 63 30 fall
598 783 50 31 till
676 782 72 32 fall.

175 837 126 31 Vidare
319 845 102 22 anser
438 835 59 37 jag
515 834 71 37 mig
606 835 85 30 böra
713 833 142 31 förorda
877 833 57 31 det
953 842 44 21 av
1017 830 402 38 priskontrollnämnden
1441 829 195 37 framlagda

132 887 164 36 förslaget
319 895 57 21 om
401 884 220 37 förlängning
642 894 42 21 av
706 884 135 36 längsta
864 882 271 38 prisstopptiden
1148 881 80 31 från
1242 886 49 26 tre
1304 881 50 31 till
1368 891 58 21 sex
1438 880 197 32 månader.»

779 997 208 45 Lagrådet.

176 1090 170 38 Lagrådet
367 1090 66 31 har
456 1090 131 30 lämnat
609 1088 220 37 lagförslaget
852 1092 86 27 utan
960 1087 146 31 erinran.

750 1203 265 34 Motionerna.

178 1296 256 31 Motionärerna
454 1295 46 30 ha
519 1294 12 31 i
550 1294 216 31 motionerna
786 1293 187 31 framställt
993 1292 156 39 följande
1168 1291 191 38 yrkanden.

178 1347 14 30 I
210 1347 43 30 de
271 1345 223 38 likalydande
512 1345 216 30 motionerna
746 1344 27 30 1:
791 1345 60 29 112
869 1344 67 30 och
955 1343 45 30 II:
1018 1344 60 29 193
1097 1341 155 37 föreslås,
1277 1342 90 30 »dels
1388 1346 48 27 att
1456 1341 184 36 riksdagen

133 1398 12 30 i
166 1397 162 31 skrivelse
346 1396 50 30 till
419 1396 123 36 Kungl.
561 1395 103 36 Maj:t
682 1394 199 31 hemställer
897 1403 59 21 om
976 1393 220 31 omedelbara
1215 1392 160 37 åtgärder
1392 1393 57 29 för
1467 1402 44 20 en
1531 1391 109 31 effek-

134 1448 174 35 tivisering
330 1447 66 30 och
418 1445 191 37 skärpning
629 1455 43 21 av
694 1445 66 30 den
782 1444 136 36 statliga
939 1444 271 37 priskontrollen
1231 1443 127 30 liksom
1382 1442 57 31 för
1459 1452 45 22 en
1524 1442 116 30 demo-

132 1497 206 36 kratisering
361 1506 42 21 av
423 1495 418 38 priskontrollnämndens
864 1493 322 37 sammansättning,
1210 1494 72 31 dels
1303 1493 65 30 ock
1388 1497 50 26 att
1458 1493 184 36 riksdagen

134 1549 11 29 i
167 1548 164 31 skrivelse
350 1547 49 31 till
420 1547 122 36 Kungl.
565 1546 101 36 Maj:t
684 1546 199 30 hemställer
902 1554 60 21 om
980 1544 190 37 skyndsam
1191 1543 185 38 utredning
1393 1552 59 22 om
1473 1543 68 31 den
1559 1545 80 29 stat-

134 1599 67 36 liga
224 1598 286 37 priskontrollens
529 1597 143 30 framtid
691 1596 65 30 och
776 1596 162 31 fortsatta
957 1595 266 36 organisation».

180 1650 14 29 I
224 1648 216 32 motionerna
469 1648 28 30 I:
513 1648 62 30 324
604 1647 65 30 och
699 1647 46 30 II:
760 1647 74 35 478,
862 1647 94 29 vilka
987 1647 61 29 äro
1075 1645 232 37 likalydande,
1335 1646 208 35 hemställes,
1575 1648 68 27 »att

135 1700 184 36 riksdagen
338 1699 57 30 vid
415 1698 211 36 behandling
646 1707 43 21 av
711 1696 261 38 propositionen
993 1706 43 20 nr
1057 1697 61 30 257
1144 1697 79 30 med
1243 1695 131 37 förslag
1393 1696 52 30 till
1464 1695 177 37 prisregle-

135 1751 151 36 ringslag
307 1749 106 31 måtte
432 1749 83 38 dels,
537 1749 78 29 med
635 1747 99 31 bifall
754 1748 51 30 till
823 1747 164 36 förslaget
1006 1747 11 30 i
1039 1747 113 31 denna
1172 1747 64 35 del,
1256 1747 133 30 besluta
1410 1750 49 27 att
1480 1748 18 28 2
1520 1747 28 37 8,
1571 1747 19 29 9
1612 1746 29 37 8,

138 1802 37 29 11
198 1802 18 36 8
239 1802 19 29 3
278 1809 103 22 mom.
404 1803 91 27 samt
517 1800 36 29 17
579 1799 18 37 8
620 1798 109 31 första
751 1798 133 36 stycket
905 1796 107 32 måtte
1030 1796 81 38 utgå
1131 1806 42 21 ur
1191 1797 160 36 gällande
1370 1796 271 37 prisreglerings-

135 1851 65 36 lag,
224 1851 72 31 dels
317 1849 95 31 avslå
435 1850 163 35 förslaget
620 1849 49 30 till
691 1848 188 36 ändringar
898 1848 11 29 i
933 1848 215 30 sistnämnda
1169 1848 56 35 lag
1245 1848 11 30 i
1277 1847 119 36 övrigt,
1419 1846 72 31 dels
1515 1847 65 29 ock
1599 1864 44 4 —

135 1902 80 29 med
238 1900 194 31 beaktande
452 1909 42 21 av
514 1899 10 30 i
545 1899 216 30 motionerna
780 1898 195 30 framförda
999 1898 215 36 synpunkter
1233 1915 45 3 —
1299 1897 142 30 förorda
1462 1907 43 20 en
1526 1897 114 31 smidi-

134 1960 83 28 gare
247 1950 219 36 tillämpning
496 1960 42 20 av
569 1950 109 35 lagen,
710 1948 37 31 så
777 1952 49 27 att
858 1949 112 29 bättre
1000 1947 257 37 prisrelationer
1286 1946 260 32 åstadkommas
1577 1947 65 30 och

135 2010 267 28 gynnsammare
420 1999 287 37 förutsättningar
726 2000 126 35 skapas
870 1998 55 31 för
942 1998 211 37 produktion
1171 2007 42 22 av
1232 1997 409 37 nödvändighetsvaror»>.

183 2052 255 30 Motionärerna
479 2050 11 30 i
526 2049 175 32 motionen
742 2049 44 31 II:
802 2050 63 29 479
902 2049 194 35 hemställa,
1134 2052 49 27 att
1220 2048 185 37 riksdagen
1443 2048 201 37 godkänner

139 2103 122 36 Kungl.
289 2101 118 39 Maj:ts
434 2100 214 38 proposition
673 2110 43 20 nr
745 2101 61 29 257
835 2100 79 29 med
942 2099 151 36 tillägget
1120 2103 49 26 att
1197 2099 10 30 i
1234 2099 101 36 lagen
1359 2099 131 36 intages
1519 2109 43 20 en
1587 2099 55 29 be-

139 2153 196 30 stämmelse
358 2161 58 21 om
439 2149 334 38 produktionstvång
795 2150 10 30 i
829 2150 152 36 enlighet
1003 2150 79 30 med
1105 2149 9 30 i
1136 2149 178 30 motionen
1337 2149 148 36 angivna
1510 2149 131 30 riktlin-

138 2202 53 40 jer
209 2206 90 28 samt
316 2205 49 28 att
382 2202 166 30 utskottet
565 2200 107 31 måtte
691 2200 188 30 formulera
901 2209 41 21 en
963 2199 108 31 sådan
1090 2200 241 30 bestämmelse
1348 2199 109 38 jämte
1476 2199 167 30 erforder-

139 2253 45 36 lig
206 2252 394 31 ansvarsbestämmelse.

184 2344 65 31 Vid
278 2345 83 29 1946
388 2344 56 30 års
469 2343 140 36 riksdag
636 2342 139 30 väcktes
802 2340 55 32 två
883 2341 223 36 likalydande
1135 2340 178 35 motioner,
1343 2350 40 20 nr
1413 2341 61 29 188
1500 2341 10 29 i
1537 2340 107 30 första

141 2396 203 30 kammaren
365 2403 42 21 av
428 2394 121 29 herrar
568 2388 138 35 Öhman
725 2392 64 30 och
809 2392 162 30 Linderot
991 2391 64 30 och
1074 2400 42 21 nr
1136 2392 64 29 268
1221 2391 10 29 i
1250 2391 110 29 andra
1379 2390 206 30 kammaren
1603 2400 42 20 av

141 2446 80 30 herr
244 2445 158 36 Hagberg
427 2444 10 29 i
461 2442 105 31 Luleå
589 2452 44 21 m.
659 2443 47 35 fl.,
730 2442 9 30 i
763 2442 93 30 vilka
882 2442 170 30 motioner
1077 2441 147 37 yrkades
1248 2444 48 27 att
1318 2440 184 36 riksdagen
1526 2441 10 29 i
1559 2440 85 31 skri-
