1882 2776
253 171 36 30 12
330 167 17 52 -
356 172 240 30 Sammansatt
615 172 222 40 bevillnings-
856 173 63 29 och
937 173 349 42 jordbruksutskotts
1308 174 179 30 utlåtande
1506 184 43 21 nr
1570 177 14 28 1
1606 175 41 31 år
1666 176 84 30 1958

300 257 111 30 Bland
435 257 173 34 ändamål,
634 267 73 20 som
732 258 188 39 lämpligen
944 258 105 30 borde
1073 259 121 29 kunna
1218 259 200 39 tillgodoses
1443 267 125 31 genom
1592 260 158 29 restitue-

255 307 83 30 rade
357 308 237 35 skattemedel,
613 310 145 28 nämner
775 309 262 30 motionärerna
1053 309 106 30 också
1177 309 299 40 arbetarskyddet.
1496 310 116 39 Enligt
1632 310 118 40 skogs-

256 358 188 39 styrelsens
466 359 141 40 mening
629 359 183 39 föreligger
835 360 119 29 starka
975 360 110 30 motiv
1105 360 55 30 för
1181 370 43 20 en
1247 360 110 30 sådan
1380 360 369 40 medelsanvändning,

254 408 73 30 inte
350 408 107 31 minst
479 409 203 39 därigenom
704 412 50 27 att
776 411 58 29 det
856 411 203 38 tilltagande
1083 411 241 39 utnyttjandet
1347 421 42 19 av
1412 412 179 29 maskiner
1614 412 136 29 medför

254 459 112 30 ökade
387 460 318 39 olycksfallsrisker
725 461 11 29 i
758 461 249 39 skogsarbetet.
1029 462 187 39 Förslagen
1237 462 11 29 i
1270 462 115 30 denna
1406 462 114 39 punkt
1542 462 116 30 finner
1681 464 68 37 sty-

254 510 115 29 relsen
387 510 45 30 ha
452 511 150 29 särskild
621 511 185 30 aktualitet
826 512 78 29 med
924 512 137 39 hänsyn
1081 513 52 29 till
1153 514 50 28 att
1223 513 240 29 motordrivna
1483 513 182 39 fällnings-
1684 513 65 29 och

255 560 264 40 röjningssågar
540 561 10 29 i
572 561 61 30 allt
655 563 109 29 större
785 562 246 40 utsträckning
1052 564 156 29 används
1232 573 41 20 av
1295 564 194 38 ungdomar
1512 564 64 29 och
1599 564 151 29 minder-

254 610 97 40 åriga
367 611 106 40 enligt
490 612 151 30 särskild
659 613 152 39 dispens.

299 661 48 30 På
369 662 63 29 här
454 662 150 40 angivna
626 663 63 29 och
712 663 10 29 i
745 664 296 39 skogsstyrelsens
1063 665 240 39 underdåniga
1327 665 166 31 skrivelse
1517 666 66 29 den
1610 666 37 31 12
1670 666 78 39 juni

256 712 82 30 1957
364 712 148 30 anförda
536 714 76 29 skäl
635 714 153 30 biträder
813 715 277 39 skogsstyrelsen
1113 716 11 28 i
1148 716 61 29 allt
1232 716 187 39 väsentligt
1443 716 41 29 de
1507 716 141 40 förslag,
1674 726 74 20 som

253 762 184 31 framförts
460 763 11 29 i
495 764 229 30 motionerna.
749 765 226 30 Beträffande
1000 766 213 39 föreslagens
1238 767 148 38 detaljer
1411 767 193 39 tillstyrker
1629 767 119 39 styrel-

254 821 60 21 sen

297 864 52 29 att
368 864 253 40 principbeslut
641 865 106 30 fattas
769 866 178 39 angående
968 867 168 30 kollektiv
1156 868 201 29 restitution
1378 876 124 31 genom
1525 869 142 29 särskilt
1689 878 59 20 an-

253 914 74 39 slag
346 914 19 29 å
384 914 127 30 nionde
529 915 222 30 huvudtiteln
771 926 42 20 av
832 917 93 30 skatt
944 918 20 29 å
982 918 134 34 bensin,
1136 927 75 20 som
1231 919 188 30 förbrukas
1440 929 42 20 av
1501 919 217 39 motorsågar
1738 919 10 29 i

253 964 242 40 skogsbruket,
521 974 124 30 genom
670 966 254 41 återbetalning
948 968 73 30 dels
1046 969 205 29 retroaktivt
1277 969 54 30 för
1356 970 205 38 budgetåret
1588 970 159 35 1957/58,

251 1015 74 30 dels
343 1015 131 40 årligen
491 1016 43 30 fr.
553 1026 28 22 o.
600 1027 45 20 m.
662 1017 206 40 budgetåret
887 1019 157 36 1958/59,
1063 1021 49 28 att
1130 1020 174 29 avräknas
1322 1023 73 27 mot
1412 1020 290 35 bilskattemedel,

296 1067 52 28 att
370 1067 207 30 retroaktivt
600 1068 229 30 restituerade
853 1070 112 29 medel
988 1070 128 30 tillförs
1140 1080 42 20 en
1206 1071 55 29 för
1285 1071 200 30 ändamålet
1509 1072 117 29 bildad
1651 1072 98 34 fond,

252 1116 250 40 skogsbrukets
528 1118 340 36 bensinskattefond,
894 1122 50 28 att
969 1121 204 39 disponeras
1198 1122 10 28 i
1233 1122 237 39 huvudsaklig
1495 1124 253 28 överensstäm-

251 1167 108 29 melse
381 1168 77 29 med
480 1168 197 40 föreslagna
698 1170 189 40 riktlinjer,

295 1219 53 28 att
366 1218 130 39 årligen
517 1219 228 31 restituerade
766 1221 113 30 medel
898 1222 182 30 ävenledes
1100 1223 62 29 bör
1181 1223 151 30 tillföras
1353 1224 115 29 denna
1488 1224 85 30 fond
1594 1224 65 30 och
1679 1225 68 29 dis-

251 1277 151 31 poneras
423 1269 55 30 för
498 1270 64 30 här
582 1270 267 40 ifrågavarande
870 1272 173 35 ändamål,

295 1324 52 28 att
368 1324 56 29 det
446 1324 63 30 bör
530 1325 154 39 uppdras
707 1325 35 30 åt
765 1326 277 39 skogsstyrelsen
1066 1329 49 27 att
1137 1327 200 39 ytterligare
1360 1328 123 30 utreda
1507 1328 239 30 förekomsten

251 1382 43 20 av
314 1374 217 39 motorsågar
553 1375 64 30 och
639 1376 108 29 andra
769 1376 76 30 icke
867 1377 215 38 vägslitande
1105 1378 177 30 maskiner
1304 1378 11 29 i
1339 1378 231 39 skogsbruket
1593 1379 64 29 och
1680 1380 68 29 den

249 1424 160 30 häremot
426 1426 170 29 svarande
613 1426 414 40 bensinförbrukningen,
1046 1430 90 27 samt

293 1476 52 27 att
370 1474 53 30 för
446 1475 198 31 omedelbar
668 1476 208 40 disposition
899 1478 138 29 anvisas
1060 1478 124 40 belopp
1208 1479 55 29 för
1285 1479 162 30 vartdera
1470 1489 43 21 av
1535 1480 213 39 budgetåren

252 1525 150 35 1957/58
421 1526 64 29 och
508 1526 148 36 1958/59
676 1527 19 29 å
715 1527 204 40 förslagsvis
939 1528 62 30 350
1016 1528 62 30 000
1100 1530 129 29 kronor
1249 1530 52 29 till
1322 1530 232 30 förenämnda
1575 1531 85 29 fond
1681 1530 65 30 och

249 1575 53 31 till
320 1575 268 41 årsfördelning,
607 1579 49 28 att
675 1587 120 20 senare
814 1579 173 29 avräknas
1006 1581 73 28 mot
1096 1580 41 29 de
1155 1580 177 30 definitivt
1350 1581 199 30 beräknade
1568 1581 177 40 anslagen.

292 1675 157 40 Sveriges
471 1677 433 41 skogsägareföreningars
924 1679 229 40 riksförbund
1175 1681 117 30 finner
1313 1683 57 28 det
1391 1682 213 40 principiellt
1625 1683 121 39 riktigt

249 1728 52 28 att
323 1727 42 30 de
387 1728 203 34 inkomster,
615 1738 73 20 som
710 1729 149 31 erhålles
883 1730 79 30 från
986 1731 138 30 skatten
1146 1731 44 40 på
1212 1732 134 35 bensin,
1369 1732 11 29 i
1403 1733 111 30 första
1536 1734 96 29 hand
1656 1734 88 29 skall

248 1778 180 29 användas
448 1778 55 30 för
523 1780 249 38 vägväsendets
792 1781 212 40 förbättring
1024 1782 64 29 och
1108 1782 117 30 finner
1245 1783 57 30 det
1323 1783 120 30 därför
1463 1793 83 21 vara
1566 1784 72 30 helt
1658 1784 11 30 i
1690 1784 54 30 sin

248 1828 151 39 ordning
421 1831 50 27 att
495 1830 187 39 riksdagen
705 1830 105 30 fattat
833 1832 114 29 beslut
969 1842 57 20 om
1048 1833 201 29 restitution
1273 1843 42 20 av
1338 1834 93 30 skatt
1455 1835 44 39 på
1522 1835 124 30 bensin
1669 1844 75 21 som

247 1878 189 31 förbrukas
454 1889 42 20 av
514 1882 152 28 motorer
684 1881 64 29 och
768 1882 179 30 maskiner
965 1892 43 20 av
1025 1883 92 30 olika
1137 1884 72 39 slag
1228 1884 96 29 inom
1342 1885 184 39 jordbruk,
1546 1886 198 39 trädgårds-

247 1929 119 40 odling
386 1930 64 29 och
470 1931 252 40 yrkesmässigt
743 1932 101 30 fiske.
866 1933 52 29 Då
938 1933 30 39 ej
991 1933 109 30 heller
1120 1935 40 29 de
1182 1934 177 40 åtskilliga
1380 1936 204 29 tiotusental
1606 1936 137 30 bensin-

247 1980 238 30 förbrukande
507 1982 195 39 redskapen
722 1983 97 29 inom
841 1983 231 39 skogsbruket
1092 1984 64 30 har
1176 1985 105 39 något
1302 1986 79 30 med
1402 1986 202 40 förslitning
1625 1996 42 21 av
1687 1988 55 29 vä-

247 2038 109 32 garna
377 2033 50 28 att
447 2033 84 38 göra
552 2034 38 28 är
611 2033 106 39 enligt
738 2033 265 31 riksförbundet
1025 2035 278 31 motionärernas
1326 2037 198 40 tankegång
1547 2037 122 40 logisk,
1693 2039 50 28 att

247 2081 232 40 skogsbruket
502 2083 89 30 skall
611 2084 44 39 på
675 2085 104 39 något
801 2087 69 29 sätt
891 2086 135 30 lämnas
1047 2088 206 38 gottgörelse
1275 2088 55 29 för
1351 2089 67 29 den
1439 2089 227 29 merkostnad
1688 2089 55 29 för

246 2132 180 40 näringen,
445 2142 75 21 som
536 2134 267 31 bensinskatten
819 2137 112 39 utgör.

290 2183 92 30 Utan
400 2186 51 27 att
467 2185 87 39 vilja
572 2187 36 27 ta
627 2186 165 39 ställning
810 2187 53 29 till
881 2187 43 30 de
942 2187 11 30 i
972 2187 41 30 de
1030 2188 108 39 bägge
1154 2188 356 42 motionsgrupperna
1529 2190 104 39 något
1651 2191 94 29 olika

244 2233 200 31 utformade
467 2234 288 41 detaljförslagen
777 2237 207 30 instämmer
1006 2238 265 31 riksförbundet
1293 2240 11 29 i
1327 2240 41 30 de
1391 2240 197 30 framförda
1610 2241 136 30 huvud-

245 2283 177 40 förslagen
440 2284 224 32 beträffande
682 2287 169 30 kollektiv
869 2288 200 30 restitution
1087 2298 45 20 av
1146 2289 97 30 skatt
1263 2290 20 29 å
1302 2290 125 30 bensin
1444 2300 78 20 som
1541 2291 203 31 förbrukats

245 2343 42 20 av
314 2335 217 39 motorsågar
558 2337 64 29 och
647 2337 112 29 andra
785 2337 204 40 jämförliga
1015 2339 149 41 redskap
1191 2340 97 30 inom
1317 2341 232 39 skogsbruket
1575 2344 93 28 samt
1694 2343 51 28 att

244 2384 267 40 ifrågavarande
532 2388 229 29 restituerade
781 2388 355 31 bensinskattemedel
1157 2390 148 31 tillföres
1327 2400 42 21 en
1390 2391 54 30 för
1464 2392 200 31 ändamålet
1683 2392 62 30 bil-
