2154 2635
745 221 102 33 Stats-
857 221 165 32 Utskottets
1054 218 171 34 Utlåtande
1251 220 61 30 N:o
1336 220 51 30 22.
1794 217 38 30 33

281 304 118 36 under
436 305 38 35 år
505 305 94 34 1877
629 303 56 36 för
714 302 62 36 det
804 302 11 35 i
844 303 107 47 fråga
980 300 163 37 varande
1172 299 215 36 ändamålet
1416 299 104 48 utgå;
1562 297 67 36 och
1663 296 214 37 hemställer

284 356 198 43 Utskottet,

732 412 53 30 att
812 405 246 38 förevarande
1087 404 139 48 nådiga
1254 402 278 49 framställning
1561 404 60 33 må
1652 403 40 33 af
1717 400 159 36 Riksda-

681 472 72 35 gen
781 458 160 37 bifallas.

437 514 91 35 56:0.
571 511 11 35 I
622 511 165 49 enlighet
820 510 84 36 med
943 509 135 48 Kongl.
1117 507 120 49 Maj:ts
1267 508 125 35 derom
1422 506 127 50 gjorda
1580 505 137 49 nådiga
1745 518 131 36 propo-

282 565 109 36 sition
422 563 187 49 beviljade
639 563 159 36 sistlidet
826 566 59 33 års
920 562 168 48 Riksdag
1117 561 56 35 till
1202 559 354 49 seminariebyggnad
1583 558 10 35 i
1622 558 173 48 Göteborg
1824 564 52 29 ett

282 617 137 49 belopp
462 617 42 36 af
538 618 135 44 77,200
716 616 146 45 kronor,
902 614 138 36 hvaraf
1079 616 135 43 50,000
1258 613 136 35 kronor
1437 610 196 37 anvisades
1667 616 53 29 att
1747 610 57 36 för
1833 612 40 34 år

285 672 95 33 1876
415 671 100 47 utgå,
544 668 95 36 dock
667 667 117 36 under
813 667 122 36 vilkor
965 673 53 28 att
1046 665 211 49 Göteborgs
1286 664 93 47 stad,
1410 678 77 22 som
1517 662 260 37 kostnadsfritt
1804 676 66 21 un-

282 722 65 36 der
390 721 99 36 vissa
530 720 280 36 bestämmelser
839 718 162 50 upplåtit
1029 725 91 29 tomt
1147 718 57 36 för
1234 717 70 36 den
1335 716 10 36 1
1374 717 106 48 fråga
1510 715 162 36 varande
1701 715 171 49 byggna-

282 774 83 47 den,
407 773 198 36 frikallade
640 771 239 37 seminarium
917 772 79 35 från
1032 769 264 50 skyldigheten
1326 775 52 29 att
1406 768 154 36 bekosta
1588 767 281 49 lyshållningen

282 826 61 35 vid
387 825 45 36 de
473 831 139 30 tomten
656 823 260 50 angränsande
946 829 105 42 gator
1080 822 91 36 eller
1201 826 122 44 vägar.
1380 820 123 36 Sedan
1532 819 339 49 stadsfullmäktige

282 878 11 35 i
335 877 192 49 Göteborg
569 877 182 36 förklarat
790 876 57 48 sig
878 875 86 48 vilja
992 874 88 49 ingå
1109 876 48 46 på
1185 873 246 36 omförmälda
1461 872 132 46 vilkor,
1635 871 69 35 har
1732 870 138 49 Kongl.

283 929 114 48 Maj:t,
427 929 118 49 enligt
573 928 100 36 hvad
702 928 9 34 i
742 926 408 49 statsrådsprotokollet
1177 930 40 30 är
1245 924 222 46 meddeladt,
1497 924 86 35 stält
1611 923 62 36 det
1701 925 54 34 för
1771 923 101 35 inne-

285 981 159 36 varande
474 982 39 35 år
541 979 177 38 anvisade
749 979 328 49 anslagsbeloppet
1105 977 57 36 till
1192 976 266 49 domkapitlets
1488 975 220 49 disposition
1737 975 57 35 för
1811 977 62 46 på-

282 1033 180 49 börjande
491 1034 40 34 af
556 1032 62 36 det
645 1032 290 48 ifrågavarande
963 1030 402 50 byggnadsföretaget;
1406 1028 69 36 och
1505 1028 69 35 har
1602 1027 139 49 Kongl.
1773 1026 102 49 Maj:t

282 1086 177 48 derjemte
501 1084 193 49 föreslagit
734 1083 226 49 Riksdagen,
1003 1089 52 29 att
1083 1081 212 37 återstoden
1324 1082 41 33 af
1390 1080 61 36 det
1479 1079 186 49 beviljade
1693 1079 180 48 anslaget,

281 1139 91 35 eller
402 1139 135 45 27,200
566 1137 146 46 kronor,
743 1138 111 33 måtte
884 1135 149 36 anvisas
1062 1140 55 29 att
1146 1136 88 46 utgå
1263 1132 117 36 under
1408 1135 41 33 år
1471 1134 108 44 1877,
1596 1130 275 37 hemställande

283 1190 200 46 Utskottet,

732 1246 53 29 att
813 1239 242 37 förevarande
1085 1237 139 50 nådiga
1253 1236 280 50 framställning
1562 1238 58 34 må
1638 1235 114 36 vinna
1767 1235 107 36 Riks-

683 1292 140 50 dagens
852 1292 119 35 bifall.

436 1347 91 35 57:o.
571 1346 53 35 På
665 1344 122 50 grund
816 1345 39 34 af
878 1343 100 36 hvad
1007 1342 237 38 Stockholms
1279 1342 100 35 stads
1408 1340 263 37 konsistorium
1702 1340 10 35 i
1742 1338 134 37 under-

282 1398 138 49 dåniga
464 1398 210 36 skrifvelser
715 1397 52 49 (se
801 1395 407 49 statsrådsprotokollet
1235 1394 68 36 Bil.
1331 1393 68 36 N:o
1432 1396 29 33 7.
1491 1393 55 36 sid
1577 1393 61 48 91)
1669 1392 123 36 anfört
1820 1396 57 31 rö-

283 1451 114 35 rande
438 1450 178 36 behofvet
656 1450 40 35 af
732 1448 221 49 ombyggnad
992 1448 83 35 utaf
1099 1447 70 36 den
1200 1450 36 34 åt
1263 1445 215 37 Stockholms
1500 1443 376 52 folleskolleärarinne-

281 1502 232 36 seminarium
554 1502 11 35 i
608 1501 230 49 egendomen
868 1500 67 35 N:o
966 1502 45 35 10
1039 1499 345 49 Björngårdsgatan
1414 1498 179 48 upplåtna
1622 1496 113 48 lokal,
1765 1496 113 35 hvars

284 1554 269 48 bristfällighet
575 1553 136 48 jemväl
744 1552 235 48 Riksdagens
1008 1552 181 35 revisorer
1216 1551 54 35 uti
1299 1550 56 36 sin
1384 1550 198 35 berättelse
1611 1562 55 22 om
1688 1547 191 37 verkstäld

283 1605 234 49 granskning
559 1606 39 34 af
636 1604 241 35 statsverkets
919 1602 182 47 tillstånd,
1149 1602 155 48 styrelse
1334 1601 69 35 och
1433 1600 230 49 förvaltning
1692 1599 118 36 under
1839 1601 40 33 år

288 1659 94 34 1873
413 1657 191 45 vitsordat,
633 1656 118 36 under
781 1655 262 49 tillstyrkande
1072 1661 52 28 att
1152 1653 265 49 skyndsamma
1435 1652 67 36 och
1520 1652 165 49 kraftiga
1706 1651 174 49 åtgärder

284 1711 114 34 måtte
428 1709 170 48 vidtagas
628 1710 55 34 för
711 1713 52 31 att
791 1707 162 48 afbjelpa
983 1707 44 35 de
1056 1709 47 46 på
1131 1706 191 36 elevernas
1352 1703 279 37 helsotillstånd
1660 1704 9 35 i
1691 1704 77 48 hög
1787 1702 92 50 grad

285 1761 157 48 menligt
481 1759 231 36 inverkande
755 1759 288 49 olägenheterna
1085 1758 11 35 i
1138 1756 266 37 meranämnda
1432 1756 102 35 lokal
1563 1779 48 3 —
1642 1756 67 35 har
1738 1754 142 49 Kongl.

287 1812 104 49 Maj:t
431 1825 51 22 nu
522 1812 99 48 gjort
661 1810 280 49 framställning
969 1824 57 22 om
1057 1809 203 37 anvisande
1291 1808 55 36 till
1377 1807 231 50 uppförande
1638 1809 39 34 af
1701 1806 180 49 byggnad

286 1866 54 34 för
381 1863 615 38 folkskolelärarinneseminarium
1037 1862 9 35 i
1092 1861 216 37 Stockholm
1351 1860 41 35 af
1432 1866 50 29 ett
1522 1860 132 48 anslag
1695 1861 21 34 å
1746 1860 134 46 68,000

288 1917 143 45 kronor,
463 1916 136 35 hvaraf
625 1915 117 36 under
771 1918 40 33 år
842 1917 95 34 1877
969 1915 121 35 skulle
1118 1916 91 46 utgå
1239 1914 136 47 50,000
1405 1912 148 37 kronor.

442 1968 79 35 Den
565 1967 160 37 särdeles
766 1966 206 50 trängande
1013 1965 320 50 angelägenheten
1362 1965 56 35 för
1447 1963 11 36 i
1488 1963 105 49 fråga
1623 1962 162 38 varande
1816 1975 64 22 un-

295 2020 379 49 dervisningsanstalt
701 2026 56 29 att
785 2020 146 35 erhålla
960 2032 44 22 en
1032 2018 120 36 bättre
1180 2019 66 35 och
1276 2017 156 36 sundare
1461 2016 101 36 lokal
1590 2021 46 30 än
1667 2016 70 35 den
1767 2027 114 23 nuva-

294 2073 114 35 rande
450 2073 115 40 torde,
608 2085 132 35 genom
785 2072 100 34 hvad
915 2071 9 34 i
955 2070 417 49 stadsrådsprotokollet
1406 2074 40 30 är
1475 2068 11 35 i
1515 2073 125 31 ämnet
1668 2067 214 36 meddeladt

288 2125 69 35 och
401 2124 223 49 Riksdagens
658 2123 181 36 revisorer
869 2123 190 45 vitsordat,
1089 2135 85 22 vara
1206 2121 58 36 till
1294 2122 91 35 fullo
1415 2120 230 49 ådagalagd;
1674 2119 69 36 och
1759 2119 48 35 då
1836 2120 44 35 de

289 2177 92 45 skäl,
421 2190 78 22 som
529 2177 39 35 af
607 2175 235 36 Stockholms
872 2174 100 36 stads
1001 2173 263 37 konsistorium
1294 2173 126 36 blifvit
1448 2172 154 36 anförda
1630 2172 55 36 till
1715 2171 82 36 stöd
1828 2173 55 35 för

287 2230 183 47 förslaget
512 2242 58 22 om
609 2227 208 48 reparation
847 2227 68 36 och
945 2226 240 49 ombyggnad
1215 2226 40 36 af
1266 2226 67 35 den
1353 2225 126 48 gamla
1495 2224 147 36 lokalen
1660 2224 10 35 i
1689 2223 124 36 stället
1826 2224 57 35 för

291 2280 231 49 uppförande
541 2283 38 33 af
597 2293 50 35 ny
663 2279 180 50 byggnad
860 2281 21 33 å
897 2291 122 23 annan
1035 2285 102 39 tomt,
1154 2283 102 42 synts
1275 2277 190 36 Utskottet
1485 2289 89 21 vara
1594 2277 59 34 väl
1675 2274 206 49 grundade,

289 2332 208 49 tillstyrker
525 2331 204 47 Utskottet,

740 2389 53 28 att
834 2382 213 48 Riksdagen
1092 2384 70 44 må,
1200 2382 47 46 på
1283 2385 71 31 sätt
1384 2379 135 48 Kongl.
1551 2378 100 48 Maj:t
1679 2378 204 48 föreslagit,

689 2435 56 36 för
774 2433 231 50 uppförande
1025 2434 40 34 af
1087 2432 179 50 byggnad
1293 2435 37 33 åt
1352 2429 532 39 folkskolelärarinnesemina-

1920 500 150 35 Angående

1913 538 96 32 anslag
2027 537 43 25 till

1921 573 155 25 seminar
2042 569 37 41 ie-

1919 608 125 33 byggnad
2065 608 8 24 i

1927 644 138 32 Göteborg.

1921 1338 151 34 Angående

1913 1374 170 34 ombyggnad

1905 1411 34 32 af
1952 1409 138 33 folkskole-

1909 1446 182 26 lärarinnese-

1903 1481 198 33 minartiebygg-

1941 1517 92 26 naden
2052 1517 10 25 i

1919 1552 159 27 Stockholm.
