1878 2792
241 158 38 30 36
686 161 274 31 Statsutskottets
985 161 175 31 utlåtande
1185 172 41 20 nr
1248 161 68 30 143.

284 241 228 29 Revisorerna
532 241 43 29 ha
597 240 92 39 gjort
709 240 156 39 följande
887 240 178 29 allmänna
1085 239 191 31 uttalande.

283 300 74 30 Den
382 310 42 20 av
449 300 185 38 riksdagen
657 299 55 30 för
734 299 96 39 varje
853 299 169 38 budgetår
1045 299 199 29 fastställda
1269 298 191 30 riksstaten
1483 300 37 28 är
1543 298 129 29 avsedd
1696 300 49 28 att

241 344 122 37 utgöra
385 352 43 20 en
455 352 74 19 ram
552 342 54 29 för
629 342 41 29 de
694 341 199 33 kostnader,
919 350 74 20 som
1017 342 112 28 staten
1153 341 11 28 i
1191 341 52 29 sin
1266 341 224 29 verksamhet
1513 341 63 29 har
1600 342 50 27 att
1674 341 72 28 vid-

241 385 134 29 kännas
397 385 55 28 för
473 384 92 29 olika
585 383 293 37 utgiftsändamål.
900 383 52 28 Av
974 383 91 28 olika
1088 383 75 28 skäl
1183 382 62 29 har
1267 383 54 29 det
1342 383 89 29 dock
1454 382 73 29 icke
1550 383 89 28 varit
1659 382 87 36 möj-

241 427 59 36 ligt
322 428 47 28 att
392 426 11 29 i
426 426 182 37 praktiken
634 426 131 35 strängt
787 424 233 37 upprätthålla
1043 424 263 37 ifrågavarande
1329 424 147 37 princip.
1501 425 46 29 De
1573 425 51 28 till
1649 433 97 27 myn-

241 469 222 38 digheternas
487 468 206 39 förfogande
720 468 124 29 ställda
869 467 166 38 anslagen
1059 468 59 28 äro
1147 467 146 30 sålunda
1317 467 124 29 endast
1466 466 51 30 till
1541 476 42 19 en
1608 466 137 29 mindre

241 511 53 29 del
317 511 245 33 obetecknade,
584 510 107 30 vilket
713 510 144 28 innebär
880 511 50 27 att
953 509 165 38 anslagen
1140 509 44 39 på
1207 518 134 20 samma
1364 509 89 37 gång
1476 509 58 29 äro
1556 508 52 29 till
1631 508 115 40 belop-

241 555 54 34 pet
317 552 231 29 maximerade
569 552 64 29 och
655 551 108 29 måste
783 553 94 34 tagas
900 551 11 28 i
933 550 150 37 anspråk
1104 551 109 29 under
1235 551 54 28 det
1311 550 168 36 budgetår
1502 550 54 29 för
1577 551 108 28 vilket
1706 550 40 29 de

241 595 164 29 anvisats.
430 594 252 39 Huvudparten
704 603 41 20 av
765 593 331 38 riksstatsanslagen
1117 593 157 30 däremot
1295 593 63 29 har
1380 593 212 29 karaktären
1615 602 41 21 av
1677 593 70 29 för-

243 637 105 38 slags-
374 637 84 29 eller
484 636 370 37 reservationsanslag;
884 635 55 29 för
969 636 164 37 anslagen
1161 635 89 38 gälla
1276 635 79 29 med
1385 635 110 30 andra
1524 635 62 29 ord
1614 635 132 29 sådana

241 678 338 40 dispositionsregler
606 680 50 27 att
683 678 179 29 desamma
889 677 121 30 kunna
1037 677 220 29 överskridas
1284 677 196 39 respektive
1506 677 36 29 få
1571 677 176 38 utnyttjas

242 721 109 28 under
373 730 43 20 en
439 720 69 29 viss
531 719 88 37 följd
641 729 42 19 av
706 719 47 29 år.
775 719 50 29 Av
848 719 62 29 sist
935 719 147 36 angivna
1104 718 288 37 budgettekniska
1416 718 246 29 konstruktion
1687 719 59 28 äro

243 763 127 35 jämväl
402 763 42 29 de
477 762 106 29 under
617 761 304 37 kapitalbudgeten
955 761 170 36 uppförda
1159 760 406 39 investeringsanslagen.
1598 761 104 28 Detta
1736 760 10 28 i

243 805 160 38 förening
430 806 78 28 med
537 805 165 38 systemet
729 806 50 27 att
807 803 161 30 använda
996 803 299 39 kompletterande
1322 803 250 38 tilläggsstater
1601 803 64 29 har
1695 803 50 29 till

242 847 99 39 följd,
365 849 50 27 att
440 846 269 38 budgetutfallet
731 846 11 28 i
764 845 191 31 allmänhet
980 853 55 30 ger
1058 854 42 20 en
1123 845 72 29 helt
1218 854 116 20 annan
1357 845 72 29 bild
1455 854 42 20 av
1520 845 227 29 statsverkets

243 889 189 29 kostnader
458 889 109 29 under
592 889 85 28 visst
705 888 168 38 budgetår
899 889 44 27 än
968 888 65 28 vad
1060 887 56 29 vid
1146 887 305 38 statsregleringen
1478 886 269 40 ursprungligen

243 931 196 29 förutsatts.
460 931 118 29 Såsom
598 930 10 29 i
626 931 57 28 det
703 930 206 38 föregående
929 929 223 33 framhållits,
1171 929 45 30 ha
1237 929 39 29 de
1295 929 145 31 därmed
1459 929 201 28 förbundna
1679 929 70 28 olä-

244 973 211 38 genheterna
474 972 131 29 berörts
626 973 115 28 senast
760 981 40 19 av
822 971 77 29 1947
923 971 56 29 års
999 971 148 36 riksdag,
1169 980 73 20 som
1263 971 82 36 givit
1367 971 138 35 uttryck
1525 970 32 29 åt
1577 970 65 29 den
1664 979 84 28 upp-

245 1015 196 38 fattningen
469 1016 49 27 att
543 1014 258 29 vederbörande
827 1013 242 39 myndigheter
1096 1013 64 29 och
1188 1014 239 37 departement
1456 1012 104 30 borde
1588 1013 160 28 betrakta

244 1058 66 28 den
335 1066 41 20 av
402 1057 187 37 riksdagen
615 1064 124 30 genom
765 1055 191 29 riksstaten
982 1055 63 29 och
1072 1055 118 29 därtill
1216 1055 154 29 hörande
1398 1055 237 39 specialstater
1664 1054 85 29 fast-

244 1098 124 30 ställda
391 1098 248 38 utgiftsramen
662 1097 114 29 såsom
798 1097 175 36 slutgiltig.

289 1141 12 28 I
325 1141 204 37 anslutning
551 1140 51 29 till
625 1140 57 28 det
705 1148 47 20 nu
776 1140 104 37 sagda
903 1139 45 29 ha
973 1139 215 29 revisorerna
1211 1139 116 29 funnit
1350 1139 57 29 det
1432 1148 82 20 vara
1537 1148 41 19 av
1601 1139 147 28 intresse

245 1185 48 27 att
314 1184 163 28 närmare
499 1182 208 33 undersöka,
729 1182 11 28 i
761 1182 64 29 vad
847 1181 83 29 mån
953 1181 40 29 de
1014 1181 156 29 faktiska
1192 1180 385 39 belastningssiffrorna
1602 1181 10 28 i
1635 1181 113 37 någon

244 1234 93 20 mera
358 1224 168 29 avsevärd
550 1224 82 36 grad
655 1223 131 30 avvikit
808 1223 78 29 från
910 1223 40 29 de
973 1223 122 36 belopp
1118 1232 75 20 som
1217 1223 54 28 för
1293 1223 197 36 avlönings-
1512 1222 63 29 och
1598 1223 151 28 omkost-

246 1266 253 30 nadsändamål
526 1266 154 29 anvisats
707 1265 378 39 statsmyndigheterna
1112 1265 42 29 de
1180 1266 51 29 tre
1260 1265 238 29 sistförflutna
1524 1264 224 38 budgetåren.

246 1309 11 28 I
277 1308 121 29 sådant
418 1308 88 36 syfte
524 1307 44 30 ha
585 1307 217 29 revisorerna
820 1307 10 29 i
850 1307 197 29 tabellform
1066 1307 250 29 sammanställt
1335 1307 54 28 för
1410 1306 138 37 frågans
1567 1306 183 36 belysning

245 1350 228 39 erforderliga
502 1350 186 39 uppgifter,
717 1350 168 29 avseende
913 1351 48 27 ett
991 1349 103 29 60-tal
1122 1349 243 38 myndigheter
1395 1358 73 20 som
1498 1349 120 30 kunna
1648 1357 102 20 anses

244 1401 81 20 vara
344 1392 273 39 representativa
637 1393 55 28 för
713 1391 355 30 statsverksamheten
1087 1391 95 28 inom
1204 1391 111 29 skilda
1335 1390 414 39 förvaltningsområden.

246 1434 49 29 Av
319 1434 374 38 sammanställningen
716 1433 154 38 framgår
893 1433 106 29 bland
1022 1434 117 32 annat,
1164 1434 50 27 att
1237 1433 110 28 under
1370 1432 204 38 budgetåret
1600 1432 150 35 1947/48

246 1476 258 29 vederbörande
534 1476 305 37 avlöningsanslag
868 1474 226 30 överskridits
1124 1475 80 28 med
1236 1475 161 30 närmare
1429 1474 40 29 23
1499 1474 87 38 milj.
1620 1475 130 28 kronor

246 1519 63 28 och
331 1518 258 29 vederbörande
613 1517 354 38 omkostnadsanslag
991 1517 77 28 med
1092 1517 162 29 närmare
1280 1516 36 29 17
1344 1516 89 38 milj.
1458 1516 138 33 kronor,
1624 1516 126 29 medan

247 1560 245 29 motsvarande
517 1559 226 39 besparingar
769 1560 19 28 å
814 1559 165 38 anslagen
1005 1558 114 39 uppgå
1145 1558 52 29 till
1224 1558 145 30 allenast
1397 1559 18 28 6
1441 1558 87 38 milj.
1555 1558 195 39 respektive

249 1602 60 29 150
324 1602 61 29 000
415 1602 140 29 kronor.
584 1601 48 29 De
660 1601 267 38 ifrågavarande
954 1600 267 38 merutgifterna
1247 1601 133 37 utgöra,
1410 1600 221 30 beträffande
1659 1600 92 30 avlö-

246 1644 280 38 ningsanslagen,
545 1644 162 28 närmare
726 1643 18 28 8
761 1643 74 33 och,
853 1642 220 29 beträffande
1092 1643 408 37 omkostnadsanslagen,
1519 1643 74 29 icke
1614 1642 136 30 mindre

247 1687 43 28 än
312 1686 40 30 30
374 1689 144 36 proceni
542 1695 40 20 av
604 1686 41 28 de
668 1685 163 29 anvisade
854 1685 179 39 beloppen.

290 1728 263 29 Variationerna
576 1727 19 29 å
619 1726 348 37 avlöningsanslagen
989 1727 96 29 torde
1107 1726 53 29 till
1185 1726 73 29 icke
1281 1726 97 37 ringa
1403 1727 54 28 del
1482 1726 269 37 sammanhänga

246 1770 76 29 med
343 1770 66 29 den
433 1771 132 28 senaste
587 1769 296 38 löneregleringen
907 1769 65 29 och
993 1769 106 29 därav
1120 1769 206 30 föranledda
1349 1769 212 38 svårigheter
1583 1771 49 27 att
1655 1778 96 20 mera

246 1812 102 29 exakt
372 1812 155 29 beräkna
551 1812 66 28 den
641 1811 181 30 motsedda
846 1811 422 37 medelsförbrukningen.
1293 1811 96 29 Dock
1415 1812 37 28 är
1477 1812 49 28 att
1550 1811 124 29 märka
1701 1813 50 28 att

246 1853 347 37 avlöningsanslagen
614 1853 226 37 procentuellt
866 1855 63 26 sett
953 1853 225 28 överskredos
1202 1853 10 28 i
1237 1853 42 28 än
1301 1852 106 37 högre
1431 1853 82 35 grad
1535 1853 109 28 under
1666 1852 85 29 bud-

247 1896 125 35 getåret
395 1895 160 35 1946/47.
576 1896 51 28 En
650 1895 114 30 direkt
783 1895 203 38 jämförelse
1009 1894 127 29 mellan
1157 1895 41 30 de
1220 1895 87 29 båda
1328 1895 213 37 budgetåren
1562 1895 65 28 blir
1649 1895 102 28 emel-

247 1937 100 29 lertid
367 1937 76 29 icke
465 1937 80 29 fullt
564 1937 222 33 rättvisande,
807 1937 81 29 enär
908 1936 93 29 vissa
1021 1936 186 29 kostnader
1229 1936 52 29 för
1302 1936 194 37 kristillägg
1516 1946 42 19 m.
1581 1946 54 23 m.,
1657 1936 93 29 vilka

248 1979 145 38 tidigare
418 1979 192 29 redovisats
636 1981 11 28 i
673 1979 172 29 särskilda
871 1979 132 38 anslag,
1028 1979 42 28 fr.
1096 1988 29 20 o.
1154 1988 45 20 m.
1225 1979 65 28 den
1320 1979 13 28 1
1361 1978 68 39 juli
1460 1978 80 29 1947
1566 1979 185 28 inräknats

247 2021 10 28 i
287 2021 257 29 vederbörande
574 2021 315 38 avlöningsanslag.
922 2021 74 29 Vad
1025 2022 40 28 de
1096 2021 220 38 synnerligen
1346 2020 194 39 betydande
1570 2020 182 39 merutgif-

248 2065 97 27 terna
372 2064 112 28 under
510 2063 397 38 omkostnadsanslagen
933 2063 11 28 i
972 2063 52 29 sin
1050 2065 56 27 tur
1132 2063 180 33 beträffar,
1343 2072 105 29 synas
1476 2063 276 38 anledningarna

248 2105 117 29 härtill
395 2106 77 29 icke
499 2107 85 28 utan
612 2105 170 38 ingående
810 2105 303 38 undersökningar
1140 2105 12 29 i
1179 2105 96 38 varje
1302 2105 129 30 enskilt
1461 2105 61 29 fall
1550 2105 121 29 kunna
1699 2107 53 27 ut-

248 2148 113 28 FÖNAS.

292 2189 76 29 Icke
389 2189 109 29 minst
519 2191 71 28 mot
611 2189 229 39 bakgrunden
861 2198 42 20 av
924 2189 231 39 nyssberörda
1177 2189 342 38 riksdagsuttalande
1540 2189 149 29 framstå
1710 2190 41 28 de

248 2232 246 29 konstaterade
519 2231 462 39 anslagsöverskridandena
1006 2231 112 29 såsom
1144 2231 11 29 i
1179 2231 67 38 hög
1270 2231 82 38 grad
1378 2232 373 38 anmärkningsvärda.

248 2273 198 37 Uppenbart
468 2274 37 28 är
528 2273 104 29 också
654 2275 48 27 att
726 2273 203 29 riksstatens
951 2273 162 29 karaktär
1136 2282 42 20 av
1201 2274 126 28 allmän
1349 2273 326 37 hushållningsplan
1698 2273 54 29 för

249 2316 65 28 den
345 2316 139 38 statliga
513 2316 268 29 verksamheten
810 2316 111 28 under
952 2324 42 20 en
1024 2315 248 39 budgetperiod
1303 2315 110 30 måste
1444 2315 91 31 bliva
1565 2325 73 19 mer
1669 2315 83 29 eller

250 2359 134 29 mindre
409 2359 190 34 illusorisk,
625 2360 117 29 därest
767 2360 237 29 kostnaderna
1028 2360 176 28 därunder
1229 2360 140 28 komma
1396 2361 50 28 att
1471 2368 94 21 mera
1590 2359 159 29 avsevärt

248 2399 170 37 överstiga
440 2400 65 28 den
528 2408 41 20 en
591 2399 88 37 gång
703 2399 194 30 fastställda
920 2399 251 37 utgiftsramen.
1196 2399 143 29 Särskilt
1361 2399 190 37 betänkligt
1573 2408 102 27 synes
1697 2399 56 30 det

249 2441 217 30 revisorerna
491 2451 81 21 vara
596 2444 49 27 att
671 2442 130 38 anslag,
825 2441 94 30 vilka
943 2441 125 38 Kungl.
1093 2441 105 39 Maj:t
1223 2441 63 30 och
1312 2442 187 38 riksdagen
1523 2441 56 30 vid
1604 2442 67 29 den
1696 2450 57 21 ur-
