<?xml version="1.0" encoding="UTF-8"?>
<alto xmlns="http://www.loc.gov/standards/alto/ns-v3#" xmlns:xlink="http://www.w3.org/1999/xlink" xmlns:xsi="http://www.w3.org/2001/XMLSchema-instance" xsi:schemaLocation="http://www.loc.gov/standards/alto/ns-v3# http://www.loc.gov/alto/v3/alto-3-0.xsd">
	<Description>
		<MeasurementUnit>pixel</MeasurementUnit>
		<sourceImageInformation>
			<fileName>/tmp/tess_w9wo1xub_input.PNG</fileName>
		</sourceImageInformation>
		<OCRProcessing ID="OCR_0">
			<ocrProcessingStep>
				<processingSoftware>
					<softwareName>tesseract 5.3.0</softwareName>
				</processingSoftware>
			</ocrProcessingStep>
		</OCRProcessing>
	</Description>
	<Layout>
		<Page WIDTH="1880" HEIGHT="2780" PHYSICAL_IMG_NR="0" ID="page_0">
			<PrintSpace HPOS="0" VPOS="0" WIDTH="1880" HEIGHT="2780">
				<ComposedBlock ID="cblock_0" HPOS="521" VPOS="174" WIDTH="1085" HEIGHT="42">
					<TextBlock ID="block_0" HPOS="521" VPOS="174" WIDTH="1085" HEIGHT="42">
						<TextLine ID="line_0" HPOS="521" VPOS="174" WIDTH="1085" HEIGHT="42">
							<String ID="string_0" HPOS="521" VPOS="187" WIDTH="252" HEIGHT="29" WC="0.81" CONTENT="Statsutskottets"/><SP WIDTH="23" VPOS="187" HPOS="773"/>
							<String ID="string_1" HPOS="796" VPOS="183" WIDTH="161" HEIGHT="29" WC="0.93" CONTENT="utlåtande"/><SP WIDTH="22" VPOS="183" HPOS="957"/>
							<String ID="string_2" HPOS="979" VPOS="191" WIDTH="39" HEIGHT="19" WC="0.96" CONTENT="nr"/><SP WIDTH="21" VPOS="191" HPOS="1018"/>
							<String ID="string_3" HPOS="1039" VPOS="182" WIDTH="17" HEIGHT="26" WC="0.96" CONTENT="6"/><SP WIDTH="22" VPOS="182" HPOS="1056"/>
							<String ID="string_4" HPOS="1078" VPOS="181" WIDTH="35" HEIGHT="27" WC="0.96" CONTENT="år"/><SP WIDTH="23" VPOS="181" HPOS="1113"/>
							<String ID="string_5" HPOS="1136" VPOS="178" WIDTH="75" HEIGHT="29" WC="0.95" CONTENT="1963"/><SP WIDTH="356" VPOS="178" HPOS="1211"/>
							<String ID="string_6" HPOS="1567" VPOS="174" WIDTH="39" HEIGHT="30" WC="0.95" CONTENT="27"/>
						</TextLine>
					</TextBlock>
				</ComposedBlock>
				<ComposedBlock ID="cblock_1" HPOS="129" VPOS="251" WIDTH="1499" HEIGHT="1708">
					<TextBlock ID="block_1" HPOS="129" VPOS="251" WIDTH="1483" HEIGHT="321">
						<TextLine ID="line_1" HPOS="129" VPOS="251" WIDTH="1479" HEIGHT="59">
							<String ID="string_7" HPOS="129" VPOS="272" WIDTH="271" HEIGHT="38" WC="0.90" CONTENT="delstilldelning"/><SP WIDTH="32" VPOS="272" HPOS="400"/>
							<String ID="string_8" HPOS="432" VPOS="280" WIDTH="41" HEIGHT="20" WC="0.95" CONTENT="av"/><SP WIDTH="32" VPOS="280" HPOS="473"/>
							<String ID="string_9" HPOS="505" VPOS="269" WIDTH="62" HEIGHT="30" WC="0.96" CONTENT="500"/><SP WIDTH="31" VPOS="269" HPOS="567"/>
							<String ID="string_10" HPOS="598" VPOS="268" WIDTH="89" HEIGHT="30" WC="0.47" CONTENT="mkr."/><SP WIDTH="33" VPOS="268" HPOS="687"/>
							<String ID="string_11" HPOS="720" VPOS="265" WIDTH="51" HEIGHT="31" WC="0.96" CONTENT="till"/><SP WIDTH="21" VPOS="265" HPOS="771"/>
							<String ID="string_12" HPOS="792" VPOS="265" WIDTH="57" HEIGHT="29" WC="0.96" CONTENT="det"/><SP WIDTH="21" VPOS="265" HPOS="849"/>
							<String ID="string_13" HPOS="870" VPOS="261" WIDTH="175" HEIGHT="32" WC="0.96" CONTENT="ordinarie"/><SP WIDTH="21" VPOS="261" HPOS="1045"/>
							<String ID="string_14" HPOS="1066" VPOS="256" WIDTH="263" HEIGHT="42" WC="0.91" CONTENT="vägbyggandet"/><SP WIDTH="21" VPOS="256" HPOS="1329"/>
							<String ID="string_15" HPOS="1350" VPOS="253" WIDTH="111" HEIGHT="30" WC="0.93" CONTENT="under"/><SP WIDTH="21" VPOS="253" HPOS="1461"/>
							<String ID="string_16" HPOS="1482" VPOS="251" WIDTH="126" HEIGHT="30" WC="0.92" CONTENT="ettvart"/>
						</TextLine>
						<TextLine ID="line_2" HPOS="130" VPOS="304" WIDTH="1480" HEIGHT="61">
							<String ID="string_17" HPOS="130" VPOS="336" WIDTH="42" HEIGHT="21" WC="0.96" CONTENT="av"/><SP WIDTH="18" VPOS="336" HPOS="172"/>
							<String ID="string_18" HPOS="190" VPOS="326" WIDTH="84" HEIGHT="30" WC="0.96" CONTENT="åren"/><SP WIDTH="17" VPOS="326" HPOS="274"/>
							<String ID="string_19" HPOS="291" VPOS="326" WIDTH="10" HEIGHT="29" WC="0.96" CONTENT="i"/><SP WIDTH="19" VPOS="326" HPOS="301"/>
							<String ID="string_20" HPOS="320" VPOS="324" WIDTH="175" HEIGHT="41" WC="0.95" CONTENT="perioden."/><SP WIDTH="19" VPOS="324" HPOS="495"/>
							<String ID="string_21" HPOS="514" VPOS="322" WIDTH="93" HEIGHT="30" WC="0.96" CONTENT="även"/><SP WIDTH="17" VPOS="322" HPOS="607"/>
							<String ID="string_22" HPOS="624" VPOS="330" WIDTH="57" HEIGHT="20" WC="0.96" CONTENT="om"/><SP WIDTH="20" VPOS="330" HPOS="681"/>
							<String ID="string_23" HPOS="701" VPOS="320" WIDTH="95" HEIGHT="29" WC="0.96" CONTENT="detta"/><SP WIDTH="18" VPOS="320" HPOS="796"/>
							<String ID="string_24" HPOS="814" VPOS="315" WIDTH="182" HEIGHT="32" WC="0.95" CONTENT="uttalande"/><SP WIDTH="19" VPOS="315" HPOS="996"/>
							<String ID="string_25" HPOS="1015" VPOS="313" WIDTH="190" HEIGHT="30" WC="0.96" CONTENT="förklarats"/><SP WIDTH="18" VPOS="313" HPOS="1205"/>
							<String ID="string_26" HPOS="1223" VPOS="310" WIDTH="78" HEIGHT="30" WC="0.96" CONTENT="icke"/><SP WIDTH="19" VPOS="310" HPOS="1301"/>
							<String ID="string_27" HPOS="1320" VPOS="307" WIDTH="168" HEIGHT="30" WC="0.96" CONTENT="innebära"/><SP WIDTH="18" VPOS="307" HPOS="1488"/>
							<String ID="string_28" HPOS="1506" VPOS="304" WIDTH="104" HEIGHT="39" WC="0.95" CONTENT="något"/>
						</TextLine>
						<TextLine ID="line_3" HPOS="132" VPOS="357" WIDTH="1479" HEIGHT="61">
							<String ID="string_29" HPOS="132" VPOS="377" WIDTH="333" HEIGHT="41" WC="0.91" CONTENT="ställningstagande"/><SP WIDTH="21" VPOS="377" HPOS="465"/>
							<String ID="string_30" HPOS="486" VPOS="377" WIDTH="11" HEIGHT="29" WC="0.96" CONTENT="i"/><SP WIDTH="21" VPOS="377" HPOS="497"/>
							<String ID="string_31" HPOS="518" VPOS="375" WIDTH="118" HEIGHT="38" WC="0.96" CONTENT="förväg"/><SP WIDTH="21" VPOS="375" HPOS="636"/>
							<String ID="string_32" HPOS="657" VPOS="374" WIDTH="51" HEIGHT="29" WC="0.96" CONTENT="till"/><SP WIDTH="22" VPOS="374" HPOS="708"/>
							<String ID="string_33" HPOS="730" VPOS="372" WIDTH="41" HEIGHT="30" WC="0.93" CONTENT="de"/><SP WIDTH="21" VPOS="372" HPOS="771"/>
							<String ID="string_34" HPOS="792" VPOS="369" WIDTH="277" HEIGHT="40" WC="0.89" CONTENT="anslagsbelopp,"/><SP WIDTH="21" VPOS="369" HPOS="1069"/>
							<String ID="string_35" HPOS="1090" VPOS="374" WIDTH="75" HEIGHT="21" WC="0.96" CONTENT="som"/><SP WIDTH="22" VPOS="374" HPOS="1165"/>
							<String ID="string_36" HPOS="1187" VPOS="364" WIDTH="54" HEIGHT="30" WC="0.96" CONTENT="för"/><SP WIDTH="20" VPOS="364" HPOS="1241"/>
							<String ID="string_37" HPOS="1261" VPOS="364" WIDTH="64" HEIGHT="29" WC="0.96" CONTENT="här"/><SP WIDTH="19" VPOS="364" HPOS="1325"/>
							<String ID="string_38" HPOS="1344" VPOS="357" WIDTH="267" HEIGHT="43" WC="0.95" CONTENT="ifrågavarande"/>
						</TextLine>
						<TextLine ID="line_4" HPOS="131" VPOS="411" WIDTH="1481" HEIGHT="61">
							<String ID="string_39" HPOS="131" VPOS="432" WIDTH="169" HEIGHT="40" WC="0.96" CONTENT="budgetår"/><SP WIDTH="23" VPOS="432" HPOS="300"/>
							<String ID="string_40" HPOS="323" VPOS="431" WIDTH="88" HEIGHT="29" WC="0.96" CONTENT="skall"/><SP WIDTH="24" VPOS="431" HPOS="411"/>
							<String ID="string_41" HPOS="435" VPOS="429" WIDTH="138" HEIGHT="31" WC="0.93" CONTENT="anvisas"/><SP WIDTH="24" VPOS="429" HPOS="573"/>
							<String ID="string_42" HPOS="597" VPOS="428" WIDTH="19" HEIGHT="29" WC="0.92" CONTENT="å"/><SP WIDTH="23" VPOS="428" HPOS="616"/>
							<String ID="string_43" HPOS="639" VPOS="427" WIDTH="190" HEIGHT="29" WC="0.77" CONTENT="riksstaten"/><SP WIDTH="25" VPOS="427" HPOS="829"/>
							<String ID="string_44" HPOS="854" VPOS="422" WIDTH="110" HEIGHT="31" WC="0.96" CONTENT="under"/><SP WIDTH="24" VPOS="422" HPOS="964"/>
							<String ID="string_45" HPOS="988" VPOS="421" WIDTH="40" HEIGHT="29" WC="0.95" CONTENT="de"/><SP WIDTH="24" VPOS="421" HPOS="1028"/>
							<String ID="string_46" HPOS="1052" VPOS="418" WIDTH="176" HEIGHT="31" WC="0.93" CONTENT="ordinarie"/><SP WIDTH="23" VPOS="418" HPOS="1228"/>
							<String ID="string_47" HPOS="1251" VPOS="411" WIDTH="361" HEIGHT="44" WC="0.91" CONTENT="vägbyggnadsansla-"/>
						</TextLine>
						<TextLine ID="line_5" HPOS="132" VPOS="468" WIDTH="1479" HEIGHT="58">
							<String ID="string_48" HPOS="132" VPOS="494" WIDTH="74" HEIGHT="32" WC="0.96" CONTENT="gen,"/><SP WIDTH="20" VPOS="494" HPOS="206"/>
							<String ID="string_49" HPOS="226" VPOS="485" WIDTH="98" HEIGHT="30" WC="0.96" CONTENT="torde"/><SP WIDTH="20" VPOS="485" HPOS="324"/>
							<String ID="string_50" HPOS="344" VPOS="484" WIDTH="88" HEIGHT="29" WC="0.96" CONTENT="dock"/><SP WIDTH="18" VPOS="484" HPOS="432"/>
							<String ID="string_51" HPOS="450" VPOS="482" WIDTH="203" HEIGHT="39" WC="0.92" CONTENT="härigenom"/><SP WIDTH="20" VPOS="482" HPOS="653"/>
							<String ID="string_52" HPOS="673" VPOS="482" WIDTH="48" HEIGHT="27" WC="0.67" CONTENT="ctt"/><SP WIDTH="20" VPOS="482" HPOS="721"/>
							<String ID="string_53" HPOS="741" VPOS="478" WIDTH="129" HEIGHT="29" WC="0.96" CONTENT="fastare"/><SP WIDTH="20" VPOS="478" HPOS="870"/>
							<String ID="string_54" HPOS="890" VPOS="474" WIDTH="169" HEIGHT="39" WC="0.95" CONTENT="underlag"/><SP WIDTH="20" VPOS="474" HPOS="1059"/>
							<String ID="string_55" HPOS="1079" VPOS="471" WIDTH="150" HEIGHT="31" WC="0.96" CONTENT="erhållas"/><SP WIDTH="21" VPOS="471" HPOS="1229"/>
							<String ID="string_56" HPOS="1250" VPOS="470" WIDTH="54" HEIGHT="29" WC="0.96" CONTENT="för"/><SP WIDTH="20" VPOS="470" HPOS="1304"/>
							<String ID="string_57" HPOS="1324" VPOS="468" WIDTH="226" HEIGHT="40" WC="0.96" CONTENT="planeringen"/><SP WIDTH="20" VPOS="468" HPOS="1550"/>
							<String ID="string_58" HPOS="1570" VPOS="473" WIDTH="41" HEIGHT="21" WC="0.94" CONTENT="av"/>
						</TextLine>
						<TextLine ID="line_6" HPOS="135" VPOS="529" WIDTH="832" HEIGHT="43">
							<String ID="string_59" HPOS="135" VPOS="538" WIDTH="264" HEIGHT="31" WC="0.96" CONTENT="verksamheten"/><SP WIDTH="16" VPOS="538" HPOS="399"/>
							<String ID="string_60" HPOS="415" VPOS="536" WIDTH="111" HEIGHT="30" WC="0.96" CONTENT="under"/><SP WIDTH="17" VPOS="536" HPOS="526"/>
							<String ID="string_61" HPOS="543" VPOS="535" WIDTH="65" HEIGHT="29" WC="0.96" CONTENT="den"/><SP WIDTH="17" VPOS="535" HPOS="608"/>
							<String ID="string_62" HPOS="625" VPOS="533" WIDTH="150" HEIGHT="39" WC="0.95" CONTENT="angivna"/><SP WIDTH="16" VPOS="533" HPOS="775"/>
							<String ID="string_63" HPOS="791" VPOS="529" WIDTH="176" HEIGHT="42" WC="0.95" CONTENT="perioden."/>
						</TextLine>
					</TextBlock>
					<TextBlock ID="block_2" HPOS="133" VPOS="572" WIDTH="1485" HEIGHT="646">
						<TextLine ID="line_7" HPOS="186" VPOS="572" WIDTH="1426" HEIGHT="50">
							<String ID="string_64" HPOS="186" VPOS="590" WIDTH="280" HEIGHT="32" WC="0.91" CONTENT="Vidkommande"/><SP WIDTH="22" VPOS="590" HPOS="466"/>
							<String ID="string_65" HPOS="488" VPOS="589" WIDTH="65" HEIGHT="29" WC="0.96" CONTENT="den"/><SP WIDTH="22" VPOS="589" HPOS="553"/>
							<String ID="string_66" HPOS="575" VPOS="589" WIDTH="87" HEIGHT="28" WC="0.96" CONTENT="även"/><SP WIDTH="21" VPOS="589" HPOS="662"/>
							<String ID="string_67" HPOS="683" VPOS="586" WIDTH="54" HEIGHT="29" WC="0.96" CONTENT="för"/><SP WIDTH="22" VPOS="586" HPOS="737"/>
							<String ID="string_68" HPOS="759" VPOS="586" WIDTH="100" HEIGHT="28" WC="0.96" CONTENT="nästa"/><SP WIDTH="22" VPOS="586" HPOS="859"/>
							<String ID="string_69" HPOS="881" VPOS="581" WIDTH="168" HEIGHT="40" WC="0.93" CONTENT="budgetår"/><SP WIDTH="21" VPOS="581" HPOS="1049"/>
							<String ID="string_70" HPOS="1070" VPOS="579" WIDTH="190" HEIGHT="30" WC="0.91" CONTENT="förutsatta"/><SP WIDTH="23" VPOS="579" HPOS="1260"/>
							<String ID="string_71" HPOS="1283" VPOS="572" WIDTH="329" HEIGHT="44" WC="0.91" CONTENT="specialdestinatio-"/>
						</TextLine>
						<TextLine ID="line_8" HPOS="134" VPOS="626" WIDTH="1479" HEIGHT="58">
							<String ID="string_72" HPOS="134" VPOS="655" WIDTH="67" HEIGHT="21" WC="0.96" CONTENT="nen"/><SP WIDTH="24" VPOS="655" HPOS="201"/>
							<String ID="string_73" HPOS="225" VPOS="655" WIDTH="43" HEIGHT="20" WC="0.93" CONTENT="av"/><SP WIDTH="23" VPOS="655" HPOS="268"/>
							<String ID="string_74" HPOS="291" VPOS="643" WIDTH="193" HEIGHT="41" WC="0.92" CONTENT="byggnads-"/><SP WIDTH="24" VPOS="643" HPOS="484"/>
							<String ID="string_75" HPOS="508" VPOS="641" WIDTH="64" HEIGHT="30" WC="0.93" CONTENT="och"/><SP WIDTH="26" VPOS="641" HPOS="572"/>
							<String ID="string_76" HPOS="598" VPOS="636" WIDTH="317" HEIGHT="33" WC="0.91" CONTENT="underhållsmedel"/><SP WIDTH="26" VPOS="636" HPOS="915"/>
							<String ID="string_77" HPOS="941" VPOS="635" WIDTH="52" HEIGHT="30" WC="0.93" CONTENT="till"/><SP WIDTH="25" VPOS="635" HPOS="993"/>
							<String ID="string_78" HPOS="1018" VPOS="634" WIDTH="93" HEIGHT="29" WC="0.96" CONTENT="vissa"/><SP WIDTH="24" VPOS="634" HPOS="1111"/>
							<String ID="string_79" HPOS="1135" VPOS="632" WIDTH="59" HEIGHT="29" WC="0.96" CONTENT="län"/><SP WIDTH="26" VPOS="632" HPOS="1194"/>
							<String ID="string_80" HPOS="1220" VPOS="630" WIDTH="58" HEIGHT="30" WC="0.96" CONTENT="vill"/><SP WIDTH="26" VPOS="630" HPOS="1278"/>
							<String ID="string_81" HPOS="1304" VPOS="628" WIDTH="169" HEIGHT="30" WC="0.96" CONTENT="utskottet"/><SP WIDTH="25" VPOS="628" HPOS="1473"/>
							<String ID="string_82" HPOS="1498" VPOS="626" WIDTH="115" HEIGHT="30" WC="0.96" CONTENT="erinra"/>
						</TextLine>
						<TextLine ID="line_9" HPOS="134" VPOS="680" WIDTH="1478" HEIGHT="49">
							<String ID="string_83" HPOS="134" VPOS="708" WIDTH="56" HEIGHT="21" WC="0.95" CONTENT="om"/><SP WIDTH="18" VPOS="708" HPOS="190"/>
							<String ID="string_84" HPOS="208" VPOS="697" WIDTH="213" HEIGHT="31" WC="0.96" CONTENT="innebörden"/><SP WIDTH="19" VPOS="697" HPOS="421"/>
							<String ID="string_85" HPOS="440" VPOS="705" WIDTH="42" HEIGHT="20" WC="0.96" CONTENT="av"/><SP WIDTH="17" VPOS="705" HPOS="482"/>
							<String ID="string_86" HPOS="499" VPOS="695" WIDTH="75" HEIGHT="29" WC="0.96" CONTENT="sina"/><SP WIDTH="18" VPOS="695" HPOS="574"/>
							<String ID="string_87" HPOS="592" VPOS="691" WIDTH="205" HEIGHT="32" WC="0.96" CONTENT="uttalanden"/><SP WIDTH="19" VPOS="691" HPOS="797"/>
							<String ID="string_88" HPOS="816" VPOS="691" WIDTH="122" HEIGHT="28" WC="0.96" CONTENT="härom"/><SP WIDTH="18" VPOS="691" HPOS="938"/>
							<String ID="string_89" HPOS="956" VPOS="687" WIDTH="58" HEIGHT="30" WC="0.96" CONTENT="vid"/><SP WIDTH="20" VPOS="687" HPOS="1014"/>
							<String ID="string_90" HPOS="1034" VPOS="686" WIDTH="82" HEIGHT="29" WC="0.96" CONTENT="1962"/><SP WIDTH="19" VPOS="686" HPOS="1116"/>
							<String ID="string_91" HPOS="1135" VPOS="685" WIDTH="56" HEIGHT="30" WC="0.96" CONTENT="års"/><SP WIDTH="18" VPOS="685" HPOS="1191"/>
							<String ID="string_92" HPOS="1209" VPOS="682" WIDTH="154" HEIGHT="40" WC="0.96" CONTENT="riksdag."/><SP WIDTH="19" VPOS="682" HPOS="1363"/>
							<String ID="string_93" HPOS="1382" VPOS="680" WIDTH="76" HEIGHT="31" WC="0.96" CONTENT="Med"/><SP WIDTH="18" VPOS="680" HPOS="1458"/>
							<String ID="string_94" HPOS="1476" VPOS="680" WIDTH="136" HEIGHT="38" WC="0.95" CONTENT="hänsyn"/>
						</TextLine>
						<TextLine ID="line_10" HPOS="134" VPOS="733" WIDTH="1481" HEIGHT="54">
							<String ID="string_95" HPOS="134" VPOS="753" WIDTH="50" HEIGHT="29" WC="0.95" CONTENT="till"/><SP WIDTH="30" VPOS="753" HPOS="184"/>
							<String ID="string_96" HPOS="214" VPOS="752" WIDTH="67" HEIGHT="29" WC="0.96" CONTENT="den"/><SP WIDTH="27" VPOS="752" HPOS="281"/>
							<String ID="string_97" HPOS="308" VPOS="748" WIDTH="188" HEIGHT="32" WC="0.93" CONTENT="avsevärda"/><SP WIDTH="27" VPOS="748" HPOS="496"/>
							<String ID="string_98" HPOS="523" VPOS="745" WIDTH="262" HEIGHT="42" WC="0.91" CONTENT="uppmjukning"/><SP WIDTH="27" VPOS="745" HPOS="785"/>
							<String ID="string_99" HPOS="812" VPOS="752" WIDTH="41" HEIGHT="21" WC="0.96" CONTENT="av"/><SP WIDTH="28" VPOS="752" HPOS="853"/>
							<String ID="string_100" HPOS="881" VPOS="742" WIDTH="183" HEIGHT="39" WC="0.96" CONTENT="systemets"/><SP WIDTH="28" VPOS="742" HPOS="1064"/>
							<String ID="string_101" HPOS="1092" VPOS="737" WIDTH="224" HEIGHT="40" WC="0.92" CONTENT="tillämpning"/><SP WIDTH="27" VPOS="737" HPOS="1316"/>
							<String ID="string_102" HPOS="1343" VPOS="733" WIDTH="272" HEIGHT="41" WC="0.92" CONTENT="departements-"/>
						</TextLine>
						<TextLine ID="line_11" HPOS="133" VPOS="786" WIDTH="1482" HEIGHT="55">
							<String ID="string_103" HPOS="133" VPOS="805" WIDTH="143" HEIGHT="30" WC="0.96" CONTENT="chefens"/><SP WIDTH="24" VPOS="805" HPOS="276"/>
							<String ID="string_104" HPOS="300" VPOS="813" WIDTH="47" HEIGHT="20" WC="0.96" CONTENT="nu"/><SP WIDTH="25" VPOS="813" HPOS="347"/>
							<String ID="string_105" HPOS="372" VPOS="801" WIDTH="193" HEIGHT="40" WC="0.96" CONTENT="framlagda"/><SP WIDTH="26" VPOS="801" HPOS="565"/>
							<String ID="string_106" HPOS="591" VPOS="799" WIDTH="130" HEIGHT="39" WC="0.96" CONTENT="förslag"/><SP WIDTH="25" VPOS="799" HPOS="721"/>
							<String ID="string_107" HPOS="746" VPOS="797" WIDTH="97" HEIGHT="30" WC="0.96" CONTENT="torde"/><SP WIDTH="24" VPOS="797" HPOS="843"/>
							<String ID="string_108" HPOS="867" VPOS="794" WIDTH="178" HEIGHT="33" WC="0.96" CONTENT="innebära,"/><SP WIDTH="24" VPOS="794" HPOS="1045"/>
							<String ID="string_109" HPOS="1069" VPOS="792" WIDTH="59" HEIGHT="29" WC="0.95" CONTENT="vill"/><SP WIDTH="27" VPOS="792" HPOS="1128"/>
							<String ID="string_110" HPOS="1155" VPOS="790" WIDTH="170" HEIGHT="30" WC="0.96" CONTENT="utskottet"/><SP WIDTH="23" VPOS="790" HPOS="1325"/>
							<String ID="string_111" HPOS="1348" VPOS="788" WIDTH="76" HEIGHT="30" WC="0.96" CONTENT="icke"/><SP WIDTH="25" VPOS="788" HPOS="1424"/>
							<String ID="string_112" HPOS="1449" VPOS="786" WIDTH="166" HEIGHT="30" WC="0.96" CONTENT="motsätta"/>
						</TextLine>
						<TextLine ID="line_12" HPOS="135" VPOS="838" WIDTH="1479" HEIGHT="61">
							<String ID="string_113" HPOS="135" VPOS="860" WIDTH="51" HEIGHT="39" WC="0.96" CONTENT="sig"/><SP WIDTH="37" VPOS="860" HPOS="186"/>
							<String ID="string_114" HPOS="223" VPOS="858" WIDTH="215" HEIGHT="30" WC="0.95" CONTENT="densamma."/><SP WIDTH="38" VPOS="858" HPOS="438"/>
							<String ID="string_115" HPOS="476" VPOS="854" WIDTH="175" HEIGHT="31" WC="0.95" CONTENT="Utskottet"/><SP WIDTH="39" VPOS="854" HPOS="651"/>
							<String ID="string_116" HPOS="690" VPOS="852" WIDTH="64" HEIGHT="29" WC="0.96" CONTENT="har"/><SP WIDTH="38" VPOS="852" HPOS="754"/>
							<String ID="string_117" HPOS="792" VPOS="847" WIDTH="192" HEIGHT="33" WC="0.96" CONTENT="emellertid"/><SP WIDTH="40" VPOS="847" HPOS="984"/>
							<String ID="string_118" HPOS="1024" VPOS="846" WIDTH="75" HEIGHT="30" WC="0.95" CONTENT="icke"/><SP WIDTH="39" VPOS="846" HPOS="1099"/>
							<String ID="string_119" HPOS="1138" VPOS="843" WIDTH="120" HEIGHT="31" WC="0.95" CONTENT="funnit"/><SP WIDTH="40" VPOS="843" HPOS="1258"/>
							<String ID="string_120" HPOS="1298" VPOS="842" WIDTH="51" HEIGHT="40" WC="0.96" CONTENT="sig"/><SP WIDTH="38" VPOS="842" HPOS="1349"/>
							<String ID="string_121" HPOS="1387" VPOS="841" WIDTH="122" HEIGHT="29" WC="0.87" CONTENT="kunna"/><SP WIDTH="38" VPOS="841" HPOS="1509"/>
							<String ID="string_122" HPOS="1547" VPOS="838" WIDTH="67" HEIGHT="30" WC="0.51" CONTENT=" till-"/>
						</TextLine>
						<TextLine ID="line_13" HPOS="136" VPOS="892" WIDTH="1479" HEIGHT="60">
							<String ID="string_123" HPOS="136" VPOS="912" WIDTH="120" HEIGHT="40" WC="0.96" CONTENT="styrka"/><SP WIDTH="35" VPOS="912" HPOS="256"/>
							<String ID="string_124" HPOS="291" VPOS="912" WIDTH="49" HEIGHT="28" WC="0.96" CONTENT="att"/><SP WIDTH="35" VPOS="912" HPOS="340"/>
							<String ID="string_125" HPOS="375" VPOS="910" WIDTH="66" HEIGHT="29" WC="0.92" CONTENT="den"/><SP WIDTH="33" VPOS="910" HPOS="441"/>
							<String ID="string_126" HPOS="474" VPOS="926" WIDTH="38" HEIGHT="3" WC="0.91" CONTENT="—"/><SP WIDTH="39" VPOS="926" HPOS="512"/>
							<String ID="string_127" HPOS="551" VPOS="907" WIDTH="44" HEIGHT="40" WC="0.96" CONTENT="på"/><SP WIDTH="35" VPOS="907" HPOS="595"/>
							<String ID="string_128" HPOS="630" VPOS="907" WIDTH="69" HEIGHT="28" WC="0.96" CONTENT="sätt"/><SP WIDTH="35" VPOS="907" HPOS="699"/>
							<String ID="string_129" HPOS="734" VPOS="905" WIDTH="10" HEIGHT="29" WC="0.96" CONTENT="i"/><SP WIDTH="36" VPOS="905" HPOS="744"/>
							<String ID="string_130" HPOS="780" VPOS="902" WIDTH="220" HEIGHT="31" WC="0.96" CONTENT="motionerna"/><SP WIDTH="35" VPOS="902" HPOS="1000"/>
							<String ID="string_131" HPOS="1035" VPOS="901" WIDTH="28" HEIGHT="28" WC="0.95" CONTENT="1:"/><SP WIDTH="18" VPOS="901" HPOS="1063"/>
							<String ID="string_132" HPOS="1081" VPOS="898" WIDTH="62" HEIGHT="30" WC="0.95" CONTENT="144"/><SP WIDTH="37" VPOS="898" HPOS="1143"/>
							<String ID="string_133" HPOS="1180" VPOS="897" WIDTH="64" HEIGHT="30" WC="0.91" CONTENT="och"/><SP WIDTH="35" VPOS="897" HPOS="1244"/>
							<String ID="string_134" HPOS="1279" VPOS="895" WIDTH="124" HEIGHT="30" WC="0.60" CONTENT="II:176"/><SP WIDTH="37" VPOS="895" HPOS="1403"/>
							<String ID="string_135" HPOS="1440" VPOS="892" WIDTH="175" HEIGHT="31" WC="0.92" CONTENT="förordats"/>
						</TextLine>
						<TextLine ID="line_14" HPOS="134" VPOS="945" WIDTH="1482" HEIGHT="59">
							<String ID="string_136" HPOS="134" VPOS="984" WIDTH="43" HEIGHT="3" WC="0.91" CONTENT="—"/><SP WIDTH="36" VPOS="984" HPOS="177"/>
							<String ID="string_137" HPOS="213" VPOS="964" WIDTH="200" HEIGHT="40" WC="0.91" CONTENT="ytterligare"/><SP WIDTH="37" VPOS="964" HPOS="413"/>
							<String ID="string_138" HPOS="450" VPOS="961" WIDTH="159" HEIGHT="39" WC="0.96" CONTENT="utvidgas"/><SP WIDTH="38" VPOS="961" HPOS="609"/>
							<String ID="string_139" HPOS="647" VPOS="961" WIDTH="50" HEIGHT="27" WC="0.96" CONTENT="att"/><SP WIDTH="38" VPOS="961" HPOS="697"/>
							<String ID="string_140" HPOS="735" VPOS="957" WIDTH="149" HEIGHT="30" WC="0.96" CONTENT="omfatta"/><SP WIDTH="39" VPOS="957" HPOS="884"/>
							<String ID="string_141" HPOS="923" VPOS="956" WIDTH="85" HEIGHT="28" WC="0.96" CONTENT="även"/><SP WIDTH="40" VPOS="956" HPOS="1008"/>
							<String ID="string_142" HPOS="1048" VPOS="952" WIDTH="208" HEIGHT="38" WC="0.96" CONTENT="landskapet"/><SP WIDTH="39" VPOS="952" HPOS="1256"/>
							<String ID="string_143" HPOS="1295" VPOS="947" WIDTH="177" HEIGHT="32" WC="0.96" CONTENT="Dalsland."/><SP WIDTH="51" VPOS="947" HPOS="1472"/>
							<String ID="string_144" HPOS="1523" VPOS="945" WIDTH="93" HEIGHT="30" WC="0.95" CONTENT="Även"/>
						</TextLine>
						<TextLine ID="line_15" HPOS="136" VPOS="999" WIDTH="1481" HEIGHT="53">
							<String ID="string_145" HPOS="136" VPOS="1029" WIDTH="57" HEIGHT="20" WC="0.96" CONTENT="om"/><SP WIDTH="29" VPOS="1029" HPOS="193"/>
							<String ID="string_146" HPOS="222" VPOS="1018" WIDTH="170" HEIGHT="30" WC="0.95" CONTENT="utskottet"/><SP WIDTH="28" VPOS="1018" HPOS="392"/>
							<String ID="string_147" HPOS="420" VPOS="1017" WIDTH="10" HEIGHT="29" WC="0.95" CONTENT="i"/><SP WIDTH="31" VPOS="1017" HPOS="430"/>
							<String ID="string_148" HPOS="461" VPOS="1015" WIDTH="64" HEIGHT="29" WC="0.96" CONTENT="och"/><SP WIDTH="29" VPOS="1015" HPOS="525"/>
							<String ID="string_149" HPOS="554" VPOS="1014" WIDTH="56" HEIGHT="30" WC="0.96" CONTENT="för"/><SP WIDTH="28" VPOS="1014" HPOS="610"/>
							<String ID="string_150" HPOS="638" VPOS="1013" WIDTH="51" HEIGHT="39" WC="0.96" CONTENT="sig"/><SP WIDTH="30" VPOS="1013" HPOS="689"/>
							<String ID="string_151" HPOS="719" VPOS="1013" WIDTH="104" HEIGHT="37" WC="0.96" CONTENT="hyser"/><SP WIDTH="29" VPOS="1013" HPOS="823"/>
							<String ID="string_152" HPOS="852" VPOS="1008" WIDTH="182" HEIGHT="31" WC="0.96" CONTENT="förståelse"/><SP WIDTH="31" VPOS="1008" HPOS="1034"/>
							<String ID="string_153" HPOS="1065" VPOS="1006" WIDTH="54" HEIGHT="30" WC="0.96" CONTENT="för"/><SP WIDTH="19" VPOS="1006" HPOS="1119"/>
							<String ID="string_154" HPOS="1138" VPOS="1006" WIDTH="41" HEIGHT="29" WC="0.96" CONTENT="de"/><SP WIDTH="21" VPOS="1006" HPOS="1179"/>
							<String ID="string_155" HPOS="1200" VPOS="1013" WIDTH="41" HEIGHT="21" WC="0.96" CONTENT="av"/><SP WIDTH="20" VPOS="1013" HPOS="1241"/>
							<String ID="string_156" HPOS="1261" VPOS="1002" WIDTH="260" HEIGHT="31" WC="0.96" CONTENT="motionärerna"/><SP WIDTH="18" VPOS="1002" HPOS="1521"/>
							<String ID="string_157" HPOS="1539" VPOS="999" WIDTH="78" HEIGHT="29" WC="0.91" CONTENT="där-"/>
						</TextLine>
						<TextLine ID="line_16" HPOS="139" VPOS="1054" WIDTH="1478" HEIGHT="55">
							<String ID="string_158" HPOS="139" VPOS="1072" WIDTH="55" HEIGHT="29" WC="0.96" CONTENT="vid"/><SP WIDTH="17" VPOS="1072" HPOS="194"/>
							<String ID="string_159" HPOS="211" VPOS="1070" WIDTH="149" HEIGHT="31" WC="0.96" CONTENT="anförda"/><SP WIDTH="17" VPOS="1070" HPOS="360"/>
							<String ID="string_160" HPOS="377" VPOS="1068" WIDTH="263" HEIGHT="41" WC="0.96" CONTENT="synpunkterna"/><SP WIDTH="20" VPOS="1068" HPOS="640"/>
							<String ID="string_161" HPOS="660" VPOS="1065" WIDTH="117" HEIGHT="30" WC="0.96" CONTENT="finner"/><SP WIDTH="18" VPOS="1065" HPOS="777"/>
							<String ID="string_162" HPOS="795" VPOS="1063" WIDTH="170" HEIGHT="29" WC="0.94" CONTENT="utskottet"/><SP WIDTH="17" VPOS="1063" HPOS="965"/>
							<String ID="string_163" HPOS="982" VPOS="1060" WIDTH="89" HEIGHT="30" WC="0.96" CONTENT="dock"/><SP WIDTH="18" VPOS="1060" HPOS="1071"/>
							<String ID="string_164" HPOS="1089" VPOS="1059" WIDTH="66" HEIGHT="29" WC="0.96" CONTENT="den"/><SP WIDTH="17" VPOS="1059" HPOS="1155"/>
							<String ID="string_165" HPOS="1172" VPOS="1059" WIDTH="12" HEIGHT="29" WC="0.96" CONTENT="i"/><SP WIDTH="19" VPOS="1059" HPOS="1184"/>
							<String ID="string_166" HPOS="1203" VPOS="1056" WIDTH="219" HEIGHT="30" WC="0.95" CONTENT="motionerna"/><SP WIDTH="17" VPOS="1056" HPOS="1422"/>
							<String ID="string_167" HPOS="1439" VPOS="1054" WIDTH="178" HEIGHT="39" WC="0.95" CONTENT="upptagna"/>
						</TextLine>
						<TextLine ID="line_17" HPOS="139" VPOS="1105" WIDTH="1479" HEIGHT="59">
							<String ID="string_168" HPOS="139" VPOS="1125" WIDTH="123" HEIGHT="39" WC="0.96" CONTENT="frågan"/><SP WIDTH="23" VPOS="1125" HPOS="262"/>
							<String ID="string_169" HPOS="285" VPOS="1132" WIDTH="57" HEIGHT="21" WC="0.96" CONTENT="om"/><SP WIDTH="22" VPOS="1132" HPOS="342"/>
							<String ID="string_170" HPOS="364" VPOS="1120" WIDTH="245" HEIGHT="42" WC="0.96" CONTENT="utbyggnaden"/><SP WIDTH="23" VPOS="1120" HPOS="609"/>
							<String ID="string_171" HPOS="632" VPOS="1128" WIDTH="42" HEIGHT="21" WC="0.96" CONTENT="av"/><SP WIDTH="23" VPOS="1128" HPOS="674"/>
							<String ID="string_172" HPOS="697" VPOS="1118" WIDTH="66" HEIGHT="30" WC="0.96" CONTENT="den"/><SP WIDTH="23" VPOS="1118" HPOS="763"/>
							<String ID="string_173" HPOS="786" VPOS="1117" WIDTH="73" HEIGHT="29" WC="0.95" CONTENT="s.k."/><SP WIDTH="24" VPOS="1117" HPOS="859"/>
							<String ID="string_174" HPOS="883" VPOS="1112" WIDTH="291" HEIGHT="32" WC="0.91" CONTENT="Dalslandsleden"/><SP WIDTH="22" VPOS="1112" HPOS="1174"/>
							<String ID="string_175" HPOS="1196" VPOS="1110" WIDTH="85" HEIGHT="29" WC="0.96" CONTENT="böra"/><SP WIDTH="23" VPOS="1110" HPOS="1281"/>
							<String ID="string_176" HPOS="1304" VPOS="1107" WIDTH="190" HEIGHT="31" WC="0.96" CONTENT="behandlas"/><SP WIDTH="23" VPOS="1107" HPOS="1494"/>
							<String ID="string_177" HPOS="1517" VPOS="1107" WIDTH="11" HEIGHT="28" WC="0.96" CONTENT="i"/><SP WIDTH="23" VPOS="1107" HPOS="1528"/>
							<String ID="string_178" HPOS="1551" VPOS="1105" WIDTH="67" HEIGHT="30" WC="0.97" CONTENT="den"/>
						</TextLine>
						<TextLine ID="line_18" HPOS="139" VPOS="1168" WIDTH="951" HEIGHT="50">
							<String ID="string_179" HPOS="139" VPOS="1179" WIDTH="53" HEIGHT="29" WC="0.96" CONTENT="för"/><SP WIDTH="20" VPOS="1179" HPOS="192"/>
							<String ID="string_180" HPOS="212" VPOS="1177" WIDTH="171" HEIGHT="41" WC="0.96" CONTENT="prövning"/><SP WIDTH="19" VPOS="1177" HPOS="383"/>
							<String ID="string_181" HPOS="402" VPOS="1185" WIDTH="41" HEIGHT="20" WC="0.93" CONTENT="av"/><SP WIDTH="18" VPOS="1185" HPOS="443"/>
							<String ID="string_182" HPOS="461" VPOS="1172" WIDTH="219" HEIGHT="41" WC="0.91" CONTENT="vägärenden"/><SP WIDTH="21" VPOS="1172" HPOS="680"/>
							<String ID="string_183" HPOS="701" VPOS="1169" WIDTH="165" HEIGHT="40" WC="0.96" CONTENT="stadgade"/><SP WIDTH="20" VPOS="1169" HPOS="866"/>
							<String ID="string_184" HPOS="886" VPOS="1168" WIDTH="204" HEIGHT="37" WC="0.93" CONTENT="ordningen."/>
						</TextLine>
					</TextBlock>
					<TextBlock ID="block_3" HPOS="140" VPOS="1212" WIDTH="1480" HEIGHT="214">
						<TextLine ID="line_19" HPOS="194" VPOS="1212" WIDTH="1425" HEIGHT="57">
							<String ID="string_185" HPOS="194" VPOS="1231" WIDTH="51" HEIGHT="29" WC="0.96" CONTENT="Av"/><SP WIDTH="21" VPOS="1231" HPOS="245"/>
							<String ID="string_186" HPOS="266" VPOS="1230" WIDTH="13" HEIGHT="29" WC="0.96" CONTENT="i"/><SP WIDTH="19" VPOS="1230" HPOS="279"/>
							<String ID="string_187" HPOS="298" VPOS="1229" WIDTH="136" HEIGHT="40" WC="0.96" CONTENT="princip"/><SP WIDTH="22" VPOS="1229" HPOS="434"/>
							<String ID="string_188" HPOS="456" VPOS="1236" WIDTH="134" HEIGHT="21" WC="0.95" CONTENT="samma"/><SP WIDTH="22" VPOS="1236" HPOS="590"/>
							<String ID="string_189" HPOS="612" VPOS="1225" WIDTH="75" HEIGHT="30" WC="0.96" CONTENT="skäl"/><SP WIDTH="23" VPOS="1225" HPOS="687"/>
							<String ID="string_190" HPOS="710" VPOS="1224" WIDTH="116" HEIGHT="29" WC="0.96" CONTENT="finner"/><SP WIDTH="24" VPOS="1224" HPOS="826"/>
							<String ID="string_191" HPOS="850" VPOS="1223" WIDTH="50" HEIGHT="38" WC="0.96" CONTENT="sig"/><SP WIDTH="22" VPOS="1223" HPOS="900"/>
							<String ID="string_192" HPOS="922" VPOS="1220" WIDTH="171" HEIGHT="30" WC="0.95" CONTENT="utskottet"/><SP WIDTH="22" VPOS="1220" HPOS="1093"/>
							<String ID="string_193" HPOS="1115" VPOS="1218" WIDTH="30" HEIGHT="40" WC="0.96" CONTENT="ej"/><SP WIDTH="27" VPOS="1218" HPOS="1145"/>
							<String ID="string_194" HPOS="1172" VPOS="1217" WIDTH="107" HEIGHT="30" WC="0.96" CONTENT="heller"/><SP WIDTH="22" VPOS="1217" HPOS="1279"/>
							<String ID="string_195" HPOS="1301" VPOS="1216" WIDTH="120" HEIGHT="29" WC="0.96" CONTENT="kunna"/><SP WIDTH="22" VPOS="1216" HPOS="1421"/>
							<String ID="string_196" HPOS="1443" VPOS="1212" WIDTH="176" HEIGHT="40" WC="0.96" CONTENT="tillstyrka"/>
						</TextLine>
						<TextLine ID="line_20" HPOS="141" VPOS="1265" WIDTH="1478" HEIGHT="49">
							<String ID="string_197" HPOS="141" VPOS="1285" WIDTH="39" HEIGHT="29" WC="0.96" CONTENT="de"/><SP WIDTH="21" VPOS="1285" HPOS="180"/>
							<String ID="string_198" HPOS="201" VPOS="1285" WIDTH="10" HEIGHT="29" WC="0.96" CONTENT="i"/><SP WIDTH="22" VPOS="1285" HPOS="211"/>
							<String ID="string_199" HPOS="233" VPOS="1284" WIDTH="218" HEIGHT="29" WC="0.96" CONTENT="motionerna"/><SP WIDTH="22" VPOS="1284" HPOS="451"/>
							<String ID="string_200" HPOS="473" VPOS="1281" WIDTH="28" HEIGHT="29" WC="0.93" CONTENT="1:"/><SP WIDTH="17" VPOS="1281" HPOS="501"/>
							<String ID="string_201" HPOS="518" VPOS="1280" WIDTH="61" HEIGHT="30" WC="0.95" CONTENT="353"/><SP WIDTH="21" VPOS="1280" HPOS="579"/>
							<String ID="string_202" HPOS="600" VPOS="1279" WIDTH="64" HEIGHT="29" WC="0.96" CONTENT="och"/><SP WIDTH="23" VPOS="1279" HPOS="664"/>
							<String ID="string_203" HPOS="687" VPOS="1278" WIDTH="44" HEIGHT="29" WC="0.96" CONTENT="II:"/><SP WIDTH="17" VPOS="1278" HPOS="731"/>
							<String ID="string_204" HPOS="748" VPOS="1277" WIDTH="60" HEIGHT="29" WC="0.96" CONTENT="421"/><SP WIDTH="25" VPOS="1277" HPOS="808"/>
							<String ID="string_205" HPOS="833" VPOS="1273" WIDTH="221" HEIGHT="32" WC="0.96" CONTENT="framställda"/><SP WIDTH="21" VPOS="1273" HPOS="1054"/>
							<String ID="string_206" HPOS="1075" VPOS="1271" WIDTH="205" HEIGHT="40" WC="0.96" CONTENT="yrkandena"/><SP WIDTH="21" VPOS="1271" HPOS="1280"/>
							<String ID="string_207" HPOS="1301" VPOS="1267" WIDTH="148" HEIGHT="32" WC="0.96" CONTENT="rörande"/><SP WIDTH="22" VPOS="1267" HPOS="1449"/>
							<String ID="string_208" HPOS="1471" VPOS="1276" WIDTH="42" HEIGHT="20" WC="0.96" CONTENT="en"/><SP WIDTH="20" VPOS="1276" HPOS="1513"/>
							<String ID="string_209" HPOS="1533" VPOS="1265" WIDTH="86" HEIGHT="39" WC="0.96" CONTENT="höjd"/>
						</TextLine>
						<TextLine ID="line_21" HPOS="140" VPOS="1319" WIDTH="1480" HEIGHT="57">
							<String ID="string_210" HPOS="140" VPOS="1338" WIDTH="218" HEIGHT="38" WC="0.90" CONTENT="anslagsram"/><SP WIDTH="19" VPOS="1338" HPOS="358"/>
							<String ID="string_211" HPOS="377" VPOS="1335" WIDTH="54" HEIGHT="30" WC="0.93" CONTENT="för"/><SP WIDTH="20" VPOS="1335" HPOS="431"/>
							<String ID="string_212" HPOS="451" VPOS="1331" WIDTH="275" HEIGHT="42" WC="0.91" CONTENT="möjliggörande"/><SP WIDTH="20" VPOS="1331" HPOS="726"/>
							<String ID="string_213" HPOS="746" VPOS="1340" WIDTH="42" HEIGHT="20" WC="0.95" CONTENT="av"/><SP WIDTH="19" VPOS="1340" HPOS="788"/>
							<String ID="string_214" HPOS="807" VPOS="1339" WIDTH="41" HEIGHT="19" WC="0.95" CONTENT="en"/><SP WIDTH="20" VPOS="1339" HPOS="848"/>
							<String ID="string_215" HPOS="868" VPOS="1327" WIDTH="190" HEIGHT="40" WC="0.95" CONTENT="godtagbar"/><SP WIDTH="19" VPOS="1327" HPOS="1058"/>
							<String ID="string_216" HPOS="1077" VPOS="1323" WIDTH="201" HEIGHT="41" WC="0.96" CONTENT="utbyggnad"/><SP WIDTH="21" VPOS="1323" HPOS="1278"/>
							<String ID="string_217" HPOS="1299" VPOS="1331" WIDTH="42" HEIGHT="20" WC="0.93" CONTENT="av"/><SP WIDTH="17" VPOS="1331" HPOS="1341"/>
							<String ID="string_218" HPOS="1358" VPOS="1320" WIDTH="232" HEIGHT="40" WC="0.92" CONTENT="vägsystemet"/><SP WIDTH="20" VPOS="1320" HPOS="1590"/>
							<String ID="string_219" HPOS="1610" VPOS="1319" WIDTH="10" HEIGHT="29" WC="0.96" CONTENT="i"/>
						</TextLine>
						<TextLine ID="line_22" HPOS="142" VPOS="1387" WIDTH="471" HEIGHT="39">
							<String ID="string_220" HPOS="142" VPOS="1387" WIDTH="471" HEIGHT="39" WC="0.91" CONTENT="storstockholmsräjongen."/>
						</TextLine>
					</TextBlock>
					<TextBlock ID="block_4" HPOS="142" VPOS="1425" WIDTH="1481" HEIGHT="218">
						<TextLine ID="line_23" HPOS="196" VPOS="1425" WIDTH="1426" HEIGHT="58">
							<String ID="string_221" HPOS="196" VPOS="1439" WIDTH="410" HEIGHT="44" WC="0.91" CONTENT="Departementschefens"/><SP WIDTH="27" VPOS="1439" HPOS="606"/>
							<String ID="string_222" HPOS="633" VPOS="1436" WIDTH="193" HEIGHT="39" WC="0.96" CONTENT="beräkning"/><SP WIDTH="27" VPOS="1436" HPOS="826"/>
							<String ID="string_223" HPOS="853" VPOS="1444" WIDTH="41" HEIGHT="20" WC="0.96" CONTENT="av"/><SP WIDTH="27" VPOS="1444" HPOS="894"/>
							<String ID="string_224" HPOS="921" VPOS="1433" WIDTH="156" HEIGHT="38" WC="0.94" CONTENT="anslaget"/><SP WIDTH="27" VPOS="1433" HPOS="1077"/>
							<String ID="string_225" HPOS="1104" VPOS="1431" WIDTH="52" HEIGHT="29" WC="0.96" CONTENT="till"/><SP WIDTH="26" VPOS="1431" HPOS="1156"/>
							<String ID="string_226" HPOS="1182" VPOS="1429" WIDTH="57" HEIGHT="30" WC="0.96" CONTENT="det"/><SP WIDTH="27" VPOS="1429" HPOS="1239"/>
							<String ID="string_227" HPOS="1266" VPOS="1428" WIDTH="139" HEIGHT="38" WC="0.93" CONTENT="statliga"/><SP WIDTH="25" VPOS="1428" HPOS="1405"/>
							<String ID="string_228" HPOS="1430" VPOS="1425" WIDTH="192" HEIGHT="40" WC="0.92" CONTENT="vägunder-"/>
						</TextLine>
						<TextLine ID="line_24" HPOS="142" VPOS="1477" WIDTH="1480" HEIGHT="50">
							<String ID="string_229" HPOS="142" VPOS="1497" WIDTH="107" HEIGHT="30" WC="0.93" CONTENT="hållet"/><SP WIDTH="19" VPOS="1497" HPOS="249"/>
							<String ID="string_230" HPOS="268" VPOS="1494" WIDTH="153" HEIGHT="31" WC="0.91" CONTENT="biträdes"/><SP WIDTH="20" VPOS="1494" HPOS="421"/>
							<String ID="string_231" HPOS="441" VPOS="1503" WIDTH="42" HEIGHT="20" WC="0.96" CONTENT="av"/><SP WIDTH="20" VPOS="1503" HPOS="483"/>
							<String ID="string_232" HPOS="503" VPOS="1493" WIDTH="179" HEIGHT="28" WC="0.96" CONTENT="utskottet."/><SP WIDTH="21" VPOS="1493" HPOS="682"/>
							<String ID="string_233" HPOS="703" VPOS="1491" WIDTH="49" HEIGHT="28" WC="0.96" CONTENT="De"/><SP WIDTH="21" VPOS="1491" HPOS="752"/>
							<String ID="string_234" HPOS="773" VPOS="1489" WIDTH="10" HEIGHT="29" WC="0.96" CONTENT="i"/><SP WIDTH="19" VPOS="1489" HPOS="783"/>
							<String ID="string_235" HPOS="802" VPOS="1488" WIDTH="220" HEIGHT="29" WC="0.96" CONTENT="motionerna"/><SP WIDTH="21" VPOS="1488" HPOS="1022"/>
							<String ID="string_236" HPOS="1043" VPOS="1485" WIDTH="28" HEIGHT="28" WC="0.95" CONTENT="I:"/><SP WIDTH="17" VPOS="1485" HPOS="1071"/>
							<String ID="string_237" HPOS="1088" VPOS="1483" WIDTH="63" HEIGHT="31" WC="0.95" CONTENT="354"/><SP WIDTH="21" VPOS="1483" HPOS="1151"/>
							<String ID="string_238" HPOS="1172" VPOS="1483" WIDTH="64" HEIGHT="29" WC="0.96" CONTENT="och"/><SP WIDTH="21" VPOS="1483" HPOS="1236"/>
							<String ID="string_239" HPOS="1257" VPOS="1482" WIDTH="45" HEIGHT="29" WC="0.95" CONTENT="II:"/><SP WIDTH="17" VPOS="1482" HPOS="1302"/>
							<String ID="string_240" HPOS="1319" VPOS="1481" WIDTH="63" HEIGHT="29" WC="0.96" CONTENT="416"/><SP WIDTH="21" VPOS="1481" HPOS="1382"/>
							<String ID="string_241" HPOS="1403" VPOS="1482" WIDTH="90" HEIGHT="28" WC="0.96" CONTENT="samt"/><SP WIDTH="22" VPOS="1482" HPOS="1493"/>
							<String ID="string_242" HPOS="1515" VPOS="1479" WIDTH="28" HEIGHT="28" WC="0.94" CONTENT="1:"/><SP WIDTH="16" VPOS="1479" HPOS="1543"/>
							<String ID="string_243" HPOS="1559" VPOS="1477" WIDTH="63" HEIGHT="31" WC="0.94" CONTENT="360"/>
						</TextLine>
						<TextLine ID="line_25" HPOS="142" VPOS="1531" WIDTH="1481" HEIGHT="53">
							<String ID="string_244" HPOS="142" VPOS="1550" WIDTH="63" HEIGHT="30" WC="0.96" CONTENT="och"/><SP WIDTH="21" VPOS="1550" HPOS="205"/>
							<String ID="string_245" HPOS="226" VPOS="1549" WIDTH="44" HEIGHT="29" WC="0.92" CONTENT="II:"/><SP WIDTH="17" VPOS="1549" HPOS="270"/>
							<String ID="string_246" HPOS="287" VPOS="1548" WIDTH="63" HEIGHT="29" WC="0.96" CONTENT="419"/><SP WIDTH="19" VPOS="1548" HPOS="350"/>
							<String ID="string_247" HPOS="369" VPOS="1545" WIDTH="194" HEIGHT="31" WC="0.96" CONTENT="framförda"/><SP WIDTH="18" VPOS="1545" HPOS="563"/>
							<String ID="string_248" HPOS="581" VPOS="1543" WIDTH="204" HEIGHT="41" WC="0.96" CONTENT="yrkandena"/><SP WIDTH="19" VPOS="1543" HPOS="785"/>
							<String ID="string_249" HPOS="804" VPOS="1550" WIDTH="55" HEIGHT="20" WC="0.96" CONTENT="om"/><SP WIDTH="19" VPOS="1550" HPOS="859"/>
							<String ID="string_250" HPOS="878" VPOS="1539" WIDTH="148" HEIGHT="39" WC="0.96" CONTENT="höjning"/><SP WIDTH="19" VPOS="1539" HPOS="1026"/>
							<String ID="string_251" HPOS="1045" VPOS="1547" WIDTH="40" HEIGHT="20" WC="0.96" CONTENT="av"/><SP WIDTH="20" VPOS="1547" HPOS="1085"/>
							<String ID="string_252" HPOS="1105" VPOS="1537" WIDTH="157" HEIGHT="38" WC="0.93" CONTENT="anslaget"/><SP WIDTH="19" VPOS="1537" HPOS="1262"/>
							<String ID="string_253" HPOS="1281" VPOS="1534" WIDTH="180" HEIGHT="39" WC="0.91" CONTENT="avstyrkes"/><SP WIDTH="19" VPOS="1534" HPOS="1461"/>
							<String ID="string_254" HPOS="1480" VPOS="1531" WIDTH="143" HEIGHT="40" WC="0.92" CONTENT="följakt-"/>
						</TextLine>
						<TextLine ID="line_26" HPOS="144" VPOS="1604" WIDTH="100" HEIGHT="39">
							<String ID="string_255" HPOS="144" VPOS="1604" WIDTH="100" HEIGHT="39" WC="0.96" CONTENT="ligen."/>
						</TextLine>
					</TextBlock>
					<TextBlock ID="block_5" HPOS="144" VPOS="1639" WIDTH="1482" HEIGHT="268">
						<TextLine ID="line_27" HPOS="199" VPOS="1639" WIDTH="1426" HEIGHT="50">
							<String ID="string_256" HPOS="199" VPOS="1653" WIDTH="226" HEIGHT="32" WC="0.96" CONTENT="Beträffande"/><SP WIDTH="28" VPOS="1653" HPOS="425"/>
							<String ID="string_257" HPOS="453" VPOS="1652" WIDTH="65" HEIGHT="30" WC="0.96" CONTENT="den"/><SP WIDTH="27" VPOS="1652" HPOS="518"/>
							<String ID="string_258" HPOS="545" VPOS="1661" WIDTH="41" HEIGHT="20" WC="0.92" CONTENT="av"/><SP WIDTH="26" VPOS="1661" HPOS="586"/>
							<String ID="string_259" HPOS="612" VPOS="1651" WIDTH="77" HEIGHT="38" WC="0.92" CONTENT="väg-"/><SP WIDTH="27" VPOS="1651" HPOS="689"/>
							<String ID="string_260" HPOS="716" VPOS="1649" WIDTH="65" HEIGHT="30" WC="0.93" CONTENT="och"/><SP WIDTH="26" VPOS="1649" HPOS="781"/>
							<String ID="string_261" HPOS="807" VPOS="1642" WIDTH="474" HEIGHT="43" WC="0.91" CONTENT="vattenbyggnadsstyrelsen"/><SP WIDTH="26" VPOS="1642" HPOS="1281"/>
							<String ID="string_262" HPOS="1307" VPOS="1640" WIDTH="197" HEIGHT="39" WC="0.93" CONTENT="föreslagna"/><SP WIDTH="26" VPOS="1640" HPOS="1504"/>
							<String ID="string_263" HPOS="1530" VPOS="1639" WIDTH="95" HEIGHT="29" WC="0.58" CONTENT="över-"/>
						</TextLine>
						<TextLine ID="line_28" HPOS="144" VPOS="1692" WIDTH="1481" HEIGHT="57">
							<String ID="string_264" HPOS="144" VPOS="1709" WIDTH="134" HEIGHT="40" WC="0.96" CONTENT="gången"/><SP WIDTH="25" VPOS="1709" HPOS="278"/>
							<String ID="string_265" HPOS="303" VPOS="1708" WIDTH="51" HEIGHT="29" WC="0.92" CONTENT="till"/><SP WIDTH="25" VPOS="1708" HPOS="354"/>
							<String ID="string_266" HPOS="379" VPOS="1703" WIDTH="421" HEIGHT="38" WC="0.91" CONTENT="kalenderårsberäkning"/><SP WIDTH="24" VPOS="1703" HPOS="800"/>
							<String ID="string_267" HPOS="824" VPOS="1710" WIDTH="41" HEIGHT="21" WC="0.96" CONTENT="av"/><SP WIDTH="24" VPOS="1710" HPOS="865"/>
							<String ID="string_268" HPOS="889" VPOS="1697" WIDTH="268" HEIGHT="41" WC="0.96" CONTENT="ifrågavarande"/><SP WIDTH="26" VPOS="1697" HPOS="1157"/>
							<String ID="string_269" HPOS="1183" VPOS="1696" WIDTH="121" HEIGHT="38" WC="0.96" CONTENT="anslag"/><SP WIDTH="25" VPOS="1696" HPOS="1304"/>
							<String ID="string_270" HPOS="1329" VPOS="1702" WIDTH="101" HEIGHT="21" WC="0.96" CONTENT="anser"/><SP WIDTH="25" VPOS="1702" HPOS="1430"/>
							<String ID="string_271" HPOS="1455" VPOS="1692" WIDTH="170" HEIGHT="30" WC="0.96" CONTENT="utskottet"/>
						</TextLine>
						<TextLine ID="line_29" HPOS="145" VPOS="1745" WIDTH="1480" HEIGHT="47">
							<String ID="string_272" HPOS="145" VPOS="1762" WIDTH="75" HEIGHT="30" WC="0.96" CONTENT="skäl"/><SP WIDTH="19" VPOS="1762" HPOS="220"/>
							<String ID="string_273" HPOS="239" VPOS="1762" WIDTH="71" HEIGHT="29" WC="0.96" CONTENT="tala"/><SP WIDTH="17" VPOS="1762" HPOS="310"/>
							<String ID="string_274" HPOS="327" VPOS="1759" WIDTH="130" HEIGHT="31" WC="0.96" CONTENT="härför."/><SP WIDTH="21" VPOS="1759" HPOS="457"/>
							<String ID="string_275" HPOS="478" VPOS="1758" WIDTH="174" HEIGHT="30" WC="0.96" CONTENT="Utskottet"/><SP WIDTH="19" VPOS="1758" HPOS="652"/>
							<String ID="string_276" HPOS="671" VPOS="1756" WIDTH="117" HEIGHT="29" WC="0.96" CONTENT="finner"/><SP WIDTH="19" VPOS="1756" HPOS="788"/>
							<String ID="string_277" HPOS="807" VPOS="1754" WIDTH="56" HEIGHT="29" WC="0.96" CONTENT="det"/><SP WIDTH="19" VPOS="1754" HPOS="863"/>
							<String ID="string_278" HPOS="882" VPOS="1752" WIDTH="121" HEIGHT="30" WC="0.96" CONTENT="därför"/><SP WIDTH="19" VPOS="1752" HPOS="1003"/>
							<String ID="string_279" HPOS="1022" VPOS="1750" WIDTH="167" HEIGHT="30" WC="0.96" CONTENT="önskvärt"/><SP WIDTH="20" VPOS="1750" HPOS="1189"/>
							<String ID="string_280" HPOS="1209" VPOS="1751" WIDTH="50" HEIGHT="27" WC="0.95" CONTENT="att"/><SP WIDTH="19" VPOS="1751" HPOS="1259"/>
							<String ID="string_281" HPOS="1278" VPOS="1747" WIDTH="126" HEIGHT="39" WC="0.94" CONTENT="Kungl."/><SP WIDTH="19" VPOS="1747" HPOS="1404"/>
							<String ID="string_282" HPOS="1423" VPOS="1745" WIDTH="106" HEIGHT="40" WC="0.93" CONTENT="Maj:t"/><SP WIDTH="19" VPOS="1745" HPOS="1529"/>
							<String ID="string_283" HPOS="1548" VPOS="1753" WIDTH="77" HEIGHT="20" WC="0.89" CONTENT="sna-"/>
						</TextLine>
						<TextLine ID="line_30" HPOS="144" VPOS="1798" WIDTH="1482" HEIGHT="56">
							<String ID="string_284" HPOS="144" VPOS="1817" WIDTH="73" HEIGHT="28" WC="0.96" CONTENT="rast"/><SP WIDTH="24" VPOS="1817" HPOS="217"/>
							<String ID="string_285" HPOS="241" VPOS="1816" WIDTH="125" HEIGHT="38" WC="0.96" CONTENT="prövar"/><SP WIDTH="25" VPOS="1816" HPOS="366"/>
							<String ID="string_286" HPOS="391" VPOS="1811" WIDTH="266" HEIGHT="40" WC="0.96" CONTENT="möjligheterna"/><SP WIDTH="25" VPOS="1811" HPOS="657"/>
							<String ID="string_287" HPOS="682" VPOS="1809" WIDTH="51" HEIGHT="30" WC="0.95" CONTENT="till"/><SP WIDTH="26" VPOS="1809" HPOS="733"/>
							<String ID="string_288" HPOS="759" VPOS="1817" WIDTH="41" HEIGHT="20" WC="0.96" CONTENT="en"/><SP WIDTH="26" VPOS="1817" HPOS="800"/>
							<String ID="string_289" HPOS="826" VPOS="1807" WIDTH="108" HEIGHT="30" WC="0.96" CONTENT="sådan"/><SP WIDTH="27" VPOS="1807" HPOS="934"/>
							<String ID="string_290" HPOS="961" VPOS="1805" WIDTH="147" HEIGHT="38" WC="0.96" CONTENT="ändring"/><SP WIDTH="25" VPOS="1805" HPOS="1108"/>
							<String ID="string_291" HPOS="1133" VPOS="1803" WIDTH="65" HEIGHT="29" WC="0.93" CONTENT="och"/><SP WIDTH="25" VPOS="1803" HPOS="1198"/>
							<String ID="string_292" HPOS="1223" VPOS="1801" WIDTH="192" HEIGHT="39" WC="0.92" CONTENT="förelägger"/><SP WIDTH="23" VPOS="1801" HPOS="1415"/>
							<String ID="string_293" HPOS="1438" VPOS="1798" WIDTH="188" HEIGHT="39" WC="0.96" CONTENT="riksdagen"/>
						</TextLine>
						<TextLine ID="line_31" HPOS="146" VPOS="1868" WIDTH="288" HEIGHT="39">
							<String ID="string_294" HPOS="146" VPOS="1869" WIDTH="131" HEIGHT="38" WC="0.96" CONTENT="förslag"/><SP WIDTH="24" VPOS="1869" HPOS="277"/>
							<String ID="string_295" HPOS="301" VPOS="1868" WIDTH="133" HEIGHT="28" WC="0.96" CONTENT="härom."/>
						</TextLine>
					</TextBlock>
					<TextBlock ID="block_6" HPOS="201" VPOS="1904" WIDTH="1427" HEIGHT="55">
						<TextLine ID="line_32" HPOS="201" VPOS="1904" WIDTH="1427" HEIGHT="55">
							<String ID="string_296" HPOS="201" VPOS="1920" WIDTH="175" HEIGHT="39" WC="0.96" CONTENT="Anslagen"/><SP WIDTH="21" VPOS="1920" HPOS="376"/>
							<String ID="string_297" HPOS="397" VPOS="1919" WIDTH="51" HEIGHT="28" WC="0.96" CONTENT="till"/><SP WIDTH="22" VPOS="1919" HPOS="448"/>
							<String ID="string_298" HPOS="470" VPOS="1917" WIDTH="66" HEIGHT="29" WC="0.93" CONTENT="den"/><SP WIDTH="22" VPOS="1917" HPOS="536"/>
							<String ID="string_299" HPOS="558" VPOS="1911" WIDTH="446" HEIGHT="41" WC="0.84" CONTENT="statsbidragsberättigade"/><SP WIDTH="20" VPOS="1911" HPOS="1004"/>
							<String ID="string_300" HPOS="1024" VPOS="1907" WIDTH="228" HEIGHT="31" WC="0.95" CONTENT="kommunala"/><SP WIDTH="23" VPOS="1907" HPOS="1252"/>
							<String ID="string_301" HPOS="1275" VPOS="1905" WIDTH="267" HEIGHT="40" WC="0.95" CONTENT="väghållningen"/><SP WIDTH="21" VPOS="1905" HPOS="1542"/>
							<String ID="string_302" HPOS="1563" VPOS="1904" WIDTH="65" HEIGHT="28" WC="0.96" CONTENT="har"/>
						</TextLine>
					</TextBlock>
				</ComposedBlock>
				<ComposedBlock ID="cblock_2" HPOS="147" VPOS="1958" WIDTH="1481" HEIGHT="106">
					<TextBlock ID="block_7" HPOS="147" VPOS="1958" WIDTH="1481" HEIGHT="106">
						<TextLine ID="line_33" HPOS="150" VPOS="1958" WIDTH="1478" HEIGHT="56">
							<String ID="string_303" HPOS="150" VPOS="1973" WIDTH="175" HEIGHT="41" WC="0.96" CONTENT="upptagits"/><SP WIDTH="24" VPOS="1973" HPOS="325"/>
							<String ID="string_304" HPOS="349" VPOS="1971" WIDTH="77" HEIGHT="30" WC="0.96" CONTENT="med"/><SP WIDTH="24" VPOS="1971" HPOS="426"/>
							<String ID="string_305" HPOS="450" VPOS="1970" WIDTH="61" HEIGHT="30" WC="0.96" CONTENT="215"/><SP WIDTH="25" VPOS="1970" HPOS="511"/>
							<String ID="string_306" HPOS="536" VPOS="1969" WIDTH="88" HEIGHT="29" WC="0.96" CONTENT="mkr."/><SP WIDTH="24" VPOS="1969" HPOS="624"/>
							<String ID="string_307" HPOS="648" VPOS="1968" WIDTH="51" HEIGHT="29" WC="0.96" CONTENT="till"/><SP WIDTH="24" VPOS="1968" HPOS="699"/>
							<String ID="string_308" HPOS="723" VPOS="1965" WIDTH="180" HEIGHT="41" WC="0.96" CONTENT="byggande"/><SP WIDTH="23" VPOS="1965" HPOS="903"/>
							<String ID="string_309" HPOS="926" VPOS="1973" WIDTH="41" HEIGHT="20" WC="0.96" CONTENT="av"/><SP WIDTH="23" VPOS="1973" HPOS="967"/>
							<String ID="string_310" HPOS="990" VPOS="1963" WIDTH="105" HEIGHT="38" WC="0.96" CONTENT="vägar"/><SP WIDTH="22" VPOS="1963" HPOS="1095"/>
							<String ID="string_311" HPOS="1117" VPOS="1961" WIDTH="65" HEIGHT="29" WC="0.96" CONTENT="och"/><SP WIDTH="24" VPOS="1961" HPOS="1182"/>
							<String ID="string_312" HPOS="1206" VPOS="1962" WIDTH="97" HEIGHT="37" WC="0.93" CONTENT="gator"/><SP WIDTH="22" VPOS="1962" HPOS="1303"/>
							<String ID="string_313" HPOS="1325" VPOS="1976" WIDTH="44" HEIGHT="4" WC="0.41" CONTENT="-—"/><SP WIDTH="21" VPOS="1976" HPOS="1369"/>
							<String ID="string_314" HPOS="1390" VPOS="1960" WIDTH="73" HEIGHT="28" WC="0.96" CONTENT="mot"/><SP WIDTH="22" VPOS="1960" HPOS="1463"/>
							<String ID="string_315" HPOS="1485" VPOS="1967" WIDTH="42" HEIGHT="20" WC="0.93" CONTENT="av"/><SP WIDTH="22" VPOS="1967" HPOS="1527"/>
							<String ID="string_316" HPOS="1549" VPOS="1958" WIDTH="79" HEIGHT="38" WC="0.92" CONTENT="väg-"/>
						</TextLine>
						<TextLine ID="line_34" HPOS="147" VPOS="2009" WIDTH="1481" HEIGHT="55">
							<String ID="string_317" HPOS="147" VPOS="2028" WIDTH="64" HEIGHT="29" WC="0.92" CONTENT="och"/><SP WIDTH="23" VPOS="2028" HPOS="211"/>
							<String ID="string_318" HPOS="234" VPOS="2021" WIDTH="472" HEIGHT="43" WC="0.91" CONTENT="vattenbyggnadsstyrelsen"/><SP WIDTH="24" VPOS="2021" HPOS="706"/>
							<String ID="string_319" HPOS="730" VPOS="2019" WIDTH="198" HEIGHT="38" WC="0.96" CONTENT="föreslagna"/><SP WIDTH="23" VPOS="2019" HPOS="928"/>
							<String ID="string_320" HPOS="951" VPOS="2016" WIDTH="62" HEIGHT="30" WC="0.95" CONTENT="225"/><SP WIDTH="24" VPOS="2016" HPOS="1013"/>
							<String ID="string_321" HPOS="1037" VPOS="2015" WIDTH="101" HEIGHT="33" WC="0.90" CONTENT="mkr.,"/><SP WIDTH="23" VPOS="2015" HPOS="1138"/>
							<String ID="string_322" HPOS="1161" VPOS="2032" WIDTH="31" HEIGHT="3" WC="0.91" CONTENT="—"/><SP WIDTH="35" VPOS="2032" HPOS="1192"/>
							<String ID="string_323" HPOS="1227" VPOS="2015" WIDTH="91" HEIGHT="27" WC="0.95" CONTENT="samt"/><SP WIDTH="23" VPOS="2015" HPOS="1318"/>
							<String ID="string_324" HPOS="1341" VPOS="2013" WIDTH="8" HEIGHT="29" WC="0.96" CONTENT="i"/><SP WIDTH="26" VPOS="2013" HPOS="1349"/>
							<String ID="string_325" HPOS="1375" VPOS="2011" WIDTH="151" HEIGHT="39" WC="0.96" CONTENT="enlighet"/><SP WIDTH="23" VPOS="2011" HPOS="1526"/>
							<String ID="string_326" HPOS="1549" VPOS="2009" WIDTH="79" HEIGHT="30" WC="0.96" CONTENT="med"/>
						</TextLine>
					</TextBlock>
				</ComposedBlock>
				<ComposedBlock ID="cblock_3" HPOS="149" VPOS="2063" WIDTH="1485" HEIGHT="477">
					<TextBlock ID="block_8" HPOS="149" VPOS="2063" WIDTH="1481" HEIGHT="213">
						<TextLine ID="line_35" HPOS="149" VPOS="2063" WIDTH="1479" HEIGHT="56">
							<String ID="string_327" HPOS="149" VPOS="2080" WIDTH="188" HEIGHT="39" WC="0.95" CONTENT="styrelsens"/><SP WIDTH="21" VPOS="2080" HPOS="337"/>
							<String ID="string_328" HPOS="358" VPOS="2077" WIDTH="130" HEIGHT="38" WC="0.96" CONTENT="förslag"/><SP WIDTH="19" VPOS="2077" HPOS="488"/>
							<String ID="string_329" HPOS="507" VPOS="2075" WIDTH="77" HEIGHT="29" WC="0.96" CONTENT="med"/><SP WIDTH="22" VPOS="2075" HPOS="584"/>
							<String ID="string_330" HPOS="606" VPOS="2075" WIDTH="40" HEIGHT="29" WC="0.96" CONTENT="68"/><SP WIDTH="20" VPOS="2075" HPOS="646"/>
							<String ID="string_331" HPOS="666" VPOS="2074" WIDTH="90" HEIGHT="28" WC="0.96" CONTENT="mkr."/><SP WIDTH="21" VPOS="2074" HPOS="756"/>
							<String ID="string_332" HPOS="777" VPOS="2072" WIDTH="51" HEIGHT="29" WC="0.96" CONTENT="till"/><SP WIDTH="22" VPOS="2072" HPOS="828"/>
							<String ID="string_333" HPOS="850" VPOS="2069" WIDTH="183" HEIGHT="31" WC="0.95" CONTENT="underhåll"/><SP WIDTH="22" VPOS="2069" HPOS="1033"/>
							<String ID="string_334" HPOS="1055" VPOS="2078" WIDTH="41" HEIGHT="19" WC="0.96" CONTENT="av"/><SP WIDTH="18" VPOS="2078" HPOS="1096"/>
							<String ID="string_335" HPOS="1114" VPOS="2069" WIDTH="106" HEIGHT="36" WC="0.95" CONTENT="vägar"/><SP WIDTH="21" VPOS="2069" HPOS="1220"/>
							<String ID="string_336" HPOS="1241" VPOS="2066" WIDTH="64" HEIGHT="30" WC="0.96" CONTENT="och"/><SP WIDTH="21" VPOS="2066" HPOS="1305"/>
							<String ID="string_337" HPOS="1326" VPOS="2067" WIDTH="106" HEIGHT="37" WC="0.96" CONTENT="gator."/><SP WIDTH="21" VPOS="2067" HPOS="1432"/>
							<String ID="string_338" HPOS="1453" VPOS="2063" WIDTH="175" HEIGHT="30" WC="0.96" CONTENT="Utskottet"/>
						</TextLine>
						<TextLine ID="line_36" HPOS="149" VPOS="2115" WIDTH="1480" HEIGHT="56">
							<String ID="string_339" HPOS="149" VPOS="2133" WIDTH="164" HEIGHT="38" WC="0.90" CONTENT="godtager"/><SP WIDTH="21" VPOS="2133" HPOS="313"/>
							<String ID="string_340" HPOS="334" VPOS="2130" WIDTH="53" HEIGHT="30" WC="0.96" CONTENT="för"/><SP WIDTH="21" VPOS="2130" HPOS="387"/>
							<String ID="string_341" HPOS="408" VPOS="2130" WIDTH="53" HEIGHT="29" WC="0.96" CONTENT="sin"/><SP WIDTH="21" VPOS="2130" HPOS="461"/>
							<String ID="string_342" HPOS="482" VPOS="2128" WIDTH="52" HEIGHT="29" WC="0.96" CONTENT="del"/><SP WIDTH="25" VPOS="2128" HPOS="534"/>
							<String ID="string_343" HPOS="559" VPOS="2127" WIDTH="123" HEIGHT="38" WC="0.95" CONTENT="Kungl."/><SP WIDTH="22" VPOS="2127" HPOS="682"/>
							<String ID="string_344" HPOS="704" VPOS="2125" WIDTH="124" HEIGHT="38" WC="0.96" CONTENT="Maj:ts"/><SP WIDTH="20" VPOS="2125" HPOS="828"/>
							<String ID="string_345" HPOS="848" VPOS="2123" WIDTH="131" HEIGHT="38" WC="0.96" CONTENT="förslag"/><SP WIDTH="21" VPOS="2123" HPOS="979"/>
							<String ID="string_346" HPOS="1000" VPOS="2121" WIDTH="64" HEIGHT="29" WC="0.96" CONTENT="och"/><SP WIDTH="21" VPOS="2121" HPOS="1064"/>
							<String ID="string_347" HPOS="1085" VPOS="2120" WIDTH="182" HEIGHT="38" WC="0.96" CONTENT="avstyrker"/><SP WIDTH="21" VPOS="2120" HPOS="1267"/>
							<String ID="string_348" HPOS="1288" VPOS="2117" WIDTH="222" HEIGHT="40" WC="0.96" CONTENT="följaktligen"/><SP WIDTH="20" VPOS="2117" HPOS="1510"/>
							<String ID="string_349" HPOS="1530" VPOS="2115" WIDTH="99" HEIGHT="30" WC="0.96" CONTENT="bifall"/>
						</TextLine>
						<TextLine ID="line_37" HPOS="149" VPOS="2169" WIDTH="1481" HEIGHT="46">
							<String ID="string_350" HPOS="149" VPOS="2186" WIDTH="51" HEIGHT="29" WC="0.96" CONTENT="till"/><SP WIDTH="18" VPOS="2186" HPOS="200"/>
							<String ID="string_351" HPOS="218" VPOS="2184" WIDTH="217" HEIGHT="30" WC="0.96" CONTENT="motionerna"/><SP WIDTH="18" VPOS="2184" HPOS="435"/>
							<String ID="string_352" HPOS="453" VPOS="2183" WIDTH="28" HEIGHT="28" WC="0.96" CONTENT="I:"/><SP WIDTH="17" VPOS="2183" HPOS="481"/>
							<String ID="string_353" HPOS="498" VPOS="2181" WIDTH="62" HEIGHT="29" WC="0.96" CONTENT="354"/><SP WIDTH="18" VPOS="2181" HPOS="560"/>
							<String ID="string_354" HPOS="578" VPOS="2180" WIDTH="63" HEIGHT="29" WC="0.96" CONTENT="och"/><SP WIDTH="17" VPOS="2180" HPOS="641"/>
							<String ID="string_355" HPOS="658" VPOS="2179" WIDTH="44" HEIGHT="29" WC="0.67" CONTENT="11:"/><SP WIDTH="18" VPOS="2179" HPOS="702"/>
							<String ID="string_356" HPOS="720" VPOS="2178" WIDTH="62" HEIGHT="29" WC="0.96" CONTENT="416"/><SP WIDTH="18" VPOS="2178" HPOS="782"/>
							<String ID="string_357" HPOS="800" VPOS="2178" WIDTH="10" HEIGHT="28" WC="0.95" CONTENT="i"/><SP WIDTH="16" VPOS="2178" HPOS="810"/>
							<String ID="string_358" HPOS="826" VPOS="2177" WIDTH="66" HEIGHT="28" WC="0.96" CONTENT="vad"/><SP WIDTH="17" VPOS="2177" HPOS="892"/>
							<String ID="string_359" HPOS="909" VPOS="2176" WIDTH="41" HEIGHT="29" WC="0.96" CONTENT="de"/><SP WIDTH="18" VPOS="2176" HPOS="950"/>
							<String ID="string_360" HPOS="968" VPOS="2183" WIDTH="98" HEIGHT="20" WC="0.96" CONTENT="avser"/><SP WIDTH="17" VPOS="2183" HPOS="1066"/>
							<String ID="string_361" HPOS="1083" VPOS="2172" WIDTH="148" HEIGHT="39" WC="0.96" CONTENT="höjning"/><SP WIDTH="18" VPOS="2172" HPOS="1231"/>
							<String ID="string_362" HPOS="1249" VPOS="2181" WIDTH="41" HEIGHT="20" WC="0.96" CONTENT="av"/><SP WIDTH="19" VPOS="2181" HPOS="1290"/>
							<String ID="string_363" HPOS="1309" VPOS="2169" WIDTH="243" HEIGHT="31" WC="0.93" CONTENT="förstnämnda"/><SP WIDTH="18" VPOS="2169" HPOS="1552"/>
							<String ID="string_364" HPOS="1570" VPOS="2176" WIDTH="60" HEIGHT="21" WC="0.92" CONTENT="an-"/>
						</TextLine>
						<TextLine ID="line_38" HPOS="150" VPOS="2235" WIDTH="332" HEIGHT="41">
							<String ID="string_365" HPOS="150" VPOS="2239" WIDTH="73" HEIGHT="37" WC="0.95" CONTENT="slag"/><SP WIDTH="19" VPOS="2239" HPOS="223"/>
							<String ID="string_366" HPOS="242" VPOS="2237" WIDTH="51" HEIGHT="30" WC="0.95" CONTENT="till"/><SP WIDTH="21" VPOS="2237" HPOS="293"/>
							<String ID="string_367" HPOS="314" VPOS="2236" WIDTH="60" HEIGHT="29" WC="0.96" CONTENT="225"/><SP WIDTH="21" VPOS="2236" HPOS="374"/>
							<String ID="string_368" HPOS="395" VPOS="2235" WIDTH="87" HEIGHT="29" WC="0.96" CONTENT="mkr."/>
						</TextLine>
					</TextBlock>
					<TextBlock ID="block_9" HPOS="153" VPOS="2275" WIDTH="1481" HEIGHT="265">
						<TextLine ID="line_39" HPOS="207" VPOS="2275" WIDTH="1425" HEIGHT="52">
							<String ID="string_369" HPOS="207" VPOS="2291" WIDTH="10" HEIGHT="27" WC="0.94" CONTENT="I"/><SP WIDTH="20" VPOS="2291" HPOS="217"/>
							<String ID="string_370" HPOS="237" VPOS="2289" WIDTH="98" HEIGHT="38" WC="0.96" CONTENT="fråga"/><SP WIDTH="17" VPOS="2289" HPOS="335"/>
							<String ID="string_371" HPOS="352" VPOS="2296" WIDTH="55" HEIGHT="21" WC="0.93" CONTENT="om"/><SP WIDTH="18" VPOS="2296" HPOS="407"/>
							<String ID="string_372" HPOS="425" VPOS="2284" WIDTH="328" HEIGHT="40" WC="0.90" CONTENT="bidragsgivningen"/><SP WIDTH="20" VPOS="2284" HPOS="753"/>
							<String ID="string_373" HPOS="773" VPOS="2282" WIDTH="48" HEIGHT="29" WC="0.96" CONTENT="till"/><SP WIDTH="19" VPOS="2282" HPOS="821"/>
							<String ID="string_374" HPOS="840" VPOS="2280" WIDTH="137" HEIGHT="30" WC="0.96" CONTENT="enskild"/><SP WIDTH="18" VPOS="2280" HPOS="977"/>
							<String ID="string_375" HPOS="995" VPOS="2278" WIDTH="234" HEIGHT="39" WC="0.93" CONTENT="väghållning,"/><SP WIDTH="18" VPOS="2278" HPOS="1229"/>
							<String ID="string_376" HPOS="1247" VPOS="2286" WIDTH="44" HEIGHT="19" WC="0.85" CONTENT="m."/><SP WIDTH="15" VPOS="2286" HPOS="1291"/>
							<String ID="string_377" HPOS="1306" VPOS="2285" WIDTH="45" HEIGHT="20" WC="0.57" CONTENT="m."/><SP WIDTH="19" VPOS="2285" HPOS="1351"/>
							<String ID="string_378" HPOS="1370" VPOS="2277" WIDTH="89" HEIGHT="28" WC="0.90" CONTENT="samt"/><SP WIDTH="19" VPOS="2277" HPOS="1459"/>
							<String ID="string_379" HPOS="1478" VPOS="2275" WIDTH="154" HEIGHT="38" WC="0.90" CONTENT="anslags-"/>
						</TextLine>
						<TextLine ID="line_40" HPOS="153" VPOS="2326" WIDTH="1479" HEIGHT="53">
							<String ID="string_380" HPOS="153" VPOS="2342" WIDTH="236" HEIGHT="37" WC="0.96" CONTENT="beräkningen"/><SP WIDTH="26" VPOS="2342" HPOS="389"/>
							<String ID="string_381" HPOS="415" VPOS="2339" WIDTH="119" HEIGHT="30" WC="0.96" CONTENT="härför"/><SP WIDTH="27" VPOS="2339" HPOS="534"/>
							<String ID="string_382" HPOS="561" VPOS="2337" WIDTH="108" HEIGHT="29" WC="0.96" CONTENT="under"/><SP WIDTH="26" VPOS="2337" HPOS="669"/>
							<String ID="string_383" HPOS="695" VPOS="2337" WIDTH="99" HEIGHT="28" WC="0.96" CONTENT="nästa"/><SP WIDTH="26" VPOS="2337" HPOS="794"/>
							<String ID="string_384" HPOS="820" VPOS="2332" WIDTH="168" HEIGHT="39" WC="0.96" CONTENT="budgetår"/><SP WIDTH="25" VPOS="2332" HPOS="988"/>
							<String ID="string_385" HPOS="1013" VPOS="2332" WIDTH="63" HEIGHT="28" WC="0.96" CONTENT="har"/><SP WIDTH="26" VPOS="2332" HPOS="1076"/>
							<String ID="string_386" HPOS="1102" VPOS="2330" WIDTH="124" HEIGHT="38" WC="0.93" CONTENT="Kungl."/><SP WIDTH="28" VPOS="2330" HPOS="1226"/>
							<String ID="string_387" HPOS="1254" VPOS="2329" WIDTH="115" HEIGHT="39" WC="0.90" CONTENT="Maj:l,"/><SP WIDTH="23" VPOS="2329" HPOS="1369"/>
							<String ID="string_388" HPOS="1392" VPOS="2328" WIDTH="45" HEIGHT="39" WC="0.96" CONTENT="på"/><SP WIDTH="25" VPOS="2328" HPOS="1437"/>
							<String ID="string_389" HPOS="1462" VPOS="2326" WIDTH="170" HEIGHT="40" WC="0.95" CONTENT="grundval"/>
						</TextLine>
						<TextLine ID="line_41" HPOS="153" VPOS="2380" WIDTH="1479" HEIGHT="48">
							<String ID="string_390" HPOS="153" VPOS="2405" WIDTH="40" HEIGHT="20" WC="0.95" CONTENT="av"/><SP WIDTH="21" VPOS="2405" HPOS="193"/>
							<String ID="string_391" HPOS="214" VPOS="2397" WIDTH="48" HEIGHT="27" WC="0.96" CONTENT="ett"/><SP WIDTH="21" VPOS="2397" HPOS="262"/>
							<String ID="string_392" HPOS="283" VPOS="2403" WIDTH="41" HEIGHT="20" WC="0.96" CONTENT="av"/><SP WIDTH="24" VPOS="2403" HPOS="324"/>
							<String ID="string_393" HPOS="348" VPOS="2392" WIDTH="81" HEIGHT="29" WC="0.96" CONTENT="1960"/><SP WIDTH="21" VPOS="2392" HPOS="429"/>
							<String ID="string_394" HPOS="450" VPOS="2392" WIDTH="57" HEIGHT="29" WC="0.93" CONTENT="års"/><SP WIDTH="19" VPOS="2392" HPOS="507"/>
							<String ID="string_395" HPOS="526" VPOS="2387" WIDTH="289" HEIGHT="41" WC="0.90" CONTENT="vägsakkunniga"/><SP WIDTH="22" VPOS="2387" HPOS="815"/>
							<String ID="string_396" HPOS="837" VPOS="2386" WIDTH="134" HEIGHT="37" WC="0.96" CONTENT="avgivet"/><SP WIDTH="22" VPOS="2386" HPOS="971"/>
							<String ID="string_397" HPOS="993" VPOS="2383" WIDTH="220" HEIGHT="30" WC="0.96" CONTENT="betänkande"/><SP WIDTH="27" VPOS="2383" HPOS="1213"/>
							<String ID="string_398" HPOS="1240" VPOS="2381" WIDTH="100" HEIGHT="33" WC="0.93" CONTENT="(SOU"/><SP WIDTH="25" VPOS="2381" HPOS="1340"/>
							<String ID="string_399" HPOS="1365" VPOS="2380" WIDTH="149" HEIGHT="33" WC="0.92" CONTENT="1962:6)"/><SP WIDTH="28" VPOS="2380" HPOS="1514"/>
							<String ID="string_400" HPOS="1542" VPOS="2381" WIDTH="90" HEIGHT="28" WC="0.95" CONTENT="samt"/>
						</TextLine>
						<TextLine ID="line_42" HPOS="154" VPOS="2433" WIDTH="1480" HEIGHT="48">
							<String ID="string_401" HPOS="154" VPOS="2448" WIDTH="144" HEIGHT="30" WC="0.96" CONTENT="däröver"/><SP WIDTH="22" VPOS="2448" HPOS="298"/>
							<String ID="string_402" HPOS="320" VPOS="2444" WIDTH="202" HEIGHT="31" WC="0.93" CONTENT="inhämtade"/><SP WIDTH="22" VPOS="2444" HPOS="522"/>
							<String ID="string_403" HPOS="544" VPOS="2440" WIDTH="314" HEIGHT="41" WC="0.91" CONTENT="remissyttranden"/><SP WIDTH="24" VPOS="2440" HPOS="858"/>
							<String ID="string_404" HPOS="882" VPOS="2437" WIDTH="164" HEIGHT="38" WC="0.96" CONTENT="framlagt"/><SP WIDTH="24" VPOS="2437" HPOS="1046"/>
							<String ID="string_405" HPOS="1070" VPOS="2436" WIDTH="131" HEIGHT="38" WC="0.96" CONTENT="förslag"/><SP WIDTH="23" VPOS="2436" HPOS="1201"/>
							<String ID="string_406" HPOS="1224" VPOS="2436" WIDTH="10" HEIGHT="29" WC="0.96" CONTENT="i"/><SP WIDTH="24" VPOS="2436" HPOS="1234"/>
							<String ID="string_407" HPOS="1258" VPOS="2435" WIDTH="127" HEIGHT="29" WC="0.93" CONTENT="ämnet."/><SP WIDTH="23" VPOS="2435" HPOS="1385"/>
							<String ID="string_408" HPOS="1408" VPOS="2434" WIDTH="48" HEIGHT="29" WC="0.93" CONTENT="De"/><SP WIDTH="25" VPOS="2434" HPOS="1456"/>
							<String ID="string_409" HPOS="1481" VPOS="2433" WIDTH="153" HEIGHT="29" WC="0.90" CONTENT="sakkun-"/>
						</TextLine>
						<TextLine ID="line_43" HPOS="155" VPOS="2486" WIDTH="1477" HEIGHT="54">
							<String ID="string_410" HPOS="155" VPOS="2502" WIDTH="78" HEIGHT="38" WC="0.93" CONTENT="niga"/><SP WIDTH="22" VPOS="2502" HPOS="233"/>
							<String ID="string_411" HPOS="255" VPOS="2500" WIDTH="63" HEIGHT="29" WC="0.96" CONTENT="har"/><SP WIDTH="21" VPOS="2500" HPOS="318"/>
							<String ID="string_412" HPOS="339" VPOS="2496" WIDTH="193" HEIGHT="31" WC="0.96" CONTENT="framhållit"/><SP WIDTH="22" VPOS="2496" HPOS="532"/>
							<String ID="string_413" HPOS="554" VPOS="2497" WIDTH="59" HEIGHT="31" WC="0.95" CONTENT="att,"/><SP WIDTH="21" VPOS="2497" HPOS="613"/>
							<String ID="string_414" HPOS="634" VPOS="2494" WIDTH="56" HEIGHT="29" WC="0.96" CONTENT="vid"/><SP WIDTH="22" VPOS="2494" HPOS="690"/>
							<String ID="string_415" HPOS="712" VPOS="2491" WIDTH="255" HEIGHT="39" WC="0.96" CONTENT="bedömningen"/><SP WIDTH="23" VPOS="2491" HPOS="967"/>
							<String ID="string_416" HPOS="990" VPOS="2499" WIDTH="41" HEIGHT="21" WC="0.96" CONTENT="av"/><SP WIDTH="22" VPOS="2499" HPOS="1031"/>
							<String ID="string_417" HPOS="1053" VPOS="2489" WIDTH="40" HEIGHT="30" WC="0.96" CONTENT="de"/><SP WIDTH="21" VPOS="2489" HPOS="1093"/>
							<String ID="string_418" HPOS="1114" VPOS="2488" WIDTH="79" HEIGHT="30" WC="0.97" CONTENT="med"/><SP WIDTH="23" VPOS="2488" HPOS="1193"/>
							<String ID="string_419" HPOS="1216" VPOS="2486" WIDTH="416" HEIGHT="40" WC="0.55" CONTENT="statsbidragsgivningen"/>
						</TextLine>
					</TextBlock>
				</ComposedBlock>
			</PrintSpace>
		</Page>
	</Layout>
</alto>
