1900 2804
470 155 406 41 Bevillningsutskottets
898 158 218 32 betänkande
1137 169 42 20 nr
1199 160 52 30 28.
1591 161 19 30 5

780 494 64 40 Nr
877 495 68 40 28.

312 619 406 40 Bevillningsutskottets
741 622 221 32 betänkande
984 625 11 29 i
1016 623 187 41 anledning
1224 634 43 20 av
1291 624 123 31 väckta
1435 626 174 29 motioner

513 692 56 21 om
592 684 185 40 utredning
796 685 179 40 angående
996 686 267 40 beskattningen
1283 697 42 20 av
1345 687 165 37 inkomst,
1531 696 75 21 som

514 745 147 39 uppstår
687 747 44 38 på
759 747 117 38 grund
903 757 42 21 av
974 747 165 41 ofrivillig
1167 748 214 41 avverkning
1409 759 42 20 av
1480 749 88 40 skog
1597 749 12 29 i

514 808 91 30 vissa
629 808 73 40 fall.

1362 873 76 34 (2:a
1463 874 94 34 avd.)

159 984 14 29 I
205 984 41 30 de
280 985 96 30 inom
408 986 188 40 riksdagen
628 987 135 34 väckta,
798 988 51 29 till
883 988 381 40 bevillningsutskottet
1296 989 191 30 hänvisade
1520 990 88 30 lika-

114 1037 148 39 lydande
280 1039 221 30 motionerna
518 1039 28 30 I:
566 1040 60 30 152
644 1050 42 20 av
702 1041 123 30 herrar
840 1041 87 30 Lars
944 1041 201 30 Andersson
1163 1043 64 29 och
1244 1042 86 30 Karl
1346 1043 149 30 Persson
1515 1044 91 29 samt

115 1090 45 30 11:
179 1091 59 30 190
267 1101 43 21 av
336 1092 81 30 herr
443 1092 154 30 Jansson
624 1093 11 30 i
663 1094 184 39 Aspeboda
873 1104 46 20 m.
948 1095 37 29 fl.
1012 1095 64 30 har
1103 1096 208 34 hemställts,
1340 1098 51 28 att
1417 1096 190 40 riksdagen

113 1144 107 30 måtte
238 1145 137 30 besluta
394 1147 50 28 att
462 1146 65 30 hos
545 1147 126 39 Kungl.
690 1147 106 40 Maj:t
815 1148 142 30 anhålla
974 1158 58 20 om
1051 1149 186 39 utredning
1255 1149 179 40 angående
1452 1150 155 30 beskatt-

114 1197 128 40 ningen
262 1207 42 21 av
324 1198 166 36 inkomst,
512 1209 75 20 som
609 1200 145 40 uppstår
775 1201 45 40 på
840 1202 113 39 grund
974 1211 43 21 av
1036 1202 164 40 ofrivillig
1221 1203 214 39 avverkning
1457 1213 42 20 av
1520 1203 87 39 skog

112 1250 12 30 1
145 1251 93 31 vissa
260 1251 74 31 fall.

157 1305 227 31 Beträffande
411 1306 41 30 de
481 1306 87 35 skäl,
597 1316 74 21 som
699 1307 137 31 anförts
863 1308 52 30 till
944 1309 77 30 stöd
1048 1309 55 30 för
1129 1309 57 30 det
1212 1309 11 29 i
1249 1309 221 30 motionerna
1497 1309 109 30 fram-

113 1358 126 30 ställda
254 1359 184 39 yrkandet,
456 1359 56 30 får
529 1360 181 35 utskottet,
736 1361 3 29 i
756 1361 68 30 den
841 1362 83 29 mån
940 1362 217 39 redogörelse
1174 1362 122 30 härför
1313 1363 31 39 ej
1365 1363 136 30 lämnas
1518 1363 12 29 i
1547 1363 58 30 det

112 1410 167 41 följande,
304 1412 146 31 hänvisa
476 1413 52 29 till
553 1414 179 30 motionen
757 1414 46 30 II:
822 1414 72 31 190.

157 1518 115 39 Enligt
291 1518 38 30 21
362 1518 8 37 8
390 1519 428 40 kommunalskattelagen
836 1520 167 30 hänföres
1022 1521 53 29 till
1094 1521 115 30 intäkt
1228 1531 42 20 av
1289 1521 316 39 jordbruksfastig-

111 1571 59 29 het
188 1571 60 30 allt
265 1571 68 30 vad
352 1581 42 21 av
413 1571 167 39 fastighet
598 1573 64 29 här
680 1573 11 29 i
708 1573 102 34 riket,
830 1582 75 21 som
925 1575 153 29 taxerats
1098 1574 115 30 såsom
1231 1574 372 40 jordbruksfastighet,

111 1623 149 31 kommit
286 1625 129 39 ägaren
439 1625 83 30 eller
548 1625 177 31 brukaren
750 1626 155 40 tillgodo.
944 1627 123 30 Såsom
1092 1628 154 39 exempel
1273 1627 87 30 härå
1385 1627 141 39 angives
1552 1627 53 30 in-

111 1677 77 30 täkt
208 1687 42 20 av
271 1678 207 39 skogsbruk,
499 1679 117 30 vartill
638 1679 166 31 hänföres
826 1680 44 30 bl.
893 1690 30 20 a.
944 1681 116 29 intäkt
1080 1688 124 31 genom
1225 1681 176 39 avyttring
1422 1691 42 20 av
1485 1681 120 39 skogs-

110 1731 202 39 produkter,
335 1731 177 30 därunder
534 1732 205 40 inbegripna
762 1733 193 39 produkter
977 1743 41 21 av
1042 1734 108 29 sådan
1172 1733 431 40 förädlingsverksamhet,

112 1792 76 21 som
215 1784 100 39 ingår
343 1785 11 29 i
384 1785 242 39 skogsbruket,
655 1794 124 31 genom
810 1787 193 39 upplåtelse
1033 1796 42 21 av
1104 1787 303 39 avverkningsrätt
1436 1788 52 29 till
1518 1788 86 38 skog

111 1837 82 29 eller
210 1845 124 31 genom
353 1838 174 39 avyttring
544 1848 42 21 av
603 1839 156 30 växande
778 1840 86 38 skog
883 1840 9 29 i
911 1840 170 29 samband
1098 1840 79 29 med
1194 1841 175 38 avyttring
1386 1850 42 20 av
1445 1841 158 33 marken,

111 1889 116 30 därest
252 1890 76 30 icke
354 1891 92 29 vinst
472 1891 20 29 å
518 1892 175 38 avyttring
719 1902 42 19 av
786 1892 213 39 fastigheten
1024 1893 11 28 i
1061 1893 78 29 dess
1165 1893 117 29 helhet
1309 1893 89 29 skall
1423 1893 181 30 beskattas

110 1942 107 39 enligt
235 1943 40 29 27
298 1943 15 36 $
335 1943 114 30 såsom
468 1944 157 30 inkomst
643 1954 42 20 av
702 1945 278 30 handelsrörelse
1000 1946 83 29 eller
1102 1946 106 38 enligt
1228 1946 40 29 35
1291 1945 16 37 8
1328 1946 116 29 såsom
1463 1946 141 29 realisa-

111 1995 197 30 tionsvinst.

154 2049 146 30 Jämlikt
324 2050 41 29 35
400 2050 7 36 $
432 2050 427 39 kommunalskaltelagen
884 2051 167 30 hänföres
1074 2052 51 28 till
1151 2051 113 30 intäkt
1289 2061 42 20 av
1355 2052 153 39 tillfällig
1533 2052 71 29 för-

110 2103 327 29 värvsverksamhet
459 2103 45 29 bl.
528 2112 29 20 a.
580 2104 93 29 vinst
694 2104 20 29 å
735 2104 76 30 icke
834 2104 237 39 yrkesmässig
1094 2105 173 39 avyttring
1290 2115 43 20 av
1355 2105 69 30 fast
1446 2105 84 30 eller
1551 2105 52 29 lös

109 2156 179 37 egendom,
318 2165 76 20 som
421 2156 197 30 förvärvats
645 2164 124 31 genom
797 2157 80 39 köp,
906 2158 79 38 byte
1014 2158 82 29 eller
1124 2158 143 29 därmed
1295 2158 197 39 jämförligt
1520 2158 83 38 fång

109 2208 65 29 och
198 2208 89 30 varit
312 2209 10 28 i
347 2209 66 29 den
438 2209 272 39 skattskyldiges
735 2211 74 37 ägo,
834 2219 56 20 om
915 2211 57 28 det
997 2211 38 29 är
1060 2210 175 39 fastighet,
1261 2211 111 29 under
1396 2211 136 30 mindre
1558 2212 45 28 än

113 2260 38 29 10
173 2260 38 29 år
232 2261 65 29 och
320 2261 101 38 eljest
444 2262 111 29 under
577 2262 135 29 mindre
735 2263 44 28 än
803 2263 18 29 5
846 2263 38 29 år
912 2263 363 33 (realisationsvinst).
1311 2264 116 38 Enligt
1449 2264 18 29 2
1494 2263 15 37 $
1533 2263 71 29 för-

109 2313 193 38 ordningen
334 2323 57 20 om
424 2314 117 38 statlig
574 2314 252 30 inkomstskalt
858 2315 106 38 gäller
996 2324 135 21 samma
1163 2315 191 39 stadgande
1385 2316 106 29 också
1523 2315 79 30 med

109 2366 169 29 avseende
304 2366 20 29 å
349 2366 67 29 den
442 2366 141 39 statliga
607 2366 280 39 beskattningen.

155 2418 12 29 I
189 2418 250 40 förordningen
460 2419 66 29 den
548 2419 40 29 23
609 2420 70 38 maj
706 2419 81 30 1947
816 2421 58 32 (nr
895 2420 79 29 210)
1000 2429 57 20 om
1078 2420 223 30 skattefrihet
1322 2421 9 29 i
1351 2421 93 30 vissa
1464 2421 61 30 fall
1549 2421 54 29 för

110 2471 314 30 realisationsvinst
447 2472 57 29 vid
525 2472 260 39 expropriation
810 2482 45 20 im.
878 2483 45 19 m.
947 2473 63 29 har
1033 2473 154 39 stadgats
1210 2474 86 29 visst
1321 2474 178 39 undantag
1524 2473 78 30 från
