2228 2616
401 210 18 34 8
930 207 225 34 Statsutskottets
1178 205 147 34 utlåtande
1348 205 46 33 Nv
1419 207 51 31 77.

507 293 124 30 Bekant
665 291 88 31 torde
788 301 83 26 vara,
908 293 47 27 att
978 291 18 29 å
1021 290 125 30 Statens
1174 290 168 38 järnvägar
1370 290 142 28 närmast
1538 286 187 31 Stockholm
1745 284 195 41 ombesörjes
1964 293 39 22 en

401 337 174 40 ingalunda
609 336 162 40 obetydlig
806 335 94 30 trafik
935 334 119 30 mellan
1083 332 225 32 huvudstaden
1335 333 59 29 och
1419 332 38 30 de
1481 332 118 30 utefter
1622 332 222 30 statsbanorna
1868 329 135 39 belägna

401 381 344 36 förstadssamhällena,
770 383 83 28 samt
876 382 47 28 att
946 379 106 30 denna
1074 378 211 31 förortstrafik
1309 377 69 30 icke
1402 379 34 28 är
1459 377 49 30 för
1532 377 127 30 Statens
1682 377 169 39 järnvägar
1876 373 129 32 särskilt

402 427 145 31 lönande.
595 426 73 30 Med
704 426 54 30 det
793 435 38 21 av
867 424 161 40 Styrelsen
1052 422 188 31 utarbetade
1264 422 150 38 förslaget
1438 422 49 29 till
1512 432 63 29 nya
1599 420 372 39 bangårdsanordningar
1993 418 11 29 i

402 472 185 31 Stockholm
611 481 100 26 avses,
737 471 126 29 Statens
887 470 183 39 järnvägars
1095 468 156 38 egentliga
1275 467 128 38 uppgift
1425 466 171 38 likmätigt,
1621 466 11 29 i
1652 466 135 30 främsta
1802 466 141 29 rummet
1959 465 47 27 att

401 516 165 39 tillgodose
588 515 216 40 fjärrtrafiken
828 514 59 30 och
911 523 105 20 annan
1040 512 153 30 närtrafik
1216 514 41 27 än
1282 511 61 30 den
1367 511 157 38 egentliga
1547 510 261 36 förortstrafiken,
1833 519 75 20 men
1930 507 75 31 med

400 561 150 38 förslaget
572 560 113 31 vinnes
709 559 59 30 ock
791 558 171 40 möjlighet
985 559 46 28 att
1055 556 170 38 väsentligt
1248 556 102 29 bättre
1367 558 41 27 än
1425 564 44 21 nu
1485 554 167 39 tillgodose
1667 554 122 40 jämväl
1806 552 199 31 sistnämnda

402 605 171 38 trafikslag.
622 599 90 36 Även
741 603 104 31 skulle
869 602 61 31 den
954 602 107 30 därför
1085 600 147 32 använda
1255 599 205 40 personalens
1483 599 48 31 tid
1555 599 59 30 och
1637 598 147 31 rullande
1807 597 197 35 materialen,

401 651 73 30 tack
498 660 73 21 vare
595 649 39 31 de
657 649 179 38 föreslagna
859 647 255 39 anordningarna
1137 656 39 21 av
1200 645 86 31 olika
1309 645 77 39 slag,
1411 645 111 30 kunna
1545 644 75 30 vida
1645 644 100 30 bättre
1769 643 170 40 utnyttjas,
1964 644 41 27 än

402 706 68 20 som
506 705 45 20 nu
585 697 34 27 är
646 694 137 39 möjligt,
813 693 59 30 och
901 691 135 31 sålunda
1059 691 63 30 kan
1146 691 172 36 förväntas,
1343 692 48 28 att
1414 689 54 31 det
1491 689 209 31 ekonomiska
1722 688 166 30 resultatet
1911 687 95 30 också

402 740 104 30 skulle
528 740 171 29 förbättras
722 738 11 29 i
758 737 152 31 avsevärd
933 736 85 39 grad.

509 792 142 30 Behovet
685 801 39 20 av
759 789 157 31 särskilda
949 789 217 30 förortsbanor
1200 788 49 29 för
1277 786 244 40 ombesörjande
1546 796 39 21 av
1608 785 252 31 förortstrafiken
1886 783 120 31 mellan

402 836 225 32 huvudstaden
655 835 59 31 och
739 835 71 30 dess
834 834 117 30 utefter
975 833 222 30 statsbanorna
1221 832 134 38 belägna
1378 830 156 31 förstäder
1556 831 64 29 kan
1645 830 106 30 därför
1773 829 163 30 förväntas
1960 830 47 27 att

403 883 79 29 efter
505 879 263 42 genomförandet
790 889 39 20 av
854 878 178 40 Styrelsens
1055 877 117 39 förslag
1195 877 70 30 icke
1289 876 132 30 komma
1444 877 47 29 att
1514 878 74 36 göra
1612 875 47 38 sig
1682 873 147 40 gällande
1853 874 35 29 så
1908 875 97 33 snart,

403 937 69 20 som
501 926 74 30 med
604 925 38 30 de
666 923 185 32 nuvarande
874 922 244 31 förhållandena
1141 920 209 32 oförändrade
1374 930 73 21 vore
1471 923 48 27 att
1541 920 151 39 påräkna.
1739 919 89 30 Dock
1852 917 89 31 torde
1965 917 40 38 gi-

402 971 101 30 vetvis
527 971 110 29 kunna
660 970 146 34 förutses,
831 971 47 26 att
901 967 80 30 efter
1004 967 151 30 trafikens
1179 965 184 38 utveckling
1386 967 74 28 över
1484 974 39 20 en
1546 965 66 29 viss
1636 966 92 36 gräns
1752 963 170 38 möjlighet
1937 962 70 29 icke

403 1016 146 29 kommer
575 1016 47 28 att
649 1013 104 30 finnas
781 1015 47 27 att
855 1011 75 30 med
953 1011 39 30 de
1015 1011 11 29 i
1051 1010 177 40 Styrelsens
1252 1009 118 38 förslag
1393 1011 164 37 upptagna
1580 1007 213 38 anordningar
1817 1006 188 38 ombesörja,

402 1061 101 39 jämte
527 1068 107 21 annan
657 1057 105 37 trafik,
787 1059 80 27 även
890 1055 261 36 förortstrafiken,
1175 1057 79 28 utan
1277 1054 147 29 kommer
1446 1053 50 30 för
1519 1052 105 31 denna
1647 1051 110 31 trafiks
1781 1051 149 38 behöriga
1946 1049 60 30 till-

404 1103 197 40 godoseende
624 1102 75 31 med
723 1102 41 30 all
790 1101 146 31 säkerhet
960 1102 46 29 att
1029 1100 65 30 förr
1117 1099 77 31 eller
1217 1108 109 22 senare
1343 1097 156 32 erfordras
1519 1097 217 31 förortsbanor
1751 1096 50 31 till
1818 1090 113 45 Älvsjö
1947 1095 60 30 och

406 1150 105 35 Järva,
535 1149 89 31 vilka
647 1147 175 32 eventuellt
845 1146 102 30 måste
970 1145 179 31 utsträckas
1174 1147 79 28 även
1278 1144 129 30 utanför
1430 1142 92 32 dessa
1544 1142 148 40 punkter.

511 1202 113 40 Dylikt
658 1200 156 31 beroende
842 1210 39 20 av
909 1199 310 38 förortsbanefrågan
1248 1207 94 30 synes
1365 1207 76 21 vara
1464 1196 238 38 ofrånkomligt,
1727 1196 85 29 huru
1835 1197 41 27 än
1901 1194 105 30 Stock:

406 1247 105 30 holms
534 1245 247 39 bangårdsfråga
804 1245 92 35 löses,
921 1244 59 29 och
1004 1243 42 30 då
1069 1242 136 31 sålunda
1228 1242 64 29 kan
1315 1242 147 35 förutses,
1488 1243 47 28 att
1559 1241 127 29 Statens
1702 1241 168 38 järnvägar
1886 1239 11 28 i
1912 1238 95 29 fram-

405 1291 89 30 tiden
519 1291 86 29 bliva
627 1289 218 31 urståndsatta
869 1290 46 28 att
938 1287 77 30 fullt
1038 1286 166 39 tillgodose
1228 1286 134 30 trafiken
1387 1285 51 30 till
1462 1288 92 33 orter,
1579 1294 68 20 som
1672 1294 45 19 nu
1733 1286 54 27 äro
1803 1283 11 29 i
1830 1282 87 30 detta
1933 1282 74 29 hän-

407 1335 114 31 seende
554 1334 67 31 helt
654 1333 174 31 hänvisade
863 1332 50 30 till
942 1331 232 36 statsbanorna,
1205 1331 98 38 ligger
1326 1330 54 30 det
1403 1330 11 29 i
1439 1329 126 31 Statens
1588 1329 184 39 järnvägars
1796 1328 143 35 intresse,
1964 1328 47 28 att

406 1391 41 21 an
470 1380 134 39 lämplig
627 1379 126 39 lösning
777 1389 38 19 av
838 1376 311 39 förortsbanefrågan
1172 1376 54 29 må
1249 1375 132 30 komma
1405 1374 50 31 till
1480 1373 104 37 stånd,
1610 1375 78 28 trots
1712 1372 54 31 det
1783 1374 47 28 att
1844 1372 166 38 Järnvägs-

407 1426 154 39 styrelsen
596 1425 69 29 icke
693 1424 108 38 längre
829 1423 58 30 har
910 1423 49 29 för
983 1421 104 31 avsikt
1111 1423 47 28 att
1181 1420 147 32 använda
1351 1429 40 21 en
1414 1419 150 31 blivande
1587 1418 200 31 förortsbana
1810 1417 50 30 för
1882 1416 128 30 framfö-

407 1470 97 30 rande
529 1480 39 20 av
592 1469 126 30 Statens
741 1469 184 38 järnvägars
949 1467 61 38 tåg.

513 1521 327 40 Järnvägsstyrelsens
874 1520 133 30 intresse
1030 1519 11 29 i
1064 1518 311 38 förortsbanefrågan
1410 1520 34 27 är
1472 1517 134 38 givetvis
1630 1516 10 29 i
1664 1515 99 30 första
1787 1514 88 29 hand
1898 1514 114 29 knutet

407 1568 50 29 till
481 1567 62 30 den
567 1565 217 40 nord-sydliga
807 1565 102 39 linjen
933 1563 119 31 mellan
1076 1558 113 44 Älvsjö
1213 1563 58 29 och
1296 1562 104 31 Järva.
1448 1561 61 30 För
1533 1560 105 30 denna
1661 1560 89 39 linje,
1776 1559 80 30 efter
1879 1558 71 30 dess
1974 1567 39 21 av

409 1612 202 30 Stockholms
651 1610 87 31 stads
771 1607 469 33 kommunikationskommitté
1275 1606 178 39 föreslagna
1489 1605 192 38 sträckning,
1717 1604 110 30 kunna
1862 1603 152 30 stationer

409 1657 98 30 bland
542 1658 97 28 annat
674 1655 157 30 anordnas
866 1654 55 31 vid
950 1653 287 31 Centralstationen
1262 1654 84 28 samt
1369 1651 55 31 vid
1448 1650 99 31 Södra
1571 1650 126 35 station,
1723 1648 101 31 vilket
1847 1647 166 40 tydligtvis

409 1705 34 27 är
466 1712 39 20 en
529 1701 102 30 fördel
655 1701 49 29 för
728 1699 227 31 trafikanterna
978 1699 19 29 å
1019 1697 223 31 förortsbanan
1265 1696 67 30 lika
1355 1696 52 31 väl
1431 1706 69 20 som
1524 1695 50 30 för
1597 1694 228 30 trafikanterna
1849 1693 18 29 å
1890 1691 122 32 huvud-

410 1748 149 28 banorna.
608 1744 64 31 Vid
707 1744 287 30 Centralstationen
1029 1742 64 30 kan
1128 1742 221 29 förortsbanan
1378 1740 106 39 läggas
1514 1739 89 31 invid
1627 1739 60 29 och
1710 1739 11 28 i
1744 1736 172 41 jämnhöjd
1940 1736 74 30 med

409 1790 311 38 huvudbanespåren
744 1788 77 30 eller
844 1788 58 29 ock
926 1787 64 29 kan
1020 1786 189 30 densamma
1243 1785 197 38 framdragas
1463 1782 249 40 underjordiskt,
1735 1782 207 29 allteftersom
1960 1780 54 30 vid

410 1834 88 31 tiden
521 1834 49 30 för
594 1832 211 40 anläggandet
828 1832 84 30 visar
935 1832 47 37 sig
1005 1830 192 39 lämpligast.
1246 1830 111 29 Denna
1380 1828 152 31 valfrihet
1555 1826 197 31 beträffande
1774 1825 240 39 förläggningen

411 1882 34 27 är
468 1879 134 38 givetvis
625 1877 180 38 förmånlig.
855 1876 178 40 Styrelsens
1049 1875 118 38 förslag
1190 1874 163 39 medgiver
1375 1873 121 40 jämväl
1514 1872 137 30 bekväm
1668 1871 202 39 anknytning
1886 1869 50 31 till
1953 1869 62 30 den

411 1923 217 39 nord-sydliga
650 1922 219 38 förortslinjen
893 1931 40 19 av
956 1930 39 20 en
1019 1919 176 38 ost-västlig
1218 1919 79 39 linje
1320 1917 177 31 oberoende
1521 1927 49 26 av,
1595 1916 102 30 vilket
1721 1925 39 21 av
1783 1914 39 30 de
1846 1915 49 29 för
1911 1914 105 30 denna

411 1967 200 39 ostvästlinje
634 1966 179 38 föreslagna
836 1965 219 35 alternativen,
1080 1973 69 20 som
1174 1964 54 29 må
1250 1962 112 40 väljas.

518 2011 120 30 Mellan
674 2010 200 30 Södermalm
909 2009 60 30 och
1003 2007 182 31 Norrmalm
1215 2007 103 30 skulle
1342 2005 300 39 förortsbanelinjen
1667 2004 74 40 löpa
1763 2002 155 41 jämsides
1942 2002 74 30 med

412 2057 276 38 statsbanespåren
724 2055 59 30 och
819 2054 117 31 liksom
972 2053 91 30 dessa
1086 2053 19 29 å
1128 2052 56 30 bro
1212 2051 75 31 med
1320 2051 70 37 10,5
1417 2053 116 27 meters
1557 2050 41 29 fri
1622 2048 78 41 höjd
1725 2048 59 31 och
1808 2047 75 31 med
1907 2046 110 39 rörligt

413 2112 101 29 spann
539 2104 73 28 över
635 2099 142 31 farleden
801 2099 55 31 vid
881 2098 208 31 Söderström.

519 2147 70 29 Den
623 2145 61 30 fria
718 2143 137 41 brohöjd
890 2154 39 20 av
961 2143 69 35 10,5
1057 2145 110 33 meter,
1193 2150 69 21 som
1286 2139 312 40 Järnvägsstyrelsen
1622 2137 132 31 föreslår
1777 2140 74 28 över
1874 2135 142 31 farleden

413 2191 53 31 vid
491 2190 197 31 Söderström
713 2190 49 29 för
785 2188 87 31 såväl
897 2191 120 27 statens
1040 2188 184 38 järnvägars
1248 2186 72 38 spår
1344 2195 69 19 som
1437 2184 232 35 förortsbanan,
1694 2182 89 30 torde
1800 2181 75 30 med
1891 2181 125 39 hänsyn

415 2236 50 29 till
489 2235 199 39 kapaciteten
712 2234 58 29 hos
795 2233 124 31 slussen
943 2232 54 31 vid
1020 2231 78 30 Karl
1111 2231 121 30 Johans
1245 2233 69 35 torg
1326 2230 111 29 kunna
1461 2238 91 21 anses
1576 2228 76 29 fullt
1675 2227 50 30 till
1737 2226 120 40 fyllest,
1882 2225 41 30 då
1939 2226 78 29 bron

416 2281 41 38 på
489 2279 172 38 föreslaget
696 2281 63 27 sätt
793 2278 99 30 förses
920 2276 74 31 med
1018 2276 109 38 rörligt
1151 2285 112 29 spann,
1289 2275 35 29 så
1347 2277 46 26 att
1416 2273 169 39 möjlighet
1609 2273 101 28 finnes
1735 2274 46 27 att
1806 2270 52 31 vid
1882 2271 64 30 viss
1970 2269 48 30 tid
