2230 2614
388 202 20 29 4
919 204 225 29 Statsutskottets
1168 203 147 30 utlåtande
1337 204 46 29 Nr
1409 206 48 27 77.

387 283 58 35 för
487 283 137 44 skolan,
668 283 129 35 ordnas
829 283 13 35 i
875 283 163 49 enlighet
1078 283 83 37 med
1205 284 44 36 de
1277 284 12 35 i
1318 284 392 49 statsrådsprotokollet
1738 284 70 37 den
1841 287 47 34 14
1918 286 70 48 maj

392 338 100 36 1914
523 338 156 47 angivna
707 337 170 48 grunder.

495 391 57 35 Då
580 391 140 48 Kungl.
751 392 126 47 Maj:ts
905 392 135 47 förslag
1068 393 31 47 ej
1130 392 111 35 heller
1269 393 13 34 i
1311 393 134 47 övriga,
1476 393 65 36 här
1560 406 93 23 ovan
1668 394 31 47 ej
1725 394 148 35 berörda
1893 394 97 36 delar

388 444 92 46 givit
511 444 178 36 utskottet
717 444 197 47 anledning
942 445 57 35 till
1027 446 154 43 erinran,
1211 446 55 34 får
1295 446 179 35 utskottet
1501 446 201 44 hemställa,

815 553 55 34 att
896 551 203 49 riksdagen,
1130 552 83 36 med
1241 552 103 36 bifall
1363 552 56 37 till
1432 553 130 48 Kungl
1577 553 127 49 Maj:ts
1718 552 272 49 ifrågavarande

709 606 268 47 framställning
1014 607 68 35 och
1116 606 82 36 med
1235 607 122 47 avslag
1394 608 20 34 å
1452 607 82 36 herr
1563 607 160 36 Ekmans
1747 608 244 36 ovanberörda

708 659 152 44 motion,
886 661 59 33 må

815 713 30 43 a)
874 712 57 35 för
958 712 210 36 utförandet
1195 725 43 23 av
1266 714 96 34 vissa
1385 712 264 46 förändringar
1678 725 44 23 av
1750 715 245 44 spårsystemet

708 765 61 35 vid
805 765 315 36 Centralstationen
1157 767 12 34 i
1202 765 193 37 Stockholm
1413 768 114 42 jämte
1553 767 146 35 därmed
1725 768 268 44 sammanhäng-

711 820 91 35 ande
839 820 137 35 arbeten
1012 819 134 49 bevilja
1183 821 54 35 ett
1273 820 125 48 anslag
1425 833 45 24 av
1500 820 209 46 5,480,000
1738 820 134 38 kronor
1900 824 93 34 samt

710 873 107 35 därav
855 874 56 34 för
949 875 38 34 år
1022 875 101 35 1915
1162 874 123 36 anvisa
1313 875 208 45 2,480,000
1550 874 144 45 kronor,
1725 875 83 36 med
1836 877 73 35 rätt
1936 876 57 35 för

712 927 139 46 Kungl.
883 927 109 47 Maj:t
1019 929 55 33 att
1101 927 107 35 redan
1240 927 113 36 under
1381 929 38 34 år
1441 928 100 36 1914
1563 940 43 23 av
1625 929 232 46 tillgängliga
1876 929 118 35 medel

711 979 203 36 utanordna
943 980 210 44 2,000,000
1183 980 148 44 kronor;

818 1032 33 45 b)
888 1032 177 48 medgiva,
1105 1035 55 34 att
1197 1033 43 35 de
1278 1035 20 34 å
1326 1033 70 36 den
1425 1034 470 48 statsverkspropositionen
1924 1035 69 35 den

716 1087 45 33 14
797 1087 143 46 januari
981 1087 100 36 1914
1119 1087 171 47 bifogade
1327 1087 103 36 karta
1462 1087 76 46 (bil.
1570 1087 37 48 7)
1636 1087 82 36 med
1747 1088 138 47 högröd
1914 1089 80 47 färg

711 1139 184 36 utmärkta
923 1140 170 35 områden
1122 1140 75 35 dels
1225 1153 43 23 av
1297 1140 332 47 kronolägenheten
1657 1141 235 46 "Tomteboda,
1920 1142 74 35 dels

712 1193 67 34 ock
827 1205 44 22 av
912 1193 198 47 Karlbergs
1149 1193 208 47 kungsgård
1401 1194 68 35 och
1511 1193 70 36 den
1619 1194 178 36 därunder
1839 1195 154 48 lydande

711 1258 27 24 s.
769 1246 34 35 k.
835 1246 248 48 Solnaskogen
1110 1248 60 34 må
1198 1247 175 35 överlåtas
1401 1248 20 34 å
1449 1248 137 35 statens
1611 1248 208 48 järnvägar;

820 1301 29 43 c)
877 1299 180 49 medgiva,
1087 1302 55 35 att
1169 1300 68 36 den
1268 1301 212 48 ersättning,
1510 1313 77 24 som
1611 1302 13 35 i
1643 1301 196 49 anledning
1858 1315 44 23 av
1921 1315 74 23 om-

713 1353 177 36 förmälda
918 1354 190 36 områdens
1136 1355 209 36 överlåtelse
1374 1356 20 34 å
1422 1357 135 34 statens
1579 1355 192 48 järnvägar
1791 1356 70 35 kan
1881 1357 114 35 finnas

712 1407 87 34 böra
827 1409 98 45 utgå,
955 1409 70 42 må,
1055 1408 13 34 i
1096 1406 71 37 den
1195 1410 84 33 mån
1307 1408 62 35 det
1396 1421 51 21 nu
1474 1409 179 46 beviljade
1682 1410 162 46 anslaget
1863 1410 31 46 ej
1917 1410 77 34 där-

712 1460 59 33 till
807 1460 137 34 lämnar
980 1460 155 47 tillgång
1172 1461 67 34 och
1268 1461 119 35 därest
1414 1461 78 35 icke
1522 1461 115 47 enligt
1664 1462 13 34 i
1704 1462 292 48 statsrådsproto-

713 1512 112 36 kollet
858 1517 84 31 över
970 1513 241 36 civilärenden
1240 1513 70 36 den
1343 1515 46 35 14
1418 1515 70 47 maj
1524 1515 99 35 1914
1653 1515 158 48 angivna
1839 1516 158 47 grunder

712 1566 151 35 särskild
904 1566 267 49 framställning
1212 1568 57 36 till
1306 1567 192 48 riksdagen
1531 1568 66 36 bör
1624 1568 73 46 ske,
1727 1569 197 48 förskjutas
1952 1582 43 23 av

712 1620 218 36 statsmedel.

499 1672 200 47 Angående
739 1675 110 34 sättet
885 1674 57 35 för
974 1674 231 36 anskaffande
1233 1688 44 22 av
1305 1675 272 47 ifrågavarande
1606 1676 117 35 medel
1752 1676 161 36 kommer
1942 1678 53 33 ut-

392 1724 137 36 skottet
556 1726 55 34 att
638 1726 190 36 framdeles
856 1727 115 35 under
998 1728 191 47 riksdagen
1219 1729 130 46 avgiva
1375 1728 180 48 yttrande.

499 1815 210 36 Stockholm
738 1816 70 36 den
837 1818 19 35 7
889 1818 144 47 augusti
1067 1818 111 36 1914.

923 1906 51 35 På
1002 1906 287 36 statsutskottets
1316 1910 150 44 vägnar:

847 1995 41 35 F.
919 1994 172 37 CL:SON
1120 1995 428 38 WACHTMEISTER.

504 2133 64 30 Vid
590 2134 199 31 förestående
813 2136 132 31 ärendes
970 2136 262 41 slutbehandling
1255 2139 88 29 inom
1368 2139 157 31 utskottet
1548 2140 83 31 hava
1653 2140 154 31 närvarit:

504 2178 71 30 från
610 2179 100 31 första
744 2180 201 31 kammaren:
983 2181 108 31 herrar
1114 2192 92 29 greve
1229 2184 36 29 F.
1294 2184 96 30 Cl:son
1419 2184 225 37 Wachtmeister,
1672 2186 32 29 O.
1729 2186 136 35 Jonsson,
1890 2185 42 29 H.
1958 2185 36 29 F.

392 2223 115 36 Lamm,
541 2233 92 28 greve
665 2224 55 31 Ph.
759 2226 32 29 O.
828 2223 39 32 L.
905 2227 171 37 Klingspor,
1110 2229 32 28 O.
1167 2229 44 29 M.
1238 2228 173 38 Strömberg,
1436 2233 35 26 A.
1496 2230 39 30 N.
1560 2230 101 29 Hahn.
1689 2230 30 30 C.
1747 2229 35 30 G.
1808 2230 125 37 Ekman,
1958 2231 36 29 A.

392 2260 125 44 Åström,
544 2268 37 31 G.
606 2269 44 30 M.
675 2270 42 29 H.
744 2270 142 38 Ekelund,
912 2271 36 31 F.
973 2271 150 39 Berglund
1146 2272 60 31 och
1229 2273 27 31 I.
1282 2273 37 31 E.
1346 2274 36 30 G.
1408 2274 139 31 Svensson
1571 2276 85 30 samt
