2222 2632
719 163 344 32 Jerdbruksutskottets
1089 164 160 33 utlåtande
1276 166 50 30 Nr
1350 168 49 28 63.
1804 170 10 29 1

985 598 54 38 Nr
1071 594 64 54 63.

821 754 109 26 Ankom
954 754 39 26 till
1015 754 166 36 riksdagens
1201 756 91 26 kansli
1313 757 53 26 den
1386 760 33 22 25
1441 758 71 35 april
1536 761 63 23 1919
1619 759 35 26 kl.
1677 760 58 31 !/23
1754 771 21 15 e.
1791 770 33 16 m.

471 892 195 35 Utlåtande
695 895 13 32 i
736 893 196 45 aniedning
962 906 44 23 av
1034 895 138 44 Kungl.
1212 897 131 43 Maj:ts
1367 900 228 42 proposition
1623 901 79 34 med
1715 900 143 44 förslag

672 962 55 34 till
757 962 57 45 lag
842 974 53 23 om
926 963 303 45 ödebygdsvägar.

1528 1038 70 33 (2:a
1631 1036 98 48 avd.)

1533 1076 4 7 N

383 1166 65 37 Uti
483 1180 46 22 en
558 1167 57 36 till
642 1167 208 49 riksdagen
880 1169 71 36 den
984 1172 45 34 14
1059 1183 100 23 mars
1191 1173 95 35 1919
1319 1173 163 48 avlåten,
1513 1175 54 35 till
1591 1175 267 48 jordbruksut-

257 1217 164 38 skottets
467 1218 276 38 förberedande
784 1219 236 51 behandling
1060 1221 183 38 hänvisad
1284 1225 252 48 proposition,
1579 1240 44 22 nr
1664 1228 85 46 292,
1790 1228 69 36 har

259 1269 139 49 Kungl.
440 1269 120 49 Maj:t,
602 1270 120 37 under
749 1271 238 50 åberopande
1015 1287 47 22 av
1089 1273 154 49 bilagda
1270 1276 142 49 utdrag
1439 1290 48 23 av
1516 1278 11 35 i
1556 1278 203 37 statsrådet
1785 1280 72 36 och

255 1320 176 49 lagrådet
457 1321 127 36 hållna
611 1323 201 48 protokoll,
836 1323 154 48 jämlikt
1018 1324 21 49 $
1069 1326 46 35 87
1146 1327 363 49 regeringsformen,
1538 1329 197 50 föreslagit
1762 1330 94 37 riks-

256 1372 125 49 dagen
410 1377 56 32 att
494 1378 141 44 antaga
663 1373 129 37 därvid
822 1375 107 48 fogat
956 1376 143 49 förslag
1127 1377 58 36 till
1211 1378 65 49 lag
1304 1392 61 23 om
1398 1380 328 50 ödebygdsvägar.

383 1424 166 37 Berörda
576 1424 213 50 lagförslag
817 1431 41 31 är
888 1440 46 24 av
963 1428 169 49 följande
1160 1429 164 49 lydelse:

907 1580 283 51 Förslag

1026 1669 52 33 till

994 1745 118 51 Lag

863 1841 55 25 om
944 1833 293 44 ödebygdsvägar.

380 1944 233 49 Härigenom
644 1946 195 37 förordnas
869 1960 80 23 som
979 1948 123 49 följer:

1014 2069 78 49 18.

379 2152 85 37 Med
492 2152 274 50 ödebygdsväg
794 2155 135 36 förstås
957 2156 12 35 i
998 2155 123 37 denna
1148 2156 66 50 lag
1242 2162 87 44 väg,
1359 2172 81 23 som
1460 2159 56 37 till
1535 2160 181 37 avsevärd
1736 2161 116 50 längd

251 2203 170 37 sträcker
449 2202 62 50 sig
538 2209 89 32 över
654 2204 94 51 fjäll,
777 2218 139 36 genom
946 2207 142 49 skogar
1105 2208 90 37 eller
1212 2222 139 36 genom
1372 2211 101 48 glest
1491 2211 200 38 befolkade
1710 2213 142 37 trakter

249 2255 71 37 och
349 2268 95 36 som,
474 2257 118 36 ehuru
619 2262 123 43 vägen
770 2258 84 37 icke
881 2264 155 44 prövats
1055 2273 92 24 vara
1165 2261 59 37 för
1242 2261 193 38 allmänna
1454 2263 249 38 samfärdseln
1721 2265 131 49 nyttig

293 2314 128 43 Bihang
445 2316 49 32 till
516 2316 187 42 riksdagens
721 2318 159 41 protokoll
903 2320 94 31 1919.
1046 2321 42 30 10
1110 2322 88 30 saml.
1245 2322 43 31 40
1310 2322 81 41 häft.
1438 2322 68 39 (Nr
1529 2322 67 35 63.)
1790 2326 14 30 1
