1910 2822
319 186 40 30 14
715 181 291 33 Statsutskottets
1030 179 186 32 utlåtande
1241 178 52 32 Nr
1319 177 29 29 2.

313 263 82 31 dels
418 261 145 35 besluta,
587 260 85 31 att
662 249 20 51 i
696 259 99 36 fråga
819 264 59 26 om
897 257 41 31 de
962 257 54 31 för
1040 255 216 37 fångvården
1279 253 196 32 fastställda
1491 253 171 30 ordinarie
1678 253 107 30 stater

276 316 64 30 den
374 314 150 35 ändring
558 312 90 31 skall
684 312 79 29 från
797 310 62 31 och
895 309 76 31 med
994 309 65 31 den
1084 309 17 30 1
1125 308 67 36 juli
1215 307 85 31 1929
1324 306 170 35 vidtagas,
1517 307 51 29 att
1590 305 31 36 ej
1646 304 135 31 mindre

276 367 153 36 beloppet
463 375 44 21 av
539 364 56 31 det
628 363 108 31 under
771 362 114 31 titeln:
920 360 35 31 C.
985 358 266 38 Övergångsstat
1279 359 176 35 upptagna
1482 356 303 37 förslagsanslaget

275 418 56 31 till
353 418 208 35 avlöningar
582 426 45 21 m.
652 425 46 20 m.
721 414 169 31 nedsättes
913 413 80 30 från
1020 412 94 36 5,000
1138 411 127 30 kronor
1288 410 56 31 till
1368 409 97 36 4,000
1489 409 123 37 kronor
1635 411 46 28 än
1697 410 86 29 även

275 472 169 30 staternas
466 469 207 31 slutsumma
699 466 122 32 sänkes
843 466 79 30 från
946 463 171 37 3,766,000
1141 463 129 30 kronor
1292 460 55 33 till
1371 459 174 38 3,765,000
1567 453 136 43 kronor,
1717 461 13 28 .

319 523 75 31 dels
427 521 65 32 ock
524 512 137 39 minska
690 519 56 31 det
769 519 12 30 i
805 517 184 31 riksstaten
1012 515 171 37 uppförda
1208 514 170 31 ordinarie
1401 512 304 38 förslagsanslaget
1727 511 55 32 till

277 574 215 37 fångvården
515 573 79 30 från
616 571 76 32 dess
716 570 201 31 nuvarande
941 569 129 35 belopp,
1099 567 171 36 3,766,000
1298 566 136 35 kronor,
1451 565 77 31 med
1544 565 95 35 1,000
1655 565 127 30 kronor

276 627 55 31 till
355 626 172 36 3,765,000
551 625 136 30 kronor.

320 677 218 33 Beträffande
569 675 230 36 utredningen
833 675 11 30 i
875 675 116 29 ämnet
1018 673 53 30 får
1096 673 162 30 utskottet
1281 670 145 31 hänvisa
1449 670 56 30 till
1528 670 62 30 sid.
1619 668 128 31 32—38
1773 669 12 30 i

277 728 380 39 statsrådsprotokollet.

321 826 184 31 Ordinarie
533 823 302 36 förslagsanslaget
863 821 57 31 till
949 818 214 37 fångvården
1186 820 39 28 är
1249 818 12 30 i
1284 827 47 21 nu
1354 816 162 37 gällande
1539 816 141 30 riksstat
1705 825 81 26 upp-

278 880 93 35 taget
395 877 77 32 med
496 876 170 36 3,766,000
691 875 125 30 kronor
840 876 88 29 samt
952 872 196 36 disponeras
1171 870 109 35 enligt
1304 868 156 37 följande
1483 869 117 29 stater:

860 953 38 27 A.
943 951 263 35 Avlöningsstat.

805 1018 448 39 Fångvårdsstyrelsen.

280 1087 219 35 Avlöningar
523 1085 56 31 till
603 1084 173 31 ordinarie
799 1082 221 36 tjänstemän,
1045 1079 268 36 förslagsanslag
1346 1102 79 5 ......
1452 1077 125 30 kronor
1635 1076 141 35 148,700

280 1137 421 35 Vikariatsersättningar,
727 1133 701 37 förslagsanSläg.........eeeeceeceeemiväsvvväa
1511 1140 13 15 »
1681 1128 95 36 5,000

280 1191 164 32 Arvoden
465 1191 22 30 å
510 1190 63 30 500
597 1189 127 30 kronor
747 1187 54 31 till
825 1187 60 30 två
909 1184 220 36 fullmäktige
1155 1180 14 51 =
1175 1207 253 5 oeceeec-ceeew-e
1495 1193 30 16 0»
1681 1180 95 36 1,000

281 1243 220 35 Avlöningar
524 1242 57 30 till
605 1240 261 31 icke-ordinarie
890 1236 340 36 befattningshavare
1254 1245 44 20 m.
1323 1245 45 20 m.
1394 1258 36 5 ....
1514 1245 12 15 »
1661 1233 116 35 16,000

840 1315 386 37 Fångvårdsstaten.

281 1383 220 35 Avlöningar
524 1381 55 31 till
604 1379 172 32 ordinarie
800 1378 219 36 tjänstemän,
1043 1374 268 37 förslagsanslag
1349 1398 79 4 ........
1512 1384 13 15 »
1604 1371 173 36 2,013,000

281 1433 422 35 Vikariatsersättningar,
729 1429 700 36 förslagsanSslag..........eeeeeeeeweeemss>
1512 1436 13 15 »
1637 1423 140 36 150,000

281 1487 221 36 Avlöningar
543 1485 56 31 till
638 1482 261 33 icke-ordinarie
933 1480 339 35 befattningshavare
1307 1488 43 20 m.
1375 1487 55 25 m.,

327 1537 265 37 fÖrslägsansläg'
610 1560 166 5 ......ocowsss
791 1558 171 5 MESTA
969 1554 460 7 SERNER
1266 1529 34 49 SVR
1312 1529 120 49 KKR
1514 1540 12 15 >
1638 1528 140 34 280,000

844 1624 36 26 B.
926 1621 307 28 Omkostnadsstat.

284 1687 126 36 Övriga
433 1685 183 32 kostnader
641 1685 51 30 för
709 1682 181 37 fångvård,
915 1680 267 37 förslagsanslag
1221 1701 209 6 «.eee-eee-ee-e-
1515 1688 12 15 »
1606 1675 172 36 1,147,300

862 1771 33 27 C.
942 1763 276 41 Övergångsstat.

286 1835 219 35 Avlöningar
530 1843 44 20 m.
599 1842 55 25 m.,
678 1830 268 37 förslagsanslag
962 1852 142 4 .........-...
1107 1851 107 23 eesseerss
1223 1871 41 1 renen
1268 1849 88 5 enn
1359 1849 74 22 eenenns
1517 1836 12 15 »
1675 1823 116 46 5,000

997 1889 143 31 Summa
1164 1886 268 37 förslagsanslag
1456 1886 125 30 kronor
1605 1883 186 37 3,766,000.

330 1980 221 33 Beträffande
573 1979 271 35 användningen
868 1987 44 20 av
935 1976 42 31 de
1000 1975 108 31 under
1131 1973 359 37 fångvårdsstyrelsen
1514 1971 60 30 och
1590 1969 203 37 fångvårds-

286 2036 110 30 staten
419 2035 176 34 upptagna
618 2031 164 35 anslagen
806 2029 55 31 till
876 2029 209 35 avlöningar
1101 2027 54 30 till
1173 2025 262 31 icke-ordinarie
1451 2021 342 37 befattningshavare

287 2098 45 21 m.
356 2097 45 21 m.
429 2086 63 31 har
519 2085 133 35 Kungl.
676 2083 102 36 Maj:t
801 2082 64 31 den
890 2082 18 29 8
932 2081 77 36 juni
1035 2080 83 30 1928
1142 2078 162 31 fastställt
1327 2076 172 32 särskilda
1522 2076 104 30 stater
1647 2075 53 30 att
1723 2073 70 31 till-

287 2141 132 35 lämpas
453 2137 109 32 under
595 2147 48 20 nu
676 2135 144 36 löpande
843 2133 178 36 budgetår.
1067 2131 188 35 Samtidigt
1288 2130 63 30 har
1375 2128 134 36 Kungl.
1533 2127 100 36 Maj:t
1656 2126 12 30 i
1693 2126 99 35 fråga

288 2202 54 21 om
377 2190 156 36 anslaget
567 2189 55 31 till
656 2188 120 35 övriga
799 2185 184 32 kostnader
1006 2184 53 31 för
1083 2182 172 37 fångvård
1278 2181 150 37 godkänt
1453 2181 48 29 ett
1523 2190 44 19 av
1590 2177 203 37 fångvårds-

288 2244 166 37 styrelsen
488 2240 209 33 underställt
731 2239 129 36 förslag
895 2238 57 31 till
986 2247 42 21 en
1056 2234 189 38 detaljerad
1268 2232 291 33 omkostnadsstat
1582 2231 54 31 för
1660 2239 133 22 samma

288 2296 177 35 budgetår.
512 2294 121 30 Denna
666 2291 287 32 omkostnadsstat
987 2289 111 31 slutar
1131 2289 21 29 å
1175 2289 49 29 ett
1246 2287 120 35 belopp
1390 2295 45 20 av
1460 2283 170 36 1,608,770
1655 2282 137 34 kronor,

288 2358 108 21 varav
428 2347 99 36 6,470
554 2346 130 30 kronor
719 2344 167 31 beräknas
920 2342 123 36 inflyta
1077 2342 111 29 såsom
1223 2339 121 35 bidrag
1378 2338 79 30 från
1481 2337 91 30 vissa
1595 2335 114 31 städer
1730 2334 62 31 och

288 2401 213 34 kommuner,
537 2398 138 35 165,000
700 2397 126 30 kronor
848 2396 111 30 såsom
983 2393 254 37 hyresinkomst
1260 2393 87 30 samt
1370 2389 141 36 290,000
1535 2388 124 31 kronor
1680 2387 112 30 såsom

289 2453 151 31 inkomst
462 2453 21 29 å
506 2450 156 32 arbetens
685 2448 212 32 bedrivande
919 2447 63 31 och
1004 2445 191 32 återstoden
1219 2443 171 37 1,147,300
1407 2442 126 31 kronor
1549 2441 100 35 utgör
1665 2440 129 30 statens

289 2506 146 30 tillskott
459 2505 49 30 att
531 2504 84 35 utgå
637 2511 43 22 av
705 2501 155 35 anslaget
883 2500 55 31 till
957 2499 122 35 övriga
1103 2496 181 32 kostnader
1300 2496 52 31 för
1376 2495 81 35 fång
1464 2489 96 45 vård.
