2192 2612
388 211 37 31 18
871 203 252 33 Statsutskottets
1145 201 164 32 utlåtande
1332 199 52 31 Nr
1406 201 74 29 136.

388 296 92 46 Den,
509 307 82 23 som
618 292 189 48 undergår
835 287 290 51 fängelsestraff,
1155 286 165 49 åtnjuter
1349 297 45 23 av
1423 283 71 36 den
1522 281 117 37 under
1666 278 210 38 strafftiden
1909 277 75 36 för-

388 346 164 37 fallande
592 344 169 48 krigslön
803 342 158 37 allenast
998 344 54 32 ett
1080 338 150 49 belopp,
1259 334 264 39 motsvarande
1552 333 74 47 det,
1656 345 81 23 som
1766 330 119 48 enligt
1913 329 72 36 den

387 399 118 48 högre
546 394 345 51 krigslönetariffen
933 391 96 37 skall
1069 391 60 36 för
1164 388 174 50 personal
1374 387 12 36 i
1421 387 242 47 löntagarens
1691 380 295 51 krigslöneklass

389 455 165 32 avsättas
595 449 12 35 i
646 446 111 38 bank.
812 445 96 46 Den,
949 456 81 24 som
1070 441 190 48 undergår
1300 438 242 44 straffarbete,
1585 442 90 43 äger
1716 435 83 36 icke
1840 432 147 49 åtnjuta

390 502 117 36 under
535 499 209 38 strafftiden
773 497 58 36 till
859 495 196 48 betalning
1084 493 173 36 förfallen
1285 491 183 49 krigslön.

493 555 35 34 4.
584 552 94 46 Den,
720 563 80 23 som
842 548 296 47 tillfångatages,
1180 550 91 43 äger
1312 557 46 22 av
1386 542 59 37 sin
1472 540 118 37 under
1618 537 285 50 fångenskapen
1931 535 58 36 till

390 604 199 48 betalning
616 602 176 37 förfallna
820 599 172 49 krigslön
1021 597 146 49 åtnjuta
1196 596 157 36 allenast
1381 599 53 31 ett
1459 593 149 48 belopp,
1629 588 266 39 motsvarande
1914 586 73 46 det,

392 670 80 23 som
500 656 120 48 enligt
647 655 117 47 högre
792 649 343 52 krigslönetariffen
1162 647 94 38 skall
1285 648 58 35 för
1370 644 172 51 personal
1571 644 12 36 i
1606 644 243 46 löntagarens
1868 639 122 48 krigs-

392 708 189 37 löneklass
622 710 168 32 avsättas
831 704 12 36 i
884 702 110 37 bank.
1049 701 182 48 Beloppet
1273 696 301 39 tillhandahålles
1602 696 223 46 löntagaren
1853 703 137 37 genom

392 758 240 48 vederbörlig
658 756 213 48 insättning
897 755 12 35 i
936 753 112 37 bank.

498 812 33 35 5.
585 810 100 36 Utan
725 807 102 37 känd
861 805 203 48 anledning
1093 802 246 38 frånvarande
1367 806 41 31 är
1434 800 82 36 icke
1544 796 214 49 berättigad
1785 795 57 36 till
1869 794 123 48 krigs-

395 864 74 45 lön,
512 875 82 23 som
630 860 118 37 under
789 859 203 36 frånvaron
1034 856 167 36 förfaller
1242 854 57 36 till
1343 851 209 48 betalning.
1608 849 73 36 Vid
1723 845 226 39 återinträde
1981 845 12 35 i

395 913 258 50 tjänstgöring
688 911 213 37 återvinnes
929 908 97 37 dock
1052 912 75 32 rätt
1154 907 56 36 till
1238 906 62 36 hel
1329 905 88 36 eller
1440 902 153 50 jämlikt
1620 899 334 38 bestämmelserna
1981 896 13 36 i

397 966 120 36 denna
546 964 21 49 &
596 963 202 38 reducerad
826 961 172 49 krigslön
1026 960 59 36 för
1113 958 117 37 sådan
1258 957 136 37 termin
1421 956 90 35 eller
1539 953 59 37 del
1625 953 128 46 därav,
1782 951 58 36 för
1867 949 126 37 vilken

397 1018 100 36 visas
526 1016 137 47 förfall,
693 1028 79 24 som
801 1011 280 39 vederbörande
1109 1010 87 36 chef
1219 1009 231 48 godkänner.

1142 1128 21 50 8
1195 1130 58 34 15.

700 1217 121 31 Avdrag
840 1214 18 28 å
876 1213 143 34 krigslön
1037 1212 52 27 vid
1108 1209 374 35 ersättningsskyldighet
1500 1208 54 27 till
1572 1208 128 26 kronan.

505 1273 148 37 Genom
693 1270 145 48 avdrag
870 1271 20 33 å
918 1266 220 49 krigslönen
1166 1269 91 44 äger
1285 1263 227 37 statsverket
1539 1267 134 42 uttaga
1701 1258 212 48 ersättning
1942 1257 57 36 för

402 1326 140 37 sådana
586 1324 187 45 förluster,
803 1321 58 36 för
887 1320 102 35 vilka
1015 1316 175 51 personal
1219 1318 48 46 på
1295 1314 125 50 grund
1449 1328 46 22 av
1522 1312 175 48 felaktigt
1727 1308 232 39 förhållande
1986 1308 13 36 i

402 1378 166 48 tjänsten
608 1375 89 37 eller
737 1387 46 22 av
825 1385 124 23 annan
990 1369 113 37 orsak
1139 1368 12 36 i
1178 1367 241 48 vederbörlig
1447 1365 163 48 ordning
1638 1363 201 37 förklarats
1868 1365 132 32 ersätt-

402 1427 281 51 ningsskyldig.

1410 1485 208 33 Utskottets
1636 1482 173 40 förslag.

1549 1586 21 49 8
1602 1587 57 35 16.

1261 1672 162 33 Krigslöns
1442 1668 233 34 undantagande
1695 1666 70 28 från
1784 1664 185 33 utmätning.

1309 1726 186 48 Krigslön,
1532 1736 74 23 som
1641 1722 109 48 enligt
1778 1721 96 36 detta
1901 1719 104 48 regle-

1232 1785 110 30 mente
1379 1777 210 36 tillkommer
1625 1773 229 48 värnpliktig,
1888 1770 61 36 ma
1975 1771 31 48 ej

1227 1831 66 49 för
1317 1829 90 50 gäld
1434 1835 103 42 tagas
1565 1827 14 35 i
1604 1830 84 32 mät.

585 1992 70 32 III.
700 1988 212 40 Ersättning
933 1987 59 33 för
1014 1984 270 44 tjänstehästar,
1308 1982 59 33 för
1389 1979 314 42 krigsutrustning
1725 1987 46 23 m.
1795 1986 43 23 m.

772 2075 21 49 &
825 2076 44 35 17
900 2073 52 49 (=
980 2072 20 49 &
1031 2074 43 34 16
1104 2071 13 36 i
1145 2069 141 49 Kungl.
1317 2068 127 49 Maj:ts
1472 2064 168 49 förslag).

860 2146 285 35 Krigslönetillägg
1163 2145 50 26 för
1233 2150 78 27 egna
1330 2141 234 36 tjänstehästar.

519 2216 32 34 1.
609 2212 138 38 Officer
775 2211 89 37 eller
897 2208 178 47 likställd,
1105 2221 81 23 som
1214 2207 12 35 i
1255 2205 80 37 fred
1364 2203 158 38 innehar
1549 2200 241 47 beställning,
1807 2197 58 36 för
1884 2196 127 37 vilken

413 2266 224 48 lönetillägg
668 2265 53 35 för
749 2276 97 36 egen
875 2261 227 50 tjänstehäst
1129 2259 120 36 finnes
1279 2260 20 33 å
1329 2262 73 31 stat
1430 2255 168 49 uppfört,
1628 2252 164 48 åtnjuter
1822 2249 59 36 för
1909 2248 103 48 varje

413 2318 175 48 befintlig
616 2316 105 50 dylik
748 2314 240 50 tjänstehäst.
1004 2310 333 51 krigslönetillägg
1364 2307 85 37 med
1480 2308 45 35 15
1546 2306 137 36 kronor
1703 2303 57 36 för
1778 2301 233 37 lönetermin.
