2194 2636
705 213 224 31 Statsutskottets
957 215 151 30 Utlåtande
1130 216 59 30 N:o
1213 218 73 28 109.
1788 218 18 30 5

208 304 44 23 en
290 290 58 37 för
389 297 173 43 truppers
595 292 235 50 förläggning
859 294 116 37 under
1007 295 141 36 kallare
1177 295 112 37 årstid
1320 296 67 35 och
1418 296 116 37 under
1561 298 247 49 tjänstgöring

208 344 41 37 af
290 346 128 48 längre
459 347 234 48 varaktighet
734 346 126 38 afsedd
901 349 186 49 byggnad,
1131 351 79 35 icke
1252 351 143 35 kunnat
1436 351 190 49 iakttagas.
1682 352 126 36 Under

208 400 143 35 vintern
394 400 72 35 kan
504 400 103 36 deras
650 402 232 49 ventilering,
916 403 149 36 hvilken
1100 404 262 36 sommartiden
1391 405 84 36 sker
1503 406 222 47 därigenom,
1753 410 56 31 att

208 451 136 38 fönster
383 454 67 35 och
492 454 129 36 dörrar
658 461 150 42 öppnas,
849 456 79 36 icke
952 457 131 36 ordnas
1112 459 46 46 på
1186 463 52 30 ett
1266 457 339 38 tillfredsställande
1629 464 83 40 sätt,
1740 459 68 36 och

208 507 31 48 ej
270 507 114 36 heller
411 508 125 36 kunna
564 508 236 45 barackerna,
827 510 59 35 till
913 509 92 50 följd
1034 509 40 37 af
1100 511 62 36 det
1190 516 83 41 sätt,
1305 511 138 50 hvarpå
1470 512 44 36 de
1534 516 61 32 äro
1616 513 193 49 uppförda,

208 559 118 38 hållas
377 561 221 49 tillräckligt
639 563 232 47 uppvärmda
909 563 69 36 den
1020 564 143 37 kallare
1204 564 173 38 årstiden.
1432 565 127 50 Enligt
1598 567 210 36 inhämtade

207 614 190 50 uppgifter
431 616 130 36 växlar
593 615 20 36 å
641 616 277 49 ifrågavarande
946 623 251 43 regementens
1224 620 254 48 mötesplatser
1511 620 297 49 medeltempera-

207 673 108 31 turen
341 669 117 37 under
485 682 99 23 mars
613 670 133 36 månad
774 671 135 36 mellan
930 694 49 3 —
1003 674 78 43 6,3?
1111 673 12 35 i
1151 671 145 38 Vännäs
1323 673 69 36 och
1412 695 50 5 —
1484 675 76 44 3,2?
1589 673 21 37 å
1638 675 168 36 Romme-

207 722 71 36 hed
309 728 96 30 samt
438 723 69 36 den
540 724 119 48 lägsta
687 725 237 36 observerade
951 731 274 43 temperaturen
1256 727 117 36 under
1396 740 140 24 samma
1564 727 133 38 månad
1724 727 82 37 från

208 798 51 5 —
290 778 66 36 36”
388 776 21 36 å
450 776 134 38 Frösön
613 778 59 35 till
703 800 49 4 —
783 779 66 36 29?
877 780 13 35 i
918 778 181 38 Sollefteå.
1156 780 68 36 Att
1252 781 226 36 barackerna
1501 780 21 37 å
1549 782 102 36 dessa
1678 787 130 31 mötes-

207 830 139 48 platser
388 831 115 36 under
546 830 134 37 sådana
723 830 256 39 förhållanden
1022 832 114 38 måste
1177 847 103 23 anses
1322 835 150 36 alldeles
1511 836 203 49 olämpliga
1751 837 56 35 för

207 889 172 43 truppers
410 884 254 50 inkvartering
693 885 185 38 därstädes
907 887 119 36 under
1054 887 70 36 den
1152 888 142 36 kallare
1322 887 170 46 årstiden,
1520 895 41 30 är
1589 890 217 48 uppenbart.

208 937 134 36 Därtill
376 938 187 36 erfordras
591 939 217 49 byggnader
837 939 39 36 af
903 940 77 36 helt
1008 954 118 23 annan
1155 941 261 45 beskaffenhet,
1444 941 120 38 såvidt
1591 948 215 44 truppernas

207 991 103 36 hälsa
352 992 31 48 ej
426 992 97 36 skall
564 996 110 33 sättas
715 993 46 48 på
800 994 88 49 spel.
945 993 73 51 Jag
1059 995 214 37 instämmer
1312 995 126 37 därför
1469 997 60 35 till
1561 998 73 35 alla
1663 997 142 37 delar
1785 987 24 61 i

207 1045 97 37 hvad
347 1044 128 38 chefen
508 1046 57 36 för
592 1045 289 38 fortifikationen
910 1047 130 47 anfört,
1062 1049 142 48 jämväl
1231 1049 227 38 beträffande
1486 1050 320 49 nödvändigheten

207 1098 116 44 däraf,
362 1104 53 32 att
456 1101 170 35 arbetena
667 1099 58 38 för
754 1101 45 36 de
827 1102 573 50 nyaskasernetablissemangens
1428 1103 228 50 uppförande
1685 1105 121 49 börjas

206 1152 38 36 så
271 1153 122 49 tidigt,
421 1158 55 31 att
507 1154 274 49 byggnaderna,
812 1156 111 36 innan
952 1156 45 36 de
1024 1159 104 46 tagas
1156 1157 12 35 i
1197 1157 169 49 anspråk,
1396 1165 60 29 äro
1485 1157 238 51 fullständigt
1750 1164 56 31 ut-

206 1207 154 36 torkade
389 1207 67 36 och
487 1212 88 31 utan
603 1207 92 37 våda
719 1210 58 35 för
804 1214 203 44 trupperna
1035 1210 244 37 användbara.

314 1260 74 36 Vid
431 1261 260 37 utarbetandet
731 1261 42 37 af
808 1263 181 49 ritningar
1030 1264 68 36 och
1136 1264 420 49 kostnadsberäkningar
1588 1264 58 37 för
1673 1264 131 50 ifråga-

206 1314 158 36 varande
399 1312 75 38 fem
516 1315 415 50 kasernetablissemang
955 1317 66 36 har
1049 1318 141 49 hänsyn
1219 1319 111 48 tagits
1358 1319 61 35 till
1448 1319 42 35 de
1519 1319 288 48 anmärkningar

206 1367 69 36 och
304 1367 309 50 ändringsförslag
642 1381 77 24 som
748 1371 38 34 af
809 1370 427 49 granskningsnämnden
1264 1371 249 37 framställdes
1541 1372 68 36 och
1637 1374 39 34 af
1703 1373 102 36 Riks-

206 1421 119 49 dagen
348 1422 154 48 gillades
521 1421 227 38 beträffande
767 1423 44 37 de
830 1425 225 49 byggnader,
1076 1425 128 36 hvilka
1223 1425 120 37 skulle
1362 1426 118 36 under
1499 1424 113 39 första
1631 1426 172 49 perioden

205 1474 183 50 uppföras.

312 1530 73 35 Det
425 1542 106 37 synes
573 1531 77 47 mig
692 1543 88 24 vara
821 1530 234 51 ådagalagdt,
1098 1535 54 33 att
1183 1531 249 50 uppförandet
1460 1532 41 37 af
1526 1532 277 50 ifrågavarande

205 1581 76 38 fem
313 1583 410 50 kasernetablissemang
755 1586 66 35 bör
849 1585 171 50 begynna
1048 1586 116 36 under
1191 1585 38 37 år
1262 1588 109 36 1905.
1427 1587 72 36 För
1527 1586 212 37 utförandet
1766 1586 41 37 af

204 1636 45 36 de
282 1635 58 38 för
368 1637 100 36 detta
501 1637 170 36 ändamål
699 1637 240 50 erforderliga
967 1639 173 36 arbetena
1169 1640 118 36 under
1310 1640 226 36 sistnämnda
1563 1640 39 36 år
1630 1640 174 37 behöfvas

204 1689 22 36 å
254 1702 66 23 ena
348 1690 114 45 sidan,
490 1703 78 24 som
598 1691 117 48 sagdt,
744 1693 156 35 allenast
929 1693 166 44 500,000
1126 1694 148 44 kronor,
1305 1707 94 32 men,
1430 1693 47 49 på
1505 1694 61 36 det
1594 1699 55 31 att
1677 1695 125 35 veder-

204 1743 145 48 börliga
376 1743 179 37 kontrakt
578 1743 60 36 må
665 1745 127 35 kunna
821 1749 201 45 upprättas,
1051 1744 147 39 kräfves
1225 1746 21 36 å
1275 1747 114 35 andra
1417 1747 115 45 sidan,
1554 1752 54 31 att
1632 1747 83 37 hela
1735 1748 67 35 den

204 1796 204 37 beräknade
450 1797 200 36 kostnaden
693 1797 58 37 för
794 1799 111 49 sagda
946 1799 293 49 etablissemang,
1281 1801 204 44 6,800,000
1510 1801 147 44 kronor,
1684 1803 46 46 på
1758 1814 44 23 en

203 1849 98 50 gång
328 1850 164 49 beviljas.

312 1904 16 35 I
361 1904 87 36 mitt
475 1905 172 49 yttrande
676 1906 60 35 till
764 1904 399 50 statsrådsprotokollet
1191 1907 57 35 för
1276 1906 70 36 den
1379 1908 46 35 12
1454 1907 249 37 innevarande
1732 1910 71 35 må-

203 1957 74 36 nad
320 1956 112 49 angaf
468 1959 65 48 jag
570 1957 114 38 såsom
719 1959 78 36 min
825 1958 104 45 åsikt,
958 1964 54 31 att
1036 1959 44 36 de
1109 1960 133 44 medel,
1274 1960 128 36 hvilka
1430 1962 56 34 för
1514 1960 222 49 påbörjande
1765 1961 41 36 af

203 2010 282 48 ifrågavarande
527 2012 217 48 byggnader
786 2011 121 37 blefve
941 2013 118 35 under
1091 2012 40 36 år
1164 2015 98 35 1905
1295 2013 195 49 behöfliga,
1517 2015 113 35 borde
1659 2016 142 34 anvisas

203 2063 78 36 från
325 2064 62 35 det
429 2063 38 36 af
508 2065 211 48 Riksdagen
759 2065 39 35 år
840 2067 97 35 1902
969 2066 58 35 till
1057 2066 235 35 statsverkets
1321 2066 334 49 kassaförlagsfond
1686 2068 116 36 under

204 2117 95 35 vissa
340 2117 138 35 villkor
511 2116 131 37 afsatta
671 2119 147 47 belopp.
876 2118 127 48 Enligt
1030 2118 62 35 det
1120 2118 62 36 vid
1211 2118 114 36 Eders
1355 2119 137 48 Kungl.
1524 2120 117 48 Maj:ts
1670 2119 130 50 nådiga

204 2170 222 48 proposition
471 2171 58 34 till
570 2171 225 35 sistnämnda
837 2170 56 36 års
942 2171 171 48 Riksdag,
1145 2172 183 48 angående
1375 2173 232 35 statsverkets
1635 2174 165 36 tillstånd

203 2223 66 35 och
301 2223 120 43 behof,
451 2222 129 48 fogade
607 2225 184 47 protokoll
817 2223 102 37 öfver
947 2225 277 35 finansärenden
1256 2225 151 35 anförde
1436 2225 207 36 dåvarande
1672 2227 126 36 chefen

204 2276 57 36 för
294 2277 407 48 finansdepartementet
731 2279 6 33 i
770 2277 104 49 fråga
903 2291 59 22 om
995 2278 246 49 beräkningen
1272 2280 38 34 af
1337 2279 236 36 statsverkets
1601 2280 199 49 tillgångar
