2190 2684
735 196 288 35 Stats-Utskottets
1052 198 173 35 Utlåtande
1247 202 62 32 N:o
1331 206 52 30 42.
1797 208 17 31 7

261 295 79 23 som
374 282 61 35 vid
468 296 44 22 en
548 284 175 48 möjligen
752 286 219 37 inträdande
1000 287 200 38 förändrad
1230 291 254 47 organisation
1514 292 39 37 af
1577 295 279 36 embetsverket

260 335 93 35 eller
381 333 83 36 dess
492 335 183 36 särskilda
704 335 233 51 afdelningar
963 340 92 34 eller
1074 340 105 47 eljest
1199 341 9 35 i
1229 342 203 37 allmänhet
1452 345 71 35 kan
1544 345 116 37 varda
1680 346 174 48 stadgad;

394 390 53 30 att
475 386 81 35 med
587 386 143 37 embete
759 388 89 35 eller
875 391 111 34 tjenst
1019 391 4 34 i
1051 390 301 39 Kammarrätten
1380 394 80 37 icke
1489 399 59 33 må
1569 396 143 37 förenas
1734 411 119 22 annan

260 435 113 48 tjenst
414 439 19 32 å
474 437 126 43 rikets,
634 437 233 48 Riksdagens
896 441 90 35 eller
1013 442 196 37 kommuns
1238 450 84 38 stat,
1352 445 31 46 ej
1410 446 116 36 heller
1555 461 117 22 annan
1701 445 153 55 tjenste-

261 485 224 50 befattning,
527 487 82 35 med
651 489 143 36 mindre
836 490 69 36 den
939 492 121 36 finnes
1093 493 79 36 icke
1200 507 87 23 vara
1316 495 188 49 hinderlig
1531 497 57 37 för
1615 498 238 47 fullgörande

260 536 38 36 af
322 537 291 49 tjenstgöringen
643 540 9 34 i
682 540 317 47 Kammarrätten;
1029 543 95 36 dock
1154 550 55 31 att
1237 546 233 47 tjensteman,
1499 562 79 23 som
1607 550 60 35 vid
1690 550 70 36 den
1782 564 58 36 ny:

258 589 343 48 löneregleringens
643 591 220 37 inträdande
905 594 115 35 redan
1062 596 154 35 innehar
1256 598 114 46 tjenst
1407 605 104 30 utom
1540 600 311 45 Kammarrätten,

258 642 59 32 må
346 638 214 38 densamma
588 641 194 45 bibehålla,
812 647 38 32 så
878 645 106 47 länge
1014 645 70 36 den
1113 647 79 36 icke
1221 655 40 28 är
1289 647 58 37 för
1375 650 297 50 tjenstgöringen
1700 653 10 34 i
1739 652 112 37 Kam-

257 696 201 30 marrätten
489 691 199 49 hinderlig;

393 747 54 30 att
488 743 253 48 aflöningarne
782 744 58 37 för
872 746 319 39 Kammarrättens
1220 751 161 36 embets-
1410 753 65 35 och
1504 754 222 46 tjenstemän
1757 762 94 29 samt

257 792 165 47 betjente
450 792 160 38 fördelas
638 796 11 34 i
678 795 58 36 lön
767 796 67 35 och
863 798 490 51 tjenstgöringspenningar,
1384 803 125 37 hvilka
1537 818 128 24 senare
1694 806 35 35 få
1758 820 92 35 upp-

258 844 105 34 bäras
391 843 130 36 endast
548 844 58 36 för
636 846 69 36 den
735 847 53 35 tid
817 848 181 47 tjenstens
1025 851 245 37 innehafvare
1300 854 191 48 verkligen
1519 856 215 50 tjenstgjort
1761 859 90 35 eller

258 895 152 46 åtnjutit
451 894 110 37 ferier
601 897 90 36 eller
731 905 189 38 semester,
961 913 83 23 men
1084 902 104 36 skola
1223 903 55 36 för
1324 905 71 35 den
1424 906 65 45 tid,
1519 907 72 36 han
1621 909 105 47 eljest
1753 910 97 35 varit

258 945 77 35 från
365 946 249 48 tjenstgöring
641 948 155 45 befriad,
827 953 89 43 utgå
944 951 55 35 till
1029 952 83 44 den,
1141 966 76 23 som
1248 956 157 46 tjensten
1435 956 190 47 förrättat;

391 1002 55 30 att
474 997 82 44 den,
585 1012 77 21 som
693 999 38 36 af
755 1000 170 47 sjukdom
955 1001 151 38 hindras
1135 1010 54 29 att
1217 1006 55 35 sin
1301 1007 112 46 tjenst
1441 1007 169 47 förrätta,
1639 1023 87 33 eger
1754 1024 94 35 upp-

256 1047 92 35 bära
381 1047 82 36 hela
497 1049 128 45 lönen;
654 1063 83 23 men
767 1057 54 30 att
849 1052 81 44 den,
959 1066 79 22 som
1068 1055 109 46 eljest
1207 1056 137 37 undfår
1372 1058 168 49 ledighet
1568 1060 57 36 för
1652 1074 89 35 svag
1770 1063 79 34 hel-

255 1111 57 22 sas
353 1098 200 45 vårdande,
595 1101 166 35 enskilda
796 1104 312 46 angelägenheter
1136 1107 89 35 eller
1254 1108 182 37 särskilda
1465 1111 181 48 uppdrag,
1676 1112 70 36 kan
1775 1112 74 36 för-

256 1150 134 47 pligtas
425 1156 54 29 att
513 1151 118 36 under
659 1153 210 47 ledigheten
900 1154 147 37 utöfver
1075 1158 80 34 sina
1183 1158 476 51 tjenstgöringspenningar
1688 1162 94 37 afstå
1810 1168 40 32 så

255 1201 149 46 mycket
433 1201 39 35 af
496 1201 121 45 lönen,
645 1216 79 22 som
753 1203 59 36 för
839 1205 182 47 tjenstens
1050 1206 228 40 förrättande
1308 1210 186 37 erfordras
1523 1214 90 35 eller
1633 1215 106 45 eljest
1755 1215 94 47 pröf-

253 1264 64 22 vas
346 1251 153 48 skäligt;

386 1308 55 30 att
481 1303 63 35 vid
585 1304 336 47 sjukdomsförfall,
962 1309 91 35 eller
1088 1317 67 28 när
1190 1310 62 36 det
1280 1311 184 38 erfordras
1492 1313 56 37 för
1576 1315 208 38 beredande
1813 1316 39 36 af

254 1360 187 36 semester,
482 1355 223 45 tjensteman
749 1357 39 35 af
825 1358 100 47 lägre
959 1359 90 47 grad
1079 1360 92 36 skall
1201 1375 84 22 vara
1315 1363 149 50 skyldig
1492 1371 66 39 att,
1588 1379 57 23 om
1676 1367 70 36 han
1775 1368 74 36 för-

255 1404 133 35 ordnas
419 1406 53 34 till
502 1406 113 47 högre
645 1407 209 47 befattning
882 1410 101 35 inom
1012 1411 310 46 Kammarrätten,
1351 1415 224 46 densamma,
1605 1425 98 29 emot
1723 1420 147 46 åtnju-.

255 1455 120 44 tande,
413 1457 9 33 i
457 1456 259 38 förstnämnda
743 1458 76 44 fall,
848 1459 39 36 af
912 1460 45 36 de
987 1460 57 37 för
1072 1462 256 49 befattningen
1359 1467 177 46 anslagna
1564 1469 285 49 tjenstgörings-

254 1507 215 47 penningar,
497 1521 80 22 men
608 1509 107 47 eljest
744 1509 39 36 af
806 1510 168 37 deremot
1001 1514 179 36 svarande
1209 1515 135 49 belopp
1350 1503 18 68 i
1395 1519 123 35 stället
1534 1518 56 36 för
1606 1533 91 34 egna
1714 1521 134 46 tjenst-

254 1558 368 47 göringspenningar,
656 1560 174 42 bestrida,
866 1562 91 36 dock
983 1564 30 46 ej
1044 1565 125 47 längre
1199 1573 46 28 än
1273 1572 56 31 tre
1360 1569 176 36 månader
1566 1571 116 36 under
1710 1578 53 29 ett
1791 1575 56 40 år;

389 1616 66 36 att,
486 1608 65 36 der
579 1609 216 50 förhöjning
823 1611 37 36 af
886 1613 109 36 lönen
1025 1614 96 36 efter
1150 1616 73 35 viss
1251 1617 73 36 tids
1348 1617 150 38 fortsatt
1519 1621 272 38 innehafvande
1812 1625 39 34 af

253 1658 113 46 tjenst
406 1661 11 33 i
458 1673 139 22 samma
639 1662 178 47 lönegrad
858 1677 105 22 anses
1003 1665 89 36 böra
1133 1667 223 47 medgifvas,
1394 1670 223 47 tidpunkten
1647 1672 57 36 för
1731 1673 116 37 första

253 1708 258 50 förhöjningen
542 1711 224 38 bestämmes
794 1719 55 30 att
877 1715 146 36 inträda
1052 1716 95 36 efter
1175 1717 71 36 fem
1277 1722 52 41 år,
1358 1720 120 37 under
1505 1723 133 44 vilkor,
1668 1729 54 30 att
1742 1725 104 36 inne-

254 1759 175 37 hafvaren
472 1775 100 22 mera
610 1770 44 28 än
692 1763 82 48 fyra
809 1768 40 32 år
877 1766 39 35 af
941 1767 121 35 denna
1088 1768 54 35 tid
1171 1768 85 47 sjelf
1280 1770 159 37 bestridt
1468 1773 53 35 sin
1551 1787 91 35 egen
1672 1775 100 43 eller,
1801 1780 45 44 på

253 1811 122 46 grund
404 1811 40 35 af
467 1812 261 46 förordnande,
757 1828 120 22 annan
906 1822 138 31 statens
1072 1819 125 47 tjenst,
1226 1821 94 35 dock
1350 1827 53 30 att
1425 1823 128 36 härvid
1575 1826 80 35 icke
1674 1828 57 33 må
1746 1826 100 37 föras

253 1863 135 34 honom
418 1863 55 35 till
502 1864 68 35 last
600 1864 68 36 den
698 1866 54 35 tid
783 1866 69 35 han
882 1868 153 47 åtnjutit
1063 1876 187 38 semester,
1279 1872 66 36 och
1368 1872 57 36 för
1445 1875 114 36 andra
1576 1875 271 49 förhöjningen,

253 1925 61 22 om
356 1913 114 35 sådan
513 1928 86 34 eger
638 1929 95 31 rum,
767 1917 96 35 efter
895 1920 221 47 ytterligare
1145 1921 72 35 fem
1246 1926 49 39 år,
1324 1927 47 43 på
1399 1937 138 25 samma
1566 1927 133 45 vilkor,
1730 1929 116 35 under

253 1963 250 47 iakttagande,
545 1966 97 35 hvad
684 1970 40 33 så
764 1968 60 35 väl
866 1969 70 36 den
974 1983 68 22 ena
1070 1984 79 22 som
1179 1972 71 36 den
1281 1974 113 35 andra
1424 1975 264 51 förhöjningen
1717 1983 128 43 angår,

251 2013 108 36 deraf
385 2023 51 27 att
466 2015 70 36 den
566 2016 112 46 högre
707 2019 211 48 aflöningen
948 2021 30 47 ej
1009 2021 54 35 får
1090 2023 185 37 tillträdas
1304 2024 76 37 förr
1408 2033 45 29 än
1482 2028 59 35 vid
1571 2029 127 47 början
1730 2030 37 36 af
1781 2032 64 35 ka-

251 2065 212 37 lenderåret
491 2073 81 30 näst
601 2067 92 38 efter
722 2069 61 36 det
812 2069 71 37 den
912 2072 177 48 stadgade
1117 2075 264 46 tjensteåldern
1411 2077 122 38 blifvit
1562 2081 194 47 uppnådd;
1780 2082 64 36 bö-

253 2117 113 35 rande
395 2117 215 49 löntagaren
639 2120 129 36 dervid
797 2121 290 46 tillgodoräknas
1115 2125 68 35 den
1213 2127 63 41 tid,
1306 2140 78 23 som
1414 2128 75 37 före
1519 2130 70 37 den
1611 2145 70 35 nya
1701 2138 143 31 statens

252 2166 220 38 utfärdande
513 2169 158 37 förflutit
713 2171 80 35 från
835 2172 90 36 hans
961 2174 166 37 tillträde
1161 2177 54 34 till
1245 2178 174 46 tjensten,
1449 2194 85 23 vare
1562 2183 57 48 sig
1648 2187 45 44 på
1721 2185 122 43 grund

249 2217 39 35 af
321 2218 173 37 fullmakt
526 2221 88 35 eller
655 2222 281 37 konstitutorial
966 2226 90 35 eller
1084 2230 44 43 på
1156 2228 123 47 grund
1309 2229 38 36 af
1370 2230 250 39 förordnande
1650 2235 9 34 i
1688 2234 91 49 följd
1809 2235 39 38 af

246 2268 126 49 frågan
402 2283 59 23 om
491 2272 146 36 verkets
667 2274 337 48 omorganisation;
