1898 2810
548 150 277 31 Statsutskottets
850 150 177 31 utlåtande
1050 159 41 22 nr
1118 150 69 31 204.
1601 145 13 29 1

774 421 60 40 Nr
861 421 87 40 204.

681 542 110 24 Ankom
809 542 43 24 till
871 542 157 29 riksdagens
1045 541 89 24 kansli
1152 542 53 23 den
1225 539 32 25 15
1274 541 59 30 juni
1353 538 65 26 1944
1436 540 36 24 kl.
1491 537 16 26 3
1525 546 50 17 em.

334 638 183 31 Utlåtande
538 640 10 28 i
567 637 187 37 anledning
775 647 42 21 av
840 637 121 37 Kungl.
984 637 118 37 Maj:ts
1123 637 214 36 proposition
1358 635 176 37 angående
1555 644 59 21 an-

553 688 187 37 skaffande
760 697 42 21 av
823 687 195 37 ytterligare
1039 696 41 21 en
1101 686 253 37 statsisbrytare
1374 695 45 22 m.
1441 695 45 21 m.
1508 685 106 37 jämte

555 740 10 28 i
586 739 116 29 ämnet
726 738 123 30 väckta
873 738 177 30 motioner.

1385 783 71 40 (1:a
1476 782 88 40 avd.)

157 891 14 29 I
196 890 258 38 propositionen
478 899 41 21 nr
543 890 59 29 132
628 890 66 30 har
717 888 121 37 Kungl.
863 887 111 38 Maj:t,
998 888 109 30 under
1129 887 220 38 åberopande
1372 898 42 21 av
1437 887 105 37 bilagt
1564 889 51 29 ut-

112 942 85 35 drag
221 951 44 20 av
287 940 372 36 statsrådsprotokollet
682 941 82 28 över
786 939 297 30 handelsärenden
1106 938 56 30 för
1186 938 66 30 den
1279 939 39 29 18
1340 937 154 31 februari
1521 937 93 35 1944,

111 991 176 36 föreslagit
309 991 184 35 riksdagen
516 993 49 27 att
942 980 11 8 ”

155 1042 72 30 dels
260 1042 186 36 godkänna
475 1041 65 30 den
570 1051 42 20 av
643 1040 382 38 departementschefen
1055 1040 10 29 i
1097 1039 148 31 berörda
1276 1037 338 39 statsrådsprotokoll

111 1092 186 30 förordade
315 1093 127 36 planen
460 1092 55 30 för
537 1092 179 30 ordnande
735 1101 42 21 av
797 1095 128 27 statens
946 1090 380 38 isbrytarverksamhet,

157 1144 72 29 dels
251 1144 133 30 besluta
407 1143 233 30 anskaffande
662 1152 44 21 av
726 1142 195 37 ytterligare
945 1144 46 27 ett
1014 1144 127 28 statens
1165 1140 263 37 isbrytarfartyg
1451 1149 42 21 av
1516 1139 11 29 i
1551 1139 62 29 hu-

112 1194 134 30 vudsak
268 1194 42 30 de
329 1193 240 36 dimensioner,
590 1202 75 21 som
688 1202 43 21 av
751 1191 379 37 departementschefen
1151 1190 183 36 förordats,
1357 1190 55 30 för
1432 1199 42 21 en
1494 1189 119 30 beräk-

112 1245 69 29 nad
201 1244 150 30 kostnad
370 1251 43 23 av
434 1244 100 36 högst
554 1244 18 29 5
586 1243 65 30 650
664 1243 64 30 000
748 1243 138 35 kronor,

158 1294 72 30 dels
253 1294 208 36 bemyndiga
487 1293 121 37 Kungl.
635 1292 102 37 Maj:t

157 1348 49 27 att
227 1343 45 38 på
293 1354 43 21 av
357 1343 379 37 departementschefen
759 1342 186 31 förordade
966 1341 125 31 villkor
1111 1341 129 36 bevilja
1261 1350 105 21 envar
1390 1350 43 21 av
1456 1340 158 30 städerna

113 1394 130 31 Malmö
263 1395 65 30 och
349 1393 104 31 Gävle
472 1393 206 36 statsbidrag
698 1393 79 30 med
798 1393 41 29 33
859 1395 143 33 procent
1021 1402 42 20 av
1083 1392 235 30 kostnaderna
1337 1391 57 30 för
1413 1390 200 31 anskaffan-

114 1445 41 30 de
175 1454 43 21 av
238 1454 41 20 en
299 1444 261 36 lokalisbrytare
579 1453 43 20 av
642 1446 9 29 i
672 1443 184 30 huvudsak
876 1443 42 29 de
940 1441 231 30 dimensioner
1192 1442 66 29 och
1277 1441 80 30 med
1377 1441 67 30 den
1463 1440 150 31 maskin-

114 1496 119 35 styrka
258 1504 73 20 som
355 1494 11 30 i
389 1493 375 36 statsrådsprotokollet
788 1491 146 37 angivits

157 1548 89 26 samt
266 1547 48 27 att
332 1544 78 29 med
430 1543 186 35 Göteborgs
638 1542 217 36 Bogserings-
878 1542 66 30 och
965 1541 190 36 Bärgnings
1176 1541 200 36 Aktiebolag
1398 1540 106 31 träffa
1523 1540 91 30 avtal

113 1595 177 36 angående
311 1595 212 35 förhyrande
543 1603 42 20 av
604 1594 137 35 bolaget
760 1592 208 31 tillhörande
987 1592 200 36 isbrytande
1208 1591 221 37 bogserbåtar
1449 1590 11 30 i
1481 1590 132 31 huvud-

113 1644 111 38 saklig
244 1643 340 32 överensstämmelse
607 1644 80 29 med
710 1643 8 30 i
745 1642 375 38 statsrådsprotokollet
1144 1642 162 36 framlagt
1328 1641 138 36 förslag,

159 1697 71 29 dels
253 1696 65 30 ock
341 1696 55 30 för
418 1694 200 38 budgetåret
645 1691 141 34 1944/45
810 1694 111 30 under
942 1693 115 30 tionde
1081 1692 217 31 huvudtiteln
1322 1691 120 31 anvisa

158 1747 51 29 till
234 1746 132 30 Statens
389 1745 384 36 isbrytarverksamhet:
800 1743 240 31 Anskaffande
1064 1752 41 21 av
1131 1742 195 37 ytterligare
1352 1745 45 27 ett
1421 1744 126 27 statens
1571 1740 41 30 is-

113 1796 235 37 brytarfartyg
372 1799 47 27 ett
442 1795 349 35 reservationsanslag
815 1804 42 20 av
882 1795 18 28 2
915 1794 62 29 500
991 1794 64 29 000
1079 1794 138 34 kronor,

159 1850 89 27 samt
269 1846 49 30 till
340 1846 133 30 Statens
492 1845 382 36 isbrytarverksamhet:
897 1843 217 36 Förhyrning
1135 1852 39 20 av
1198 1842 265 36 isbrytarfartyg
1482 1844 46 27 ett
1547 1840 65 31 för-

115 1897 211 35 slagsanslag
351 1905 42 20 av
422 1896 59 29 100
495 1895 63 29 000
586 1895 138 30 kronor.

160 1996 12 29 I
191 1997 93 28 detta
302 1995 251 35 sammanhang
570 1995 64 29 har
651 1994 166 29 utskottet
837 1992 49 30 till
903 1991 210 36 behandling
1131 1991 153 30 förehaft

158 2046 72 30 dels
253 2045 56 31 två
329 2045 221 36 likalydande
572 2044 180 35 motioner,
776 2043 132 35 väckta,
931 2042 67 30 den
1019 2051 63 20 ena
1103 2041 94 30 inom
1221 2041 108 30 första
1350 2040 203 30 kammaren
1575 2049 41 21 av

114 2096 80 30 herr
212 2096 39 29 K.
271 2096 35 29 A.
330 2095 181 29 Johanson
538 2089 38 39 (I:
599 2094 79 36 280)
700 2093 65 30 och
789 2093 64 30 den
872 2092 110 30 andra
1003 2092 93 29 inom
1117 2091 110 31 andra
1248 2092 204 29 kammaren
1473 2100 42 20 av
1537 2090 78 30 herr

116 2147 34 31 G.
175 2146 177 37 Skoglund
374 2146 10 30 i
408 2145 109 31 Umeå
540 2154 44 21 m.
607 2144 37 36 fl.
673 2141 57 38 (II:
747 2142 90 37 452),
862 2144 73 29 vari
958 2142 201 33 hemställts,
1183 2145 49 27 att
1254 2141 183 36 riksdagen
1461 2140 76 30 ville
1560 2140 55 30 be-

115 2197 90 38 sluta
224 2200 49 26 att
293 2196 10 29 i
323 2195 163 30 skrivelse
507 2195 49 29 till
577 2194 123 35 Kungl.
723 2192 101 36 Maj:t
844 2192 183 30 hemställa
1046 2201 57 20 om
1125 2191 149 36 förnyad
1294 2190 169 36 prövning
1484 2199 42 21 av
1548 2189 67 30 frå-

114 2255 68 27 gan
204 2245 176 36 angående
403 2254 42 20 en
469 2243 253 35 statsisbrytare
746 2243 55 29 för
822 2241 186 35 Norrland;

159 2293 72 31 dels
254 2294 57 31 två
333 2293 221 36 likalydande
576 2292 180 34 motioner,
783 2292 133 33 väckta,
943 2291 66 29 den
1031 2299 41 21 en
1097 2290 95 29 inom
1216 2290 108 29 första
1348 2290 203 29 kammaren
1574 2298 43 20 av

114 2346 80 29 herr
216 2345 40 29 N.
278 2343 213 31 Holmström
512 2352 43 20 m.
578 2342 36 36 fl.
641 2338 40 39 (1:
699 2338 74 39 282)
801 2341 65 29 och
888 2341 65 29 den
975 2340 108 29 andra
1105 2339 96 30 inom
1222 2339 108 30 andra
1351 2339 204 29 kammaren
1575 2347 41 21 av

115 2395 80 29 herr
216 2394 37 29 E.
274 2393 139 30 Severin
433 2392 11 29 i
465 2392 103 30 Gävle
589 2401 44 20 m.
655 2390 36 37 fl.
722 2386 55 39 (11:
804 2390 91 35 458),
919 2389 73 30 vari
1015 2389 202 34 hemställts,
1232 2391 48 28 att
1293 2388 184 35 riksdagen
1491 2387 56 31 må
1561 2388 54 29 be-

114 2446 100 34 sluta,
237 2448 49 26 att
309 2445 150 29 förutom
483 2444 40 28 33
547 2444 159 34 procents
729 2440 206 35 statsbidrag
958 2440 54 29 för
1033 2439 235 30 anskaffande
1291 2448 43 20 av
1355 2438 261 35 lokalisbrytare

152 2510 111 29 Bihang
274 2508 40 25 till
326 2508 166 29 riksdagens
505 2505 143 32 protokoll
661 2505 75 25 1944.
757 2506 16 23 6
784 2504 79 25 saml.
901 2503 38 23 Nr
957 2502 55 25 204.
1576 2499 12 24 1
