1894 2808
554 167 274 30 Statsutskottets
853 166 177 31 utlåtande
1055 176 41 21 nr
1120 167 71 30 204.
1576 161 40 29 25

110 253 75 30 skäl
208 252 189 30 utsikterna
421 251 116 30 härtill
560 251 75 30 icke
656 261 83 20 vara
760 254 103 27 stora.
889 252 13 29 I
926 250 98 38 fråga
1047 260 57 21 om
1126 250 231 31 industrierna
1380 260 103 27 synas
1506 251 108 34 dessa,

110 302 104 38 enligt
235 302 65 30 vad
321 311 75 21 som
418 301 120 30 hittills
560 301 249 36 framkommit,
833 301 74 30 icke
929 301 90 29 hava
1040 301 87 31 visat
1147 300 102 37 något
1269 302 108 29 större
1398 300 142 30 intresse
1561 301 55 30 för

110 352 226 38 anskaffning
360 361 41 21 av
426 352 95 37 dylik
549 351 162 31 materiel.
737 351 64 30 Det
825 351 107 31 delvis
955 351 200 37 isbrytande
1179 350 337 38 bogserbåtbestånd,
1540 359 74 22 som

110 404 112 30 finnes
240 406 47 28 att
304 403 102 36 tillgå,
424 404 97 29 torde
533 412 81 21 vara
625 402 220 36 otillräckligt
856 402 10 29 i
878 401 99 37 fråga
989 411 56 21 om
1057 401 94 31 såväl
1163 402 93 29 antal
1268 410 72 21 som
1354 401 182 36 kapacitet.
1548 400 67 30 Vid

111 454 149 36 angivna
283 452 242 32 förhållanden
548 461 99 28 synes
670 453 57 30 det
748 453 164 30 utskottet
935 453 120 30 kunna
1077 453 78 30 med
1179 452 58 37 fog
1258 451 229 38 ifrågasättas,
1511 453 104 29 huru-

111 505 79 30 vida
211 514 42 20 en
272 503 212 38 uppdelning
503 513 42 21 av
564 503 415 36 isbrytarverksamheten
999 503 127 30 mellan
1146 505 110 28 staten
1275 502 20 31 å
1316 511 64 22 ena
1400 505 90 28 samt
1509 502 105 31 lokal-

112 555 238 37 myndigheter
374 556 66 29 och
464 554 158 30 enskilda
646 553 20 31 å
691 555 109 30 andra
823 553 101 31 sidan
951 553 185 37 lämpligen
1161 554 63 29 bör
1249 554 59 29 ske
1333 552 85 31 efter
1442 562 90 21 ovan
1557 562 58 21 an-

111 607 102 36 givna
237 606 175 30 allmänna
434 604 172 37 riktlinjer
628 606 33 29 d.
685 615 30 19 v.
739 616 26 20 s.
788 605 11 29 i
821 605 111 34 havs-,
956 604 92 30 kust-
1072 605 64 29 och
1160 603 288 38 lokalisbrytning
1470 604 65 30 och
1559 613 57 20 om

111 658 75 29 icke
203 666 44 21 en
265 666 117 20 annan
400 656 93 30 form
512 656 55 30 för
583 654 179 38 betjäning
783 665 41 20 av
842 655 415 36 isbrytarverksamheten
1276 655 62 29 bör
1357 654 119 30 kunna
1495 652 121 37 väljas,

112 718 74 20 som
207 716 94 21 mera
322 706 138 36 smidigt
481 714 167 28 anpassar
668 705 49 37 sig
737 704 85 31 efter
842 705 42 29 de
903 704 161 37 speciella
1085 705 252 35 förhållanden,
1361 714 75 21 som
1455 705 161 30 utmärka

113 758 188 30 Norrlands
325 756 334 37 isbrytningsbehov.
687 756 170 30 Utskottet
881 756 59 30 vill
964 756 120 29 därför
1107 755 210 37 ifrågasätta,
1344 754 173 32 huruvida
1542 755 75 30 icke

113 812 110 27 staten
254 807 282 38 organisatoriskt
565 807 107 30 borde
702 806 195 36 ombesörja
929 806 234 37 isbrytningen
1194 806 145 30 ovanför
1370 805 246 35 Gävlebukten,

112 860 9 29 i
150 860 67 29 den
243 858 81 31 mån
349 858 240 36 näringslivets
616 857 325 37 skeppningsbehov
967 858 66 29 och
1060 857 109 30 andra
1197 856 218 37 nödvändiga
1443 855 173 36 sjötrafik-

112 911 112 30 behov
248 909 35 30 in
305 909 50 30 till
377 910 82 29 land
482 910 65 29 och
568 911 38 27 ut
627 908 51 30 till
701 908 103 36 öppet
827 911 116 26 vatten
965 907 139 30 anmäla
1127 907 59 37 sig.
1211 906 168 31 Utskottet
1402 905 110 32 håller
1533 906 83 35 före,

112 964 48 27 att
183 970 42 20 en
249 959 193 37 anordning
464 959 109 30 sådan
594 959 67 30 den
684 968 47 20 nu
752 958 203 35 skisserade,
979 958 64 30 där
1062 960 112 27 staten
1197 957 99 31 alltså
1317 958 157 29 bedriver
1496 956 120 36 isbryt-

112 1012 128 35 ningen
258 1010 11 30 i
287 1017 82 30 egen
386 1009 82 37 regi,
486 1009 112 30 skulle
614 1008 198 31 underlätta
831 1010 65 29 och
914 1007 99 38 eljest
1030 1008 187 31 medverka
1234 1007 51 30 till
1304 1008 91 30 ökad
1413 1006 205 30 effektivitet

113 1071 41 21 av
180 1061 388 37 isbrytarberedskapen
593 1059 44 37 på
663 1059 180 35 Norrland,
869 1058 199 37 varigenom
1093 1059 66 29 den
1184 1058 230 30 norrländska
1439 1056 178 37 vintersjö-

113 1113 114 29 farten
249 1112 111 29 bättre
381 1113 43 28 än
446 1110 120 33 hittills
589 1109 110 31 skulle
722 1110 118 29 kunna
863 1108 157 38 påräkna
1041 1109 57 29 det
1118 1108 148 36 bistånd,
1288 1108 67 30 den
1375 1108 156 30 behövde
1553 1108 65 29 och

113 1162 178 37 rimligtvis
311 1163 115 29 kunde
444 1163 83 35 göra
546 1160 151 37 anspråk
718 1160 53 37 på.
793 1160 171 41 Utskottet
982 1160 175 30 förmenar
1177 1159 126 35 vidare,
1323 1161 49 28 att
1389 1161 48 29 ett
1455 1157 163 36 enhetligt

112 1212 254 32 handhavande
381 1222 43 21 av
438 1210 435 38 isbrytningsuppgifterna
889 1210 44 38 på
946 1212 69 29 sätt
1030 1211 63 29 här
1108 1210 195 37 ifrågasatts
1319 1208 175 31 sannolikt
1509 1208 110 31 skulle

113 1263 204 37 möjliggöra
339 1272 42 21 en
401 1271 97 22 mera
519 1262 157 31 rationell
698 1261 224 38 användning
942 1270 43 21 av
1006 1260 358 37 isbrytarmaterielen.
1389 1260 171 30 Utskottet
1581 1260 38 29 är

113 1315 78 30 fullt
212 1314 167 31 medvetet
398 1324 59 20 om
476 1316 49 27 att
545 1313 93 31 detta
656 1312 146 37 uppslag
821 1312 146 30 innebär
986 1312 86 30 flera
1093 1311 165 37 problem,
1278 1311 107 30 bland
1404 1312 116 34 annat,
1541 1309 78 31 med

113 1365 167 30 avseende
298 1365 19 31 å
333 1364 96 31 såväl
446 1364 239 36 avvägningen
702 1373 42 21 av
762 1363 41 30 de
820 1363 116 30 lokala
953 1362 206 30 intressenas
1177 1361 351 37 angelägenhetsgrad
1545 1368 74 21 som

113 1417 42 30 de
174 1415 225 31 ekonomiska
418 1414 335 31 mellanhavandena
773 1413 128 31 mellan
919 1415 111 28 staten
1047 1414 65 28 och
1131 1413 42 29 de
1190 1422 42 20 av
1251 1411 236 37 isbrytningen
1504 1411 114 30 berör-

114 1467 43 29 da
180 1467 198 29 intressena.
403 1465 171 30 Utskottet
596 1474 99 21 anser
717 1463 188 31 emellertid
926 1463 68 30 den
1016 1463 153 36 antydda
1190 1463 157 35 utvägen,
1370 1471 75 21 som
1467 1460 75 31 icke
1563 1461 56 29 be-

114 1519 88 28 rörts
223 1526 42 21 av
288 1515 387 38 isbrytarutredningen,
698 1524 82 20 vara
801 1513 145 37 förtjänt
966 1517 48 26 att
1034 1513 91 30 bliva
1145 1511 146 32 föremål
1310 1512 54 30 för
1386 1513 160 29 närmare
1567 1514 51 27 ut-

116 1568 141 36 redning
273 1568 63 29 och
352 1566 197 31 hemställer
564 1565 100 32 alltså
677 1568 48 28 att
741 1565 183 36 riksdagen
937 1565 124 30 härom
1076 1565 59 35 gör
1150 1563 254 37 framställning
1418 1564 63 29 hos
1497 1561 122 36 Kungl.

114 1617 111 37 Maj:t.

158 1669 51 30 De
230 1669 10 29 i
262 1667 216 30 motionerna
499 1668 27 29 I:
542 1668 61 29 287
625 1668 67 29 och
714 1666 44 30 II:
775 1666 62 30 464
859 1666 124 30 väckta
1006 1664 162 38 frågorna
1189 1675 57 20 om
1268 1664 64 30 den
1355 1663 201 31 nuvarande
1578 1662 41 29 is-

114 1719 320 37 brytarledningens
458 1717 293 37 omorganisation
774 1718 64 29 och
862 1726 59 20 om
942 1716 326 36 isbrytarfartygens
1291 1714 210 36 bemanning
1524 1714 97 29 torde

114 1769 186 37 lämpligen
322 1770 118 29 kunna
461 1769 213 30 undersökas
696 1768 10 29 i
728 1768 171 30 samband
920 1768 80 29 med
1022 1767 65 30 den
1109 1775 46 22 nu
1178 1765 193 37 föreslagna
1392 1763 229 36 utredningen

115 1831 57 20 om
194 1819 253 37 isbrytningens
470 1819 164 30 framtida
657 1817 243 37 organisation.
925 1817 185 30 Desamma
1133 1818 83 29 böra
1239 1815 218 37 följaktligen
1478 1814 75 31 icke
1574 1823 47 20 nu

116 1871 139 36 påkalla
271 1870 113 37 någon
400 1870 201 35 riksdagens
616 1868 172 31 särskilda
803 1868 130 36 åtgärd.
951 1868 141 29 Samma
1106 1868 64 29 bör
1185 1866 92 30 bliva
1293 1865 234 31 förhållandet
1542 1864 80 31 med

115 1922 67 29 vad
204 1922 9 28 i
237 1921 214 30 motionerna
474 1920 27 29 1:
517 1920 62 29 280
603 1920 66 29 och
691 1919 45 29 II:
751 1919 62 29 452
838 1921 88 27 samt
949 1918 27 29 I:
992 1918 63 29 283
1077 1918 66 29 och
1166 1917 44 29 II:
1225 1916 61 30 457
1311 1917 118 35 yrkats
1452 1925 57 20 om
1530 1914 91 31 ökad

116 1970 341 38 isbrytarberedskap
477 1970 55 30 för
551 1969 181 30 Norrland.
754 1969 53 29 Nu
825 1968 155 30 nämnda
999 1967 169 30 motioner
1187 1967 95 29 torde
1303 1965 99 31 alltså
1420 1965 202 37 härigenom

116 2022 36 31 få
171 2031 98 21 anses
289 2021 187 31 besvarade
496 2019 124 31 liksom
641 2018 175 31 motionen
836 2018 43 30 II:
895 2018 75 36 462,
989 2027 75 21 som
1082 2019 154 28 närmast
1254 2017 110 36 syftar
1383 2016 50 29 till
1453 2025 42 21 en
1514 2016 107 29 förut-

116 2072 219 36 sättningslös
354 2070 183 36 utredning
558 2069 178 37 angående
756 2068 264 36 möjligheterna
1039 2067 55 31 för
1112 2076 41 21 en
1174 2068 128 29 utökad
1322 2065 235 37 vintersjöfart
1578 2064 43 38 på

118 2124 179 30 Norrland.

163 2174 74 29 Den
266 2172 195 35 föreslagna
487 2171 124 37 planen
636 2171 80 29 med
741 2170 168 30 avseende
935 2168 20 31 å
982 2169 145 29 behovet
1153 2178 41 20 av
1219 2167 280 36 havsisbrytning
1527 2166 94 29 inom

117 2224 40 29 de
180 2223 294 33 vattenområden,
500 2231 73 20 som
599 2222 139 34 utgöras
764 2230 41 20 av
829 2220 109 29 Södra
965 2219 158 30 Kvarken
1148 2219 64 29 och
1239 2213 176 40 Östersjön
1441 2216 143 30 innebär
1613 2216 8 28 i

117 2275 148 30 korthet,
285 2276 48 26 att
353 2273 98 29 leden
472 2265 330 40 Stockholm-—ÄÅÄbo,
824 2271 9 28 i
855 2270 66 29 vad
941 2269 256 35 uppehållande
1217 2277 40 20 av
1279 2268 112 28 denna
1413 2266 210 29 förbindelse

119 2324 204 29 ankommer
348 2322 45 36 på
418 2321 144 35 Sverige,
591 2321 111 29 skulle
730 2320 4 29 i
761 2320 184 29 huvudsak
983 2328 82 20 vara
1100 2327 40 20 en
1180 2317 216 29 Stockholms
1434 2316 92 29 stads
1562 2325 59 19 an-

118 2373 210 35 gelägenhet,
353 2371 111 30 under
489 2371 56 30 det
569 2374 48 26 att
641 2380 41 20 en
707 2380 41 19 av
773 2370 40 29 de
837 2379 44 19 nu
906 2368 178 35 befintliga
1107 2367 280 35 statsisbrytarna
1413 2366 109 29 skulle
1548 2365 72 29 allt-

119 2423 85 30 efter
224 2422 339 35 omständigheterna
584 2421 203 36 disponeras
811 2420 53 29 för
882 2419 139 30 lederna
1041 2417 352 35 Stockholm--Visby
1413 2415 68 30 och
1498 2414 123 30 FTrelle-

118 2474 94 33 borg-
243 2472 166 30 Sassnitz.
434 2472 170 30 Utskottet
627 2471 113 29 finner
762 2471 64 28 den
848 2469 146 30 sålunda
1019 2469 193 34 föreslagna
1235 2467 236 35 avvägningen
1495 2475 41 21 av
1558 2469 64 25 sta-
