1892 2848
271 164 108 27 Första
396 162 200 28 kammarens
631 157 124 32 andra
771 159 155 34 tillfälliga
947 158 132 27 utskotts
1099 156 159 28 utlåtande
1278 156 44 27 Nr
1341 156 28 26 4.
1548 150 19 30 3

125 244 137 39 Frågor,
291 254 75 20 som
392 244 9 29 i
428 243 91 30 detta
546 241 253 37 sammanhang
824 240 75 29 icke
924 239 84 30 böra
1032 238 155 33 förbises,
1214 238 59 28 äro
1300 236 72 29 dels
1399 233 172 31 huruvida

80 291 91 29 cider
198 290 79 29 med
303 289 50 30 till
380 287 153 39 exempel
560 288 18 28 5
607 289 141 36 procent
774 284 216 30 alkoholhalt
1016 283 65 29 och
1106 278 252 42 jämförelsevis
1384 280 68 38 hög
1479 286 92 30 syra-

78 336 73 29 halt
173 334 264 31 tillfredsställer
459 333 66 29 den
547 335 92 26 stora
661 330 252 30 allmänhetens
936 329 108 33 smak,
1068 328 71 29 dels
1162 325 171 30 huruvida
1359 325 113 29 denna
1495 331 76 31 pro-

80 380 85 30 dukt
186 381 70 28 kan
277 380 99 37 göras
399 377 37 30 så
456 376 146 35 hållbar,
625 379 49 26 att
695 373 269 31 konsumtionen
987 383 42 20 av
1053 382 42 20 en
1117 370 130 39 årgång
1270 371 70 28 kan
1363 368 136 30 sträcka
1522 366 51 38 sig

81 426 79 29 över
182 424 115 39 någon
320 424 118 37 längre
460 422 59 29 tid.
1565 420 2 2 |

124 477 51 30 Då
191 487 83 20 man
289 480 64 32 vet,
370 479 48 27 att
435 476 56 29 vid
507 474 280 38 alkoholjäsning
803 483 42 20 av
861 481 43 21 en
920 470 167 32 fruktsaft
1103 470 130 30 saftens
1249 467 173 39 naturliga
1439 466 133 30 socker-

80 523 73 30 halt
179 522 129 40 spaltas
334 522 8 29 i
370 521 69 30 lika
464 521 95 29 delar
585 519 149 38 kolsyra,
759 527 74 21 som
859 517 57 30 vid
942 516 181 39 jäsningen
1151 513 149 39 bortgår,
1329 513 64 30 och
1422 510 150 34 alkohol,

81 577 73 20 som
181 567 230 28 kvarstannar
438 565 9 30 i
475 566 157 33 vätskan,
661 564 200 30 förutsätter
889 561 94 30 cirka
1011 559 213 40 5-procentig
1252 559 92 29 cider
1371 567 42 20 en
1440 557 134 30 socker-

81 613 72 30 balt
178 622 42 20 av
246 612 39 29 10
308 613 151 37 procent.
486 610 12 29 I
523 609 116 39 regeln
663 609 97 29 torde
786 608 146 29 svenska
958 606 125 39 äpplen
1108 603 177 31 innehålla
1311 603 144 29 allenast
1479 600 95 30 cirka

82 659 19 29 8
121 660 143 36 procent
289 657 128 33 socker,
441 664 80 21 men
545 655 155 29 däremot
723 653 84 29 visst
831 652 174 30 överskott
1029 649 44 40 på
1097 658 88 30 syra.
1212 647 230 39 Följaktligen
1465 644 110 31 måste

83 702 57 30 vid
167 701 139 39 jäsning
334 701 119 29 socker
482 700 159 29 tillsättas
669 698 54 30 för
750 700 49 27 att
826 698 67 29 öka
920 695 259 30 alkoholhalten
1207 694 65 29 och
1300 695 117 27 vatten
1445 691 55 30 för
1528 691 48 27 att

83 747 147 39 utspäda
262 746 208 38 syrahalten,
503 744 36 30 så
570 746 49 27 att
649 743 111 30 saften
790 742 58 29 vid
879 742 66 29 den
975 741 54 29 för
1060 738 225 40 pressningen
1316 736 164 39 lämpliga
1512 734 62 30 tid-

82 793 156 38 punkten
263 791 88 30 skall
374 789 35 31 få
432 790 54 30 för
507 789 138 38 jäsning
669 786 201 38 erforderlig
890 786 131 29 balans.

130 846 98 30 Cider
247 845 81 30 med
349 844 107 30 sådan
479 844 80 29 eller
582 843 93 29 ännu
698 842 93 37 lägre
812 840 261 37 alkoholstyrka
1096 839 37 29 är
1155 838 66 29 den
1242 837 10 29 i
1274 835 173 38 åtskilliga
1469 833 108 29 andra

85 890 203 39 europeiska
308 889 120 30 länder
446 888 148 38 vanliga.
615 887 73 29 Den
706 887 64 29 har
790 885 51 30 till
860 884 88 39 följd
968 894 41 20 av
1030 883 98 38 ringa
1149 881 215 30 alkoholhalt
1384 876 194 41 begränsad

85 935 204 35 hållbarhet,
310 934 174 30 tillverkas
506 933 109 29 under
634 932 122 29 hösten
777 931 64 29 och
863 929 117 38 börjar
1001 929 227 29 konsumeras
1248 926 107 30 redan
1377 922 201 40 påföljande

85 980 61 30 vår
168 998 44 3 —
236 979 10 30 i
272 980 163 29 hemmen
460 978 107 29 redan
594 977 94 29 cirka
714 977 19 29 3
759 974 167 30 månader
951 974 84 29 efter
1058 971 234 38 beredningen
1318 988 44 3 —
1387 969 65 30 och
1478 968 101 37 utgör

86 1026 65 29 den
174 1024 191 39 vanligaste
387 1022 250 38 läskedrycken
659 1020 138 30 särskilt
819 1019 44 39 på
884 1018 238 38 landsbygden
1143 1016 110 30 under
1277 1022 214 22 sommarens
1513 1011 65 31 och

86 1071 140 29 höstens
244 1072 107 35 tunga
370 1069 115 28 arbete
504 1067 9 29 i
531 1066 211 39 jordbruket.
761 1065 64 29 Det
844 1063 147 39 alltjämt
1008 1062 155 39 stegrade
1183 1061 146 29 behovet
1348 1068 42 21 av
1410 1068 42 20 en
1470 1056 109 31 sådan

87 1115 107 38 dryck
215 1114 64 29 har
303 1113 106 30 sedan
432 1111 152 39 långliga
608 1110 86 30 tider
717 1109 150 30 medfört
891 1107 211 38 massodling
1126 1116 42 20 av
1192 1104 179 35 särskilda,
1396 1103 54 30 för
1473 1102 106 29 cider-

87 1158 188 39 beredning
300 1157 164 39 lämpliga
489 1156 211 39 äppelsorter
725 1154 65 30 och
816 1154 10 29 i
852 1153 91 30 vissa
969 1152 118 30 länder
1113 1152 86 29 även
1227 1160 42 20 av
1295 1149 120 38 päron.
1444 1146 135 30 Allden-

88 1205 103 29 stund
212 1203 117 30 cidern
353 1202 95 30 inom
470 1200 128 39 många
620 1200 120 29 länder
764 1199 80 29 eller
868 1198 10 29 i
901 1197 194 38 betydande
1120 1194 137 30 distrikt
1281 1204 42 19 av
1346 1193 91 30 vissa
1461 1190 120 31 länder

88 1249 97 30 blivit
213 1258 41 20 en
282 1247 276 37 nationaldryck,
588 1254 74 20 som
689 1244 175 30 tillverkas
891 1242 88 30 både
1005 1241 54 30 för
1087 1241 162 29 odlarnas
1277 1241 74 36 eget
1378 1238 112 29 behov
1517 1234 64 31 och

89 1294 95 30 inom
210 1292 217 31 omfattande
453 1290 193 30 industriell
671 1288 93 35 drift,
790 1288 64 29 har
879 1287 92 30 detta
995 1285 150 32 medfört
1171 1284 76 30 icke
1271 1283 97 35 blott,
1396 1285 49 27 att
1471 1283 110 27 utom-

89 1338 169 38 ordentlig
282 1337 137 30 teknisk
444 1336 195 30 erfarenhet
663 1333 150 35 vunnits,
838 1335 83 27 utan
944 1333 87 28 även
1055 1331 111 29 behov
1189 1339 42 19 av
1256 1328 128 38 statligt
1410 1324 172 41 organise-

89 1384 63 29 rad
179 1383 152 30 försöks-
362 1382 64 29 och
455 1377 422 41 forskningsverksamhet
904 1376 45 39 på
977 1374 165 32 området.
1174 1374 56 30 Att
1258 1376 85 27 utan
1371 1372 118 30 vidare
1517 1369 65 32 till-

89 1429 116 38 lämpa
226 1436 90 21 ovan
337 1426 147 30 anförda
505 1425 65 30 och
590 1425 45 29 än
654 1424 85 29 flera
761 1423 136 29 länders
919 1419 430 37 ciderberedningssystem
1370 1416 44 40 på
1436 1415 147 30 svenska

90 1472 245 31 förhållanden
359 1472 37 28 är
418 1470 75 29 icke
514 1468 177 38 tillrådligt
715 1468 80 29 eller
817 1476 60 20 ens
899 1465 143 39 möjligt.
1069 1463 222 31 Framförallt
1315 1463 70 28 kan
1408 1470 42 21 en
1475 1458 109 31 sådan

90 1527 42 20 av
157 1517 101 39 äpple
281 1515 196 30 framställd
502 1514 109 38 dryck
635 1513 74 29 icke
732 1512 107 29 vinna
862 1510 128 38 åsyftat
1015 1509 109 38 insteg
1147 1508 108 29 bland
1279 1507 304 30 konsumenterna,

91 1572 57 20 om
166 1562 154 38 drycken
339 1560 87 30 skall
443 1559 93 30 bliva
553 1557 146 31 föremål
716 1557 54 29 för
789 1564 134 22 samma
940 1553 244 31 restriktioner,
1205 1561 74 21 som
1299 1561 46 19 nu
1365 1550 88 39 gälla
1473 1547 111 39 ifråga

90 1616 56 20 om
176 1606 58 29 vin
262 1606 67 29 och
358 1604 216 37 rusdrycker,
603 1602 65 30 och
696 1601 129 30 åsättas
854 1599 80 40 pris,
964 1609 74 20 som
1066 1598 75 30 icke
1170 1596 69 30 står
1268 1596 9 29 i
1305 1593 202 41 proportion
1535 1592 49 31 till

91 1650 242 39 råvarupriset.

137 1705 130 29 Genom
290 1703 72 30 vin-
385 1703 64 29 och
474 1700 260 40 spritcentralen
757 1699 96 29 torde
874 1697 155 30 fruktvin
1052 1696 74 30 icke
1149 1696 119 29 kunna
1293 1692 161 39 försäljas
1476 1690 110 31 under

94 1748 130 31 sådana
251 1748 135 34 villkor,
416 1750 48 26 att
492 1747 56 29 det
575 1745 65 30 blir
668 1754 42 20 en
737 1744 123 30 artikel
884 1743 54 29 för
966 1742 65 30 den
1058 1744 91 26 stora
1177 1739 243 30 allmänheten.
1450 1735 136 39 Frågan

93 1795 37 28 är
155 1793 128 34 därför,
307 1792 171 30 huruvida
504 1791 74 29 icke
603 1789 165 35 fruktvin,
794 1788 114 29 därest
933 1788 76 29 dess
1034 1785 246 37 alkoholgräns
1304 1784 208 28 bestämmes
1536 1779 51 31 till

94 1838 200 38 förslagsvis
314 1838 19 29 6
352 1839 151 36 procent,
524 1835 134 30 enklast
678 1834 109 29 skulle
807 1834 120 28 kunna
946 1830 222 31 distribueras
1189 1837 123 29 genom
1335 1826 251 39 bryggerierna,

93 1884 63 29 hos
178 1883 92 29 vilka
292 1882 106 30 redan
422 1882 121 28 utövas
564 1880 68 29 viss
653 1878 151 30 kontroll
828 1877 64 30 och
916 1876 92 30 vilka
1031 1876 65 36 äga
1120 1883 41 21 en
1185 1870 401 40 försäljningsorganisa-

95 1928 82 34 tion,
205 1937 74 19 som
307 1926 234 29 allmänheten
568 1925 38 28 är
633 1933 67 19 van
727 1926 49 26 att
804 1921 107 29 anlita
938 1920 57 30 vid
1020 1920 106 38 inköp
1154 1928 42 19 av
1223 1912 242 45 maltdrycker.
1494 1910 94 33 Även

95 1972 78 30 med
194 1972 138 37 hänsyn
356 1970 49 30 till
427 1971 55 28 det
504 1968 243 34 förhållandet,
771 1969 49 27 att
842 1965 155 30 fruktvin
1018 1964 81 30 med
1123 1962 37 30 så
1183 1961 56 39 låg
1263 1960 225 34 alkoholhalt,
1514 1967 74 21 som

95 2027 88 20 ovan
208 2017 150 32 nämnts,
379 2015 63 29 har
466 2013 194 38 begränsad
681 2011 205 33 hållbarhet,
912 2010 108 29 skulle
1045 2006 219 31 distribution
1290 2005 78 30 från
1393 2002 195 39 bryggerier

96 2072 80 19 vara
203 2061 50 30 till
279 2060 120 30 fördel.
428 2059 106 29 Dessa
561 2058 63 37 äga
652 2056 175 37 nämligen
853 2054 184 34 utmärkta,
1063 2053 92 29 kalla
1182 2052 182 37 lagerrum,
1392 2048 79 31 från
1496 2047 92 30 vilka

97 2107 31 29 öl
154 2106 164 29 utsändes
344 2104 9 29 i
377 2104 152 29 handeln
555 2103 8 28 i
588 2100 251 40 jämförelsevis
864 2098 74 31 små
961 2097 135 40 partier,
1123 2097 65 30 och
1212 2096 102 37 ingen
1340 2095 88 29 lärer
1452 2093 137 37 begära,

97 2154 49 26 att
168 2151 32 29 öl
224 2150 88 29 skall
332 2148 93 30 hålla
450 2148 50 37 sig
521 2150 46 27 ett
588 2147 95 29 halvt
706 2145 48 35 år,
779 2145 105 29 vilket
908 2144 154 29 däremot
1085 2142 96 30 torde
1205 2141 92 29 bliva
1324 2140 93 29 fallet
1441 2139 80 28 med
1544 2138 46 28 ett

99 2195 153 29 fruktvin
277 2194 79 29 med
379 2194 86 28 5-—6
489 2194 141 36 procent
655 2189 225 34 alkoholhalt,
905 2198 56 19 om
985 2188 56 29 det
1063 2187 157 29 förvaras
1244 2185 8 29 i
1277 2184 69 29 lika
1372 2183 88 38 goda
1483 2182 107 36 lager-

97 2239 131 30 lokaler
255 2248 74 20 som
356 2238 42 29 öl.
426 2238 55 28 Att
508 2235 154 30 fruktvin
690 2234 101 38 säljes
818 2233 229 29 tillsammans
1072 2231 79 29 med
1176 2230 43 32 öl,
1247 2229 96 29 torde
1369 2229 118 28 kunna
1514 2225 76 38 giva

98 2283 187 36 anledning
308 2283 49 29 till
384 2285 48 26 att
455 2280 233 30 allmänheten
713 2280 140 28 komme
878 2280 46 26 att
951 2276 96 29 ställa
1075 2276 92 36 lägre
1193 2273 196 36 fordringar
1413 2271 44 39 på
1482 2271 108 29 frukt-

100 2328 108 29 vinets
237 2326 205 30 hållbarhet.
472 2325 74 29 Vad
577 2334 73 19 som
679 2323 117 29 vidare
825 2330 101 29 synes
955 2321 67 29 tala
1053 2320 52 28 för
1135 2322 46 26 att
1214 2317 155 30 fruktvin
1399 2326 41 19 av
1471 2315 121 29 nämnt

100 2373 72 35 slag
195 2370 223 30 distribueras
441 2379 41 19 av
504 2367 196 39 bryggerier
722 2368 48 32 är,
793 2369 49 26 att
865 2366 97 28 dessa
984 2365 62 34 äga
1069 2363 169 38 personal,
1262 2371 72 19 som
1358 2362 37 28 är
1419 2360 172 36 förtrogen

100 2416 76 30 med
202 2414 288 39 jäsningsteknik,
515 2412 177 39 tappning,
717 2410 180 37 filtrering,
923 2408 131 37 lagring
1076 2418 30 19 0.
1133 2417 24 19 s.
1184 2417 29 18 v.

145 2460 52 31 Då
226 2459 189 30 emellertid
443 2459 9 28 i
484 2457 226 30 förenämnda
741 2455 170 30 motioner
941 2453 130 38 åsyftas
1102 2455 48 26 att
1178 2451 104 29 vinna
1314 2448 196 37 avsättning
1541 2447 53 29 för

100 2505 68 30 viss
199 2505 54 29 del
285 2514 42 20 av
358 2503 133 30 landets
522 2500 306 40 fruktproduktion
864 2507 120 29 genom
1019 2495 272 40 produktionens
1325 2492 226 30 överförande
1584 2490 8 29 i
