1916 2784
451 127 123 39 Tredje
594 127 246 39 lagutskottets
860 128 178 30 utlåtande
1057 138 42 20 nr
1120 130 40 28 14
1179 129 41 30 år
1239 130 84 29 1960
1598 130 39 30 25

176 209 228 31 Beträffande
433 210 309 40 övergångstidens
770 211 104 39 längd
901 230 45 3 —
973 212 11 29 i
1012 211 353 40 kommittéförslaget
1393 212 159 31 bestämd
1581 213 51 30 till

135 263 50 29 tre
204 261 38 30 år
260 261 78 30 från
356 262 116 37 lagens
491 262 275 30 ikraftträdande
783 280 41 3 —
841 271 101 21 anser
959 263 67 38 jag,
1043 263 77 30 med
1138 263 137 37 hänsyn
1293 263 52 30 till
1364 266 49 28 att
1431 264 56 30 det
1505 274 41 20 av
1563 264 70 38 mig

131 310 200 39 föreslagna
357 309 473 40 omprövningsförfarandet
857 311 71 30 kan
953 311 158 31 medföra
1137 314 51 28 att
1216 312 131 30 arbetet
1372 313 82 29 med
1482 313 56 30 det
1564 322 67 31 nya

131 360 179 39 registrets
332 360 244 40 uppläggande
597 361 67 30 blir
687 361 104 39 något
812 371 75 21 mer
911 361 218 31 omfattande
1152 364 46 28 än
1221 363 209 30 kommittén
1453 363 178 34 beräknat,

134 414 50 28 att
200 412 97 30 tiden
312 412 63 30 bör
391 412 213 30 bestämmas
620 412 53 30 till
691 412 78 39 fyra
785 412 47 35 år,
850 413 127 30 räknat
995 412 78 31 från
1090 413 68 30 den
1177 414 11 28 1
1211 413 66 39 juli
1296 413 94 30 1960.
1408 431 43 5 —
1467 431 43 5 —
1525 431 43 5 —

177 487 216 30 Kommittén
415 487 65 30 har
503 496 73 21 som
600 487 107 30 redan
734 487 138 32 anförts
893 489 88 29 även
1002 487 77 31 haft
1102 489 51 29 att
1175 489 162 29 närmare
1361 489 198 30 undersöka
1584 491 48 28 ett

133 537 146 40 tidigare
299 537 165 40 framlagt
485 537 131 40 förslag
636 546 56 21 om
715 539 49 29 att
786 538 224 40 länsstyrelse
1031 538 89 31 skall
1141 539 123 30 kunna
1285 538 132 31 tilldela
1439 539 193 30 obemedla-

132 588 41 30 de
194 588 83 30 eller
297 588 136 30 mindre
455 589 201 29 bemedlade
679 589 122 39 lappar
839 589 176 39 bidrag
1055 598 53 21 ur
1146 589 281 40 bykassorna
1502 590 55 30 för
1581 590 50 30 in-

131 639 69 40 köp
223 648 43 21 av
287 648 102 20 renar
412 639 65 29 och
500 640 49 28 att
574 640 89 39 lapp,
689 648 74 21 som
787 639 139 31 erhållit
950 640 124 29 sådant
1096 640 124 40 bidrag
1243 640 81 30 eller
1349 640 57 30 lån
1430 649 43 21 ur
1499 641 132 30 statens

131 689 170 40 lappfond
324 689 54 30 för
402 690 143 39 renköp,
570 690 90 29 skall
683 689 132 31 erhålla
839 692 69 28 rätt
933 692 51 28 att
1008 690 149 30 framför
1181 691 109 30 andra
1315 691 130 40 inköpa
1471 691 159 30 omärkta

131 749 113 20 renar.
264 740 216 31 Kommittén
501 741 181 39 avstyrker
706 741 89 29 dock
816 741 175 39 förslaget.

174 791 66 39 Jag
259 791 156 29 ansluter
435 791 72 39 mig
527 791 9 29 i
557 791 109 30 likhet
687 792 78 29 med
787 791 325 40 kammarkollegiet
1133 792 65 29 och
1219 792 251 39 länsstyrelsen
1491 794 10 29 i
1522 792 108 30 Jämt-

132 841 100 31 lands
254 841 57 30 län
331 841 52 30 till
406 841 227 31 kommitténs
655 842 188 30 avvisande
866 842 228 41 ståndpunkt.
1118 842 52 31 Av
1191 843 66 30 vad
1280 842 210 31 kommittén
1513 842 116 31 anfört

130 891 165 40 framgår,
322 893 50 29 att
400 892 168 40 lapparna
596 893 113 39 själva
739 893 51 29 till
818 893 237 39 övervägande
1082 894 55 29 del
1165 893 119 30 ställer
1311 892 51 40 sig
1390 893 159 39 negativa
1577 893 52 29 till

131 942 175 40 förslaget.
333 943 79 30 Som
437 943 208 30 kommittén
671 943 194 31 framhållit
890 945 39 29 är
954 944 56 29 det
1034 943 150 30 framför
1210 943 61 30 allt
1295 944 11 29 i
1331 944 41 29 de
1399 944 142 34 trakter,
1567 944 62 30 där

132 992 216 30 renskötseln
367 993 70 30 inte
456 994 156 30 bedrives
635 995 107 29 under
761 995 151 30 ordnade
933 995 138 35 former,
1091 1003 75 21 som
1186 994 217 40 bykassorna
1424 995 38 29 är
1482 994 37 30 så
1539 996 93 28 stora

133 1044 50 28 att
210 1043 42 30 de
277 1043 123 30 räcker
426 1043 51 30 till
504 1045 51 28 att
581 1044 103 30 täcka
711 1047 107 27 annat
845 1046 44 28 än
916 1045 172 40 lappbyns
1115 1052 261 32 gemensamma
1403 1045 149 39 löpande
1579 1047 53 27 ut-

131 1092 115 39 gifter.
271 1093 253 40 Förklaringen
548 1094 118 30 härtill
694 1095 37 29 är
756 1098 49 27 att
829 1095 235 39 bykassornas
1092 1095 256 39 huvudsakliga
1373 1095 156 30 inkomst
1553 1095 79 30 här-

131 1143 57 29 rör
209 1142 80 30 från
311 1142 213 41 försäljning
545 1153 40 20 av
606 1144 163 31 omärkta
789 1154 112 21 renar.

175 1193 78 30 Med
272 1194 138 40 hänsyn
429 1194 52 30 till
501 1195 65 29 vad
587 1204 47 20 nu
655 1197 94 38 sagts
769 1196 64 30 och
852 1197 52 29 till
923 1196 173 39 pågående
1117 1196 183 39 utredning
1320 1206 56 21 om
1395 1197 236 30 renskötselns

131 1244 234 37 organisation
386 1254 101 20 anser
506 1245 57 38 jag
582 1247 49 28 att
652 1246 95 30 tiden
766 1246 71 30 inte
858 1248 38 28 är
916 1255 124 32 mogen
1060 1249 49 28 att
1130 1246 194 40 framlägga
1344 1246 105 41 något
1471 1246 129 40 förslag
1619 1247 11 29 i

131 1293 228 31 förevarande
379 1294 109 40 fråga.

130 1369 144 36 Speciell
290 1371 205 35 motivering

853 1423 59 36 18

169 1519 66 40 Jag
262 1529 102 21 anser
389 1520 57 30 det
473 1530 82 21 vara
581 1530 43 21 en
650 1521 106 40 riktig
782 1523 105 29 tanke
913 1526 51 27 att
991 1523 201 40 giltigheten
1222 1534 41 20 av
1288 1525 224 40 registrering
1539 1526 88 30 skall

126 1578 83 21 vara
227 1569 195 40 begränsad
441 1570 51 30 till
512 1571 69 30 viss
601 1572 138 40 lappby.
759 1573 122 30 Denna
900 1574 106 29 tanke
1025 1583 101 30 synes
1146 1574 89 30 dock
1255 1575 71 29 lika
1344 1577 55 28 väl
1418 1576 122 30 kunna
1559 1576 69 30 för-

125 1619 174 39 verkligas
320 1620 45 40 på
387 1622 49 29 ett
457 1622 68 29 sätt
549 1630 74 21 som
646 1622 71 30 inte
739 1623 125 30 kräver
887 1623 108 39 några
1017 1624 190 40 ändringar
1229 1625 11 29 i
1262 1625 272 40 renbeteslagen.
1556 1627 69 29 Mot

126 1670 101 30 dessa
249 1671 190 39 ändringar
459 1672 70 29 kan
552 1672 177 40 nämligen
750 1673 171 30 invändas
941 1676 50 27 att
1012 1674 56 29 det
1090 1676 52 28 ter
1163 1675 51 39 sig
1235 1675 137 30 mindre
1392 1675 235 31 tillfredsstäl-

126 1720 102 30 lande
250 1723 50 28 att
320 1730 82 21 man
426 1721 54 30 för
501 1724 49 27 att
572 1722 35 30 få
628 1722 153 30 kontroll
802 1724 81 28 över
904 1723 411 31 märkesförhållandena
1337 1725 89 30 skall
1447 1725 101 40 vidga
1570 1726 55 30 det

125 1770 9 29 i
159 1771 298 39 flyttningsfallen
481 1771 165 40 stadgade
669 1772 330 41 tillståndstvånget,
1024 1783 74 20 som
1121 1775 40 39 ju
1186 1775 10 29 i
1221 1774 110 30 första
1354 1775 95 30 hand
1473 1776 64 29 har
1560 1776 66 29 till-

125 1820 150 31 kommit
295 1829 42 21 av
359 1821 72 29 helt
454 1822 110 29 andra
587 1823 86 30 skäl.
698 1823 125 30 Vidare
847 1832 103 30 synes
973 1823 41 30 de
1038 1833 40 20 av
1100 1824 209 30 kommittén
1333 1825 161 39 åsyftade
1520 1825 105 30 fallen

124 1872 50 28 att
197 1870 195 41 lappdräng
416 1871 122 39 flyttar
561 1872 146 30 tillbaka
730 1873 79 29 med
833 1881 103 21 renar
959 1873 52 29 till
1035 1873 66 29 den
1126 1874 128 39 lappby
1278 1875 70 28 han
1372 1874 96 30 förut
1493 1875 132 30 tillhört

124 1922 64 28 och
210 1923 51 27 att
283 1920 286 39 skötesrenägare
592 1921 121 39 flyttar
734 1923 80 28 över
836 1923 76 29 sina
934 1931 102 21 renar
1057 1922 79 30 från
1158 1932 42 20 en
1222 1923 129 40 lappby
1370 1924 51 29 till
1444 1933 42 20 en
1508 1933 116 21 annan

124 1971 71 30 inte
218 1980 83 20 vara
322 1980 42 20 av
384 1971 114 38 någon
521 1973 109 28 större
653 1971 159 39 praktisk
834 1972 185 39 betydelse.
1042 1974 13 28 I
1077 1972 99 40 fråga
1197 1982 55 20 om
1276 1973 223 30 skötesrenar
1519 1974 106 39 gäller

128 2021 54 29 för
205 2021 112 37 övrigt
341 2021 108 30 redan
474 2031 46 19 nu
545 2021 284 39 tillsltåndstvång
854 2022 54 30 för
933 2022 56 32 det
1014 2022 60 30 fall
1100 2025 50 27 att
1175 2023 288 40 skötesrenägare
1489 2033 73 20 som
1587 2025 38 29 är

125 2071 81 39 lapp
223 2071 58 29 vill
301 2072 44 29 ha
362 2081 150 20 renarna
530 2072 9 29 i
559 2072 82 29 vård
662 2073 63 29 hos
744 2073 234 29 renskötande
996 2073 79 39 lapp
1094 2072 95 30 inom
1209 2082 117 20 annan
1346 2073 43 39 by
1408 2075 44 28 än
1471 2074 65 29 den
1554 2074 69 29 han

124 2121 90 38 själv
234 2121 118 30 tillhör
379 2122 57 32 (14
461 2122 15 36 8
502 2123 26 28 1.
551 2122 293 39 renbeteslagen).
866 2123 187 29 Dessutom
1074 2122 146 30 innebär
1242 2123 229 30 kommitténs
1495 2123 128 40 förslag

124 2171 70 29 inte
216 2174 50 27 att
289 2180 80 20 man
394 2172 151 37 reglerar
567 2172 67 29 alla
658 2171 250 40 flyttningsfall
932 2181 74 20 som
1029 2172 68 29 kan
1121 2172 142 29 komma
1288 2173 9 28 i
1322 2172 108 39 fråga.

167 2221 75 29 Den
262 2231 41 19 av
323 2222 70 38 mig
415 2221 185 29 förordade
621 2221 183 39 lösningen
826 2221 145 30 innebär
991 2223 49 27 att
1061 2231 82 20 man
1165 2231 75 20 som
1261 2222 112 38 tredje
1395 2223 119 38 stycke
1534 2223 9 28 i
1566 2224 14 28 1
1606 2222 15 36 $

123 2271 93 28 inför
238 2280 42 20 en
301 2270 244 30 bestämmelse
565 2279 55 21 om
642 2272 50 28 att
714 2271 200 38 registrerat
935 2271 119 29 märke
1075 2271 57 29 må
1152 2271 180 30 användas
1354 2271 54 29 för
1429 2273 50 27 att
1501 2272 122 29 märka

123 2328 102 21 renar
248 2320 122 30 endast
394 2320 58 29 vid
475 2320 204 34 renskötsel,
704 2329 75 21 som
802 2319 158 31 bedrives
983 2320 94 29 inom
1100 2320 67 29 den
1192 2320 127 39 lappby
1343 2329 74 21 som
1441 2320 148 40 angivits
1612 2320 10 30 i

122 2369 404 40 registreringsbeslutet.
550 2370 74 29 Den
647 2378 75 21 som
747 2369 208 31 åsidosätter
978 2370 112 29 denna
1115 2370 245 29 bestämmelse
1383 2370 69 29 kan
1478 2370 144 29 straffas

121 2420 108 39 enligt
251 2420 39 30 14
312 2420 27 37 8.
