<?xml version="1.0" encoding="UTF-8"?>
<alto xmlns="http://www.loc.gov/standards/alto/ns-v3#" xmlns:xlink="http://www.w3.org/1999/xlink" xmlns:xsi="http://www.w3.org/2001/XMLSchema-instance" xsi:schemaLocation="http://www.loc.gov/standards/alto/ns-v3# http://www.loc.gov/alto/v3/alto-3-0.xsd">
	<Description>
		<MeasurementUnit>pixel</MeasurementUnit>
		<sourceImageInformation>
			<fileName>/tmp/tess_cm64syse_input.PNG</fileName>
		</sourceImageInformation>
		<OCRProcessing ID="OCR_0">
			<ocrProcessingStep>
				<processingSoftware>
					<softwareName>tesseract 5.3.0</softwareName>
				</processingSoftware>
			</ocrProcessingStep>
		</OCRProcessing>
	</Description>
	<Layout>
		<Page WIDTH="1912" HEIGHT="2830" PHYSICAL_IMG_NR="0" ID="page_0">
			<PrintSpace HPOS="0" VPOS="0" WIDTH="1912" HEIGHT="2830">
				<ComposedBlock ID="cblock_0" HPOS="132" VPOS="1610" WIDTH="129" HEIGHT="28">
					<TextBlock ID="block_0" HPOS="132" VPOS="1610" WIDTH="129" HEIGHT="28">
						<TextLine ID="line_0" HPOS="132" VPOS="1610" WIDTH="129" HEIGHT="28">
							<String ID="string_0" HPOS="132" VPOS="1610" WIDTH="129" HEIGHT="28" WC="0.96" CONTENT="Utskottet."/>
						</TextLine>
					</TextBlock>
				</ComposedBlock>
				<ComposedBlock ID="cblock_1" HPOS="303" VPOS="154" WIDTH="1079" HEIGHT="33">
					<TextBlock ID="block_1" HPOS="303" VPOS="154" WIDTH="1079" HEIGHT="33">
						<TextLine ID="line_1" HPOS="303" VPOS="154" WIDTH="1079" HEIGHT="33">
							<String ID="string_1" HPOS="303" VPOS="154" WIDTH="18" HEIGHT="30" WC="0.96" CONTENT="2"/><SP WIDTH="427" VPOS="154" HPOS="321"/>
							<String ID="string_2" HPOS="748" VPOS="157" WIDTH="274" HEIGHT="30" WC="0.91" CONTENT="Statsutskottets"/><SP WIDTH="20" VPOS="157" HPOS="1022"/>
							<String ID="string_3" HPOS="1042" VPOS="156" WIDTH="177" HEIGHT="31" WC="0.96" CONTENT="utlåtande"/><SP WIDTH="18" VPOS="156" HPOS="1219"/>
							<String ID="string_4" HPOS="1237" VPOS="156" WIDTH="49" HEIGHT="30" WC="0.96" CONTENT="Nr"/><SP WIDTH="26" VPOS="156" HPOS="1286"/>
							<String ID="string_5" HPOS="1312" VPOS="157" WIDTH="70" HEIGHT="29" WC="0.96" CONTENT="147."/>
						</TextLine>
					</TextBlock>
				</ComposedBlock>
				<ComposedBlock ID="cblock_2" HPOS="304" VPOS="238" WIDTH="1511" HEIGHT="1176">
					<TextBlock ID="block_2" HPOS="304" VPOS="238" WIDTH="1505" HEIGHT="138">
						<TextLine ID="line_2" HPOS="349" VPOS="238" WIDTH="1458" HEIGHT="42">
							<String ID="string_6" HPOS="349" VPOS="240" WIDTH="68" HEIGHT="40" WC="0.50" CONTENT="2:0)"/><SP WIDTH="51" VPOS="240" HPOS="417"/>
							<String ID="string_7" HPOS="468" VPOS="241" WIDTH="198" HEIGHT="30" WC="0.90" CONTENT="Kostnader"/><SP WIDTH="27" VPOS="241" HPOS="666"/>
							<String ID="string_8" HPOS="693" VPOS="241" WIDTH="55" HEIGHT="30" WC="0.96" CONTENT="för"/><SP WIDTH="27" VPOS="241" HPOS="748"/>
							<String ID="string_9" HPOS="775" VPOS="241" WIDTH="152" HEIGHT="37" WC="0.95" CONTENT="arméns,"/><SP WIDTH="27" VPOS="241" HPOS="927"/>
							<String ID="string_10" HPOS="954" VPOS="239" WIDTH="180" HEIGHT="31" WC="0.96" CONTENT="marinens"/><SP WIDTH="25" VPOS="239" HPOS="1134"/>
							<String ID="string_11" HPOS="1159" VPOS="241" WIDTH="68" HEIGHT="29" WC="0.96" CONTENT="och"/><SP WIDTH="25" VPOS="241" HPOS="1227"/>
							<String ID="string_12" HPOS="1252" VPOS="239" WIDTH="126" HEIGHT="36" WC="0.93" CONTENT="flygets"/><SP WIDTH="24" VPOS="239" HPOS="1378"/>
							<String ID="string_13" HPOS="1402" VPOS="238" WIDTH="289" HEIGHT="37" WC="0.84" CONTENT="personalrullor."/><SP WIDTH="49" VPOS="238" HPOS="1691"/>
							<String ID="string_14" HPOS="1740" VPOS="238" WIDTH="67" HEIGHT="30" WC="0.90" CONTENT="Un-"/>
						</TextLine>
						<TextLine ID="line_3" HPOS="304" VPOS="288" WIDTH="1505" HEIGHT="40">
							<String ID="string_15" HPOS="304" VPOS="293" WIDTH="61" HEIGHT="30" WC="0.92" CONTENT="der"/><SP WIDTH="25" VPOS="293" HPOS="365"/>
							<String ID="string_16" HPOS="390" VPOS="292" WIDTH="436" HEIGHT="36" WC="0.92" CONTENT="försvarsdepartementet,"/><SP WIDTH="28" VPOS="292" HPOS="826"/>
							<String ID="string_17" HPOS="854" VPOS="292" WIDTH="18" HEIGHT="36" WC="0.95" CONTENT="8"/><SP WIDTH="27" VPOS="292" HPOS="872"/>
							<String ID="string_18" HPOS="899" VPOS="292" WIDTH="29" HEIGHT="35" WC="0.95" CONTENT="5,"/><SP WIDTH="26" VPOS="292" HPOS="928"/>
							<String ID="string_19" HPOS="954" VPOS="292" WIDTH="89" HEIGHT="29" WC="0.96" CONTENT="hava"/><SP WIDTH="26" VPOS="292" HPOS="1043"/>
							<String ID="string_20" HPOS="1069" VPOS="290" WIDTH="215" HEIGHT="30" WC="0.95" CONTENT="revisorerna"/><SP WIDTH="25" VPOS="290" HPOS="1284"/>
							<String ID="string_21" HPOS="1309" VPOS="289" WIDTH="90" HEIGHT="37" WC="0.96" CONTENT="gjort"/><SP WIDTH="24" VPOS="289" HPOS="1399"/>
							<String ID="string_22" HPOS="1423" VPOS="289" WIDTH="91" HEIGHT="30" WC="0.92" CONTENT="vissa"/><SP WIDTH="25" VPOS="289" HPOS="1514"/>
							<String ID="string_23" HPOS="1539" VPOS="288" WIDTH="193" HEIGHT="36" WC="0.92" CONTENT="erinringar"/><SP WIDTH="25" VPOS="288" HPOS="1732"/>
							<String ID="string_24" HPOS="1757" VPOS="290" WIDTH="52" HEIGHT="28" WC="0.92" CONTENT="rö-"/>
						</TextLine>
						<TextLine ID="line_4" HPOS="304" VPOS="337" WIDTH="1456" HEIGHT="39">
							<String ID="string_25" HPOS="304" VPOS="343" WIDTH="110" HEIGHT="31" WC="0.92" CONTENT="rande"/><SP WIDTH="21" VPOS="343" HPOS="414"/>
							<String ID="string_26" HPOS="435" VPOS="343" WIDTH="335" HEIGHT="30" WC="0.92" CONTENT="försvarsväsendets"/><SP WIDTH="22" VPOS="343" HPOS="770"/>
							<String ID="string_27" HPOS="792" VPOS="342" WIDTH="107" HEIGHT="30" WC="0.91" CONTENT="rullor"/><SP WIDTH="25" VPOS="342" HPOS="899"/>
							<String ID="string_28" HPOS="924" VPOS="338" WIDTH="76" HEIGHT="38" WC="0.95" CONTENT="(Del"/><SP WIDTH="21" VPOS="338" HPOS="1000"/>
							<String ID="string_29" HPOS="1021" VPOS="341" WIDTH="13" HEIGHT="30" WC="0.95" CONTENT="I"/><SP WIDTH="23" VPOS="341" HPOS="1034"/>
							<String ID="string_30" HPOS="1057" VPOS="341" WIDTH="62" HEIGHT="30" WC="0.95" CONTENT="sid."/><SP WIDTH="27" VPOS="341" HPOS="1119"/>
							<String ID="string_31" HPOS="1146" VPOS="342" WIDTH="38" HEIGHT="29" WC="0.95" CONTENT="12"/><SP WIDTH="21" VPOS="342" HPOS="1184"/>
							<String ID="string_32" HPOS="1205" VPOS="342" WIDTH="65" HEIGHT="29" WC="0.95" CONTENT="och"/><SP WIDTH="24" VPOS="342" HPOS="1270"/>
							<String ID="string_33" HPOS="1294" VPOS="337" WIDTH="67" HEIGHT="39" WC="0.96" CONTENT="13)."/><SP WIDTH="395" VPOS="337" HPOS="1361"/>
							<String ID="string_34" HPOS="1756" VPOS="364" WIDTH="4" HEIGHT="4" WC="0.36" CONTENT="."/>
						</TextLine>
					</TextBlock>
					<TextBlock ID="block_3" HPOS="304" VPOS="389" WIDTH="1507" HEIGHT="494">
						<TextLine ID="line_5" HPOS="349" VPOS="389" WIDTH="1460" HEIGHT="39">
							<String ID="string_35" HPOS="349" VPOS="393" WIDTH="226" HEIGHT="31" WC="0.96" CONTENT="Revisorerna"/><SP WIDTH="23" VPOS="393" HPOS="575"/>
							<String ID="string_36" HPOS="598" VPOS="394" WIDTH="92" HEIGHT="29" WC="0.96" CONTENT="hava"/><SP WIDTH="25" VPOS="394" HPOS="690"/>
							<String ID="string_37" HPOS="715" VPOS="392" WIDTH="181" HEIGHT="36" WC="0.96" CONTENT="meddelat,"/><SP WIDTH="29" VPOS="392" HPOS="896"/>
							<String ID="string_38" HPOS="925" VPOS="395" WIDTH="49" HEIGHT="27" WC="0.96" CONTENT="att"/><SP WIDTH="27" VPOS="395" HPOS="974"/>
							<String ID="string_39" HPOS="1001" VPOS="392" WIDTH="40" HEIGHT="30" WC="0.96" CONTENT="de"/><SP WIDTH="26" VPOS="392" HPOS="1041"/>
							<String ID="string_40" HPOS="1067" VPOS="392" WIDTH="79" HEIGHT="29" WC="0.96" CONTENT="med"/><SP WIDTH="27" VPOS="392" HPOS="1146"/>
							<String ID="string_41" HPOS="1173" VPOS="390" WIDTH="228" HEIGHT="36" WC="0.96" CONTENT="tryckningen"/><SP WIDTH="26" VPOS="390" HPOS="1401"/>
							<String ID="string_42" HPOS="1427" VPOS="391" WIDTH="65" HEIGHT="29" WC="0.96" CONTENT="och"/><SP WIDTH="25" VPOS="391" HPOS="1492"/>
							<String ID="string_43" HPOS="1517" VPOS="389" WIDTH="225" HEIGHT="36" WC="0.96" CONTENT="utgivningen"/><SP WIDTH="26" VPOS="389" HPOS="1742"/>
							<String ID="string_44" HPOS="1768" VPOS="398" WIDTH="41" HEIGHT="21" WC="0.96" CONTENT="av"/>
						</TextLine>
						<TextLine ID="line_6" HPOS="305" VPOS="440" WIDTH="1505" HEIGHT="39">
							<String ID="string_45" HPOS="305" VPOS="443" WIDTH="337" HEIGHT="31" WC="0.91" CONTENT="försvarsväsendets"/><SP WIDTH="30" VPOS="443" HPOS="642"/>
							<String ID="string_46" HPOS="672" VPOS="443" WIDTH="279" HEIGHT="36" WC="0.91" CONTENT="personalrullor,"/><SP WIDTH="30" VPOS="443" HPOS="951"/>
							<String ID="string_47" HPOS="981" VPOS="442" WIDTH="174" HEIGHT="36" WC="0.96" CONTENT="nämligen"/><SP WIDTH="31" VPOS="442" HPOS="1155"/>
							<String ID="string_48" HPOS="1186" VPOS="442" WIDTH="148" HEIGHT="29" WC="0.96" CONTENT="svenska"/><SP WIDTH="30" VPOS="442" HPOS="1334"/>
							<String ID="string_49" HPOS="1364" VPOS="440" WIDTH="137" HEIGHT="31" WC="0.95" CONTENT="arméns"/><SP WIDTH="31" VPOS="440" HPOS="1501"/>
							<String ID="string_50" HPOS="1532" VPOS="440" WIDTH="98" HEIGHT="35" WC="0.95" CONTENT="rulla,"/><SP WIDTH="33" VPOS="440" HPOS="1630"/>
							<String ID="string_51" HPOS="1663" VPOS="440" WIDTH="147" HEIGHT="30" WC="0.96" CONTENT="svenska"/>
						</TextLine>
						<TextLine ID="line_7" HPOS="304" VPOS="490" WIDTH="1506" HEIGHT="38">
							<String ID="string_52" HPOS="304" VPOS="494" WIDTH="177" HEIGHT="30" WC="0.96" CONTENT="marinens"/><SP WIDTH="25" VPOS="494" HPOS="481"/>
							<String ID="string_53" HPOS="506" VPOS="494" WIDTH="88" HEIGHT="30" WC="0.95" CONTENT="rulla"/><SP WIDTH="26" VPOS="494" HPOS="594"/>
							<String ID="string_54" HPOS="620" VPOS="494" WIDTH="66" HEIGHT="30" WC="0.96" CONTENT="och"/><SP WIDTH="24" VPOS="494" HPOS="686"/>
							<String ID="string_55" HPOS="710" VPOS="494" WIDTH="146" HEIGHT="29" WC="0.96" CONTENT="svenska"/><SP WIDTH="26" VPOS="494" HPOS="856"/>
							<String ID="string_56" HPOS="882" VPOS="493" WIDTH="217" HEIGHT="35" WC="0.95" CONTENT="flygvapnets"/><SP WIDTH="25" VPOS="493" HPOS="1099"/>
							<String ID="string_57" HPOS="1124" VPOS="492" WIDTH="90" HEIGHT="30" WC="0.96" CONTENT="rulla"/><SP WIDTH="25" VPOS="492" HPOS="1214"/>
							<String ID="string_58" HPOS="1239" VPOS="491" WIDTH="165" HEIGHT="30" WC="0.96" CONTENT="förenade"/><SP WIDTH="26" VPOS="491" HPOS="1404"/>
							<String ID="string_59" HPOS="1430" VPOS="490" WIDTH="235" HEIGHT="31" WC="0.96" CONTENT="kostnaderna"/><SP WIDTH="27" VPOS="490" HPOS="1665"/>
							<String ID="string_60" HPOS="1692" VPOS="490" WIDTH="118" HEIGHT="30" WC="0.96" CONTENT="täckas"/>
						</TextLine>
						<TextLine ID="line_8" HPOS="305" VPOS="540" WIDTH="1505" HEIGHT="40">
							<String ID="string_61" HPOS="305" VPOS="545" WIDTH="10" HEIGHT="29" WC="0.96" CONTENT="i"/><SP WIDTH="25" VPOS="545" HPOS="315"/>
							<String ID="string_62" HPOS="340" VPOS="544" WIDTH="111" HEIGHT="31" WC="0.96" CONTENT="första"/><SP WIDTH="23" VPOS="544" HPOS="451"/>
							<String ID="string_63" HPOS="474" VPOS="545" WIDTH="94" HEIGHT="29" WC="0.96" CONTENT="hand"/><SP WIDTH="24" VPOS="545" HPOS="568"/>
							<String ID="string_64" HPOS="592" VPOS="552" WIDTH="124" HEIGHT="28" WC="0.96" CONTENT="genom"/><SP WIDTH="26" VPOS="552" HPOS="716"/>
							<String ID="string_65" HPOS="742" VPOS="543" WIDTH="193" HEIGHT="36" WC="0.96" CONTENT="inflytande"/><SP WIDTH="24" VPOS="543" HPOS="935"/>
							<String ID="string_66" HPOS="959" VPOS="543" WIDTH="111" HEIGHT="29" WC="0.96" CONTENT="medel"/><SP WIDTH="25" VPOS="543" HPOS="1070"/>
							<String ID="string_67" HPOS="1095" VPOS="551" WIDTH="42" HEIGHT="21" WC="0.96" CONTENT="av"/><SP WIDTH="26" VPOS="551" HPOS="1137"/>
							<String ID="string_68" HPOS="1163" VPOS="541" WIDTH="206" HEIGHT="36" WC="0.95" CONTENT="försäljning"/><SP WIDTH="26" VPOS="541" HPOS="1369"/>
							<String ID="string_69" HPOS="1395" VPOS="544" WIDTH="82" HEIGHT="27" WC="0.96" CONTENT="utav"/><SP WIDTH="26" VPOS="544" HPOS="1477"/>
							<String ID="string_70" HPOS="1503" VPOS="541" WIDTH="99" HEIGHT="30" WC="0.92" CONTENT="dessa"/><SP WIDTH="26" VPOS="541" HPOS="1602"/>
							<String ID="string_71" HPOS="1628" VPOS="541" WIDTH="108" HEIGHT="29" WC="0.92" CONTENT="rullor"/><SP WIDTH="23" VPOS="541" HPOS="1736"/>
							<String ID="string_72" HPOS="1759" VPOS="540" WIDTH="51" HEIGHT="30" WC="0.95" CONTENT="till"/>
						</TextLine>
						<TextLine ID="line_9" HPOS="304" VPOS="590" WIDTH="1507" HEIGHT="41">
							<String ID="string_73" HPOS="304" VPOS="595" WIDTH="241" HEIGHT="36" WC="0.96" CONTENT="myndigheter"/><SP WIDTH="23" VPOS="595" HPOS="545"/>
							<String ID="string_74" HPOS="568" VPOS="595" WIDTH="66" HEIGHT="29" WC="0.96" CONTENT="och"/><SP WIDTH="23" VPOS="595" HPOS="634"/>
							<String ID="string_75" HPOS="657" VPOS="594" WIDTH="166" HEIGHT="30" WC="0.93" CONTENT="enskilda."/><SP WIDTH="49" VPOS="594" HPOS="823"/>
							<String ID="string_76" HPOS="872" VPOS="592" WIDTH="194" HEIGHT="31" WC="0.73" CONTENT="Härutöver"/><SP WIDTH="25" VPOS="592" HPOS="1066"/>
							<String ID="string_77" HPOS="1091" VPOS="593" WIDTH="135" HEIGHT="29" WC="0.96" CONTENT="lämnas"/><SP WIDTH="24" VPOS="593" HPOS="1226"/>
							<String ID="string_78" HPOS="1250" VPOS="592" WIDTH="129" HEIGHT="35" WC="0.95" CONTENT="årligen"/><SP WIDTH="23" VPOS="592" HPOS="1379"/>
							<String ID="string_79" HPOS="1402" VPOS="601" WIDTH="41" HEIGHT="21" WC="0.93" CONTENT="av"/><SP WIDTH="24" VPOS="601" HPOS="1443"/>
							<String ID="string_80" HPOS="1467" VPOS="591" WIDTH="199" HEIGHT="30" WC="0.92" CONTENT="statsmedel"/><SP WIDTH="22" VPOS="591" HPOS="1666"/>
							<String ID="string_81" HPOS="1688" VPOS="590" WIDTH="123" HEIGHT="36" WC="0.96" CONTENT="bidrag"/>
						</TextLine>
						<TextLine ID="line_10" HPOS="306" VPOS="641" WIDTH="1504" HEIGHT="40">
							<String ID="string_82" HPOS="306" VPOS="646" WIDTH="50" HEIGHT="29" WC="0.92" CONTENT="till"/><SP WIDTH="19" VPOS="646" HPOS="356"/>
							<String ID="string_83" HPOS="375" VPOS="646" WIDTH="170" HEIGHT="29" WC="0.91" CONTENT="rullornas"/><SP WIDTH="18" VPOS="646" HPOS="545"/>
							<String ID="string_84" HPOS="563" VPOS="645" WIDTH="185" HEIGHT="36" WC="0.96" CONTENT="tryckning"/><SP WIDTH="15" VPOS="645" HPOS="748"/>
							<String ID="string_85" HPOS="763" VPOS="645" WIDTH="65" HEIGHT="29" WC="0.96" CONTENT="och"/><SP WIDTH="17" VPOS="645" HPOS="828"/>
							<String ID="string_86" HPOS="845" VPOS="644" WIDTH="187" HEIGHT="36" WC="0.95" CONTENT="utgivning."/><SP WIDTH="44" VPOS="644" HPOS="1032"/>
							<String ID="string_87" HPOS="1076" VPOS="643" WIDTH="153" HEIGHT="30" WC="0.95" CONTENT="Sålunda"/><SP WIDTH="17" VPOS="643" HPOS="1229"/>
							<String ID="string_88" HPOS="1246" VPOS="643" WIDTH="65" HEIGHT="29" WC="0.96" CONTENT="har"/><SP WIDTH="18" VPOS="643" HPOS="1311"/>
							<String ID="string_89" HPOS="1329" VPOS="642" WIDTH="123" HEIGHT="36" WC="0.94" CONTENT="Kungl."/><SP WIDTH="19" VPOS="642" HPOS="1452"/>
							<String ID="string_90" HPOS="1471" VPOS="641" WIDTH="101" HEIGHT="36" WC="0.96" CONTENT="Maj:t"/><SP WIDTH="19" VPOS="641" HPOS="1572"/>
							<String ID="string_91" HPOS="1591" VPOS="641" WIDTH="39" HEIGHT="30" WC="0.96" CONTENT="år"/><SP WIDTH="20" VPOS="641" HPOS="1630"/>
							<String ID="string_92" HPOS="1650" VPOS="641" WIDTH="83" HEIGHT="30" WC="0.92" CONTENT="1936"/><SP WIDTH="18" VPOS="641" HPOS="1733"/>
							<String ID="string_93" HPOS="1751" VPOS="651" WIDTH="59" HEIGHT="20" WC="0.92" CONTENT="an-"/>
						</TextLine>
						<TextLine ID="line_11" HPOS="306" VPOS="691" WIDTH="1505" HEIGHT="39">
							<String ID="string_94" HPOS="306" VPOS="696" WIDTH="88" HEIGHT="30" WC="0.96" CONTENT="visat"/><SP WIDTH="26" VPOS="696" HPOS="394"/>
							<String ID="string_95" HPOS="420" VPOS="695" WIDTH="57" HEIGHT="30" WC="0.96" CONTENT="för"/><SP WIDTH="24" VPOS="695" HPOS="477"/>
							<String ID="string_96" HPOS="501" VPOS="695" WIDTH="137" HEIGHT="30" WC="0.96" CONTENT="arméns"/><SP WIDTH="26" VPOS="695" HPOS="638"/>
							<String ID="string_97" HPOS="664" VPOS="695" WIDTH="89" HEIGHT="30" WC="0.96" CONTENT="rulla"/><SP WIDTH="24" VPOS="695" HPOS="753"/>
							<String ID="string_98" HPOS="777" VPOS="695" WIDTH="100" HEIGHT="35" WC="0.93" CONTENT="högst"/><SP WIDTH="27" VPOS="695" HPOS="877"/>
							<String ID="string_99" HPOS="904" VPOS="694" WIDTH="96" HEIGHT="35" WC="0.91" CONTENT="3,500"/><SP WIDTH="26" VPOS="694" HPOS="1000"/>
							<String ID="string_100" HPOS="1026" VPOS="694" WIDTH="140" HEIGHT="34" WC="0.96" CONTENT="kronor,"/><SP WIDTH="26" VPOS="694" HPOS="1166"/>
							<String ID="string_101" HPOS="1192" VPOS="693" WIDTH="56" HEIGHT="30" WC="0.96" CONTENT="för"/><SP WIDTH="23" VPOS="693" HPOS="1248"/>
							<String ID="string_102" HPOS="1271" VPOS="692" WIDTH="176" HEIGHT="30" WC="0.95" CONTENT="marinens"/><SP WIDTH="27" VPOS="692" HPOS="1447"/>
							<String ID="string_103" HPOS="1474" VPOS="692" WIDTH="90" HEIGHT="30" WC="0.96" CONTENT="rulla"/><SP WIDTH="24" VPOS="692" HPOS="1564"/>
							<String ID="string_104" HPOS="1588" VPOS="692" WIDTH="101" HEIGHT="35" WC="0.93" CONTENT="högst"/><SP WIDTH="26" VPOS="692" HPOS="1689"/>
							<String ID="string_105" HPOS="1715" VPOS="691" WIDTH="96" HEIGHT="36" WC="0.90" CONTENT="2,300"/>
						</TextLine>
						<TextLine ID="line_12" HPOS="305" VPOS="741" WIDTH="1506" HEIGHT="40">
							<String ID="string_106" HPOS="305" VPOS="747" WIDTH="131" HEIGHT="29" WC="0.96" CONTENT="kronor"/><SP WIDTH="20" VPOS="747" HPOS="436"/>
							<String ID="string_107" HPOS="456" VPOS="746" WIDTH="65" HEIGHT="29" WC="0.96" CONTENT="och"/><SP WIDTH="20" VPOS="746" HPOS="521"/>
							<String ID="string_108" HPOS="541" VPOS="745" WIDTH="55" HEIGHT="30" WC="0.96" CONTENT="för"/><SP WIDTH="21" VPOS="745" HPOS="596"/>
							<String ID="string_109" HPOS="617" VPOS="745" WIDTH="217" HEIGHT="36" WC="0.96" CONTENT="flygvapnets"/><SP WIDTH="20" VPOS="745" HPOS="834"/>
							<String ID="string_110" HPOS="854" VPOS="745" WIDTH="90" HEIGHT="30" WC="0.96" CONTENT="rulla"/><SP WIDTH="19" VPOS="745" HPOS="944"/>
							<String ID="string_111" HPOS="963" VPOS="744" WIDTH="100" HEIGHT="36" WC="0.96" CONTENT="högst"/><SP WIDTH="23" VPOS="744" HPOS="1063"/>
							<String ID="string_112" HPOS="1086" VPOS="744" WIDTH="64" HEIGHT="30" WC="0.96" CONTENT="500"/><SP WIDTH="22" VPOS="744" HPOS="1150"/>
							<String ID="string_113" HPOS="1172" VPOS="744" WIDTH="130" HEIGHT="29" WC="0.95" CONTENT="kronor"/><SP WIDTH="20" VPOS="744" HPOS="1302"/>
							<String ID="string_114" HPOS="1322" VPOS="743" WIDTH="82" HEIGHT="30" WC="0.93" CONTENT="eller"/><SP WIDTH="21" VPOS="743" HPOS="1404"/>
							<String ID="string_115" HPOS="1425" VPOS="743" WIDTH="146" HEIGHT="35" WC="0.92" CONTENT="tillhopa"/><SP WIDTH="22" VPOS="743" HPOS="1571"/>
							<String ID="string_116" HPOS="1593" VPOS="742" WIDTH="101" HEIGHT="36" WC="0.93" CONTENT="högst"/><SP WIDTH="20" VPOS="742" HPOS="1694"/>
							<String ID="string_117" HPOS="1714" VPOS="741" WIDTH="97" HEIGHT="36" WC="0.91" CONTENT="6,300"/>
						</TextLine>
						<TextLine ID="line_13" HPOS="305" VPOS="791" WIDTH="1505" HEIGHT="41">
							<String ID="string_118" HPOS="305" VPOS="797" WIDTH="140" HEIGHT="29" WC="0.96" CONTENT="kronor."/><SP WIDTH="46" VPOS="797" HPOS="445"/>
							<String ID="string_119" HPOS="491" VPOS="795" WIDTH="114" HEIGHT="37" WC="0.95" CONTENT="Enligt"/><SP WIDTH="21" VPOS="795" HPOS="605"/>
							<String ID="string_120" HPOS="626" VPOS="796" WIDTH="68" HEIGHT="29" WC="0.96" CONTENT="vad"/><SP WIDTH="21" VPOS="796" HPOS="694"/>
							<String ID="string_121" HPOS="715" VPOS="795" WIDTH="282" HEIGHT="35" WC="0.96" CONTENT="räkenskaperna"/><SP WIDTH="21" VPOS="795" HPOS="997"/>
							<String ID="string_122" HPOS="1018" VPOS="794" WIDTH="158" HEIGHT="30" WC="0.93" CONTENT="utvisade"/><SP WIDTH="21" VPOS="794" HPOS="1176"/>
							<String ID="string_123" HPOS="1197" VPOS="794" WIDTH="146" HEIGHT="36" WC="0.92" CONTENT="plägade"/><SP WIDTH="21" VPOS="794" HPOS="1343"/>
							<String ID="string_124" HPOS="1364" VPOS="794" WIDTH="125" HEIGHT="29" WC="0.96" CONTENT="största"/><SP WIDTH="20" VPOS="794" HPOS="1489"/>
							<String ID="string_125" HPOS="1509" VPOS="793" WIDTH="100" HEIGHT="29" WC="0.96" CONTENT="delen"/><SP WIDTH="22" VPOS="793" HPOS="1609"/>
							<String ID="string_126" HPOS="1631" VPOS="802" WIDTH="42" HEIGHT="20" WC="0.96" CONTENT="av"/><SP WIDTH="22" VPOS="802" HPOS="1673"/>
							<String ID="string_127" HPOS="1695" VPOS="792" WIDTH="42" HEIGHT="30" WC="0.93" CONTENT="de"/><SP WIDTH="21" VPOS="792" HPOS="1737"/>
							<String ID="string_128" HPOS="1758" VPOS="791" WIDTH="52" HEIGHT="31" WC="0.92" CONTENT="år-"/>
						</TextLine>
						<TextLine ID="line_14" HPOS="306" VPOS="844" WIDTH="795" HEIGHT="39">
							<String ID="string_129" HPOS="306" VPOS="847" WIDTH="89" HEIGHT="36" WC="0.96" CONTENT="ligen"/><SP WIDTH="21" VPOS="847" HPOS="395"/>
							<String ID="string_130" HPOS="416" VPOS="846" WIDTH="162" HEIGHT="30" WC="0.96" CONTENT="anvisade"/><SP WIDTH="22" VPOS="846" HPOS="578"/>
							<String ID="string_131" HPOS="600" VPOS="846" WIDTH="171" HEIGHT="36" WC="0.96" CONTENT="beloppen"/><SP WIDTH="20" VPOS="846" HPOS="771"/>
							<String ID="string_132" HPOS="791" VPOS="848" WIDTH="97" HEIGHT="32" WC="0.96" CONTENT="tagas"/><SP WIDTH="20" VPOS="848" HPOS="888"/>
							<String ID="string_133" HPOS="908" VPOS="845" WIDTH="11" HEIGHT="29" WC="0.96" CONTENT="i"/><SP WIDTH="21" VPOS="845" HPOS="919"/>
							<String ID="string_134" HPOS="940" VPOS="844" WIDTH="161" HEIGHT="36" WC="0.95" CONTENT="anspråk."/>
						</TextLine>
					</TextBlock>
					<TextBlock ID="block_4" HPOS="353" VPOS="893" WIDTH="1020" HEIGHT="41">
						<TextLine ID="line_15" HPOS="353" VPOS="893" WIDTH="1020" HEIGHT="41">
							<String ID="string_135" HPOS="353" VPOS="898" WIDTH="226" HEIGHT="31" WC="0.96" CONTENT="Revisorerna"/><SP WIDTH="21" VPOS="898" HPOS="579"/>
							<String ID="string_136" HPOS="600" VPOS="897" WIDTH="92" HEIGHT="30" WC="0.96" CONTENT="hava"/><SP WIDTH="21" VPOS="897" HPOS="692"/>
							<String ID="string_137" HPOS="713" VPOS="895" WIDTH="89" HEIGHT="39" WC="0.96" CONTENT="gjort"/><SP WIDTH="21" VPOS="895" HPOS="802"/>
							<String ID="string_138" HPOS="823" VPOS="895" WIDTH="156" HEIGHT="38" WC="0.96" CONTENT="följande"/><SP WIDTH="20" VPOS="895" HPOS="979"/>
							<String ID="string_139" HPOS="999" VPOS="894" WIDTH="180" HEIGHT="31" WC="0.96" CONTENT="uttalande"/><SP WIDTH="24" VPOS="894" HPOS="1179"/>
							<String ID="string_140" HPOS="1203" VPOS="894" WIDTH="10" HEIGHT="29" WC="0.96" CONTENT="i"/><SP WIDTH="23" VPOS="894" HPOS="1213"/>
							<String ID="string_141" HPOS="1236" VPOS="893" WIDTH="137" HEIGHT="36" WC="0.96" CONTENT="frågan:"/>
						</TextLine>
					</TextBlock>
					<TextBlock ID="block_5" HPOS="307" VPOS="951" WIDTH="1508" HEIGHT="463">
						<TextLine ID="line_16" HPOS="352" VPOS="951" WIDTH="1460" HEIGHT="38">
							<String ID="string_142" HPOS="352" VPOS="957" WIDTH="122" HEIGHT="30" WC="0.95" CONTENT="Såsom"/><SP WIDTH="20" VPOS="957" HPOS="474"/>
							<String ID="string_143" HPOS="494" VPOS="966" WIDTH="41" HEIGHT="20" WC="0.96" CONTENT="av"/><SP WIDTH="18" VPOS="966" HPOS="535"/>
							<String ID="string_144" HPOS="553" VPOS="956" WIDTH="67" HEIGHT="30" WC="0.96" CONTENT="den"/><SP WIDTH="19" VPOS="956" HPOS="620"/>
							<String ID="string_145" HPOS="639" VPOS="955" WIDTH="161" HEIGHT="30" WC="0.96" CONTENT="lämnade"/><SP WIDTH="20" VPOS="955" HPOS="800"/>
							<String ID="string_146" HPOS="820" VPOS="954" WIDTH="238" HEIGHT="35" WC="0.96" CONTENT="redogörelsen"/><SP WIDTH="21" VPOS="954" HPOS="1058"/>
							<String ID="string_147" HPOS="1079" VPOS="952" WIDTH="156" HEIGHT="36" WC="0.96" CONTENT="framgår"/><SP WIDTH="19" VPOS="952" HPOS="1235"/>
							<String ID="string_148" HPOS="1254" VPOS="952" WIDTH="137" HEIGHT="30" WC="0.96" CONTENT="anvisas"/><SP WIDTH="21" VPOS="952" HPOS="1391"/>
							<String ID="string_149" HPOS="1412" VPOS="951" WIDTH="128" HEIGHT="36" WC="0.96" CONTENT="årligen"/><SP WIDTH="23" VPOS="951" HPOS="1540"/>
							<String ID="string_150" HPOS="1563" VPOS="951" WIDTH="74" HEIGHT="30" WC="0.93" CONTENT="icke"/><SP WIDTH="20" VPOS="951" HPOS="1637"/>
							<String ID="string_151" HPOS="1657" VPOS="951" WIDTH="155" HEIGHT="29" WC="0.92" CONTENT="oväsent-"/>
						</TextLine>
						<TextLine ID="line_17" HPOS="308" VPOS="993" WIDTH="1505" HEIGHT="42">
							<String ID="string_152" HPOS="308" VPOS="1000" WIDTH="67" HEIGHT="35" WC="0.96" CONTENT="liga"/><SP WIDTH="22" VPOS="1000" HPOS="375"/>
							<String ID="string_153" HPOS="397" VPOS="1000" WIDTH="125" HEIGHT="35" WC="0.96" CONTENT="belopp"/><SP WIDTH="23" VPOS="1000" HPOS="522"/>
							<String ID="string_154" HPOS="545" VPOS="1008" WIDTH="42" HEIGHT="20" WC="0.93" CONTENT="av"/><SP WIDTH="20" VPOS="1008" HPOS="587"/>
							<String ID="string_155" HPOS="607" VPOS="998" WIDTH="199" HEIGHT="30" WC="0.92" CONTENT="statsmedel"/><SP WIDTH="22" VPOS="998" HPOS="806"/>
							<String ID="string_156" HPOS="828" VPOS="997" WIDTH="56" HEIGHT="29" WC="0.96" CONTENT="för"/><SP WIDTH="20" VPOS="997" HPOS="884"/>
							<String ID="string_157" HPOS="904" VPOS="996" WIDTH="221" HEIGHT="30" WC="0.96" CONTENT="bestridande"/><SP WIDTH="22" VPOS="996" HPOS="1125"/>
							<String ID="string_158" HPOS="1147" VPOS="1005" WIDTH="42" HEIGHT="20" WC="0.96" CONTENT="av"/><SP WIDTH="21" VPOS="1005" HPOS="1189"/>
							<String ID="string_159" HPOS="1210" VPOS="995" WIDTH="234" HEIGHT="30" WC="0.96" CONTENT="kostnaderna"/><SP WIDTH="21" VPOS="995" HPOS="1444"/>
							<String ID="string_160" HPOS="1465" VPOS="994" WIDTH="55" HEIGHT="29" WC="0.96" CONTENT="för"/><SP WIDTH="20" VPOS="994" HPOS="1520"/>
							<String ID="string_161" HPOS="1540" VPOS="993" WIDTH="185" HEIGHT="36" WC="0.96" CONTENT="tryckning"/><SP WIDTH="22" VPOS="993" HPOS="1725"/>
							<String ID="string_162" HPOS="1747" VPOS="993" WIDTH="66" HEIGHT="30" WC="0.95" CONTENT="och"/>
						</TextLine>
						<TextLine ID="line_18" HPOS="307" VPOS="1036" WIDTH="1506" HEIGHT="42">
							<String ID="string_163" HPOS="307" VPOS="1042" WIDTH="180" HEIGHT="36" WC="0.96" CONTENT="utgivning"/><SP WIDTH="18" VPOS="1042" HPOS="487"/>
							<String ID="string_164" HPOS="505" VPOS="1051" WIDTH="42" HEIGHT="20" WC="0.96" CONTENT="av"/><SP WIDTH="19" VPOS="1051" HPOS="547"/>
							<String ID="string_165" HPOS="566" VPOS="1040" WIDTH="266" HEIGHT="36" WC="0.93" CONTENT="ifrågavarande"/><SP WIDTH="19" VPOS="1040" HPOS="832"/>
							<String ID="string_166" HPOS="851" VPOS="1039" WIDTH="116" HEIGHT="29" WC="0.91" CONTENT="rullor."/><SP WIDTH="43" VPOS="1039" HPOS="967"/>
							<String ID="string_167" HPOS="1010" VPOS="1037" WIDTH="79" HEIGHT="31" WC="0.96" CONTENT="Med"/><SP WIDTH="19" VPOS="1037" HPOS="1089"/>
							<String ID="string_168" HPOS="1108" VPOS="1038" WIDTH="137" HEIGHT="35" WC="0.95" CONTENT="hänsyn"/><SP WIDTH="20" VPOS="1038" HPOS="1245"/>
							<String ID="string_169" HPOS="1265" VPOS="1037" WIDTH="116" HEIGHT="30" WC="0.96" CONTENT="härtill"/><SP WIDTH="20" VPOS="1037" HPOS="1381"/>
							<String ID="string_170" HPOS="1401" VPOS="1046" WIDTH="100" HEIGHT="26" WC="0.96" CONTENT="synes"/><SP WIDTH="20" VPOS="1046" HPOS="1501"/>
							<String ID="string_171" HPOS="1521" VPOS="1037" WIDTH="56" HEIGHT="29" WC="0.96" CONTENT="det"/><SP WIDTH="22" VPOS="1037" HPOS="1577"/>
							<String ID="string_172" HPOS="1599" VPOS="1036" WIDTH="214" HEIGHT="29" WC="0.96" CONTENT="revisorerna"/>
						</TextLine>
						<TextLine ID="line_19" HPOS="308" VPOS="1077" WIDTH="1505" HEIGHT="42">
							<String ID="string_173" HPOS="308" VPOS="1085" WIDTH="176" HEIGHT="34" WC="0.95" CONTENT="önskvärt,"/><SP WIDTH="26" VPOS="1085" HPOS="484"/>
							<String ID="string_174" HPOS="510" VPOS="1087" WIDTH="49" HEIGHT="27" WC="0.93" CONTENT="att"/><SP WIDTH="21" VPOS="1087" HPOS="559"/>
							<String ID="string_175" HPOS="580" VPOS="1084" WIDTH="156" HEIGHT="29" WC="0.91" CONTENT="rullorna"/><SP WIDTH="23" VPOS="1084" HPOS="736"/>
							<String ID="string_176" HPOS="759" VPOS="1081" WIDTH="192" HEIGHT="36" WC="0.92" CONTENT="uppställas"/><SP WIDTH="22" VPOS="1081" HPOS="951"/>
							<String ID="string_177" HPOS="973" VPOS="1080" WIDTH="45" HEIGHT="37" WC="0.96" CONTENT="på"/><SP WIDTH="24" VPOS="1080" HPOS="1018"/>
							<String ID="string_178" HPOS="1042" VPOS="1079" WIDTH="124" HEIGHT="31" WC="0.96" CONTENT="sådant"/><SP WIDTH="24" VPOS="1079" HPOS="1166"/>
							<String ID="string_179" HPOS="1190" VPOS="1080" WIDTH="75" HEIGHT="34" WC="0.96" CONTENT="sätt,"/><SP WIDTH="25" VPOS="1080" HPOS="1265"/>
							<String ID="string_180" HPOS="1290" VPOS="1082" WIDTH="49" HEIGHT="27" WC="0.96" CONTENT="att"/><SP WIDTH="24" VPOS="1082" HPOS="1339"/>
							<String ID="string_181" HPOS="1363" VPOS="1082" WIDTH="129" HEIGHT="27" WC="0.96" CONTENT="statens"/><SP WIDTH="23" VPOS="1082" HPOS="1492"/>
							<String ID="string_182" HPOS="1515" VPOS="1077" WIDTH="143" HEIGHT="37" WC="0.96" CONTENT="utgifter"/><SP WIDTH="22" VPOS="1077" HPOS="1658"/>
							<String ID="string_183" HPOS="1680" VPOS="1078" WIDTH="11" HEIGHT="29" WC="0.93" CONTENT="i"/><SP WIDTH="22" VPOS="1078" HPOS="1691"/>
							<String ID="string_184" HPOS="1713" VPOS="1077" WIDTH="100" HEIGHT="36" WC="0.93" CONTENT="görli-"/>
						</TextLine>
						<TextLine ID="line_20" HPOS="309" VPOS="1120" WIDTH="1504" HEIGHT="43">
							<String ID="string_185" HPOS="309" VPOS="1130" WIDTH="94" HEIGHT="33" WC="0.92" CONTENT="gaste"/><SP WIDTH="27" VPOS="1130" HPOS="403"/>
							<String ID="string_186" HPOS="430" VPOS="1126" WIDTH="82" HEIGHT="30" WC="0.96" CONTENT="mån"/><SP WIDTH="27" VPOS="1126" HPOS="512"/>
							<String ID="string_187" HPOS="539" VPOS="1126" WIDTH="197" HEIGHT="36" WC="0.94" CONTENT="begränsas."/><SP WIDTH="50" VPOS="1126" HPOS="736"/>
							<String ID="string_188" HPOS="786" VPOS="1123" WIDTH="115" HEIGHT="37" WC="0.95" CONTENT="Enligt"/><SP WIDTH="27" VPOS="1123" HPOS="901"/>
							<String ID="string_189" HPOS="928" VPOS="1123" WIDTH="231" HEIGHT="30" WC="0.96" CONTENT="revisorernas"/><SP WIDTH="27" VPOS="1123" HPOS="1159"/>
							<String ID="string_190" HPOS="1186" VPOS="1121" WIDTH="225" HEIGHT="37" WC="0.96" CONTENT="uppfattning"/><SP WIDTH="28" VPOS="1121" HPOS="1411"/>
							<String ID="string_191" HPOS="1439" VPOS="1121" WIDTH="97" HEIGHT="29" WC="0.96" CONTENT="torde"/><SP WIDTH="28" VPOS="1121" HPOS="1536"/>
							<String ID="string_192" HPOS="1564" VPOS="1123" WIDTH="129" HEIGHT="27" WC="0.91" CONTENT="statens"/><SP WIDTH="28" VPOS="1123" HPOS="1693"/>
							<String ID="string_193" HPOS="1721" VPOS="1120" WIDTH="92" HEIGHT="29" WC="0.91" CONTENT="kost-"/>
						</TextLine>
						<TextLine ID="line_21" HPOS="308" VPOS="1161" WIDTH="1506" HEIGHT="40">
							<String ID="string_194" HPOS="308" VPOS="1170" WIDTH="109" HEIGHT="30" WC="0.95" CONTENT="nader"/><SP WIDTH="22" VPOS="1170" HPOS="417"/>
							<String ID="string_195" HPOS="439" VPOS="1169" WIDTH="55" HEIGHT="30" WC="0.93" CONTENT="för"/><SP WIDTH="23" VPOS="1169" HPOS="494"/>
							<String ID="string_196" HPOS="517" VPOS="1168" WIDTH="155" HEIGHT="30" WC="0.91" CONTENT="rullorna"/><SP WIDTH="23" VPOS="1168" HPOS="672"/>
							<String ID="string_197" HPOS="695" VPOS="1168" WIDTH="120" HEIGHT="29" WC="0.93" CONTENT="kunna"/><SP WIDTH="24" VPOS="1168" HPOS="815"/>
							<String ID="string_198" HPOS="839" VPOS="1165" WIDTH="217" HEIGHT="36" WC="0.92" CONTENT="nedbringas,"/><SP WIDTH="24" VPOS="1165" HPOS="1056"/>
							<String ID="string_199" HPOS="1080" VPOS="1165" WIDTH="116" HEIGHT="29" WC="0.95" CONTENT="därest"/><SP WIDTH="22" VPOS="1165" HPOS="1196"/>
							<String ID="string_200" HPOS="1218" VPOS="1164" WIDTH="57" HEIGHT="29" WC="0.96" CONTENT="vid"/><SP WIDTH="23" VPOS="1164" HPOS="1275"/>
							<String ID="string_201" HPOS="1298" VPOS="1162" WIDTH="183" HEIGHT="37" WC="0.96" CONTENT="tryckning"/><SP WIDTH="22" VPOS="1162" HPOS="1481"/>
							<String ID="string_202" HPOS="1503" VPOS="1172" WIDTH="136" HEIGHT="20" WC="0.96" CONTENT="samma"/><SP WIDTH="24" VPOS="1172" HPOS="1639"/>
							<String ID="string_203" HPOS="1663" VPOS="1161" WIDTH="151" HEIGHT="35" WC="0.96" CONTENT="sättning"/>
						</TextLine>
						<TextLine ID="line_22" HPOS="309" VPOS="1204" WIDTH="1504" HEIGHT="39">
							<String ID="string_204" HPOS="309" VPOS="1212" WIDTH="177" HEIGHT="30" WC="0.95" CONTENT="användes"/><SP WIDTH="18" VPOS="1212" HPOS="486"/>
							<String ID="string_205" HPOS="504" VPOS="1211" WIDTH="55" HEIGHT="29" WC="0.96" CONTENT="för"/><SP WIDTH="17" VPOS="1211" HPOS="559"/>
							<String ID="string_206" HPOS="576" VPOS="1211" WIDTH="41" HEIGHT="29" WC="0.96" CONTENT="de"/><SP WIDTH="18" VPOS="1211" HPOS="617"/>
							<String ID="string_207" HPOS="635" VPOS="1210" WIDTH="94" HEIGHT="30" WC="0.93" CONTENT="olika"/><SP WIDTH="16" VPOS="1210" HPOS="729"/>
							<String ID="string_208" HPOS="745" VPOS="1209" WIDTH="164" HEIGHT="34" WC="0.92" CONTENT="rullorna,"/><SP WIDTH="19" VPOS="1209" HPOS="909"/>
							<String ID="string_209" HPOS="928" VPOS="1208" WIDTH="10" HEIGHT="29" WC="0.96" CONTENT="i"/><SP WIDTH="19" VPOS="1208" HPOS="938"/>
							<String ID="string_210" HPOS="957" VPOS="1208" WIDTH="66" HEIGHT="29" WC="0.96" CONTENT="den"/><SP WIDTH="18" VPOS="1208" HPOS="1023"/>
							<String ID="string_211" HPOS="1041" VPOS="1206" WIDTH="82" HEIGHT="31" WC="0.96" CONTENT="mån"/><SP WIDTH="21" VPOS="1206" HPOS="1123"/>
							<String ID="string_212" HPOS="1144" VPOS="1207" WIDTH="98" HEIGHT="29" WC="0.96" CONTENT="dessa"/><SP WIDTH="19" VPOS="1207" HPOS="1242"/>
							<String ID="string_213" HPOS="1261" VPOS="1206" WIDTH="98" HEIGHT="30" WC="0.96" CONTENT="skola"/><SP WIDTH="19" VPOS="1206" HPOS="1359"/>
							<String ID="string_214" HPOS="1378" VPOS="1204" WIDTH="176" HEIGHT="31" WC="0.96" CONTENT="innehålla"/><SP WIDTH="18" VPOS="1204" HPOS="1554"/>
							<String ID="string_215" HPOS="1572" VPOS="1213" WIDTH="135" HEIGHT="21" WC="0.93" CONTENT="samma"/><SP WIDTH="19" VPOS="1213" HPOS="1707"/>
							<String ID="string_216" HPOS="1726" VPOS="1213" WIDTH="87" HEIGHT="26" WC="0.92" CONTENT="upp-"/>
						</TextLine>
						<TextLine ID="line_23" HPOS="310" VPOS="1247" WIDTH="1504" HEIGHT="43">
							<String ID="string_217" HPOS="310" VPOS="1254" WIDTH="109" HEIGHT="36" WC="0.96" CONTENT="gifter."/><SP WIDTH="53" VPOS="1254" HPOS="419"/>
							<String ID="string_218" HPOS="472" VPOS="1253" WIDTH="226" HEIGHT="30" WC="0.96" CONTENT="Revisorerna"/><SP WIDTH="29" VPOS="1253" HPOS="698"/>
							<String ID="string_219" HPOS="727" VPOS="1251" WIDTH="83" HEIGHT="35" WC="0.96" CONTENT="vilja"/><SP WIDTH="28" VPOS="1251" HPOS="810"/>
							<String ID="string_220" HPOS="838" VPOS="1250" WIDTH="130" HEIGHT="36" WC="0.96" CONTENT="jämväl"/><SP WIDTH="28" VPOS="1250" HPOS="968"/>
							<String ID="string_221" HPOS="996" VPOS="1249" WIDTH="214" HEIGHT="35" WC="0.95" CONTENT="ifrågasätta,"/><SP WIDTH="30" VPOS="1249" HPOS="1210"/>
							<String ID="string_222" HPOS="1240" VPOS="1247" WIDTH="173" HEIGHT="31" WC="0.96" CONTENT="huruvida"/><SP WIDTH="29" VPOS="1247" HPOS="1413"/>
							<String ID="string_223" HPOS="1442" VPOS="1247" WIDTH="74" HEIGHT="30" WC="0.96" CONTENT="icke"/><SP WIDTH="28" VPOS="1247" HPOS="1516"/>
							<String ID="string_224" HPOS="1544" VPOS="1256" WIDTH="43" HEIGHT="20" WC="0.96" CONTENT="en"/><SP WIDTH="28" VPOS="1256" HPOS="1587"/>
							<String ID="string_225" HPOS="1615" VPOS="1255" WIDTH="199" HEIGHT="27" WC="0.96" CONTENT="gemensam"/>
						</TextLine>
						<TextLine ID="line_24" HPOS="309" VPOS="1290" WIDTH="1504" HEIGHT="37">
							<String ID="string_226" HPOS="309" VPOS="1297" WIDTH="89" HEIGHT="29" WC="0.96" CONTENT="rulla"/><SP WIDTH="26" VPOS="1297" HPOS="398"/>
							<String ID="string_227" HPOS="424" VPOS="1296" WIDTH="56" HEIGHT="29" WC="0.96" CONTENT="för"/><SP WIDTH="24" VPOS="1296" HPOS="480"/>
							<String ID="string_228" HPOS="504" VPOS="1295" WIDTH="78" HEIGHT="30" WC="0.93" CONTENT="hela"/><SP WIDTH="25" VPOS="1295" HPOS="582"/>
							<String ID="string_229" HPOS="607" VPOS="1292" WIDTH="328" HEIGHT="35" WC="0.91" CONTENT="försvarsväsendet,"/><SP WIDTH="26" VPOS="1292" HPOS="935"/>
							<String ID="string_230" HPOS="961" VPOS="1291" WIDTH="240" HEIGHT="29" WC="0.96" CONTENT="innefattande"/><SP WIDTH="26" VPOS="1291" HPOS="1201"/>
							<String ID="string_231" HPOS="1227" VPOS="1290" WIDTH="66" HEIGHT="30" WC="0.96" CONTENT="den"/><SP WIDTH="24" VPOS="1290" HPOS="1293"/>
							<String ID="string_232" HPOS="1317" VPOS="1290" WIDTH="170" HEIGHT="35" WC="0.95" CONTENT="personal,"/><SP WIDTH="27" VPOS="1290" HPOS="1487"/>
							<String ID="string_233" HPOS="1514" VPOS="1298" WIDTH="75" HEIGHT="21" WC="0.96" CONTENT="som"/><SP WIDTH="28" VPOS="1298" HPOS="1589"/>
							<String ID="string_234" HPOS="1617" VPOS="1298" WIDTH="47" HEIGHT="20" WC="0.93" CONTENT="nu"/><SP WIDTH="27" VPOS="1298" HPOS="1664"/>
							<String ID="string_235" HPOS="1691" VPOS="1291" WIDTH="122" HEIGHT="33" WC="0.92" CONTENT="uppta-"/>
						</TextLine>
						<TextLine ID="line_25" HPOS="309" VPOS="1330" WIDTH="1506" HEIGHT="45">
							<String ID="string_236" HPOS="309" VPOS="1348" WIDTH="57" HEIGHT="27" WC="0.96" CONTENT="ges"/><SP WIDTH="22" VPOS="1348" HPOS="366"/>
							<String ID="string_237" HPOS="388" VPOS="1338" WIDTH="11" HEIGHT="30" WC="0.96" CONTENT="i"/><SP WIDTH="22" VPOS="1338" HPOS="399"/>
							<String ID="string_238" HPOS="421" VPOS="1338" WIDTH="42" HEIGHT="30" WC="0.96" CONTENT="de"/><SP WIDTH="23" VPOS="1338" HPOS="463"/>
							<String ID="string_239" HPOS="486" VPOS="1337" WIDTH="112" HEIGHT="30" WC="0.92" CONTENT="skilda"/><SP WIDTH="20" VPOS="1337" HPOS="598"/>
							<String ID="string_240" HPOS="618" VPOS="1336" WIDTH="164" HEIGHT="34" WC="0.92" CONTENT="rullorna,"/><SP WIDTH="23" VPOS="1336" HPOS="782"/>
							<String ID="string_241" HPOS="805" VPOS="1335" WIDTH="70" HEIGHT="29" WC="0.93" CONTENT="kan"/><SP WIDTH="21" VPOS="1335" HPOS="875"/>
							<String ID="string_242" HPOS="896" VPOS="1333" WIDTH="144" HEIGHT="36" WC="0.92" CONTENT="utgivas,"/><SP WIDTH="22" VPOS="1333" HPOS="1040"/>
							<String ID="string_243" HPOS="1062" VPOS="1333" WIDTH="67" HEIGHT="29" WC="0.96" CONTENT="och"/><SP WIDTH="23" VPOS="1333" HPOS="1129"/>
							<String ID="string_244" HPOS="1152" VPOS="1332" WIDTH="156" HEIGHT="36" WC="0.96" CONTENT="särtryck"/><SP WIDTH="22" VPOS="1332" HPOS="1308"/>
							<String ID="string_245" HPOS="1330" VPOS="1333" WIDTH="101" HEIGHT="34" WC="0.96" CONTENT="göras"/><SP WIDTH="20" VPOS="1333" HPOS="1431"/>
							<String ID="string_246" HPOS="1451" VPOS="1341" WIDTH="43" HEIGHT="19" WC="0.96" CONTENT="ur"/><SP WIDTH="20" VPOS="1341" HPOS="1494"/>
							<String ID="string_247" HPOS="1514" VPOS="1331" WIDTH="114" HEIGHT="30" WC="0.96" CONTENT="denna"/><SP WIDTH="21" VPOS="1331" HPOS="1628"/>
							<String ID="string_248" HPOS="1649" VPOS="1331" WIDTH="90" HEIGHT="30" WC="0.96" CONTENT="rulla"/><SP WIDTH="21" VPOS="1331" HPOS="1739"/>
							<String ID="string_249" HPOS="1760" VPOS="1330" WIDTH="55" HEIGHT="30" WC="0.96" CONTENT="för"/>
						</TextLine>
						<TextLine ID="line_26" HPOS="309" VPOS="1373" WIDTH="1222" HEIGHT="41">
							<String ID="string_250" HPOS="309" VPOS="1382" WIDTH="43" HEIGHT="29" WC="0.96" CONTENT="de"/><SP WIDTH="20" VPOS="1382" HPOS="352"/>
							<String ID="string_251" HPOS="372" VPOS="1381" WIDTH="94" HEIGHT="29" WC="0.93" CONTENT="olika"/><SP WIDTH="20" VPOS="1381" HPOS="466"/>
							<String ID="string_252" HPOS="486" VPOS="1380" WIDTH="334" HEIGHT="34" WC="0.91" CONTENT="försvarsgrenarna,"/><SP WIDTH="22" VPOS="1380" HPOS="820"/>
							<String ID="string_253" HPOS="842" VPOS="1377" WIDTH="10" HEIGHT="29" WC="0.96" CONTENT="i"/><SP WIDTH="22" VPOS="1377" HPOS="852"/>
							<String ID="string_254" HPOS="874" VPOS="1377" WIDTH="66" HEIGHT="29" WC="0.96" CONTENT="den"/><SP WIDTH="22" VPOS="1377" HPOS="940"/>
							<String ID="string_255" HPOS="962" VPOS="1375" WIDTH="82" HEIGHT="30" WC="0.96" CONTENT="mån"/><SP WIDTH="21" VPOS="1375" HPOS="1044"/>
							<String ID="string_256" HPOS="1065" VPOS="1374" WIDTH="39" HEIGHT="31" WC="0.93" CONTENT="så"/><SP WIDTH="20" VPOS="1374" HPOS="1104"/>
							<String ID="string_257" HPOS="1124" VPOS="1374" WIDTH="158" HEIGHT="30" WC="0.91" CONTENT="befinnes"/><SP WIDTH="23" VPOS="1374" HPOS="1282"/>
							<String ID="string_258" HPOS="1305" VPOS="1373" WIDTH="226" HEIGHT="35" WC="0.90" CONTENT="erforderiigt."/>
						</TextLine>
					</TextBlock>
				</ComposedBlock>
				<ComposedBlock ID="cblock_3" HPOS="308" VPOS="1456" WIDTH="1506" HEIGHT="94">
					<TextBlock ID="block_6" HPOS="308" VPOS="1456" WIDTH="1506" HEIGHT="94">
						<TextLine ID="line_27" HPOS="354" VPOS="1456" WIDTH="1460" HEIGHT="41">
							<String ID="string_259" HPOS="354" VPOS="1464" WIDTH="190" HEIGHT="31" WC="0.96" CONTENT="Yttranden"/><SP WIDTH="29" VPOS="1464" HPOS="544"/>
							<String ID="string_260" HPOS="573" VPOS="1464" WIDTH="92" HEIGHT="29" WC="0.93" CONTENT="hava"/><SP WIDTH="30" VPOS="1464" HPOS="665"/>
							<String ID="string_261" HPOS="695" VPOS="1461" WIDTH="142" HEIGHT="36" WC="0.92" CONTENT="avgivits"/><SP WIDTH="29" VPOS="1461" HPOS="837"/>
							<String ID="string_262" HPOS="866" VPOS="1470" WIDTH="42" HEIGHT="20" WC="0.93" CONTENT="av"/><SP WIDTH="28" VPOS="1470" HPOS="908"/>
							<String ID="string_263" HPOS="936" VPOS="1459" WIDTH="205" HEIGHT="37" WC="0.92" CONTENT="flygstaben,"/><SP WIDTH="29" VPOS="1459" HPOS="1141"/>
							<String ID="string_264" HPOS="1170" VPOS="1457" WIDTH="262" HEIGHT="31" WC="0.89" CONTENT="lantförsvarets"/><SP WIDTH="29" VPOS="1457" HPOS="1432"/>
							<String ID="string_265" HPOS="1461" VPOS="1456" WIDTH="353" HEIGHT="36" WC="0.90" CONTENT="kommandoexpedi-"/>
						</TextLine>
						<TextLine ID="line_28" HPOS="308" VPOS="1504" WIDTH="1271" HEIGHT="46">
							<String ID="string_266" HPOS="308" VPOS="1516" WIDTH="73" HEIGHT="29" WC="0.96" CONTENT="tion"/><SP WIDTH="21" VPOS="1516" HPOS="381"/>
							<String ID="string_267" HPOS="402" VPOS="1516" WIDTH="66" HEIGHT="29" WC="0.93" CONTENT="och"/><SP WIDTH="22" VPOS="1516" HPOS="468"/>
							<String ID="string_268" HPOS="490" VPOS="1514" WIDTH="242" HEIGHT="36" WC="0.91" CONTENT="sjöförsvarets"/><SP WIDTH="20" VPOS="1514" HPOS="732"/>
							<String ID="string_269" HPOS="752" VPOS="1510" WIDTH="413" HEIGHT="36" WC="0.90" CONTENT="kommandoexpedition"/><SP WIDTH="25" VPOS="1510" HPOS="1165"/>
							<String ID="string_270" HPOS="1190" VPOS="1505" WIDTH="75" HEIGHT="40" WC="0.93" CONTENT="(Del"/><SP WIDTH="20" VPOS="1505" HPOS="1265"/>
							<String ID="string_271" HPOS="1285" VPOS="1508" WIDTH="31" HEIGHT="30" WC="0.93" CONTENT="II"/><SP WIDTH="21" VPOS="1508" HPOS="1316"/>
							<String ID="string_272" HPOS="1337" VPOS="1508" WIDTH="62" HEIGHT="30" WC="0.96" CONTENT="sid."/><SP WIDTH="23" VPOS="1508" HPOS="1399"/>
							<String ID="string_273" HPOS="1422" VPOS="1504" WIDTH="157" HEIGHT="39" WC="0.0" CONTENT="49—253)."/>
						</TextLine>
					</TextBlock>
				</ComposedBlock>
				<ComposedBlock ID="cblock_4" HPOS="308" VPOS="1599" WIDTH="1507" HEIGHT="494">
					<TextBlock ID="block_7" HPOS="308" VPOS="1599" WIDTH="1507" HEIGHT="446">
						<TextLine ID="line_29" HPOS="355" VPOS="1599" WIDTH="1460" HEIGHT="39">
							<String ID="string_274" HPOS="355" VPOS="1607" WIDTH="121" HEIGHT="31" WC="0.95" CONTENT="Såsom"/><SP WIDTH="23" VPOS="1607" HPOS="476"/>
							<String ID="string_275" HPOS="499" VPOS="1616" WIDTH="42" HEIGHT="21" WC="0.96" CONTENT="av"/><SP WIDTH="20" VPOS="1616" HPOS="541"/>
							<String ID="string_276" HPOS="561" VPOS="1605" WIDTH="215" HEIGHT="31" WC="0.95" CONTENT="revisorerna"/><SP WIDTH="23" VPOS="1605" HPOS="776"/>
							<String ID="string_277" HPOS="799" VPOS="1602" WIDTH="209" HEIGHT="32" WC="0.93" CONTENT="framhållits"/><SP WIDTH="22" VPOS="1602" HPOS="1008"/>
							<String ID="string_278" HPOS="1030" VPOS="1602" WIDTH="176" HEIGHT="36" WC="0.91" CONTENT="uppgöras"/><SP WIDTH="24" VPOS="1602" HPOS="1206"/>
							<String ID="string_279" HPOS="1230" VPOS="1600" WIDTH="54" HEIGHT="31" WC="0.96" CONTENT="för"/><SP WIDTH="24" VPOS="1600" HPOS="1284"/>
							<String ID="string_280" HPOS="1308" VPOS="1600" WIDTH="41" HEIGHT="30" WC="0.96" CONTENT="de"/><SP WIDTH="22" VPOS="1600" HPOS="1349"/>
							<String ID="string_281" HPOS="1371" VPOS="1600" WIDTH="94" HEIGHT="30" WC="0.93" CONTENT="olika"/><SP WIDTH="23" VPOS="1600" HPOS="1465"/>
							<String ID="string_282" HPOS="1488" VPOS="1599" WIDTH="327" HEIGHT="36" WC="0.91" CONTENT="försvarsgrenarna"/>
						</TextLine>
						<TextLine ID="line_30" HPOS="309" VPOS="1649" WIDTH="1506" HEIGHT="43">
							<String ID="string_283" HPOS="309" VPOS="1658" WIDTH="114" HEIGHT="30" WC="0.93" CONTENT="skilda"/><SP WIDTH="22" VPOS="1658" HPOS="423"/>
							<String ID="string_284" HPOS="445" VPOS="1657" WIDTH="116" HEIGHT="35" WC="0.91" CONTENT="rullor,"/><SP WIDTH="24" VPOS="1657" HPOS="561"/>
							<String ID="string_285" HPOS="585" VPOS="1656" WIDTH="57" HEIGHT="30" WC="0.97" CONTENT="för"/><SP WIDTH="22" VPOS="1656" HPOS="642"/>
							<String ID="string_286" HPOS="664" VPOS="1655" WIDTH="110" HEIGHT="30" WC="0.96" CONTENT="vilkas"/><SP WIDTH="23" VPOS="1655" HPOS="774"/>
							<String ID="string_287" HPOS="797" VPOS="1653" WIDTH="183" HEIGHT="37" WC="0.96" CONTENT="tryckning"/><SP WIDTH="22" VPOS="1653" HPOS="980"/>
							<String ID="string_288" HPOS="1002" VPOS="1653" WIDTH="66" HEIGHT="29" WC="0.96" CONTENT="och"/><SP WIDTH="21" VPOS="1653" HPOS="1068"/>
							<String ID="string_289" HPOS="1089" VPOS="1651" WIDTH="180" HEIGHT="36" WC="0.96" CONTENT="utgivning"/><SP WIDTH="22" VPOS="1651" HPOS="1269"/>
							<String ID="string_290" HPOS="1291" VPOS="1650" WIDTH="75" HEIGHT="31" WC="0.93" CONTENT="icke"/><SP WIDTH="23" VPOS="1650" HPOS="1366"/>
							<String ID="string_291" HPOS="1389" VPOS="1650" WIDTH="211" HEIGHT="35" WC="0.90" CONTENT="oväsentliga"/><SP WIDTH="22" VPOS="1650" HPOS="1600"/>
							<String ID="string_292" HPOS="1622" VPOS="1649" WIDTH="127" HEIGHT="35" WC="0.96" CONTENT="belopp"/><SP WIDTH="24" VPOS="1649" HPOS="1749"/>
							<String ID="string_293" HPOS="1773" VPOS="1657" WIDTH="42" HEIGHT="21" WC="0.96" CONTENT="av"/>
						</TextLine>
						<TextLine ID="line_31" HPOS="309" VPOS="1700" WIDTH="1505" HEIGHT="42">
							<String ID="string_294" HPOS="309" VPOS="1708" WIDTH="197" HEIGHT="30" WC="0.89" CONTENT="statsmedel"/><SP WIDTH="25" VPOS="1708" HPOS="506"/>
							<String ID="string_295" HPOS="531" VPOS="1706" WIDTH="129" HEIGHT="36" WC="0.96" CONTENT="årligen"/><SP WIDTH="23" VPOS="1706" HPOS="660"/>
							<String ID="string_296" HPOS="683" VPOS="1705" WIDTH="146" HEIGHT="30" WC="0.95" CONTENT="anvisas."/><SP WIDTH="24" VPOS="1705" HPOS="829"/>
							<String ID="string_297" HPOS="853" VPOS="1705" WIDTH="13" HEIGHT="28" WC="0.96" CONTENT="I"/><SP WIDTH="25" VPOS="1705" HPOS="866"/>
							<String ID="string_298" HPOS="891" VPOS="1704" WIDTH="106" HEIGHT="29" WC="0.96" CONTENT="likhet"/><SP WIDTH="23" VPOS="1704" HPOS="997"/>
							<String ID="string_299" HPOS="1020" VPOS="1703" WIDTH="79" HEIGHT="29" WC="0.96" CONTENT="med"/><SP WIDTH="25" VPOS="1703" HPOS="1099"/>
							<String ID="string_300" HPOS="1124" VPOS="1702" WIDTH="214" HEIGHT="30" WC="0.96" CONTENT="revisorerna"/><SP WIDTH="22" VPOS="1702" HPOS="1338"/>
							<String ID="string_301" HPOS="1360" VPOS="1700" WIDTH="115" HEIGHT="30" WC="0.96" CONTENT="finner"/><SP WIDTH="22" VPOS="1700" HPOS="1475"/>
							<String ID="string_302" HPOS="1497" VPOS="1701" WIDTH="175" HEIGHT="34" WC="0.96" CONTENT="utskottet,"/><SP WIDTH="24" VPOS="1701" HPOS="1672"/>
							<String ID="string_303" HPOS="1696" VPOS="1703" WIDTH="49" HEIGHT="26" WC="0.95" CONTENT="att"/><SP WIDTH="24" VPOS="1703" HPOS="1745"/>
							<String ID="string_304" HPOS="1769" VPOS="1702" WIDTH="45" HEIGHT="27" WC="0.94" CONTENT="ett"/>
						</TextLine>
						<TextLine ID="line_32" HPOS="308" VPOS="1749" WIDTH="1505" HEIGHT="44">
							<String ID="string_305" HPOS="308" VPOS="1757" WIDTH="259" HEIGHT="36" WC="0.91" CONTENT="nedbringande"/><SP WIDTH="24" VPOS="1757" HPOS="567"/>
							<String ID="string_306" HPOS="591" VPOS="1766" WIDTH="43" HEIGHT="21" WC="0.96" CONTENT="av"/><SP WIDTH="25" VPOS="1766" HPOS="634"/>
							<String ID="string_307" HPOS="659" VPOS="1757" WIDTH="99" HEIGHT="29" WC="0.96" CONTENT="dessa"/><SP WIDTH="22" VPOS="1757" HPOS="758"/>
							<String ID="string_308" HPOS="780" VPOS="1754" WIDTH="187" HEIGHT="30" WC="0.96" CONTENT="kostnader"/><SP WIDTH="25" VPOS="1754" HPOS="967"/>
							<String ID="string_309" HPOS="992" VPOS="1753" WIDTH="110" HEIGHT="30" WC="0.96" CONTENT="skulle"/><SP WIDTH="22" VPOS="1753" HPOS="1102"/>
							<String ID="string_310" HPOS="1124" VPOS="1753" WIDTH="120" HEIGHT="29" WC="0.96" CONTENT="kunna"/><SP WIDTH="23" VPOS="1753" HPOS="1244"/>
							<String ID="string_311" HPOS="1267" VPOS="1752" WIDTH="69" HEIGHT="34" WC="0.96" CONTENT="ske,"/><SP WIDTH="27" VPOS="1752" HPOS="1336"/>
							<String ID="string_312" HPOS="1363" VPOS="1752" WIDTH="113" HEIGHT="29" WC="0.96" CONTENT="därest"/><SP WIDTH="24" VPOS="1752" HPOS="1476"/>
							<String ID="string_313" HPOS="1500" VPOS="1761" WIDTH="42" HEIGHT="19" WC="0.95" CONTENT="en"/><SP WIDTH="23" VPOS="1761" HPOS="1542"/>
							<String ID="string_314" HPOS="1565" VPOS="1750" WIDTH="56" HEIGHT="30" WC="0.96" CONTENT="för"/><SP WIDTH="22" VPOS="1750" HPOS="1621"/>
							<String ID="string_315" HPOS="1643" VPOS="1751" WIDTH="79" HEIGHT="29" WC="0.93" CONTENT="hela"/><SP WIDTH="23" VPOS="1751" HPOS="1722"/>
							<String ID="string_316" HPOS="1745" VPOS="1749" WIDTH="68" HEIGHT="30" WC="0.92" CONTENT="för-"/>
						</TextLine>
						<TextLine ID="line_33" HPOS="308" VPOS="1800" WIDTH="1504" HEIGHT="42">
							<String ID="string_317" HPOS="308" VPOS="1808" WIDTH="261" HEIGHT="31" WC="0.92" CONTENT="svarsväsendet"/><SP WIDTH="17" VPOS="1808" HPOS="569"/>
							<String ID="string_318" HPOS="586" VPOS="1815" WIDTH="198" HEIGHT="27" WC="0.96" CONTENT="gemensam"/><SP WIDTH="19" VPOS="1815" HPOS="784"/>
							<String ID="string_319" HPOS="803" VPOS="1805" WIDTH="89" HEIGHT="30" WC="0.96" CONTENT="rulla"/><SP WIDTH="19" VPOS="1805" HPOS="892"/>
							<String ID="string_320" HPOS="911" VPOS="1804" WIDTH="159" HEIGHT="36" WC="0.96" CONTENT="trycktes,"/><SP WIDTH="20" VPOS="1804" HPOS="1070"/>
							<String ID="string_321" HPOS="1090" VPOS="1813" WIDTH="41" HEIGHT="20" WC="0.97" CONTENT="ur"/><SP WIDTH="20" VPOS="1813" HPOS="1131"/>
							<String ID="string_322" HPOS="1151" VPOS="1803" WIDTH="114" HEIGHT="29" WC="0.96" CONTENT="vilken"/><SP WIDTH="22" VPOS="1803" HPOS="1265"/>
							<String ID="string_323" HPOS="1287" VPOS="1802" WIDTH="106" HEIGHT="29" WC="0.96" CONTENT="sedan"/><SP WIDTH="21" VPOS="1802" HPOS="1393"/>
							<String ID="string_324" HPOS="1414" VPOS="1801" WIDTH="224" HEIGHT="35" WC="0.96" CONTENT="erforderliga"/><SP WIDTH="20" VPOS="1801" HPOS="1638"/>
							<String ID="string_325" HPOS="1658" VPOS="1800" WIDTH="154" HEIGHT="36" WC="0.96" CONTENT="särtryck"/>
						</TextLine>
						<TextLine ID="line_34" HPOS="308" VPOS="1851" WIDTH="1504" HEIGHT="40">
							<String ID="string_326" HPOS="308" VPOS="1859" WIDTH="55" HEIGHT="29" WC="0.96" CONTENT="för"/><SP WIDTH="20" VPOS="1859" HPOS="363"/>
							<String ID="string_327" HPOS="383" VPOS="1860" WIDTH="41" HEIGHT="28" WC="0.95" CONTENT="de"/><SP WIDTH="20" VPOS="1860" HPOS="424"/>
							<String ID="string_328" HPOS="444" VPOS="1859" WIDTH="92" HEIGHT="29" WC="0.93" CONTENT="olika"/><SP WIDTH="21" VPOS="1859" HPOS="536"/>
							<String ID="string_329" HPOS="557" VPOS="1857" WIDTH="324" HEIGHT="34" WC="0.92" CONTENT="försvarsgrenarna"/><SP WIDTH="21" VPOS="1857" HPOS="881"/>
							<String ID="string_330" HPOS="902" VPOS="1854" WIDTH="115" HEIGHT="30" WC="0.96" CONTENT="kunde"/><SP WIDTH="20" VPOS="1854" HPOS="1017"/>
							<String ID="string_331" HPOS="1037" VPOS="1855" WIDTH="110" HEIGHT="34" WC="0.94" CONTENT="göras."/><SP WIDTH="33" VPOS="1855" HPOS="1147"/>
							<String ID="string_332" HPOS="1180" VPOS="1852" WIDTH="63" HEIGHT="30" WC="0.96" CONTENT="Det"/><SP WIDTH="20" VPOS="1852" HPOS="1243"/>
							<String ID="string_333" HPOS="1263" VPOS="1861" WIDTH="98" HEIGHT="26" WC="0.96" CONTENT="synes"/><SP WIDTH="22" VPOS="1861" HPOS="1361"/>
							<String ID="string_334" HPOS="1383" VPOS="1852" WIDTH="165" HEIGHT="29" WC="0.96" CONTENT="utskottet"/><SP WIDTH="20" VPOS="1852" HPOS="1548"/>
							<String ID="string_335" HPOS="1568" VPOS="1851" WIDTH="117" HEIGHT="29" WC="0.93" CONTENT="vidare"/><SP WIDTH="21" VPOS="1851" HPOS="1685"/>
							<String ID="string_336" HPOS="1706" VPOS="1851" WIDTH="106" HEIGHT="35" WC="0.92" CONTENT="lämp-"/>
						</TextLine>
						<TextLine ID="line_35" HPOS="309" VPOS="1900" WIDTH="1503" HEIGHT="45">
							<String ID="string_337" HPOS="309" VPOS="1909" WIDTH="68" HEIGHT="36" WC="0.96" CONTENT="ligt,"/><SP WIDTH="21" VPOS="1909" HPOS="377"/>
							<String ID="string_338" HPOS="398" VPOS="1912" WIDTH="49" HEIGHT="27" WC="0.95" CONTENT="att"/><SP WIDTH="22" VPOS="1912" HPOS="447"/>
							<String ID="string_339" HPOS="469" VPOS="1909" WIDTH="65" HEIGHT="29" WC="0.96" CONTENT="den"/><SP WIDTH="23" VPOS="1909" HPOS="534"/>
							<String ID="string_340" HPOS="557" VPOS="1907" WIDTH="146" HEIGHT="30" WC="0.96" CONTENT="sålunda"/><SP WIDTH="20" VPOS="1907" HPOS="703"/>
							<String ID="string_341" HPOS="723" VPOS="1904" WIDTH="201" HEIGHT="37" WC="0.96" CONTENT="ifrågasatta"/><SP WIDTH="20" VPOS="1904" HPOS="924"/>
							<String ID="string_342" HPOS="944" VPOS="1912" WIDTH="257" HEIGHT="28" WC="0.93" CONTENT="gemensamma"/><SP WIDTH="23" VPOS="1912" HPOS="1201"/>
							<String ID="string_343" HPOS="1224" VPOS="1902" WIDTH="113" HEIGHT="30" WC="0.90" CONTENT="rullan"/><SP WIDTH="20" VPOS="1902" HPOS="1337"/>
							<String ID="string_344" HPOS="1357" VPOS="1903" WIDTH="171" HEIGHT="35" WC="0.91" CONTENT="uppgöres"/><SP WIDTH="22" VPOS="1903" HPOS="1528"/>
							<String ID="string_345" HPOS="1550" VPOS="1901" WIDTH="111" HEIGHT="30" WC="0.93" CONTENT="under"/><SP WIDTH="21" VPOS="1901" HPOS="1661"/>
							<String ID="string_346" HPOS="1682" VPOS="1900" WIDTH="130" HEIGHT="30" WC="0.90" CONTENT="överin-"/>
						</TextLine>
						<TextLine ID="line_36" HPOS="309" VPOS="1951" WIDTH="1503" HEIGHT="39">
							<String ID="string_347" HPOS="309" VPOS="1960" WIDTH="125" HEIGHT="29" WC="0.96" CONTENT="seende"/><SP WIDTH="17" VPOS="1960" HPOS="434"/>
							<String ID="string_348" HPOS="451" VPOS="1968" WIDTH="42" HEIGHT="20" WC="0.96" CONTENT="av"/><SP WIDTH="19" VPOS="1968" HPOS="493"/>
							<String ID="string_349" HPOS="512" VPOS="1968" WIDTH="41" HEIGHT="20" WC="0.96" CONTENT="en"/><SP WIDTH="20" VPOS="1968" HPOS="553"/>
							<String ID="string_350" HPOS="573" VPOS="1958" WIDTH="65" HEIGHT="29" WC="0.96" CONTENT="och"/><SP WIDTH="21" VPOS="1958" HPOS="638"/>
							<String ID="string_351" HPOS="659" VPOS="1965" WIDTH="133" HEIGHT="21" WC="0.92" CONTENT="samma"/><SP WIDTH="17" VPOS="1965" HPOS="792"/>
							<String ID="string_352" HPOS="809" VPOS="1954" WIDTH="351" HEIGHT="36" WC="0.91" CONTENT="befattningshavare."/><SP WIDTH="22" VPOS="1954" HPOS="1160"/>
							<String ID="string_353" HPOS="1182" VPOS="1952" WIDTH="209" HEIGHT="35" WC="0.96" CONTENT="Härigenom"/><SP WIDTH="19" VPOS="1952" HPOS="1391"/>
							<String ID="string_354" HPOS="1410" VPOS="1952" WIDTH="109" HEIGHT="29" WC="0.96" CONTENT="skulle"/><SP WIDTH="17" VPOS="1952" HPOS="1519"/>
							<String ID="string_355" HPOS="1536" VPOS="1951" WIDTH="204" HEIGHT="35" WC="0.93" CONTENT="erforderlig"/><SP WIDTH="18" VPOS="1951" HPOS="1740"/>
							<String ID="string_356" HPOS="1758" VPOS="1960" WIDTH="54" HEIGHT="20" WC="0.92" CONTENT="en-"/>
						</TextLine>
						<TextLine ID="line_37" HPOS="311" VPOS="2003" WIDTH="992" HEIGHT="42">
							<String ID="string_357" HPOS="311" VPOS="2010" WIDTH="166" HEIGHT="35" WC="0.91" CONTENT="hetlighet"/><SP WIDTH="20" VPOS="2010" HPOS="477"/>
							<String ID="string_358" HPOS="497" VPOS="2008" WIDTH="10" HEIGHT="29" WC="0.93" CONTENT="i"/><SP WIDTH="22" VPOS="2008" HPOS="507"/>
							<String ID="string_359" HPOS="529" VPOS="2008" WIDTH="131" HEIGHT="29" WC="0.92" CONTENT="rullans"/><SP WIDTH="21" VPOS="2008" HPOS="660"/>
							<String ID="string_360" HPOS="681" VPOS="2006" WIDTH="191" HEIGHT="36" WC="0.96" CONTENT="redigering"/><SP WIDTH="19" VPOS="2006" HPOS="872"/>
							<String ID="string_361" HPOS="891" VPOS="2006" WIDTH="120" HEIGHT="28" WC="0.96" CONTENT="kunna"/><SP WIDTH="21" VPOS="2006" HPOS="1011"/>
							<String ID="string_362" HPOS="1032" VPOS="2003" WIDTH="271" HEIGHT="42" WC="0.95" CONTENT="åstadkommas."/>
						</TextLine>
					</TextBlock>
					<TextBlock ID="block_8" HPOS="358" VPOS="2051" WIDTH="1151" HEIGHT="42">
						<TextLine ID="line_38" HPOS="358" VPOS="2051" WIDTH="1151" HEIGHT="42">
							<String ID="string_363" HPOS="358" VPOS="2060" WIDTH="116" HEIGHT="30" WC="0.95" CONTENT="Under"/><SP WIDTH="24" VPOS="2060" HPOS="474"/>
							<String ID="string_364" HPOS="498" VPOS="2058" WIDTH="220" HEIGHT="35" WC="0.96" CONTENT="åberopande"/><SP WIDTH="21" VPOS="2058" HPOS="718"/>
							<String ID="string_365" HPOS="739" VPOS="2066" WIDTH="42" HEIGHT="21" WC="0.96" CONTENT="av"/><SP WIDTH="22" VPOS="2066" HPOS="781"/>
							<String ID="string_366" HPOS="803" VPOS="2056" WIDTH="56" HEIGHT="30" WC="0.96" CONTENT="det"/><SP WIDTH="21" VPOS="2056" HPOS="859"/>
							<String ID="string_367" HPOS="880" VPOS="2055" WIDTH="149" HEIGHT="30" WC="0.96" CONTENT="anförda"/><SP WIDTH="22" VPOS="2055" HPOS="1029"/>
							<String ID="string_368" HPOS="1051" VPOS="2053" WIDTH="55" HEIGHT="31" WC="0.96" CONTENT="får"/><SP WIDTH="23" VPOS="2053" HPOS="1106"/>
							<String ID="string_369" HPOS="1129" VPOS="2054" WIDTH="166" HEIGHT="29" WC="0.92" CONTENT="utskottet"/><SP WIDTH="21" VPOS="2054" HPOS="1295"/>
							<String ID="string_370" HPOS="1316" VPOS="2051" WIDTH="193" HEIGHT="37" WC="0.91" CONTENT="hemställa,"/>
						</TextLine>
					</TextBlock>
				</ComposedBlock>
				<ComposedBlock ID="cblock_5" HPOS="618" VPOS="2116" WIDTH="1197" HEIGHT="142">
					<TextBlock ID="block_9" HPOS="618" VPOS="2116" WIDTH="1197" HEIGHT="142">
						<TextLine ID="line_39" HPOS="664" VPOS="2116" WIDTH="1151" HEIGHT="42">
							<String ID="string_371" HPOS="664" VPOS="2127" WIDTH="49" HEIGHT="27" WC="0.95" CONTENT="att"/><SP WIDTH="22" VPOS="2127" HPOS="713"/>
							<String ID="string_372" HPOS="735" VPOS="2123" WIDTH="184" HEIGHT="35" WC="0.95" CONTENT="riksdagen"/><SP WIDTH="24" VPOS="2123" HPOS="919"/>
							<String ID="string_373" HPOS="943" VPOS="2121" WIDTH="57" HEIGHT="31" WC="0.95" CONTENT="må"/><SP WIDTH="22" VPOS="2121" HPOS="1000"/>
							<String ID="string_374" HPOS="1022" VPOS="2121" WIDTH="11" HEIGHT="30" WC="0.95" CONTENT="i"/><SP WIDTH="23" VPOS="2121" HPOS="1033"/>
							<String ID="string_375" HPOS="1056" VPOS="2121" WIDTH="164" HEIGHT="30" WC="0.96" CONTENT="skrivelse"/><SP WIDTH="22" VPOS="2121" HPOS="1220"/>
							<String ID="string_376" HPOS="1242" VPOS="2120" WIDTH="50" HEIGHT="30" WC="0.96" CONTENT="till"/><SP WIDTH="26" VPOS="2120" HPOS="1292"/>
							<String ID="string_377" HPOS="1318" VPOS="2119" WIDTH="122" HEIGHT="35" WC="0.95" CONTENT="Kungl."/><SP WIDTH="24" VPOS="2119" HPOS="1440"/>
							<String ID="string_378" HPOS="1464" VPOS="2118" WIDTH="101" HEIGHT="36" WC="0.96" CONTENT="Maj:t"/><SP WIDTH="25" VPOS="2118" HPOS="1565"/>
							<String ID="string_379" HPOS="1590" VPOS="2116" WIDTH="151" HEIGHT="36" WC="0.96" CONTENT="anhålla,"/><SP WIDTH="25" VPOS="2116" HPOS="1741"/>
							<String ID="string_380" HPOS="1766" VPOS="2119" WIDTH="49" HEIGHT="28" WC="0.96" CONTENT="att"/>
						</TextLine>
						<TextLine ID="line_40" HPOS="619" VPOS="2167" WIDTH="1195" HEIGHT="43">
							<String ID="string_381" HPOS="619" VPOS="2175" WIDTH="124" HEIGHT="35" WC="0.94" CONTENT="Kungl."/><SP WIDTH="19" VPOS="2175" HPOS="743"/>
							<String ID="string_382" HPOS="762" VPOS="2173" WIDTH="101" HEIGHT="36" WC="0.96" CONTENT="Maj:t"/><SP WIDTH="19" VPOS="2173" HPOS="863"/>
							<String ID="string_383" HPOS="882" VPOS="2173" WIDTH="78" HEIGHT="29" WC="0.96" CONTENT="ville"/><SP WIDTH="18" VPOS="2173" HPOS="960"/>
							<String ID="string_384" HPOS="978" VPOS="2172" WIDTH="137" HEIGHT="35" WC="0.96" CONTENT="vidtaga"/><SP WIDTH="20" VPOS="2172" HPOS="1115"/>
							<String ID="string_385" HPOS="1135" VPOS="2170" WIDTH="158" HEIGHT="36" WC="0.96" CONTENT="åtgärder"/><SP WIDTH="19" VPOS="2170" HPOS="1293"/>
							<String ID="string_386" HPOS="1312" VPOS="2169" WIDTH="56" HEIGHT="30" WC="0.96" CONTENT="för"/><SP WIDTH="17" VPOS="2169" HPOS="1368"/>
							<String ID="string_387" HPOS="1385" VPOS="2169" WIDTH="234" HEIGHT="36" WC="0.96" CONTENT="upprättande"/><SP WIDTH="19" VPOS="2169" HPOS="1619"/>
							<String ID="string_388" HPOS="1638" VPOS="2177" WIDTH="42" HEIGHT="21" WC="0.96" CONTENT="av"/><SP WIDTH="20" VPOS="2177" HPOS="1680"/>
							<String ID="string_389" HPOS="1700" VPOS="2177" WIDTH="42" HEIGHT="20" WC="0.96" CONTENT="en"/><SP WIDTH="18" VPOS="2177" HPOS="1742"/>
							<String ID="string_390" HPOS="1760" VPOS="2167" WIDTH="54" HEIGHT="29" WC="0.96" CONTENT="för"/>
						</TextLine>
						<TextLine ID="line_41" HPOS="618" VPOS="2219" WIDTH="917" HEIGHT="39">
							<String ID="string_391" HPOS="618" VPOS="2225" WIDTH="80" HEIGHT="30" WC="0.93" CONTENT="hela"/><SP WIDTH="19" VPOS="2225" HPOS="698"/>
							<String ID="string_392" HPOS="717" VPOS="2223" WIDTH="318" HEIGHT="31" WC="0.91" CONTENT="försvarsväsendet"/><SP WIDTH="20" VPOS="2223" HPOS="1035"/>
							<String ID="string_393" HPOS="1055" VPOS="2230" WIDTH="198" HEIGHT="28" WC="0.93" CONTENT="gemensam"/><SP WIDTH="21" VPOS="2230" HPOS="1253"/>
							<String ID="string_394" HPOS="1274" VPOS="2219" WIDTH="261" HEIGHT="37" WC="0.92" CONTENT="personalrulla."/>
						</TextLine>
					</TextBlock>
				</ComposedBlock>
				<ComposedBlock ID="cblock_6" HPOS="310" VPOS="2334" WIDTH="1504" HEIGHT="147">
					<TextBlock ID="block_10" HPOS="310" VPOS="2334" WIDTH="1504" HEIGHT="147">
						<TextLine ID="line_42" HPOS="357" VPOS="2334" WIDTH="1455" HEIGHT="48">
							<String ID="string_395" HPOS="357" VPOS="2343" WIDTH="69" HEIGHT="39" WC="0.86" CONTENT="3:0)"/><SP WIDTH="26" VPOS="2343" HPOS="426"/>
							<String ID="string_396" HPOS="452" VPOS="2344" WIDTH="147" HEIGHT="29" WC="0.96" CONTENT="Arméns"/><SP WIDTH="17" VPOS="2344" HPOS="599"/>
							<String ID="string_397" HPOS="616" VPOS="2341" WIDTH="161" HEIGHT="31" WC="0.93" CONTENT="enskilda"/><SP WIDTH="18" VPOS="2341" HPOS="777"/>
							<String ID="string_398" HPOS="795" VPOS="2340" WIDTH="231" HEIGHT="36" WC="0.92" CONTENT="lägerkassor."/><SP WIDTH="20" VPOS="2340" HPOS="1026"/>
							<String ID="string_399" HPOS="1046" VPOS="2338" WIDTH="117" HEIGHT="30" WC="0.93" CONTENT="Under"/><SP WIDTH="19" VPOS="2338" HPOS="1163"/>
							<String ID="string_400" HPOS="1182" VPOS="2337" WIDTH="437" HEIGHT="35" WC="0.91" CONTENT="försvarsdepartementet,"/><SP WIDTH="19" VPOS="2337" HPOS="1619"/>
							<String ID="string_401" HPOS="1638" VPOS="2335" WIDTH="17" HEIGHT="36" WC="0.93" CONTENT="$"/><SP WIDTH="22" VPOS="2335" HPOS="1655"/>
							<String ID="string_402" HPOS="1677" VPOS="2335" WIDTH="29" HEIGHT="34" WC="0.96" CONTENT="6,"/><SP WIDTH="19" VPOS="2335" HPOS="1706"/>
							<String ID="string_403" HPOS="1725" VPOS="2334" WIDTH="87" HEIGHT="30" WC="0.95" CONTENT="hava"/>
						</TextLine>
						<TextLine ID="line_43" HPOS="310" VPOS="2384" WIDTH="1504" HEIGHT="45">
							<String ID="string_404" HPOS="310" VPOS="2395" WIDTH="215" HEIGHT="30" WC="0.96" CONTENT="revisorerna"/><SP WIDTH="18" VPOS="2395" HPOS="525"/>
							<String ID="string_405" HPOS="543" VPOS="2393" WIDTH="159" HEIGHT="36" WC="0.96" CONTENT="upptagit"/><SP WIDTH="19" VPOS="2393" HPOS="702"/>
							<String ID="string_406" HPOS="721" VPOS="2392" WIDTH="50" HEIGHT="29" WC="0.96" CONTENT="till"/><SP WIDTH="18" VPOS="2392" HPOS="771"/>
							<String ID="string_407" HPOS="789" VPOS="2390" WIDTH="211" HEIGHT="35" WC="0.96" CONTENT="behandling"/><SP WIDTH="19" VPOS="2390" HPOS="1000"/>
							<String ID="string_408" HPOS="1019" VPOS="2388" WIDTH="124" HEIGHT="36" WC="0.96" CONTENT="frågan"/><SP WIDTH="20" VPOS="2388" HPOS="1143"/>
							<String ID="string_409" HPOS="1163" VPOS="2397" WIDTH="58" HEIGHT="20" WC="0.96" CONTENT="om"/><SP WIDTH="20" VPOS="2397" HPOS="1221"/>
							<String ID="string_410" HPOS="1241" VPOS="2386" WIDTH="263" HEIGHT="36" WC="0.96" CONTENT="redovisningen"/><SP WIDTH="21" VPOS="2386" HPOS="1504"/>
							<String ID="string_411" HPOS="1525" VPOS="2395" WIDTH="42" HEIGHT="21" WC="0.96" CONTENT="av"/><SP WIDTH="20" VPOS="2395" HPOS="1567"/>
							<String ID="string_412" HPOS="1587" VPOS="2386" WIDTH="66" HEIGHT="29" WC="0.90" CONTENT="och"/><SP WIDTH="21" VPOS="2386" HPOS="1653"/>
							<String ID="string_413" HPOS="1674" VPOS="2384" WIDTH="140" HEIGHT="30" WC="0.90" CONTENT="förvalt-"/>
						</TextLine>
						<TextLine ID="line_44" HPOS="310" VPOS="2434" WIDTH="1504" HEIGHT="47">
							<String ID="string_414" HPOS="310" VPOS="2445" WIDTH="127" HEIGHT="36" WC="0.96" CONTENT="ningen"/><SP WIDTH="19" VPOS="2445" HPOS="437"/>
							<String ID="string_415" HPOS="456" VPOS="2444" WIDTH="56" HEIGHT="30" WC="0.96" CONTENT="vid"/><SP WIDTH="20" VPOS="2444" HPOS="512"/>
							<String ID="string_416" HPOS="532" VPOS="2443" WIDTH="136" HEIGHT="31" WC="0.96" CONTENT="arméns"/><SP WIDTH="20" VPOS="2443" HPOS="668"/>
							<String ID="string_417" HPOS="688" VPOS="2441" WIDTH="156" HEIGHT="31" WC="0.93" CONTENT="enskilda"/><SP WIDTH="20" VPOS="2441" HPOS="844"/>
							<String ID="string_418" HPOS="864" VPOS="2441" WIDTH="225" HEIGHT="35" WC="0.92" CONTENT="lägerkassor."/><SP WIDTH="45" VPOS="2441" HPOS="1089"/>
							<String ID="string_419" HPOS="1134" VPOS="2439" WIDTH="13" HEIGHT="29" WC="0.90" CONTENT="I"/><SP WIDTH="21" VPOS="2439" HPOS="1147"/>
							<String ID="string_420" HPOS="1168" VPOS="2437" WIDTH="170" HEIGHT="31" WC="0.96" CONTENT="samband"/><SP WIDTH="20" VPOS="2437" HPOS="1338"/>
							<String ID="string_421" HPOS="1358" VPOS="2437" WIDTH="146" HEIGHT="30" WC="0.96" CONTENT="härmed"/><SP WIDTH="19" VPOS="2437" HPOS="1504"/>
							<String ID="string_422" HPOS="1523" VPOS="2437" WIDTH="91" HEIGHT="29" WC="0.96" CONTENT="hava"/><SP WIDTH="20" VPOS="2437" HPOS="1614"/>
							<String ID="string_423" HPOS="1634" VPOS="2434" WIDTH="180" HEIGHT="30" WC="0.88" CONTENT="revisorer-"/>
						</TextLine>
					</TextBlock>
				</ComposedBlock>
			</PrintSpace>
		</Page>
	</Layout>
</alto>
