2233 2610
698 170 279 36 Statsutskottets
999 172 167 32 utlåtande
1192 173 49 31 Nr
1263 175 70 30 100.
1753 176 19 29 9

227 254 218 49 åtnjutande
486 256 41 36 af
568 256 61 36 lån
675 257 82 36 från
789 257 136 37 fonden
954 258 10 35 i
994 258 97 36 hvad
1121 258 207 38 detsamma
1355 259 129 49 skiljer
1513 259 62 50 sig
1603 260 81 37 från
1714 260 98 37 hvad

225 305 142 49 Kungl.
397 307 105 48 Maj:t
531 308 207 48 föreslagit.

331 358 48 36 På
408 359 123 46 grund
562 359 41 36 af
627 360 98 36 hvad
755 360 157 37 sålunda
941 361 141 37 anförts
1111 362 56 36 får
1194 363 183 36 utskottet
1405 363 208 47 hemställa,

725 468 52 31 att
801 462 227 50 Riksdagen,
1048 464 12 36 i
1081 465 204 49 anledning
1305 466 40 35 af
1365 466 139 49 Kungl.
1527 466 127 48 Maj:ts
1673 480 136 37 propo-

620 514 112 37 sition
771 515 68 37 och
874 515 70 37 den
971 516 41 36 af
1037 516 85 36 herr
1148 517 181 36 Fränckel
1358 518 133 36 väckta
1518 518 203 47 motionen,
1751 522 59 33 må

722 565 33 49 a)
792 567 74 36 dels
902 567 152 46 besluta,
1094 573 53 31 att
1184 568 58 36 för
1278 574 54 31 att
1360 569 210 37 underlätta
1603 570 208 37 åstadkom-

618 617 150 37 mandet
796 618 41 36 af
860 618 156 37 bibanor
1043 619 102 37 inom
1174 625 125 31 västra
1328 620 150 37 delarna
1506 621 41 36 af
1570 621 236 44 Värmlands,

618 669 269 50 Kopparbergs
922 670 67 37 och
1017 671 214 36 Jämtlands
1260 672 61 35 län
1350 679 96 29 samt
1474 672 102 37 delar
1603 673 41 36 af
1666 673 143 37 Bohus-

617 721 61 36 län
707 722 69 36 och
804 722 178 36 Dalsland
1011 723 95 36 skall
1134 723 119 37 bildas
1282 737 46 23 en
1347 724 175 37 lånefond
1544 724 41 36 af
1605 726 203 47 5,000,000

617 772 140 37 kronor
785 779 53 30 att
867 774 153 36 afsättas
1049 775 119 36 under
1195 775 72 36 fem
1294 778 40 33 år
1352 776 83 36 från
1455 777 69 35 och
1544 776 84 37 med
1649 779 40 34 år
1710 779 98 35 1912

617 824 83 36 med
731 826 197 46 1,000,000
956 826 137 36 kronor
1122 826 153 48 årligen,
1304 827 96 36 dock
1429 831 40 32 så
1489 833 53 31 att
1562 828 147 50 belopp,
1727 842 80 23 som

616 876 33 48 ej
678 876 125 36 blifvit
831 876 57 36 till
915 878 187 48 utgående
1129 879 119 36 under
1276 884 53 30 ett
1357 878 40 36 af
1421 878 107 37 dessa
1557 882 40 33 år
1625 880 181 46 anvisadt,

615 930 59 33 må
719 928 58 36 för
822 933 53 31 ett
903 929 263 49 efterföljande
1211 933 40 33 år
1295 930 42 36 af
1366 944 139 22 samma
1535 931 271 50 femårsperiod

615 979 229 49 disponeras,
883 981 82 35 med
998 986 73 31 rätt
1100 982 58 35 för
1186 981 140 49 Kungl.
1356 982 105 49 Maj:t
1489 988 53 31 att
1572 983 82 36 från
1682 984 122 37 denna

614 1031 91 36 fond
744 1032 130 36 anvisa
912 1033 155 35 statslån
1096 1032 55 37 till
1180 1033 316 49 understödjande
1524 1035 42 36 af
1591 1048 85 36 nya,
1705 1041 100 31 ännu

614 1083 31 49 ej
676 1082 203 51 påbörjade
908 1084 169 36 enskilda
1100 1084 477 51 järnvägsanläggningar,
1599 1100 59 23 om
1678 1086 127 38 hvilka

613 1134 68 36 här
708 1139 41 31 är
776 1136 125 48 fråga;

716 1185 37 49 b)
797 1188 75 35 dels
912 1188 56 35 för
1008 1187 212 49 afsättning
1261 1188 55 36 till
1349 1189 154 37 berörda
1545 1190 91 37 fond
1666 1190 137 50 bevilja

614 1243 53 31 ett
695 1238 135 49 anslag
858 1239 57 36 för
943 1242 38 32 år
1012 1241 96 34 1912
1137 1240 42 35 af
1206 1241 201 46 1,000,000
1434 1241 149 37 kronor.

715 1288 33 49 c)
786 1290 76 36 dels
882 1290 70 36 ock
971 1290 225 37 föreskrifva
1216 1292 162 46 följande
1398 1292 135 37 villkor
1552 1293 70 36 och
1642 1293 160 37 bestäm-

612 1341 135 36 melser
775 1341 59 36 för
863 1341 216 49 åtnjutande
1107 1342 41 36 af
1172 1343 60 36 lån
1260 1343 82 36 från
1369 1343 287 50 ifrågavarande
1697 1345 104 36 fond:

319 1439 71 49 1:o0)
433 1441 182 38 Behofvet
666 1444 41 35 af
753 1444 317 50 banbyggnaden,
1100 1446 176 36 särskildt
1319 1446 84 38 dess
1443 1447 81 37 vikt
1564 1448 12 36 i
1618 1448 182 37 national-

213 1491 237 37 ekonomiskt
496 1494 224 49 hänseende,
767 1496 96 37 skall
903 1510 135 35 genom
1081 1498 344 37 tillfredsställande
1466 1499 204 50 utredning
1710 1514 89 23 vara

211 1542 238 51 ådagalagdt.

315 1596 74 48 2:0)
416 1597 197 49 Förslaget
653 1598 56 37 till
751 1599 317 50 banbyggnaden,
1111 1615 80 22 som
1234 1601 68 38 bör
1330 1602 77 37 afse
1435 1605 41 33 så
1503 1603 109 49 billig
1639 1604 160 49 anlägg-

210 1646 104 49 ning,
358 1660 80 24 som
479 1654 41 30 är
560 1650 163 49 förenlig
764 1651 85 37 med
890 1652 70 36 den
1000 1652 154 50 uppgift
1182 1653 307 50 banbyggnaden
1517 1655 69 36 har
1612 1660 54 31 att
1694 1656 103 48 fylla,

210 1698 95 36 skall
333 1712 88 23 vara
448 1701 210 49 uppgjordt
686 1702 119 49 enligt
834 1703 173 37 tekniska
1034 1704 293 48 bestämmelser,
1356 1719 79 23 som
1465 1706 40 36 af
1529 1706 141 49 Kungl.
1691 1707 106 49 Maj:t

207 1750 233 48 godkännas.

313 1802 73 49 3:0)
416 1804 373 50 Kostnadsförslaget
818 1806 69 36 och
915 1806 45 36 de
986 1807 339 50 undersökningar,
1349 1808 142 49 hvarpå
1510 1808 103 37 detta
1631 1810 166 47 grundar

208 1853 72 48 sig,
309 1854 105 37 skola
442 1868 87 23 vara
558 1859 39 33 så
627 1857 257 49 omsorgsfullt
902 1858 133 49 gjorda
1055 1859 70 36 och
1145 1862 41 33 så
1205 1860 272 49 specificerade,
1497 1865 55 32 att
1571 1860 226 50 fullständig

207 1904 156 50 ledning
403 1906 109 37 däraf
547 1907 73 36 kan
663 1908 157 37 erhållas
850 1910 58 36 för
936 1910 231 38 bedömande
1195 1913 41 35 af
1261 1912 71 37 den
1360 1912 210 37 beräknade
1599 1913 196 36 kostnads-

207 1969 190 25 summans
425 1959 277 50 tillräcklighet.

309 2008 74 49 4:0)
411 2009 335 51 Kostnadsförslag
774 2013 69 36 och
872 2013 211 49 arbetsplan
1111 2014 105 36 skola
1235 2015 203 37 fastställas
1458 2016 40 35 af
1512 2016 141 48 Kungl.
1676 2016 117 49 Maj:t,

206 2072 80 24 som
316 2061 69 35 ock
414 2067 169 32 närmare
611 2063 226 37 bestämmer
864 2064 45 36 de
936 2064 144 48 ställen,
1110 2065 128 36 hvilka
1260 2066 166 49 järnväg
1444 2067 94 36 skall
1557 2067 146 44 beröra;
1724 2068 70 36 och

205 2116 40 31 är
285 2111 62 37 det
388 2113 166 37 sökande
583 2114 150 49 bolaget
762 2115 168 48 skyldigt
958 2121 53 31 att
1040 2116 188 49 godtgöra
1256 2117 44 36 de
1328 2118 183 36 särskilda
1538 2118 255 37 kostnaderna

205 2163 57 36 för
289 2163 182 49 möjligen
499 2165 244 48 erforderliga
771 2166 506 50 kontrollundersökningar,
1307 2168 272 50 besiktningar,
1609 2176 104 30 extra
1737 2170 55 37 bi-

204 2215 151 36 trädens
384 2216 244 37 användande
656 2217 82 37 med
768 2232 100 22 mera
897 2219 130 48 dylikt,
1057 2219 128 36 hvilka
1204 2220 127 37 kunna
1349 2221 42 37 af
1406 2221 384 49 kostnadsförslagets

204 2268 68 36 och
302 2267 283 50 arbetsplanens
615 2270 240 49 granskning
883 2270 221 37 föranledas.

287 2330 115 36 Bihang
426 2330 44 29 till
494 2330 101 30 Riksd.
616 2333 76 34 prot.
716 2332 92 29 1911.
853 2333 18 27 4
895 2331 89 30 Saml.
1030 2333 16 28 1
1072 2333 71 36 Afd.
1188 2336 40 26 83
1253 2334 87 36 Häft.
1725 2338 17 26 2
