<?xml version="1.0" encoding="UTF-8"?>
<alto xmlns="http://www.loc.gov/standards/alto/ns-v3#" xmlns:xlink="http://www.w3.org/1999/xlink" xmlns:xsi="http://www.w3.org/2001/XMLSchema-instance" xsi:schemaLocation="http://www.loc.gov/standards/alto/ns-v3# http://www.loc.gov/alto/v3/alto-3-0.xsd">
	<Description>
		<MeasurementUnit>pixel</MeasurementUnit>
		<sourceImageInformation>
			<fileName>/tmp/tess_t8qiz1jt_input.PNG</fileName>
		</sourceImageInformation>
		<OCRProcessing ID="OCR_0">
			<ocrProcessingStep>
				<processingSoftware>
					<softwareName>tesseract 5.3.0</softwareName>
				</processingSoftware>
			</ocrProcessingStep>
		</OCRProcessing>
	</Description>
	<Layout>
		<Page WIDTH="2203" HEIGHT="2675" PHYSICAL_IMG_NR="0" ID="page_0">
			<PrintSpace HPOS="0" VPOS="0" WIDTH="2203" HEIGHT="2675">
				<ComposedBlock ID="cblock_0" HPOS="689" VPOS="161" WIDTH="1099" HEIGHT="33">
					<TextBlock ID="block_0" HPOS="689" VPOS="161" WIDTH="1099" HEIGHT="33">
						<TextLine ID="line_0" HPOS="689" VPOS="161" WIDTH="1099" HEIGHT="33">
							<String ID="string_0" HPOS="689" VPOS="161" WIDTH="346" HEIGHT="32" WC="0.91" CONTENT="Jordbruksutskottets"/><SP WIDTH="23" VPOS="161" HPOS="1035"/>
							<String ID="string_1" HPOS="1058" VPOS="161" WIDTH="163" HEIGHT="33" WC="0.95" CONTENT="utlåtande"/><SP WIDTH="24" VPOS="161" HPOS="1221"/>
							<String ID="string_2" HPOS="1245" VPOS="163" WIDTH="51" HEIGHT="30" WC="0.94" CONTENT="Nr"/><SP WIDTH="23" VPOS="163" HPOS="1296"/>
							<String ID="string_3" HPOS="1319" VPOS="162" WIDTH="51" HEIGHT="31" WC="0.93" CONTENT="96."/><SP WIDTH="402" VPOS="162" HPOS="1370"/>
							<String ID="string_4" HPOS="1772" VPOS="163" WIDTH="16" HEIGHT="31" WC="0.96" CONTENT="1"/>
						</TextLine>
					</TextBlock>
				</ComposedBlock>
				<ComposedBlock ID="cblock_1" HPOS="802" VPOS="639" WIDTH="960" HEIGHT="194">
					<TextBlock ID="block_1" HPOS="802" VPOS="639" WIDTH="960" HEIGHT="194">
						<TextLine ID="line_1" HPOS="956" VPOS="639" WIDTH="152" HEIGHT="40">
							<String ID="string_5" HPOS="956" VPOS="639" WIDTH="57" HEIGHT="39" WC="0.95" CONTENT="Nr"/><SP WIDTH="28" VPOS="639" HPOS="1013"/>
							<String ID="string_6" HPOS="1041" VPOS="639" WIDTH="67" HEIGHT="40" WC="0.96" CONTENT="96."/>
						</TextLine>
						<TextLine ID="line_2" HPOS="802" VPOS="795" WIDTH="960" HEIGHT="38">
							<String ID="string_7" HPOS="802" VPOS="795" WIDTH="111" HEIGHT="28" WC="0.96" CONTENT="Ankom"/><SP WIDTH="20" VPOS="795" HPOS="913"/>
							<String ID="string_8" HPOS="933" VPOS="796" WIDTH="43" HEIGHT="27" WC="0.94" CONTENT="till"/><SP WIDTH="19" VPOS="796" HPOS="976"/>
							<String ID="string_9" HPOS="995" VPOS="796" WIDTH="178" HEIGHT="37" WC="0.96" CONTENT="Riksdagens"/><SP WIDTH="18" VPOS="796" HPOS="1173"/>
							<String ID="string_10" HPOS="1191" VPOS="796" WIDTH="94" HEIGHT="28" WC="0.95" CONTENT="kansli"/><SP WIDTH="19" VPOS="796" HPOS="1285"/>
							<String ID="string_11" HPOS="1304" VPOS="797" WIDTH="52" HEIGHT="27" WC="0.96" CONTENT="den"/><SP WIDTH="22" VPOS="797" HPOS="1356"/>
							<String ID="string_12" HPOS="1378" VPOS="798" WIDTH="31" HEIGHT="26" WC="0.71" CONTENT="15"/><SP WIDTH="20" VPOS="798" HPOS="1409"/>
							<String ID="string_13" HPOS="1429" VPOS="798" WIDTH="55" HEIGHT="34" WC="0.96" CONTENT="maj"/><SP WIDTH="22" VPOS="798" HPOS="1484"/>
							<String ID="string_14" HPOS="1506" VPOS="799" WIDTH="66" HEIGHT="25" WC="0.96" CONTENT="1912"/><SP WIDTH="19" VPOS="799" HPOS="1572"/>
							<String ID="string_15" HPOS="1591" VPOS="798" WIDTH="38" HEIGHT="27" WC="0.96" CONTENT="kl."/><SP WIDTH="20" VPOS="798" HPOS="1629"/>
							<String ID="string_16" HPOS="1649" VPOS="800" WIDTH="15" HEIGHT="24" WC="0.92" CONTENT="2"/><SP WIDTH="20" VPOS="800" HPOS="1664"/>
							<String ID="string_17" HPOS="1684" VPOS="809" WIDTH="22" HEIGHT="17" WC="0.90" CONTENT="e."/><SP WIDTH="21" VPOS="809" HPOS="1706"/>
							<String ID="string_18" HPOS="1727" VPOS="809" WIDTH="35" HEIGHT="17" WC="0.78" CONTENT="m."/>
						</TextLine>
					</TextBlock>
				</ComposedBlock>
				<ComposedBlock ID="cblock_2" HPOS="439" VPOS="937" WIDTH="1391" HEIGHT="176">
					<TextBlock ID="block_2" HPOS="439" VPOS="937" WIDTH="1391" HEIGHT="176">
						<TextLine ID="line_3" HPOS="439" VPOS="937" WIDTH="1391" HEIGHT="50">
							<String ID="string_19" HPOS="439" VPOS="937" WIDTH="206" HEIGHT="43" WC="0.92" CONTENT="Utlåtande,"/><SP WIDTH="30" VPOS="937" HPOS="645"/>
							<String ID="string_20" HPOS="675" VPOS="938" WIDTH="14" HEIGHT="34" WC="0.96" CONTENT="i"/><SP WIDTH="28" VPOS="938" HPOS="689"/>
							<String ID="string_21" HPOS="717" VPOS="938" WIDTH="197" HEIGHT="45" WC="0.95" CONTENT="anledning"/><SP WIDTH="29" VPOS="938" HPOS="914"/>
							<String ID="string_22" HPOS="943" VPOS="938" WIDTH="44" HEIGHT="43" WC="0.96" CONTENT="af"/><SP WIDTH="26" VPOS="938" HPOS="987"/>
							<String ID="string_23" HPOS="1013" VPOS="939" WIDTH="137" HEIGHT="45" WC="0.92" CONTENT="Kungl."/><SP WIDTH="30" VPOS="939" HPOS="1150"/>
							<String ID="string_24" HPOS="1180" VPOS="939" WIDTH="133" HEIGHT="44" WC="0.93" CONTENT="Maj:ts"/><SP WIDTH="22" VPOS="939" HPOS="1313"/>
							<String ID="string_25" HPOS="1335" VPOS="942" WIDTH="229" HEIGHT="43" WC="0.96" CONTENT="proposition"/><SP WIDTH="28" VPOS="942" HPOS="1564"/>
							<String ID="string_26" HPOS="1592" VPOS="942" WIDTH="79" HEIGHT="34" WC="0.96" CONTENT="med"/><SP WIDTH="22" VPOS="942" HPOS="1671"/>
							<String ID="string_27" HPOS="1693" VPOS="942" WIDTH="137" HEIGHT="45" WC="0.95" CONTENT="förslag"/>
						</TextLine>
						<TextLine ID="line_4" HPOS="635" VPOS="1007" WIDTH="1193" HEIGHT="49">
							<String ID="string_28" HPOS="635" VPOS="1007" WIDTH="56" HEIGHT="35" WC="0.92" CONTENT="till"/><SP WIDTH="43" VPOS="1007" HPOS="691"/>
							<String ID="string_29" HPOS="734" VPOS="1008" WIDTH="57" HEIGHT="44" WC="0.96" CONTENT="lag"/><SP WIDTH="43" VPOS="1008" HPOS="791"/>
							<String ID="string_30" HPOS="834" VPOS="1019" WIDTH="54" HEIGHT="23" WC="0.93" CONTENT="om"/><SP WIDTH="42" VPOS="1019" HPOS="888"/>
							<String ID="string_31" HPOS="930" VPOS="1011" WIDTH="73" HEIGHT="32" WC="0.55" CONTENT="rätt"/><SP WIDTH="38" VPOS="1011" HPOS="1003"/>
							<String ID="string_32" HPOS="1041" VPOS="1009" WIDTH="57" HEIGHT="35" WC="0.96" CONTENT="till"/><SP WIDTH="30" VPOS="1009" HPOS="1098"/>
							<String ID="string_33" HPOS="1128" VPOS="1009" WIDTH="85" HEIGHT="43" WC="0.96" CONTENT="jakt"/><SP WIDTH="26" VPOS="1009" HPOS="1213"/>
							<String ID="string_34" HPOS="1239" VPOS="1008" WIDTH="187" HEIGHT="45" WC="0.96" CONTENT="äfvensom"/><SP WIDTH="29" VPOS="1008" HPOS="1426"/>
							<String ID="string_35" HPOS="1455" VPOS="1011" WIDTH="184" HEIGHT="45" WC="0.95" CONTENT="åtskilliga"/><SP WIDTH="29" VPOS="1011" HPOS="1639"/>
							<String ID="string_36" HPOS="1668" VPOS="1013" WIDTH="13" HEIGHT="33" WC="0.96" CONTENT="i"/><SP WIDTH="29" VPOS="1013" HPOS="1681"/>
							<String ID="string_37" HPOS="1710" VPOS="1015" WIDTH="118" HEIGHT="33" WC="0.96" CONTENT="ämnet"/>
						</TextLine>
						<TextLine ID="line_5" HPOS="633" VPOS="1078" WIDTH="341" HEIGHT="35">
							<String ID="string_38" HPOS="633" VPOS="1078" WIDTH="129" HEIGHT="34" WC="0.96" CONTENT="väckta"/><SP WIDTH="28" VPOS="1078" HPOS="762"/>
							<String ID="string_39" HPOS="790" VPOS="1079" WIDTH="184" HEIGHT="34" WC="0.96" CONTENT="motioner."/>
						</TextLine>
					</TextBlock>
				</ComposedBlock>
				<ComposedBlock ID="cblock_3" HPOS="229" VPOS="1179" WIDTH="1602" HEIGHT="365">
					<TextBlock ID="block_3" HPOS="229" VPOS="1179" WIDTH="1602" HEIGHT="258">
						<TextLine ID="line_6" HPOS="360" VPOS="1179" WIDTH="1468" HEIGHT="53">
							<String ID="string_40" HPOS="360" VPOS="1179" WIDTH="17" HEIGHT="37" WC="0.95" CONTENT="I"/><SP WIDTH="29" VPOS="1179" HPOS="377"/>
							<String ID="string_41" HPOS="406" VPOS="1193" WIDTH="46" HEIGHT="23" WC="0.95" CONTENT="en"/><SP WIDTH="42" VPOS="1193" HPOS="452"/>
							<String ID="string_42" HPOS="494" VPOS="1180" WIDTH="57" HEIGHT="36" WC="0.95" CONTENT="till"/><SP WIDTH="40" VPOS="1180" HPOS="551"/>
							<String ID="string_43" HPOS="591" VPOS="1179" WIDTH="217" HEIGHT="50" WC="0.96" CONTENT="Riksdagen"/><SP WIDTH="43" VPOS="1179" HPOS="808"/>
							<String ID="string_44" HPOS="851" VPOS="1180" WIDTH="72" HEIGHT="37" WC="0.96" CONTENT="den"/><SP WIDTH="42" VPOS="1180" HPOS="923"/>
							<String ID="string_45" HPOS="965" VPOS="1183" WIDTH="46" HEIGHT="34" WC="0.95" CONTENT="29"/><SP WIDTH="43" VPOS="1183" HPOS="1011"/>
							<String ID="string_46" HPOS="1054" VPOS="1195" WIDTH="99" HEIGHT="23" WC="0.96" CONTENT="mars"/><SP WIDTH="37" VPOS="1195" HPOS="1153"/>
							<String ID="string_47" HPOS="1190" VPOS="1183" WIDTH="97" HEIGHT="35" WC="0.93" CONTENT="1912"/><SP WIDTH="44" VPOS="1183" HPOS="1287"/>
							<String ID="string_48" HPOS="1331" VPOS="1182" WIDTH="150" HEIGHT="49" WC="0.90" CONTENT="aflåten,"/><SP WIDTH="43" VPOS="1182" HPOS="1481"/>
							<String ID="string_49" HPOS="1524" VPOS="1183" WIDTH="58" HEIGHT="36" WC="0.93" CONTENT="till"/><SP WIDTH="23" VPOS="1183" HPOS="1582"/>
							<String ID="string_50" HPOS="1605" VPOS="1184" WIDTH="223" HEIGHT="48" WC="0.92" CONTENT="jordbruks-"/>
						</TextLine>
						<TextLine ID="line_7" HPOS="230" VPOS="1232" WIDTH="1599" HEIGHT="52">
							<String ID="string_51" HPOS="230" VPOS="1232" WIDTH="205" HEIGHT="36" WC="0.96" CONTENT="utskottets"/><SP WIDTH="42" VPOS="1232" HPOS="435"/>
							<String ID="string_52" HPOS="477" VPOS="1232" WIDTH="270" HEIGHT="37" WC="0.96" CONTENT="förberedande"/><SP WIDTH="40" VPOS="1232" HPOS="747"/>
							<String ID="string_53" HPOS="787" VPOS="1232" WIDTH="233" HEIGHT="50" WC="0.96" CONTENT="behandling"/><SP WIDTH="40" VPOS="1232" HPOS="1020"/>
							<String ID="string_54" HPOS="1060" VPOS="1233" WIDTH="184" HEIGHT="37" WC="0.95" CONTENT="hänvisad"/><SP WIDTH="41" VPOS="1233" HPOS="1244"/>
							<String ID="string_55" HPOS="1285" VPOS="1235" WIDTH="245" HEIGHT="48" WC="0.95" CONTENT="proposition,"/><SP WIDTH="43" VPOS="1235" HPOS="1530"/>
							<String ID="string_56" HPOS="1573" VPOS="1250" WIDTH="44" HEIGHT="22" WC="0.78" CONTENT="ar"/><SP WIDTH="43" VPOS="1250" HPOS="1617"/>
							<String ID="string_57" HPOS="1660" VPOS="1238" WIDTH="59" HEIGHT="46" WC="0.92" CONTENT="98,"/><SP WIDTH="42" VPOS="1238" HPOS="1719"/>
							<String ID="string_58" HPOS="1761" VPOS="1236" WIDTH="68" HEIGHT="37" WC="0.95" CONTENT="har"/>
						</TextLine>
						<TextLine ID="line_8" HPOS="230" VPOS="1283" WIDTH="1601" HEIGHT="53">
							<String ID="string_59" HPOS="230" VPOS="1283" WIDTH="143" HEIGHT="49" WC="0.93" CONTENT="Kungl."/><SP WIDTH="30" VPOS="1283" HPOS="373"/>
							<String ID="string_60" HPOS="403" VPOS="1284" WIDTH="108" HEIGHT="49" WC="0.96" CONTENT="Maj:t"/><SP WIDTH="27" VPOS="1284" HPOS="511"/>
							<String ID="string_61" HPOS="538" VPOS="1284" WIDTH="119" HEIGHT="36" WC="0.96" CONTENT="under"/><SP WIDTH="29" VPOS="1284" HPOS="657"/>
							<String ID="string_62" HPOS="686" VPOS="1284" WIDTH="236" HEIGHT="49" WC="0.96" CONTENT="åberopande"/><SP WIDTH="28" VPOS="1284" HPOS="922"/>
							<String ID="string_63" HPOS="950" VPOS="1286" WIDTH="41" HEIGHT="35" WC="0.91" CONTENT="af"/><SP WIDTH="25" VPOS="1286" HPOS="991"/>
							<String ID="string_64" HPOS="1016" VPOS="1285" WIDTH="151" HEIGHT="49" WC="0.91" CONTENT="bilagda"/><SP WIDTH="20" VPOS="1285" HPOS="1167"/>
							<String ID="string_65" HPOS="1187" VPOS="1286" WIDTH="12" HEIGHT="35" WC="0.96" CONTENT="i"/><SP WIDTH="20" VPOS="1286" HPOS="1199"/>
							<String ID="string_66" HPOS="1219" VPOS="1287" WIDTH="203" HEIGHT="36" WC="0.96" CONTENT="statsrådet"/><SP WIDTH="20" VPOS="1287" HPOS="1422"/>
							<String ID="string_67" HPOS="1442" VPOS="1287" WIDTH="70" HEIGHT="36" WC="0.96" CONTENT="och"/><SP WIDTH="18" VPOS="1287" HPOS="1512"/>
							<String ID="string_68" HPOS="1530" VPOS="1288" WIDTH="174" HEIGHT="48" WC="0.96" CONTENT="lagrådet"/><SP WIDTH="20" VPOS="1288" HPOS="1704"/>
							<String ID="string_69" HPOS="1724" VPOS="1289" WIDTH="107" HEIGHT="36" WC="0.96" CONTENT="förda"/>
						</TextLine>
						<TextLine ID="line_9" HPOS="230" VPOS="1336" WIDTH="1598" HEIGHT="54">
							<String ID="string_70" HPOS="230" VPOS="1336" WIDTH="191" HEIGHT="49" WC="0.96" CONTENT="protokoll"/><SP WIDTH="27" VPOS="1336" HPOS="421"/>
							<String ID="string_71" HPOS="448" VPOS="1336" WIDTH="199" HEIGHT="48" WC="0.96" CONTENT="föreslagit"/><SP WIDTH="28" VPOS="1336" HPOS="647"/>
							<String ID="string_72" HPOS="675" VPOS="1336" WIDTH="219" HEIGHT="49" WC="0.96" CONTENT="Riksdagen"/><SP WIDTH="29" VPOS="1336" HPOS="894"/>
							<String ID="string_73" HPOS="923" VPOS="1344" WIDTH="139" HEIGHT="41" WC="0.95" CONTENT="antaga"/><SP WIDTH="28" VPOS="1344" HPOS="1062"/>
							<String ID="string_74" HPOS="1090" VPOS="1337" WIDTH="123" HEIGHT="37" WC="0.95" CONTENT="nedan"/><SP WIDTH="29" VPOS="1337" HPOS="1213"/>
							<String ID="string_75" HPOS="1242" VPOS="1338" WIDTH="158" HEIGHT="49" WC="0.96" CONTENT="intagna"/><SP WIDTH="27" VPOS="1338" HPOS="1400"/>
							<String ID="string_76" HPOS="1427" VPOS="1339" WIDTH="145" HEIGHT="49" WC="0.96" CONTENT="förslag"/><SP WIDTH="28" VPOS="1339" HPOS="1572"/>
							<String ID="string_77" HPOS="1600" VPOS="1340" WIDTH="56" HEIGHT="36" WC="0.96" CONTENT="till"/><SP WIDTH="28" VPOS="1340" HPOS="1656"/>
							<String ID="string_78" HPOS="1684" VPOS="1341" WIDTH="64" HEIGHT="49" WC="0.96" CONTENT="lag"/><SP WIDTH="20" VPOS="1341" HPOS="1748"/>
							<String ID="string_79" HPOS="1768" VPOS="1354" WIDTH="60" HEIGHT="23" WC="0.97" CONTENT="om"/>
						</TextLine>
						<TextLine ID="line_10" HPOS="229" VPOS="1388" WIDTH="280" HEIGHT="49">
							<String ID="string_80" HPOS="229" VPOS="1392" WIDTH="78" HEIGHT="32" WC="0.96" CONTENT="rätt"/><SP WIDTH="28" VPOS="1392" HPOS="307"/>
							<String ID="string_81" HPOS="335" VPOS="1388" WIDTH="56" HEIGHT="36" WC="0.96" CONTENT="till"/><SP WIDTH="23" VPOS="1388" HPOS="391"/>
							<String ID="string_82" HPOS="414" VPOS="1388" WIDTH="95" HEIGHT="49" WC="0.92" CONTENT="jakt."/>
						</TextLine>
					</TextBlock>
					<TextBlock ID="block_4" HPOS="233" VPOS="1440" WIDTH="1594" HEIGHT="104">
						<TextLine ID="line_11" HPOS="360" VPOS="1440" WIDTH="1467" HEIGHT="54">
							<String ID="string_83" HPOS="360" VPOS="1440" WIDTH="239" HEIGHT="37" WC="0.96" CONTENT="Beträffande"/><SP WIDTH="29" VPOS="1440" HPOS="599"/>
							<String ID="string_84" HPOS="628" VPOS="1441" WIDTH="46" HEIGHT="36" WC="0.96" CONTENT="de"/><SP WIDTH="28" VPOS="1441" HPOS="674"/>
							<String ID="string_85" HPOS="702" VPOS="1441" WIDTH="94" HEIGHT="47" WC="0.96" CONTENT="skäl,"/><SP WIDTH="30" VPOS="1441" HPOS="796"/>
							<String ID="string_86" HPOS="826" VPOS="1454" WIDTH="78" HEIGHT="23" WC="0.96" CONTENT="som"/><SP WIDTH="30" VPOS="1454" HPOS="904"/>
							<String ID="string_87" HPOS="934" VPOS="1442" WIDTH="106" HEIGHT="48" WC="0.95" CONTENT="ligga"/><SP WIDTH="28" VPOS="1442" HPOS="1040"/>
							<String ID="string_88" HPOS="1068" VPOS="1441" WIDTH="56" HEIGHT="36" WC="0.96" CONTENT="till"/><SP WIDTH="20" VPOS="1441" HPOS="1124"/>
							<String ID="string_89" HPOS="1144" VPOS="1442" WIDTH="124" HEIGHT="48" WC="0.96" CONTENT="grund"/><SP WIDTH="21" VPOS="1442" HPOS="1268"/>
							<String ID="string_90" HPOS="1289" VPOS="1443" WIDTH="57" HEIGHT="36" WC="0.96" CONTENT="för"/><SP WIDTH="19" VPOS="1443" HPOS="1346"/>
							<String ID="string_91" HPOS="1365" VPOS="1443" WIDTH="287" HEIGHT="49" WC="0.95" CONTENT="ifrågavarande"/><SP WIDTH="19" VPOS="1443" HPOS="1652"/>
							<String ID="string_92" HPOS="1671" VPOS="1444" WIDTH="156" HEIGHT="50" WC="0.96" CONTENT="förslag,"/>
						</TextLine>
						<TextLine ID="line_12" HPOS="233" VPOS="1492" WIDTH="1283" HEIGHT="52">
							<String ID="string_93" HPOS="233" VPOS="1492" WIDTH="56" HEIGHT="36" WC="0.96" CONTENT="får"/><SP WIDTH="27" VPOS="1492" HPOS="289"/>
							<String ID="string_94" HPOS="316" VPOS="1493" WIDTH="187" HEIGHT="36" WC="0.96" CONTENT="utskottet"/><SP WIDTH="28" VPOS="1493" HPOS="503"/>
							<String ID="string_95" HPOS="531" VPOS="1492" WIDTH="159" HEIGHT="37" WC="0.96" CONTENT="hänvisa"/><SP WIDTH="29" VPOS="1492" HPOS="690"/>
							<String ID="string_96" HPOS="719" VPOS="1493" WIDTH="56" HEIGHT="36" WC="0.96" CONTENT="till"/><SP WIDTH="27" VPOS="1493" HPOS="775"/>
							<String ID="string_97" HPOS="802" VPOS="1493" WIDTH="204" HEIGHT="37" WC="0.96" CONTENT="innehållet"/><SP WIDTH="28" VPOS="1493" HPOS="1006"/>
							<String ID="string_98" HPOS="1034" VPOS="1493" WIDTH="12" HEIGHT="36" WC="0.93" CONTENT="i"/><SP WIDTH="28" VPOS="1493" HPOS="1046"/>
							<String ID="string_99" HPOS="1074" VPOS="1494" WIDTH="216" HEIGHT="36" WC="0.91" CONTENT="förberörda"/><SP WIDTH="27" VPOS="1494" HPOS="1290"/>
							<String ID="string_100" HPOS="1317" VPOS="1495" WIDTH="199" HEIGHT="49" WC="0.95" CONTENT="protokoll."/>
						</TextLine>
					</TextBlock>
				</ComposedBlock>
				<ComposedBlock ID="cblock_4" HPOS="230" VPOS="1597" WIDTH="1603" HEIGHT="364">
					<TextBlock ID="block_5" HPOS="230" VPOS="1597" WIDTH="1603" HEIGHT="364">
						<TextLine ID="line_13" HPOS="360" VPOS="1597" WIDTH="1469" HEIGHT="51">
							<String ID="string_101" HPOS="360" VPOS="1597" WIDTH="18" HEIGHT="35" WC="0.96" CONTENT="I"/><SP WIDTH="29" VPOS="1597" HPOS="378"/>
							<String ID="string_102" HPOS="407" VPOS="1597" WIDTH="103" HEIGHT="36" WC="0.96" CONTENT="detta"/><SP WIDTH="29" VPOS="1597" HPOS="510"/>
							<String ID="string_103" HPOS="539" VPOS="1597" WIDTH="277" HEIGHT="48" WC="0.93" CONTENT="sammanhang"/><SP WIDTH="27" VPOS="1597" HPOS="816"/>
							<String ID="string_104" HPOS="843" VPOS="1597" WIDTH="68" HEIGHT="36" WC="0.95" CONTENT="har"/><SP WIDTH="28" VPOS="1597" HPOS="911"/>
							<String ID="string_105" HPOS="939" VPOS="1598" WIDTH="183" HEIGHT="36" WC="0.96" CONTENT="utskottet"/><SP WIDTH="23" VPOS="1598" HPOS="1122"/>
							<String ID="string_106" HPOS="1145" VPOS="1599" WIDTH="146" HEIGHT="48" WC="0.95" CONTENT="jämväl"/><SP WIDTH="28" VPOS="1599" HPOS="1291"/>
							<String ID="string_107" HPOS="1319" VPOS="1599" WIDTH="56" HEIGHT="36" WC="0.95" CONTENT="till"/><SP WIDTH="27" VPOS="1599" HPOS="1375"/>
							<String ID="string_108" HPOS="1402" VPOS="1600" WIDTH="234" HEIGHT="48" WC="0.93" CONTENT="behandling"/><SP WIDTH="28" VPOS="1600" HPOS="1636"/>
							<String ID="string_109" HPOS="1664" VPOS="1601" WIDTH="165" HEIGHT="37" WC="0.92" CONTENT="förehaft"/>
						</TextLine>
						<TextLine ID="line_14" HPOS="232" VPOS="1648" WIDTH="1596" HEIGHT="53">
							<String ID="string_110" HPOS="232" VPOS="1648" WIDTH="165" HEIGHT="49" WC="0.96" CONTENT="följande"/><SP WIDTH="28" VPOS="1648" HPOS="397"/>
							<String ID="string_111" HPOS="425" VPOS="1649" WIDTH="12" HEIGHT="35" WC="0.85" CONTENT="i"/><SP WIDTH="29" VPOS="1649" HPOS="437"/>
							<String ID="string_112" HPOS="466" VPOS="1649" WIDTH="206" HEIGHT="47" WC="0.95" CONTENT="anledning"/><SP WIDTH="28" VPOS="1649" HPOS="672"/>
							<String ID="string_113" HPOS="700" VPOS="1649" WIDTH="40" HEIGHT="35" WC="0.96" CONTENT="af"/><SP WIDTH="23" VPOS="1649" HPOS="740"/>
							<String ID="string_114" HPOS="763" VPOS="1649" WIDTH="287" HEIGHT="49" WC="0.95" CONTENT="ifrågavarande"/><SP WIDTH="24" VPOS="1649" HPOS="1050"/>
							<String ID="string_115" HPOS="1074" VPOS="1650" WIDTH="237" HEIGHT="50" WC="0.96" CONTENT="proposition"/><SP WIDTH="20" VPOS="1650" HPOS="1311"/>
							<String ID="string_116" HPOS="1331" VPOS="1651" WIDTH="102" HEIGHT="36" WC="0.96" CONTENT="inom"/><SP WIDTH="20" VPOS="1651" HPOS="1433"/>
							<String ID="string_117" HPOS="1453" VPOS="1651" WIDTH="219" HEIGHT="50" WC="0.96" CONTENT="Riksdagen"/><SP WIDTH="19" VPOS="1651" HPOS="1672"/>
							<String ID="string_118" HPOS="1691" VPOS="1653" WIDTH="137" HEIGHT="39" WC="0.96" CONTENT="väckta"/>
						</TextLine>
						<TextLine ID="line_15" HPOS="231" VPOS="1701" WIDTH="1598" HEIGHT="50">
							<String ID="string_119" HPOS="231" VPOS="1701" WIDTH="198" HEIGHT="46" WC="0.95" CONTENT="motioner,"/><SP WIDTH="44" VPOS="1701" HPOS="429"/>
							<String ID="string_120" HPOS="473" VPOS="1701" WIDTH="193" HEIGHT="48" WC="0.95" CONTENT="nämligen"/><SP WIDTH="41" VPOS="1701" HPOS="666"/>
							<String ID="string_121" HPOS="707" VPOS="1702" WIDTH="100" HEIGHT="35" WC="0.95" CONTENT="inom"/><SP WIDTH="42" VPOS="1702" HPOS="807"/>
							<String ID="string_122" HPOS="849" VPOS="1701" WIDTH="133" HEIGHT="37" WC="0.95" CONTENT="Första"/><SP WIDTH="41" VPOS="1701" HPOS="982"/>
							<String ID="string_123" HPOS="1023" VPOS="1702" WIDTH="217" HEIGHT="37" WC="0.96" CONTENT="kammaren"/><SP WIDTH="28" VPOS="1702" HPOS="1240"/>
							<String ID="string_124" HPOS="1268" VPOS="1717" WIDTH="45" HEIGHT="22" WC="0.96" CONTENT="nr"/><SP WIDTH="31" VPOS="1717" HPOS="1313"/>
							<String ID="string_125" HPOS="1344" VPOS="1705" WIDTH="70" HEIGHT="35" WC="0.96" CONTENT="100"/><SP WIDTH="30" VPOS="1705" HPOS="1414"/>
							<String ID="string_126" HPOS="1444" VPOS="1704" WIDTH="41" HEIGHT="36" WC="0.96" CONTENT="af"/><SP WIDTH="23" VPOS="1704" HPOS="1485"/>
							<String ID="string_127" HPOS="1508" VPOS="1704" WIDTH="86" HEIGHT="37" WC="0.95" CONTENT="herr"/><SP WIDTH="27" VPOS="1704" HPOS="1594"/>
							<String ID="string_128" HPOS="1621" VPOS="1706" WIDTH="208" HEIGHT="45" WC="0.95" CONTENT="Holmquist"/>
						</TextLine>
						<TextLine ID="line_16" HPOS="230" VPOS="1752" WIDTH="1595" HEIGHT="52">
							<String ID="string_129" HPOS="230" VPOS="1766" WIDTH="49" HEIGHT="22" WC="0.90" CONTENT="m."/><SP WIDTH="30" VPOS="1766" HPOS="279"/>
							<String ID="string_130" HPOS="309" VPOS="1752" WIDTH="49" HEIGHT="48" WC="0.71" CONTENT="fl.,"/><SP WIDTH="30" VPOS="1752" HPOS="358"/>
							<String ID="string_131" HPOS="388" VPOS="1758" WIDTH="97" HEIGHT="31" WC="0.96" CONTENT="samt"/><SP WIDTH="28" VPOS="1758" HPOS="485"/>
							<String ID="string_132" HPOS="513" VPOS="1753" WIDTH="102" HEIGHT="36" WC="0.94" CONTENT="inom"/><SP WIDTH="30" VPOS="1753" HPOS="615"/>
							<String ID="string_133" HPOS="645" VPOS="1753" WIDTH="129" HEIGHT="36" WC="0.96" CONTENT="Andra"/><SP WIDTH="27" VPOS="1753" HPOS="774"/>
							<String ID="string_134" HPOS="801" VPOS="1753" WIDTH="218" HEIGHT="38" WC="0.96" CONTENT="kammaren"/><SP WIDTH="28" VPOS="1753" HPOS="1019"/>
							<String ID="string_135" HPOS="1047" VPOS="1768" WIDTH="45" HEIGHT="22" WC="0.95" CONTENT="nr"/><SP WIDTH="29" VPOS="1768" HPOS="1092"/>
							<String ID="string_136" HPOS="1121" VPOS="1756" WIDTH="72" HEIGHT="35" WC="0.96" CONTENT="288"/><SP WIDTH="31" VPOS="1756" HPOS="1193"/>
							<String ID="string_137" HPOS="1224" VPOS="1755" WIDTH="41" HEIGHT="36" WC="0.96" CONTENT="af"/><SP WIDTH="23" VPOS="1755" HPOS="1265"/>
							<String ID="string_138" HPOS="1288" VPOS="1755" WIDTH="87" HEIGHT="37" WC="0.95" CONTENT="herr"/><SP WIDTH="26" VPOS="1755" HPOS="1375"/>
							<String ID="string_139" HPOS="1401" VPOS="1757" WIDTH="106" HEIGHT="45" WC="0.92" CONTENT="Hage"/><SP WIDTH="28" VPOS="1757" HPOS="1507"/>
							<String ID="string_140" HPOS="1535" VPOS="1769" WIDTH="48" HEIGHT="23" WC="0.89" CONTENT="m."/><SP WIDTH="30" VPOS="1769" HPOS="1583"/>
							<String ID="string_141" HPOS="1613" VPOS="1756" WIDTH="49" HEIGHT="48" WC="0.87" CONTENT="fl.,"/><SP WIDTH="27" VPOS="1756" HPOS="1662"/>
							<String ID="string_142" HPOS="1689" VPOS="1771" WIDTH="45" HEIGHT="22" WC="0.96" CONTENT="nr"/><SP WIDTH="20" VPOS="1771" HPOS="1734"/>
							<String ID="string_143" HPOS="1754" VPOS="1760" WIDTH="71" HEIGHT="34" WC="0.96" CONTENT="291"/>
						</TextLine>
						<TextLine ID="line_17" HPOS="231" VPOS="1804" WIDTH="1602" HEIGHT="48">
							<String ID="string_144" HPOS="231" VPOS="1804" WIDTH="41" HEIGHT="35" WC="0.96" CONTENT="af"/><SP WIDTH="25" VPOS="1804" HPOS="272"/>
							<String ID="string_145" HPOS="297" VPOS="1804" WIDTH="87" HEIGHT="37" WC="0.95" CONTENT="herr"/><SP WIDTH="27" VPOS="1804" HPOS="384"/>
							<String ID="string_146" HPOS="411" VPOS="1806" WIDTH="196" HEIGHT="36" WC="0.91" CONTENT="Hedström"/><SP WIDTH="29" VPOS="1806" HPOS="607"/>
							<String ID="string_147" HPOS="636" VPOS="1819" WIDTH="48" HEIGHT="21" WC="0.92" CONTENT="m."/><SP WIDTH="30" VPOS="1819" HPOS="684"/>
							<String ID="string_148" HPOS="714" VPOS="1805" WIDTH="49" HEIGHT="47" WC="0.34" CONTENT="fl,"/><SP WIDTH="29" VPOS="1805" HPOS="763"/>
							<String ID="string_149" HPOS="792" VPOS="1819" WIDTH="45" HEIGHT="22" WC="0.96" CONTENT="nr"/><SP WIDTH="29" VPOS="1819" HPOS="837"/>
							<String ID="string_150" HPOS="866" VPOS="1807" WIDTH="72" HEIGHT="35" WC="0.96" CONTENT="292"/><SP WIDTH="31" VPOS="1807" HPOS="938"/>
							<String ID="string_151" HPOS="969" VPOS="1806" WIDTH="40" HEIGHT="36" WC="0.96" CONTENT="af"/><SP WIDTH="24" VPOS="1806" HPOS="1009"/>
							<String ID="string_152" HPOS="1033" VPOS="1806" WIDTH="88" HEIGHT="36" WC="0.96" CONTENT="herr"/><SP WIDTH="27" VPOS="1806" HPOS="1121"/>
							<String ID="string_153" HPOS="1148" VPOS="1808" WIDTH="195" HEIGHT="36" WC="0.93" CONTENT="Hedström"/><SP WIDTH="29" VPOS="1808" HPOS="1343"/>
							<String ID="string_154" HPOS="1372" VPOS="1822" WIDTH="47" HEIGHT="22" WC="0.92" CONTENT="m."/><SP WIDTH="30" VPOS="1822" HPOS="1419"/>
							<String ID="string_155" HPOS="1449" VPOS="1808" WIDTH="37" HEIGHT="35" WC="0.13" CONTENT="4."/><SP WIDTH="31" VPOS="1808" HPOS="1486"/>
							<String ID="string_156" HPOS="1517" VPOS="1809" WIDTH="71" HEIGHT="36" WC="0.95" CONTENT="och"/><SP WIDTH="27" VPOS="1809" HPOS="1588"/>
							<String ID="string_157" HPOS="1615" VPOS="1822" WIDTH="45" HEIGHT="23" WC="0.95" CONTENT="nr"/><SP WIDTH="29" VPOS="1822" HPOS="1660"/>
							<String ID="string_158" HPOS="1689" VPOS="1811" WIDTH="71" HEIGHT="34" WC="0.95" CONTENT="293"/><SP WIDTH="32" VPOS="1811" HPOS="1760"/>
							<String ID="string_159" HPOS="1792" VPOS="1811" WIDTH="41" HEIGHT="36" WC="0.95" CONTENT="af"/>
						</TextLine>
						<TextLine ID="line_18" HPOS="231" VPOS="1856" WIDTH="1598" HEIGHT="54">
							<String ID="string_160" HPOS="231" VPOS="1856" WIDTH="88" HEIGHT="36" WC="0.95" CONTENT="herr"/><SP WIDTH="26" VPOS="1856" HPOS="319"/>
							<String ID="string_161" HPOS="345" VPOS="1858" WIDTH="158" HEIGHT="35" WC="0.96" CONTENT="Jonsson"/><SP WIDTH="27" VPOS="1858" HPOS="503"/>
							<String ID="string_162" HPOS="530" VPOS="1856" WIDTH="34" HEIGHT="48" WC="0.10" CONTENT="i:"/><SP WIDTH="6" VPOS="1856" HPOS="564"/>
							<String ID="string_163" HPOS="570" VPOS="1857" WIDTH="60" HEIGHT="36" WC="0.10" CONTENT="Hå"/><SP WIDTH="24" VPOS="1857" HPOS="630"/>
							<String ID="string_164" HPOS="654" VPOS="1857" WIDTH="206" HEIGHT="47" WC="0.96" CONTENT="äfvensom,"/><SP WIDTH="39" VPOS="1857" HPOS="860"/>
							<String ID="string_165" HPOS="899" VPOS="1858" WIDTH="100" HEIGHT="36" WC="0.96" CONTENT="hvad"/><SP WIDTH="30" VPOS="1858" HPOS="999"/>
							<String ID="string_166" HPOS="1029" VPOS="1862" WIDTH="117" HEIGHT="45" WC="0.96" CONTENT="angår"/><SP WIDTH="27" VPOS="1862" HPOS="1146"/>
							<String ID="string_167" HPOS="1173" VPOS="1864" WIDTH="75" HEIGHT="32" WC="0.96" CONTENT="rätt"/><SP WIDTH="28" VPOS="1864" HPOS="1248"/>
							<String ID="string_168" HPOS="1276" VPOS="1859" WIDTH="59" HEIGHT="37" WC="0.93" CONTENT="för"/><SP WIDTH="28" VPOS="1859" HPOS="1335"/>
							<String ID="string_169" HPOS="1363" VPOS="1860" WIDTH="243" HEIGHT="37" WC="0.83" CONTENT="innehafvare"/><SP WIDTH="30" VPOS="1860" HPOS="1606"/>
							<String ID="string_170" HPOS="1636" VPOS="1861" WIDTH="40" HEIGHT="36" WC="0.93" CONTENT="af"/><SP WIDTH="24" VPOS="1861" HPOS="1676"/>
							<String ID="string_171" HPOS="1700" VPOS="1862" WIDTH="129" HEIGHT="48" WC="0.92" CONTENT="lägen-"/>
						</TextLine>
						<TextLine ID="line_19" HPOS="231" VPOS="1908" WIDTH="1595" HEIGHT="53">
							<String ID="string_172" HPOS="231" VPOS="1908" WIDTH="108" HEIGHT="36" WC="0.93" CONTENT="heter"/><SP WIDTH="28" VPOS="1908" HPOS="339"/>
							<String ID="string_173" HPOS="367" VPOS="1911" WIDTH="20" HEIGHT="33" WC="0.92" CONTENT="å"/><SP WIDTH="27" VPOS="1911" HPOS="387"/>
							<String ID="string_174" HPOS="414" VPOS="1909" WIDTH="165" HEIGHT="36" WC="0.96" CONTENT="kronans"/><SP WIDTH="29" VPOS="1909" HPOS="579"/>
							<String ID="string_175" HPOS="608" VPOS="1910" WIDTH="107" HEIGHT="35" WC="0.94" CONTENT="mark"/><SP WIDTH="29" VPOS="1910" HPOS="715"/>
							<String ID="string_176" HPOS="744" VPOS="1910" WIDTH="56" HEIGHT="35" WC="0.94" CONTENT="till"/><SP WIDTH="23" VPOS="1910" HPOS="800"/>
							<String ID="string_177" HPOS="823" VPOS="1909" WIDTH="85" HEIGHT="49" WC="0.93" CONTENT="jakt"/><SP WIDTH="25" VPOS="1909" HPOS="908"/>
							<String ID="string_178" HPOS="933" VPOS="1912" WIDTH="20" HEIGHT="34" WC="0.93" CONTENT="å"/><SP WIDTH="20" VPOS="1912" HPOS="953"/>
							<String ID="string_179" HPOS="973" VPOS="1910" WIDTH="283" HEIGHT="48" WC="0.95" CONTENT="lägenheterna,"/><SP WIDTH="22" VPOS="1910" HPOS="1256"/>
							<String ID="string_180" HPOS="1278" VPOS="1925" WIDTH="43" HEIGHT="22" WC="0.70" CONTENT="or"/><SP WIDTH="20" VPOS="1925" HPOS="1321"/>
							<String ID="string_181" HPOS="1341" VPOS="1914" WIDTH="74" HEIGHT="34" WC="0.96" CONTENT="294"/><SP WIDTH="20" VPOS="1914" HPOS="1415"/>
							<String ID="string_182" HPOS="1435" VPOS="1912" WIDTH="42" HEIGHT="36" WC="0.95" CONTENT="af"/><SP WIDTH="15" VPOS="1912" HPOS="1477"/>
							<String ID="string_183" HPOS="1492" VPOS="1912" WIDTH="87" HEIGHT="37" WC="0.95" CONTENT="herr"/><SP WIDTH="18" VPOS="1912" HPOS="1579"/>
							<String ID="string_184" HPOS="1597" VPOS="1914" WIDTH="229" HEIGHT="47" WC="0.96" CONTENT="Lindhagen."/>
						</TextLine>
					</TextBlock>
				</ComposedBlock>
				<ComposedBlock ID="cblock_5" HPOS="231" VPOS="2012" WIDTH="1597" HEIGHT="366">
					<TextBlock ID="block_6" HPOS="360" VPOS="2012" WIDTH="1207" HEIGHT="54">
						<TextLine ID="line_20" HPOS="360" VPOS="2012" WIDTH="1207" HEIGHT="54">
							<String ID="string_185" HPOS="360" VPOS="2012" WIDTH="99" HEIGHT="37" WC="0.93" CONTENT="Herr"/><SP WIDTH="27" VPOS="2012" HPOS="459"/>
							<String ID="string_186" HPOS="486" VPOS="2014" WIDTH="229" HEIGHT="45" WC="0.92" CONTENT="Holmquists"/><SP WIDTH="29" VPOS="2014" HPOS="715"/>
							<String ID="string_187" HPOS="744" VPOS="2027" WIDTH="47" HEIGHT="22" WC="0.92" CONTENT="m."/><SP WIDTH="30" VPOS="2027" HPOS="791"/>
							<String ID="string_188" HPOS="821" VPOS="2013" WIDTH="58" HEIGHT="37" WC="0.27" CONTENT="$1:s"/><SP WIDTH="28" VPOS="2013" HPOS="879"/>
							<String ID="string_189" HPOS="907" VPOS="2014" WIDTH="143" HEIGHT="37" WC="0.96" CONTENT="motion"/><SP WIDTH="28" VPOS="2014" HPOS="1050"/>
							<String ID="string_190" HPOS="1078" VPOS="2020" WIDTH="41" HEIGHT="31" WC="0.96" CONTENT="är"/><SP WIDTH="29" VPOS="2020" HPOS="1119"/>
							<String ID="string_191" HPOS="1148" VPOS="2015" WIDTH="41" HEIGHT="36" WC="0.96" CONTENT="af"/><SP WIDTH="23" VPOS="2015" HPOS="1189"/>
							<String ID="string_192" HPOS="1212" VPOS="2015" WIDTH="168" HEIGHT="49" WC="0.96" CONTENT="följande"/><SP WIDTH="29" VPOS="2015" HPOS="1380"/>
							<String ID="string_193" HPOS="1409" VPOS="2016" WIDTH="158" HEIGHT="50" WC="0.96" CONTENT="lydelse:"/>
						</TextLine>
					</TextBlock>
					<TextBlock ID="block_7" HPOS="231" VPOS="2064" WIDTH="1596" HEIGHT="105">
						<TextLine ID="line_21" HPOS="361" VPOS="2064" WIDTH="1466" HEIGHT="55">
							<String ID="string_194" HPOS="361" VPOS="2064" WIDTH="85" HEIGHT="37" WC="0.78" CONTENT="»Uti"/><SP WIDTH="31" VPOS="2064" HPOS="446"/>
							<String ID="string_195" HPOS="477" VPOS="2066" WIDTH="20" HEIGHT="34" WC="0.92" CONTENT="9"/><SP WIDTH="29" VPOS="2066" HPOS="497"/>
							<String ID="string_196" HPOS="526" VPOS="2064" WIDTH="20" HEIGHT="49" WC="0.88" CONTENT="$"/><SP WIDTH="29" VPOS="2064" HPOS="546"/>
							<String ID="string_197" HPOS="575" VPOS="2065" WIDTH="41" HEIGHT="35" WC="0.96" CONTENT="af"/><SP WIDTH="25" VPOS="2065" HPOS="616"/>
							<String ID="string_198" HPOS="641" VPOS="2065" WIDTH="62" HEIGHT="36" WC="0.96" CONTENT="det"/><SP WIDTH="28" VPOS="2065" HPOS="703"/>
							<String ID="string_199" HPOS="731" VPOS="2066" WIDTH="143" HEIGHT="48" WC="0.95" CONTENT="förslag"/><SP WIDTH="40" VPOS="2066" HPOS="874"/>
							<String ID="string_200" HPOS="914" VPOS="2066" WIDTH="57" HEIGHT="36" WC="0.96" CONTENT="till"/><SP WIDTH="41" VPOS="2066" HPOS="971"/>
							<String ID="string_201" HPOS="1012" VPOS="2067" WIDTH="64" HEIGHT="48" WC="0.96" CONTENT="lag"/><SP WIDTH="38" VPOS="2067" HPOS="1076"/>
							<String ID="string_202" HPOS="1114" VPOS="2080" WIDTH="61" HEIGHT="23" WC="0.95" CONTENT="om"/><SP WIDTH="33" VPOS="2080" HPOS="1175"/>
							<String ID="string_203" HPOS="1208" VPOS="2072" WIDTH="75" HEIGHT="32" WC="0.96" CONTENT="rätt"/><SP WIDTH="28" VPOS="2072" HPOS="1283"/>
							<String ID="string_204" HPOS="1311" VPOS="2068" WIDTH="57" HEIGHT="36" WC="0.95" CONTENT="till"/><SP WIDTH="23" VPOS="2068" HPOS="1368"/>
							<String ID="string_205" HPOS="1391" VPOS="2068" WIDTH="96" HEIGHT="49" WC="0.95" CONTENT="jakt,"/><SP WIDTH="30" VPOS="2068" HPOS="1487"/>
							<String ID="string_206" HPOS="1517" VPOS="2068" WIDTH="144" HEIGHT="38" WC="0.96" CONTENT="hvilket"/><SP WIDTH="27" VPOS="2068" HPOS="1661"/>
							<String ID="string_207" HPOS="1688" VPOS="2083" WIDTH="139" HEIGHT="36" WC="0.96" CONTENT="genom"/>
						</TextLine>
						<TextLine ID="line_22" HPOS="231" VPOS="2115" WIDTH="1230" HEIGHT="54">
							<String ID="string_208" HPOS="231" VPOS="2115" WIDTH="119" HEIGHT="49" WC="0.95" CONTENT="nådig"/><SP WIDTH="27" VPOS="2115" HPOS="350"/>
							<String ID="string_209" HPOS="377" VPOS="2117" WIDTH="248" HEIGHT="48" WC="0.96" CONTENT="proposition,"/><SP WIDTH="29" VPOS="2117" HPOS="625"/>
							<String ID="string_210" HPOS="654" VPOS="2131" WIDTH="45" HEIGHT="22" WC="0.93" CONTENT="nr"/><SP WIDTH="31" VPOS="2131" HPOS="699"/>
							<String ID="string_211" HPOS="730" VPOS="2119" WIDTH="58" HEIGHT="44" WC="0.93" CONTENT="98,"/><SP WIDTH="30" VPOS="2119" HPOS="788"/>
							<String ID="string_212" HPOS="818" VPOS="2118" WIDTH="183" HEIGHT="49" WC="0.91" CONTENT="förelagts"/><SP WIDTH="30" VPOS="2118" HPOS="1001"/>
							<String ID="string_213" HPOS="1031" VPOS="2119" WIDTH="232" HEIGHT="48" WC="0.96" CONTENT="Riksdagen,"/><SP WIDTH="30" VPOS="2119" HPOS="1263"/>
							<String ID="string_214" HPOS="1293" VPOS="2120" WIDTH="168" HEIGHT="49" WC="0.96" CONTENT="stadgas:"/>
						</TextLine>
					</TextBlock>
					<TextBlock ID="block_8" HPOS="231" VPOS="2168" WIDTH="1597" HEIGHT="155">
						<TextLine ID="line_23" HPOS="362" VPOS="2168" WIDTH="1466" HEIGHT="53">
							<String ID="string_215" HPOS="362" VPOS="2168" WIDTH="119" HEIGHT="37" WC="0.50" CONTENT="&quot;Sluta"/><SP WIDTH="28" VPOS="2168" HPOS="481"/>
							<String ID="string_216" HPOS="509" VPOS="2173" WIDTH="113" HEIGHT="44" WC="0.96" CONTENT="ägare"/><SP WIDTH="25" VPOS="2173" HPOS="622"/>
							<String ID="string_217" HPOS="647" VPOS="2170" WIDTH="39" HEIGHT="35" WC="0.96" CONTENT="af"/><SP WIDTH="17" VPOS="2170" HPOS="686"/>
							<String ID="string_218" HPOS="703" VPOS="2169" WIDTH="184" HEIGHT="37" WC="0.96" CONTENT="särskilda"/><SP WIDTH="19" VPOS="2169" HPOS="887"/>
							<String ID="string_219" HPOS="906" VPOS="2170" WIDTH="238" HEIGHT="49" WC="0.95" CONTENT="fastigheter,"/><SP WIDTH="20" VPOS="2170" HPOS="1144"/>
							<String ID="string_220" HPOS="1164" VPOS="2171" WIDTH="149" HEIGHT="37" WC="0.96" CONTENT="hvilkas"/><SP WIDTH="21" VPOS="2171" HPOS="1313"/>
							<String ID="string_221" HPOS="1334" VPOS="2177" WIDTH="95" HEIGHT="44" WC="0.96" CONTENT="ägor"/><SP WIDTH="18" VPOS="2177" HPOS="1429"/>
							<String ID="string_222" HPOS="1447" VPOS="2172" WIDTH="101" HEIGHT="37" WC="0.96" CONTENT="bilda"/><SP WIDTH="19" VPOS="2172" HPOS="1548"/>
							<String ID="string_223" HPOS="1567" VPOS="2178" WIDTH="54" HEIGHT="32" WC="0.93" CONTENT="ett"/><SP WIDTH="20" VPOS="2178" HPOS="1621"/>
							<String ID="string_224" HPOS="1641" VPOS="2187" WIDTH="187" HEIGHT="23" WC="0.91" CONTENT="samman-"/>
						</TextLine>
						<TextLine ID="line_24" HPOS="231" VPOS="2220" WIDTH="1597" HEIGHT="53">
							<String ID="string_225" HPOS="231" VPOS="2220" WIDTH="202" HEIGHT="49" WC="0.96" CONTENT="hängande"/><SP WIDTH="42" VPOS="2220" HPOS="433"/>
							<String ID="string_226" HPOS="475" VPOS="2221" WIDTH="165" HEIGHT="48" WC="0.95" CONTENT="område,"/><SP WIDTH="29" VPOS="2221" HPOS="640"/>
							<String ID="string_227" HPOS="669" VPOS="2222" WIDTH="12" HEIGHT="36" WC="0.70" CONTENT="1"/><SP WIDTH="29" VPOS="2222" HPOS="681"/>
							<String ID="string_228" HPOS="710" VPOS="2222" WIDTH="116" HEIGHT="36" WC="0.96" CONTENT="sådan"/><SP WIDTH="42" VPOS="2222" HPOS="826"/>
							<String ID="string_229" HPOS="868" VPOS="2223" WIDTH="191" HEIGHT="50" WC="0.93" CONTENT="egenskap"/><SP WIDTH="45" VPOS="2223" HPOS="1059"/>
							<String ID="string_230" HPOS="1104" VPOS="2223" WIDTH="91" HEIGHT="37" WC="0.90" CONTENT="aftal"/><SP WIDTH="40" VPOS="2223" HPOS="1195"/>
							<String ID="string_231" HPOS="1235" VPOS="2237" WIDTH="61" HEIGHT="23" WC="0.96" CONTENT="om"/><SP WIDTH="33" VPOS="2237" HPOS="1296"/>
							<String ID="string_232" HPOS="1329" VPOS="2224" WIDTH="97" HEIGHT="36" WC="0.95" CONTENT="huru"/><SP WIDTH="24" VPOS="2224" HPOS="1426"/>
							<String ID="string_233" HPOS="1450" VPOS="2224" WIDTH="134" HEIGHT="49" WC="0.93" CONTENT="jakten"/><SP WIDTH="29" VPOS="2224" HPOS="1584"/>
							<String ID="string_234" HPOS="1613" VPOS="2228" WIDTH="20" HEIGHT="34" WC="0.91" CONTENT="å"/><SP WIDTH="28" VPOS="2228" HPOS="1633"/>
							<String ID="string_235" HPOS="1661" VPOS="2227" WIDTH="167" HEIGHT="37" WC="0.96" CONTENT="området"/>
						</TextLine>
						<TextLine ID="line_25" HPOS="231" VPOS="2273" WIDTH="1597" HEIGHT="50">
							<String ID="string_236" HPOS="231" VPOS="2275" WIDTH="61" HEIGHT="33" WC="0.91" CONTENT="må"/><SP WIDTH="42" VPOS="2275" HPOS="292"/>
							<String ID="string_237" HPOS="334" VPOS="2273" WIDTH="151" HEIGHT="36" WC="0.90" CONTENT="utöfvas"/><SP WIDTH="44" VPOS="2273" HPOS="485"/>
							<String ID="string_238" HPOS="529" VPOS="2273" WIDTH="69" HEIGHT="36" WC="0.93" CONTENT="och"/><SP WIDTH="33" VPOS="2273" HPOS="598"/>
							<String ID="string_239" HPOS="631" VPOS="2274" WIDTH="227" HEIGHT="49" WC="0.91" CONTENT="jaktvården"/><SP WIDTH="28" VPOS="2274" HPOS="858"/>
							<String ID="string_240" HPOS="886" VPOS="2275" WIDTH="248" HEIGHT="48" WC="0.65" CONTENT="handhbafvas,"/><SP WIDTH="30" VPOS="2275" HPOS="1134"/>
							<String ID="string_241" HPOS="1164" VPOS="2276" WIDTH="95" HEIGHT="36" WC="0.92" CONTENT="skall"/><SP WIDTH="29" VPOS="2276" HPOS="1259"/>
							<String ID="string_242" HPOS="1288" VPOS="2283" WIDTH="20" HEIGHT="29" WC="0.92" CONTENT="å"/><SP WIDTH="27" VPOS="2283" HPOS="1308"/>
							<String ID="string_243" HPOS="1335" VPOS="2276" WIDTH="100" HEIGHT="36" WC="0.93" CONTENT="hvad"/><SP WIDTH="29" VPOS="2276" HPOS="1435"/>
							<String ID="string_244" HPOS="1464" VPOS="2277" WIDTH="129" HEIGHT="37" WC="0.92" CONTENT="aftalet"/><SP WIDTH="28" VPOS="2277" HPOS="1593"/>
							<String ID="string_245" HPOS="1621" VPOS="2278" WIDTH="207" HEIGHT="38" WC="0.96" CONTENT="innehåller"/>
						</TextLine>
					</TextBlock>
					<TextBlock ID="block_9" HPOS="319" VPOS="2333" WIDTH="1464" HEIGHT="45">
						<TextLine ID="line_26" HPOS="319" VPOS="2333" WIDTH="1464" HEIGHT="45">
							<String ID="string_246" HPOS="319" VPOS="2333" WIDTH="131" HEIGHT="42" WC="0.91" CONTENT="Bihang"/><SP WIDTH="23" VPOS="2333" HPOS="450"/>
							<String ID="string_247" HPOS="473" VPOS="2334" WIDTH="49" HEIGHT="31" WC="0.93" CONTENT="till"/><SP WIDTH="24" VPOS="2334" HPOS="522"/>
							<String ID="string_248" HPOS="546" VPOS="2333" WIDTH="199" HEIGHT="44" WC="0.91" CONTENT="Biksdagens"/><SP WIDTH="20" VPOS="2333" HPOS="745"/>
							<String ID="string_249" HPOS="765" VPOS="2335" WIDTH="155" HEIGHT="41" WC="0.96" CONTENT="protokoll"/><SP WIDTH="24" VPOS="2335" HPOS="920"/>
							<String ID="string_250" HPOS="944" VPOS="2336" WIDTH="94" HEIGHT="31" WC="0.93" CONTENT="1912."/><SP WIDTH="47" VPOS="2336" HPOS="1038"/>
							<String ID="string_251" HPOS="1085" VPOS="2337" WIDTH="41" HEIGHT="31" WC="0.85" CONTENT="10"/><SP WIDTH="23" VPOS="2337" HPOS="1126"/>
							<String ID="string_252" HPOS="1149" VPOS="2337" WIDTH="88" HEIGHT="31" WC="0.93" CONTENT="saml."/><SP WIDTH="48" VPOS="2337" HPOS="1237"/>
							<String ID="string_253" HPOS="1285" VPOS="2338" WIDTH="41" HEIGHT="30" WC="0.93" CONTENT="53"/><SP WIDTH="24" VPOS="2338" HPOS="1326"/>
							<String ID="string_254" HPOS="1350" VPOS="2337" WIDTH="78" HEIGHT="40" WC="0.35" CONTENT="höft."/><SP WIDTH="46" VPOS="2337" HPOS="1428"/>
							<String ID="string_255" HPOS="1474" VPOS="2338" WIDTH="67" HEIGHT="40" WC="0.95" CONTENT="(Nr"/><SP WIDTH="25" VPOS="2338" HPOS="1541"/>
							<String ID="string_256" HPOS="1566" VPOS="2338" WIDTH="66" HEIGHT="36" WC="0.77" CONTENT="96.)"/><SP WIDTH="135" VPOS="2338" HPOS="1632"/>
							<String ID="string_257" HPOS="1767" VPOS="2340" WIDTH="16" HEIGHT="31" WC="0.96" CONTENT="1"/>
						</TextLine>
					</TextBlock>
				</ComposedBlock>
				<ComposedBlock ID="cblock_6" HPOS="1882" VPOS="1613" WIDTH="137" HEIGHT="25">
					<TextBlock ID="block_10" HPOS="1882" VPOS="1613" WIDTH="137" HEIGHT="25">
						<TextLine ID="line_27" HPOS="1882" VPOS="1613" WIDTH="137" HEIGHT="25">
							<String ID="string_258" HPOS="1882" VPOS="1613" WIDTH="137" HEIGHT="25" WC="0.95" CONTENT="Motioner."/>
						</TextLine>
					</TextBlock>
				</ComposedBlock>
				<ComposedBlock ID="cblock_7" HPOS="1863" VPOS="2033" WIDTH="179" HEIGHT="96">
					<TextBlock ID="block_11" HPOS="1863" VPOS="2033" WIDTH="179" HEIGHT="96">
						<TextLine ID="line_28" HPOS="1863" VPOS="2033" WIDTH="179" HEIGHT="24">
							<String ID="string_259" HPOS="1863" VPOS="2033" WIDTH="71" HEIGHT="24" WC="0.93" CONTENT="Herr"/><SP WIDTH="18" VPOS="2033" HPOS="1934"/>
							<String ID="string_260" HPOS="1952" VPOS="2033" WIDTH="90" HEIGHT="24" WC="0.90" CONTENT="Holm-"/>
						</TextLine>
						<TextLine ID="line_29" HPOS="1864" VPOS="2068" WIDTH="176" HEIGHT="31">
							<String ID="string_261" HPOS="1864" VPOS="2068" WIDTH="80" HEIGHT="30" WC="0.90" CONTENT="quists"/><SP WIDTH="18" VPOS="2068" HPOS="1944"/>
							<String ID="string_262" HPOS="1962" VPOS="2077" WIDTH="33" HEIGHT="16" WC="0.92" CONTENT="m."/><SP WIDTH="19" VPOS="2077" HPOS="1995"/>
							<String ID="string_263" HPOS="2014" VPOS="2070" WIDTH="26" HEIGHT="29" WC="0.72" CONTENT="fl."/>
						</TextLine>
						<TextLine ID="line_30" HPOS="1900" VPOS="2104" WIDTH="105" HEIGHT="25">
							<String ID="string_264" HPOS="1900" VPOS="2104" WIDTH="105" HEIGHT="25" WC="0.85" CONTENT="motion."/>
						</TextLine>
					</TextBlock>
				</ComposedBlock>
			</PrintSpace>
		</Page>
	</Layout>
</alto>
