1868 2794
468 130 404 38 Bevillningsutskottets
899 130 219 29 betänkande
1144 140 42 19 nr
1210 131 51 31 33.
1579 132 38 29 41

782 213 51 29 till
853 214 38 28 41
917 213 26 37 8.

157 263 51 30 Då
227 263 160 29 befrielse
408 263 78 30 från
508 264 81 29 eller
610 264 223 39 nedsättning
854 274 41 19 av
916 265 245 38 skatteavdrag
1183 265 51 29 för
1254 265 203 39 preliminär
1477 266 140 29 A-skatt

114 305 172 38 medgives
308 306 43 39 på
373 306 111 38 grund
506 315 41 20 av
569 305 350 36 existensminimum,
942 307 63 29 har
1027 307 66 29 den
1116 307 113 29 lokala
1252 308 364 39 skattemyndigheten

113 349 50 28 att
187 348 72 29 dels
285 348 79 29 med
390 348 140 40 ledning
556 358 40 21 av
621 348 309 30 bestämmelserna
956 349 11 28 i
993 350 41 29 50
1063 349 15 36 $
1106 350 18 29 2
1150 359 103 20 mom.
1281 350 335 30 kommunalskatte-

113 390 99 38 lagen
232 391 63 29 och
315 390 272 39 anvisningarna
606 391 51 29 till
678 391 153 29 nämnda
851 392 165 38 paragraf
1037 393 162 29 ävensom
1219 393 41 28 de
1280 393 261 40 normalbelopp
1562 394 54 29 för

114 432 349 35 existensminimum,
484 442 74 20 som
578 433 183 30 fastställts
780 434 141 39 jämlikt
940 435 155 29 nämnda
1115 435 144 39 lagrum,
1279 435 123 39 angiva
1422 436 66 29 den
1508 436 108 29 skatt-

113 474 174 40 skyldiges
313 475 350 35 existensminimum,
691 476 72 29 dels
791 477 64 28 ock
884 477 165 29 förordna
1076 477 87 29 efter
1190 478 93 29 vilka
1310 478 150 39 grunder
1488 479 128 29 skatte-

112 517 127 40 avdrag
262 518 88 29 skall
372 518 217 30 verkställas.
612 519 178 29 Beräknas
813 519 66 29 den
902 520 272 39 skattskyldiges
1198 520 192 30 inkomster
1413 521 202 40 understiga

113 560 349 34 existensminimum,
482 561 69 29 kan
571 561 235 29 förordnande
824 562 177 29 meddelas
1020 562 165 39 antingen
1204 565 50 28 att
1273 563 245 40 skatteavdrag
1536 565 79 29 över

107 603 119 30 huvud
248 605 91 38 laget
361 604 74 29 icke
457 605 89 29 skall
568 605 206 30 verkställas
797 605 81 30 eller
900 608 49 28 att
972 606 245 40 skatteavdrag
1238 607 75 29 icke
1336 608 88 29 skall
1445 609 169 29 verkstäl-

107 646 61 36 las,
194 646 118 31 såvida
337 647 74 29 icke
436 646 200 31 inkomsten
661 648 62 29 hos
749 648 381 40 huvudarbetsgivaren
1154 650 189 39 överstiger
1366 651 86 29 visst
1476 651 138 39 angivet

106 688 134 40 belopp.
267 689 75 29 Kan
369 690 57 28 det
452 691 155 37 antagas,
634 691 49 29 att
709 689 242 32 inkomsterna
976 692 172 37 överstiga
1175 692 350 35 existensminimum,
1552 694 61 29 bör

108 731 194 35 förordnas,
322 733 49 28 att
389 732 56 29 vid
463 732 97 37 varje
580 733 321 39 avlöningstillfälle
919 734 86 29 visst
1023 735 137 39 angivet
1178 735 123 39 belopp
1320 736 96 29 alltid
1437 736 87 29 skall
1545 736 69 29 för-

111 771 153 30 behållas
286 773 66 29 den
374 773 262 39 skattskyldige,
660 774 37 29 så
719 776 50 27 att
791 774 54 30 för
867 775 246 40 skatteavdrag
1134 776 54 29 får
1209 778 97 37 tagas
1328 776 10 29 i
1360 777 154 39 anspråk
1536 777 78 29 alle-

105 818 78 27 nast
203 817 67 29 vad
290 826 42 19 av
351 816 102 30 lönen
474 817 220 39 överskjuter
715 819 57 29 det
793 818 220 31 förbehållna
1032 820 169 39 beloppet.
1223 820 64 30 Det
1306 820 135 40 belopp,
1464 830 74 21 som
1560 821 52 29 så-

111 855 106 31 lunda
240 858 88 28 skall
350 857 210 31 förbehållas
583 859 66 29 den
672 859 263 40 skattskyldige,
957 860 63 30 bör
1042 870 73 20 som
1137 862 90 38 regel
1250 863 174 28 motsvara
1447 862 167 29 fastställt

110 898 339 32 existensminimum
468 900 155 30 minskat
642 902 78 28 med
741 902 42 28 de
802 902 203 34 inkomster,
1026 903 66 29 den
1113 904 252 38 skattskyldige
1384 905 70 28 kan
1474 904 139 39 åtnjuta

111 940 78 30 från
210 951 117 20 annan
348 943 43 29 än
412 943 390 39 huvudarbetsgivaren.
824 944 64 31 Det
910 945 217 29 förbehållna
1148 946 159 39 beloppet
1328 947 69 29 kan
1418 947 89 29 dock
1528 947 85 29 ökas

109 984 78 28 med
209 983 123 40 belopp
355 985 244 30 motsvarande
621 986 72 29 dels
716 986 132 29 sådana
870 987 153 39 utgifter,
1048 997 73 20 som
1144 989 59 29 äro
1225 989 220 39 nödvändiga
1468 989 54 29 för
1545 989 68 30 för-

109 1026 174 29 värvande
303 1036 42 20 av
364 1027 65 29 den
450 1026 245 36 löneinkomst,
716 1038 120 20 varom
858 1029 98 39 fråga
977 1031 47 32 är,
1047 1030 64 29 och
1131 1039 74 20 som
1227 1032 59 28 äro
1307 1031 228 39 avdragsgilla
1557 1032 55 29 vid

109 1067 167 40 taxering,
304 1070 22 28 t.
354 1077 49 21 ex.
431 1069 157 39 avgifter,
616 1079 74 20 som
716 1071 68 30 den
812 1071 253 40 skattskyldige
1092 1072 63 30 har
1182 1075 50 27 att
1259 1073 136 40 erlägga
1421 1074 55 29 för
1504 1074 108 29 sådan

108 1110 368 41 pensionsförsäkring
497 1112 82 29 eller
602 1112 97 39 sjuk-
721 1113 82 30 eller
826 1114 415 41 olycksfallsförsäkring,
1266 1125 73 20 som
1362 1116 104 39 tagits
1489 1117 10 28 i
1523 1126 90 20 sam-

109 1152 92 30 band
219 1153 78 29 med
316 1153 120 39 tjänst,
456 1154 83 30 eller
558 1155 155 39 avgifter,
735 1164 74 21 som
828 1156 66 29 den
913 1157 255 39 skattskyldige
1187 1158 9 28 i
1217 1158 168 29 samband
1405 1159 78 29 med
1504 1159 109 39 tjäns-

108 1196 56 28 ten
186 1195 64 30 har
272 1197 50 28 att
344 1197 136 38 erlägga
502 1197 55 29 för
581 1205 83 31 egen
687 1198 82 30 eller
791 1198 253 31 efterlevandes
1068 1200 246 40 pensionering
1337 1202 206 29 annorledes
1567 1203 42 28 än

109 1244 122 31 genom
257 1238 208 40 försäkring,
492 1239 81 30 eller
599 1239 189 30 kostnader
813 1240 54 31 för
892 1250 95 21 resor
1012 1241 51 30 till
1089 1242 63 29 och
1178 1242 79 30 från
1282 1243 141 34 arbetet,
1449 1243 73 30 dels
1548 1244 65 29 ock

108 1279 174 40 tillfälliga
302 1280 143 39 utgifter
466 1290 42 20 av
528 1281 235 41 ofrånkomlig
783 1284 113 33 natur,
919 1293 73 21 som
1013 1284 67 30 den
1101 1285 252 39 skattskyldige
1374 1286 57 29 må
1451 1287 90 29 hava
1562 1288 50 28 att

108 1321 194 31 vidkännas
323 1324 63 28 och
407 1333 74 20 som
502 1323 75 30 icke
597 1324 121 30 kunna
738 1325 144 30 beaktas
902 1326 57 30 vid
981 1326 242 30 fastställande
1244 1337 42 19 av
1306 1328 305 30 existensminimi-

107 1363 168 40 beloppet.
297 1366 13 29 I
331 1365 288 31 förekommande
639 1367 61 29 fall
722 1368 79 38 äger
822 1368 66 29 den
909 1369 115 29 lokala
1046 1370 363 39 skattemyndigheten
1430 1371 119 29 vidare
1568 1390 44 2 —

107 1405 54 30 för
187 1409 49 27 att
262 1407 183 30 förhindra
470 1410 51 27 att
546 1409 66 29 den
638 1409 253 40 skattskyldige
917 1411 56 29 vid
1001 1411 157 38 stigande
1184 1412 153 30 inkomst
1364 1413 87 29 skall
1479 1414 131 38 nödgas

107 1449 97 29 avstå
227 1449 77 29 hela
326 1449 333 41 inkomstökningen
682 1451 52 30 till
759 1453 93 29 skatt
874 1471 44 3 —
940 1452 176 36 förordna,
1141 1456 49 28 att
1214 1463 56 20 om
1294 1455 65 29 den
1384 1456 227 38 skattskyldi-

106 1497 56 31 ges
187 1491 154 30 inkomst
365 1492 61 29 hos
451 1492 381 40 huvudarbetsgivaren
856 1495 104 39 stiger
983 1497 122 28 utöver
1128 1496 57 29 det
1209 1497 217 29 förbehållna
1450 1498 159 39 beloppet

107 1532 244 41 skatteavdrag
370 1535 65 33 må,
455 1534 90 30 intill
565 1535 65 29 den
650 1537 103 37 gräns
772 1536 62 30 där
853 1537 138 29 skatten
1010 1538 69 29 kan
1099 1540 137 37 uttagas
1256 1539 51 29 till
1326 1540 96 34 fullo,
1442 1541 167 29 verkstäl-

106 1574 50 30 las
174 1575 100 39 högst
293 1576 77 29 med
388 1576 124 40 belopp
531 1579 245 29 motsvarande
794 1579 69 30 viss
883 1580 147 38 angiven
1049 1581 137 29 kvotdel
1205 1591 41 20 av
1264 1581 344 41 inkomstökningen.

146 1618 249 41 Skatteavdrag
416 1620 56 29 för
493 1620 229 31 kvarstående
744 1622 94 30 skatt
859 1623 57 30 må
937 1623 115 30 såsom
1075 1624 154 40 framgår
1250 1635 41 20 av
1311 1625 40 30 42
1375 1624 15 37 8
1411 1626 78 30 icke
1509 1627 99 29 verk-

106 1660 119 29 ställas
254 1661 119 29 förrän
401 1662 245 40 skatteavdrag
674 1663 54 30 för
756 1664 203 39 preliminär
988 1666 94 28 skatt
1110 1666 51 29 till
1191 1666 85 30 fullo
1304 1667 210 30 verkställts.
1544 1668 64 29 Vid

105 1702 224 40 nedsättning
352 1713 41 20 av
417 1704 281 40 skatteavdraget
723 1706 54 30 för
801 1706 231 31 kvarstående
1056 1708 93 30 skatt
1173 1709 44 39 på
1241 1710 111 38 grund
1377 1719 42 20 av
1443 1710 166 30 existens-

106 1744 185 30 minimum
318 1745 61 30 bör
407 1746 66 29 den
502 1747 114 29 lokala
645 1748 365 40 skattemyndigheten
1038 1750 119 30 därför
1185 1753 79 36 taga
1291 1752 136 39 hänsyn
1456 1753 51 29 till
1536 1753 72 29 dels

105 1786 66 30 den
200 1787 272 40 skattskyldiges
502 1789 341 31 existensminimum
873 1792 63 29 och
966 1792 73 29 dels
1069 1793 65 29 den
1163 1794 225 38 preliminära
1419 1795 93 29 skatt
1542 1795 66 29 den

105 1828 253 40 skattskyldige
378 1830 63 29 har
464 1832 49 28 att
536 1832 146 38 erlägga.
705 1833 52 29 Då
779 1834 173 29 särskilda
974 1835 75 29 skäl
1072 1836 81 37 göra
1175 1836 56 29 det
1252 1836 164 39 påkallat,
1440 1839 79 37 äger
1542 1838 65 29 den

105 1869 112 31 lokala
239 1871 365 39 skattemyndigheten
623 1874 72 29 dels
716 1875 10 27 i
747 1875 202 39 erforderlig
970 1876 82 30 mån
1072 1877 83 38 höja
1176 1878 56 29 det
1252 1878 132 39 belopp,
1406 1888 74 20 som
1502 1880 106 38 enligt

105 1913 64 28 vad
189 1922 81 29 nyss
291 1916 91 36 sagts
402 1914 89 29 skall
511 1915 210 30 förbehållas
741 1917 66 29 den
827 1918 263 39 skatlskyldige,
1110 1919 72 29 dels
1202 1920 64 29 ock
1286 1920 175 35 förordna,
1482 1923 50 28 att
1550 1922 57 29 vid

104 1953 286 41 inkomstökning
412 1958 121 28 utöver
555 1957 56 29 det
633 1957 218 31 förbehållna
874 1960 159 39 beloppet
1056 1961 245 41 skatteavdrag
1322 1963 57 29 må
1399 1964 208 29 verkställas

103 1995 99 39 högst
224 1998 78 28 med
324 1997 123 40 belopp
470 2000 245 29 motsvarande
736 2001 70 29 viss
829 2002 146 38 angiven
998 2003 139 29 kvotdel
1160 2013 41 20 av
1222 2004 342 41 inkomstökningen.

771 2060 52 29 till
844 2060 40 29 45
907 2060 27 37 8.

150 2106 25 28 1.
213 2106 71 30 Har
308 2107 244 39 skattskyldig,
577 2118 73 20 som
675 2111 87 28 skall
788 2111 137 39 erlägga
949 2112 203 39 preliminär
1178 2114 147 34 A-skatt,
1351 2115 106 39 enligt
1482 2116 125 29 under-

103 2148 139 29 rättelse
273 2149 77 29 från
382 2150 163 38 länsbyrå
577 2151 52 29 för
660 2152 306 39 folkbokföringen
999 2155 124 30 ändrat
1155 2156 182 29 civilstånd
1369 2158 110 29 under
1512 2158 93 29 förra

103 2189 97 29 delen
229 2200 41 19 av
298 2191 239 34 inkomståret,
567 2193 86 29 skall
684 2194 89 29 lokal
803 2196 319 39 skattemyndighet
1151 2200 83 27 utan
1263 2199 149 29 särskild
1441 2201 162 28 anmälan

103 2230 78 30 från
201 2232 65 29 den
288 2233 253 39 skattskyldige
560 2235 137 39 vidtaga
718 2236 66 30 den
803 2236 185 40 jämkning
1008 2248 42 20 av
1070 2240 153 28 nämnda
1243 2241 102 32 skatt,
1367 2250 74 20 som
1462 2252 41 19 av
1523 2243 83 28 änd-

102 2272 120 38 ringen
245 2274 57 29 må
324 2274 166 38 betingas.

147 2315 106 29 Lokal
273 2316 319 39 skattemyndighet
611 2320 79 36 äger
708 2319 129 38 jämväl
859 2323 82 26 utan
962 2322 148 28 särskild
1131 2323 162 29 anmälan
1315 2324 76 29 från
1411 2325 66 29 den
1498 2326 107 29 skatt-

102 2356 156 38 skyldige
284 2359 150 37 upplaga
463 2359 97 38 fråga
588 2369 54 19 om
669 2360 186 40 jämkning
882 2372 41 19 av
950 2364 203 37 preliminär
1180 2365 93 30 skatt
1301 2366 8 28 i
1337 2367 115 38 Övriga
1482 2367 8 28 i
1518 2368 39 29 45
1588 2368 14 35 8

101 2398 230 30 omförmälda
358 2399 69 29 fall.
453 2400 64 29 Vid
545 2401 145 39 höjning
715 2412 41 20 av
780 2404 202 38 preliminär
1008 2406 93 29 skalt
1126 2409 83 27 utan
1235 2408 250 39 skatiskyldigs
1512 2411 92 28 med-

96 2440 144 38 givande
264 2442 61 29 bör
349 2442 173 39 iakttagas
547 2443 232 40 försiktighet,
805 2447 35 29 så
865 2449 50 28 att
939 2449 54 28 för
1016 2449 66 39 hög
1107 2450 106 30 sådan
1240 2452 92 29 skalt
1356 2452 75 29 icke
1455 2455 146 37 uttages.
