2230 2636
444 219 40 30 36
895 222 254 34 Statsutskottets
1179 224 170 33 Utlåtande
1371 225 65 33 N:o
1461 226 53 32 27.

403 311 90 24 vore
535 311 105 25 mera
680 312 231 36 gynsamma
958 301 58 37 för
1057 301 132 51 dylika
1230 304 291 50 mötesplatsers
1563 305 251 52 anläggning,
1859 307 137 38 funnes

400 350 231 49 visserligen
674 364 47 24 en
762 352 119 37 sådan
924 355 20 34 å
976 358 55 32 ett
1058 353 308 51 horizontalplan
1395 356 137 37 mellan
1560 357 333 50 Flemmingsberg
1924 360 69 37 och

400 401 261 49 Björnekulla,
705 416 83 24 men
831 407 49 46 på
922 404 136 38 endast
1101 408 57 46 2,7
1204 406 222 39 kilometers
1467 408 153 38 afstånd
1661 409 81 37 från
1771 410 222 49 Huddinge,

400 453 156 37 hvarför
597 453 13 37 i
652 454 104 37 detta
799 454 68 38 fall
909 456 124 37 blefve
1062 457 239 50 nödvändigt
1330 464 58 32 att
1414 460 58 37 för
1499 460 74 38 den
1603 462 119 36 andra
1749 462 247 50 rigtningens

399 507 68 46 tåg
510 505 171 38 anordna
722 519 46 23 en
810 519 128 25 annan
979 509 226 49 mötesplats
1246 515 176 33 närmare
1463 512 159 38 Tumba.
1678 513 74 37 För
1793 527 47 24 en
1876 514 118 38 sådan

399 556 137 37 funnes
578 557 119 49 ingen
742 571 127 24 annan
912 559 134 50 möjlig
1087 560 101 50 plats
1230 567 47 32 än
1319 562 13 37 i
1375 576 47 24 en
1464 564 155 50 lutning
1651 567 134 35 1:450
1814 565 95 38 midt
1937 566 57 37 för

399 608 142 37 Hamra
584 609 201 49 egendom,
827 611 136 37 endast
1004 614 59 46 2,3
1109 612 200 39 kilometer
1351 615 83 37 från
1464 616 145 37 Tumba
1640 617 70 37 och
1738 617 11 36 i
1778 630 47 24 en
1853 623 140 44 ytterst

399 661 88 35 svår
528 660 72 37 och
643 660 138 50 bergig
821 667 167 46 terräng.
1044 664 147 38 Härvid
1231 678 92 25 vore
1365 666 124 38 tillika
1522 673 56 31 att
1607 668 141 49 märka,
1779 674 55 32 att
1862 669 128 49 linien,

397 711 67 37 der
506 711 126 38 denna
671 714 225 48 mötesplats
926 715 121 37 skulle
1076 716 203 49 anordnas,
1311 717 125 38 blifvit
1463 719 13 36 i
1504 719 140 49 planen
1672 720 58 37 för
1757 721 235 50 utläggning

397 762 44 37 af
477 762 236 52 dubbelspår
753 764 218 51 föreslagen
1011 767 59 37 till
1100 768 165 50 ändring
1293 769 59 37 för
1380 771 204 37 uträtande
1613 772 42 37 af
1678 773 46 36 de
1753 772 140 51 skarpa
1921 774 70 37 och

398 818 74 33 tätt
500 815 184 49 liggande
708 816 203 38 kurvorna.
954 819 322 51 Terrasseringen
1293 820 59 38 för
1367 823 297 49 mötesplatsens
1679 823 175 51 sidospår
1869 824 121 38 skulle

397 866 161 37 sålunda
600 866 86 38 icke
726 868 152 38 komma
920 869 56 38 till
1012 873 130 47 någon
1170 877 109 44 nytta
1307 872 65 38 vid
1402 879 54 32 ett
1483 875 180 37 framtida
1691 876 236 50 utläggande
1955 878 41 36 af

397 917 65 38 det
503 919 119 36 andra
665 922 127 47 spåret
834 923 48 46 på
919 921 84 38 hela
1039 922 122 38 linien
1190 924 138 37 mellan
1357 925 47 37 de
1433 926 95 37 båda
1557 927 247 38 stationerna.
1859 929 132 37 Under

396 970 144 37 sådana
581 970 265 39 förhållanden
889 979 132 43 syntes
1064 975 265 38 anordnandet
1371 977 41 37 af
1450 991 89 24 vare
1581 978 63 50 sig
1684 992 46 24 en
1764 980 226 50 mötesplats

397 1022 159 48 ungefär
586 1022 95 37 midt
709 1023 162 38 emellan
900 1025 235 38 stationerna
1167 1027 12 36 i
1206 1027 431 53 Banslättsskärningen
1667 1031 90 36 eller
1784 1031 42 37 af
1849 1038 140 31 tvenne

396 1072 129 50 dylika
555 1075 271 49 mötesplatser
855 1078 49 47 på
932 1076 86 37 kort
1046 1077 154 38 afstånd
1228 1079 83 37 från
1341 1081 235 38 stationerna
1604 1095 103 36 vara,
1723 1096 59 24 om
1803 1083 86 38 icke
1909 1089 82 32 out-

395 1124 155 49 förbart,
583 1125 98 38 dock
720 1127 153 49 mycket
902 1131 103 34 svårt
1033 1128 72 37 och
1133 1129 169 50 dyrbart.
1358 1131 113 38 Hvad
1499 1134 164 37 särkildt
1691 1134 207 38 beträffade
1926 1136 64 37 det

395 1176 240 38 sistnämnda
663 1178 260 49 alternativet,
952 1193 89 24 vore
1071 1180 67 38 det
1164 1195 45 23 ur
1236 1182 314 52 trafiksynpunkt
1578 1185 91 49 föga
1697 1186 225 49 tilltalande,
1943 1187 47 37 då

394 1227 233 38 tidsvinsten
657 1229 64 37 vid
749 1230 309 50 tågrubbningar
1086 1232 72 37 och
1186 1233 167 39 ändrade
1389 1238 197 47 tågmöten
1615 1237 125 37 blefve
1768 1238 123 49 ringa,
1921 1244 68 32 när

395 1280 323 49 mötesplatserna
747 1281 87 50 låge
863 1285 42 34 så
933 1287 90 33 nära
1051 1284 247 38 stationerna.

522 1332 53 36 Af
600 1332 125 38 denna
752 1334 208 49 utredning
987 1348 118 36 synes
1134 1337 64 36 det
1225 1337 190 39 utskottet
1442 1339 160 51 framgå,
1632 1346 55 32 att
1715 1347 102 32 stora
1840 1342 148 50 svårig-

395 1383 108 37 heter
543 1389 105 32 möta
677 1384 58 37 för
762 1386 245 38 anordnande
1036 1387 43 37 af
1102 1390 296 49 tågmötesplats
1428 1391 139 37 mellan
1594 1392 291 50 ifrågavarande
1913 1400 76 32 sta-

393 1434 126 38 tioner
559 1441 100 31 samt
688 1442 55 32 att
764 1437 284 49 jemförelsevis
1077 1439 217 50 betydande
1323 1442 209 38 kostnader
1559 1444 123 37 skulle
1711 1458 90 25 vara
1833 1446 154 38 dermed

394 1486 191 38 förenade.
642 1488 86 37 Med
770 1489 152 49 hänsyn
963 1490 129 37 härtill
1134 1492 70 37 och
1247 1492 46 37 då
1334 1507 48 24 en
1424 1494 116 38 sådan
1582 1497 216 50 anordning
1826 1497 86 38 icke
1939 1502 48 46 på

394 1538 109 48 långt
544 1543 69 33 när
655 1540 123 37 skulle
820 1540 139 38 bereda
988 1555 145 24 samma
1163 1543 161 38 fördelar
1352 1545 61 38 för
1439 1547 334 52 tågdirigeringen
1802 1563 81 24 som
1913 1550 72 37 den

394 1590 44 36 af
461 1590 140 49 Kongl.
620 1591 108 50 Maj:t
747 1592 219 51 föreslagna
981 1594 281 51 utläggningen
1279 1596 42 37 af
1333 1596 244 52 dubbelspår,
1594 1613 115 24 anser
1723 1600 62 51 sig
1798 1602 188 37 utskottet

394 1641 116 38 hafva
538 1642 85 37 skäl
652 1643 150 38 förorda
831 1644 238 39 sistnämnda
1097 1646 158 51 förslag.

521 1745 90 38 Med
641 1747 86 37 stöd
755 1747 42 37 af
819 1747 67 38 det
914 1748 159 39 anförda
1101 1750 60 37 får
1188 1751 189 39 utskottet
1405 1753 212 50 hemställa,

919 1857 55 32 att
1002 1853 236 51 Riksdagen,
1267 1856 87 37 med
1375 1856 105 38 bifall
1499 1857 59 38 till
1578 1858 140 51 Kongl.
1739 1860 126 50 Maj:ts
1886 1861 97 38 före-

789 1904 168 37 varande
997 1904 285 52 framställning
1324 1908 72 38 och
1438 1910 84 36 med
1553 1911 126 49 afslag
1706 1914 21 34 å
1754 1912 88 38 herr
1869 1914 37 37 J.
1936 1913 45 38 G.

789 1954 243 39 Petterssons
1073 1958 12 36 i
1128 1962 130 33 ämnet
1285 1960 139 38 väckta
1454 1962 157 49 motion,
1643 1966 59 34 må
1728 1964 57 37 för
1813 1967 41 34 år
1885 1967 94 35 1901

789 2006 135 38 anvisa
951 2010 20 34 å
998 2008 230 39 riksstatens
1256 2011 113 48 sjette
1396 2012 245 51 hufvudtitel,
1670 2015 58 37 för
1751 2016 231 50 utläggning

788 2058 43 36 af
854 2059 227 49 ytterligare
1116 2067 55 31 ett
1197 2062 273 52 jernvägsspår
1503 2066 139 37 mellan
1674 2067 207 50 Huddinge
1909 2068 72 37 och

789 2110 146 38 Tumba
949 2111 386 52 jernvägsstationer,
1356 2121 55 31 ett
1431 2116 137 51 belopp
1589 2118 42 37 af
1647 2120 162 45 900,000
1830 2120 150 43 kronor,

787 2162 89 37 med
918 2167 73 32 rätt
1024 2163 59 37 för
1111 2164 140 51 Kongl.
1280 2166 109 50 Maj:t
1417 2173 55 32 att
1499 2169 75 37 låta
1602 2171 86 36 utaf
1710 2171 103 37 detta
1842 2171 137 51 belopp

786 2213 243 38 förskottsvis
1058 2215 124 38 under
1208 2217 258 40 innevarande
1482 2223 41 34 år
1538 2221 42 37 af
1597 2221 243 53 tillgängliga
1855 2224 124 37 medel

786 2265 215 39 utanordna
1029 2268 165 47 300,000
1222 2269 151 39 kronor.
