1884 2832
90 1021 166 27 Yttranden.

290 174 18 30 2
494 174 109 29 Första
624 173 199 29 kammarens
842 172 108 31 andra
971 174 154 36 tillfälliga
1147 173 132 30 utskotts
1302 175 158 28 utlåtande
1482 175 43 28 Nr
1549 172 25 31 7.

336 254 177 31 Motionen
540 256 192 38 avstyrktes
760 265 41 21 av
830 255 110 31 första
968 256 221 30 kammarens
1217 256 109 30 andra
1354 255 172 39 tillfälliga
1553 256 133 29 utskott
1719 254 61 39 (ut-

291 306 140 32 låtande
451 318 41 21 nr
510 308 30 39 3)
567 309 110 30 under
696 308 256 31 framhållande
972 309 44 30 bl.
1037 319 41 26 a.,
1100 312 49 27 att
1170 310 55 29 det
1246 319 41 20 av
1308 309 257 31 motionärerna
1586 308 193 31 framförda

291 361 171 37 yrkandet
486 360 43 41 på
553 361 207 31 hemställan
787 371 57 21 om
869 362 259 39 undersökning
1153 362 147 31 rörande
1324 362 152 30 kontroll
1501 372 42 21 av
1569 363 132 29 mätare
1727 361 53 30 för

291 414 163 31 elektrisk
485 415 111 39 energi
627 416 107 30 redan
762 416 158 30 beaktats
951 425 41 20 av
1021 415 94 31 inom
1145 416 416 39 handelsdepartementet
1592 414 189 31 tillkallade

291 468 219 39 sakkunniga
538 468 54 31 för
620 468 184 31 elektriska
831 469 316 30 kontrollväsendet
1176 472 89 27 samt
1292 472 50 27 att
1370 468 117 31 vidare
1514 468 159 38 åtgärder
1701 466 79 31 från

289 521 204 40 riksdagens
522 521 72 31 sida
625 522 76 30 icke
731 525 113 36 syntes
874 522 55 30 för
959 523 55 29 det
1042 521 198 32 dåvarande
1270 521 194 41 påkallade.
1506 521 176 31 Motionen
1711 521 68 30 för-

290 575 148 30 anledde
457 575 74 30 icke
549 575 107 30 heller
676 574 114 40 någon
809 575 202 40 riksdagens
1032 574 131 40 åtgärd.

334 628 162 31 Nämnda
525 629 228 39 sakkunniga,
783 638 73 21 som
886 629 80 30 med
994 629 230 31 avlämnande
1252 639 41 20 av
1321 629 221 30 betänkande
1572 628 67 30 den
1668 629 20 29 3
1717 627 62 40 juli

292 682 84 30 1936
400 681 140 40 (statens
559 682 61 30 off.
640 682 134 30 utredn.
796 683 97 29 1936:
909 681 53 40 27)
986 682 169 30 förklarat
1174 682 50 40 sig
1242 692 82 21 anse
1342 682 58 31 sitt
1419 681 360 40 utredningsuppdrag

290 735 149 36 slutfört,
468 736 89 30 hava
584 735 220 31 beträffande
833 735 152 31 kontroll
1013 745 42 20 av
1083 736 353 30 elektricitetsmätare
1465 736 121 30 endast
1616 735 89 39 gjort
1733 737 46 28 ett

288 798 95 21 mera
411 789 142 30 allmänt
576 789 179 30 uttalande
779 789 11 29 i
815 798 41 21 en
882 789 80 30 med
987 788 161 31 skrivelse
1174 789 65 30 den
1265 790 40 29 25
1331 789 89 39 april
1446 789 82 30 1934
1555 787 224 32 överlämnad

288 842 185 39 utredning
493 842 146 30 rörande
660 842 149 30 kontroll
830 841 20 31 å
872 842 161 30 elektrisk
1053 842 156 30 materiel
1229 843 64 29 och
1313 842 92 30 hava
1427 841 146 31 sålunda
1594 841 76 31 icke
1690 841 87 31 före-

289 895 100 40 slagit
409 895 107 40 några
532 894 161 41 åtgärder
713 895 11 30 i
744 896 56 30 det
819 895 100 39 syfte,
940 905 73 21 som
1033 895 11 30 i
1062 895 178 31 motionen
1260 894 132 40 avsågs.

332 1012 173 30 Utskottet
524 1012 64 30 har
612 1011 172 31 inhämtat
805 1011 185 39 yttranden
1012 1012 79 29 över
1114 1011 176 30 motionen
1313 1010 80 31 från
1415 1010 362 39 kommerskollegium

286 1067 64 29 och
372 1066 154 30 Svenska
547 1065 290 31 stadsförbundet.
871 1060 91 35 Över
982 1065 175 30 motionen
1179 1065 45 30 II:
1239 1065 73 36 351,
1335 1074 75 21 som
1432 1074 42 21 av
1491 1064 109 30 andra
1620 1065 156 29 kamma-

288 1124 60 21 ren
370 1116 178 31 hänvisats
571 1117 51 30 till
645 1117 77 30 dess
744 1117 111 39 fjärde
878 1117 172 40 tillfälliga
1072 1118 142 35 utskott,
1236 1118 63 30 har
1322 1118 94 30 detta
1438 1118 131 29 utskott
1591 1116 187 31 införskaf-

284 1168 51 31 fat
359 1170 185 38 yttranden
570 1169 79 32 från
676 1174 127 27 statens
828 1171 317 39 provningsanstalt
1171 1171 64 31 och
1262 1171 154 31 Svenska
1442 1170 334 31 elektricitetsverks-

289 1222 213 40 föreningen.

334 1276 371 40 Kommerskollegium
727 1278 162 39 upplyser
910 1277 52 30 till
981 1287 41 21 en
1042 1277 134 39 början,
1199 1280 48 27 att
1269 1276 144 31 officiell
1433 1277 151 30 kontroll
1604 1277 10 30 i
1635 1286 43 21 en
1701 1276 80 31 eller

290 1339 118 21 annan
436 1330 90 31 form
553 1340 41 21 av
622 1330 354 31 elektricitetsmätare
1001 1330 113 31 finnes
1142 1330 117 31 införd
1285 1330 11 30 i
1323 1330 109 31 bland
1458 1333 106 28 annat
1591 1330 188 39 Tyskland,

290 1383 171 39 England,
500 1383 200 37 Frankrike,
739 1384 148 39 Belgien,
917 1383 307 40 Tjeckoslovakien
1250 1384 66 30 och
1344 1383 162 31 Schweiz.
1548 1384 13 30 I
1589 1384 190 35 Danmark,

290 1437 113 40 Norge
427 1438 65 30 och
517 1437 149 31 Finland
690 1438 97 30 torde
811 1437 157 31 däremot
992 1437 165 30 officiella
1180 1437 260 31 bestämmelser
1464 1437 11 30 i
1501 1438 116 30 ämnet
1642 1438 136 29 saknas.

333 1491 272 31 Beträffandena
630 1490 265 32 förhållandena
921 1490 12 30 i
959 1490 134 39 Sverige
1119 1490 102 31 anför
1245 1490 377 40 kommerskollegium:

337 1561 95 31 »Den
455 1561 106 40 årliga
585 1561 275 39 förbrukningen
884 1571 44 21 av
951 1561 159 30 elektrisk
1135 1561 114 39 energi
1272 1561 11 30 i
1307 1561 137 40 Sverige
1467 1561 134 40 uppgår
1623 1562 24 30 f.
1672 1572 32 21 n.
1729 1562 51 30 till

289 1607 10 29 i
314 1610 82 28 runt
413 1608 47 30 tal
476 1609 16 28 7
509 1607 177 40 miljarder
701 1606 292 31 kilowattimmar.
1021 1602 93 34 Även
1131 1616 57 20 om
1205 1606 220 39 betalningen
1441 1606 54 31 för
1511 1607 66 30 den
1594 1607 185 30 elektriska

290 1652 150 37 kraften,
466 1653 10 30 i
502 1653 66 30 den
593 1652 84 31 mån
703 1653 66 29 den
794 1652 170 39 försäljes,
991 1652 120 30 endast
1137 1651 107 30 delvis
1270 1652 153 39 erlägges
1449 1652 11 30 i
1486 1652 90 30 form
1602 1661 43 21 av
1672 1652 107 39 avgift

289 1707 60 30 per
368 1697 192 31 förbrukad
581 1697 272 36 kilowattimme,
876 1698 38 29 är
936 1697 55 30 det
1011 1697 88 30 dock
1119 1696 134 39 tydligt,
1275 1700 49 27 att
1345 1700 47 27 ett
1412 1698 137 38 mycket
1569 1698 111 30 starkt
1699 1698 79 30 eko-

290 1743 155 31 nomiskt
472 1743 142 30 intresse
642 1742 112 31 måste
782 1742 193 31 förefinnas
1004 1751 41 21 av
1075 1745 50 27 att
1154 1742 173 39 möjligast
1356 1742 212 31 rättvisande
1597 1746 183 36 apparater

290 1788 51 31 stå
364 1789 51 30 till
435 1787 204 40 förfogande
659 1787 54 31 för
734 1787 177 39 energiens
932 1787 238 40 uppmätning.
1204 1786 48 32 På
1273 1788 114 30 denna
1407 1789 112 38 punkt
1539 1789 112 29 mötas
1672 1788 107 31 kraft-

290 1833 224 40 försäljarens
533 1834 64 30 och
617 1833 268 39 kraftköparens
905 1832 175 31 intressen.

334 1879 66 31 Det
424 1881 39 29 är
485 1888 143 21 numera
652 1877 106 32 också
781 1878 135 39 möjligt
940 1881 49 27 att
1020 1878 2 30 i
1045 1878 216 30 marknaden
1285 1877 132 32 erhålla
1440 1878 184 32 elektriska
1648 1880 132 29 mätare

290 1925 80 30 med
400 1934 43 21 en
471 1923 271 32 förhållandevis
771 1924 67 38 hög
868 1923 86 39 grad
982 1932 42 21 av
1053 1923 248 39 noggrannhet.
1344 1923 68 30 För
1441 1924 137 39 vanliga
1607 1924 171 30 kommer-

292 1970 95 30 siella
415 1971 131 29 mätare
572 1969 121 40 plägar
720 1968 266 39 missvisningen
1012 1968 58 30 vid
1096 1969 177 29 mätarnas
1299 1969 157 30 leverans
1483 1968 79 31 från
1589 1969 191 39 respektive

290 2015 197 30 tillverkare
508 2015 64 30 och
594 2014 179 39 grossister
794 2013 144 39 angivas
960 2013 89 39 ligga
1071 2013 96 30 inom
1191 2014 186 38 gränserna
1407 2011 84 39 +1,5
1512 2015 20 29 å
1561 2011 85 39 +t3,0
1665 2012 28 36 Z
1723 2014 58 30 vid

290 2070 42 21 en
356 2060 195 40 belastning
575 2069 43 21 av
647 2060 148 30 10—100
816 2056 28 36 Z
876 2069 43 20 av
944 2059 66 30 den
1035 2059 341 39 normalbelastning,
1401 2059 56 30 för
1481 2059 115 31 vilken
1621 2061 160 29 mätarna

291 2107 58 30 äro
369 2106 161 30 avsedda.
562 2105 146 30 Särskilt
726 2104 57 31 vid
802 2105 93 38 lägre
915 2104 192 39 belastning
1127 2105 71 29 kan
1218 2104 266 40 missvisningen
1503 2105 89 30 dock
1610 2105 94 30 bliva
1723 2114 56 21 av-

291 2152 113 30 sevärt
425 2152 115 29 större.
575 2149 264 40 Missvisningen
862 2150 38 29 är
922 2149 167 39 därjämte
1110 2150 170 29 beroende
1300 2167 44 3 —
1365 2149 56 30 för
1442 2159 106 29 nyare
1569 2151 212 38 mätartyper

290 2197 90 30 dock
404 2196 159 39 vanligen
586 2196 97 30 inom
706 2193 135 32 relativt
865 2195 108 30 snäva
998 2195 139 38 gränser
1159 2212 44 4 —
1226 2204 42 20 av
1292 2194 209 31 variationer
1523 2195 11 30 i
1558 2198 220 36 temperatur,

291 2241 174 40 spänning
489 2251 44 20 m.
559 2251 44 20 m.
632 2242 163 29 ävensom
821 2249 43 21 av
890 2249 43 21 en
958 2240 54 30 del
1037 2240 109 30 andra
1172 2239 205 39 fysikaliska
1403 2240 161 30 faktorer.
1593 2240 74 31 Den
1693 2241 85 29 mät-

290 2287 249 39 noggrannhet,
560 2296 74 21 som
653 2289 86 27 utan
758 2285 115 30 alltför
893 2288 93 27 stora
1004 2285 187 30 kostnader
1209 2286 69 29 kan
1297 2284 112 37 ernås,
1429 2286 37 30 är
1486 2285 170 39 därjämte
1675 2285 105 40 något

289 2333 94 30 olika
403 2332 56 31 för
477 2332 91 32 olika
588 2332 222 38 mätartyper.

334 2378 172 30 Inverkan
524 2376 45 41 på
587 2376 360 39 mätnoggrannheten
966 2375 89 31 hava
1074 2375 118 31 vidare
1212 2376 41 30 de
1272 2375 244 40 förändringar
1535 2385 42 22 av
1596 2376 183 31 mekanisk

291 2423 65 30 och
373 2423 163 30 elektrisk
553 2425 61 33 art,
634 2432 75 20 som
726 2421 136 30 inträda
879 2421 11 29 i
908 2422 165 35 mätaren,
1092 2421 107 30 sedan
1217 2421 112 30 denna
1347 2420 116 40 någon
1480 2421 49 31 tid
1546 2421 88 31 varit
1648 2422 14 29 i
1679 2421 99 31 bruk.

291 2468 107 30 Dessa
421 2467 252 40 förändringar,
697 2476 74 21 som
791 2465 193 31 merendels
1004 2466 81 30 bero
1108 2475 42 21 av
1173 2466 118 39 slitage
1313 2466 66 31 och
1402 2465 143 42 åldring,
1568 2467 122 30 kunna
1711 2465 68 31 för-
