1852 2778
246 166 20 30 8
560 166 125 35 Tredje
703 166 244 39 lagutskottets
965 167 180 30 utlåtande
1163 176 42 21 nr
1222 168 41 29 22
1280 168 39 30 år
1337 168 81 30 1961

246 272 61 30 fall
326 273 136 29 ändock
480 272 140 30 komme
638 274 51 28 att
706 272 117 31 finnas
841 282 42 21 en
903 273 178 39 mångfald
1101 275 96 29 äldre
1214 274 147 31 servitut
1378 284 41 20 av
1437 275 94 30 olika
1549 276 84 39 slag,
1653 285 73 20 som

246 317 75 29 icke
341 326 81 21 vore
443 318 179 38 upptagna
644 318 10 29 i
675 317 369 39 fastighetsböckerna.
1067 319 41 36 Ej
1132 319 108 29 heller
1261 319 54 30 för
1336 319 114 39 någon
1472 329 117 21 annan
1612 320 115 30 såsom

246 362 104 38 gräns
374 361 143 40 lämplig
540 361 167 36 tidpunkt
728 362 96 29 torde
849 362 209 40 tillräckliga
1084 363 76 30 skäl
1187 363 118 30 kunna
1329 363 155 31 anföras.
1510 365 65 29 Vid
1603 364 124 30 sådant

247 405 219 30 förhållande
485 406 65 29 och
569 406 43 29 då
632 405 266 40 försiktigheten
917 406 125 37 bjuder
1061 409 52 28 att
1131 407 71 30 lika
1222 408 74 30 litet
1314 408 10 29 i
1344 408 99 39 fråga
1462 417 55 21 om
1537 409 96 30 äldre
1653 418 74 21 som

244 457 109 32 yngre
373 450 146 29 servitut
539 449 114 31 tillåta
675 450 171 40 rubbning
866 460 42 21 av
929 451 152 30 träffade
1101 452 91 29 avtal
1214 452 63 30 har
1297 453 59 39 jag
1377 453 11 29 i
1409 453 109 30 likhet
1539 454 78 29 med
1640 454 88 30 lant-

246 494 297 37 mäteristyrelsen
566 496 143 28 stannat
730 495 56 29 vid
810 496 66 29 den
898 496 151 39 mening,
1073 498 52 28 att
1147 496 114 40 någon
1284 497 149 40 ändring
1455 498 11 29 i
1490 498 238 39 utbrytnings-

246 539 169 29 avseende
434 547 47 20 nu
500 539 76 29 icke
595 539 63 29 bör
676 540 99 38 göras
793 540 10 29 i
822 539 99 40 fråga
940 549 55 21 om
1015 541 270 30 avtalsservitut.

290 582 73 30 Vad
389 583 161 39 slutligen
572 583 171 30 beträffar
767 584 40 30 de
832 584 222 40 skogsfångs-
1079 585 65 30 och
1168 586 329 34 mulbetesservitut,
1522 587 95 30 vilka
1642 589 84 28 utan

246 627 76 29 stöd
343 636 42 20 av
404 627 55 39 lag
477 627 120 30 kunna
618 628 88 29 hava
726 628 221 36 uppkommit
966 629 55 29 vid
1042 630 78 38 laga
1139 630 150 39 delning,
1309 630 54 30 stå
1382 631 274 40 uppenbarligen
1676 633 52 33 de,

244 671 94 29 vilka
358 671 204 30 tillkommit
580 672 57 29 vid
658 673 261 39 ägostyckning,
938 674 340 30 avtalsservituteten
1299 675 133 39 ganska
1451 677 96 29 nära.
1567 676 50 30 De
1635 677 93 36 prin-

245 715 137 36 cipiella
397 716 304 39 invändningarna
716 719 72 28 mot
803 717 205 42 utbrytning
1022 727 43 21 av
1080 719 260 30 avtalsservitut
1354 719 45 37 på
1414 721 65 29 den
1495 720 232 40 berättigades

244 759 157 37 yrkande
417 760 110 30 måste
542 760 90 30 dock
648 770 99 21 anses
763 762 82 38 göra
861 762 51 39 sig
926 763 136 29 mindre
1078 763 114 30 starkt
1207 764 159 39 gällande
1381 764 56 29 vid
1454 765 101 30 dessa
1571 766 156 30 servitut.

245 804 46 29 Ur
311 804 162 36 praktisk
493 805 182 36 synpunkt
696 806 106 34 torde,
823 806 45 36 på
887 807 72 29 sätt
980 807 325 40 kammarkollegiet
1326 808 66 30 ock
1413 809 185 35 förmenat,
1621 810 106 39 några

245 848 277 39 betänkligheter
543 849 77 30 icke
642 850 131 30 behöva
794 851 107 37 hysas
923 853 73 28 mot
1018 854 51 27 att
1090 852 77 39 giva
1188 853 65 29 den
1276 853 200 31 härskande
1499 853 228 40 fastighetens

246 892 101 39 ägare
365 893 71 29 rätt
454 895 50 28 att
522 893 142 36 påkalla
683 894 202 40 utbrytning
903 896 11 29 i
933 895 98 40 fråga
1049 905 57 21 om
1126 897 68 29 alla
1211 897 57 29 vid
1289 898 76 39 laga
1384 898 141 39 delning
1543 899 184 30 tillkomna

246 937 156 30 servitut.

290 981 13 29 I
325 981 152 39 enlighet
498 983 78 29 med
598 992 48 20 nu
668 984 148 38 angivna
837 985 151 38 grunder
1010 985 98 30 torde
1130 985 109 30 sådan
1262 986 149 40 ändring
1430 987 85 30 böra
1537 988 158 39 vidtagas
1718 989 10 29 i

246 1024 40 30 20
309 1025 78 36 kap.
409 1025 18 30 3
451 1026 13 33 8
487 1026 355 41 jorddelningslagen,
862 1030 53 29 att
935 1030 101 38 ägare
1058 1038 42 21 av
1119 1030 198 30 härskande
1340 1030 166 40 fastighet
1525 1032 12 29 i
1559 1033 169 30 avseende

247 1068 19 30 å
282 1069 358 40 utbrytningsvitsord
658 1072 167 30 likställes
841 1074 78 28 med
936 1074 101 39 ägare
1054 1083 42 20 av
1112 1074 168 36 tjänande
1297 1075 175 40 fastighet,
1489 1077 89 29 dock
1595 1079 51 27 att
1663 1087 67 20 ser-

246 1113 100 34 vitut,
370 1123 73 20 som
467 1115 205 31 tillkommit
692 1124 120 31 genom
836 1118 104 34 avtal,
962 1118 30 36 ej
1019 1118 57 30 må
1098 1119 45 36 på
1166 1119 88 30 hans
1276 1120 157 37 yrkande
1457 1121 170 37 utbrytas,
1651 1122 77 30 med

247 1157 134 31 mindre
400 1159 57 29 det
472 1159 105 35 visas,
595 1162 52 29 att
664 1161 179 30 servitutet
861 1162 195 37 äventyras.

291 1257 73 30 Den
385 1266 42 20 av
446 1258 383 36 departementschefen
850 1259 148 31 sålunda
1018 1260 199 40 föreslagna
1237 1262 192 39 ändringen
1451 1263 172 30 förelades
1645 1264 86 30 riks-

247 1311 110 39 dagen
381 1311 11 29 i
416 1311 218 36 proposition
659 1321 41 20 nr
725 1312 138 35 6/1931.
891 1313 110 30 Sedan
1027 1314 188 40 riksdagen
1239 1315 129 30 bifallit
1392 1317 263 35 propositionen
1678 1320 52 27 ut-

246 1363 163 30 färdades
435 1364 54 40 lag
511 1365 11 28 i
547 1365 120 30 ämnet
690 1366 65 29 den
780 1365 40 30 24
845 1367 88 35 april
961 1367 92 30 1931.
1079 1368 226 39 Lagrummet
1329 1369 10 29 i
1367 1369 97 40 fråga
1489 1370 64 29 har
1576 1370 153 31 därefter

246 1417 75 29 icke
340 1417 187 39 undergått
544 1417 107 40 något
670 1418 205 40 förändring

245 1526 172 31 Motioner
437 1527 56 30 vid
513 1529 85 29 1934
618 1529 57 30 års
695 1529 140 40 riksdag

290 1589 64 29 Vid
375 1589 82 30 1934
475 1589 56 31 års
549 1591 144 41 riksdag
709 1592 138 30 väcktes
866 1593 172 30 motioner
1061 1594 45 34 (1:
1125 1594 58 30 141
1204 1595 64 29 och
1286 1595 45 29 II:
1347 1595 95 35 296),
1460 1597 73 29 vari
1551 1597 178 30 hemställ-

245 1642 59 30 des
331 1652 56 20 om
415 1643 107 30 sådan
551 1644 149 40 ändring
724 1654 42 20 av
792 1645 363 41 jorddelningslagens
1182 1648 261 31 bestämmelser
1471 1650 178 39 angående
1677 1653 52 27 ut-

245 1695 165 40 brytning
436 1706 41 20 av
503 1698 148 30 servitut
676 1700 50 28 att
750 1699 66 29 den
842 1699 199 31 härskande
1069 1700 230 40 fastighetens
1326 1703 102 38 ägare
1455 1703 109 29 erhöll
1594 1713 134 20 samma

245 1749 69 29 rätt
335 1751 51 28 att
406 1749 125 40 begära
551 1751 205 40 utbrytning
776 1761 75 21 som
873 1754 126 38 ägaren
1022 1763 41 20 av
1084 1755 67 29 den
1174 1755 167 36 tjänande
1364 1755 220 40 fastigheten.
1608 1757 121 29 Motio-

244 1810 109 22 nerna
379 1803 210 31 hänvisades
616 1805 51 29 till
695 1806 108 29 andra
831 1806 237 39 lagutskottet,
1106 1816 75 21 som
1209 1809 9 28 i
1242 1809 143 29 ärendet
1413 1817 107 31 avgav
1547 1810 180 30 utlåtande

245 1864 41 20 nr
308 1855 162 35 21/1934.

288 1917 51 29 Av
362 1918 66 29 den
452 1919 189 40 utredning
665 1929 72 21 som
762 1920 151 41 företogs
937 1923 11 28 i
972 1923 144 29 ärendet
1140 1923 57 30 må
1220 1924 64 29 här
1309 1924 136 39 intagas
1471 1924 167 37 följande.

287 1980 161 34 Servitut,
469 1980 187 31 bestående
677 1983 10 28 i
708 1984 68 29 rätt
796 1984 51 29 till
870 1984 189 40 skogsfång
1079 1985 83 29 eller
1183 1986 162 34 mulbete,
1368 1988 116 35 syntes
1507 1986 217 31 förekomma

243 2033 278 40 huvudsakligen
553 2035 11 29 i
597 2035 40 29 de
669 2036 232 31 norrländska
934 2038 112 29 länen.
1080 2038 67 29 För
1179 2039 310 30 Västernorrlands
1522 2040 54 30 del
1610 2041 116 29 kunde

244 2087 131 29 antalet
400 2087 210 39 lägenheter,
637 2098 74 20 som
736 2089 173 31 innehade
935 2091 248 35 servitutsrätt,
1210 2093 77 28 med
1315 2093 163 30 säkerhet
1504 2094 142 39 angivas
1674 2094 51 30 till

243 2141 49 28 ett
316 2139 206 41 femsiffrigt
548 2142 59 29 tal.
629 2159 44 4 —
698 2142 226 32 Beträffande
951 2146 123 35 nyttan
1101 2154 43 20 av
1169 2145 146 30 servitut
1342 2146 81 30 kom
1450 2146 94 30 olika
1572 2147 154 37 uppfatt-

242 2195 125 39 ningar
393 2195 52 29 till
471 2204 114 28 synes.
611 2214 45 4 —
681 2196 210 40 Utbrytning
917 2206 42 21 av
985 2198 158 34 servitut,
1171 2208 73 20 som
1272 2199 204 30 tillkommit
1503 2208 124 31 genom
1656 2202 70 28 sär-

243 2247 83 31 skilt
351 2249 92 29 avtal
468 2251 86 27 utan
582 2249 168 30 samband
776 2251 78 28 med
881 2250 193 36 upplåtelse
1101 2260 42 20 av
1170 2251 221 40 fastigheten,
1416 2253 115 30 kunde
1558 2263 42 20 ur
1627 2254 97 36 jord-

241 2301 344 40 delningssynpunkt
614 2302 180 30 föranleda
825 2304 190 30 avsevärda
1043 2304 199 30 nackdelar.
1274 2305 65 30 Det
1369 2306 167 30 utbrutna
1568 2307 157 30 området

242 2353 80 30 kom
341 2355 175 39 nämligen
535 2357 52 29 att
604 2356 94 29 bilda
717 2356 148 30 särskild
885 2357 166 39 fastighet
1069 2359 86 28 utan
1173 2358 112 39 någon
1306 2359 238 39 samhörighet
1561 2361 78 28 med
1659 2361 65 29 den

242 2406 166 41 fastighet
429 2408 55 30 för
504 2409 137 30 vilkens
664 2411 98 35 nytta
786 2410 181 31 servitutet
988 2411 139 30 bildats.
1151 2411 66 29 Om
1241 2412 40 30 de
1303 2412 90 30 båda
1417 2412 251 40 fastigheterna
1691 2413 31 36 ej

242 2461 255 31 sammanlades
517 2462 108 30 fanns
644 2463 100 39 ingen
766 2464 135 38 garanti
921 2463 54 30 för
995 2466 50 28 att
1065 2464 41 30 de
1125 2465 10 29 i
1156 2464 272 40 fortsättningen
1450 2466 111 30 skulle
1583 2466 141 31 komma
