2196 2612
173 245 63 30 Nytt
257 246 98 30 anslag.

197 556 144 25 Ekonomi-

173 590 125 32 byggnad
309 589 40 25 för

198 624 134 24 undervis-

223 659 66 29 ning
306 657 8 24 i

196 690 147 32 trädgårds-

188 726 99 24 skötsel
306 725 43 24 vid

198 759 146 24 folkskole-

179 793 151 25 seminariet
346 793 9 24 i

176 826 85 25 Falun
277 835 31 16 m.
324 835 32 16 m.

226 869 91 46 [25.]

197 2023 149 24 Utskottets

205 2057 129 30 yttrande.

389 170 38 29 16
911 172 229 27 Sta'sutskottets
1163 172 150 27 utlåtunde
1336 169 51 30 Nr
1411 173 21 27 &
1452 173 37 26 B.

889 253 52 29 att
960 247 195 48 riksdagen
1177 250 59 32 må
1254 247 59 35 till
1329 247 236 36 bestridande
1583 261 44 21 av
1646 248 199 37 kostnader
1863 249 57 37 för
1939 250 59 34 tn-

788 298 160 45 redning
976 298 61 35 och
1069 298 194 46 möblering
1293 309 49 23 av
1366 299 42 34 de
1434 310 77 33 nya
1538 299 262 46 byggnaderna
1814 300 70 45 för
1895 300 101 46 folk-

787 348 313 35 skoleseminariet
1127 348 15 34 i
1168 348 124 43 Lund,
1323 353 127 29 utöver
1477 348 70 35 vad
1574 361 43 22 av
1648 350 92 33 1917
1771 351 59 32 års
1849 350 149 47 riksdag

790 397 56 35 för
873 397 209 36 ändamålet
1110 397 182 47 beviljats,
1314 399 124 34 anvisa
1457 400 46 45 på
1521 398 223 47 tilläggsstat
1764 397 58 36 för
1841 402 40 32 år
1902 402 93 33 1918

788 453 54 30 ett
869 448 374 47 reservationsanslag
1270 460 43 23 av
1343 449 135 42 65,000
1503 448 147 36 kronor.

488 547 98 47 25:o0)
640 549 135 47 Kungl.
806 548 105 47 Maj:t
938 549 66 34 har
1031 547 190 48 föreslagit
1249 548 198 48 riksdagen
1474 554 53 29 att
1556 547 56 36 för
1636 547 232 49 uppförande
1888 561 44 22 av
1951 562 44 21 en

386 598 347 50 ekonomibyggnad
760 598 59 36 för
838 597 393 37 folkskoleseminariet
1249 600 12 33 i
1281 598 129 44 Falun,
1436 599 6 34 i
1461 598 248 48 huvudsaklig
1727 603 269 31 överensstäm-

387 651 110 34 melse
525 649 84 36 med
636 648 58 36 för
721 649 207 35 ändamålet
955 661 45 23 av
1028 648 186 48 professor
1241 649 41 35 E.
1317 647 223 38 Lallerstedt
1573 648 222 49 upprättade
1814 649 184 48 ritningar

387 700 67 36 och
483 699 417 48 arbetsbeskrivningar,
928 705 173 29 ävensom
1130 698 56 36 för
1212 699 180 48 flyttning
1418 712 43 22 av
1488 698 72 36 den
1582 702 21 32 å
1626 700 232 34 seminariets
1876 699 121 47 gamla

387 755 95 31 tomt
509 750 191 48 befintliga
727 748 404 37 vaktmästarbostaden
1157 750 57 34 till
1242 749 63 36 det
1333 763 73 35 nya
1424 749 364 36 seminarieområdet
1808 750 125 35 anvisa
1951 752 46 45 på

388 802 225 46 tilläggsstat
639 799 57 37 för
723 803 40 32 år
794 801 94 34 1918
916 805 53 30 ett
995 800 377 48 reservationsanslag
1399 813 43 22 av
1472 801 135 42 19,000
1635 800 146 35 kronor.

489 850 256 48 Utredningen
774 850 197 35 återfinnes
1000 853 20 32 å
1048 849 67 36 sid.
1146 852 145 33 53—57
1322 851 11 33 i
1362 850 411 48 statsrådsprotokollet.

488 951 208 48 Riksdagen
716 951 65 35 har
801 953 40 33 år
859 952 92 33 1911
968 951 58 34 till
1041 950 114 48 inköp
1171 963 42 22 av
1227 956 96 30 tomt
1338 949 57 36 för
1410 950 280 48 ifrågavarande
1705 949 291 37 folkskolesemi-

387 1004 143 33 narium
560 1007 92 30 samt
679 1002 58 34 till
766 1000 232 49 uppförande
1026 999 88 36 därå
1141 1014 42 21 av
1211 1014 72 35 nya
1316 1000 215 49 byggnader
1549 1000 59 36 för
1626 1001 202 35 detsamma
1846 1000 151 47 beviljat

386 1058 54 30 ett
467 1053 128 46 anslag
622 1065 43 22 av
692 1051 157 48 tillhopa
878 1052 160 42 537,100
1066 1051 147 35 kronor.
1259 1050 214 37 Sedermera
1505 1051 171 36 anvisade
1710 1052 96 34 1913
1827 1053 58 32 års
1904 1051 92 34 riks-

386 1102 71 49 dag
485 1101 57 36 för
570 1101 206 36 beredande
804 1115 46 22 av
878 1100 244 49 erforderliga
1150 1101 118 36 medel
1298 1102 57 34 till
1383 1101 200 48 dränering
1610 1102 68 35 och
1707 1102 228 47 anläggning
1953 1113 43 22 av

386 1152 177 49 trädgård
590 1155 20 32 å
637 1152 156 36 berörda
819 1157 97 31 tomt
944 1156 54 31 ett
1025 1151 135 49 belopp
1188 1164 59 23 om
1280 1153 133 42 18,000
1440 1153 145 34 kronor.

486 1203 161 36 Behovet
683 1216 43 22 av
755 1202 44 35 de
827 1216 51 22 nu
906 1201 210 47 föreslagna
1142 1203 218 48 ytterligare
1388 1201 263 50 byggnaderna
1680 1200 56 36 för
1763 1202 236 35 seminariets

386 1255 157 45 räkning
571 1254 66 35 har
655 1253 237 48 uppkommit
910 1252 217 47 därigenom
1146 1257 65 39 att,
1231 1253 47 35 då
1297 1252 316 48 undervisningen
1633 1253 11 33 i
1663 1251 334 48 trädgårdsskötsel

387 1304 81 35 från
506 1304 68 35 och
612 1303 83 35 med
726 1303 137 35 läsåret
893 1303 246 36 1918—1919
1169 1303 91 35 skall
1288 1303 77 35 helt
1393 1302 184 48 förläggas
1604 1302 57 35 till
1689 1301 71 36 den
1789 1314 73 36 nya
1890 1302 108 35 semi-

386 1353 339 47 narieträdgården,
763 1353 45 35 de
844 1356 21 32 å
904 1353 122 47 gamla
1066 1357 141 31 tomten
1248 1353 195 48 befintliga
1473 1351 462 50 trädgårdsbyggnaderna
1962 1351 33 46 ej

386 1406 128 46 längre
555 1405 124 34 kunna
708 1403 58 36 för
794 1405 63 34 sitt
885 1403 170 35 ändamål
1083 1403 185 36 användas
1296 1404 67 35 och
1392 1416 44 22 en
1464 1403 108 47 högst
1599 1401 176 37 avsevärd
1802 1402 194 35 inskränk-

387 1456 91 46 ning
504 1455 12 34 i
543 1454 103 47 fråga
673 1467 59 22 om
761 1454 288 48 lokalutrymme
1078 1452 58 36 för
1163 1453 335 48 trädgårdsarbetet
1526 1452 156 36 sålunda
1708 1451 182 37 inträffar.

488 1504 441 47 Folkskolöverstyrelsen
944 1504 66 35 har
1020 1503 11 34 i
1043 1505 57 34 sin
1111 1505 11 34 i
1135 1504 109 35 saken
1255 1503 132 48 gjorda
1398 1503 218 35 hemställan
1629 1504 162 46 upplyst,
1803 1507 54 30 att
1867 1502 132 35 under-

387 1555 220 47 handlingar
621 1556 128 45 pågått
762 1554 189 47 angående
963 1552 209 50 uthyrande
1183 1554 88 34 eller
1282 1552 223 48 försäljande
1517 1565 43 23 av
1572 1552 71 36 den
1653 1553 121 47 gamla
1785 1552 211 36 seminarie-

387 1611 140 29 tomten
568 1604 82 35 med
692 1603 88 36 därå
820 1604 192 46 befintliga
1052 1603 216 48 byggnader
1313 1603 68 36 och
1426 1608 53 30 att
1531 1602 128 36 därvid
1691 1607 54 31 ett
1780 1601 217 49 förmånligt

387 1654 220 49 köpeanbud
647 1655 159 45 avgivits
844 1667 43 22 av
914 1653 107 37 Stora
1048 1654 259 48 Kopparbergs
1334 1653 194 49 Bergslags
1556 1653 232 48 Aktiebolag,
1817 1665 78 23 som
1924 1652 74 36 för-

388 1706 118 34 klarat
546 1706 58 45 sig
642 1704 121 47 villigt
803 1710 54 29 att
888 1705 136 47 inköpa
1065 1704 161 35 nämnda
1253 1703 180 49 egendom
1461 1703 57 36 för
1545 1716 45 22 en
1619 1716 143 23 summa
1789 1716 45 22 av
1863 1704 134 42 83,000

390 1756 145 35 kronor.
573 1755 54 35 En
654 1756 196 46 väsentligt
880 1759 116 31 större
1024 1756 163 34 inkomst
1205 1767 43 23 av
1268 1754 249 48 egendomens
1537 1753 223 48 försäljning
1778 1760 47 28 än
1842 1753 156 48 tidigare

389 1806 160 47 antagits
577 1806 117 34 skulle
722 1805 158 35 erhållas
908 1804 62 35 vid
998 1810 54 30 ett
1079 1804 206 48 antagande
1313 1817 43 22 av
1385 1804 97 36 detta
1506 1803 137 37 anbud.
1685 1804 70 35 Det
1782 1804 68 35 har
1874 1802 124 37 därför

389 1861 103 43 synts
520 1856 268 48 överstyrelsen
816 1868 86 22 vara
929 1868 44 23 av
1001 1856 193 48 synnerlig
1220 1855 90 43 vikt,
1327 1860 53 30 att
1407 1855 119 35 denna
1546 1854 269 47 angelägenhet
1835 1853 81 36 med
1937 1854 61 34 det

389 1910 161 31 snaraste
578 1906 102 35 bleve
707 1905 153 36 ordnad.

492 2006 77 35 Mot
607 2006 44 35 de
692 2005 209 49 föreslagna
941 2005 388 49 byggnadsarbetenas
1370 2004 219 48 vidtagande
1618 2006 64 34 har
1710 2005 183 35 utskottet
1919 2004 79 36 icke

391 2061 112 44 något
530 2062 54 30 att
620 2058 131 33 erinra.
807 2056 190 36 Utskottet
1024 2056 66 36 vill
1118 2055 206 36 emellertid
1351 2055 206 42 framhålla,
1586 2060 53 30 att
1665 2054 241 36 förevarande
1933 2068 64 22 an-

392 2106 256 49 slagsäskande
675 2107 118 46 enligt
822 2107 198 35 utskottets
1048 2108 151 46 mening
1225 2107 81 34 icke
1334 2113 40 28 är
1401 2118 43 23 av
1471 2111 109 30 natur
1608 2110 53 31 att
1688 2106 93 35 hava
1799 2105 85 36 bort
1903 2119 94 35 upp-

391 2165 102 40 tagas
521 2160 20 32 å
568 2157 235 48 tilläggsstat,
832 2170 84 22 men
945 2160 46 45 på
1017 2157 124 48 grund
1169 2170 40 22 av
1238 2156 72 35 den
1338 2157 11 34 i
1377 2156 150 35 ärendet
1555 2155 169 36 lämnade
1749 2156 248 48 utredningen

392 2209 68 34 och
500 2207 147 36 särskilt
687 2207 85 35 med
805 2207 143 48 hänsyn
975 2208 60 34 till
1064 2212 64 38 att,
1157 2220 58 22 om
1244 2206 132 48 frågan
1403 2205 240 48 framskjutes
1670 2207 56 34 till
1755 2211 53 30 ett
1836 2205 162 49 följande

392 2258 51 41 år,
485 2257 43 35 de
569 2257 124 36 anbud
733 2261 20 32 å
795 2257 284 48 byggnadernas
1121 2256 230 49 uppförande
1389 2257 67 35 och
1496 2256 188 49 flyttning,
1727 2269 78 23 som
1835 2271 42 21 av
1904 2259 93 33 vissa
