1846 2786
401 125 402 40 Bevillningsutskottets
827 125 218 31 betänkande
1066 135 42 20 nr
1128 126 42 30 49
1191 125 38 30 år
1251 125 84 29 1965
1594 125 19 31 7

127 205 95 30 44.15
269 206 179 30 Fanerade
469 206 117 30 skivor
607 208 90 28 samt
717 205 205 40 kryssfaner
943 206 65 29 och
1028 208 108 27 annat
1157 205 165 35 skiktträ;
1346 205 68 29 trä-

268 251 117 30 skivor
399 251 79 30 med
493 251 256 39 inläggningar:

126 338 96 31 44.23
269 340 376 40 Byggnadssnickerier
671 348 43 21 av
740 340 63 33 trä,
832 339 87 30 även
946 339 120 39 grövre
1098 338 316 34 (timmermansar-

267 384 133 35 beten),
419 384 177 30 härunder
614 384 192 39 inbegripet
823 384 133 35 trähus,
975 383 224 30 omonterade
1217 383 81 30 eller
1317 391 97 21 mon-

268 429 127 34 terade,
410 429 66 30 och
490 430 232 29 sammansatt
735 428 232 40 parkettstav:

289 577 93 41 Kap.
399 578 54 29 48.
471 578 148 40 Papper
636 576 69 31 och
718 588 104 29 papp
838 583 102 24 samt
956 587 113 19 varor
1085 587 45 19 av
1144 586 306 30 pappersmassa,

680 641 147 30 papper
844 630 91 30 eller
948 641 104 29 papp

127 685 278 36 Anmärkningar

127 783 23 24 8.
171 784 119 30 Papper,
311 791 77 23 papp
409 783 54 24 och
483 783 218 25 cellulosavadd
723 785 75 22 samt
819 790 87 17 varor
926 783 99 28 därav,
1047 783 135 23 försedda
1203 783 64 23 med
1290 781 91 31 tryck,
1402 781 141 24 hänföras
1564 781 48 24 till

170 820 80 23 detta
268 819 111 31 kapitel
398 819 54 24 och
470 819 27 31 ej
517 819 48 24 till
584 819 65 31 kap.
668 818 42 29 49,
730 819 46 24 för
795 818 30 24 så
845 819 56 24 vitt
920 818 112 30 trycket
1051 819 33 23 är
1102 826 35 16 av
1156 818 205 24 underordnad
1380 817 149 30 betydelse
1548 817 64 23 med

170 855 114 30 hänsyn
298 856 47 23 till
359 862 107 17 varans
480 856 195 29 användning.

126 934 97 30 48.10
270 934 311 40 Cigarrettpapper,
601 934 176 30 tillskuret
795 952 45 4 —
857 952 45 3 —
918 952 45 3 —
981 933 283 40 cigarretthylsor
1290 955 118 7 ......
1484 932 18 30 5
1532 932 31 34 P

162 980 82 24 Anm.
266 979 56 24 För
341 980 248 30 cigarrettpapper
609 980 9 23 i
639 978 288 31 detaljförpackning
948 978 54 24 och
1022 978 248 31 cigarretthylsor,
1290 977 81 25 vilka
1392 977 113 24 införas
1527 977 9 24 i
1557 977 56 24 den

127 1016 123 29 ordning
269 1022 61 17 som
349 1022 83 17 avses
450 1016 9 23 i
479 1016 11 23 1
513 1015 12 28 8
545 1016 91 23 andra
655 1015 111 29 stycket
784 1015 210 29 förordningen
1013 1021 46 17 om
1078 1013 193 28 tobaksskatt,
1291 1013 85 28 skall,
1394 1013 53 24 där
1464 1012 149 25 tullfrihet

127 1051 26 30 ej
172 1051 140 30 åtnjutes,
329 1051 56 24 tull
404 1051 68 30 utgå
489 1051 65 23 med
572 1051 15 23 4
605 1052 49 22 öre
671 1050 48 24 för
736 1050 80 30 varje
834 1050 69 24 blad
921 1050 72 23 eller
1010 1049 84 31 hylsa
1114 1049 46 24 för
1177 1049 221 30 framställning
1416 1056 35 17 av
1469 1055 35 17 en
1522 1049 91 29 cigar-

126 1089 65 21 rett.

126 1165 96 30 48.13
270 1166 274 39 Karbonpapper
562 1165 65 30 och
645 1165 165 29 liknande
829 1164 344 40 kopieringspapper,
1193 1164 161 30 stenciler
1372 1173 42 20 av

267 1219 131 31 papper
422 1210 177 30 härunder
623 1209 214 40 inbegripna,
864 1211 91 28 samt
979 1209 343 39 övertryckspapper,
1347 1208 67 30 till-

268 1255 143 34 skurna,
433 1256 86 28 även
541 1254 211 40 förpackade
772 1255 11 29 i
805 1254 105 29 askar
937 1276 471 7 ............secso.rec.0>
1483 1252 19 30 8
1532 1252 32 34 Zz

375 1402 93 41 Kap.
485 1402 54 30 49.
559 1402 244 40 Tryckalster,
822 1400 254 42 handskrifter
1093 1401 69 30 och
1180 1402 185 39 ritningar

127 1483 279 37 Anmärkningar

127 1538 23 24 1.
170 1538 85 24 Detta
268 1538 110 30 kapitel
393 1538 142 23 omfattar
549 1537 75 24 icke:

170 1574 31 27 a)
224 1581 117 23 papper,
363 1581 76 23 papp
461 1573 53 24 och
536 1573 217 24 cellulosavadd
776 1574 75 22 samt
873 1580 87 16 varor
980 1572 98 28 därav,
1101 1572 136 24 försedda
1259 1572 65 23 med
1346 1571 83 30 tryck
1451 1579 35 16 av
1508 1572 104 23 under-

224 1610 109 23 ordnad
348 1609 149 30 betydelse
511 1609 64 23 med
589 1609 115 29 hänsyn
717 1608 47 24 till
779 1615 106 17 varans
899 1608 187 30 användning
1102 1608 80 30 (kap.
1196 1608 64 27 48);

127 1690 23 24 3.
170 1689 57 24 Till
240 1696 35 17 nr
289 1689 74 24 49.01
379 1689 142 24 hänföras
535 1689 86 24 även:

170 1775 27 18 c)
221 1769 161 31 kompletta
395 1769 70 24 verk
477 1782 36 3 —
524 1781 36 4 —
570 1782 36 3 —
619 1768 47 24 till
680 1768 112 24 böcker.

170 1805 124 30 Tryckta
311 1804 97 25 bilder
425 1804 9 24 i
453 1804 53 24 ark
523 1803 72 25 eller
612 1803 64 25 lösa
693 1803 78 29 blad,
790 1810 62 17 som
872 1803 91 24 sakna
981 1804 71 27 text,
1070 1802 141 25 hänföras
1229 1802 73 24 dock
1319 1802 48 24 till
1386 1809 36 17 nr
1439 1802 86 24 49.11.

126 1884 92 30 49.11
269 1884 119 29 Andra
408 1857 217 65 ALINE
647 1857 177 54 Banddes
845 1881 192 74 inbegripet
1058 1882 136 39 tryckta
1215 1881 124 35 bilder;
1364 1881 50 29 fo-

267 1928 166 39 [OST
348 1922 41 49 AN
491 1948 912 8 STERN
1457 1925 45 29 fri

652 2058 347 30 AVDELNING
1030 2058 54 29 XI

750 2168 240 35 Textilvaror

127 2244 278 36 Anmärkningar

127 2343 23 23 2.
172 2343 29 23 A.
221 2342 191 27 Textilvaror,
432 2312 166 63 hänförliga
619 2340 47 24 till
687 2340 65 31 kap.
771 2340 104 24 50—57
896 2340 52 23 och
970 2339 206 24 innehållande
1197 2313 47 50 två
1265 2339 72 24 eller
1357 2313 86 50 flera
1451 2339 78 24 olika
1552 2339 61 30 slag

223 2385 35 16 av
271 2376 223 25 textilmaterial
511 2376 217 27 (blandvaror),
743 2375 174 24 tulltaxeras
932 2375 137 24 sålunda:
