2216 2618
442 204 40 30 66

402 274 85 44 Ann.
506 278 30 54 La

399 577 86 27 Anm.
504 576 31 28 4.

898 206 252 32 Statsutskottets
1180 204 169 35 Utlåtande
1370 208 65 31 N:o
1462 222 15 17 5

572 280 110 27 Endast
710 284 13 23 I
752 282 315 33 gevärshatidtverkare
1096 284 73 25 skall
1196 285 73 25 efter
1296 285 170 32 genomförd
1493 286 198 32 organisation
1715 289 16 22 &
1750 290 59 22 stat
1827 287 168 29 förefinnas,

570 325 144 29 hvarföre,
742 325 48 25 vid
820 325 108 33 afgång
960 326 10 24 i
1002 326 89 26 sådan
1123 327 183 33 beställning,
1329 327 176 34 tillsättning
1532 329 75 25 först
1640 331 46 23 må
1713 329 217 33 ifrågakomma,
1959 331 36 24 då

542 363 85 29 "den
654 368 144 25 erfordras
826 367 46 26 för
900 369 253 31 upprätthållande
1181 370 32 24 af
1238 369 124 26 allenast
1384 379 37 16 en
1439 371 78 32 dylik
1535 371 185 33 beställning.
1758 372 236 32 Uppkommande

571 410 142 25 vakanser
739 410 10 25 i
779 410 140 26 >»indelta>
944 411 142 33 korprals-
1106 411 70 26 eller
1193 412 406 33 vicekorpralsbeställningar
1617 414 82 25 skola
1718 415 192 25 återbesättas
1929 416 65 24 med

572 453 108 24 sådana
707 453 32 24 af
763 453 174 26 volontärer.
973 453 177 33 Härigenom
1180 454 169 26 föranledda
1374 455 142 25 vakanser
1537 456 11 24 i
1570 456 365 33 volontärsbeställningar
1953 466 40 16 er-

570 498 91 22 sättas
679 494 70 38 icke.

571 581 85 25 Först
673 581 10 24 i
703 582 55 24 den
775 584 68 22 mån
861 582 173 25 inträffande
1054 583 109 32 afgång
1180 583 88 24 bland
1286 584 359 25 musikunderofficerarne
1664 585 70 24 eller
1751 585 159 31 utlöpande
1923 586 69 28 kon-

572 624 78 24 trakt
678 624 65 24 med
771 624 62 32 spel
866 625 32 24 af
922 625 227 33 manskapsgrad
1168 626 103 24 sådant
1288 626 168 32 medgifver,
1475 627 183 31 genomföres
1677 627 211 26 ofvanstående
1908 631 59 22 stat
1985 628 9 24 i

569 666 78 25 hvad
665 667 56 24 den
739 667 77 25 afser
834 670 193 30 regementets
1045 668 237 31 musikpersonal,
1298 668 66 24 med
1381 668 188 33 iakttagande
1590 672 44 22 att
1646 670 34 25 de
1694 670 45 25 för
1752 670 94 25 denna
1858 671 135 30 personal

571 711 149 30 upptagna
738 709 159 25 kostnader
915 709 61 26 icke
996 710 202 25 öfverskridas.
1766 705 2 3 |

400 791 84 27 Anm.
502 791 28 28 5.
565 794 171 33 Löntagare,
750 803 62 17 som
824 795 204 26 tillförsäkrats
1046 796 90 24 andra
1150 799 37 22 än
1200 797 33 24 de
1246 796 46 25 för
1304 797 108 24 honom
1423 797 88 25 ofvan
1524 797 119 33 angifna
1657 797 335 33 aflöningsförmånerna.

567 836 159 40 bibehålles
744 837 49 25 vid
811 837 64 26 sina
893 838 205 25 förutvarande
1112 837 296 33 aflöningsförmåner.
1422 839 96 25 därest
1529 839 59 25 han
1601 839 62 25 icke
1677 839 70 31 själf
1758 841 106 24 önskar
1874 841 119 32 öfvergå

569 879 44 25 till
632 880 34 24 de
685 879 10 25 i
702 872 104 33 denna
825 883 60 22 stat
902 881 47 24 för
965 881 106 24 honom
1089 884 155 29 upptagna.
