2230 2622
190 1597 109 22 Arméns
305 1602 90 23 vapen,

208 1630 170 23 ammunition

207 1664 50 23 och
274 1663 110 30 skjutöf-

205 1699 92 29 ningar
315 1700 67 21 samt

190 1733 150 23 artilleriets
359 1733 36 23 öf-

216 1768 90 29 ningar
324 1768 49 22 och

234 1801 124 23 materiel.

243 1844 95 46 [18.]

447 215 20 30 nn

469 215 19 30 [Na

912 212 247 32 Statsutskottets
1189 211 171 32 Utlåtande
1382 210 63 31 N:o
1470 213 28 28 5.

511 298 125 38 Ofvan
673 297 248 37 omförmälda
948 296 245 49 förslagsstat
1219 296 62 37 för
1308 293 693 51 rullföringsområdesbefälhafvarna

408 354 20 34 å
469 349 207 38 fastlandet
703 349 119 38 slutar
849 351 21 34 å
900 349 161 46 178,485
1090 348 152 36 kronor.
1299 347 88 37 Med
1413 346 139 49 tillägg
1577 345 58 37 till
1663 345 105 38 detta
1794 344 141 50 belopp
1964 344 42 37 af

408 402 80 37 dels
528 401 136 38 hittills
691 401 193 49 utgående
926 401 139 46 37,000
1106 400 142 36 kronor
1279 399 61 37 för
1367 399 106 49 hyra,
1501 397 169 49 eldning,
1699 396 205 50 belysning
1931 396 72 37 och

409 454 181 49 städning
617 453 42 37 af
683 451 435 51 expeditionslokalerna
1145 451 82 37 dels
1257 451 72 37 ock
1357 449 259 51 nyssnämnda
1642 450 114 46 4,500
1780 448 144 37 kronor
1943 448 60 37 för

408 505 302 50 telefonafgifter
750 504 123 37 skulle
905 503 291 49 anslagsposten
1231 502 58 37 till
1317 500 407 50 rullföringsväsendet
1751 503 21 34 å
1796 499 209 37 fastlandet

409 558 154 36 komma
604 562 55 31 att
697 559 129 47 uppgå
867 555 57 37 till
965 557 163 45 219,985
1170 555 154 46 kronor,
1365 553 265 37 motsvarande
1667 565 47 24 en
1742 551 149 49 ökning
1917 551 87 36 med

410 611 138 46 38,600
577 609 151 36 kronor.

512 660 134 48 Enligt
686 658 264 50 beräkningen
986 659 42 36 af
1053 658 174 48 anslaget
1254 657 13 37 i
1295 657 87 37 dess
1411 656 130 38 helhet
1569 655 121 37 skulle
1720 655 105 37 detta
1852 655 153 36 komma

410 718 54 31 att
490 715 129 47 uppgå
645 712 58 36 till
733 712 203 47 1,381,110
963 710 142 37 kronor
1133 711 47 35 90
1209 715 98 31 öre.»

512 814 208 47 Utskottet,
749 827 81 23 som
858 813 82 37 icke
969 812 83 37 haft
1079 815 119 45 något
1226 816 56 32 att
1315 811 124 37 erinra
1467 823 90 24 vare
1586 810 60 48 sig
1674 813 101 33 emot
1802 808 75 37 den
1905 807 100 37 före-

410 867 136 49 slagna
574 866 269 48 minskningen
872 868 20 33 å
919 864 269 49 utgiftsposter
1220 863 87 37 från
1334 862 290 49 ifrågavarande
1651 860 137 49 anslag
1816 859 92 38 eller
1926 865 80 31 mot

409 918 265 50 upptagandet
713 918 42 36 af
793 930 48 24 en
881 930 51 35 ny
973 916 238 49 utgiftspost,
1253 913 348 51 penniugtillskott,
1643 913 72 36 och
1760 911 198 49 ökningen
1993 911 13 35 i

410 976 135 43 posten
588 968 410 50 rullföringsväsendet
1039 970 21 34 å
1098 967 221 46 fastlandet,
1358 966 58 36 får
1447 965 112 37 alltså
1586 964 87 37 med
1701 962 222 49 anslutning
1949 962 57 36 till

410 1022 101 36 hvad
540 1021 142 49 Kungl.
712 1021 107 47 Maj:t
845 1019 201 49 föreslagit
1073 1019 213 45 hemställa,
1966 1044 3 2 .

914 1127 54 31 att
1003 1121 220 48 Riksdagen
1260 1123 62 33 må
1349 1119 148 37 minska
1525 1118 175 48 anslaget
1727 1117 58 36 till
1817 1117 46 37 de
1897 1120 110 32 värn-

809 1174 182 49 pliktiges
1011 1173 182 48 aflöning,
1212 1171 235 49 inskrifning
1461 1170 72 37 och
1547 1168 249 49 redovisning
1810 1182 49 23 m.
1875 1182 62 34 m.,
1956 1181 52 23 nu

811 1227 201 46 2,075,693
1050 1225 153 46 kronor,
1241 1223 87 37 med
1357 1224 164 45 694,582
1549 1222 140 35 kronor
1716 1220 58 36 till
1806 1221 199 47 1,381,111

809 1279 151 35 kronor.

462 1435 151 38 Arméns
639 1444 125 39 vapen,
795 1430 225 41 ammunition
1050 1430 65 40 och
1144 1428 262 51 skjutöfningar
1435 1430 95 37 samt
1559 1425 206 41 artilleriets
1794 1424 163 50 öfningar

1075 1481 63 41 och
1169 1480 174 41 materiel.

520 1589 97 48 19:0)
671 1588 17 36 I
728 1588 109 48 fråga
875 1600 60 23 om
976 1586 174 48 anslaget
1190 1585 58 36 till
1289 1585 149 36 arméns
1479 1595 135 37 vapen,
1656 1580 252 38 ammunition
1937 1580 70 37 och

414 1640 284 50 skjutöfningar
735 1645 100 31 samt
871 1638 214 38 artilleriets
1121 1637 181 49 öfningar
1339 1636 68 37 och
1437 1633 170 38 materiel
1634 1633 68 37 har
1730 1632 141 49 Kungl.
1900 1632 109 49 Maj:t

413 1693 121 36 under
573 1692 122 50 punkt
738 1694 46 34 18
826 1691 42 36 af
906 1691 122 49 fjärde
1061 1688 257 38 hufvudtiteln
1347 1686 201 49 föreslagit
1575 1685 223 49 Riksdagen
1827 1689 66 42 att,
1922 1683 87 37 med

414 1744 280 50 godkännande
736 1743 41 37 af
810 1743 65 36 det
910 1742 63 36 vid
1010 1740 250 38 förenämnda
1288 1736 378 52 statsrådsprotokoll
1693 1736 143 49 fogade
1865 1734 145 50 förslag

413 1796 58 37 till
513 1801 120 48 stater
672 1796 60 36 för
773 1794 89 37 Carl
904 1793 157 38 Gustafs
1097 1793 104 37 stads
1237 1789 295 52 gevärsfaktori,
1561 1786 449 40 ammunitionsfabriken

415 1848 70 37 och
526 1848 124 36 Åkers
691 1846 197 46 krutbruk,
929 1845 12 37 i
982 1845 208 36 riksstatan
1231 1844 61 36 för
1329 1846 40 33 år
1400 1844 97 35 1908
1526 1841 164 50 uppföra
1717 1838 291 50 ifrågavarande

416 1900 136 48 anslag
580 1899 84 37 med
692 1897 247 38 oförändradt
968 1897 151 48 belopp,
1148 1896 93 37 eller
1271 1895 203 48 2,685,800
1502 1893 152 36 kronor.

519 2000 432 50 Departementschefen
992 2000 69 36 har
1100 1999 12 35 i
1154 1999 108 47 fråga
1305 2010 61 23 om
1408 1996 123 37 denna
1568 1993 281 48 framställning
1886 1992 125 37 anfört

415 2053 183 49 följande:

517 2104 425 48 »Arméförvaltningen
985 2105 20 34 å
1045 2101 462 49 artilleridepartementet
1552 2098 68 36 har
1658 2097 12 35 i
1707 2096 57 36 sin
1801 2096 104 36 förut
1933 2107 77 23 om-

416 2156 185 38 förmälda
646 2156 202 37 skrifvelse
894 2155 74 36 den
1008 2156 23 34 4
1074 2153 160 37 oktober
1279 2153 95 36 1906
1416 2151 105 49 gjort
1552 2147 285 48 framställning
1868 2159 60 24 om
1957 2150 54 31 att

416 2209 105 37 detta
550 2207 143 49 anslag,
723 2221 80 24 som
833 2207 12 36 i
872 2207 205 36 riksstaten
1109 2205 60 36 för
1201 2207 41 34 år
1280 2204 95 36 1907
1410 2207 41 32 är
1482 2200 183 51 uppfördt
1691 2199 86 37 med
1807 2198 204 48 2,685,800

417 2261 154 47 kronor,
600 2259 120 37 skulle
749 2260 93 36 ökas
870 2258 85 37 med
984 2258 140 46 29,000
1152 2257 144 36 kronor
1323 2254 59 37 till
1410 2254 205 48 2,714,800
1643 2252 155 36 kronor.
1855 2249 85 36 Den
1954 2251 57 34 så-

415 2313 116 36 lunda
560 2310 216 49 föreslagna
803 2308 366 51 anslagshöjningen
1197 2307 123 37 skulle
1349 2306 96 37 afse:
1476 2306 113 45 5,000
1617 2303 144 37 kronor
1788 2302 59 36 för
1874 2299 137 38 under-
