2208 2638
690 200 253 31 Statsutskottets
973 198 171 32 Utlåtande
1166 197 65 31 N:o
1254 199 29 29 3.
1702 193 41 31 03

189 286 210 50 korpraler,
427 287 81 36 vice
536 285 197 50 korpraler
761 285 70 37 och
859 284 152 49 menige
1035 282 156 38 beställ-

294 339 202 49 ningsmän
926 368 196 2 ran
1227 336 111 46 1,514
1367 331 418 52 tjänstgöringsdagar,

191 391 119 37 andra
338 391 147 49 menige
750 422 2 2 .
1219 387 111 47 7,385
1519 397 18 23 »

293 496 102 36 Enär
423 494 69 49 jag
524 494 102 36 förut
654 493 105 49 gjort
786 491 281 48 framställning
1096 504 62 23 om
1186 489 317 50 dagaflöningens
1531 487 165 49 höjande
1727 486 58 37 för

189 547 119 37 indelt
347 547 146 48 menigt
534 545 184 49 manskap
764 544 53 36 till
859 545 49 35 20
950 549 77 41 öre,
1070 542 134 46 skulle,
1242 541 63 37 vid
1332 540 107 37 bifall
1467 539 137 47 därtill,
1634 539 73 36 den
1734 551 50 23 nu

189 599 289 50 ifrågavarande
519 596 274 51 godtgörelsen
831 599 37 33 åt
909 595 134 37 sådant
1083 595 184 48 manskap
1296 593 59 36 för
1383 595 40 34 år
1453 593 97 36 1908
1578 593 93 46 utgå
1698 590 87 36 med

191 652 158 37 allenast
380 654 17 33 1
427 651 120 36 krona
578 652 45 34 10
652 654 76 32 öre.
785 648 72 37 Det
885 647 60 36 för
973 650 42 33 år
1048 648 96 35 1908
1174 644 252 49 erforderliga
1446 642 341 50 anslagsbeloppet

191 704 122 37 skulle
341 703 112 36 alltså
480 703 128 35 kunna
636 699 296 52 approximativt
959 698 190 38 beräknas
1179 697 175 37 sålunda:

193 790 111 47 1,514
332 787 404 51 tjänstgöringsdagar
770 787 22 35 å
823 788 18 34 1
871 785 121 36 krona
1230 816 2 2 .
1387 783 139 35 kronor
1566 781 122 46 1,514:
1719 801 49 4 —

193 843 111 47 7,385
498 855 17 20 »
776 850 17 23 »
825 840 18 33 1
912 849 18 23 >»
1014 838 45 34 10
1089 841 64 31 öre
1278 868 2 2 .
1447 845 18 23 »
1564 834 125 44 8,123:
1720 833 48 34 50

1206 905 151 35 Summa
1384 904 141 35 kronor
1563 903 124 45 9,637:
1718 902 67 35 50»

295 1012 207 46 Utskottet,
531 1024 83 23 som
642 1010 120 36 under
791 1009 121 49 punkt
940 1012 21 33 2
992 1009 67 36 här
1087 1008 118 37 ofvan
1232 1007 194 37 hemställt
1454 1019 60 23 om
1543 1010 77 32 rätt
1648 1010 56 31 att
1727 1005 59 35 för

186 1064 204 49 jämnande
418 1064 42 36 af
484 1061 277 38 hufvudtitelns
790 1061 222 37 slutsumma
1038 1061 39 36 få
1102 1060 158 48 vidtaga
1274 1059 203 49 jämkning
1494 1058 13 36 i
1526 1058 67 36 där
1613 1057 174 48 angifvet

192 1116 306 49 anslagsbelopp,
535 1115 70 47 får,
643 1114 87 37 med
758 1113 211 49 anledning
997 1112 42 37 af
1063 1111 141 50 Kungl.
1236 1111 126 49 Maj:ts
1390 1109 251 38 förevarande
1672 1110 114 35 fram-

191 1169 183 48 ställning
401 1168 72 37 och
501 1167 119 37 under
647 1165 247 49 iakttagande
921 1166 42 36 af
988 1165 134 48 regeln
1151 1177 60 23 om
1241 1162 155 50 anslags
1417 1161 199 38 utförande
1635 1161 13 36 i
1662 1161 125 48 jämnt

191 1221 160 48 krontal,
380 1220 210 45 hemställa,

692 1324 56 31 att
788 1318 221 50 Riksdagen
1046 1321 59 33 må
1142 1318 59 36 för
1228 1316 244 38 utbetalande
1502 1315 40 36 af
1566 1315 137 48 tillägg
1730 1314 56 35 till

590 1371 246 48 dagaflöning
859 1373 38 34 åt
914 1370 121 37 indelt
1054 1369 186 49 manskap
1260 1368 86 37 med
1368 1370 17 34 1
1407 1368 119 36 krona
1545 1366 56 37 till
1621 1365 165 50 korpral,

589 1424 82 36 vice
700 1422 155 50 korpral
883 1422 69 37 och
980 1422 131 48 menig
1138 1420 345 49 beställningsman
1508 1423 97 33 samt
1631 1421 14 33 1
1669 1418 118 35 krona

593 1478 46 33 10
677 1480 64 31 öre
778 1474 57 37 till
862 1488 127 23 annan
1017 1473 131 48 menig
1175 1473 59 36 för
1262 1471 259 51 tjänstgöring
1548 1471 13 35 i
1590 1469 196 50 egenskap

591 1528 41 35 af
669 1526 234 47 underbefäl,
949 1525 208 38 instruktör
1203 1524 93 37 eller
1340 1523 344 48 beställningsman
1724 1521 64 36 vid

591 1578 128 37 skolor
756 1579 71 36 och
864 1578 178 49 öfningar
1069 1583 106 30 utom
1203 1576 153 48 vanliga
1383 1574 406 50 repetitionsöfningar

592 1634 20 33 å
641 1636 107 31 extra
776 1635 77 31 stat
882 1630 58 36 för
969 1633 42 33 år
1044 1631 95 34 1908
1168 1628 133 37 anvisa
1330 1631 124 33 såsom
1484 1625 305 49 förslagsanslag

591 1687 54 31 ett
672 1683 141 48 belopp
842 1681 41 37 af
909 1683 112 46 9,638
1052 1681 151 36 kronor.

641 1887 104 39 Extra
774 1887 202 48 lönetillägg
1005 1886 54 38 för
1086 1886 259 38 vaktmästare.

298 1990 101 49 42:0)
451 1991 129 37 Under
608 1991 123 48 punkt
760 1992 46 34 39
836 1991 41 35 af
901 1989 253 37 förevarande
1182 1987 231 37 hufvudtitel
1432 1987 68 36 har
1521 1986 140 48 Kungl.
1683 1985 106 48 Maj:t

194 2042 182 49 slutligen
405 2042 199 48 föreslagit
631 2042 221 48 Riksdagen
881 2047 55 30 att
964 2042 59 35 för
1052 2040 215 37 beredande
1296 2039 42 37 af
1354 2043 107 33 extra
1480 2037 231 49 lönetillägg
1730 2038 58 35 för

193 2094 256 37 innevarande
491 2096 40 34 år
573 2096 37 33 åt
652 2107 45 22 en
740 2093 61 36 del
842 2092 256 36 vaktmästare
1140 2092 11 35 i
1188 2089 600 48 landtförsvarsdepartementets

195 2145 196 47 afdelning
422 2145 41 36 af
488 2145 140 48 Kungl.
660 2144 126 48 Maj:ts
814 2143 123 37 kansli
966 2147 97 32 samt
1091 2143 69 35 hos
1179 2142 305 49 departementet
1501 2139 287 49 underlydande

194 2198 94 37 verk
329 2197 70 37 och
440 2196 266 50 myndigheter
747 2199 21 33 å
805 2200 106 32 extra
941 2200 76 31 stat
1045 2194 59 36 för
1134 2197 40 33 år
1206 2196 96 34 1908
1332 2196 125 34 såsom
1487 2190 303 49 förslagsanslag

195 2250 130 36 anvisa
367 2253 54 32 ett
449 2247 137 50 belopp
615 2247 43 37 af
686 2248 111 47 1,500
827 2246 151 37 kronor.

1834 1990 64 28 Ång.
1918 1995 72 16 extra

1829 2024 160 28 lönetilligg.

1867 2065 93 45 [39.]
