2228 2642
723 212 249 32 Statsutskottets
1002 211 170 32 Utlåtande
1194 210 63 32 N:o
1281 213 28 28 5.
1728 208 40 31 47

320 296 112 39 Såväl
473 297 111 38 dessa
607 310 81 25 som
717 296 203 38 framdeles
949 295 311 39 förekommande
1287 295 162 49 utgifter
1477 294 42 37 af
1543 307 142 24 samma
1713 293 97 49 slag,

213 349 144 48 hvilka,
399 353 122 34 såsom
561 350 104 36 förut
704 354 168 43 nämnts,
914 351 49 47 på
993 348 123 50 grund
1145 347 43 38 af
1210 345 308 39 internationella
1548 346 151 50 hänsyn
1726 345 85 37 icke

213 402 81 37 lära
334 402 127 37 kunna
501 402 202 45 undvikas,
746 414 115 37 synas
903 400 78 48 mig
1021 400 210 49 lämpligen
1272 399 92 37 böra
1404 398 189 38 bestridas
1634 398 41 37 af
1699 402 112 32 stats-

215 454 176 49 anslaget
417 453 58 38 till
503 454 150 37 arméns
680 453 86 37 fält-
781 453 71 37 och
868 452 380 48 fälttjänstöfningar.
1283 451 75 37 Det
1372 450 248 49 erforderliga
1633 450 180 49 beloppet

215 511 43 32 är
285 505 99 38 dock
412 509 41 34 så
480 506 96 47 litet,
604 510 56 32 att
688 505 111 37 däraf
823 505 35 49 ej
888 504 178 49 betingas
1094 507 129 45 någon
1243 502 164 38 särskild
1426 502 147 49 ökning
1591 501 41 38 af
1647 501 165 37 nämnda

217 558 145 50 anslag,
399 558 13 36 i
447 557 149 38 hvilket
626 558 71 49 jag
732 557 12 36 i
777 557 121 48 öfrigt
924 556 85 37 icke
1038 556 60 36 för
1124 555 238 37 närvarande
1390 555 123 36 finner
1540 553 80 49 mig
1646 552 167 38 behöfva

216 611 90 37 äska
333 613 130 46 någon
490 609 194 50 höjning.»

319 713 89 37 Med
449 712 268 50 tillstyrkande
760 712 42 37 af
839 711 109 37 bifall
984 711 59 37 till
1071 711 142 49 Kungl.
1242 710 129 49 Maj:ts
1399 709 121 37 under
1548 708 122 50 punkt
1700 709 45 36 16
1775 708 42 36 af

216 767 124 36 denna
367 764 229 38 hufvudtitel
623 764 136 50 gjorda
786 762 299 50 framställning,
1113 762 221 37 hemställer
1360 762 197 46 utskottet,

720 872 56 32 att
803 866 179 49 anslaget
1000 866 58 36 till
1078 866 150 37 arméns
1249 865 87 37 fält-
1355 865 70 37 och
1444 863 371 50 fälttjänstöfningar

617 922 61 34 må
705 919 12 36 i
744 918 205 37 riksstaten
977 918 61 37 för
1066 920 40 34 år
1137 919 97 36 1908
1253 921 190 45 upptagas
1464 916 86 36 med
1568 914 250 51 oförändradt

617 971 154 49 belopp,
801 970 90 37 eller
919 971 166 47 425,000
1114 970 153 36 kronor.

390 1203 47 39 De
464 1201 255 51 värnpliktiges
747 1201 164 50 aflöning,
944 1200 208 50 inskrifning
1183 1199 65 40 och
1279 1198 225 50 redovisning
1534 1210 44 28 m.
1609 1209 44 28 m.

326 1307 95 46 18:o)
476 1306 17 36 I
521 1306 122 49 punkt
674 1308 44 34 17
749 1306 42 36 af
815 1304 121 49 fjärde
960 1303 259 37 hufvudtiteln
1239 1303 69 36 har
1327 1303 142 48 Kungl.
1490 1302 109 49 Maj:t
1616 1301 200 49 föreslagit

220 1358 218 48 Riksdagen
466 1362 57 32 att
550 1358 148 36 minska
726 1356 178 50 anslaget
931 1355 58 37 till
1017 1355 47 37 de
1083 1354 279 50 värnpliktiges
1383 1354 180 49 aflöning,
1581 1353 235 49 inskrifning

221 1411 73 37 och
335 1410 249 48 redovisning
612 1423 46 22 m.
690 1422 62 35 m.,
780 1420 52 25 nu
862 1409 203 46 2,075,693
1095 1407 154 48 kronor,
1278 1406 87 37 med
1395 1408 164 46 694,582
1587 1405 143 37 kronor
1758 1405 56 36 till

223 1464 200 47 1,381,111
454 1461 150 37 kronor.

337 1555 227 58 Åberopade
609 1561 418 51 statsrådsprotokollet
1076 1560 213 38 innehåller
1335 1560 163 37 rörande
1541 1559 123 37 denna
1705 1559 112 49 fråga

222 1616 172 50 följande
420 1615 180 50 yttrande
628 1615 41 37 af
694 1613 438 51 departementschefen:

325 1667 136 37 »Detta
489 1667 135 48 anslag
651 1672 41 31 är
719 1667 12 35 i
762 1668 97 35 1907
889 1668 61 34 års
979 1665 158 36 riksstat
1155 1669 189 44 upptaget
1362 1663 58 37 till
1440 1664 202 46 2,075,693
1663 1662 155 47 kronor,

222 1719 148 38 hvilket
410 1719 138 49 belopp
589 1723 214 31 motsvaras
844 1717 43 37 af
920 1715 171 49 följande
1132 1715 217 37 beräknade
1390 1714 283 49 utgiftsposter,
1715 1718 104 31 näm-

222 1772 121 49 ligen:

224 1854 410 49 rullföringsväsendet
662 1857 21 33 å
706 1853 214 37 fastlandet.
1056 1884 24 3 a
1181 1883 15 3 -
1319 1883 3 2 .
1355 1851 140 36 kronor
1535 1846 11 56 =
1565 1850 174 46 181,300:
1771 1871 48 4 —

397 1906 60 37 d:o
666 1908 20 34 å
715 1904 185 38 Gottland
975 1936 71 3 oc.
1413 1915 17 22 »
1592 1902 148 47 13,000:
1769 1923 50 4 —

226 1958 316 39 färdkostnader
699 1989 198 3 a
1043 1987 105 3 a
1414 1967 17 22 »
1565 1954 175 45 575,000:
1770 1975 49 3 —

225 2008 445 50 mönstringskostnader
698 2021 47 23 m.
776 2022 48 22 m.
883 2040 25 3 ...
952 2039 3 3 .
1090 2039 3 2 .
1414 2018 17 21 »
1590 2006 150 45 25,000:
1770 2026 49 4 —

225 2061 312 51 penningbidrag
565 2060 57 36 till
651 2059 46 37 de
717 2058 260 50 värnpliktige
1088 2089 83 3 oo
1283 2088 38 3 —-.v
1412 2069 18 22 oo»
1527 2057 213 44 1,281,392:
1772 2058 48 34 50

1047 2124 93 37 eller
1168 2124 159 49 tillhopa
1355 2124 142 36 kronor
1526 2125 214 45 2,075,692:
1772 2125 48 34 50

334 2265 132 38 Såsom
503 2263 70 48 jag
614 2263 116 37 redan
766 2262 102 36 förut
896 2262 138 45 anfört,
1063 2261 74 36 kan
1167 2260 105 37 detta
1301 2260 133 48 anslag
1462 2260 59 36 för
1548 2262 41 34 år
1620 2260 96 35 1908
1735 2258 85 37 icke

228 2316 215 52 obetydligt
483 2314 170 37 minskas
694 2314 54 36 till
793 2313 95 49 följd
924 2313 119 47 däraf,
1072 2317 54 31 att
1154 2312 120 37 under
1301 2312 164 36 nämnda
1493 2314 40 34 år
1561 2310 261 50 rekrytskolor

1844 1315 37 23 De
1901 1315 129 29 värnplik-

1834 1350 66 28 tiges
1923 1349 119 29 aflöning,

1859 1383 157 30 inskrifning

1846 1419 49 22 och
1913 1418 113 23 redovie-

1854 1453 61 29 ning
1934 1460 32 15 m.
1986 1459 34 15 m.

1889 1495 93 46 [17.]
