2228 2618
442 215 40 29 60
902 212 248 31 Statsutskottets
1180 210 173 32 Utlåtande
1376 210 62 31 N:o
1462 213 27 26 5.

951 390 117 58 Öfriga
1097 397 176 41 ordinarie
1302 397 141 49 anslag.

230 504 93 47 Öfriga
503 504 98 49 26:0)
656 503 240 37 Beträffande
921 503 123 48 öfriga
1062 503 12 35 i
1093 516 51 22 nu
1163 501 178 50 gällande
1362 500 156 37 riksstat
1545 499 122 37 under
1691 498 124 49 fjärde
1834 497 163 37 hufvud-

210 544 130 25 ordinarie
419 557 7 6 s
830 554 8 7 .
916 554 6 6 .
1266 556 9 9 Å
1412 556 57 6 RA
1549 551 7 6 c
1645 550 6 6 .
1757 550 6 6 fn
1810 552 10 9 oo

227 580 96 29 anslag.
361 546 13 67 —
401 556 107 37 titeln
535 561 195 45 upptagna
757 554 191 37 ordinarie
976 553 136 49 anslag
1138 554 68 36 har
1233 566 130 35 någon
1391 551 224 48 förändring
1642 550 84 36 icke
1754 550 241 48 ifrågasatts;

401 608 69 37 och
498 608 58 36 får
583 608 189 36 utskottet
800 605 208 45 hemställa,

903 713 55 31 att
1002 707 174 49 samtliga
1219 707 46 36 de
1308 706 189 36 ordinarie
1539 705 134 47 anslag
1712 704 123 37 under
1876 704 121 49 fjärde

798 759 269 47 hufvudtiteln,
1104 759 13 36 i
1152 758 184 38 afseende
1377 761 21 33 å
1424 757 129 37 hvilka
1590 757 185 36 utskottet
1809 755 84 38 icke
1929 755 69 36 här

799 812 116 36 ofvan
947 810 203 38 framställt
1176 810 145 48 förslag
1349 809 93 37 eller
1470 809 129 36 hvilka
1627 808 111 48 eljest
1765 807 128 38 blifvit
1920 811 77 32 sär-

801 863 119 37 skildt
955 861 259 48 omförmälda,
1248 864 60 34 må
1335 862 13 36 i
1376 861 207 36 riksstaten
1615 860 61 36 för
1704 863 41 33 år
1776 861 97 35 1908
1903 872 95 36 upp-

800 921 109 43 tagas
937 914 56 37 till
1022 914 250 37 oförändrade
1301 912 149 50 belopp.

998 1196 169 47 Extra
1199 1195 198 58 anslag.

764 1334 158 39 Behof
943 1334 51 38 af
1015 1344 154 38 vapen
1197 1332 90 39 och
1316 1331 319 40 ammunition.

1011 1437 73 49 Nya
1113 1435 278 50 eldhandvapen.

181 1561 54 28 Nya
262 1560 123 23 eldhand-
507 1541 101 49 27:0)
664 1541 63 37 Uti
755 1541 65 37 det
848 1541 75 36 den
947 1540 130 49 kungl.
1101 1539 290 50 propositionen
1412 1538 150 48 bilagda
1581 1535 418 50 statsrådsprotokollet

236 1601 90 22 vapen.
403 1595 67 36 har
511 1593 142 49 Kungl.
695 1593 108 49 Maj:t
845 1592 151 45 anmält,
1034 1596 57 32 att
1126 1594 119 46 något
1273 1595 108 32 extra
1409 1589 134 49 anslag
1571 1591 20 33 å
1622 1590 97 35 1908
1748 1591 60 33 års
1837 1593 76 31 stat
1940 1587 60 36 för

403 1646 155 36 fortsatt
586 1644 246 49 anskaffning
860 1645 42 35 af
926 1643 284 49 eldhandvapen
1239 1642 84 37 icke
1353 1641 251 37 erfordrades.

506 1749 17 35 I
552 1749 104 36 detta
684 1753 107 31 ämne
821 1748 69 35 har
919 1745 421 50 departementschefen
1363 1745 56 36 till
1443 1744 161 37 berörda
1623 1741 377 51 statsraådsprotokoll

406 1801 125 36 anfört
558 1800 185 50 följande:

506 1852 76 37 »Af
623 1854 95 34 1903
761 1854 61 34 års
864 1850 170 49 Riksdag
1075 1849 208 49 beviljades
1312 1848 58 36 till
1397 1848 154 36 fortsatt
1589 1846 243 48 anskaffning
1860 1845 42 36 af
1925 1858 74 35 nya

405 1904 292 49 eldhandvapen
736 1903 61 36 för
838 1903 141 35 armén'
1008 1906 56 32 ett
1104 1901 137 49 belopp
1284 1901 41 36 af
1365 1900 202 47 3,570,000
1609 1899 152 44 kronor,
1790 1896 133 37 hvaraf
1952 1899 47 46 på

406 1961 105 31 extra
539 1961 77 32 stat
643 1956 59 36 för
729 1958 40 33 år
800 1956 99 35 1904
927 1953 198 37 anvisades
1157 1953 201 47 1,190,000
1386 1951 151 37 kronor.
1582 1950 131 49 Enligt
1741 1950 75 36 den
1835 1948 166 37 anskaff-

405 2007 216 49 ningsplan,
664 2020 81 24 som
786 2006 66 49 låg
892 2005 56 37 till
988 2005 124 49 grund
1152 2005 60 36 för
1251 2004 243 48 Riksdagens
1534 2001 292 49 ifrågavarande
1864 2000 135 46 beslut,

406 2059 122 37 skulle
569 2059 61 36 för
670 2059 46 37 de
757 2057 189 50 beviljade
986 2056 150 38 medlen
1174 2056 119 36 under
1321 2059 87 33 åren
1441 2056 109 45 1904,
1583 2055 96 35 1905
1709 2053 70 36 och
1810 2054 97 35 1906
1937 2051 63 36 vid

407 2110 87 37 Carl
536 2110 159 37 Gustafs
735 2109 106 38 stads
869 2108 281 51 gevärsfaktori
1178 2107 195 37 tillverkas
1402 2107 59 36 för
1489 2106 148 36 arméns
1666 2104 167 49 räkning
1865 2104 135 46 70,000

406 2175 135 37 vapen,
556 2162 249 49 hvarigenom
815 2160 66 37 vid
894 2164 196 46 utgången
1106 2160 41 36 af
1159 2158 235 38 sistnämnda
1409 2161 40 33 år
1465 2158 165 47 200,000
1645 2160 118 45 gevär
1778 2156 73 36 och
1862 2155 138 47 50,000

406 2214 177 37 karbiner
624 2213 121 38 skulle
785 2213 124 36 finnas
949 2217 54 32 att
1042 2211 121 49 tillgå.
1226 2210 144 37 Därvid
1411 2210 232 45 förutsattes,
1684 2213 56 32 att
1780 2206 218 48 Riksdagen

407 2265 119 38 skulle
568 2265 62 37 för
670 2265 213 37 ändamålet
911 2264 129 36 anvisa
1068 2263 199 37 enahanda
1294 2262 142 48 belopp
1464 2261 60 37 för
1552 2263 90 33 åren
1672 2261 98 35 1905
1801 2257 71 38 och
1903 2258 96 36 1906

406 2331 80 23 som
513 2318 61 36 för
604 2320 40 34 år
674 2318 108 35 1904.
