1896 2852
566 169 258 32 Statsutskottets
847 170 170 32 utlåtande
1040 170 54 32 Nr
1117 173 52 29 92.
1589 170 21 32 5

113 249 278 33 kasernområdet
413 250 106 41 jämte
543 250 83 33 därå
649 249 185 43 befintliga,
859 253 110 30 staten
992 250 172 42 tillhöriga
1187 250 198 42 byggnader
1407 250 109 33 skulle
1533 251 77 32 från

113 304 65 31 och
214 303 77 32 med
325 303 65 33 den
426 305 15 30 1
475 303 65 42 juli
577 304 84 32 1929
685 305 51 31 stå
761 303 108 33 under
893 303 361 42 byggnadsstyrelsens
1278 303 83 34 vård
1387 304 63 32 och
1473 304 137 33 förvalt-

113 357 92 42 ning.
243 356 124 33 Tillika
391 357 192 33 förklarade
607 357 127 41 Kungl.
761 357 99 41 Maj:t
884 357 59 42 Sig
966 357 85 41 vilja
1074 357 183 33 framdeles
1282 357 71 33 dels
1377 357 157 33 meddela
1557 357 54 33 be-

113 410 67 33 slut
212 411 11 32 i
256 410 186 42 anledning
473 421 44 22 av
542 410 233 33 ovanberörda
798 422 43 21 av
866 411 182 41 riksdagen
1071 411 163 33 anvisade
1257 414 95 29 extra
1375 411 235 33 reservations-

114 464 118 42 anslag
263 466 21 30 å
318 465 122 38 40,000
472 465 136 39 kronor,
642 464 70 33 dels
746 465 62 32 ock
840 468 78 38 taga
941 465 10 32 i
976 465 237 41 övervägande
1237 465 41 33 de
1302 464 118 43 övriga
1443 465 166 41 åtgärder,

113 529 73 22 som
210 518 195 42 påkallades
429 529 42 22 av
495 518 199 42 riksdagens
719 519 228 32 omförmälda
970 518 121 34 beslut.

160 580 125 33 Vidare
317 581 192 33 anmodade
543 581 121 32 chefen
699 582 54 31 för
781 581 482 42 ecklesiastikdepartementet
1287 581 67 33 den
1380 583 17 30 7
1421 581 76 42 juni
1524 582 85 31 1929

113 634 343 42 byggnadsstyrelsen
480 638 49 29 att
553 635 202 42 skyndsamt
778 635 50 32 till
853 635 127 42 Kungl.
1006 635 100 41 Maj:t
1128 636 177 31 inkomma
1321 635 79 33 med
1416 635 128 42 förslag
1560 634 51 33 till

113 688 128 33 sådana
265 688 184 42 ändringar
472 689 11 32 i
508 689 65 32 den
599 690 54 31 för
670 689 243 32 förutvarande
929 689 531 41 positionsartilleriregementets
1476 689 135 32 kasern-

113 742 137 32 område
282 753 48 21 nu
363 742 156 42 gällande
552 742 183 42 stadsplan,
761 753 74 21 som
863 743 115 31 kunde
1002 742 153 42 påkallas
1179 753 42 22 av
1245 742 198 42 riksdagens
1467 742 144 33 ovanbe-

113 796 98 32 rörda
234 796 120 33 beslut.

158 859 16 32 I
198 859 161 33 skrivelse
383 859 65 32 den
475 860 41 31 12
541 858 191 42 september
758 860 85 31 1929
868 858 202 33 hemställde
1094 859 148 32 härefter
1264 858 346 43 byggnadsstyrelsen

114 924 56 21 om
194 913 276 41 bemyndigande
495 915 48 30 att
567 913 11 31 i
602 912 233 42 huvudsaklig
858 913 338 33 överensstämmelse
1220 913 77 33 med
1315 924 43 21 av
1375 912 162 42 styrelsen
1555 923 55 21 an-

113 967 104 42 givna
240 967 169 41 riktlinjer
432 967 155 32 anordna
611 967 65 32 den
700 967 150 33 avsedda
873 967 275 32 arkitekttävlan.

158 1029 171 42 Styrelsen
353 1029 142 33 anförde
520 1029 120 33 därvid
663 1029 103 32 bland
791 1032 119 29 annat:

157 1083 130 33 Genom
313 1083 111 32 beslut
447 1083 65 32 den
537 1085 22 30 4
583 1082 139 33 oktober
749 1084 84 31 1929
858 1083 158 42 uppdrog
1039 1083 128 41 Kungl.
1194 1083 97 41 Maj:t
1314 1085 34 30 åt
1364 1082 246 42 byggnadssty-

112 1137 106 32 relsen
243 1140 49 29 att
315 1136 153 33 anordna
492 1137 64 31 och
580 1136 184 33 handhava
784 1148 42 20 en
843 1136 200 42 pristävling
1059 1137 54 31 för
1129 1137 146 32 svenska
1290 1136 183 33 arkitekter
1489 1136 11 32 i
1513 1137 98 41 fråga

111 1202 57 21 om
192 1190 312 42 förslagsritningar
527 1190 50 32 till
602 1190 127 32 sådana
753 1190 174 41 ändrings-
951 1191 64 31 och
1039 1190 376 42 nybyggnadsarbeten,
1439 1201 74 21 som
1530 1201 80 21 vore

111 1244 220 41 erforderliga
367 1244 52 32 för
453 1255 41 21 en
530 1244 215 41 förflyttning
781 1255 42 21 av
859 1247 126 29 statens
1019 1244 182 32 historiska
1224 1254 157 22 museum
1406 1244 62 32 och
1493 1244 118 41 övriga

112 1298 107 32 under
254 1297 397 34 vitterhetsakademiens
685 1297 162 33 inseende
882 1297 122 33 ställda
1039 1297 271 42 statssamlingar
1339 1297 50 32 till
1413 1297 56 32 det
1493 1297 117 33 härför

112 1351 158 39 avsedda,
303 1352 11 31 i
339 1351 199 42 riksdagens
563 1350 160 33 skrivelse
748 1351 65 32 den
841 1352 39 31 16
905 1352 70 40 maj
1004 1352 96 38 1929,
1124 1362 42 21 nr
1191 1352 72 38 176,
1289 1351 227 33 omförmälda
1542 1362 67 22 om-

112 1405 102 32 rådet.
262 1405 126 33 Vidare
423 1405 173 32 föreskrev
621 1404 127 42 Kungl.
775 1405 107 40 Maj:t,
908 1408 49 29 att
981 1405 41 32 de
1046 1410 156 27 närmare
1226 1404 214 41 riktlinjerna
1464 1406 54 31 för
1541 1408 68 30 täv-

111 1459 114 41 lingen
249 1458 110 33 skulle
383 1459 142 41 angivas
549 1458 11 31 i
585 1461 46 29 ett
655 1469 41 21 av
721 1458 345 41 byggnadsstyrelsen
1082 1461 175 38 upprättat
1273 1469 170 30 program,
1461 1458 58 32 vid
1532 1469 77 22 vars

111 1512 222 42 uppgörande
367 1512 134 40 hänsyn
538 1511 109 32 skulle
682 1514 95 39 tagas
810 1511 50 32 till
895 1512 66 32 vad
992 1511 182 42 riksdagen
1199 1512 10 31 i
1234 1512 52 32 sin
1311 1512 161 32 skrivelse
1496 1513 115 31 anfört

112 1566 141 32 rörande
277 1565 182 41 besparing
481 1576 43 21 av
542 1568 194 38 utrymmen
755 1565 63 32 och
835 1565 154 32 effektivt
1005 1565 220 41 utnyttjande
1241 1576 43 22 av
1301 1567 19 30 å
1336 1565 153 32 området
1505 1565 104 32 redan

111 1619 174 41 befintliga
318 1618 206 42 byggnader.
573 1619 183 31 Dessutom
789 1618 252 42 bemyndigade
1066 1619 127 41 Kungl.
1219 1619 99 41 Maj:t
1342 1619 180 32 statsrådet
1546 1619 63 32 och

111 1673 119 32 chefen
256 1673 53 31 för
333 1672 483 42 ecklesiastikdepartementet
840 1676 47 28 att
911 1675 74 29 utse
1008 1672 186 33 ledamöter
1216 1672 11 32 i
1251 1683 41 21 en
1310 1672 211 42 prisnämnd,
1535 1683 74 22 som

111 1726 108 32 skulle
243 1731 106 36 pröva
373 1726 62 32 och
460 1726 146 32 bedöma
630 1726 196 32 inlämnade
850 1726 287 41 tävlingsförslag.
1164 1726 166 42 Slutligen
1347 1726 119 32 ställde
1479 1725 129 43 Kungl.

112 1780 98 40 Maj:t
242 1780 49 31 till
324 1779 361 42 byggnadsstyrelsens
718 1780 205 41 förfogande
956 1781 53 30 för
1039 1780 261 41 ifrågavarande
1325 1780 160 32 ändamål
1509 1791 101 21 ovan-

112 1834 150 31 nämnda
287 1844 42 22 av
353 1834 182 40 riksdagen
560 1833 162 33 anvisade
746 1837 95 28 extra
864 1834 345 41 reservationsanslag
1231 1835 20 30 å
1273 1834 123 38 40,000
1420 1834 125 32 kronor
1561 1836 50 29 att

111 1887 175 33 användas
320 1887 9 31 i
355 1887 337 32 överensstämmelse
716 1887 78 32 med
819 1887 41 32 de
884 1887 10 31 i
918 1887 362 41 byggnadsstyrelsens
1305 1887 160 32 skrivelse
1489 1887 122 41 gjorda

110 1940 281 41 beräkningarna.

156 2002 111 32 Sedan
303 2002 344 41 byggnadsstyrelsen
680 2002 106 41 utlyst
815 2002 262 42 ifrågavarande
1101 2002 131 42 tävling
1255 2002 106 42 enligt
1384 2006 47 28 ett
1455 2003 154 41 utförligt

111 2067 168 30 program,
316 2055 240 33 överlämnade
591 2056 245 41 prisnämnden
872 2056 77 31 med
985 2055 162 33 skrivelse
1183 2056 65 32 den
1284 2057 40 31 31
1351 2056 69 41 maj
1449 2057 86 31 1930
1559 2056 51 33 till

110 2109 341 42 byggnadsstyrelsen
477 2109 174 32 resultatet
675 2120 42 21 av
741 2109 184 41 tävlingen.

156 2172 14 31 I
194 2172 261 41 prisnämndens
479 2172 176 32 utlåtande
680 2172 225 38 meddelades,
924 2175 49 29 att
996 2172 175 32 nämnden
1195 2175 95 30 enats
1315 2183 54 21 om
1395 2175 48 29 att
1471 2172 73 32 icke
1561 2175 48 29 ut-

110 2225 75 32 dela
220 2227 102 38 något
358 2226 105 31 första
486 2225 79 41 pris.
602 2225 15 31 I
641 2225 173 41 tävlingen
832 2226 87 31 hade
936 2225 172 41 nämligen
1134 2226 72 31 icke
1230 2227 104 39 något
1357 2225 127 41 förslag
1509 2227 100 30 fram-

110 2278 154 37 kommit,
300 2289 74 20 som
409 2282 82 27 utan
527 2278 189 40 väsentliga
751 2279 184 40 ändringar
968 2278 114 32 kunde
1115 2278 116 42 läggas
1255 2278 51 32 till
1329 2279 112 40 grund
1466 2280 53 30 för
1543 2279 66 31 den

110 2331 232 41 föreliggande
375 2331 319 41 byggnadsfrågans
727 2331 145 41 lösning.
920 2331 182 31 Nämnden
1128 2331 86 32 hade
1249 2331 116 31 därför
1399 2331 129 32 utdelat
1563 2334 47 29 ett

110 2384 106 32 andra
240 2384 69 41 pris
333 2385 19 30 å
377 2385 98 37 6,000
499 2384 135 38 kronor,
660 2387 45 28 ett
729 2384 108 40 tredje
861 2384 68 41 pris
954 2386 19 30 å
997 2385 100 36 4,000
1114 2385 124 31 kronor
1261 2384 63 32 och
1349 2387 46 29 ett
1411 2385 112 40 fjärde
1540 2385 69 41 pris

110 2440 19 29 å
165 2439 97 36 3,900
299 2437 131 38 kronor,
467 2437 168 41 varjämte
669 2437 173 32 nämnden
868 2437 120 41 inköpt
1011 2438 55 40 sju
1091 2437 136 42 förslag,
1253 2437 156 33 vartdera
1434 2439 52 31 för
1512 2439 97 37 1,500

111 2491 132 31 kronor.
