1900 2854
549 170 257 33 Statsutskottets
828 170 169 31 utlåtande
1021 168 53 31 Nr
1097 170 52 29 92.
1550 164 37 31 11

93 254 101 41 givits
229 256 46 28 ett
309 253 104 39 något
448 251 191 32 modifierat
672 250 86 42 läge,
793 250 11 31 i
840 249 55 32 det
930 252 48 28 att
1013 248 65 31 den
1114 247 182 40 förflyttats
1331 246 37 30 så
1398 244 137 41 mycket
1558 244 34 31 åt

94 303 109 28 väster
228 308 72 21 som
326 296 64 32 den
415 300 112 28 västra
552 295 201 41 stallflygeln
778 294 131 40 skjuter
931 294 88 31 fram
1046 297 79 27 över
1149 290 329 40 Grevmagnigatans
1502 292 90 28 östra

93 343 176 42 gatulinje,
305 342 198 40 varigenom
545 341 97 31 alltså
678 339 152 32 nämnda
865 336 178 43 stallflygel
1079 335 108 33 skulle
1220 335 139 31 komma
1388 337 48 28 att
1459 333 132 31 lämnas

93 388 142 32 oberörd
271 397 42 22 av
348 392 120 36 gatans
503 384 274 42 framdragande.
826 383 111 32 Gatan
973 381 107 33 skulle
1106 381 9 31 i
1145 381 50 31 sin
1222 379 219 40 förlängning
1465 377 128 32 erhålla

94 444 41 21 en
172 432 103 32 bredd
311 442 42 21 av
392 432 39 30 15
467 434 116 35 meter,
608 430 85 31 dock
719 432 48 29 att
790 439 123 30 genom
937 426 201 42 inläggning
1161 436 42 21 av
1227 423 253 42 förgårdsmark
1506 433 41 21 av
1572 422 20 31 3

95 481 121 28 meters
253 475 106 33 bredd
395 477 19 30 å
448 474 295 33 kvartersmarken
780 472 116 33 utmed
932 476 119 37 gatans
1087 475 91 27 östra
1212 469 73 32 sida
1309 471 19 29 å
1352 468 241 40 sträckningen

96 522 124 32 mellan
254 520 227 33 omförmälda
514 519 178 41 stallflygel
726 519 63 31 och
813 518 213 39 Linnégatan
1051 514 179 34 avståndet
1253 513 125 32 mellan
1403 512 190 42 byggnads-

94 567 146 41 linjerna
275 568 19 30 å
318 566 112 31 denna
454 565 133 32 sträcka
611 564 108 32 skulle
744 563 92 32 bliva
863 564 38 30 18
927 565 113 29 meter.
1090 561 281 39 Styrmansgatan
1396 560 197 29 förutsattes

95 612 94 31 skola
213 612 10 31 i
248 611 149 41 enlighet
421 610 77 32 med
523 610 67 31 den
614 608 191 33 fastställda
830 607 217 41 stadsplanen
1063 604 146 33 breddas
1226 604 49 31 till
1296 605 37 30 18
1352 608 115 32 meter,
1485 602 108 31 under

96 657 55 32 det
184 660 48 28 att
267 655 118 33 utmed
410 655 198 40 Storgatans
632 664 100 21 norra
756 653 73 31 sida
853 654 19 30 å
896 651 240 40 sträckningen
1161 649 124 32 mellan
1311 648 281 41 Styrmansgatan

96 702 63 31 och
192 700 313 41 Grevmagnigatan
538 699 110 32 skulle
680 698 154 40 inläggas
868 701 46 28 ett
949 698 16 30 7
1001 702 106 25 meter
1135 695 88 31 brett
1247 693 88 32 bälte
1359 704 41 20 av
1425 691 168 42 förgårds-

96 747 106 31 mark.
251 746 65 31 Det
348 745 144 37 kvarter,
527 755 75 21 som
633 743 107 32 skulle
765 742 109 32 bildas
899 741 124 32 mellan
1048 739 152 32 nämnda
1224 742 96 37 gator
1343 738 61 31 och
1431 737 163 40 Linnéga-

96 795 67 35 tan,
188 789 182 42 (kvarteret
394 787 144 43 Spiltan)
563 788 118 38 skulle,
707 786 161 33 framhöll
893 783 354 44 byggnadsstyrelsen,
1269 781 183 33 eventuellt
1475 782 118 30 kunna

97 836 166 40 försäljas,
297 835 144 41 givetvis
475 833 109 32 under
616 832 246 40 förutsättning
895 835 48 27 att
977 841 40 21 en
1047 834 157 27 närmare
1228 826 256 40 undersökning
1508 827 86 39 gåve

96 881 58 32 vid
189 880 147 38 handen,
373 882 48 29 att
456 878 191 32 detsamma
680 878 73 31 icke
789 876 154 32 behövde
973 879 96 36 tagas
1093 874 10 31 i
1128 873 147 41 anspråk
1300 873 53 30 för
1377 871 218 32 statsverkets

97 929 74 38 eget
204 926 119 31 behov.
372 924 74 31 Den
480 922 219 38 återstående,
735 925 88 28 öster
858 932 54 20 om
943 919 332 40 Grevmagnigatans
1299 916 221 41 förlängning
1544 911 52 49 be-

97 971 101 40 lägna
222 969 97 32 delen
343 979 43 21 av
411 969 55 31 det
489 967 200 33 nuvarande
713 965 276 33 kasernområdet
1013 964 109 31 skulle
1146 967 120 37 utgöra
1283 965 46 28 ett
1346 961 86 32 enda
1450 961 145 36 kvarter,

98 1026 72 21 som
210 1015 109 31 skulle
343 1014 197 41 disponeras
564 1014 54 30 för
642 1015 126 29 statens
793 1010 182 32 historiska
999 1019 157 21 museum
1182 1008 62 31 och
1269 1006 139 32 därmed
1434 1004 161 33 förenade

97 1060 185 40 samlingar
317 1058 62 32 och
414 1057 231 32 institutioner
680 1061 164 27 ävensom
879 1056 53 30 för
956 1054 40 31 de
1021 1052 170 38 ändamål,
1216 1051 113 33 vartill
1352 1050 245 41 stallfyglarna

98 1104 108 32 skulle
230 1105 119 31 kunna
373 1103 176 40 utnyttjas.

144 1158 117 32 Såsom
287 1158 149 39 framgår
460 1167 43 20 av
527 1166 42 21 en
594 1153 160 33 skrivelse
779 1153 65 32 den
880 1153 39 31 19
953 1162 91 21 mars
1071 1152 84 31 1928
1180 1151 76 30 från
1274 1148 214 33 Stockholms
1505 1147 92 32 stads

98 1202 193 32 dåvarande
324 1200 197 42 delegerade
555 1201 53 30 för
640 1197 314 41 underhandlingar
982 1196 78 32 med
1085 1196 147 31 kronans
1257 1192 341 43 fastighetskommis-

98 1248 74 31 sion
208 1258 42 21 av
286 1248 37 30 år
360 1247 95 35 1925,
493 1244 209 42 uppgjordes
738 1243 190 32 sedermera
959 1242 12 31 i
1004 1240 135 33 samråd
1173 1239 125 32 mellan
1335 1238 134 32 stadens
1494 1237 102 32 stads-

99 1292 224 42 planekontor
347 1291 63 31 och
435 1288 345 43 byggnadsstyrelsen
804 1291 46 28 ett
874 1286 128 41 förslag
1025 1285 51 32 till
1100 1284 129 33 ändrad
1254 1283 174 41 stadsplan
1453 1284 54 30 för
1530 1292 68 21 om-

100 1337 94 32 rådet
227 1337 119 40 ifråga,
378 1335 104 32 vilket
506 1334 129 41 förslag
658 1335 43 39 på
734 1331 253 41 framställning
1019 1341 42 21 av
1095 1327 414 35 advokatfiskalsämbetet
1540 1326 59 32 vid

99 1380 339 41 kammarkollegium
476 1379 210 32 förklarades
720 1377 137 33 vilande
892 1376 10 31 i
931 1375 148 33 avbidan
1112 1376 42 40 på
1189 1374 178 40 lösningen
1401 1383 42 21 av
1477 1373 122 39 frågan

100 1438 56 20 om
180 1425 292 33 kasernområdets
496 1423 161 33 blivande
681 1422 210 41 disposition.
940 1421 100 31 Detta
1075 1419 128 40 förslag
1226 1418 110 32 anslöt
1359 1418 51 40 sig
1433 1417 9 31 i
1468 1415 131 33 huvud-

100 1472 59 31 sak
184 1471 49 31 till
257 1469 232 33 ovanberörda
513 1480 43 20 av
573 1466 341 43 byggnadsstyrelsen
932 1464 202 42 upprättade
1150 1463 218 41 preliminära
1384 1461 217 40 skissförslag

100 1516 50 32 till
181 1515 184 41 stadsplan,
397 1514 84 31 dock
507 1513 78 31 med
611 1513 65 31 den
700 1511 189 40 ändringen
914 1513 48 28 att
997 1509 117 32 utmed
1140 1508 196 41 Storgatans
1359 1517 101 21 norra
1484 1505 73 32 sida
1581 1506 19 30 å

100 1560 239 40 sträckningen
379 1558 124 32 mellan
543 1557 282 41 Styrmansgatan
861 1555 63 31 och
960 1553 312 41 Grevmagnigatan
1305 1550 295 33 kvartersmarken

101 1605 107 32 skulle
241 1604 159 40 indragas
440 1603 42 31 50
520 1606 107 27 meter
661 1602 76 30 från
774 1600 65 32 den
868 1598 198 33 nuvarande
1090 1597 201 42 gatulinjen,
1316 1596 198 40 varigenom
1539 1595 62 31 här

101 1650 97 31 alltså
222 1648 107 32 skulle
354 1647 143 32 erhållas
522 1658 42 20 en
589 1651 110 36 öppen
725 1645 96 41 plats.

147 1703 15 31 I
195 1703 91 31 detta
319 1701 252 40 sammanhang
604 1701 52 30 får
679 1697 345 43 byggnadsstyrelsen
1049 1696 120 37 erinra,
1196 1697 48 29 att
1268 1693 216 33 Stockholms
1509 1692 92 32 stads

103 1746 243 34 ovannämnda
385 1743 438 43 förhandlingsdelegerade
858 1743 11 31 i
904 1742 52 31 sin
991 1741 143 32 berörda
1169 1739 160 32 skrivelse
1353 1739 65 31 den
1447 1739 38 30 19
1511 1748 90 21 mars

105 1793 83 31 1928
224 1791 162 33 förklarat
419 1791 51 40 sig
503 1790 118 40 villiga
653 1792 48 29 att
730 1788 60 32 hos
815 1786 312 40 stadsfullmäktige
1152 1784 177 41 tillstyrka,
1354 1787 48 28 att
1426 1783 118 31 staden
1569 1783 34 30 åt

103 1838 130 30 kronan
267 1835 146 33 överläte
446 1835 243 41 äganderätten
722 1833 49 31 till
796 1832 140 31 marken
961 1831 10 31 i
995 1831 362 39 Torstenssonsgatans
1381 1827 222 41 förlängning

103 1885 88 28 samt
224 1881 64 31 den
322 1880 118 32 staden
469 1879 172 40 tillhöriga
664 1877 181 42 gatumark
870 1877 10 31 i
906 1876 118 39 övrigt,
1050 1886 72 20 som
1148 1874 115 31 kunde
1287 1873 139 31 komma
1450 1876 49 27 att
1522 1872 81 40 ingå

104 1927 9 30 i
137 1925 316 41 byggnadskvarter
479 1923 106 41 enligt
609 1934 45 29 ny
679 1921 185 41 stadsplan,
889 1925 161 27 ävensom
1069 1923 48 27 att
1134 1918 117 32 staden
1268 1917 158 31 lämnade
1444 1917 50 30 sin
1514 1916 89 31 med-

104 1971 125 31 verkan
265 1969 51 31 till
352 1969 65 31 den
453 1966 366 42 stadsplanereglering
854 1976 42 20 av
931 1962 278 33 kasernområdet
1243 1962 10 31 i
1279 1962 75 31 dess
1378 1961 124 35 helhet,
1528 1971 74 21 som

105 2015 76 31 med
215 2015 134 38 hänsyn
383 2013 49 31 till
465 2013 150 30 kronans
643 2011 110 31 behov
778 2010 60 31 och
865 2009 106 31 andra
996 2007 291 39 omständigheter
1311 2005 114 32 kunde
1450 2005 152 31 befinnas

103 2059 150 41 lämplig.
303 2057 205 41 Delegerade
533 2058 178 30 förutsatte
735 2054 129 37 därvid,
891 2056 47 29 att
962 2053 113 31 denna
1088 2050 362 42 stadsplanereglering
1466 2060 137 31 genom-

104 2104 112 32 fördes
242 2103 105 39 enligt
371 2101 180 33 enahanda
574 2100 158 42 grunder,
759 2110 72 20 som
858 2100 36 30 år
922 2099 82 30 1892
1029 2096 207 42 godkändes.

150 2150 64 30 Det
248 2147 242 41 föreliggande,
528 2157 42 21 av
596 2143 343 42 byggnadsstyrelsen
964 2153 47 20 nu
1035 2141 203 42 upprättade
1263 2139 161 41 förslaget
1448 2138 49 32 till
1523 2138 79 31 änd-

105 2194 75 39 ring
203 2204 42 20 av
270 2192 173 40 stadsplan
470 2192 52 30 för
546 2189 261 42 ifrågavarande
832 2187 138 32 område
994 2187 151 31 ansluter
1169 2186 51 39 sig
1243 2185 10 31 i
1278 2183 181 33 huvudsak
1485 2183 50 31 till
1561 2182 40 32 de

105 2248 42 22 av
181 2237 163 40 styrelsen
377 2236 142 39 tidigare
553 2235 8 31 i
588 2235 91 31 detta
713 2232 168 32 avseende
914 2231 150 41 angivna
1098 2230 169 40 riktlinjer
1299 2229 85 31 dock
1411 2228 77 31 med
1514 2227 91 32 vissa

107 2281 280 32 modifikationer.
436 2279 151 32 Sålunda
620 2279 61 30 har
714 2278 65 30 den
813 2276 143 40 tidigare
993 2276 200 38 ifrågasatta
1223 2275 19 30 3
1279 2277 105 27 meter
1408 2272 104 31 breda
1537 2272 64 30 för-

106 2326 243 40 gårdsmarken
375 2324 116 31 utmed
517 2323 65 31 den
608 2321 180 41 förlängda
814 2320 332 39 Grevmagnigatans
1174 2322 90 27 östra
1292 2317 73 31 sida
1384 2318 20 29 å
1420 2316 184 31 sträcknin-

106 2382 64 30 gen
205 2369 123 31 mellan
364 2368 63 31 den
464 2371 113 28 västra
611 2365 202 40 stallflygeln
848 2365 61 30 och
935 2364 213 38 Linnégatan
1173 2361 168 32 uteslutits
1367 2360 76 31 med
1469 2360 135 40 hänsyn

107 2415 47 31 till
180 2417 48 28 att
252 2414 63 30 den
342 2413 53 31 för
418 2412 181 32 historiska
624 2413 130 29 museet
778 2408 219 39 erforderliga
1021 2406 257 42 tillbyggnaden
1304 2405 49 31 till
1377 2404 228 40 kasernbygg-

108 2459 108 32 naden
256 2458 105 40 enligt
403 2457 55 31 det
497 2468 47 19 nu
574 2454 191 40 framlagda
798 2452 342 42 byggnadsförslaget
1175 2468 42 3 —
1251 2449 140 40 förlagts
1435 2460 92 20 mera
1573 2450 33 29 åt

107 2507 110 28 väster
254 2508 41 26 än
333 2501 65 33 vad
434 2501 142 41 tidigare
612 2500 204 39 ifrågasatts,
852 2497 49 32 till
938 2496 84 41 följd
1049 2507 103 20 varav
1176 2494 142 33 berörda
1351 2492 254 42 förgårdsmark
