<?xml version="1.0" encoding="UTF-8"?>
<alto xmlns="http://www.loc.gov/standards/alto/ns-v3#" xmlns:xlink="http://www.w3.org/1999/xlink" xmlns:xsi="http://www.w3.org/2001/XMLSchema-instance" xsi:schemaLocation="http://www.loc.gov/standards/alto/ns-v3# http://www.loc.gov/alto/v3/alto-3-0.xsd">
	<Description>
		<MeasurementUnit>pixel</MeasurementUnit>
		<sourceImageInformation>
			<fileName>/tmp/tess_sbrqdq0q_input.PNG</fileName>
		</sourceImageInformation>
		<OCRProcessing ID="OCR_0">
			<ocrProcessingStep>
				<processingSoftware>
					<softwareName>tesseract 5.3.0</softwareName>
				</processingSoftware>
			</ocrProcessingStep>
		</OCRProcessing>
	</Description>
	<Layout>
		<Page WIDTH="2223" HEIGHT="2668" PHYSICAL_IMG_NR="0" ID="page_0">
			<PrintSpace HPOS="0" VPOS="0" WIDTH="2223" HEIGHT="2668">
				<ComposedBlock ID="cblock_0" HPOS="412" VPOS="174" WIDTH="1383" HEIGHT="45">
					<TextBlock ID="block_0" HPOS="412" VPOS="174" WIDTH="1383" HEIGHT="45">
						<TextLine ID="line_0" HPOS="412" VPOS="174" WIDTH="1383" HEIGHT="45">
							<String ID="string_0" HPOS="412" VPOS="181" WIDTH="117" HEIGHT="32" WC="0.93" CONTENT="Andra"/><SP WIDTH="23" VPOS="181" HPOS="529"/>
							<String ID="string_1" HPOS="552" VPOS="179" WIDTH="214" HEIGHT="33" WC="0.95" CONTENT="Kammarens"/><SP WIDTH="27" VPOS="179" HPOS="766"/>
							<String ID="string_2" HPOS="793" VPOS="176" WIDTH="177" HEIGHT="43" WC="0.92" CONTENT="Tillfälliga"/><SP WIDTH="29" VPOS="176" HPOS="970"/>
							<String ID="string_3" HPOS="999" VPOS="175" WIDTH="138" HEIGHT="34" WC="0.86" CONTENT="Utskotts"/><SP WIDTH="21" VPOS="175" HPOS="1137"/>
							<String ID="string_4" HPOS="1158" VPOS="174" WIDTH="78" HEIGHT="42" WC="0.96" CONTENT="(N:o"/><SP WIDTH="23" VPOS="174" HPOS="1236"/>
							<String ID="string_5" HPOS="1259" VPOS="176" WIDTH="33" HEIGHT="39" WC="0.96" CONTENT="4)"/><SP WIDTH="29" VPOS="176" HPOS="1292"/>
							<String ID="string_6" HPOS="1321" VPOS="174" WIDTH="168" HEIGHT="33" WC="0.95" CONTENT="Utlåtande"/><SP WIDTH="23" VPOS="174" HPOS="1489"/>
							<String ID="string_7" HPOS="1512" VPOS="174" WIDTH="62" HEIGHT="32" WC="0.95" CONTENT="N:o"/><SP WIDTH="23" VPOS="174" HPOS="1574"/>
							<String ID="string_8" HPOS="1597" VPOS="175" WIDTH="51" HEIGHT="31" WC="0.91" CONTENT="25."/><SP WIDTH="129" VPOS="175" HPOS="1648"/>
							<String ID="string_9" HPOS="1777" VPOS="175" WIDTH="18" HEIGHT="31" WC="0.96" CONTENT="9"/>
						</TextLine>
					</TextBlock>
				</ComposedBlock>
				<ComposedBlock ID="cblock_1" HPOS="238" VPOS="254" WIDTH="1623" HEIGHT="2085">
					<TextBlock ID="block_1" HPOS="238" VPOS="254" WIDTH="1603" HEIGHT="213">
						<TextLine ID="line_1" HPOS="238" VPOS="254" WIDTH="1602" HEIGHT="55">
							<String ID="string_10" HPOS="238" VPOS="275" WIDTH="75" HEIGHT="34" WC="0.96" CONTENT="om,"/><SP WIDTH="31" VPOS="275" HPOS="313"/>
							<String ID="string_11" HPOS="344" VPOS="264" WIDTH="55" HEIGHT="32" WC="0.95" CONTENT="att"/><SP WIDTH="28" VPOS="264" HPOS="399"/>
							<String ID="string_12" HPOS="427" VPOS="260" WIDTH="188" HEIGHT="36" WC="0.96" CONTENT="försvaret"/><SP WIDTH="20" VPOS="260" HPOS="615"/>
							<String ID="string_13" HPOS="635" VPOS="263" WIDTH="42" HEIGHT="31" WC="0.96" CONTENT="är"/><SP WIDTH="18" VPOS="263" HPOS="677"/>
							<String ID="string_14" HPOS="695" VPOS="257" WIDTH="121" HEIGHT="37" WC="0.96" CONTENT="rikets"/><SP WIDTH="19" VPOS="257" HPOS="816"/>
							<String ID="string_15" HPOS="835" VPOS="256" WIDTH="210" HEIGHT="49" WC="0.96" CONTENT="viktigaste"/><SP WIDTH="20" VPOS="256" HPOS="1045"/>
							<String ID="string_16" HPOS="1065" VPOS="254" WIDTH="293" HEIGHT="50" WC="0.96" CONTENT="angelägenhet,"/><SP WIDTH="23" VPOS="254" HPOS="1358"/>
							<String ID="string_17" HPOS="1381" VPOS="259" WIDTH="54" HEIGHT="31" WC="0.93" CONTENT="att"/><SP WIDTH="17" VPOS="259" HPOS="1435"/>
							<String ID="string_18" HPOS="1452" VPOS="254" WIDTH="388" HEIGHT="49" WC="0.91" CONTENT="försvarsbudgetens"/>
						</TextLine>
						<TextLine ID="line_2" HPOS="242" VPOS="306" WIDTH="1599" HEIGHT="55">
							<String ID="string_19" HPOS="242" VPOS="312" WIDTH="235" HEIGHT="49" WC="0.96" CONTENT="omfattning"/><SP WIDTH="27" VPOS="312" HPOS="477"/>
							<String ID="string_20" HPOS="504" VPOS="311" WIDTH="118" HEIGHT="38" WC="0.96" CONTENT="redan"/><SP WIDTH="27" VPOS="311" HPOS="622"/>
							<String ID="string_21" HPOS="649" VPOS="310" WIDTH="13" HEIGHT="37" WC="0.95" CONTENT="i"/><SP WIDTH="28" VPOS="310" HPOS="662"/>
							<String ID="string_22" HPOS="690" VPOS="310" WIDTH="71" HEIGHT="49" WC="0.93" CONTENT="och"/><SP WIDTH="27" VPOS="310" HPOS="761"/>
							<String ID="string_23" HPOS="788" VPOS="310" WIDTH="60" HEIGHT="37" WC="0.88" CONTENT="för"/><SP WIDTH="23" VPOS="310" HPOS="848"/>
							<String ID="string_24" HPOS="871" VPOS="309" WIDTH="64" HEIGHT="49" WC="0.94" CONTENT="sig"/><SP WIDTH="28" VPOS="309" HPOS="935"/>
							<String ID="string_25" HPOS="963" VPOS="308" WIDTH="130" HEIGHT="37" WC="0.96" CONTENT="ställer"/><SP WIDTH="28" VPOS="308" HPOS="1093"/>
							<String ID="string_26" HPOS="1121" VPOS="308" WIDTH="73" HEIGHT="36" WC="0.96" CONTENT="den"/><SP WIDTH="29" VPOS="308" HPOS="1194"/>
							<String ID="string_27" HPOS="1223" VPOS="307" WIDTH="134" HEIGHT="37" WC="0.95" CONTENT="främst"/><SP WIDTH="28" VPOS="307" HPOS="1357"/>
							<String ID="string_28" HPOS="1385" VPOS="307" WIDTH="70" HEIGHT="36" WC="0.95" CONTENT="och"/><SP WIDTH="24" VPOS="307" HPOS="1455"/>
							<String ID="string_29" HPOS="1479" VPOS="312" WIDTH="57" HEIGHT="31" WC="0.96" CONTENT="att"/><SP WIDTH="18" VPOS="312" HPOS="1536"/>
							<String ID="string_30" HPOS="1554" VPOS="306" WIDTH="149" HEIGHT="37" WC="0.95" CONTENT="landets"/><SP WIDTH="20" VPOS="306" HPOS="1703"/>
							<String ID="string_31" HPOS="1723" VPOS="306" WIDTH="118" HEIGHT="49" WC="0.96" CONTENT="lugna"/>
						</TextLine>
						<TextLine ID="line_3" HPOS="239" VPOS="359" WIDTH="1602" HEIGHT="55">
							<String ID="string_32" HPOS="239" VPOS="365" WIDTH="228" HEIGHT="49" WC="0.96" CONTENT="utveckling"/><SP WIDTH="41" VPOS="365" HPOS="467"/>
							<String ID="string_33" HPOS="508" VPOS="363" WIDTH="267" HEIGHT="48" WC="0.95" CONTENT="ovillkorligen"/><SP WIDTH="40" VPOS="363" HPOS="775"/>
							<String ID="string_34" HPOS="815" VPOS="362" WIDTH="191" HEIGHT="49" WC="0.94" CONTENT="betingar,"/><SP WIDTH="31" VPOS="362" HPOS="1006"/>
							<String ID="string_35" HPOS="1037" VPOS="365" WIDTH="57" HEIGHT="33" WC="0.94" CONTENT="att"/><SP WIDTH="33" VPOS="365" HPOS="1094"/>
							<String ID="string_36" HPOS="1127" VPOS="360" WIDTH="73" HEIGHT="37" WC="0.93" CONTENT="alla"/><SP WIDTH="28" VPOS="360" HPOS="1200"/>
							<String ID="string_37" HPOS="1228" VPOS="359" WIDTH="345" HEIGHT="50" WC="0.92" CONTENT="äfventyrligheter"/><SP WIDTH="27" VPOS="359" HPOS="1573"/>
							<String ID="string_38" HPOS="1600" VPOS="360" WIDTH="13" HEIGHT="35" WC="0.96" CONTENT="i"/><SP WIDTH="27" VPOS="360" HPOS="1613"/>
							<String ID="string_39" HPOS="1640" VPOS="359" WIDTH="112" HEIGHT="50" WC="0.95" CONTENT="fråga"/><SP WIDTH="28" VPOS="359" HPOS="1752"/>
							<String ID="string_40" HPOS="1780" VPOS="372" WIDTH="61" HEIGHT="24" WC="0.96" CONTENT="om"/>
						</TextLine>
						<TextLine ID="line_4" HPOS="241" VPOS="416" WIDTH="441" HEIGHT="51">
							<String ID="string_41" HPOS="241" VPOS="419" WIDTH="214" HEIGHT="48" WC="0.96" CONTENT="utgifterna"/><SP WIDTH="27" VPOS="419" HPOS="455"/>
							<String ID="string_42" HPOS="482" VPOS="416" WIDTH="200" HEIGHT="37" WC="0.96" CONTENT="undvikas."/>
						</TextLine>
					</TextBlock>
					<TextBlock ID="block_2" HPOS="242" VPOS="463" WIDTH="1607" HEIGHT="528">
						<TextLine ID="line_5" HPOS="381" VPOS="463" WIDTH="1463" HEIGHT="52">
							<String ID="string_43" HPOS="381" VPOS="470" WIDTH="336" HEIGHT="37" WC="0.91" CONTENT="Utrikesministern"/><SP WIDTH="41" VPOS="470" HPOS="717"/>
							<String ID="string_44" HPOS="758" VPOS="467" WIDTH="58" HEIGHT="36" WC="0.92" CONTENT="får"/><SP WIDTH="39" VPOS="467" HPOS="816"/>
							<String ID="string_45" HPOS="855" VPOS="466" WIDTH="58" HEIGHT="36" WC="0.75" CONTENT="till"/><SP WIDTH="39" VPOS="466" HPOS="913"/>
							<String ID="string_46" HPOS="952" VPOS="465" WIDTH="157" HEIGHT="50" WC="0.96" CONTENT="uppgift"/><SP WIDTH="41" VPOS="465" HPOS="1109"/>
							<String ID="string_47" HPOS="1150" VPOS="469" WIDTH="55" HEIGHT="32" WC="0.95" CONTENT="att"/><SP WIDTH="37" VPOS="469" HPOS="1205"/>
							<String ID="string_48" HPOS="1242" VPOS="464" WIDTH="85" HEIGHT="36" WC="0.95" CONTENT="med"/><SP WIDTH="33" VPOS="464" HPOS="1327"/>
							<String ID="string_49" HPOS="1360" VPOS="464" WIDTH="59" HEIGHT="36" WC="0.95" CONTENT="sin"/><SP WIDTH="27" VPOS="464" HPOS="1419"/>
							<String ID="string_50" HPOS="1446" VPOS="463" WIDTH="215" HEIGHT="37" WC="0.96" CONTENT="kännedom"/><SP WIDTH="30" VPOS="463" HPOS="1661"/>
							<String ID="string_51" HPOS="1691" VPOS="477" WIDTH="60" HEIGHT="23" WC="0.95" CONTENT="om"/><SP WIDTH="29" VPOS="477" HPOS="1751"/>
							<String ID="string_52" HPOS="1780" VPOS="463" WIDTH="64" HEIGHT="37" WC="0.95" CONTENT="det"/>
						</TextLine>
						<TextLine ID="line_6" HPOS="243" VPOS="516" WIDTH="1600" HEIGHT="57">
							<String ID="string_53" HPOS="243" VPOS="522" WIDTH="180" HEIGHT="51" WC="0.96" CONTENT="politiska"/><SP WIDTH="34" VPOS="522" HPOS="423"/>
							<String ID="string_54" HPOS="457" VPOS="522" WIDTH="107" HEIGHT="48" WC="0.93" CONTENT="läget"/><SP WIDTH="31" VPOS="522" HPOS="564"/>
							<String ID="string_55" HPOS="595" VPOS="520" WIDTH="197" HEIGHT="37" WC="0.91" CONTENT="moderera"/><SP WIDTH="34" VPOS="520" HPOS="792"/>
							<String ID="string_56" HPOS="826" VPOS="519" WIDTH="92" HEIGHT="37" WC="0.96" CONTENT="eller"/><SP WIDTH="28" VPOS="519" HPOS="918"/>
							<String ID="string_57" HPOS="946" VPOS="518" WIDTH="145" HEIGHT="37" WC="0.93" CONTENT="forcera"/><SP WIDTH="28" VPOS="518" HPOS="1091"/>
							<String ID="string_58" HPOS="1119" VPOS="516" WIDTH="456" HEIGHT="48" WC="0.92" CONTENT="försvarsförberedelser,"/><SP WIDTH="31" VPOS="516" HPOS="1575"/>
							<String ID="string_59" HPOS="1606" VPOS="516" WIDTH="71" HEIGHT="36" WC="0.93" CONTENT="och"/><SP WIDTH="22" VPOS="516" HPOS="1677"/>
							<String ID="string_60" HPOS="1699" VPOS="518" WIDTH="144" HEIGHT="44" WC="0.79" CONTENT="finans-"/>
						</TextLine>
						<TextLine ID="line_7" HPOS="244" VPOS="568" WIDTH="1600" HEIGHT="51">
							<String ID="string_61" HPOS="244" VPOS="578" WIDTH="193" HEIGHT="34" WC="0.95" CONTENT="ministern"/><SP WIDTH="28" VPOS="578" HPOS="437"/>
							<String ID="string_62" HPOS="465" VPOS="574" WIDTH="173" HEIGHT="36" WC="0.95" CONTENT="kommer"/><SP WIDTH="34" VPOS="574" HPOS="638"/>
							<String ID="string_63" HPOS="672" VPOS="572" WIDTH="79" HEIGHT="36" WC="0.96" CONTENT="helt"/><SP WIDTH="29" VPOS="572" HPOS="751"/>
							<String ID="string_64" HPOS="780" VPOS="572" WIDTH="128" HEIGHT="36" WC="0.96" CONTENT="säkert"/><SP WIDTH="28" VPOS="572" HPOS="908"/>
							<String ID="string_65" HPOS="936" VPOS="575" WIDTH="55" HEIGHT="32" WC="0.96" CONTENT="att"/><SP WIDTH="28" VPOS="575" HPOS="991"/>
							<String ID="string_66" HPOS="1019" VPOS="583" WIDTH="104" HEIGHT="23" WC="0.95" CONTENT="mera"/><SP WIDTH="29" VPOS="583" HPOS="1123"/>
							<String ID="string_67" HPOS="1152" VPOS="569" WIDTH="263" HEIGHT="50" WC="0.95" CONTENT="systematiskt"/><SP WIDTH="27" VPOS="569" HPOS="1415"/>
							<String ID="string_68" HPOS="1442" VPOS="568" WIDTH="129" HEIGHT="37" WC="0.92" CONTENT="kunna"/><SP WIDTH="29" VPOS="568" HPOS="1571"/>
							<String ID="string_69" HPOS="1600" VPOS="568" WIDTH="244" HEIGHT="37" WC="0.91" CONTENT="funktionera"/>
						</TextLine>
						<TextLine ID="line_8" HPOS="243" VPOS="621" WIDTH="1601" HEIGHT="51">
							<String ID="string_70" HPOS="243" VPOS="631" WIDTH="126" HEIGHT="33" WC="0.93" CONTENT="såsom"/><SP WIDTH="29" VPOS="631" HPOS="369"/>
							<String ID="string_71" HPOS="398" VPOS="625" WIDTH="311" HEIGHT="47" WC="0.90" CONTENT="skatteminister,"/><SP WIDTH="31" VPOS="625" HPOS="709"/>
							<String ID="string_72" HPOS="740" VPOS="637" WIDTH="60" HEIGHT="23" WC="0.96" CONTENT="om"/><SP WIDTH="28" VPOS="637" HPOS="800"/>
							<String ID="string_73" HPOS="828" VPOS="624" WIDTH="75" HEIGHT="36" WC="0.96" CONTENT="han"/><SP WIDTH="28" VPOS="624" HPOS="903"/>
							<String ID="string_74" HPOS="931" VPOS="636" WIDTH="141" HEIGHT="36" WC="0.96" CONTENT="genom"/><SP WIDTH="20" VPOS="636" HPOS="1072"/>
							<String ID="string_75" HPOS="1092" VPOS="627" WIDTH="55" HEIGHT="32" WC="0.96" CONTENT="ett"/><SP WIDTH="20" VPOS="627" HPOS="1147"/>
							<String ID="string_76" HPOS="1167" VPOS="621" WIDTH="229" HEIGHT="49" WC="0.95" CONTENT="deltagande"/><SP WIDTH="19" VPOS="621" HPOS="1396"/>
							<String ID="string_77" HPOS="1415" VPOS="621" WIDTH="12" HEIGHT="35" WC="0.96" CONTENT="i"/><SP WIDTH="20" VPOS="621" HPOS="1427"/>
							<String ID="string_78" HPOS="1447" VPOS="621" WIDTH="45" HEIGHT="36" WC="0.96" CONTENT="de"/><SP WIDTH="19" VPOS="621" HPOS="1492"/>
							<String ID="string_79" HPOS="1511" VPOS="621" WIDTH="188" HEIGHT="48" WC="0.93" CONTENT="ingående"/><SP WIDTH="21" VPOS="621" HPOS="1699"/>
							<String ID="string_80" HPOS="1720" VPOS="621" WIDTH="124" HEIGHT="36" WC="0.92" CONTENT="öfver-"/>
						</TextLine>
						<TextLine ID="line_9" HPOS="242" VPOS="673" WIDTH="1603" HEIGHT="55">
							<String ID="string_81" HPOS="242" VPOS="678" WIDTH="284" HEIGHT="50" WC="0.91" CONTENT="läggningarne"/><SP WIDTH="41" VPOS="678" HPOS="526"/>
							<String ID="string_82" HPOS="567" VPOS="678" WIDTH="76" HEIGHT="35" WC="0.96" CONTENT="kan"/><SP WIDTH="40" VPOS="678" HPOS="643"/>
							<String ID="string_83" HPOS="683" VPOS="676" WIDTH="120" HEIGHT="37" WC="0.95" CONTENT="redan"/><SP WIDTH="27" VPOS="676" HPOS="803"/>
							<String ID="string_84" HPOS="830" VPOS="677" WIDTH="109" HEIGHT="48" WC="0.96" CONTENT="långt"/><SP WIDTH="27" VPOS="677" HPOS="939"/>
							<String ID="string_85" HPOS="966" VPOS="675" WIDTH="13" HEIGHT="36" WC="0.96" CONTENT="i"/><SP WIDTH="27" VPOS="675" HPOS="979"/>
							<String ID="string_86" HPOS="1006" VPOS="675" WIDTH="138" HEIGHT="48" WC="0.96" CONTENT="förväg"/><SP WIDTH="28" VPOS="675" HPOS="1144"/>
							<String ID="string_87" HPOS="1172" VPOS="674" WIDTH="137" HEIGHT="48" WC="0.96" CONTENT="skönja"/><SP WIDTH="27" VPOS="674" HPOS="1309"/>
							<String ID="string_88" HPOS="1336" VPOS="673" WIDTH="101" HEIGHT="36" WC="0.96" CONTENT="hvad"/><SP WIDTH="29" VPOS="673" HPOS="1437"/>
							<String ID="string_89" HPOS="1466" VPOS="686" WIDTH="81" HEIGHT="23" WC="0.96" CONTENT="som"/><SP WIDTH="28" VPOS="686" HPOS="1547"/>
							<String ID="string_90" HPOS="1575" VPOS="677" WIDTH="41" HEIGHT="31" WC="0.96" CONTENT="är"/><SP WIDTH="28" VPOS="677" HPOS="1616"/>
							<String ID="string_91" HPOS="1644" VPOS="678" WIDTH="56" HEIGHT="31" WC="0.96" CONTENT="att"/><SP WIDTH="28" VPOS="678" HPOS="1700"/>
							<String ID="string_92" HPOS="1728" VPOS="677" WIDTH="117" HEIGHT="32" WC="0.96" CONTENT="vänta"/>
						</TextLine>
						<TextLine ID="line_10" HPOS="244" VPOS="725" WIDTH="1601" HEIGHT="54">
							<String ID="string_93" HPOS="244" VPOS="731" WIDTH="14" HEIGHT="36" WC="0.96" CONTENT="i"/><SP WIDTH="29" VPOS="731" HPOS="258"/>
							<String ID="string_94" HPOS="287" VPOS="731" WIDTH="177" HEIGHT="36" WC="0.95" CONTENT="afseende"/><SP WIDTH="40" VPOS="731" HPOS="464"/>
							<String ID="string_95" HPOS="504" VPOS="733" WIDTH="49" HEIGHT="46" WC="0.93" CONTENT="på"/><SP WIDTH="38" VPOS="733" HPOS="553"/>
							<String ID="string_96" HPOS="591" VPOS="728" WIDTH="378" HEIGHT="51" WC="0.91" CONTENT="penningbehofven."/><SP WIDTH="55" VPOS="728" HPOS="969"/>
							<String ID="string_97" HPOS="1024" VPOS="726" WIDTH="156" HEIGHT="37" WC="0.94" CONTENT="Kanske"/><SP WIDTH="47" VPOS="726" HPOS="1180"/>
							<String ID="string_98" HPOS="1227" VPOS="726" WIDTH="71" HEIGHT="36" WC="0.96" CONTENT="ock"/><SP WIDTH="43" VPOS="726" HPOS="1298"/>
							<String ID="string_99" HPOS="1341" VPOS="726" WIDTH="76" HEIGHT="35" WC="0.95" CONTENT="han"/><SP WIDTH="27" VPOS="726" HPOS="1417"/>
							<String ID="string_100" HPOS="1444" VPOS="725" WIDTH="171" HEIGHT="36" WC="0.96" CONTENT="kommer"/><SP WIDTH="27" VPOS="725" HPOS="1615"/>
							<String ID="string_101" HPOS="1642" VPOS="725" WIDTH="58" HEIGHT="36" WC="0.96" CONTENT="till"/><SP WIDTH="26" VPOS="725" HPOS="1700"/>
							<String ID="string_102" HPOS="1726" VPOS="725" WIDTH="119" HEIGHT="36" WC="0.96" CONTENT="insikt"/>
						</TextLine>
						<TextLine ID="line_11" HPOS="245" VPOS="777" WIDTH="1599" HEIGHT="54">
							<String ID="string_103" HPOS="245" VPOS="797" WIDTH="61" HEIGHT="23" WC="0.94" CONTENT="om"/><SP WIDTH="42" VPOS="797" HPOS="306"/>
							<String ID="string_104" HPOS="348" VPOS="781" WIDTH="227" HEIGHT="50" WC="0.92" CONTENT="betydelsen"/><SP WIDTH="42" VPOS="781" HPOS="575"/>
							<String ID="string_105" HPOS="617" VPOS="782" WIDTH="41" HEIGHT="35" WC="0.96" CONTENT="af"/><SP WIDTH="38" VPOS="782" HPOS="658"/>
							<String ID="string_106" HPOS="696" VPOS="794" WIDTH="47" HEIGHT="23" WC="0.96" CONTENT="en"/><SP WIDTH="41" VPOS="794" HPOS="743"/>
							<String ID="string_107" HPOS="784" VPOS="780" WIDTH="97" HEIGHT="36" WC="0.93" CONTENT="sund"/><SP WIDTH="40" VPOS="780" HPOS="881"/>
							<String ID="string_108" HPOS="921" VPOS="778" WIDTH="358" HEIGHT="51" WC="0.91" CONTENT="penningmarknad"/><SP WIDTH="43" VPOS="778" HPOS="1279"/>
							<String ID="string_109" HPOS="1322" VPOS="780" WIDTH="125" HEIGHT="33" WC="0.63" CONTENT="såsom"/><SP WIDTH="37" VPOS="780" HPOS="1447"/>
							<String ID="string_110" HPOS="1484" VPOS="782" WIDTH="55" HEIGHT="32" WC="0.95" CONTENT="ett"/><SP WIDTH="27" VPOS="782" HPOS="1539"/>
							<String ID="string_111" HPOS="1566" VPOS="777" WIDTH="61" HEIGHT="36" WC="0.94" CONTENT="led"/><SP WIDTH="27" VPOS="777" HPOS="1627"/>
							<String ID="string_112" HPOS="1654" VPOS="777" WIDTH="12" HEIGHT="36" WC="0.94" CONTENT="i"/><SP WIDTH="27" VPOS="777" HPOS="1666"/>
							<String ID="string_113" HPOS="1693" VPOS="777" WIDTH="151" HEIGHT="37" WC="0.96" CONTENT="landets"/>
						</TextLine>
						<TextLine ID="line_12" HPOS="248" VPOS="829" WIDTH="1596" HEIGHT="52">
							<String ID="string_114" HPOS="248" VPOS="834" WIDTH="275" HEIGHT="38" WC="0.91" CONTENT="försvarskraft"/><SP WIDTH="41" VPOS="834" HPOS="523"/>
							<String ID="string_115" HPOS="564" VPOS="834" WIDTH="71" HEIGHT="36" WC="0.89" CONTENT="och"/><SP WIDTH="41" VPOS="834" HPOS="635"/>
							<String ID="string_116" HPOS="676" VPOS="833" WIDTH="177" HEIGHT="48" WC="0.89" CONTENT="vidtager"/><SP WIDTH="40" VPOS="833" HPOS="853"/>
							<String ID="string_117" HPOS="893" VPOS="832" WIDTH="83" HEIGHT="36" WC="0.96" CONTENT="sina"/><SP WIDTH="28" VPOS="832" HPOS="976"/>
							<String ID="string_118" HPOS="1004" VPOS="831" WIDTH="267" HEIGHT="49" WC="0.96" CONTENT="dispositioner"/><SP WIDTH="28" VPOS="831" HPOS="1271"/>
							<String ID="string_119" HPOS="1299" VPOS="830" WIDTH="176" HEIGHT="35" WC="0.96" CONTENT="därefter."/><SP WIDTH="57" VPOS="830" HPOS="1475"/>
							<String ID="string_120" HPOS="1532" VPOS="829" WIDTH="156" HEIGHT="37" WC="0.93" CONTENT="Kanske"/><SP WIDTH="29" VPOS="829" HPOS="1688"/>
							<String ID="string_121" HPOS="1717" VPOS="830" WIDTH="127" HEIGHT="36" WC="0.95" CONTENT="kunde"/>
						</TextLine>
						<TextLine ID="line_13" HPOS="249" VPOS="881" WIDTH="1600" HEIGHT="53">
							<String ID="string_122" HPOS="249" VPOS="888" WIDTH="48" HEIGHT="36" WC="0.96" CONTENT="då"/><SP WIDTH="41" VPOS="888" HPOS="297"/>
							<String ID="string_123" HPOS="338" VPOS="900" WIDTH="48" HEIGHT="23" WC="0.70" CONTENT="en"/><SP WIDTH="42" VPOS="900" HPOS="386"/>
							<String ID="string_124" HPOS="428" VPOS="887" WIDTH="70" HEIGHT="36" WC="0.96" CONTENT="och"/><SP WIDTH="43" VPOS="887" HPOS="498"/>
							<String ID="string_125" HPOS="541" VPOS="899" WIDTH="123" HEIGHT="23" WC="0.95" CONTENT="annan"/><SP WIDTH="39" VPOS="899" HPOS="664"/>
							<String ID="string_126" HPOS="703" VPOS="885" WIDTH="91" HEIGHT="49" WC="0.92" CONTENT="plan"/><SP WIDTH="28" VPOS="885" HPOS="794"/>
							<String ID="string_127" HPOS="822" VPOS="887" WIDTH="48" HEIGHT="46" WC="0.96" CONTENT="på"/><SP WIDTH="27" VPOS="887" HPOS="870"/>
							<String ID="string_128" HPOS="897" VPOS="897" WIDTH="77" HEIGHT="36" WC="0.96" CONTENT="nya"/><SP WIDTH="28" VPOS="897" HPOS="974"/>
							<String ID="string_129" HPOS="1002" VPOS="884" WIDTH="143" HEIGHT="36" WC="0.93" CONTENT="skatter"/><SP WIDTH="27" VPOS="884" HPOS="1145"/>
							<String ID="string_130" HPOS="1172" VPOS="882" WIDTH="237" HEIGHT="50" WC="0.92" CONTENT="uppskjutas,"/><SP WIDTH="31" VPOS="882" HPOS="1409"/>
							<String ID="string_131" HPOS="1440" VPOS="895" WIDTH="61" HEIGHT="23" WC="0.95" CONTENT="om"/><SP WIDTH="28" VPOS="895" HPOS="1501"/>
							<String ID="string_132" HPOS="1529" VPOS="886" WIDTH="55" HEIGHT="31" WC="0.96" CONTENT="ett"/><SP WIDTH="28" VPOS="886" HPOS="1584"/>
							<String ID="string_133" HPOS="1612" VPOS="881" WIDTH="167" HEIGHT="37" WC="0.93" CONTENT="studium"/><SP WIDTH="30" VPOS="881" HPOS="1779"/>
							<String ID="string_134" HPOS="1809" VPOS="882" WIDTH="40" HEIGHT="36" WC="0.88" CONTENT="af"/>
						</TextLine>
						<TextLine ID="line_14" HPOS="247" VPOS="933" WIDTH="1596" HEIGHT="58">
							<String ID="string_135" HPOS="247" VPOS="940" WIDTH="66" HEIGHT="36" WC="0.96" CONTENT="det"/><SP WIDTH="27" VPOS="940" HPOS="313"/>
							<String ID="string_136" HPOS="340" VPOS="939" WIDTH="181" HEIGHT="50" WC="0.96" CONTENT="politiska"/><SP WIDTH="26" VPOS="939" HPOS="521"/>
							<String ID="string_137" HPOS="547" VPOS="939" WIDTH="107" HEIGHT="48" WC="0.93" CONTENT="läget"/><SP WIDTH="29" VPOS="939" HPOS="654"/>
							<String ID="string_138" HPOS="683" VPOS="937" WIDTH="272" HEIGHT="48" WC="0.90" CONTENT="ådagalägger,"/><SP WIDTH="31" VPOS="937" HPOS="955"/>
							<String ID="string_139" HPOS="986" VPOS="940" WIDTH="55" HEIGHT="31" WC="0.96" CONTENT="att"/><SP WIDTH="28" VPOS="940" HPOS="1041"/>
							<String ID="string_140" HPOS="1069" VPOS="949" WIDTH="47" HEIGHT="23" WC="0.96" CONTENT="en"/><SP WIDTH="28" VPOS="949" HPOS="1116"/>
							<String ID="string_141" HPOS="1144" VPOS="935" WIDTH="135" HEIGHT="48" WC="0.96" CONTENT="längre"/><SP WIDTH="28" VPOS="935" HPOS="1279"/>
							<String ID="string_142" HPOS="1307" VPOS="934" WIDTH="132" HEIGHT="49" WC="0.96" CONTENT="period"/><SP WIDTH="28" VPOS="934" HPOS="1439"/>
							<String ID="string_143" HPOS="1467" VPOS="934" WIDTH="41" HEIGHT="35" WC="0.95" CONTENT="af"/><SP WIDTH="14" VPOS="934" HPOS="1508"/>
							<String ID="string_144" HPOS="1522" VPOS="933" WIDTH="84" HEIGHT="58" WC="0.95" CONTENT="fred"/><SP WIDTH="20" VPOS="933" HPOS="1606"/>
							<String ID="string_145" HPOS="1626" VPOS="934" WIDTH="217" HEIGHT="49" WC="0.96" CONTENT="föreligger."/>
						</TextLine>
					</TextBlock>
					<TextBlock ID="block_3" HPOS="247" VPOS="986" WIDTH="1600" HEIGHT="158">
						<TextLine ID="line_15" HPOS="378" VPOS="986" WIDTH="1469" HEIGHT="52">
							<String ID="string_146" HPOS="378" VPOS="990" WIDTH="81" HEIGHT="37" WC="0.95" CONTENT="Och"/><SP WIDTH="34" VPOS="990" HPOS="459"/>
							<String ID="string_147" HPOS="493" VPOS="990" WIDTH="182" HEIGHT="48" WC="0.95" CONTENT="slutligen"/><SP WIDTH="33" VPOS="990" HPOS="675"/>
							<String ID="string_148" HPOS="708" VPOS="989" WIDTH="148" HEIGHT="36" WC="0.80" CONTENT="hvilket"/><SP WIDTH="33" VPOS="989" HPOS="856"/>
							<String ID="string_149" HPOS="889" VPOS="988" WIDTH="169" HEIGHT="48" WC="0.96" CONTENT="verkligt"/><SP WIDTH="29" VPOS="988" HPOS="1058"/>
							<String ID="string_150" HPOS="1087" VPOS="986" WIDTH="182" HEIGHT="37" WC="0.96" CONTENT="samband"/><SP WIDTH="28" VPOS="986" HPOS="1269"/>
							<String ID="string_151" HPOS="1297" VPOS="986" WIDTH="139" HEIGHT="36" WC="0.95" CONTENT="mellan"/><SP WIDTH="28" VPOS="986" HPOS="1436"/>
							<String ID="string_152" HPOS="1464" VPOS="990" WIDTH="179" HEIGHT="31" WC="0.79" CONTENT="nationen"/><SP WIDTH="29" VPOS="990" HPOS="1643"/>
							<String ID="string_153" HPOS="1672" VPOS="986" WIDTH="70" HEIGHT="36" WC="0.93" CONTENT="och"/><SP WIDTH="28" VPOS="986" HPOS="1742"/>
							<String ID="string_154" HPOS="1770" VPOS="986" WIDTH="77" HEIGHT="36" WC="0.92" CONTENT="för-"/>
						</TextLine>
						<TextLine ID="line_16" HPOS="248" VPOS="1038" WIDTH="1599" HEIGHT="52">
							<String ID="string_155" HPOS="248" VPOS="1042" WIDTH="439" HEIGHT="38" WC="0.91" CONTENT="svarsförberedelserna"/><SP WIDTH="41" VPOS="1042" HPOS="687"/>
							<String ID="string_156" HPOS="728" VPOS="1040" WIDTH="121" HEIGHT="38" WC="0.95" CONTENT="skulle"/><SP WIDTH="41" VPOS="1040" HPOS="849"/>
							<String ID="string_157" HPOS="890" VPOS="1041" WIDTH="34" HEIGHT="49" WC="0.96" CONTENT="ej"/><SP WIDTH="43" VPOS="1041" HPOS="924"/>
							<String ID="string_158" HPOS="967" VPOS="1043" WIDTH="48" HEIGHT="46" WC="0.95" CONTENT="på"/><SP WIDTH="30" VPOS="1043" HPOS="1015"/>
							<String ID="string_159" HPOS="1045" VPOS="1039" WIDTH="102" HEIGHT="37" WC="0.96" CONTENT="detta"/><SP WIDTH="29" VPOS="1039" HPOS="1147"/>
							<String ID="string_160" HPOS="1176" VPOS="1043" WIDTH="75" HEIGHT="32" WC="0.96" CONTENT="sätt"/><SP WIDTH="26" VPOS="1043" HPOS="1251"/>
							<String ID="string_161" HPOS="1277" VPOS="1038" WIDTH="137" HEIGHT="36" WC="0.96" CONTENT="vinnas"/><SP WIDTH="29" VPOS="1038" HPOS="1414"/>
							<String ID="string_162" HPOS="1443" VPOS="1038" WIDTH="73" HEIGHT="36" WC="0.96" CONTENT="den"/><SP WIDTH="28" VPOS="1038" HPOS="1516"/>
							<String ID="string_163" HPOS="1544" VPOS="1038" WIDTH="87" HEIGHT="48" WC="0.96" CONTENT="dag,"/><SP WIDTH="31" VPOS="1038" HPOS="1631"/>
							<String ID="string_164" HPOS="1662" VPOS="1038" WIDTH="46" HEIGHT="36" WC="0.93" CONTENT="då"/><SP WIDTH="28" VPOS="1038" HPOS="1708"/>
							<String ID="string_165" HPOS="1736" VPOS="1051" WIDTH="111" HEIGHT="36" WC="0.92" CONTENT="rege-"/>
						</TextLine>
						<TextLine ID="line_17" HPOS="247" VPOS="1090" WIDTH="1071" HEIGHT="54">
							<String ID="string_166" HPOS="247" VPOS="1096" WIDTH="140" HEIGHT="48" WC="0.96" CONTENT="ringen"/><SP WIDTH="29" VPOS="1096" HPOS="387"/>
							<String ID="string_167" HPOS="416" VPOS="1100" WIDTH="40" HEIGHT="31" WC="0.96" CONTENT="är"/><SP WIDTH="28" VPOS="1100" HPOS="456"/>
							<String ID="string_168" HPOS="484" VPOS="1094" WIDTH="170" HEIGHT="48" WC="0.96" CONTENT="verkligt"/><SP WIDTH="27" VPOS="1094" HPOS="654"/>
							<String ID="string_169" HPOS="681" VPOS="1093" WIDTH="155" HEIGHT="49" WC="0.96" CONTENT="uttryck"/><SP WIDTH="28" VPOS="1093" HPOS="836"/>
							<String ID="string_170" HPOS="864" VPOS="1093" WIDTH="59" HEIGHT="36" WC="0.96" CONTENT="för"/><SP WIDTH="27" VPOS="1093" HPOS="923"/>
							<String ID="string_171" HPOS="950" VPOS="1090" WIDTH="368" HEIGHT="51" WC="0.96" CONTENT="representationen!"/>
						</TextLine>
					</TextBlock>
					<TextBlock ID="block_4" HPOS="250" VPOS="1142" WIDTH="1600" HEIGHT="147">
						<TextLine ID="line_18" HPOS="380" VPOS="1142" WIDTH="1469" HEIGHT="50">
							<String ID="string_172" HPOS="380" VPOS="1148" WIDTH="75" HEIGHT="36" WC="0.96" CONTENT="För"/><SP WIDTH="42" VPOS="1148" HPOS="455"/>
							<String ID="string_173" HPOS="497" VPOS="1146" WIDTH="49" HEIGHT="37" WC="0.96" CONTENT="all"/><SP WIDTH="27" VPOS="1146" HPOS="546"/>
							<String ID="string_174" HPOS="573" VPOS="1146" WIDTH="155" HEIGHT="36" WC="0.96" CONTENT="framtid"/><SP WIDTH="36" VPOS="1146" HPOS="728"/>
							<String ID="string_175" HPOS="764" VPOS="1158" WIDTH="93" HEIGHT="24" WC="0.95" CONTENT="voro"/><SP WIDTH="30" VPOS="1158" HPOS="857"/>
							<String ID="string_176" HPOS="887" VPOS="1145" WIDTH="111" HEIGHT="36" WC="0.96" CONTENT="dessa"/><SP WIDTH="28" VPOS="1145" HPOS="998"/>
							<String ID="string_177" HPOS="1026" VPOS="1143" WIDTH="177" HEIGHT="49" WC="0.96" CONTENT="oändliga"/><SP WIDTH="26" VPOS="1143" HPOS="1203"/>
							<String ID="string_178" HPOS="1229" VPOS="1142" WIDTH="179" HEIGHT="50" WC="0.92" CONTENT="politiska"/><SP WIDTH="27" VPOS="1142" HPOS="1408"/>
							<String ID="string_179" HPOS="1435" VPOS="1142" WIDTH="414" HEIGHT="37" WC="0.90" CONTENT="försvarskommittéer"/>
						</TextLine>
						<TextLine ID="line_19" HPOS="250" VPOS="1195" WIDTH="1600" HEIGHT="52">
							<String ID="string_180" HPOS="250" VPOS="1200" WIDTH="219" HEIGHT="45" WC="0.89" CONTENT="afskaffade,"/><SP WIDTH="43" VPOS="1200" HPOS="469"/>
							<String ID="string_181" HPOS="512" VPOS="1212" WIDTH="80" HEIGHT="23" WC="0.96" CONTENT="som"/><SP WIDTH="42" VPOS="1212" HPOS="592"/>
							<String ID="string_182" HPOS="634" VPOS="1203" WIDTH="88" HEIGHT="44" WC="0.96" CONTENT="sagt"/><SP WIDTH="41" VPOS="1203" HPOS="722"/>
							<String ID="string_183" HPOS="763" VPOS="1200" WIDTH="39" HEIGHT="34" WC="0.96" CONTENT="så"/><SP WIDTH="33" VPOS="1200" HPOS="802"/>
							<String ID="string_184" HPOS="835" VPOS="1197" WIDTH="155" HEIGHT="49" WC="0.96" CONTENT="mycket"/><SP WIDTH="28" VPOS="1197" HPOS="990"/>
							<String ID="string_185" HPOS="1018" VPOS="1196" WIDTH="70" HEIGHT="37" WC="0.96" CONTENT="och"/><SP WIDTH="35" VPOS="1196" HPOS="1088"/>
							<String ID="string_186" HPOS="1123" VPOS="1198" WIDTH="40" HEIGHT="34" WC="0.93" CONTENT="så"/><SP WIDTH="34" VPOS="1198" HPOS="1163"/>
							<String ID="string_187" HPOS="1197" VPOS="1218" WIDTH="50" HEIGHT="3" WC="0.88" CONTENT="—"/><SP WIDTH="27" VPOS="1218" HPOS="1247"/>
							<String ID="string_188" HPOS="1274" VPOS="1195" WIDTH="99" HEIGHT="36" WC="0.94" CONTENT="litet!"/><SP WIDTH="42" VPOS="1195" HPOS="1373"/>
							<String ID="string_189" HPOS="1415" VPOS="1195" WIDTH="233" HEIGHT="36" WC="0.95" CONTENT="Förtroende"/><SP WIDTH="28" VPOS="1195" HPOS="1648"/>
							<String ID="string_190" HPOS="1676" VPOS="1195" WIDTH="71" HEIGHT="36" WC="0.90" CONTENT="och"/><SP WIDTH="27" VPOS="1195" HPOS="1747"/>
							<String ID="string_191" HPOS="1774" VPOS="1195" WIDTH="76" HEIGHT="36" WC="0.85" CONTENT="till-"/>
						</TextLine>
						<TextLine ID="line_20" HPOS="251" VPOS="1246" WIDTH="1597" HEIGHT="43">
							<String ID="string_192" HPOS="251" VPOS="1253" WIDTH="139" HEIGHT="36" WC="0.92" CONTENT="försikt"/><SP WIDTH="29" VPOS="1253" HPOS="390"/>
							<String ID="string_193" HPOS="419" VPOS="1252" WIDTH="120" HEIGHT="36" WC="0.96" CONTENT="skulle"/><SP WIDTH="21" VPOS="1252" HPOS="539"/>
							<String ID="string_194" HPOS="560" VPOS="1250" WIDTH="206" HEIGHT="37" WC="0.96" CONTENT="efterträda"/><SP WIDTH="19" VPOS="1250" HPOS="766"/>
							<String ID="string_195" HPOS="785" VPOS="1250" WIDTH="136" HEIGHT="36" WC="0.96" CONTENT="hittills"/><SP WIDTH="19" VPOS="1250" HPOS="921"/>
							<String ID="string_196" HPOS="940" VPOS="1248" WIDTH="166" HEIGHT="37" WC="0.96" CONTENT="varande"/><SP WIDTH="21" VPOS="1248" HPOS="1106"/>
							<String ID="string_197" HPOS="1127" VPOS="1247" WIDTH="69" HEIGHT="37" WC="0.96" CONTENT="och"/><SP WIDTH="19" VPOS="1247" HPOS="1196"/>
							<String ID="string_198" HPOS="1215" VPOS="1261" WIDTH="52" HEIGHT="23" WC="0.95" CONTENT="nu"/><SP WIDTH="19" VPOS="1261" HPOS="1267"/>
							<String ID="string_199" HPOS="1286" VPOS="1247" WIDTH="166" HEIGHT="36" WC="0.93" CONTENT="rådande"/><SP WIDTH="21" VPOS="1247" HPOS="1452"/>
							<String ID="string_200" HPOS="1473" VPOS="1246" WIDTH="375" HEIGHT="38" WC="0.89" CONTENT="ovisshetstillstånd."/>
						</TextLine>
					</TextBlock>
					<TextBlock ID="block_5" HPOS="250" VPOS="1299" WIDTH="1611" HEIGHT="988">
						<TextLine ID="line_21" HPOS="378" VPOS="1299" WIDTH="1473" HEIGHT="53">
							<String ID="string_201" HPOS="378" VPOS="1304" WIDTH="168" HEIGHT="48" WC="0.95" CONTENT="Mången"/><SP WIDTH="29" VPOS="1304" HPOS="546"/>
							<String ID="string_202" HPOS="575" VPOS="1306" WIDTH="106" HEIGHT="46" WC="0.96" CONTENT="gång"/><SP WIDTH="28" VPOS="1306" HPOS="681"/>
							<String ID="string_203" HPOS="709" VPOS="1303" WIDTH="68" HEIGHT="35" WC="0.96" CONTENT="har"/><SP WIDTH="29" VPOS="1303" HPOS="777"/>
							<String ID="string_204" HPOS="806" VPOS="1302" WIDTH="74" HEIGHT="36" WC="0.96" CONTENT="den"/><SP WIDTH="27" VPOS="1302" HPOS="880"/>
							<String ID="string_205" HPOS="907" VPOS="1301" WIDTH="141" HEIGHT="36" WC="0.95" CONTENT="tanken"/><SP WIDTH="28" VPOS="1301" HPOS="1048"/>
							<String ID="string_206" HPOS="1076" VPOS="1301" WIDTH="128" HEIGHT="35" WC="0.96" CONTENT="korsat"/><SP WIDTH="29" VPOS="1301" HPOS="1204"/>
							<String ID="string_207" HPOS="1233" VPOS="1299" WIDTH="78" HEIGHT="36" WC="0.96" CONTENT="min"/><SP WIDTH="26" VPOS="1299" HPOS="1311"/>
							<String ID="string_208" HPOS="1337" VPOS="1299" WIDTH="146" HEIGHT="49" WC="0.96" CONTENT="hjärna,"/><SP WIDTH="22" VPOS="1299" HPOS="1483"/>
							<String ID="string_209" HPOS="1505" VPOS="1304" WIDTH="56" HEIGHT="31" WC="0.96" CONTENT="att"/><SP WIDTH="19" VPOS="1304" HPOS="1561"/>
							<String ID="string_210" HPOS="1580" VPOS="1299" WIDTH="49" HEIGHT="46" WC="0.96" CONTENT="vi,"/><SP WIDTH="21" VPOS="1299" HPOS="1629"/>
							<String ID="string_211" HPOS="1650" VPOS="1312" WIDTH="83" HEIGHT="23" WC="0.96" CONTENT="som"/><SP WIDTH="19" VPOS="1312" HPOS="1733"/>
							<String ID="string_212" HPOS="1752" VPOS="1300" WIDTH="99" HEIGHT="36" WC="0.96" CONTENT="varit"/>
						</TextLine>
						<TextLine ID="line_22" HPOS="250" VPOS="1351" WIDTH="1601" HEIGHT="53">
							<String ID="string_213" HPOS="250" VPOS="1370" WIDTH="79" HEIGHT="34" WC="0.96" CONTENT="nog"/><SP WIDTH="39" VPOS="1370" HPOS="329"/>
							<String ID="string_214" HPOS="368" VPOS="1356" WIDTH="171" HEIGHT="48" WC="0.95" CONTENT="lyckliga"/><SP WIDTH="42" VPOS="1356" HPOS="539"/>
							<String ID="string_215" HPOS="581" VPOS="1362" WIDTH="55" HEIGHT="29" WC="0.95" CONTENT="att"/><SP WIDTH="40" VPOS="1362" HPOS="636"/>
							<String ID="string_216" HPOS="676" VPOS="1354" WIDTH="121" HEIGHT="36" WC="0.96" CONTENT="under"/><SP WIDTH="28" VPOS="1354" HPOS="797"/>
							<String ID="string_217" HPOS="825" VPOS="1359" WIDTH="105" HEIGHT="31" WC="0.95" CONTENT="snart"/><SP WIDTH="31" VPOS="1359" HPOS="930"/>
							<String ID="string_218" HPOS="961" VPOS="1354" WIDTH="73" HEIGHT="35" WC="0.96" CONTENT="100"/><SP WIDTH="29" VPOS="1354" HPOS="1034"/>
							<String ID="string_219" HPOS="1063" VPOS="1355" WIDTH="41" HEIGHT="33" WC="0.96" CONTENT="år"/><SP WIDTH="26" VPOS="1355" HPOS="1104"/>
							<String ID="string_220" HPOS="1130" VPOS="1352" WIDTH="129" HEIGHT="48" WC="0.96" CONTENT="undgå"/><SP WIDTH="28" VPOS="1352" HPOS="1259"/>
							<String ID="string_221" HPOS="1287" VPOS="1352" WIDTH="88" HEIGHT="47" WC="0.96" CONTENT="krig"/><SP WIDTH="28" VPOS="1352" HPOS="1375"/>
							<String ID="string_222" HPOS="1403" VPOS="1351" WIDTH="71" HEIGHT="36" WC="0.96" CONTENT="och"/><SP WIDTH="29" VPOS="1351" HPOS="1474"/>
							<String ID="string_223" HPOS="1503" VPOS="1364" WIDTH="80" HEIGHT="23" WC="0.95" CONTENT="som"/><SP WIDTH="29" VPOS="1364" HPOS="1583"/>
							<String ID="string_224" HPOS="1612" VPOS="1351" WIDTH="128" HEIGHT="36" WC="0.95" CONTENT="därför"/><SP WIDTH="27" VPOS="1351" HPOS="1740"/>
							<String ID="string_225" HPOS="1767" VPOS="1352" WIDTH="84" HEIGHT="36" WC="0.95" CONTENT="icke"/>
						</TextLine>
						<TextLine ID="line_23" HPOS="255" VPOS="1403" WIDTH="1596" HEIGHT="52">
							<String ID="string_226" HPOS="255" VPOS="1408" WIDTH="114" HEIGHT="36" WC="0.96" CONTENT="borde"/><SP WIDTH="42" VPOS="1408" HPOS="369"/>
							<String ID="string_227" HPOS="411" VPOS="1421" WIDTH="90" HEIGHT="22" WC="0.96" CONTENT="vara"/><SP WIDTH="41" VPOS="1421" HPOS="501"/>
							<String ID="string_228" HPOS="542" VPOS="1420" WIDTH="78" HEIGHT="35" WC="0.93" CONTENT="nog"/><SP WIDTH="40" VPOS="1420" HPOS="620"/>
							<String ID="string_229" HPOS="660" VPOS="1407" WIDTH="191" HEIGHT="35" WC="0.90" CONTENT="förmätna"/><SP WIDTH="41" VPOS="1407" HPOS="851"/>
							<String ID="string_230" HPOS="892" VPOS="1409" WIDTH="55" HEIGHT="32" WC="0.96" CONTENT="att"/><SP WIDTH="26" VPOS="1409" HPOS="947"/>
							<String ID="string_231" HPOS="973" VPOS="1405" WIDTH="205" HEIGHT="36" WC="0.96" CONTENT="förutsätta"/><SP WIDTH="29" VPOS="1405" HPOS="1178"/>
							<String ID="string_232" HPOS="1207" VPOS="1417" WIDTH="62" HEIGHT="23" WC="0.96" CONTENT="oss"/><SP WIDTH="28" VPOS="1417" HPOS="1269"/>
							<String ID="string_233" HPOS="1297" VPOS="1408" WIDTH="74" HEIGHT="43" WC="0.96" CONTENT="äga"/><SP WIDTH="28" VPOS="1408" HPOS="1371"/>
							<String ID="string_234" HPOS="1399" VPOS="1403" WIDTH="118" HEIGHT="36" WC="0.95" CONTENT="sådan"/><SP WIDTH="29" VPOS="1403" HPOS="1517"/>
							<String ID="string_235" HPOS="1546" VPOS="1403" WIDTH="217" HEIGHT="37" WC="0.95" CONTENT="erfarenhet"/><SP WIDTH="28" VPOS="1403" HPOS="1763"/>
							<String ID="string_236" HPOS="1791" VPOS="1417" WIDTH="60" HEIGHT="23" WC="0.96" CONTENT="om"/>
						</TextLine>
						<TextLine ID="line_24" HPOS="252" VPOS="1455" WIDTH="1600" HEIGHT="49">
							<String ID="string_237" HPOS="252" VPOS="1460" WIDTH="59" HEIGHT="36" WC="0.86" CONTENT="till"/><SP WIDTH="33" VPOS="1460" HPOS="311"/>
							<String ID="string_238" HPOS="344" VPOS="1460" WIDTH="187" HEIGHT="36" WC="0.92" CONTENT="försvaret"/><SP WIDTH="32" VPOS="1460" HPOS="531"/>
							<String ID="string_239" HPOS="563" VPOS="1458" WIDTH="171" HEIGHT="37" WC="0.96" CONTENT="hörande"/><SP WIDTH="34" VPOS="1458" HPOS="734"/>
							<String ID="string_240" HPOS="768" VPOS="1462" WIDTH="120" HEIGHT="32" WC="0.96" CONTENT="större"/><SP WIDTH="28" VPOS="1462" HPOS="888"/>
							<String ID="string_241" HPOS="916" VPOS="1457" WIDTH="70" HEIGHT="36" WC="0.96" CONTENT="och"/><SP WIDTH="29" VPOS="1457" HPOS="986"/>
							<String ID="string_242" HPOS="1015" VPOS="1456" WIDTH="147" HEIGHT="36" WC="0.96" CONTENT="mindre"/><SP WIDTH="29" VPOS="1456" HPOS="1162"/>
							<String ID="string_243" HPOS="1191" VPOS="1455" WIDTH="324" HEIGHT="49" WC="0.96" CONTENT="angelägenheter"/><SP WIDTH="29" VPOS="1455" HPOS="1515"/>
							<String ID="string_244" HPOS="1544" VPOS="1468" WIDTH="81" HEIGHT="23" WC="0.94" CONTENT="som"/><SP WIDTH="28" VPOS="1468" HPOS="1625"/>
							<String ID="string_245" HPOS="1653" VPOS="1455" WIDTH="46" HEIGHT="37" WC="0.93" CONTENT="de"/><SP WIDTH="29" VPOS="1455" HPOS="1699"/>
							<String ID="string_246" HPOS="1728" VPOS="1456" WIDTH="124" HEIGHT="36" WC="0.90" CONTENT="natio-"/>
						</TextLine>
						<TextLine ID="line_25" HPOS="253" VPOS="1507" WIDTH="1600" HEIGHT="53">
							<String ID="string_247" HPOS="253" VPOS="1525" WIDTH="79" HEIGHT="35" WC="0.95" CONTENT="ner,"/><SP WIDTH="43" VPOS="1525" HPOS="332"/>
							<String ID="string_248" HPOS="375" VPOS="1525" WIDTH="80" HEIGHT="23" WC="0.92" CONTENT="som"/><SP WIDTH="42" VPOS="1525" HPOS="455"/>
							<String ID="string_249" HPOS="497" VPOS="1511" WIDTH="73" HEIGHT="36" WC="0.91" CONTENT="fått"/><SP WIDTH="40" VPOS="1511" HPOS="570"/>
							<String ID="string_250" HPOS="610" VPOS="1511" WIDTH="198" HEIGHT="48" WC="0.91" CONTENT="tillkämpa"/><SP WIDTH="42" VPOS="1511" HPOS="808"/>
							<String ID="string_251" HPOS="850" VPOS="1509" WIDTH="60" HEIGHT="48" WC="0.82" CONTENT="sig"/><SP WIDTH="42" VPOS="1509" HPOS="910"/>
							<String ID="string_252" HPOS="952" VPOS="1508" WIDTH="115" HEIGHT="49" WC="0.96" CONTENT="dylik,"/><SP WIDTH="43" VPOS="1508" HPOS="1067"/>
							<String ID="string_253" HPOS="1110" VPOS="1507" WIDTH="120" HEIGHT="37" WC="0.96" CONTENT="skulle"/><SP WIDTH="32" VPOS="1507" HPOS="1230"/>
							<String ID="string_254" HPOS="1262" VPOS="1507" WIDTH="115" HEIGHT="37" WC="0.96" CONTENT="hafva"/><SP WIDTH="29" VPOS="1507" HPOS="1377"/>
							<String ID="string_255" HPOS="1406" VPOS="1512" WIDTH="110" HEIGHT="44" WC="0.96" CONTENT="nytta"/><SP WIDTH="29" VPOS="1512" HPOS="1516"/>
							<String ID="string_256" HPOS="1545" VPOS="1508" WIDTH="40" HEIGHT="35" WC="0.94" CONTENT="af"/><SP WIDTH="26" VPOS="1508" HPOS="1585"/>
							<String ID="string_257" HPOS="1611" VPOS="1512" WIDTH="54" HEIGHT="31" WC="0.96" CONTENT="att"/><SP WIDTH="27" VPOS="1512" HPOS="1665"/>
							<String ID="string_258" HPOS="1692" VPOS="1507" WIDTH="161" HEIGHT="37" WC="0.96" CONTENT="tillkalla"/>
						</TextLine>
						<TextLine ID="line_26" HPOS="252" VPOS="1559" WIDTH="1598" HEIGHT="53">
							<String ID="string_259" HPOS="252" VPOS="1567" WIDTH="130" HEIGHT="45" WC="0.96" CONTENT="någon"/><SP WIDTH="29" VPOS="1567" HPOS="382"/>
							<String ID="string_260" HPOS="411" VPOS="1563" WIDTH="149" HEIGHT="36" WC="0.93" CONTENT="erfaren"/><SP WIDTH="34" VPOS="1563" HPOS="560"/>
							<String ID="string_261" HPOS="594" VPOS="1562" WIDTH="410" HEIGHT="48" WC="0.91" CONTENT="försvarsorganisatör"/><SP WIDTH="27" VPOS="1562" HPOS="1004"/>
							<String ID="string_262" HPOS="1031" VPOS="1560" WIDTH="85" HEIGHT="36" WC="0.96" CONTENT="från"/><SP WIDTH="24" VPOS="1560" HPOS="1116"/>
							<String ID="string_263" HPOS="1140" VPOS="1559" WIDTH="235" HEIGHT="37" WC="0.96" CONTENT="främmande"/><SP WIDTH="28" VPOS="1559" HPOS="1375"/>
							<String ID="string_264" HPOS="1403" VPOS="1559" WIDTH="100" HEIGHT="36" WC="0.94" CONTENT="land."/><SP WIDTH="56" VPOS="1559" HPOS="1503"/>
							<String ID="string_265" HPOS="1559" VPOS="1559" WIDTH="78" HEIGHT="48" WC="0.66" CONTENT="Jag"/><SP WIDTH="28" VPOS="1559" HPOS="1637"/>
							<String ID="string_266" HPOS="1665" VPOS="1559" WIDTH="69" HEIGHT="37" WC="0.88" CONTENT="har"/><SP WIDTH="27" VPOS="1559" HPOS="1734"/>
							<String ID="string_267" HPOS="1761" VPOS="1565" WIDTH="26" HEIGHT="30" WC="0.88" CONTENT="t."/><SP WIDTH="31" VPOS="1565" HPOS="1787"/>
							<String ID="string_268" HPOS="1818" VPOS="1573" WIDTH="32" HEIGHT="23" WC="0.89" CONTENT="o."/>
						</TextLine>
						<TextLine ID="line_27" HPOS="254" VPOS="1611" WIDTH="1599" HEIGHT="53">
							<String ID="string_269" HPOS="254" VPOS="1630" WIDTH="48" HEIGHT="21" WC="0.85" CONTENT="m."/><SP WIDTH="45" VPOS="1630" HPOS="302"/>
							<String ID="string_270" HPOS="347" VPOS="1615" WIDTH="215" HEIGHT="36" WC="0.90" CONTENT="samtalsvis"/><SP WIDTH="41" VPOS="1615" HPOS="562"/>
							<String ID="string_271" HPOS="603" VPOS="1619" WIDTH="121" HEIGHT="45" WC="0.92" CONTENT="yppat"/><SP WIDTH="41" VPOS="1619" HPOS="724"/>
							<String ID="string_272" HPOS="765" VPOS="1614" WIDTH="125" HEIGHT="35" WC="0.94" CONTENT="denna"/><SP WIDTH="27" VPOS="1614" HPOS="890"/>
							<String ID="string_273" HPOS="917" VPOS="1613" WIDTH="127" HEIGHT="43" WC="0.94" CONTENT="tanke,"/><SP WIDTH="30" VPOS="1613" HPOS="1044"/>
							<String ID="string_274" HPOS="1074" VPOS="1625" WIDTH="87" HEIGHT="23" WC="0.95" CONTENT="men"/><SP WIDTH="28" VPOS="1625" HPOS="1161"/>
							<String ID="string_275" HPOS="1189" VPOS="1617" WIDTH="138" HEIGHT="30" WC="0.96" CONTENT="möttes"/><SP WIDTH="30" VPOS="1617" HPOS="1327"/>
							<String ID="string_276" HPOS="1357" VPOS="1611" WIDTH="41" HEIGHT="36" WC="0.96" CONTENT="af"/><SP WIDTH="26" VPOS="1611" HPOS="1398"/>
							<String ID="string_277" HPOS="1424" VPOS="1611" WIDTH="72" HEIGHT="36" WC="0.96" CONTENT="den"/><SP WIDTH="30" VPOS="1611" HPOS="1496"/>
							<String ID="string_278" HPOS="1526" VPOS="1611" WIDTH="177" HEIGHT="49" WC="0.92" CONTENT="djupaste"/><SP WIDTH="24" VPOS="1611" HPOS="1703"/>
							<String ID="string_279" HPOS="1727" VPOS="1612" WIDTH="126" HEIGHT="48" WC="0.92" CONTENT="indig-"/>
						</TextLine>
						<TextLine ID="line_28" HPOS="253" VPOS="1663" WIDTH="1599" HEIGHT="51">
							<String ID="string_280" HPOS="253" VPOS="1668" WIDTH="131" HEIGHT="36" WC="0.95" CONTENT="nation"/><SP WIDTH="29" VPOS="1668" HPOS="384"/>
							<String ID="string_281" HPOS="413" VPOS="1668" WIDTH="118" HEIGHT="46" WC="0.95" CONTENT="öfver,"/><SP WIDTH="30" VPOS="1668" HPOS="531"/>
							<String ID="string_282" HPOS="561" VPOS="1671" WIDTH="55" HEIGHT="31" WC="0.96" CONTENT="att"/><SP WIDTH="27" VPOS="1671" HPOS="616"/>
							<String ID="string_283" HPOS="643" VPOS="1680" WIDTH="90" HEIGHT="22" WC="0.95" CONTENT="man"/><SP WIDTH="28" VPOS="1680" HPOS="733"/>
							<String ID="string_284" HPOS="761" VPOS="1669" WIDTH="41" HEIGHT="33" WC="0.96" CONTENT="så"/><SP WIDTH="28" VPOS="1669" HPOS="802"/>
							<String ID="string_285" HPOS="830" VPOS="1665" WIDTH="122" HEIGHT="36" WC="0.69" CONTENT="skulle"/><SP WIDTH="28" VPOS="1665" HPOS="952"/>
							<String ID="string_286" HPOS="980" VPOS="1664" WIDTH="92" HEIGHT="49" WC="0.94" CONTENT="vilja"/><SP WIDTH="19" VPOS="1664" HPOS="1072"/>
							<String ID="string_287" HPOS="1091" VPOS="1664" WIDTH="249" HEIGHT="36" WC="0.96" CONTENT="underskatta"/><SP WIDTH="18" VPOS="1664" HPOS="1340"/>
							<String ID="string_288" HPOS="1358" VPOS="1666" WIDTH="92" HEIGHT="33" WC="0.96" CONTENT="våra"/><SP WIDTH="20" VPOS="1666" HPOS="1450"/>
							<String ID="string_289" HPOS="1470" VPOS="1676" WIDTH="100" HEIGHT="35" WC="0.95" CONTENT="egna"/><SP WIDTH="20" VPOS="1676" HPOS="1570"/>
							<String ID="string_290" HPOS="1590" VPOS="1663" WIDTH="262" HEIGHT="47" WC="0.96" CONTENT="auktoriteter,"/>
						</TextLine>
						<TextLine ID="line_29" HPOS="252" VPOS="1715" WIDTH="1603" HEIGHT="53">
							<String ID="string_291" HPOS="252" VPOS="1720" WIDTH="215" HEIGHT="48" WC="0.95" CONTENT="hvarjämte"/><SP WIDTH="28" VPOS="1720" HPOS="467"/>
							<String ID="string_292" HPOS="495" VPOS="1718" WIDTH="238" HEIGHT="47" WC="0.75" CONTENT="framhållits,"/><SP WIDTH="30" VPOS="1718" HPOS="733"/>
							<String ID="string_293" HPOS="763" VPOS="1722" WIDTH="56" HEIGHT="32" WC="0.96" CONTENT="att"/><SP WIDTH="28" VPOS="1722" HPOS="819"/>
							<String ID="string_294" HPOS="847" VPOS="1720" WIDTH="87" HEIGHT="33" WC="0.96" CONTENT="våra"/><SP WIDTH="28" VPOS="1720" HPOS="934"/>
							<String ID="string_295" HPOS="962" VPOS="1716" WIDTH="265" HEIGHT="36" WC="0.96" CONTENT="förhållanden"/><SP WIDTH="29" VPOS="1716" HPOS="1227"/>
							<String ID="string_296" HPOS="1256" VPOS="1720" WIDTH="64" HEIGHT="31" WC="0.96" CONTENT="äro"/><SP WIDTH="30" VPOS="1720" HPOS="1320"/>
							<String ID="string_297" HPOS="1350" VPOS="1718" WIDTH="40" HEIGHT="33" WC="0.96" CONTENT="så"/><SP WIDTH="28" VPOS="1718" HPOS="1390"/>
							<String ID="string_298" HPOS="1418" VPOS="1719" WIDTH="176" HEIGHT="44" WC="0.96" CONTENT="säregna."/><SP WIDTH="57" VPOS="1719" HPOS="1594"/>
							<String ID="string_299" HPOS="1651" VPOS="1715" WIDTH="102" HEIGHT="47" WC="0.47" CONTENT="Men,"/><SP WIDTH="21" VPOS="1715" HPOS="1753"/>
							<String ID="string_300" HPOS="1774" VPOS="1729" WIDTH="81" HEIGHT="23" WC="0.96" CONTENT="som"/>
						</TextLine>
						<TextLine ID="line_30" HPOS="251" VPOS="1767" WIDTH="1603" HEIGHT="51">
							<String ID="string_301" HPOS="251" VPOS="1772" WIDTH="106" HEIGHT="36" WC="0.96" CONTENT="förut"/><SP WIDTH="40" VPOS="1772" HPOS="357"/>
							<String ID="string_302" HPOS="397" VPOS="1775" WIDTH="164" HEIGHT="43" WC="0.96" CONTENT="nämnts,"/><SP WIDTH="44" VPOS="1775" HPOS="561"/>
							<String ID="string_303" HPOS="605" VPOS="1770" WIDTH="283" HEIGHT="36" WC="0.96" CONTENT="förhållandena"/><SP WIDTH="37" VPOS="1770" HPOS="888"/>
							<String ID="string_304" HPOS="925" VPOS="1774" WIDTH="64" HEIGHT="31" WC="0.96" CONTENT="äro"/><SP WIDTH="29" VPOS="1774" HPOS="989"/>
							<String ID="string_305" HPOS="1018" VPOS="1781" WIDTH="158" HEIGHT="23" WC="0.96" CONTENT="numera"/><SP WIDTH="28" VPOS="1781" HPOS="1176"/>
							<String ID="string_306" HPOS="1204" VPOS="1770" WIDTH="40" HEIGHT="34" WC="0.96" CONTENT="så"/><SP WIDTH="29" VPOS="1770" HPOS="1244"/>
							<String ID="string_307" HPOS="1273" VPOS="1767" WIDTH="177" HEIGHT="36" WC="0.96" CONTENT="ändrade."/><SP WIDTH="57" VPOS="1767" HPOS="1450"/>
							<String ID="string_308" HPOS="1507" VPOS="1767" WIDTH="78" HEIGHT="48" WC="0.95" CONTENT="Jag"/><SP WIDTH="28" VPOS="1767" HPOS="1585"/>
							<String ID="string_309" HPOS="1613" VPOS="1767" WIDTH="146" HEIGHT="37" WC="0.93" CONTENT="fruktar"/><SP WIDTH="27" VPOS="1767" HPOS="1759"/>
							<String ID="string_310" HPOS="1786" VPOS="1781" WIDTH="68" HEIGHT="23" WC="0.93" CONTENT="nu-"/>
						</TextLine>
						<TextLine ID="line_31" HPOS="252" VPOS="1820" WIDTH="1605" HEIGHT="48">
							<String ID="string_311" HPOS="252" VPOS="1833" WIDTH="105" HEIGHT="27" WC="0.21" CONTENT="mera"/><SP WIDTH="28" VPOS="1833" HPOS="357"/>
							<String ID="string_312" HPOS="385" VPOS="1823" WIDTH="83" HEIGHT="36" WC="0.96" CONTENT="icke"/><SP WIDTH="31" VPOS="1823" HPOS="468"/>
							<String ID="string_313" HPOS="499" VPOS="1827" WIDTH="54" HEIGHT="32" WC="0.95" CONTENT="att"/><SP WIDTH="27" VPOS="1827" HPOS="553"/>
							<String ID="string_314" HPOS="580" VPOS="1822" WIDTH="119" HEIGHT="37" WC="0.96" CONTENT="blifva"/><SP WIDTH="29" VPOS="1822" HPOS="699"/>
							<String ID="string_315" HPOS="728" VPOS="1821" WIDTH="274" HEIGHT="37" WC="0.96" CONTENT="missförstådd."/><SP WIDTH="57" VPOS="1821" HPOS="1002"/>
							<String ID="string_316" HPOS="1059" VPOS="1820" WIDTH="49" HEIGHT="37" WC="0.71" CONTENT="Vi"/><SP WIDTH="28" VPOS="1820" HPOS="1108"/>
							<String ID="string_317" HPOS="1136" VPOS="1833" WIDTH="39" HEIGHT="24" WC="0.88" CONTENT="se"/><SP WIDTH="29" VPOS="1833" HPOS="1175"/>
							<String ID="string_318" HPOS="1204" VPOS="1820" WIDTH="71" HEIGHT="36" WC="0.96" CONTENT="och"/><SP WIDTH="27" VPOS="1820" HPOS="1275"/>
							<String ID="string_319" HPOS="1302" VPOS="1820" WIDTH="127" HEIGHT="35" WC="0.96" CONTENT="känna"/><SP WIDTH="26" VPOS="1820" HPOS="1429"/>
							<String ID="string_320" HPOS="1455" VPOS="1833" WIDTH="52" HEIGHT="22" WC="0.94" CONTENT="nu"/><SP WIDTH="30" VPOS="1833" HPOS="1507"/>
							<String ID="string_321" HPOS="1537" VPOS="1820" WIDTH="241" HEIGHT="48" WC="0.96" CONTENT="allvarligare"/><SP WIDTH="30" VPOS="1820" HPOS="1778"/>
							<String ID="string_322" HPOS="1808" VPOS="1825" WIDTH="49" HEIGHT="31" WC="0.96" CONTENT="än"/>
						</TextLine>
						<TextLine ID="line_32" HPOS="255" VPOS="1872" WIDTH="1602" HEIGHT="52">
							<String ID="string_323" HPOS="255" VPOS="1878" WIDTH="50" HEIGHT="34" WC="0.96" CONTENT="så."/><SP WIDTH="56" VPOS="1878" HPOS="305"/>
							<String ID="string_324" HPOS="361" VPOS="1875" WIDTH="124" HEIGHT="49" WC="0.89" CONTENT="Ingen"/><SP WIDTH="41" VPOS="1875" HPOS="485"/>
							<String ID="string_325" HPOS="526" VPOS="1875" WIDTH="99" HEIGHT="36" WC="0.96" CONTENT="lärer"/><SP WIDTH="41" VPOS="1875" HPOS="625"/>
							<String ID="string_326" HPOS="666" VPOS="1874" WIDTH="160" HEIGHT="37" WC="0.96" CONTENT="förneka"/><SP WIDTH="41" VPOS="1874" HPOS="826"/>
							<String ID="string_327" HPOS="867" VPOS="1873" WIDTH="65" HEIGHT="37" WC="0.96" CONTENT="det"/><SP WIDTH="41" VPOS="1873" HPOS="932"/>
							<String ID="string_328" HPOS="973" VPOS="1873" WIDTH="114" HEIGHT="36" WC="0.63" CONTENT="kloka"/><SP WIDTH="28" VPOS="1873" HPOS="1087"/>
							<String ID="string_329" HPOS="1115" VPOS="1873" WIDTH="12" HEIGHT="36" WC="0.96" CONTENT="i"/><SP WIDTH="25" VPOS="1873" HPOS="1127"/>
							<String ID="string_330" HPOS="1152" VPOS="1873" WIDTH="232" HEIGHT="48" WC="0.94" CONTENT="japanernas"/><SP WIDTH="42" VPOS="1873" HPOS="1384"/>
							<String ID="string_331" HPOS="1426" VPOS="1872" WIDTH="137" HEIGHT="48" WC="0.95" CONTENT="åtgärd"/><SP WIDTH="43" VPOS="1872" HPOS="1563"/>
							<String ID="string_332" HPOS="1606" VPOS="1877" WIDTH="55" HEIGHT="31" WC="0.95" CONTENT="att"/><SP WIDTH="33" VPOS="1877" HPOS="1661"/>
							<String ID="string_333" HPOS="1694" VPOS="1872" WIDTH="163" HEIGHT="36" WC="0.96" CONTENT="tillkalla"/>
						</TextLine>
						<TextLine ID="line_33" HPOS="254" VPOS="1925" WIDTH="1604" HEIGHT="51">
							<String ID="string_334" HPOS="254" VPOS="1928" WIDTH="182" HEIGHT="48" WC="0.96" CONTENT="engelska"/><SP WIDTH="30" VPOS="1928" HPOS="436"/>
							<String ID="string_335" HPOS="466" VPOS="1928" WIDTH="70" HEIGHT="35" WC="0.96" CONTENT="och"/><SP WIDTH="27" VPOS="1928" HPOS="536"/>
							<String ID="string_336" HPOS="563" VPOS="1927" WIDTH="115" HEIGHT="48" WC="0.93" CONTENT="tyska"/><SP WIDTH="28" VPOS="1927" HPOS="678"/>
							<String ID="string_337" HPOS="706" VPOS="1926" WIDTH="230" HEIGHT="49" WC="0.92" CONTENT="rådgifvare."/><SP WIDTH="56" VPOS="1926" HPOS="936"/>
							<String ID="string_338" HPOS="992" VPOS="1925" WIDTH="117" HEIGHT="36" WC="0.92" CONTENT="Deras"/><SP WIDTH="27" VPOS="1925" HPOS="1109"/>
							<String ID="string_339" HPOS="1136" VPOS="1925" WIDTH="267" HEIGHT="36" WC="0.95" CONTENT="förhållanden"/><SP WIDTH="23" VPOS="1925" HPOS="1403"/>
							<String ID="string_340" HPOS="1426" VPOS="1937" WIDTH="92" HEIGHT="23" WC="0.96" CONTENT="voro"/><SP WIDTH="21" VPOS="1937" HPOS="1518"/>
							<String ID="string_341" HPOS="1539" VPOS="1938" WIDTH="79" HEIGHT="35" WC="0.95" CONTENT="nog"/><SP WIDTH="20" VPOS="1938" HPOS="1618"/>
							<String ID="string_342" HPOS="1638" VPOS="1925" WIDTH="97" HEIGHT="48" WC="0.95" CONTENT="ändå"/><SP WIDTH="20" VPOS="1925" HPOS="1735"/>
							<String ID="string_343" HPOS="1755" VPOS="1937" WIDTH="103" HEIGHT="23" WC="0.95" CONTENT="mera"/>
						</TextLine>
						<TextLine ID="line_34" HPOS="255" VPOS="1976" WIDTH="1603" HEIGHT="52">
							<String ID="string_344" HPOS="255" VPOS="1984" WIDTH="164" HEIGHT="44" WC="0.96" CONTENT="säregna"/><SP WIDTH="29" VPOS="1984" HPOS="419"/>
							<String ID="string_345" HPOS="448" VPOS="1984" WIDTH="48" HEIGHT="31" WC="0.96" CONTENT="än"/><SP WIDTH="28" VPOS="1984" HPOS="496"/>
							<String ID="string_346" HPOS="524" VPOS="1982" WIDTH="102" HEIGHT="45" WC="0.96" CONTENT="våra,"/><SP WIDTH="30" VPOS="1982" HPOS="626"/>
							<String ID="string_347" HPOS="656" VPOS="1979" WIDTH="72" HEIGHT="36" WC="0.91" CONTENT="och"/><SP WIDTH="26" VPOS="1979" HPOS="728"/>
							<String ID="string_348" HPOS="754" VPOS="1978" WIDTH="202" HEIGHT="36" WC="0.96" CONTENT="resultatet"/><SP WIDTH="27" VPOS="1978" HPOS="956"/>
							<String ID="string_349" HPOS="983" VPOS="1977" WIDTH="114" HEIGHT="36" WC="0.95" CONTENT="hafva"/><SP WIDTH="30" VPOS="1977" HPOS="1097"/>
							<String ID="string_350" HPOS="1127" VPOS="1977" WIDTH="36" HEIGHT="36" WC="0.96" CONTENT="vi"/><SP WIDTH="29" VPOS="1977" HPOS="1163"/>
							<String ID="string_351" HPOS="1192" VPOS="1982" WIDTH="87" HEIGHT="42" WC="0.96" CONTENT="sett,"/><SP WIDTH="31" VPOS="1982" HPOS="1279"/>
							<String ID="string_352" HPOS="1310" VPOS="1980" WIDTH="39" HEIGHT="33" WC="0.96" CONTENT="så"/><SP WIDTH="29" VPOS="1980" HPOS="1349"/>
							<String ID="string_353" HPOS="1378" VPOS="1976" WIDTH="59" HEIGHT="36" WC="0.96" CONTENT="till"/><SP WIDTH="28" VPOS="1976" HPOS="1437"/>
							<String ID="string_354" HPOS="1465" VPOS="1977" WIDTH="89" HEIGHT="36" WC="0.96" CONTENT="vida"/><SP WIDTH="29" VPOS="1977" HPOS="1554"/>
							<String ID="string_355" HPOS="1583" VPOS="1981" WIDTH="55" HEIGHT="31" WC="0.96" CONTENT="att"/><SP WIDTH="26" VPOS="1981" HPOS="1638"/>
							<String ID="string_356" HPOS="1664" VPOS="1977" WIDTH="45" HEIGHT="35" WC="0.96" CONTENT="de"/><SP WIDTH="21" VPOS="1977" HPOS="1709"/>
							<String ID="string_357" HPOS="1730" VPOS="1983" WIDTH="128" HEIGHT="42" WC="0.96" CONTENT="segrat"/>
						</TextLine>
						<TextLine ID="line_35" HPOS="255" VPOS="2029" WIDTH="1603" HEIGHT="51">
							<String ID="string_358" HPOS="255" VPOS="2034" WIDTH="49" HEIGHT="46" WC="0.95" CONTENT="på"/><SP WIDTH="30" VPOS="2034" HPOS="304"/>
							<String ID="string_359" HPOS="334" VPOS="2032" WIDTH="71" HEIGHT="35" WC="0.94" CONTENT="alla"/><SP WIDTH="29" VPOS="2032" HPOS="405"/>
							<String ID="string_360" HPOS="434" VPOS="2031" WIDTH="177" HEIGHT="49" WC="0.90" CONTENT="punkter."/><SP WIDTH="55" VPOS="2031" HPOS="611"/>
							<String ID="string_361" HPOS="666" VPOS="2031" WIDTH="18" HEIGHT="36" WC="0.91" CONTENT="I"/><SP WIDTH="29" VPOS="2031" HPOS="684"/>
							<String ID="string_362" HPOS="713" VPOS="2036" WIDTH="102" HEIGHT="31" WC="0.93" CONTENT="ännu"/><SP WIDTH="29" VPOS="2036" HPOS="815"/>
							<String ID="string_363" HPOS="844" VPOS="2031" WIDTH="120" HEIGHT="47" WC="0.95" CONTENT="högre"/><SP WIDTH="28" VPOS="2031" HPOS="964"/>
							<String ID="string_364" HPOS="992" VPOS="2030" WIDTH="96" HEIGHT="48" WC="0.96" CONTENT="grad"/><SP WIDTH="29" VPOS="2030" HPOS="1088"/>
							<String ID="string_365" HPOS="1117" VPOS="2029" WIDTH="40" HEIGHT="37" WC="0.95" CONTENT="af"/><SP WIDTH="25" VPOS="2029" HPOS="1157"/>
							<String ID="string_366" HPOS="1182" VPOS="2029" WIDTH="161" HEIGHT="37" WC="0.81" CONTENT="intresse"/><SP WIDTH="29" VPOS="2029" HPOS="1343"/>
							<String ID="string_367" HPOS="1372" VPOS="2034" WIDTH="42" HEIGHT="31" WC="0.94" CONTENT="är"/><SP WIDTH="29" VPOS="2034" HPOS="1414"/>
							<String ID="string_368" HPOS="1443" VPOS="2029" WIDTH="213" HEIGHT="36" WC="0.95" CONTENT="emellertid"/><SP WIDTH="30" VPOS="2029" HPOS="1656"/>
							<String ID="string_369" HPOS="1686" VPOS="2034" WIDTH="54" HEIGHT="31" WC="0.96" CONTENT="att"/><SP WIDTH="20" VPOS="2034" HPOS="1740"/>
							<String ID="string_370" HPOS="1760" VPOS="2029" WIDTH="98" HEIGHT="36" WC="0.96" CONTENT="fästa"/>
						</TextLine>
						<TextLine ID="line_36" HPOS="255" VPOS="2081" WIDTH="1604" HEIGHT="51">
							<String ID="string_371" HPOS="255" VPOS="2083" WIDTH="389" HEIGHT="48" WC="0.96" CONTENT="uppmärksamheten"/><SP WIDTH="40" VPOS="2083" HPOS="644"/>
							<String ID="string_372" HPOS="684" VPOS="2086" WIDTH="49" HEIGHT="46" WC="0.96" CONTENT="på"/><SP WIDTH="42" VPOS="2086" HPOS="733"/>
							<String ID="string_373" HPOS="775" VPOS="2087" WIDTH="55" HEIGHT="32" WC="0.95" CONTENT="att"/><SP WIDTH="41" VPOS="2087" HPOS="830"/>
							<String ID="string_374" HPOS="871" VPOS="2082" WIDTH="110" HEIGHT="36" WC="0.96" CONTENT="deras"/><SP WIDTH="41" VPOS="2082" HPOS="981"/>
							<String ID="string_375" HPOS="1022" VPOS="2081" WIDTH="217" HEIGHT="49" WC="0.90" CONTENT="betydande"/><SP WIDTH="29" VPOS="2081" HPOS="1239"/>
							<String ID="string_376" HPOS="1268" VPOS="2081" WIDTH="274" HEIGHT="36" WC="0.89" CONTENT="försvarskraft"/><SP WIDTH="28" VPOS="2081" HPOS="1542"/>
							<String ID="string_377" HPOS="1570" VPOS="2081" WIDTH="289" HEIGHT="36" WC="0.96" CONTENT="åstadkommits"/>
						</TextLine>
						<TextLine ID="line_37" HPOS="257" VPOS="2133" WIDTH="1602" HEIGHT="50">
							<String ID="string_378" HPOS="257" VPOS="2135" WIDTH="89" HEIGHT="36" WC="0.94" CONTENT="med"/><SP WIDTH="38" VPOS="2135" HPOS="346"/>
							<String ID="string_379" HPOS="384" VPOS="2135" WIDTH="283" HEIGHT="48" WC="0.92" CONTENT="jämförelsevis"/><SP WIDTH="43" VPOS="2135" HPOS="667"/>
							<String ID="string_380" HPOS="710" VPOS="2138" WIDTH="81" HEIGHT="33" WC="0.96" CONTENT="små"/><SP WIDTH="29" VPOS="2138" HPOS="791"/>
							<String ID="string_381" HPOS="820" VPOS="2134" WIDTH="130" HEIGHT="36" WC="0.91" CONTENT="medel."/><SP WIDTH="57" VPOS="2134" HPOS="950"/>
							<String ID="string_382" HPOS="1007" VPOS="2133" WIDTH="91" HEIGHT="37" WC="0.84" CONTENT="&#39;Men"/><SP WIDTH="37" VPOS="2133" HPOS="1098"/>
							<String ID="string_383" HPOS="1135" VPOS="2133" WIDTH="53" HEIGHT="37" WC="0.77" CONTENT="låt"/><SP WIDTH="29" VPOS="2133" HPOS="1188"/>
							<String ID="string_384" HPOS="1217" VPOS="2147" WIDTH="101" HEIGHT="30" WC="0.96" CONTENT="vara,"/><SP WIDTH="32" VPOS="2147" HPOS="1318"/>
							<String ID="string_385" HPOS="1350" VPOS="2137" WIDTH="55" HEIGHT="32" WC="0.96" CONTENT="att"/><SP WIDTH="28" VPOS="2137" HPOS="1405"/>
							<String ID="string_386" HPOS="1433" VPOS="2138" WIDTH="101" HEIGHT="31" WC="0.96" CONTENT="ännu"/><SP WIDTH="28" VPOS="2138" HPOS="1534"/>
							<String ID="string_387" HPOS="1562" VPOS="2136" WIDTH="130" HEIGHT="45" WC="0.93" CONTENT="någon"/><SP WIDTH="28" VPOS="2136" HPOS="1692"/>
							<String ID="string_388" HPOS="1720" VPOS="2133" WIDTH="139" HEIGHT="36" WC="0.89" CONTENT="obenä-"/>
						</TextLine>
						<TextLine ID="line_38" HPOS="255" VPOS="2185" WIDTH="1605" HEIGHT="50">
							<String ID="string_389" HPOS="255" VPOS="2187" WIDTH="147" HEIGHT="47" WC="0.92" CONTENT="genhet"/><SP WIDTH="40" VPOS="2187" HPOS="402"/>
							<String ID="string_390" HPOS="442" VPOS="2187" WIDTH="222" HEIGHT="48" WC="0.93" CONTENT="föreligger,"/><SP WIDTH="42" VPOS="2187" HPOS="664"/>
							<String ID="string_391" HPOS="706" VPOS="2190" WIDTH="41" HEIGHT="33" WC="0.96" CONTENT="så"/><SP WIDTH="40" VPOS="2190" HPOS="747"/>
							<String ID="string_392" HPOS="787" VPOS="2187" WIDTH="116" HEIGHT="48" WC="0.96" CONTENT="länge"/><SP WIDTH="41" VPOS="2187" HPOS="903"/>
							<String ID="string_393" HPOS="944" VPOS="2185" WIDTH="194" HEIGHT="50" WC="0.93" CONTENT="praktiskt"/><SP WIDTH="40" VPOS="2185" HPOS="1138"/>
							<String ID="string_394" HPOS="1178" VPOS="2190" WIDTH="108" HEIGHT="44" WC="0.93" CONTENT="taget"/><SP WIDTH="40" VPOS="2190" HPOS="1286"/>
							<String ID="string_395" HPOS="1326" VPOS="2185" WIDTH="87" HEIGHT="36" WC="0.93" CONTENT="hela"/><SP WIDTH="27" VPOS="2185" HPOS="1413"/>
							<String ID="string_396" HPOS="1440" VPOS="2185" WIDTH="229" HEIGHT="48" WC="0.92" CONTENT="afgörandet"/><SP WIDTH="27" VPOS="2185" HPOS="1669"/>
							<String ID="string_397" HPOS="1696" VPOS="2186" WIDTH="66" HEIGHT="47" WC="0.96" CONTENT="låg"/><SP WIDTH="27" VPOS="2186" HPOS="1762"/>
							<String ID="string_398" HPOS="1789" VPOS="2185" WIDTH="71" HEIGHT="36" WC="0.95" CONTENT="hos"/>
						</TextLine>
						<TextLine ID="line_39" HPOS="256" VPOS="2237" WIDTH="1605" HEIGHT="50">
							<String ID="string_399" HPOS="256" VPOS="2239" WIDTH="346" HEIGHT="47" WC="0.91" CONTENT="fackministrarne,"/><SP WIDTH="43" VPOS="2239" HPOS="602"/>
							<String ID="string_400" HPOS="645" VPOS="2240" WIDTH="93" HEIGHT="34" WC="0.95" CONTENT="hvar"/><SP WIDTH="40" VPOS="2240" HPOS="738"/>
							<String ID="string_401" HPOS="778" VPOS="2241" WIDTH="49" HEIGHT="46" WC="0.96" CONTENT="på"/><SP WIDTH="42" VPOS="2241" HPOS="827"/>
							<String ID="string_402" HPOS="869" VPOS="2239" WIDTH="68" HEIGHT="35" WC="0.96" CONTENT="sitt"/><SP WIDTH="40" VPOS="2239" HPOS="937"/>
							<String ID="string_403" HPOS="977" VPOS="2238" WIDTH="77" HEIGHT="35" WC="0.95" CONTENT="håll"/><SP WIDTH="42" VPOS="2238" HPOS="1054"/>
							<String ID="string_404" HPOS="1096" VPOS="2242" WIDTH="55" HEIGHT="32" WC="0.95" CONTENT="att"/><SP WIDTH="37" VPOS="2242" HPOS="1151"/>
							<String ID="string_405" HPOS="1188" VPOS="2241" WIDTH="40" HEIGHT="33" WC="0.96" CONTENT="så"/><SP WIDTH="30" VPOS="2241" HPOS="1228"/>
							<String ID="string_406" HPOS="1258" VPOS="2238" WIDTH="67" HEIGHT="35" WC="0.96" CONTENT="där"/><SP WIDTH="27" VPOS="2238" HPOS="1325"/>
							<String ID="string_407" HPOS="1352" VPOS="2238" WIDTH="79" HEIGHT="35" WC="0.96" CONTENT="helt"/><SP WIDTH="28" VPOS="2238" HPOS="1431"/>
							<String ID="string_408" HPOS="1459" VPOS="2242" WIDTH="116" HEIGHT="44" WC="0.96" CONTENT="öppet"/><SP WIDTH="29" VPOS="2242" HPOS="1575"/>
							<String ID="string_409" HPOS="1604" VPOS="2237" WIDTH="168" HEIGHT="36" WC="0.96" CONTENT="erkänna"/><SP WIDTH="29" VPOS="2237" HPOS="1772"/>
							<String ID="string_410" HPOS="1801" VPOS="2237" WIDTH="60" HEIGHT="48" WC="0.96" CONTENT="sig"/>
						</TextLine>
					</TextBlock>
					<TextBlock ID="block_6" HPOS="347" VPOS="2297" WIDTH="1471" HEIGHT="42">
						<TextLine ID="line_40" HPOS="347" VPOS="2297" WIDTH="1471" HEIGHT="42">
							<String ID="string_411" HPOS="347" VPOS="2298" WIDTH="72" HEIGHT="33" WC="0.92" CONTENT="Bih."/><SP WIDTH="25" VPOS="2298" HPOS="419"/>
							<String ID="string_412" HPOS="444" VPOS="2300" WIDTH="50" HEIGHT="31" WC="0.90" CONTENT="till"/><SP WIDTH="24" VPOS="2300" HPOS="494"/>
							<String ID="string_413" HPOS="518" VPOS="2299" WIDTH="112" HEIGHT="33" WC="0.91" CONTENT="Biksd."/><SP WIDTH="24" VPOS="2299" HPOS="630"/>
							<String ID="string_414" HPOS="654" VPOS="2299" WIDTH="89" HEIGHT="32" WC="0.96" CONTENT="Prot."/><SP WIDTH="25" VPOS="2299" HPOS="743"/>
							<String ID="string_415" HPOS="768" VPOS="2302" WIDTH="96" HEIGHT="31" WC="0.87" CONTENT="1905."/><SP WIDTH="46" VPOS="2302" HPOS="864"/>
							<String ID="string_416" HPOS="910" VPOS="2301" WIDTH="22" HEIGHT="30" WC="0.87" CONTENT="8"/><SP WIDTH="22" VPOS="2301" HPOS="932"/>
							<String ID="string_417" HPOS="954" VPOS="2299" WIDTH="97" HEIGHT="32" WC="0.86" CONTENT="Saml."/><SP WIDTH="29" VPOS="2299" HPOS="1051"/>
							<String ID="string_418" HPOS="1080" VPOS="2299" WIDTH="22" HEIGHT="30" WC="0.90" CONTENT="2"/><SP WIDTH="25" VPOS="2299" HPOS="1102"/>
							<String ID="string_419" HPOS="1127" VPOS="2298" WIDTH="78" HEIGHT="41" WC="0.90" CONTENT="Afd."/><SP WIDTH="25" VPOS="2298" HPOS="1205"/>
							<String ID="string_420" HPOS="1230" VPOS="2300" WIDTH="20" HEIGHT="30" WC="0.96" CONTENT="2"/><SP WIDTH="25" VPOS="2300" HPOS="1250"/>
							<String ID="string_421" HPOS="1275" VPOS="2298" WIDTH="105" HEIGHT="32" WC="0.95" CONTENT="Band."/><SP WIDTH="24" VPOS="2298" HPOS="1380"/>
							<String ID="string_422" HPOS="1404" VPOS="2298" WIDTH="41" HEIGHT="31" WC="0.91" CONTENT="21"/><SP WIDTH="24" VPOS="2298" HPOS="1445"/>
							<String ID="string_423" HPOS="1469" VPOS="2297" WIDTH="94" HEIGHT="41" WC="0.91" CONTENT="Häft."/><SP WIDTH="236" VPOS="2297" HPOS="1563"/>
							<String ID="string_424" HPOS="1799" VPOS="2298" WIDTH="19" HEIGHT="30" WC="0.94" CONTENT="2"/>
						</TextLine>
					</TextBlock>
				</ComposedBlock>
			</PrintSpace>
		</Page>
	</Layout>
</alto>
