1872 2792
427 153 122 29 Första
566 150 245 40 lagutskottets
829 148 179 31 utlåtande
1024 157 43 21 nr
1085 148 40 30 14
1142 147 38 30 år
1200 147 82 29 1960
1590 146 15 30 1

786 410 60 40 Nr
873 410 49 39 14

327 513 184 31 Utlåtande
533 514 11 29 i
564 512 189 40 anledning
772 520 43 21 av
835 510 127 40 Kungl.
984 509 126 40 Maj:ts
1131 508 217 40 proposition
1370 507 80 30 med
1470 506 132 40 förslag

550 563 52 30 till
622 563 54 40 lag
697 561 179 41 angående
898 560 136 31 ändrad
1055 559 128 41 lydelse
1205 568 43 21 av
1270 559 15 29 1
1309 558 22 37 $
1353 558 98 39 lagen
1472 557 68 30 den
1561 557 42 30 23

549 623 95 21 mars
667 614 83 29 1956
778 612 60 35 (nr
861 612 58 34 73)
945 620 55 21 om
1025 610 152 40 tillfällig
1198 609 132 39 ökning
1351 617 42 21 av
1413 608 191 40 regerings-

551 664 126 31 rådens
693 663 107 31 antal.

151 767 129 30 Genom
299 776 45 21 en
361 766 68 30 den
446 766 18 31 5
482 765 156 30 februari
657 764 82 31 1960
758 762 229 41 dagtecknad,
1007 761 53 30 till
1078 760 194 40 lagutskott
1288 759 171 30 hänvisad
1477 767 126 32 propo-

107 818 114 35 sition,
241 827 42 21 nr
302 817 52 35 41,
373 817 118 30 vilken
507 815 209 31 behandlats
733 823 44 21 av
794 813 113 31 första
925 812 238 40 lagutskottet,
1183 811 64 29 har
1266 810 127 39 Kungl.
1412 809 106 40 Maj:t
1539 818 64 20 un-

106 869 61 30 der
183 868 219 39 åberopande
419 877 43 20 av
475 865 263 41 propositionen
753 864 150 40 bilagda,
921 863 12 30 i
948 862 189 31 statsrådet
1153 862 64 29 och
1233 860 158 41 lagrådet
1407 860 102 30 förda
1524 868 79 31 pro-

109 919 108 30 tokoll
236 918 181 40 föreslagit
434 917 189 39 riksdagen
641 917 51 29 att
711 916 128 38 antaga
857 913 159 40 följande
1032 912 60 31 vid
1109 911 263 41 propositionen
1392 910 123 40 fogade
1535 910 70 29 för-

107 970 74 39 slag
197 970 52 29 till

818 1094 75 43 Lag

138 1174 185 44 angående
345 1173 134 35 ändrad
499 1172 132 44 lydelse
652 1184 45 21 av
719 1172 22 32 1
764 1170 24 44 8
808 1170 106 44 lagen
935 1169 69 33 den
1025 1169 46 33 23
1094 1179 98 22 mars
1214 1165 89 36 1956
1327 1165 62 45 (nr
1409 1165 66 44 73)
1498 1177 62 22 om

435 1231 156 44 tillfällig
617 1231 133 42 ökning
770 1241 47 22 av
842 1226 308 46 regeringsrådens
1171 1225 99 35 antal

153 1332 208 37 Härigenom
387 1329 196 36 förordnas,
608 1330 51 29 att
685 1328 14 30 1
728 1327 16 38 $
770 1327 102 40 lagen
899 1326 67 31 den
991 1325 42 31 23
1057 1333 96 22 mars
1179 1323 84 31 1956
1288 1332 59 22 om
1370 1321 154 41 tillfällig
1548 1321 60 31 ök-

108 1381 83 42 ning
208 1391 42 21 av
266 1380 306 41 regeringsrådens
592 1379 94 30 antal
704 1377 90 31 skall
813 1377 133 30 erhålla
964 1375 135 31 ändrad
1117 1374 128 41 lydelse
1263 1374 45 40 på
1327 1374 69 30 sätt
1413 1373 115 30 nedan
1549 1381 59 22 an-

109 1432 103 40 gives.

289 1523 185 36 (Gällande
501 1521 147 42 lydelse)

1042 1516 226 41 (Föreslagen
1289 1515 148 41 lydelse)

821 1602 74 39 18.

153 1674 125 39 Kungl.
312 1673 125 39 Maj:ts
469 1671 247 41 regeringsrätt
749 1670 90 30 skall

108 1725 52 30 till
184 1725 64 29 och
274 1724 81 30 med
379 1723 67 30 den
470 1723 40 30 30
535 1721 194 41 september
755 1721 84 29 1960

107 1775 92 37 eller,
223 1784 54 20 om
303 1774 174 31 särskilda
500 1772 246 41 förhållanden
769 1771 72 40 för-

107 1825 124 31 anleda
255 1825 129 36 därtill,
410 1825 66 29 den
503 1824 144 39 lidigare
672 1823 66 38 dag
763 1831 75 20 som

107 1876 126 39 Kungl.
259 1875 109 39 Maj:t
395 1875 209 30 bestämmer
630 1874 141 38 utgöras
799 1880 41 21 av

112 1928 121 30 sexton
265 1924 254 41 regeringsråd.
552 1923 163 30 Därefter
747 1922 91 30 skall

109 1977 129 30 antalet
254 1975 252 40 regeringsråd,
522 1975 12 29 i
550 1974 67 30 den
634 1973 81 30 mån
733 1973 39 30 så
788 1973 52 29 till

108 2027 89 40 följd
213 2036 41 22 av
268 2026 192 30 inträffade
477 2025 191 39 ledigheter
681 2024 69 29 kan
768 2023 71 34 ske,

107 2077 210 40 nedbringas
342 2077 51 29 till
418 2076 66 39 sju.
507 2076 53 29 En
585 2086 42 21 av
649 2075 191 39 regerings-

107 2129 132 29 rättens
261 2127 161 40 lagfarna
445 2126 192 30 ledamöter
659 2125 98 36 skall,
782 2134 58 20 en-

110 2178 62 39 ligt
200 2177 66 30 vad
297 2177 123 29 därom
451 2177 37 28 är
519 2175 142 30 särskilt
692 2174 149 39 stadgat,

108 2228 196 39 tjänstgöra
328 2230 12 29 i
364 2226 165 40 lagrådet.

923 1669 126 39 Kungl.
1085 1668 123 39 Maj:ts
1240 1667 248 40 regeringsrätt
1521 1665 90 31 skall

879 1720 52 29 till
956 1720 64 30 och
1044 1719 80 30 med
1149 1719 67 30 den
1240 1718 41 30 30
1306 1717 195 40 september
1527 1716 84 30 1962

878 1771 142 39 utgöras
1043 1779 42 21 av
1107 1770 121 30 sexton
1250 1767 252 41 regeringsråd.
1526 1767 86 29 Där-

878 1821 88 30 efter
986 1821 89 30 skall
1095 1820 130 30 antalet
1243 1818 252 40 regeringsråd,
1513 1819 13 30 i
1544 1817 68 30 den

879 1872 82 29 mån
984 1871 37 30 så
1043 1871 52 29 till
1119 1869 89 40 följd
1231 1878 42 22 av
1293 1868 192 31 inträffade
1506 1867 106 40 ledig-

879 1922 97 29 heter
993 1921 72 29 kan
1086 1920 70 37 ske,
1174 1919 211 39 nedbringas
1403 1918 51 30 till
1473 1918 67 39 sju.
1559 1919 53 29 En

879 1981 42 20 av
943 1971 311 40 regeringsrättens
1277 1969 161 40 lagfarna
1460 1968 153 30 ledamö-

880 2025 51 27 ter
949 2022 99 37 skall,
1068 2021 106 39 enligt
1190 2020 67 30 vad
1275 2019 122 30 därom
1415 2020 37 29 är
1469 2018 143 31 särskilt

880 2073 146 39 stadgat,
1045 2072 196 40 tjänstgöra
1260 2070 12 30 i
1291 2069 165 41 lagrådet.

140 2510 12 25 1
195 2511 110 28 Bihang
318 2509 46 24 till
376 2509 167 29 riksdagens
554 2507 147 32 protokoll
714 2507 75 24 1960.
810 2507 14 23 9
836 2506 84 23 saml.
942 2506 12 23 1
966 2505 64 23 avd.
1050 2505 40 23 Nr
1111 2504 31 23 14
