1910 2840
323 180 40 32 10
625 176 418 38 Bevillningsutskottets
1065 174 223 33 betänkande
1308 174 54 33 Nr
1386 175 52 30 22.

323 257 50 31 De
397 256 217 37 erinringar,
639 255 173 31 utskottet
838 253 197 32 framställt
1059 253 73 31 mot
1158 251 172 37 förslaget
1355 252 54 30 att
1434 250 14 31 i
1473 250 105 36 fråga
1605 259 57 21 om
1689 250 94 30 taxe-

286 309 228 37 ringsvärdet
538 308 126 36 utbyta
690 306 221 32 saluvärdes-
936 307 74 29 mot
1033 302 464 38 självkostnadsprincipen,
1523 301 136 32 drabba
1682 301 14 30 i
1720 300 64 32 allt

287 360 195 37 väsentligt
500 359 135 37 jämväl
649 359 61 31 det
727 359 12 31 i
755 357 178 32 motionen
950 367 43 21 nr
1011 358 35 29 11
1063 356 12 31 i
1094 356 115 31 första
1228 355 208 31 kammaren
1454 353 127 37 gjorda
1597 351 186 38 yrkandet,

286 415 53 30 att
365 411 126 34 värdet
517 422 46 21 av
589 411 319 36 fastighetsägares
935 408 287 32 bostadsförmån
1247 407 12 31 i
1285 406 96 37 regel
1408 405 93 32 skall
1526 404 176 32 beräknas
1729 403 56 32 till

285 465 18 30 4
326 466 146 35 procent
498 474 44 21 av
567 463 58 32 det
653 463 93 30 efter
771 460 377 38 självkostnadspriset
1174 458 182 32 bestämda
1383 456 314 38 taxeringsvärdet
1723 456 62 31 och

287 519 52 29 att
362 516 139 37 avdrag
523 515 167 32 därifrån
714 513 113 33 skulle
851 513 38 31 få
913 515 106 35 göras
1041 512 124 32 endast
1193 511 56 31 för
1271 510 207 32 låneräntor
1502 508 63 32 och
1589 509 195 30 tomträtts-

288 568 180 37 avgälder.
512 567 81 32 Med
615 567 141 35 hänsyn
779 565 56 32 till
857 565 41 31 de
921 564 181 32 skiftande
1126 562 262 36 förhållanden,
1411 571 77 22 som
1510 561 121 30 kunna
1654 559 91 32 råda
1767 560 19 30 å

288 620 114 32 skilda
420 621 96 30 orter
533 620 91 30 samt
642 618 133 31 mellan
795 617 94 31 olika
908 616 221 37 fastigheter,
1146 618 42 28 är
1204 615 60 31 det
1282 613 283 37 uppenbarligen
1582 612 76 31 icke
1676 612 109 35 lämp-

288 673 65 36 ligt
378 673 54 30 att
454 672 13 31 i
489 671 104 37 lagen
614 670 135 39 angiva
771 679 43 22 en
836 669 72 31 viss
930 669 221 35 procentsats
1173 669 21 30 å
1217 665 314 37 taxeringsvärdet
1552 665 56 30 för
1630 663 156 32 bostads-

288 725 206 30 förmånens
532 721 202 37 värdering.
782 721 57 32 Av
875 720 70 31 den
975 720 163 31 lämnade
1167 717 247 38 redogörelsen
1444 726 104 27 synes
1575 715 212 36 visserligen

289 777 151 35 framgå,
461 776 54 30 att
535 774 136 37 ganska
692 773 200 31 olikartade
910 781 143 22 normer
1073 772 155 31 använts
1248 770 11 31 i
1281 769 95 32 olika
1397 770 96 30 orter
1513 771 167 28 ävensom
1700 768 55 31 att
1776 766 10 31 i

288 827 206 37 jämförelse
521 826 78 31 med
624 827 22 30 å
673 825 115 32 andra
814 826 94 30 orter
935 823 166 31 använda
1127 821 378 37 beräkningsgrunder
1532 820 66 31 den
1628 819 11 31 i
1667 819 119 31 Stock-

289 880 112 31 holms
430 878 81 33 stad
540 877 208 37 tillämpade
776 876 94 32 leder
899 875 57 32 till
985 876 50 31 ett
1063 874 137 37 ganska
1227 874 86 36 högt
1340 873 176 31 beräknat
1544 872 109 31 värde
1682 872 22 30 å
1732 870 55 31 bo-

289 931 251 35 stadsförmån,
568 939 79 22 men
676 926 318 39 åvägabringande
1022 937 45 21 av
1097 928 115 30 större
1241 925 162 37 jämnhet
1431 924 64 31 bör
1524 922 154 38 givetvis
1708 924 79 29 när-

289 985 92 30 mast
406 983 191 31 ankomma
623 983 47 35 på
696 979 369 33 skattedomstolarna.
1112 977 127 37 Enligt
1266 977 68 31 vad
1360 976 175 32 utskottet
1560 975 66 31 har
1652 974 55 37 sig
1735 974 53 31 be-

291 1036 84 31 kant
396 1037 41 29 är
457 1037 92 29 även
568 1035 49 30 ett
638 1034 90 31 stort
749 1032 98 32 antal
868 1042 45 20 av
932 1031 45 32 de
1000 1031 11 30 i
1031 1030 179 33 motionen
1231 1030 160 30 närmast
1412 1027 166 37 åsyftade
1601 1026 113 31 fallen
1735 1026 54 31 för

291 1085 226 34 närvarande
544 1085 172 32 beroende
742 1085 46 35 på
813 1084 301 31 kammarrättens
1141 1081 188 37 prövning.

331 1182 18 32 I
369 1181 171 38 samtliga
558 1184 52 29 tre
628 1179 236 33 förevarande
882 1178 174 31 motioner
1075 1177 94 31 hava
1188 1175 204 37 erinringar
1412 1173 214 33 framställts
1644 1176 75 30 mot
1738 1173 52 30 att

292 1234 194 32 ledamöter
514 1243 45 22 av
585 1232 284 32 kammarrätten
900 1229 196 32 meddelats
1123 1227 241 33 förordnande
1391 1227 118 31 såsom
1536 1223 215 33 ordförande
1780 1223 11 31 i

293 1284 367 38 taxeringsnämnder.
711 1283 141 33 Sådana
909 1280 263 33 förordnanden
1212 1280 94 31 hava
1344 1279 157 31 lämnats
1529 1277 12 31 i
1570 1275 221 34 Stockholms

295 1337 78 31 stad
390 1338 96 30 samt
502 1337 12 31 i
533 1335 138 32 mindre
690 1334 219 37 omfattning
927 1334 13 31 i
958 1331 223 33 Stockholms
1201 1331 71 36 län,
1289 1330 126 37 Enligt
1433 1329 58 32 till
1507 1328 175 32 utskottet
1697 1326 92 32 med-

296 1388 101 33 delad
414 1388 148 37 uppgift
579 1386 115 33 skulle
710 1385 135 33 antalet
863 1396 45 21 av
926 1385 42 31 de
984 1384 128 32 besvär
1128 1383 58 32 till
1203 1382 286 32 kammarrätten
1506 1382 84 30 över
1606 1389 47 22 av
1669 1378 121 32 Stock-

294 1441 111 32 holms
426 1441 100 31 stads
546 1438 348 38 prövningsnämnds
914 1436 116 32 beslut
1053 1436 55 31 för
1128 1437 40 29 år
1188 1435 88 35 1982,
1296 1443 74 22 som
1390 1443 86 21 avse
1495 1432 72 31 mål
1586 1431 206 36 handlagda

293 1503 45 21 av
366 1492 137 33 sådana
531 1491 193 32 ledamöter
753 1490 13 31 i
794 1489 177 37 egenskap
1001 1498 45 21 av
1074 1482 564 41 taxeringsnämndsordförande,
1667 1482 125 36 belöpa

294 1544 53 36 sig
369 1544 55 31 till
444 1543 165 36 omkring
630 1553 43 20 en
694 1541 132 31 tiondel
845 1551 45 21 av
910 1540 168 36 samtliga
1096 1541 85 29 över
1202 1537 113 32 denna
1333 1535 153 32 nämnds
1504 1534 114 32 beslut
1639 1533 153 32 anförda

295 1595 134 32 besvär.

331 1647 185 32 Utskottet
534 1646 99 32 delar
654 1646 12 31 i
688 1645 66 31 allt
774 1644 195 36 väsentligt
991 1642 40 32 de
1052 1641 221 38 synpunkter
1297 1641 44 36 på
1363 1639 118 32 denna
1502 1639 114 36 fråga,
1637 1639 39 30 åt
1695 1637 99 31 vilka

297 1699 76 31 1927
392 1699 62 31 års
472 1697 230 33 statsutskott
724 1695 93 38 givit
833 1695 158 37 uttryck.
1032 1692 101 33 Även
1152 1703 58 21 om
1227 1693 47 37 på
1295 1693 71 30 sätt
1385 1690 267 33 statsutskottet
1670 1689 123 31 anfört

294 1750 228 38 principiella
547 1748 204 37 erinringar
778 1748 120 31 kunna
925 1746 114 32 riktas
1065 1746 74 30 mot
1165 1746 54 30 att
1246 1744 135 31 sådana
1409 1742 267 32 förordnanden
1702 1740 91 32 med-

297 1803 104 36 delas,
443 1812 109 26 synas
591 1802 180 30 desamma
810 1800 74 31 icke
924 1799 94 30 hava
1058 1797 155 31 lämnats
1255 1796 12 30 i
1305 1797 39 29 så
1374 1797 74 29 stor
1478 1793 229 36 omfattning,
1739 1793 53 30 att

297 1854 227 32 förfarandet
545 1853 164 37 påkallar
732 1851 188 32 införande
944 1861 45 21 av
1014 1850 49 31 ett
1086 1848 216 37 uttryckligt
1326 1847 131 31 förbud
1479 1846 159 33 häremot
1664 1845 12 30 i
1700 1846 94 29 taxe-

297 1905 369 39 ringsförordningen.
692 1904 53 32 De
773 1902 156 32 fördelar
957 1902 56 31 för
1040 1900 322 36 taxeringsarbetet
1389 1899 68 31 den
1485 1896 209 36 tillämpade
1721 1896 74 31 ord-

300 1958 132 37 ningen
461 1955 255 37 otvivelaktigt
744 1954 155 32 medfört
925 1956 168 29 ävensom
1118 1951 70 32 den
1215 1950 320 37 omständigheten,
1561 1949 55 30 att
1643 1943 152 46 ledamö-

300 2011 52 31 ter
387 2019 47 22 av
467 2007 286 32 kammarrätten
787 2005 210 37 därigenom
1031 2003 138 32 erhålla
1204 2013 45 21 en
1272 2012 98 21 mera
1395 2000 120 33 direkt
1539 1999 135 36 inblick
1699 1999 13 32 i
1735 1998 59 33 det

297 2061 187 37 praktiska
513 2058 341 37 taxeringsarbetets
882 2055 272 36 handhavande,
1186 2054 111 32 vilket
1324 2053 75 33 helt
1428 2052 121 32 säkert
1576 2052 113 31 måste
1718 2051 78 31 leda

301 2112 55 32 till
405 2120 98 30 gagn
549 2111 56 31 för
636 2110 305 32 kammarrättens
975 2107 127 36 arbete,
1137 2106 75 32 tala
1247 2106 74 31 mot
1353 2103 191 33 införande
1578 2114 46 21 av
1660 2103 53 31 ett
1742 2103 53 31 så-

297 2166 87 30 dant
406 2163 141 33 förbud.
587 2162 185 32 Utskottet
792 2161 64 31 har
878 2159 198 33 emellertid
1098 2160 119 30 ansett
1238 2157 198 36 angeläget,
1458 2157 53 30 att
1534 2154 264 33 förordnanden

299 2227 45 21 av
382 2217 103 31 detta
526 2215 76 36 slag
623 2215 11 30 i
655 2214 205 36 möjligaste
901 2213 85 30 mån
1007 2210 223 32 inskränkas.
1270 2209 183 32 Utskottet
1475 2208 64 31 har
1560 2206 120 33 tillika
1702 2206 96 31 velat

300 2268 195 32 framhålla
519 2268 63 35 att,
604 2267 123 31 därest
753 2264 136 37 jämväl
915 2262 190 33 framdeles
1129 2261 136 32 sådana
1288 2258 268 34 förordnanden
1580 2259 217 36 undantags-

299 2320 54 30 vis
377 2318 190 36 meddelas,
589 2317 102 31 dessa
712 2315 196 37 lämpligen
930 2315 88 31 böra
1040 2313 137 31 lämnas
1201 2322 135 22 samma
1358 2311 155 31 ledamot
1536 2310 125 31 endast
1685 2309 112 32 under

300 2370 264 37 jämförelsevis
589 2367 201 38 begränsad
818 2366 61 36 tid,
910 2367 57 30 för
995 2366 53 30 att
1074 2364 158 31 nämnda
1258 2363 188 36 praktiska
1475 2361 113 32 fördel
1618 2362 56 31 för
1701 2362 95 30 kam-

301 2423 199 29 marrätten
522 2423 57 29 må
602 2420 123 30 kunna
747 2418 193 36 behörigen
964 2416 188 37 utnyttjas.

341 2474 16 32 I
375 2473 183 32 motionen
576 2482 42 21 nr
638 2472 38 30 11
695 2471 12 31 i
728 2471 112 31 första
858 2470 208 31 kammaren
1084 2467 66 32 har
1169 2467 124 31 vidare
1313 2466 196 36 anmärkts,
1529 2466 53 31 att
1601 2465 198 38 regerings-

302 2527 134 31 rättens
466 2523 262 38 föredragande
755 2522 11 31 i
794 2519 405 38 beskattningsärenden
1226 2518 103 32 också
1356 2521 41 28 är
1425 2517 213 31 ordförande
1666 2517 13 31 i
1707 2518 93 30 taxe-
