1870 2800
418 170 119 31 Andra
560 171 246 39 lagutskottets
830 170 180 31 utlåtande
1032 180 43 20 nr
1096 171 42 30 32
1161 171 40 30 år
1225 171 84 30 1959
1594 172 15 29 1

792 433 63 41 Nr
888 434 54 40 32

322 544 185 31 Utlåtande
532 545 11 29 i
565 544 188 40 anledning
776 554 42 20 av
852 544 107 30 dels
993 544 127 40 Kungl.
1143 544 125 40 Maj:ts
1291 545 219 40 proposition
1533 545 81 30 med

517 607 133 40 förslag
677 607 52 31 till
754 606 55 40 lag
834 607 179 39 angående
1039 607 150 40 ändring
1215 608 11 29 i
1251 607 99 40 lagen
1376 607 67 30 den
1471 608 40 29 16
1537 607 75 40 maj

521 670 85 29 1930
640 669 60 34 (nr
732 669 80 34 139)
847 678 56 21 om
936 670 92 29 vissa
1061 669 299 40 inskränkningar
1391 670 221 39 beträffande

519 731 94 30 tiden
641 731 56 40 för
723 731 228 40 förläggande
980 741 42 20 av
1052 732 130 39 bageri-
1210 732 63 29 och
1303 732 308 36 konditoriarbete,

520 794 106 29 dels
658 794 86 30 ock
777 795 11 29 i
807 795 118 29 ämnet
947 794 124 30 väckta
1091 794 183 31 motioner.

166 900 131 30 Genom
319 910 43 21 en
383 901 68 30 den
473 901 19 30 3
516 901 88 40 april
630 901 82 30 1959
735 901 219 39 dagtecknad
976 901 229 40 proposition,
1228 911 42 20 nr
1295 901 71 36 131,
1388 902 119 30 vilken
1528 903 87 29 hän-

121 954 109 31 visats
247 954 52 30 till
316 954 194 40 lagutskott
525 955 65 29 och
606 955 208 29 behandlats
831 964 41 21 av
888 955 112 30 andra
1016 955 239 39 lagutskottet,
1272 956 64 28 har
1353 955 126 40 Kungl.
1496 955 117 40 Maj:t,

123 1007 110 30 under
256 1008 219 39 åberopande
498 1018 42 21 av
560 1007 263 40 propositionen
844 1008 139 39 bilagda
1004 1008 12 29 i
1038 1008 188 30 statsrådet
1248 1009 65 29 och
1335 1008 155 40 lagrådet
1513 1009 101 30 förda

121 1061 186 38 protokoll,
328 1061 178 39 föreslagit
527 1061 187 39 riksdagen
734 1063 50 28 att
805 1063 126 37 antaga
952 1061 158 40 följande

128 2551 8 27 1
163 2546 24 48 —
197 2550 150 39 Bihang
368 2550 51 29 till
438 2550 203 39 riksdagens
660 2551 176 39 protokoll
856 2552 93 28 1959.
969 2552 19 28 9
1007 2551 99 29 saml.
1125 2553 20 27 2
1164 2551 76 29 avd.
1259 2552 47 28 Nr
1325 2553 41 27 32
