1882 2842
591 164 231 28 Statsutskottets
844 166 144 27 utlåtande
1010 166 50 27 Nr
1081 163 49 31 47.
1588 165 18 30 9

101 238 53 42 sig
185 238 54 31 till
263 239 43 30 de
328 238 93 32 inom
453 239 341 41 statsförvaltningen
809 240 109 49 eljest
940 240 166 40 brukliga,
1133 240 88 31 lärer
1245 240 189 32 emellertid
1458 252 40 20 av
1523 242 83 37 skäl,

102 292 73 20 som
202 281 253 31 lönenämnden
479 281 123 37 anfört,
631 293 41 19 en
695 282 227 41 omprövning
945 282 207 31 därutinnan
1176 282 84 31 böra
1291 283 59 31 ske
1379 283 87 31 först
1488 283 11 30 i
1524 295 85 20 sam-

102 322 90 32 band
215 323 79 31 med
319 334 41 20 en
383 323 162 31 blivande
568 307 124 47 allmän
715 324 260 41 lönereglering.

142 365 69 31 För
233 366 210 30 närvarande
467 365 98 31 torde
589 349 279 58 övervägandena
894 349 114 48 därför
1030 367 33 30 få
1086 377 78 20 avse
1188 367 122 30 endast
1333 378 42 20 en
1396 367 178 41 jämkning
1596 368 12 30 i

101 407 195 41 grunderna
319 408 52 31 för
393 408 236 31 beräknandet
652 419 40 20 av
711 391 156 48 tantiem
904 409 11 30 i
939 409 89 40 syfte
1062 410 50 30 att
1134 410 81 30 ernå
1239 409 110 41 skälig
1374 409 235 42 begränsning

101 432 110 49 därav.
249 450 122 31 Såsom
394 450 130 31 redan
507 428 18 67 i
551 451 59 30 det
631 450 204 41 föregående
858 453 146 35 nämnts,
1018 451 120 41 utlöpa
1161 434 192 57 emellertid
1375 436 158 56 gällande
1545 435 64 48 för-

102 492 201 32 ordnanden
327 492 52 32 för
401 476 428 48 kraftverksdirektörerna
854 493 57 31 vid
934 473 200 65 Trollhätte,
1159 486 207 49 Älvkarleby
1375 477 78 48 "och
1476 495 133 31 Motala

101 535 171 31 kraftverk
295 535 87 31 först
404 535 78 31 med
505 537 173 39 utgången
700 547 41 20 av
764 537 37 29 år
826 536 88 37 1937,
938 536 111 31 vadan
1073 547 41 20 en
1131 536 130 31 ändrad
1274 529 334 49 tantiemberäkning

101 577 74 31 icke
199 577 111 31 skulle
333 577 212 31 beträffande
569 577 102 31 dessa
698 562 338 56 befattningshavare
1072 578 92 31 bliva
1187 578 183 42 tillämplig
1391 579 115 31 förrän
1529 579 79 31 med

102 619 170 48 ingången
295 631 41 19 av
358 622 36 29 år
418 620 90 31 1938.
553 620 62 31 Att
637 620 57 31 vid
718 620 122 31 sådant
863 603 213 48 förhållande
1099 620 105 31 redan
1227 632 48 19 nu
1297 623 53 29 för
1372 621 102 32 dessa
1488 622 121 31 befatt-

102 662 121 41 ningar
256 662 99 31 träffa
388 662 218 40 avgöranden
640 673 54 20 om
724 662 234 42 provisoriska
980 663 158 41 åtgärder
1160 663 12 31 i
1194 663 221 32 förevarande
1438 664 170 31 avseende

102 704 65 31 kan
190 704 75 31 icke
287 715 80 20 vara
388 683 167 67 lämpligt.
602 704 118 32 Skulle
742 705 75 31 icke
840 705 71 31 före
933 688 149 48 nämnda
1097 705 165 41 tidpunkt
1282 706 116 41 frågan
1422 717 54 20 om
1494 717 42 20 en
1553 707 56 30 all-

103 748 77 29 män
214 746 253 41 lönereglering
499 747 88 30 hava
614 747 151 41 avgjorts
796 747 83 31 eller
908 749 53 29 stå
983 747 91 31 inför
1097 749 49 29 ett
1169 732 213 47 omedelbart
1404 749 202 40 avgörande,

102 789 88 31 lärer
212 789 262 40 tantiemfrågan
497 789 54 30 för
573 771 427 65 kraftverksdirektörerna
1022 790 85 31 böra
1128 790 192 41 föreläggas
1345 791 78 30 1937
1448 793 55 29 års
1526 775 82 47 riks-

104 831 73 41 dag.
223 830 54 32 De
303 814 237 58 förändringar
573 831 12 31 i
607 832 221 30 förevarande
859 832 177 38 avseende,
1073 842 73 21 som
1176 843 47 20 nu
1247 832 97 32 torde
1367 832 84 32 böra
1473 844 136 37 genom-

103 873 100 38 föras,
229 873 112 31 skulle
369 873 134 32 således
527 884 80 20 avse
638 874 146 30 allenast
811 854 501 66 överdirektörsbefattningen,
1342 875 52 31 för
1415 886 78 20 vars
1516 876 93 31 inne-

104 899 122 47 havare
250 927 47 19 nu
320 915 148 53 löpande
492 916 232 31 förordnande
747 918 99 39 utgår
867 916 78 32 med
967 916 231 32 innevarande
1222 919 55 29 års
1302 917 76 31 slut.

155 957 76 32 Vad
255 960 104 39 angår
382 959 103 30 sättet
507 958 54 31 för
584 969 42 20 en
653 959 220 40 omläggning
898 970 40 20 av
964 959 194 41 grunderna
1184 959 53 31 för
1263 960 206 31 tantiemens
1492 959 116 32 beräk-

104 1000 121 38 nande,
239 1000 70 31 tala
325 1000 181 41 onekligen
524 1000 73 31 skäl
613 1001 52 30 för
678 1001 66 31 den
757 1012 40 19 av
811 1012 41 20 en
865 1003 175 29 reservant
1051 1001 94 31 inom
1157 1002 253 31 lönenämnden
1423 1002 187 31 framförda

104 1042 192 41 meningen,
321 1044 50 29 att
393 1042 152 38 tantiem,
575 1054 54 19 om
664 1043 105 31 sådan
808 1043 86 31 skall
916 1045 90 39 utgå,
1030 1043 12 31 i
1066 1045 145 29 motsats
1234 1044 54 31 till
1311 1044 65 31 vad
1397 1055 47 20 nu
1461 1046 37 28 är
1514 1044 96 31 fallet

104 1084 63 31 bör
192 1085 80 30 med
298 1084 155 32 vinstens
476 1085 136 31 tillväxt
634 1085 96 40 stiga.
776 1085 87 31 Lika
885 1086 78 30 med
993 1088 220 29 reservanten
1243 1087 111 30 finner
1378 1086 55 41 jag
1460 1087 149 31 emeller-

104 1126 49 32 tid
178 1137 41 20 en
237 1127 107 30 sådan
372 1127 220 49 omläggning
613 1105 172 75 knappast
808 1127 117 42 möjlig
940 1129 50 29 att
1005 1139 48 19 nu
1069 1129 198 39 genomföra
1286 1131 82 28 utan
1384 1129 116 31 alltför
1515 1131 95 29 stora

105 1169 222 41 rubbningar.
355 1169 68 31 Vid
442 1169 171 41 prövning
628 1181 39 19 av
680 1171 116 39 övriga
811 1170 179 31 alternativ
1006 1149 54 66 har
1076 1153 18 47 j
1083 1181 58 37 jag
1153 1171 115 30 funnit
1290 1171 69 40 mig
1374 1171 84 31 böra
1473 1170 137 32 biträda

104 1211 273 31 lönenämndens
399 1212 129 41 förslag
551 1212 65 31 och
638 1211 59 31 vill
720 1195 110 54 alltså,
848 1214 112 29 såsom
973 1212 229 41 provisorium
1226 1213 12 31 i
1254 1196 164 48 avvaktan
1434 1215 45 39 på
1491 1224 42 20 en
1550 1213 60 31 bli-

104 1253 109 31 vande
237 1254 126 30 allmän
386 1250 260 60 lönereglering,
669 1254 127 31 föreslå
815 1238 50 47 att
876 1254 52 31 till
942 1254 277 32 överdirektören
1234 1255 86 31 skall
1333 1255 138 41 årligen,
1489 1257 122 30 utöver

105 1296 149 37 arvodet,
271 1298 82 39 utgå
368 1296 172 31 tantiem
528 1292 19 57 å
561 1296 235 31 nettovinsten
820 1308 40 19 av
875 1297 153 31 rörelsen
1044 1297 58 31 vid
1118 1298 159 47 samtliga
1293 1280 130 49 statens
1438 1281 172 48 kraftverk

107 1339 113 30 såsom
234 1322 104 47 enhet
349 1338 201 31 betraktade
573 1339 78 31 med
666 1339 49 31 0.5
734 1341 143 39 procent
888 1350 40 20 av
940 1339 149 31 nämnda
1104 1340 122 37 vinst,i
1234 1330 73 41 den
1319 1342 78 29 mån
1410 1340 200 31 densamma

106 1380 74 31 icke
196 1380 189 41 överstiger
411 1381 19 31 2
453 1381 160 41 miljoner
628 1381 136 38 kronor,
788 1381 78 31 med
887 1382 48 31 0.3
954 1384 145 38 procent
1114 1393 40 20 av
1170 1366 66 47 den
1254 1382 56 31 del
1322 1394 40 19 av
1374 1382 147 38 vinsten,
1539 1393 74 21 som

107 1422 188 42 överstiger
318 1405 28 48 2
360 1434 76 20 men
460 1423 29 40 ej
515 1424 21 29 4
558 1423 159 41 miljoner
738 1403 136 66 kronor,
899 1426 89 28 samt
1015 1424 78 30 med
1115 1425 48 30 0.1
1190 1427 145 39 procent
1357 1436 40 19 av
1416 1425 66 31 den
1501 1409 57 46 del
1574 1436 41 19 av

106 1464 146 38 vinsten,
267 1475 74 21 som
359 1465 188 41 överstiger
559 1467 22 28 4
593 1465 158 41 miljoner
762 1466 134 30 kronor.
941 1466 128 30 Därest
1082 1466 101 31 dessa
1195 1467 150 47 grunder
1357 1467 86 30 varit
1455 1466 159 42 gällande

108 1508 36 29 år
169 1491 89 52 1932,
284 1507 110 31 skulle
417 1507 299 31 överdirektörens
738 1507 152 31 inkomst
913 1519 40 19 av
976 1508 126 31 arvode
1129 1508 64 31 och
1209 1508 153 37 tantiem,
1379 1487 146 68 frånsett
1541 1509 73 41 dyr-

107 1549 201 48 tidstillägg,
337 1549 109 31 under
468 1549 151 31 nämnda
641 1551 36 29 år
699 1549 88 31 hava
801 1552 146 39 uppgått
963 1550 53 30 till
1033 1549 125 42 (10,500
1175 1555 30 30 +
1225 1550 124 42 17,100)
1361 1551 114 37 27,600
1487 1551 128 31 kronor

107 1591 12 31 1
143 1591 116 31 stället
280 1592 54 30 för
356 1591 184 41 uppburna
563 1592 115 38 41,504
699 1591 137 32 kronor.

166 1633 77 32 Vad
266 1633 148 31 därefter
441 1618 171 46 beträffar
626 1633 602 43 kraftverksdirektörsbefattningen
1255 1634 58 32 vid
1329 1634 42 32 de
1387 1635 228 31 norrländska

107 1675 226 37 kraftverken,
347 1676 58 30 vill
428 1676 59 31 det
510 1687 41 20 av
573 1676 65 31 vad
672 1676 206 31 därutinnan
901 1676 219 31 förekommit
1143 1688 112 42 synas,
1281 1688 74 20 som
1380 1688 54 20 om
1458 1677 59 31 det
1539 1677 75 31 icke

108 1729 79 20 vore
221 1718 136 41 möjligt
390 1719 49 30 att
472 1718 322 32 tillfredsställande
828 1718 61 31 och
924 1719 12 30 i
960 1712 205 47 erforderlig
1183 1721 80 29 mån
1286 1719 168 41 varaktigt
1476 1720 139 31 besätta

109 1760 112 31 denna
254 1760 108 40 tjänst
395 1760 76 31 med
495 1760 135 32 mindre
653 1772 40 20 en
717 1760 191 32 förbättrad
937 1743 247 59 löneställning
1206 1761 228 41 provisoriskt
1457 1762 155 31 beredes.

108 1802 82 31 Med
224 1802 172 41 utgående
431 1803 146 30 sålunda
610 1803 73 31 från
717 1805 51 29 att
790 1814 43 20 en
856 1803 94 41 dylik
973 1803 119 41 åtgärd
1115 1804 50 30 får
1188 1815 103 20 anses
1314 1815 78 19 vara
1414 1815 41 19 ur
1477 1804 136 31 verkets

109 1826 176 59 synpunkt
307 1844 205 41 nödvändig,
548 1856 100 20 anser
668 1845 57 41 jag
748 1845 70 40 mig
840 1845 68 31 lika
930 1846 79 30 med
1031 1846 253 31 lönenämnden
1308 1846 113 31 därför
1443 1846 85 31 böra
1551 1846 64 31 till-

109 1887 124 41 styrka,
259 1888 51 29 att
332 1886 57 31 vid
411 1886 257 41 ifrågavarande
689 1887 196 40 befattning
906 1889 63 35 må,
993 1888 121 30 räknat
1137 1888 75 30 från
1236 1888 64 31 och
1324 1888 77 31 med
1424 1888 68 31 den
1505 1882 19 50 1
1550 1888 64 40 juli

110 1929 89 37 1934,
224 1930 121 29 utöver
378 1929 124 30 arvode
540 1929 65 30 och
629 1929 142 31 tantiem
806 1929 106 41 enligt
934 1909 415 65 avlöningsreglementet,
1374 1932 80 39 utgå
1477 1932 50 29 ett
1550 1930 64 31 till-

108 1954 110 57 fälligt
240 1970 201 41 lönetillägg
463 1982 41 19 av
527 1971 95 37 3,000
644 1971 126 31 kronor
792 1971 52 31 för
867 1973 35 29 år
924 1971 130 31 räknat.

160 2013 54 30 Då
237 2014 84 29 även
346 1994 71 49 den
434 1997 195 57 föreslagna
645 2013 189 40 ändringen
857 2013 11 30 i
891 2013 306 31 bestämmelserna
1221 2024 54 20 om
1301 2013 139 31 tantiem
1465 2015 35 29 åt
1523 2015 90 30 över-

108 2054 196 31 direktören
340 2055 96 31 torde
470 2055 85 31 böra
589 2055 96 31 träda
718 2055 12 30 i
759 2039 90 47 kraft
881 2055 66 31 den
972 2056 13 29 1
1011 2055 64 41 juli
1101 2056 81 31 1934
1204 2066 77 20 men
1306 2056 157 40 gällande
1486 2055 128 32 förord-

109 2097 110 30 nande
233 2097 53 30 för
297 2097 127 31 honom
437 2097 139 41 utlöper
587 2098 86 30 först
685 2097 79 31 med
777 2097 147 31 nämnda
937 2099 54 29 års
1004 2099 136 39 utgång,
1155 2109 104 29 synes
1271 2097 84 31 böra
1371 2098 242 41 övergångsvis

109 2139 148 40 stadgas,
283 2141 50 29 att
355 2139 212 31 beträffande
591 2139 195 31 nuvarande
820 2140 206 31 innehavare
1050 2151 40 19 av
1113 2140 236 39 befattningen
1374 2140 96 31 skola
1494 2140 119 31 tilläm-

108 2192 62 30 pas
193 2181 159 40 gällande
385 2181 269 37 bestämmelser,
690 2184 36 29 så
759 2182 100 40 länge
882 2182 86 30 hans
992 2182 238 31 innehavande
1253 2182 230 31 förordnande
1507 2194 105 19 varar.

113 2223 62 31 Vid
198 2223 226 31 meddelande
448 2234 40 19 av
511 2235 67 29 nya
611 2223 254 31 förordnanden
899 2226 18 28 å
940 2224 262 30 överdirektörs-
1226 2224 64 30 och
1313 2224 302 31 kraftverksdirek-

108 2265 268 39 törsbefattning
398 2265 98 30 torde
518 2266 86 30 böra
626 2265 206 31 föreskrivas
846 2265 195 41 skyldighet
1056 2266 53 30 för
1124 2266 65 30 den
1206 2266 205 31 förordnade
1427 2268 50 28 att
1494 2266 121 31 under-

108 2307 97 30 kasta
229 2307 53 38 sig
306 2307 41 30 de
370 2307 150 30 ändrade
544 2307 449 40 avlöningsbestämmelser,
1019 2318 74 20 som
1116 2309 55 29 må
1193 2308 104 30 varda
1313 2307 163 41 stadgade
1492 2308 121 31 beträf-

109 2348 100 30 fande
233 2348 256 40 ifrågavarande
513 2348 260 41 befattningar.»

164 2408 111 35 Pihang
300 2409 44 26 till
367 2409 168 34 riksdagens
556 2409 142 35 protokoll
725 2406 89 31 1934.
862 2406 20 28 6
901 2409 79 28 saml.
1027 2410 47 26 Nr
1097 2407 49 28 47.
1432 2418 76 18 55634
1554 2412 17 25 2
