1910 2820
681 117 381 33 Jordbruksutskottets
1086 120 178 31 utlåtande
1288 121 50 31 Nr
1367 123 49 29 52.

596 200 62 31 litt.
698 201 14 30 A
738 202 64 30 och
823 202 67 30 den
915 211 82 22 norr
1021 213 58 21 om
1103 203 191 39 järnvägen
1320 206 146 36 belägna
1492 207 98 31 delen
1617 217 43 21 av
1687 209 105 30 lotten

596 251 62 30 litt.
696 252 37 35 B,
769 252 93 31 vilka
898 253 100 31 lotter
1023 254 146 37 angivits
1195 255 21 31 å
1240 256 66 30 den
1332 256 10 31 i
1368 257 141 31 ärendet
1533 257 190 38 företedda,
1750 269 43 21 av

595 302 389 32 distriktslantmätaren
1012 305 123 38 Hising
1161 307 208 36 upprättade
1396 308 135 36 kartan,
1560 308 58 31 må
1646 312 72 28 mot
1746 313 47 28 ett

595 353 183 31 saluvärde
803 363 42 21 av
870 355 121 35 41,050
1017 356 129 30 kronor
1172 356 162 38 försäljas
1359 358 51 30 till
1435 358 124 31 Avesta
1584 360 77 31 stad
1681 361 112 30 under

595 403 125 31 villkor
738 404 10 30 i
766 405 119 36 övrigt,
905 409 49 28 att
971 406 189 31 områdena
1180 407 161 37 försäljas
1360 409 80 30 med
1458 409 237 32 tillträdesrätt
1713 411 78 30 räk-

595 457 59 28 nat
671 454 79 31 från
767 456 66 30 den
852 456 39 30 14
907 466 93 21 mars
1020 458 93 35 1938,
1132 461 50 27 att
1198 458 189 31 områdena
1404 459 162 38 försäljas
1584 461 11 30 i
1612 461 56 30 det
1682 461 108 36 skick,

593 505 74 30 vari
684 506 41 30 de
741 506 56 30 vid
813 506 164 32 tillträdet
994 508 171 36 befinnas,
1183 512 49 28 att
1248 510 121 30 endast
1386 510 136 31 kronan
1538 511 174 37 tillhöriga
1725 512 66 30 hus

593 557 67 29 och
675 557 248 37 anläggningar
937 558 80 37 ingå
1032 559 10 30 i
1057 558 262 39 försäljningen,
1335 564 49 27 att
1399 560 189 32 områdena
1603 562 186 31 tillförsäk-

593 616 56 21 ras
662 608 68 30 rätt
744 607 51 31 till
811 608 224 38 erforderliga
1051 609 244 38 utfartsvägar,
1312 615 49 27 att
1377 611 172 32 förbehåll
1567 614 96 36 göres
1680 613 55 31 för
1749 613 42 31 de

589 657 225 39 jämkningar
840 660 10 30 i
880 660 206 32 områdenas
1114 663 143 36 gränser
1283 663 66 30 och
1376 664 141 36 arealer,
1544 673 75 22 som
1646 665 58 30 vid
1730 674 55 21 av-

590 710 413 39 styckningsförrättning
1034 712 120 31 kunna
1184 713 161 31 befinnas
1374 714 235 38 erforderliga,
1639 718 51 28 att
1722 718 65 28 sta-

590 760 66 31 den
686 760 185 38 förpliktas
897 765 59 33 att,
985 763 115 31 därest
1128 764 136 30 kronan
1293 764 130 37 nödgas
1450 765 51 30 till
1528 766 259 31 vederbörande

589 811 204 31 arrendator
814 812 117 36 utgiva
953 813 191 38 ersättning
1166 814 56 30 för
1241 823 43 22 av
1303 815 112 31 denne
1435 814 21 32 å
1477 815 190 33 områdena
1688 817 97 30 verk-

589 862 103 30 ställd
715 862 248 38 höstplöjning,
988 864 307 38 trädesberedning
1319 866 65 30 och
1410 865 95 38 sådd,
1529 868 156 36 gottgöra
1708 868 78 30 kro-

588 921 70 21 nan
681 913 67 30 vad
771 913 135 31 kronan
927 914 12 30 i
960 914 147 32 berörda
1130 915 198 31 hänseende
1350 917 117 36 erlagt,
1491 920 50 28 att
1562 918 223 36 köpeskillin-

587 971 66 28 gen
685 963 57 30 för
772 963 189 31 områdena
991 965 152 37 erlägges
1174 966 147 31 kontant
1351 967 58 30 vid
1438 967 174 37 tillträdet,
1646 972 49 27 att
1728 969 57 30 vid

588 1012 251 38 försäljningen
871 1023 43 21 av
942 1014 189 32 områdena
1159 1017 307 31 bestämmelserna
1496 1017 11 30 i
1536 1018 249 37 förordningen

589 1063 67 31 den
683 1064 20 30 6
728 1063 76 38 juni
831 1065 84 30 1929
948 1064 53 40 (nr
1029 1065 72 41 176)
1134 1066 179 37 angående
1337 1066 208 39 försäljning
1568 1068 12 31 i
1606 1069 91 31 vissa
1722 1069 62 30 fall

588 1123 43 21 av
657 1114 280 37 kronoegendom
962 1125 45 21 m.
1031 1126 44 21 m.
1100 1117 10 30 i
1132 1117 206 37 tillämpliga
1361 1119 96 30 delar
1480 1119 105 30 lända
1609 1119 51 31 till
1684 1119 99 31 efter-

589 1165 139 30 rättelse
763 1169 89 28 samt
874 1168 50 29 att
948 1165 212 33 innehavare
1184 1177 43 21 av
1249 1169 81 30 över
1354 1168 188 32 områdena
1565 1170 80 30 med
1668 1170 116 30 veder-

589 1215 125 37 börligt
738 1215 153 32 tillstånd
916 1217 225 37 framdragna
1166 1219 186 31 elektriska
1375 1220 179 36 ledningar
1580 1220 208 32 förbehålles

586 1266 69 30 rätt
681 1268 50 28 att
755 1266 90 31 hava
871 1267 227 37 ledningarna
1124 1268 230 31 kvarstående
1379 1270 65 30 och
1468 1269 113 40 nyttja
1605 1271 179 31 desamma

586 1318 85 28 utan
690 1317 67 30 rätt
778 1317 55 30 för
854 1317 121 31 staden
994 1318 51 30 till
1064 1327 118 22 annan
1202 1319 190 38 ersättning
1411 1321 45 30 än
1477 1329 42 22 av
1538 1321 245 37 ledningarnas

585 1366 213 31 innehavare
814 1367 54 30 för
888 1367 110 31 skada
1016 1367 50 32 till
1084 1367 89 38 följd
1193 1377 43 22 av
1254 1369 214 38 förändring,
1487 1372 197 36 reparation
1701 1373 82 30 eller

586 1417 118 37 tillsyn
730 1426 41 21 av
798 1417 236 38 ledningarna.

327 1508 202 31 Stockholm
548 1508 67 31 den
637 1510 41 29 24
699 1518 93 21 mars
814 1510 93 31 1938.

721 1608 48 32 På
792 1609 374 37 jordbruksutskottets
1191 1613 142 36 vägnar:

841 1711 33 31 C.
896 1712 28 31 J.
948 1712 271 32 JOHANSSON.

312 2009 196 27 Närvarande:
527 2019 28 17 se
574 2010 147 26 utlåtande
742 2020 33 16 nr
795 2013 38 24 45.

504 2432 105 22 387688.
648 2416 175 46 Stockholm,
844 2433 80 26 Isaac
944 2433 114 27 Marcus
1078 2414 377 58 Boktryckeri-Aktiebolag,
1478 2421 73 43 1938
