1926 2846
532 127 123 32 Första
677 129 239 36 lagutskottets
938 131 176 32 utlåtande
1137 131 50 32 Nr
1207 134 52 31 28.
1631 131 20 31 9

145 209 38 29 17
210 209 79 37 kap.
319 210 273 32 handelsbalken
617 212 102 37 givna
745 213 400 39 förmånsrättsreglerna
1173 225 76 22 som
1276 226 42 22 av
1345 218 159 36 gällande
1531 219 115 37 hyres-

142 259 214 38 lagstiftning
381 264 89 28 samt
498 265 49 28 att
572 263 123 31 därvid
722 264 141 37 givetvis
891 266 86 30 även
1005 267 42 30 de
1074 267 10 30 i
1111 266 227 33 förevarande
1366 269 132 31 motion
1523 271 124 30 väckta

142 311 215 35 spörsmålen
380 312 141 31 komma
546 316 48 28 att
617 314 91 30 bliva
729 314 146 32 föremål
897 316 53 31 för
972 317 239 38 omprövning.

185 361 50 31 På
255 363 111 36 grund
386 372 42 22 av
448 365 66 29 vad
536 364 145 32 sålunda
702 365 132 32 anförts
853 365 54 32 får
928 368 164 31 utskottet
1112 369 193 37 hemställa,

494 443 49 28 att
561 440 228 33 förevarande
808 442 133 32 motion
957 443 76 32 icke
1051 444 104 32 måtte
1173 445 52 31 till
1244 445 115 38 någon
1378 447 201 38 riksdagens
1598 448 47 32 åt-

449 492 84 35 gärd
557 491 188 33 föranleda.

189 589 201 32 Stockholm
411 592 67 30 den
500 592 41 30 23
562 602 92 22 mars
680 594 92 31 1936.

583 693 50 32 På
658 694 107 32 första
790 696 238 36 lagutskottets
1055 699 140 36 vägnar:

750 780 37 31 A.
811 774 229 38 ÅKERMAN.

174 991 54 26 Vid
252 992 77 26 detta
351 993 119 26 ärendes
494 994 174 34 behandling
694 996 36 25 ha
754 997 138 25 närvarit:

173 1042 65 26 från
260 1043 136 26 första
416 1044 178 26 kammaren:
616 1047 98 24 herrar
737 1044 151 36 Åkerman,
911 1049 148 26 Anderson
1082 1051 8 25 i
1113 1052 170 32 Hägelåkra,
1306 1055 147 33 Klefbeck,
1477 1058 164 32 Velander",

138 1085 128 26 Svenson
288 1086 8 25 i
318 1086 128 30 Eskhult,
465 1088 151 32 Löfgren",
636 1089 136 33 Norlingt
794 1091 54 24 och
871 1091 143 31 Wohlin";

173 1135 66 26 från
260 1137 124 25 andra
407 1137 178 26 kammaren:
608 1140 97 24 herrar
726 1141 157 31 Lindqvist,
905 1142 114 27 Nilsson
1041 1143 7 25 i
1072 1145 131 31 Antnäs",
1226 1147 135 27 Hedlund
1381 1149 8 25 i
1409 1147 157 31 Östersund
1588 1154 52 24 och

137 1177 129 33 Sjögren,
283 1178 47 26 fru
351 1177 146 34 Östlund",
517 1181 64 25 herr
602 1181 102 26 Olsson
724 1183 9 24 i
752 1182 171 32 Rimforsa”,
942 1185 104 25 fröken
1067 1187 99 26 Wellin
1184 1192 74 22 samt
1278 1190 65 25 herr
1361 1191 111 28 Gardell
1492 1194 9 25 i
1519 1194 121 27 Stenstu.

358 1233 8 11 LÄ

176 1254 14 15 >
211 1254 35 32 Ej
269 1256 179 25 närvarande
472 1256 47 25 vid
546 1256 172 27 utlåtandets
744 1259 147 32 justering.

169 2487 110 33 Bihang
299 2488 41 25 till
360 2488 166 33 riksdagens
547 2491 144 30 protokoll
713 2493 74 25 1936.
817 2494 16 24 9
852 2495 81 25 saml.
957 2496 14 24 1
992 2497 56 23 avd.
1083 2498 40 24 Nr
1138 2499 109 26 27—28.
1585 2505 16 25 2
