1878 2806
499 188 119 29 Första
643 186 233 36 lagutskottets
902 184 173 30 utlåtande
1100 192 40 20 nr
1163 184 52 28 59.
1588 181 14 28 1

776 490 62 39 Nr
868 490 76 40 39.

550 608 124 26 Ankom
697 607 47 27 till
766 606 188 32 riksdagens
977 604 105 27 kansli
1106 604 61 27 den
1192 602 34 28 31
1254 602 60 32 maj
1340 601 75 27 1945
1440 601 40 27 kl.
1503 600 17 27 5
1543 608 60 19 em.

329 709 176 30 Utlåtande
535 707 11 29 i
573 706 181 36 anledning
781 715 40 21 av
849 705 120 30 väckta
997 703 166 30 motioner
1191 702 171 36 angående
1390 699 145 32 revision
1562 709 41 20 av

466 759 296 37 utsökningslagen
780 759 63 30 och
861 758 11 29 i
888 758 166 30 samband
1071 756 140 31 därmed
1228 754 137 32 stående
1383 752 220 38 lagstiftning.

156 870 120 30 Första
300 869 217 38 lagutskottet
539 868 61 29 har
624 867 48 31 till
695 866 202 37 behandling
919 864 149 31 förehaft
1091 864 56 29 två
1169 863 92 30 inom
1284 862 178 36 riksdagen
1482 860 121 30 väckta

114 925 174 33 motioner,
308 932 41 20 nr
371 921 60 30 187
452 923 11 29 i
484 922 107 29 första
610 922 197 29 kammaren
827 929 40 20 av
885 919 79 30 herr
982 916 132 31 Arrhén
1133 917 63 30 och
1215 926 40 20 nr
1275 915 61 29 315
1356 915 11 29 i
1386 915 106 30 andra
1510 914 93 29 kam-

114 987 114 21 maren
247 986 40 21 av
304 977 116 29 herrar
436 975 150 36 Staxäng
603 975 62 29 och
682 973 218 29 Holmström.
929 972 13 29 I
959 971 221 35 motionerna,
1196 970 91 30 vilka
1304 971 58 28 äro
1378 968 225 37 likalydande,

114 1031 201 34 hemställes,
335 1032 48 28 att
401 1030 177 36 riksdagen
597 1028 76 30 ville
692 1027 10 29 i
720 1026 160 31 skrivelse
897 1025 50 31 till
967 1024 123 38 Kungl.
1109 1022 107 37 Maj:t
1234 1022 134 31 anhålla
1386 1031 55 21 om
1459 1020 144 32 revision

113 1094 40 20 av
176 1083 300 37 utsökningslagen
497 1082 64 29 och
582 1082 11 29 i
617 1080 162 31 samband
803 1080 138 29 därmed
965 1078 137 31 stående
1125 1076 219 39 lagstiftning.

156 1138 14 29 I
194 1138 211 29 motionerna
427 1136 129 30 erinras
579 1134 238 37 inledningsvis
840 1142 56 20 om
919 1134 49 29 att
990 1132 56 30 vid
1071 1130 82 30 1944
1177 1130 54 31 års
1254 1130 135 37 riksdag
1411 1139 40 21 av
1474 1137 130 21 samiua

114 1192 203 29 motionärer
340 1191 136 29 väcktes
499 1188 176 35 motioner,
697 1197 41 21 nr
761 1186 62 30 208
847 1187 11 29 i
880 1186 107 30 första
1011 1185 198 29 kammaren
1232 1183 62 30 och
1316 1192 39 21 nr
1379 1181 63 30 314
1464 1182 11 29 i
1498 1182 106 29 andra

112 1246 208 33 kammaren,
345 1245 10 28 i
379 1244 90 30 vilka
492 1242 214 31 hemställdes
731 1250 55 21 om
809 1240 180 37 utredning
1011 1240 76 29 med
1110 1238 126 37 förslag
1258 1237 50 30 till
1331 1236 105 31 sådan
1460 1236 143 37 ändring

113 1300 11 28 i
149 1300 95 36 lagen
271 1298 63 29 den
361 1296 39 30 14
425 1296 76 37 juni
529 1294 81 31 1917
636 1304 55 21 om
716 1293 138 31 införsel
879 1295 11 29 i
914 1292 167 38 avlöning,
1108 1291 140 38 pension
1273 1290 78 32 eller
1376 1290 154 34 livränta,
1554 1290 49 28 att

113 1353 127 35 jämväl
267 1350 214 35 skadestånd,
509 1358 73 22 som
608 1358 40 21 av
675 1349 144 29 domstol
846 1347 133 30 ådömts
1006 1346 44 37 på
1075 1346 110 37 grund
1211 1354 41 20 av
1277 1343 325 34 misshandelsbrott,

114 1405 102 30 måtte
237 1405 119 37 utgöra
377 1404 150 34 fordran,
546 1402 114 31 varför
681 1401 137 31 införsel
839 1401 66 29 kan
927 1399 155 32 erhållas.

156 1459 13 28 I
192 1459 56 29 sitt
267 1457 184 34 utlåtande,
471 1465 41 21 nr
533 1455 51 36 42,
604 1456 78 29 över
701 1454 212 30 motionerna
932 1452 142 32 anförde
1093 1452 107 30 första
1220 1452 226 36 lagutskottet,
1466 1452 49 28 att
1534 1459 69 20 mo-

112 1513 209 28 tionärernas
346 1510 135 37 förslag,
504 1511 86 28 trots
613 1509 40 30 de
676 1507 257 37 invändningar,
957 1515 72 21 som
1053 1506 113 30 kunde
1190 1514 91 21 resas
1305 1505 161 33 däremot,
1489 1504 113 36 syntes

112 1567 73 28 värt
207 1564 196 30 beaktande.
436 1563 113 37 Enligt
569 1563 179 30 utskottets
770 1560 135 38 mening
924 1560 87 30 hade
1033 1558 183 33 emellertid
1237 1558 159 36 förslaget
1416 1559 46 29 ett
1482 1556 121 30 sådant

114 1619 161 29 samband
292 1617 73 31 icke
381 1617 118 30 endast
515 1616 76 29 med
608 1617 108 29 rätten
733 1615 49 30 till
799 1614 138 30 införsel
955 1613 53 30 för
1024 1612 204 31 skadestånd
1244 1611 43 37 på
1302 1611 109 38 grund
1427 1620 40 20 av
1482 1610 122 30 brotts-

113 1673 44 36 lig
178 1671 141 38 gärning
338 1670 195 30 överhuvud
553 1671 83 28 utan
657 1670 83 29 även
760 1668 76 30 med
857 1668 63 29 den
942 1667 107 31 större
1068 1665 118 38 frågan
1207 1674 55 21 om
1282 1666 109 29 rätten
1410 1664 50 30 till
1480 1664 123 29 utmät-

113 1726 80 36 ning
209 1726 10 28 i
235 1724 166 37 avlöning,
417 1725 49 29 att
482 1724 54 29 det
552 1722 73 32 icke
638 1722 114 31 kunde
767 1730 95 22 anses
878 1720 153 37 lämpligt
1046 1721 49 29 att
1109 1721 147 35 upptaga
1273 1719 61 29 den
1350 1726 120 29 genom
1485 1717 117 30 motio-

112 1787 105 21 nerna
234 1778 131 34 väckta,
383 1776 207 38 begränsade
607 1774 348 39 lagstiftningsfrågan
972 1774 51 31 till
1041 1773 145 30 särskild
1202 1772 213 36 behandling.
1433 1770 170 30 Utskottet

112 1832 199 30 hemställde
329 1831 125 35 därför,
474 1832 48 28 att
541 1830 210 30 motionerna
769 1829 73 29 icke
860 1828 105 30 måtte
984 1828 49 29 till
1052 1827 111 37 någon
1183 1826 196 37 riksdagens
1400 1826 117 37 åtgärd
1536 1825 67 29 för-

114 1886 126 29 anleda.
276 1885 98 29 Detta
395 1884 74 30 blev
492 1883 102 30 också
616 1883 193 36 riksdagens
830 1882 119 31 beslut,

157 1939 13 28 I
192 1947 45 20 nu
257 1937 221 30 förevarande
496 1936 165 30 motioner
681 1934 133 31 anföres
833 1934 103 30 bland
956 1935 103 28 annat
1079 1932 168 36 följande:

158 1999 64 30 Vid
251 1999 135 37 förnyat
414 1998 230 37 övervägande
673 2007 39 21 av
741 1998 62 29 den
832 1996 221 30 förevarande
1082 1994 348 38 lagstiftningsfrågan
1458 1995 62 28 har
1548 1992 57 38 jag

115 2045 142 29 kommit
277 2043 49 30 till
349 2044 62 29 den
431 2043 271 37 uppfattningen,
722 2043 47 29 att
790 2050 39 22 en
849 2040 181 38 utredning
1049 2050 39 20 av
1109 2041 62 28 den
1192 2041 61 33 art,
1274 2049 70 20 som
1364 2039 164 29 utskottet
1549 2047 56 20 an-

114 2090 74 36 tytt,
213 2088 165 37 svårligen
402 2088 67 29 kan
493 2087 223 38 genomföras,
740 2088 81 28 utan
846 2087 48 29 att
917 2094 79 21 man
1021 2085 115 30 därvid
1160 2085 153 29 kommer
1335 2085 34 29 in
1392 2083 42 37 på
1458 2084 146 29 centrala

114 2133 165 37 spörsmål
300 2133 90 29 inom
409 2132 322 37 utsökningsrätten.
762 2131 78 29 Man
859 2131 95 29 torde
973 2130 142 30 sålunda
1133 2130 46 29 bli
1198 2129 173 29 nödsakad
1390 2130 48 28 att
1458 2129 147 35 upptaga

115 2179 49 29 till
191 2178 165 36 prövning
383 2178 53 29 det
462 2177 164 37 generella
652 2175 201 37 spörsmålet
878 2184 54 20 om
959 2175 128 29 ändrad
1113 2173 144 37 ordning
1281 2173 52 31 för
1359 2173 179 29 exekution
1565 2181 39 20 av

116 2223 200 36 fordringar,
332 2222 72 30 icke
419 2221 84 30 blott
519 2222 62 28 när
598 2221 53 29 det
666 2220 102 37 gäller
783 2219 193 37 utmätning
991 2220 10 28 i
1017 2219 55 29 lön
1088 2219 82 28 utan
1186 2217 100 30 också
1302 2218 62 29 vad
1381 2217 103 37 angår
1500 2218 105 29 andra

114 2265 323 36 exekutionsobjekt.
468 2265 126 29 Därvid
615 2265 49 29 lär
683 2273 78 21 man
781 2264 72 29 icke
872 2263 116 30 kunna
1007 2262 134 35 förbise,
1160 2263 48 28 att
1227 2261 378 36 utmätningsförfaran-

116 2312 53 29 det
192 2311 9 28 i
225 2311 73 29 dess
319 2310 110 29 helhet
452 2311 37 28 är
510 2310 175 29 omodernt
706 2309 62 28 och
790 2308 76 36 föga
888 2307 164 31 effektivt.
1086 2307 98 29 Detta
1206 2306 155 29 omdöme
1383 2306 102 36 gäller
1508 2306 96 29 emel-

115 2355 97 30 lertid
231 2354 74 30 vårt
323 2354 299 30 exekutionsväsen
641 2354 10 28 i
670 2353 74 29 dess
762 2352 120 29 helhet.
913 2351 50 29 En
981 2350 147 36 juridisk
1146 2350 186 34 författare,
1350 2349 170 37 professor
1536 2348 69 30 Åke

116 2400 145 34 Hassler,
287 2399 61 29 har
373 2398 133 36 nyligen
531 2398 10 28 i
567 2406 39 21 en
632 2397 311 35 tidskriftsuppsats
974 2395 206 33 (Motsvarar
1205 2394 74 30 vårt
1304 2393 299 30 exekutionsväsen

117 2444 115 30 nutida
254 2442 101 31 krav?
377 2444 9 28 i
409 2442 127 30 Svensk
555 2441 240 37 Juristtidning
816 2439 83 30 1944
918 2450 25 20 s.
964 2438 188 35 497—508)
1179 2439 194 35 framhållit,
1394 2440 47 28 att
1460 2438 60 30 vår
1538 2439 66 36 gäl-

116 2490 97 29 lande
233 2488 266 31 exekutionsrätt
520 2495 45 21 nu
587 2487 72 30 icke
678 2487 112 36 längre
811 2486 36 29 är
867 2486 9 28 i
896 2485 98 30 stånd
1015 2486 48 28 att
1083 2484 42 36 på
1146 2486 45 28 ett
1211 2483 308 30 tillfredsställande
1540 2484 64 28 sätt

152 2549 110 28 Bihang
284 2548 46 23 till
351 2547 167 29 riksdogens
539 2547 148 28 protokoll
708 2546 75 24 1945.
814 2546 15 23 9
850 2545 83 24 saml.
965 2545 11 23 1
999 2545 62 23 avd.
1094 2545 38 22 Nr
1152 2545 41 23 39.
1591 2547 9 23 1
