1912 2802
261 189 19 30 2
680 187 108 27 Andra
813 185 208 36 lagutskottets
1046 181 157 30 utlåtande
1228 181 45 27 Nr
1299 180 43 28 14.

307 276 66 30 Tre
402 275 189 30 ledamöter
614 273 11 30 i
651 271 207 32 kommittén
883 265 130 41 (herrar
1038 269 42 30 H.
1107 268 156 37 Claeson,
1292 266 34 30 F.
1353 266 131 38 Kempe
1509 264 66 31 och
1599 264 38 29 A.
1659 263 102 30 Lind-

264 322 93 43 man)
382 327 218 32 reserverade
625 326 50 37 sig
699 328 73 27 mot
796 323 93 39 varje
914 321 346 42 expropriationsrätt
1284 319 53 31 för
1361 317 264 38 ifrågavarande
1654 316 105 30 ända-

264 383 70 32 mål
368 382 110 31 under
517 379 255 32 framhållande
808 388 42 21 av
875 380 48 28 att
947 373 448 44 expropriationsinstitutet
1419 371 202 38 därigenom
1647 370 112 31 skulle

264 438 92 31 föras
381 435 139 32 utanför
544 435 42 30 de
611 435 140 36 gränser
775 432 53 31 för
851 433 115 29 denna
991 432 76 37 rätt,
1092 439 76 21 som
1189 427 119 31 dittills
1333 426 50 31 till
1409 426 113 39 skydd
1547 425 53 31 för
1617 424 145 38 ägande-

264 493 128 28 rättens
416 489 102 37 helgd
543 487 144 37 visligen
711 486 89 31 varit
824 485 180 30 bestämda
1028 483 54 31 för
1105 483 216 29 densamma.

53 567 197 31 Riksdagarna
310 561 136 37 Frågan
479 569 58 21 om
574 556 259 42 expropriation
862 555 53 31 för
939 554 165 31 bildande
1129 563 43 20 av
1197 561 69 30 nya
1288 550 172 39 jordbruk
1486 550 84 30 kom
1595 548 106 38 några
1726 547 39 31 år

58 603 183 26 1909—1917-
265 624 120 22 senare
410 612 206 31 motionsvis
641 611 110 30 under
775 610 203 36 riksdagens
1003 607 180 41 prövning.
1211 605 117 31 Under
1344 604 83 30 åren
1448 604 96 38 1909,
1564 603 96 38 1910,
1679 602 81 30 1911

266 669 65 31 och
358 668 84 30 1912
468 665 206 31 framfördes
700 663 175 38 nämligen
900 661 147 31 medelst
1070 660 174 30 motioner
1267 658 128 37 förslag
1420 667 57 20 om
1502 659 48 28 att
1574 658 121 38 ytterst
1711 663 52 29 ge-

266 731 83 21 nom
383 718 259 41 expropriation
681 717 125 30 bereda
842 716 45 29 bl.
913 725 30 20 a.
978 715 67 29 den
1067 713 156 37 jordlösa
1247 710 248 37 befolkningen
1517 709 79 38 jord
1620 708 51 30 till
1696 717 69 30 nya

262 773 173 40 jordbruk
460 772 20 30 å
504 771 208 38 fastigheter,
738 779 75 21 som
838 777 82 22 vore
945 777 43 21 av
1013 768 108 29 större
1152 764 217 38 omfattning,
1399 766 90 27 samt
1513 762 20 30 å
1557 761 208 37 fastigheter,

267 827 173 38 tillhöriga
477 826 111 38 bolag,
622 823 198 38 föreningar
844 822 53 31 för
921 820 209 32 ekonomisk
1155 817 223 33 verksamhet
1402 817 82 30 eller
1508 815 159 31 enskilda
1692 822 73 32 spe-

269 883 169 30 kulanter.
486 879 56 31 Uti
576 878 219 31 motionerna
831 875 175 32 erinrades
1041 884 56 21 om
1129 870 412 34 norrlandskommitténs
1565 869 127 37 förslag
1716 867 50 31 till

270 934 258 42 expropriation
564 932 60 31 för
646 931 164 31 bildande
835 940 42 20 av
902 939 68 30 nya
992 927 173 39 jordbruk
1190 926 66 31 och
1276 924 302 38 angelägenheten,
1604 925 47 28 att
1675 922 92 30 detta

270 989 144 36 förslags
440 986 86 40 syfte
550 985 189 40 lämpligen
763 983 206 31 utsträcktes
995 984 88 28 även
1107 981 50 29 till
1183 979 117 37 övriga
1325 978 96 30 delar
1445 987 42 20 av
1517 977 97 29 riket.
1646 975 122 30 Motio-

271 1051 107 22 nerna
403 1049 119 22 vunno
547 1038 190 31 emellertid
764 1036 27 38 ej
818 1036 203 36 riksdagens
1047 1033 108 31 bifall.

317 1104 13 31 I
360 1102 170 32 samband
561 1101 79 30 med
667 1099 122 37 Kungl.
817 1098 111 38 Maj:ts
953 1095 255 42 propositioner
1232 1094 79 30 med
1340 1093 128 37 förslag
1491 1092 51 30 till
1567 1101 47 30 ny
1638 1090 131 30 allmän

272 1153 491 44 expropriationslagstiftning
797 1152 58 30 vid
894 1152 96 37 1913,
1021 1150 85 30 1916
1131 1149 66 30 och
1224 1148 83 30 1917
1334 1147 54 30 års
1413 1146 181 36 riksdagar
1617 1144 150 30 likasom

271 1211 67 31 ock
364 1210 57 30 vid
442 1209 226 36 riksdagarna
696 1206 84 30 1914
805 1205 66 31 och
903 1205 83 29 1915
1012 1203 140 30 väcktes
1177 1201 91 39 ånyo
1294 1199 172 31 motioner
1489 1208 58 21 om
1572 1196 197 41 expropria-

273 1264 73 30 tion
371 1263 53 31 för
445 1258 368 42 jordbruksändamål,
839 1267 80 21 men
944 1265 121 23 vunno
1090 1254 218 31 motionerna
1333 1253 27 37 ej
1387 1252 203 37 riksdagens
1617 1249 107 31 bifall.

73 1345 171 25 Jordunder-
320 1335 13 30 I
370 1334 56 30 sitt
462 1334 66 29 den
554 1333 41 30 30
631 1331 183 30 december
840 1330 84 30 1915
949 1327 148 38 avgivna
1121 1325 220 32 betänkande
1366 1323 177 38 angående
1564 1316 209 48 jordförhål-

52 1382 152 60 sökningen
216 1381 48 59 den
275 1389 149 30 landena
449 1387 10 30 i
483 1385 209 32 Värmlands
717 1384 58 30 län
798 1382 206 32 hemställde
1026 1378 408 41 jordundersökningens
1460 1376 172 38 majoritet
1643 1369 131 43 (herrar

127 1453 74 24 1915.
276 1442 204 36 Lindhagen
505 1440 66 30 och
595 1430 37 39 Å.
659 1430 213 45 Ingeström),
897 1438 47 28 att
968 1435 120 37 frågan
1113 1443 57 21 om
1196 1432 106 31 social
1327 1430 260 41 expropriation
1612 1429 53 31 för
1685 1428 87 30 bl.a.

272 1494 174 39 jordbruk
470 1493 104 30 måtte
599 1494 169 37 upptagas
792 1490 51 29 till
868 1488 212 36 behandling
1105 1489 90 28 samt
1219 1486 91 30 lösas
1334 1485 51 29 till
1410 1483 137 31 förmån
1572 1483 53 30 för
1654 1491 43 21 en
1723 1480 50 31 så-

277 1549 68 30 dan
371 1549 82 28 rätts
478 1545 171 32 ernående
673 1544 11 30 i
710 1543 110 37 skälig
844 1541 207 37 omfattning
1076 1540 111 30 under
1211 1538 165 40 lämpliga
1401 1537 128 30 former
1554 1536 65 30 och
1636 1535 54 30 för
1707 1534 67 30 alla
1796 1542 2 3 '

279 1600 230 41 betryggande
545 1599 137 38 villkor,
719 1599 90 28 samt
842 1599 57 35 att,
936 1595 52 30 för
1013 1595 67 29 den
1108 1592 166 31 händelse
1300 1601 42 20 en
1367 1590 98 40 dylik
1489 1588 211 39 lagstiftning
1724 1587 50 30 in-

279 1654 182 31 skränktes
485 1653 51 30 till
561 1652 91 31 vissa
677 1650 95 31 delar
796 1659 41 20 av
863 1648 99 38 riket,
987 1647 209 31 Värmlands
1221 1646 58 29 län
1304 1644 105 30 måtte
1433 1644 11 29 i
1469 1643 94 37 varje
1591 1642 60 30 fall
1680 1641 95 30 inbe-

279 1708 113 40 gripas
416 1707 12 29 i
452 1707 215 29 densamma.
698 1695 15 48 b

325 1771 53 30 En
415 1769 152 31 ledamot
600 1777 43 21 av
675 1764 389 40 jordundersökningen
1101 1757 90 42 (herr
1227 1761 35 30 C.
1289 1755 79 42 Ros)
1404 1758 197 32 förklarade
1626 1756 49 38 sig
1699 1756 76 31 icke

281 1825 119 30 kunna
430 1823 134 30 biträda
589 1822 58 30 det
671 1820 148 31 sålunda
843 1818 148 38 avgivna
1016 1816 171 37 förslaget.

67 1924 199 25 Jordkommis-
327 1913 53 30 Då
404 1909 359 40 jordkommissionen
788 1909 67 29 den
881 1908 41 29 29
948 1906 189 31 november
1163 1904 85 31 1918
1273 1903 167 38 tillsattes,
1465 1901 177 40 uppdrogs
1672 1899 107 30 bland

112 1960 104 24 sionen.
253 1948 14 54 —
282 1969 107 28 annat
417 1965 34 30 åt
479 1965 114 29 denna
618 1966 48 27 att
689 1961 187 31 verkställa
900 1959 184 37 utredning
1109 1958 65 30 och
1205 1956 122 38 avgiva
1351 1955 137 38 förslag,
1513 1953 175 31 huruvida
1714 1952 66 30 och

282 2020 11 30 i
318 2019 67 31 vad
410 2018 83 30 mån
517 2014 306 39 tvångsavlösning
848 2023 42 21 av
911 2013 80 38 jord
1009 2012 53 30 för
1079 2009 270 39 tillgodoseende
1366 2018 43 21 av
1422 2004 359 41 jordbruksändamål

284 2074 121 30 utöver
440 2072 67 30 vad
543 2070 54 31 för
632 2070 56 29 det
726 2067 199 32 dåvarande
951 2075 82 22 vore
1059 2065 133 37 stadgat
1216 2063 107 31 borde
1348 2061 44 41 på
1416 2059 276 39 lagstiftningens
1717 2059 65 36 väg

285 2125 229 40 genomföras.
562 2118 14 32 I
602 2122 188 36 anledning
813 2121 109 30 härav
947 2119 207 31 avlämnade
1179 2115 277 33 kommissionen
1481 2114 67 30 den
1580 2114 36 29 11
1642 2121 141 22 novem-

285 2180 61 30 ber
381 2180 83 30 1922
499 2177 57 31 två
590 2175 213 38 alternativa,
840 2174 79 30 med
949 2183 88 30 resp.
1064 2173 12 29 I
1103 2172 66 30 och
1195 2171 30 30 II
1252 2168 212 32 betecknade
1489 2167 127 37 förslag
1640 2166 51 30 till
1716 2165 67 37 lag-

286 2233 154 37 stiftning
465 2241 58 21 om
548 2229 243 38 statsåtgärder
815 2228 53 31 för
891 2226 165 31 bildande
1081 2235 42 21 av
1148 2234 69 30 nya
1237 2222 184 39 jordbruk,
1446 2220 122 32 därvid
1593 2221 120 38 ytterst
1730 2227 54 21 ex-

286 2285 215 43 propriation
526 2284 52 31 för
603 2281 325 37 markanskaffning
953 2280 112 30 skulle
1089 2278 264 38 ifrågakomma.

64 2372 211 26 Innebördenav
333 2358 114 37 Enligt
479 2357 161 36 förslaget
669 2355 13 30 I
712 2348 170 43 (omfattat
906 2362 42 21 av
974 2352 80 30 herr
1079 2350 203 37 Lindhagen
1309 2350 89 29 samt
1422 2346 80 31 med
1527 2345 92 31 vissa
1645 2343 140 38 skiljak-

87 2409 133 31 förslaget
237 2407 20 24 I.
287 2412 144 38 tigheter
464 2420 43 21 av
541 2410 120 30 herrar
696 2408 200 31 Johansson
931 2406 11 30 i
982 2403 200 42 Uppmälby
1212 2403 66 30 och
1304 2402 196 30 Pettersson
1523 2399 12 30 i
1561 2390 226 42 Hällbacken)

289 2466 112 31 skulle
436 2464 94 38 varje
559 2462 170 31 arbetsför
753 2460 128 31 svensk
905 2469 83 21 man
1013 2459 83 30 eller
1120 2457 143 38 kvinna,
1292 2465 76 21 som
1400 2453 154 32 saknade
1581 2450 206 37 tillräckliga

290 2519 113 31 medel
432 2520 48 28 att
516 2516 86 38 själv
637 2515 162 31 förvärva
835 2516 45 28 ett
909 2512 184 39 jordbruk,
1118 2511 121 30 kunna
1265 2508 130 32 erhålla
1421 2510 126 28 statens
1572 2504 138 32 bistånd
1735 2503 53 31 för
