1894 2804
529 124 289 36 Statsutskottets
841 120 182 36 utlåtande
1047 130 41 24 nr
1106 122 75 31 208.
1560 117 43 30 2

158 208 251 35 Kostnaderna
434 207 54 34 för
513 204 183 36 underhåll
721 216 46 21 av
799 203 68 34 den
892 196 439 47 patologisk-anatomiska
1356 194 246 35 instititionen

118 253 172 35 bestridas
312 266 46 20 av
380 252 138 39 staden,
538 250 128 34 medan
687 253 119 30 staten
827 258 121 22 svarar
968 246 54 33 för
1040 243 240 35 kostnaderna
1301 241 54 33 för
1373 244 133 35 värme,
1527 244 72 28 vat-

117 305 73 34 ten,
210 312 60 30 gas
291 298 66 34 och
378 296 166 35 elektrisk
564 294 127 42 energi.

158 343 130 43 Övriga
305 356 46 21 av
368 342 131 35 driften
516 340 60 34 vid
594 340 67 33 den
678 333 439 48 patologisk-anatomiska
1134 331 249 36 institutionen
1399 328 206 35 föranledda

117 388 192 35 kostnader
329 387 174 35 bestridas
525 398 45 21 av
592 389 118 30 staten
731 383 11 34 i
765 383 68 33 den
854 381 84 34 mån
965 381 43 33 de
1030 391 83 22 avse
1134 376 252 42 undervisning
1406 374 66 34 och
1493 373 111 34 forsk-

118 434 84 43 ning
220 439 93 29 samt
331 445 46 22 av
396 431 125 35 staden
539 431 11 33 i
569 431 67 33 den
654 429 84 33 mån
757 428 42 33 de
818 426 91 44 gälla
927 425 142 35 stadens
1088 414 517 54 undersökningsverksamhet.

160 483 55 30 922.
247 477 214 35 Personalen
483 476 60 34 vid
566 475 67 34 den
656 473 111 35 under
788 471 118 44 punkt
928 474 19 30 3
971 469 153 43 angivna
1147 465 296 43 bakteriologiska
1465 463 140 35 institu-

119 524 120 34 tionen
268 522 179 40 tillsättes,
476 521 145 34 avlönas
660 518 66 34 och
754 517 224 43 pensioneras
1009 527 46 21 av
1084 514 125 33 staden
1238 512 80 33 med
1348 510 185 41 undantag
1561 520 45 21 av

120 568 110 35 sådan
255 567 173 44 personal,
455 578 76 22 som
556 564 195 34 föranledes
779 575 46 21 av
852 559 252 43 undervisning
1129 558 65 34 och
1220 556 193 42 forskning,
1440 554 65 34 och
1531 565 75 23 som

119 614 177 39 tillsättes,
318 612 146 34 avlönas
485 611 66 34 och
572 608 223 44 pensioneras
817 619 46 22 av
884 610 129 30 staten.

161 658 252 34 Kostnaderna
436 656 55 34 för
516 655 68 34 den
608 651 296 43 bakteriologiska
936 649 265 35 institutionens
1225 646 184 35 underhåll
1434 644 172 35 bestridas

120 716 46 22 av
194 703 136 39 staden,
359 714 77 22 som
464 705 90 30 även
582 698 171 35 bestrider
779 695 241 36 kostnaderna
1047 694 55 33 för
1129 697 132 35 värme,
1289 695 138 35 vatten,
1454 701 61 31 gas
1542 688 65 34 och

120 747 165 34 elektrisk
304 747 128 42 energi.

162 792 129 43 Övriga
316 805 46 21 av
382 790 131 36 driften
535 790 59 34 vid
614 789 69 34 den
702 785 296 43 bakteriologiska
1017 783 249 35 institutionen
1285 780 207 35 föranledda
1510 779 98 33 kost-

121 838 109 34 nader
250 836 173 35 bestridas
444 848 46 21 av
510 834 126 35 staden
656 833 80 34 med
756 831 186 42 undantag
961 842 45 21 av
1025 828 203 39 kostnader,
1249 839 76 22 som
1345 824 199 35 föranledas
1564 835 45 22 av

122 882 252 43 undervisning
405 881 65 34 och
500 878 183 43 forskning
713 877 65 34 och
810 889 84 21 avse
924 874 170 39 materiel,
1124 872 230 42 försöksdjur,
1385 871 225 37 instrument,

122 932 188 38 apparater
346 926 66 35 och
447 925 145 34 därmed
625 922 205 44 jämförligt.
867 919 229 35 Sistnämnda
1129 917 192 34 kostnader
1356 915 172 35 bestridas
1565 925 45 22 av

121 977 129 30 staten.

653 1020 144 35 Klinisk
817 1017 263 42 undervisning.

168 1103 54 30 23.
257 1096 210 36 Överläkare
504 1095 80 34 eller
621 1090 438 37 laboratorieföreståndare
1098 1089 11 33 i
1147 1085 351 41 överläkarställning,
1537 1096 74 22 som

124 1144 115 33 tillika
259 1147 38 29 är
317 1141 175 43 professor
512 1139 81 34 eller
613 1138 179 34 laborator
813 1136 60 33 vid
896 1136 68 33 den
985 1132 216 35 medicinska
1221 1130 206 44 högskolan,
1447 1129 166 33 tillsättes

124 1201 45 20 av
190 1192 128 30 staten.
338 1186 151 34 Stadens
510 1181 325 45 sjukhusdirektion
856 1184 81 39 äger
956 1179 89 35 dock
1070 1182 73 30 rätt
1163 1182 55 29 att
1238 1177 109 33 innan
1367 1174 245 41 tillsättnings-

124 1233 145 35 ärendet
294 1231 221 34 överlämnas
535 1230 53 33 till
606 1227 165 35 kanslern
789 1226 56 34 för
864 1225 108 34 rikets
992 1223 208 35 universitet
1219 1221 128 43 avgiva
1366 1219 169 44 yttrande
1554 1219 58 33 be-

126 1278 178 33 träffande
326 1278 43 33 de
391 1278 20 32 å
432 1275 226 41 förslagsrum
679 1276 188 39 uppsattas
889 1269 207 43 lämplighet
1117 1270 115 32 såsom
1252 1266 204 34 överläkare
1477 1263 137 44 respek-

126 1323 74 35 tive
219 1319 464 37 laboratorieföreståndare.

167 1366 93 35 Över
284 1365 144 35 kallelse
453 1365 53 34 till
533 1364 177 43 professur
735 1362 89 34 skall
852 1360 144 35 stadens
1023 1357 326 45 sjukhusdirektion
1375 1355 146 35 beredas
1547 1354 67 34 till-

126 1412 82 35 fälle
229 1416 99 39 yttra
348 1411 53 42 sig
420 1423 42 21 ur
483 1420 136 24 samma
640 1406 233 44 synpunkter,
895 1417 75 22 som
990 1416 84 30 nyss
1095 1407 155 30 nämnts.

168 1456 264 35 Professorerna
452 1455 64 34 och
535 1454 264 34 laboratorerna
823 1452 122 41 intaga
962 1450 11 36 i
994 1450 52 33 sin
1066 1448 175 43 egenskap
1261 1459 46 21 av
1325 1445 204 35 överläkare
1547 1456 68 22 res-

128 1502 142 42 pektive
299 1497 466 40 laboratorieföreståndare,
801 1497 5 33 i
836 1497 68 33 den
934 1495 83 33 mån
1046 1494 31 42 ej
1109 1492 221 35 annorlunda
1360 1491 142 42 stadgas
1531 1489 11 34 i
1571 1501 45 21 av

127 1547 132 42 Kungl.
285 1545 112 43 Maj:t
423 1543 171 35 fastställt
619 1543 211 42 reglemente
856 1540 55 34 för
936 1539 143 34 stadens
1105 1537 160 43 sjukhus,
1291 1548 136 22 samma
1452 1534 165 42 ställning

128 1592 53 34 till
201 1591 142 35 stadens
365 1588 325 45 sjukhusdirektion
711 1599 76 22 som
807 1586 121 41 övriga
949 1583 203 35 överläkare
1173 1582 199 42 respektive
1390 1579 226 35 laboratorie-

127 1636 243 34 föreståndare
394 1635 60 34 vid
475 1634 141 35 stadens
637 1632 148 43 sjukhus
804 1635 95 30 samt
918 1634 60 30 äro
997 1628 148 43 pliktiga
1165 1632 55 29 att
1239 1626 235 35 efterkomma
1493 1626 42 33 de
1554 1637 62 21 an-

128 1681 190 42 ordningar
335 1681 56 33 för
407 1679 214 34 klinikernas
640 1677 65 35 och
723 1675 294 36 laboratoriernas
1036 1673 98 40 drift,
1152 1685 76 22 som
1247 1670 370 44 sjukhusdirektionen

130 1732 80 36 äger
233 1726 158 42 vidtaga,
416 1728 169 30 ävensom
608 1727 56 30 att
687 1721 104 35 ställa
816 1721 51 42 sig
891 1720 53 34 till
968 1718 234 35 efterrättelse
1224 1717 56 34 för
1302 1717 143 34 stadens
1470 1714 147 44 sjukhus

130 1771 160 42 gällande
312 1769 275 39 bestämmelser,
609 1780 76 22 som
705 1767 76 34 icke
803 1766 111 33 strida
936 1770 76 28 mot
1033 1765 102 33 detta
1155 1763 109 33 avtal.

172 1819 54 30 24,
260 1817 18 32 I
299 1815 117 43 punkt
437 1818 42 30 23
502 1812 153 43 angivna
674 1811 213 43 professorer
907 1810 66 34 och
992 1809 217 34 laboratorer
1230 1807 146 34 avlönas
1397 1807 65 33 och
1482 1805 136 43 persio-

131 1873 100 22 neras
256 1873 44 21 av
326 1864 129 29 staten.
481 1858 133 34 Staden
639 1856 172 35 bestrider
835 1855 90 34 dock
948 1853 199 34 kostnaden
1171 1852 55 33 för
1249 1851 141 34 särskilt
1421 1850 197 34 övesläkar-

131 1905 141 40 arvode,
300 1917 76 21 som
403 1904 208 33 förutsättes
637 1902 145 32 komma
809 1904 56 29 att
893 1900 85 41 utgå
1005 1899 53 33 till
1084 1897 156 33 nämnda
1268 1894 350 43 befattningshavare

131 1949 78 35 från
229 1949 136 34 staden.

174 1998 54 30 25.
260 1993 108 43 Övrig
402 1993 54 33 för
482 1992 66 34 den
574 1990 152 34 kliniska
752 1988 296 41 undervisningen
1075 1987 64 33 och
1166 1985 226 42 forskningen
1420 1983 200 42 erforderlig

134 2040 159 41 personal
319 2052 45 20 av
389 2039 70 32 vad
485 2037 72 42 slag
582 2037 67 33 den
674 2047 85 21 vara
784 2035 58 33 må
867 2033 177 39 tillsättes,
1069 2032 144 33 avlönas
1238 2031 65 33 och
1328 2030 223 42 pensioneras
1576 2041 45 21 av

134 2089 129 35 staten,
288 2084 90 33 dock
404 2087 56 29 att
484 2081 124 34 staden
633 2080 161 42 bidrager
818 2079 80 33 med
924 2091 44 21 en
992 2076 170 43 tredjedel
1187 2088 45 21 av
1257 2075 211 42 avlöningen
1493 2075 38 33 åt
1556 2074 64 33 och

135 2127 365 35 semesterkostnaden
521 2126 54 34 för
595 2125 151 33 kliniska
768 2135 242 22 amanuenser.

176 2174 138 39 Lärare,
334 2182 242 27 amanuenser,
596 2169 203 35 assistenter
817 2168 64 34 och
901 2167 98 42 övrig
1017 2166 53 34 för
1088 2165 251 41 undervisning
1358 2166 64 32 och
1442 2164 180 41 forskning

136 2217 151 35 anställd
304 2217 161 42 personal
483 2221 167 29 ävensom
666 2215 42 33 de
726 2212 213 35 studerande
956 2216 59 29 äro
1031 2211 148 42 pliktiga
1195 2215 55 28 att
1267 2210 102 33 ställa
1386 2210 50 40 sig
1454 2210 49 32 ull
1520 2209 102 33 efter-

137 2263 141 32 rättelse
307 2262 42 33 de
377 2260 274 38 bestämmelser,
679 2271 75 20 som
790 2257 91 42 gälla
908 2257 53 32 för
989 2255 262 34 vederbörande
1278 2254 147 41 sjukhus
1453 2254 62 32 och
1546 2254 76 32 dess

138 2305 236 40 verksamhet,
399 2306 9 32 i
432 2306 67 32 den
522 2305 82 32 mån
628 2302 310 34 bestämmelserna
961 2301 30 41 ej
1017 2300 109 32 strida
1149 2304 75 28 mot
1247 2300 68 32 vad
1340 2310 73 21 som
1437 2297 186 34 fastställts

136 2351 53 34 för
208 2349 251 41 undervisning
477 2349 64 33 och
560 2347 191 40 forskning.

179 2393 393 41 Ordningsföreskrifter
599 2393 54 32 för
682 2393 9 32 i
720 2390 209 42 föregående
957 2389 122 41 stycke
1109 2388 131 33 avsedd
1269 2387 158 41 personal
1458 2391 164 29 ävensom

138 2440 212 34 studerande
375 2438 193 34 fastställas
595 2450 44 21 av
666 2436 141 33 stadens
835 2433 322 44 sjukhusdirektion
1184 2432 89 33 efter
1299 2432 155 33 hörande
1488 2445 44 20 av
1557 2432 64 33 den
