1890 2804
280 139 39 29 16
697 136 289 33 Statsutskottets
1010 135 181 35 utlåtande
1216 147 41 23 nr
1276 140 75 31 208.

283 226 45 22 av
348 214 212 42 professorer
580 215 66 33 och
667 215 221 42 prosektorer
909 228 47 21 m.
977 216 37 33 fl.
1038 216 350 43 befattningshavare
1410 217 10 33 i
1442 217 68 34 den
1532 230 26 21 s.
1579 218 35 33 k.
1635 218 135 33 labora-

282 260 206 41 torsgraden
510 261 61 34 vid
599 261 66 33 den
687 273 71 30 nya
781 261 215 33 medicinska
1018 262 253 33 läroanstalten
1293 275 102 29 synes
1418 262 71 43 mig
1510 275 86 21 vara
1618 263 152 33 karolin-

280 305 62 34 ska
368 305 181 34 institutet
576 307 63 32 och
666 307 77 33 dess
770 306 291 43 lärarkollegium.
1087 308 66 42 Jag
1178 309 104 41 utgår
1308 308 101 40 ifrån,
1435 313 56 29 att
1516 309 182 33 institutet
1723 321 44 21 av

279 349 145 35 intresse
450 350 55 34 för
532 351 67 34 den
627 351 214 34 medicinska
867 352 244 42 forskningens
1138 353 65 33 och
1230 353 313 43 undervisningens
1570 353 197 42 främjande

282 399 38 31 är
338 396 112 42 villigt
468 398 61 32 åta
551 398 51 41 sig
619 402 53 28 ett
689 397 116 43 dylikt
822 398 171 42 uppdrag.
1011 399 113 33 Dessa
1142 399 179 42 uppgifter
1339 402 139 30 övertas
1497 411 46 21 av
1560 399 208 42 högskolans

281 440 293 42 lärarkollegium,
592 446 63 30 när
675 443 101 33 detta
794 447 90 30 trätt
903 444 10 33 i
932 442 179 36 funktion.

320 522 394 42 Departementschefen
733 523 61 34 har
814 523 52 34 för
886 536 83 30 egen
991 524 53 33 del
1064 524 115 34 anfört
1198 524 162 42 följande.

322 592 78 34 Den
423 593 210 33 medicinska
658 593 187 42 högskolan
871 594 59 33 bör
953 594 149 42 givetvis
1126 594 75 34 från
1226 595 123 42 början
1372 596 52 33 stå
1448 596 108 33 under
1579 596 118 42 tillsyn
1722 608 44 22 av

275 636 169 40 kanslern,
474 649 77 21 som
580 637 216 34 beträffande
824 638 108 33 denna
963 639 204 33 läroanstalt
1197 640 62 32 bör
1288 642 64 38 äga
1379 640 11 33 i
1419 640 183 33 huvudsak
1632 652 134 21 samma

276 680 243 43 befogenheter
536 693 74 22 som
628 682 9 33 i
657 682 95 42 fråga
771 695 57 21 om
846 683 42 33 de
905 683 204 33 nuvarande
1126 684 211 33 medicinska
1355 684 205 33 lärosätena.
1579 685 71 32 Det
1667 685 98 33 torde

276 725 172 33 dessutom
469 737 81 22 vara
571 726 158 42 lämpligt
750 731 53 29 att
825 727 52 32 till
899 739 41 21 en
961 727 120 41 början
1103 727 152 34 anförtro
1276 728 157 33 kanslern
1454 728 90 34 vissa
1564 729 200 41 ytterligare

276 768 244 43 befogenheter
541 770 10 33 i
574 770 122 42 frågor,
718 783 75 21 som
814 770 115 34 fordra
949 772 144 33 särskild
1115 772 234 42 sakkunskap.

322 812 80 34 Den
438 814 224 33 omedelbara
698 814 186 42 ledningen
922 827 45 21 av
1001 815 193 42 högskolan
1219 816 111 33 under
1354 816 286 43 uppbyggnaden
1664 818 100 33 torde

276 857 188 43 lämpligen
492 860 11 33 i
531 859 152 42 enlighet
711 861 80 35 med
820 861 487 41 organisationskommitténs
1337 875 44 20 av
1408 863 164 33 kanslern
1601 863 163 34 biträdda

275 902 128 45 förslag
426 905 85 33 böra
535 905 190 34 ankomma
747 907 45 41 på
815 906 226 40 kommittén,
1064 907 117 34 vilken
1204 907 125 34 därvid
1352 908 63 33 bör
1437 908 132 34 erhålla
1590 921 42 21 en
1655 909 110 33 sådan

275 950 333 42 sammansättning,
626 955 55 29 att
701 952 68 32 den
787 951 215 34 medicinska
1022 952 273 42 sakkunskapen
1313 953 66 34 blir
1396 953 159 35 starkare
1572 953 192 35 företrädd.

275 992 74 35 Det
367 995 101 33 torde
486 995 36 33 få
541 996 190 33 ankomma
748 997 46 41 på
813 996 131 42 Kungl.
962 996 112 42 Maj:t
1091 1002 55 29 att
1164 998 138 33 besluta
1320 998 134 34 härom.

317 1038 481 43 Organisationskommittén
818 1042 99 33 torde
936 1042 11 33 i
968 1042 64 34 allt
1051 1043 190 42 väsentligt
1261 1043 85 34 böra
1364 1043 131 34 erhålla
1514 1044 44 34 de
1576 1044 189 42 uppgifter,

274 1095 76 21 som
368 1097 45 20 av
430 1084 216 35 kommittén
665 1085 164 42 angivits,
848 1087 90 33 dock
956 1088 81 33 med
1057 1088 42 34 de
1117 1088 285 43 begränsningar,
1421 1101 76 21 som
1513 1089 163 34 kanslern
1696 1089 67 34 för-

274 1128 113 36 ordat.
403 1129 67 42 Jag
486 1130 97 34 delar
600 1130 147 34 sålunda
763 1131 180 35 kanslerns
960 1132 243 43 uppfattning,
1220 1138 56 29 att
1292 1134 471 43 organisationskommittén

274 1171 76 37 icke
375 1173 190 43 lämpligen
591 1175 62 34 bör
679 1175 174 35 anförtros
879 1177 306 43 handläggningen
1212 1191 46 21 av
1292 1179 384 42 befordringsärenden,
1701 1181 64 33 där

274 1217 68 36 den
368 1219 267 44 vetenskapliga
660 1220 253 43 skickligheten
939 1223 88 32 skall
1053 1235 85 21 vara
1163 1224 346 42 befordringsgrund,
1535 1225 103 33 alltså
1664 1229 98 30 ären-

274 1263 68 35 den
366 1265 148 34 rörande
539 1265 213 44 tillsättning
783 1279 46 21 av
850 1267 214 42 professorer
1088 1269 65 33 och
1176 1269 353 43 befattningshavare
1553 1271 11 33 i
1588 1272 67 33 den
1679 1284 27 21 s.
1728 1272 35 33 k.

273 1309 330 43 laboratorsgraden
641 1317 94 28 samt
772 1325 57 21 om
865 1313 237 35 förordnande
1126 1327 45 21 av
1196 1315 241 41 speciallärare
1462 1316 66 33 och
1553 1317 209 33 biträdande

273 1355 122 36 lärare.
417 1356 320 43 Handläggningen
759 1371 46 21 av
827 1358 99 35 dessa
949 1360 154 34 ärenden
1125 1372 102 30 synes
1250 1361 11 33 i
1284 1361 129 40 stället,
1434 1363 47 40 på
1504 1365 74 31 sätt
1599 1363 163 33 kanslern

273 1399 197 44 ifrågasatt,
510 1402 188 42 lämpligen
745 1403 85 34 böra
868 1404 191 34 ankomma
1085 1406 46 41 på
1156 1405 203 35 karolinska
1385 1407 182 34 institutet
1593 1408 64 33 och
1685 1409 76 33 dess

270 1448 290 42 lärarkollegium,
589 1449 88 33 intill
707 1449 77 34 dess
814 1455 54 28 att
897 1450 65 34 den
993 1463 71 30 nya
1092 1451 207 42 högskolans
1328 1453 275 42 lärarkollegium
1631 1457 90 30 trätt
1749 1454 10 33 i

272 1489 165 36 funktion
458 1493 65 33 och
543 1492 71 34 kan
634 1497 168 38 övertaga
821 1493 269 43 ifrågavarande
1109 1495 190 43 uppgifter.
1317 1496 67 43 Jag
1403 1498 104 41 utgår
1527 1497 91 34 ifrån
1638 1503 55 28 att
1711 1511 50 21 er-

271 1537 198 43 sättningar
492 1539 54 32 till
565 1538 221 43 sakkunniga
804 1540 10 33 i
834 1540 372 42 befordringsärenden
1225 1542 148 34 rörande
1392 1543 68 33 den
1478 1556 72 30 nya
1567 1544 193 42 högskolan

271 1582 98 35 skola
393 1583 123 34 kunna
542 1584 172 35 bestridas
740 1598 42 21 ur
806 1586 307 42 förslagsanslaget
1138 1588 52 33 till
1218 1588 198 43 ersättning
1440 1589 38 33 åt
1504 1589 221 43 sakkunniga
1749 1591 10 33 i

271 1627 373 44 befordringsärenden
675 1631 60 34 vid
767 1632 252 34 universiteten
1050 1645 46 21 m.
1127 1646 46 21 m.
1203 1633 69 34 För
1301 1634 121 42 övriga
1451 1635 203 40 kostnader,
1684 1648 74 21 som

269 1673 121 36 kunna
413 1675 220 42 uppkomma
655 1677 9 33 i
688 1677 171 34 samband
889 1679 79 33 med
992 1679 100 33 dessa
1114 1679 398 43 tillsättningsärenden,
1534 1682 101 32 torde
1658 1681 100 34 karo-

269 1719 114 35 linska
401 1721 183 34 institutet
603 1722 84 34 böra
706 1722 131 34 erhålla
856 1724 197 43 ersättning
1071 1737 45 21 av
1135 1725 124 40 medel,
1277 1738 76 21 som
1372 1726 120 34 ställas
1511 1727 53 33 till
1584 1728 173 42 organisa-

269 1765 327 37 tionskommitténs
619 1767 217 42 förfogande.

311 1812 66 43 Jag
396 1813 132 33 erinrar
545 1826 59 21 om
623 1818 54 29 att
694 1814 61 43 jag
773 1815 10 33 i
802 1815 60 33 det
880 1815 209 42 föregående
1107 1816 170 41 förordat,
1296 1822 55 29 att
1370 1818 94 34 vissa
1482 1819 170 34 särskilda
1671 1832 87 30 upp-

267 1857 104 42 gifter
393 1879 46 5 —
468 1860 11 32 i
504 1860 90 41 regel
619 1860 172 34 avseende
815 1861 145 34 fortsatt
987 1862 188 43 utredning
1199 1876 46 20 av
1269 1864 92 33 vissa
1385 1865 171 41 spörsmål
1578 1886 46 4 —
1646 1866 111 34 skulle

267 1903 190 35 ankomma
486 1906 46 41 på
559 1905 481 42 organisationskommittén.
1067 1909 73 33 Det
1166 1909 63 33 bör
1256 1909 120 35 vidare
1402 1911 114 42 åligga
1542 1911 214 35 kommittén

267 1953 56 29 att
343 1949 165 34 utarbeta
527 1949 130 44 förslag
675 1951 53 33 till
748 1952 143 41 stadgar
909 1952 54 34 för
982 1953 69 33 den
1070 1953 215 35 medicinska
1304 1954 194 43 högskolan
1518 1962 93 28 samt
1630 1962 55 28 att
1703 1958 52 33 år-

266 1991 92 44 ligen
381 1994 53 33 till
458 1994 166 34 kanslern
647 1995 118 42 ingiva
789 1996 129 44 förslag
942 1997 53 34 till
1021 1998 320 43 anslagsäskanden
1365 2000 54 34 för
1442 2002 218 33 densamma.
1683 2002 74 34 Det

267 2049 101 30 synes
386 2039 174 42 lämpligt,
579 2044 54 30 att
649 2040 214 35 kommittén
879 2042 231 42 bemyndigas
1127 2048 55 29 att
1198 2044 53 33 till
1268 2049 53 30 ett
1337 2045 141 34 särskilt
1495 2046 261 34 arbetsutskott

267 2083 158 42 delegera
444 2084 329 35 beslutanderätten
792 2087 9 32 i
821 2087 151 34 ärenden
991 2100 47 21 av
1055 2088 150 42 löpande
1223 2094 118 35 natur,
1359 2091 142 33 särskilt
1519 2091 143 40 sådana,
1680 2104 76 22 som

266 2126 118 36 fordra
403 2134 53 29 ett
475 2129 132 34 snabbt
626 2131 211 40 avgörande.

307 2173 67 43 Jag
388 2173 64 34 har
468 2174 150 42 tidigare
633 2176 9 33 i
659 2175 93 34 olika
767 2177 257 43 sammanhang
1038 2178 169 41 förordat,
1226 2184 56 29 att
1297 2180 92 34 vissa
1404 2180 193 35 kostnader
1612 2182 58 34 vid
1687 2183 67 34 den

265 2219 216 35 medicinska
506 2219 205 43 högskolan,
735 2222 107 34 bland
868 2228 110 29 annat
1002 2225 10 32 i
1037 2224 98 42 fråga
1159 2237 58 21 om
1242 2225 207 35 biblioteket
1474 2227 64 33 och
1564 2228 190 43 handlägg-

264 2264 129 43 ningen
416 2278 45 21 av
485 2265 93 35 vissa
602 2266 383 44 befordringsärenden,
1008 2269 111 35 skulle
1141 2270 70 35 tills
1241 2271 121 35 vidare
1383 2272 37 34 få
1442 2273 172 35 bestridas
1638 2287 40 21 ur
1700 2280 54 29 ett

265 2311 136 34 särskilt
432 2312 118 42 anslag
580 2313 52 33 till
665 2314 481 41 organisationskommitténs
1177 2316 211 42 förfogande.
1431 2318 226 35 Kommittén
1689 2320 64 35 har

263 2356 11 33 i
296 2356 127 34 sådant
443 2356 200 36 hänseende
663 2357 158 36 förordat
841 2363 53 29 ett
915 2360 267 43 anslagsbelopp
1203 2374 46 20 av
1272 2365 64 30 100
1348 2366 65 30 000
1432 2363 131 34 kronor
1582 2365 65 33 och
1673 2366 79 33 där-

263 2401 61 35 vid
345 2401 184 41 förutsatt,
551 2408 56 29 att
628 2416 40 21 ur
689 2403 269 43 ifrågavarande
980 2406 122 43 anslag
1123 2410 89 31 även
1234 2407 111 34 skulle
1366 2408 173 35 bestridas
1561 2410 192 34 kostnader

263 2445 54 36 för
335 2447 67 35 den
422 2447 187 35 definitiva
631 2448 263 44 utformningen
912 2464 45 21 av
974 2452 43 33 de
1035 2452 188 42 planerade
1240 2453 314 43 nybyggnaderna,
1572 2455 54 34 för
1642 2456 110 34 vilket
