1874 2830
309 158 42 30 50
797 163 231 29 Statsutskottets
1050 167 148 27 utlåtande
1220 168 47 27 Nr
1290 170 29 27 5.

361 224 86 42 96:0)
490 227 133 40 Bidrag
666 228 57 31 till
758 229 132 32 driften
927 239 45 23 av
1009 232 315 40 epidemisjukhus.
1395 233 81 32 Med
1503 235 239 41 tillstyrkande
1770 249 42 19 av

312 275 101 31 bifall
438 276 54 31 till
516 276 126 42 Kungl.
670 277 118 42 Maj:ts
816 279 129 42 förslag
975 280 121 41 (punkt
1124 283 68 36 118,
1221 283 62 31 sid.
1313 284 88 40 224),
1428 285 106 31 vilket
1559 285 12 31 i
1598 286 214 33 förhållande

312 326 55 30 till
389 326 58 31 det
468 327 52 31 för
541 328 227 32 innevarande
790 329 169 42 budgetår
980 332 160 31 anvisade
1163 333 153 42 anslaget
1338 335 143 31 innebär
1503 347 41 20 en
1567 336 145 42 höjning
1735 339 77 31 med

311 377 116 36 20,000
450 377 132 38 kronor,
607 379 196 32 hemställer
828 381 176 38 utskottet,

606 458 50 28 att
683 456 181 42 riksdagen
892 461 54 28 må
973 459 53 30 till
1053 459 128 41 Bidrag
1209 461 53 31 till
1290 462 129 40 driften
1447 473 41 21 av
1516 464 295 40 epidemisjukhus

563 506 55 30 för
645 506 202 42 budgetåret
878 509 175 41 1937/1938
1083 511 118 31 anvisa
1231 514 48 29 ett
1309 513 267 42 förslagsanslag
1606 526 40 19 av
1676 515 136 38 950,000

562 556 134 32 kronor.

359 665 85 41 I7:0)
477 667 133 40 Bidrag
642 668 58 32 till
732 670 216 40 uppförande
980 681 44 22 m.
1047 681 44 22 m.
1126 681 45 23 av
1192 673 79 32 hem
1293 674 55 32 för
1370 675 166 32 kroniskt
1558 676 117 40 sjuka.
1727 678 82 31 Med

309 716 240 41 tillstyrkande
571 729 41 20 av
632 718 99 32 bifall
752 720 54 30 till
826 719 127 43 Kungl.
976 721 118 41 Maj:ts
1117 723 129 41 förslag
1271 723 122 42 (punkt
1415 726 68 37 119,
1507 726 62 31 sid.
1592 727 88 41 225),
1704 728 107 32 vilket

309 766 12 31 i
342 766 214 33 förhållande
577 769 54 30 till
652 769 58 31 det
731 770 52 30 för
803 770 229 33 innevarande
1054 772 167 42 budgetår
1242 775 162 31 anvisade
1425 776 153 41 anslaget
1600 778 143 31 innebär
1766 790 43 20 en

308 817 147 41 höjning
478 819 76 30 med
579 819 134 37 220,000
737 820 134 39 kronor,
897 822 197 32 hemställer
1119 824 175 38 utskottet,

602 899 50 29 att
672 897 181 42 riksdagen
872 901 55 29 må
945 900 54 31 till
1018 900 129 41 Bidrag
1166 902 54 30 till
1239 903 214 40 uppförande
1474 915 41 20 m.
1536 916 41 19 m.
1598 916 41 20 av
1659 907 77 31 hem
1754 908 56 39 för

560 947 156 32 kroniskt
736 949 99 39 sjuka
857 950 54 31 för
932 950 202 42 budgetåret
1158 952 176 42 1937/1938
1357 955 118 31 anvisa
1498 958 48 28 ett
1568 958 241 32 reservations-

560 998 119 41 anslag
698 1010 39 20 av
756 1000 136 37 370,000
912 1001 133 32 kronor.

352 1106 86 41 98:0)
460 1108 133 41 Bidrag
625 1110 58 32 till
712 1111 131 32 driften
866 1121 45 23 av
932 1113 80 32 hem
1034 1114 54 31 för
1110 1114 167 34 kroniskt
1298 1117 112 40 sjuka.
1456 1117 82 31 Med
1561 1118 245 41 tillstyrkande

298 1167 41 20 av
372 1157 97 31 bifall
491 1158 53 31 till
566 1158 127 42 Kungl.
717 1160 116 41 Maj:ts
857 1161 128 43 förslag
1006 1162 120 43 (punkt
1151 1165 68 38 120,
1244 1165 64 32 sid.
1322 1166 82 41 226),
1426 1167 106 31 vilket
1554 1168 10 30 i
1588 1168 217 33 förhållande

298 1206 54 31 till
374 1207 60 31 det
456 1208 52 31 för
529 1209 229 33 innevarande
781 1211 170 42 budgetår
973 1214 161 32 anvisade
1157 1215 154 42 anslaget
1333 1216 144 32 innebär
1501 1229 40 20 en
1562 1218 144 42 höjning
1721 1220 80 31 med

300 1257 136 38 150,000
458 1258 135 39 kronor,
616 1260 200 32 hemställer
838 1262 179 39 utskottet,

621 1337 50 29 att
692 1335 183 42 riksdagen
899 1340 55 29 må
976 1338 52 31 till
1050 1339 131 40 Bidrag
1204 1340 52 31 till
1278 1341 125 40 driften
1428 1353 40 21 av
1490 1343 68 31 hem
1573 1343 60 41 för
1654 1346 147 31 kroniskt

566 1385 96 40 sjuka
695 1386 52 31 för
779 1387 205 41 budgetåret
1018 1389 178 39 1937/1938
1230 1391 119 32 anvisa
1383 1394 49 29 ett
1461 1393 267 43 förslagsanslag
1761 1407 42 20 av

569 1436 167 38 1,030,000
757 1437 136 32 kronor.

349 1534 85 42 99:0)
457 1537 133 40 Bidrag
622 1538 58 32 till
713 1539 130 32 driften
876 1549 46 23 av
944 1540 278 34 Welanderhem.
1268 1542 82 32 Med
1373 1543 241 42 tillstyrkande
1637 1557 41 20 av
1699 1546 98 32 bifall

295 1585 54 31 till
383 1585 126 43 Kungl.
533 1587 117 41 Maj:ts
680 1589 127 41 förslag
829 1590 122 40 (punkt
975 1592 67 36 121,
1068 1591 62 32 sid.
1155 1593 61 30 226
1243 1593 64 31 och
1331 1593 72 42 227)
1426 1595 63 31 och
1513 1595 109 32 under
1644 1597 158 32 framhål-

293 1635 104 32 lande
421 1647 40 20 av
483 1639 49 29 att
554 1638 232 42 beräkningen
809 1651 41 20 av
873 1641 280 32 medelsbehovet
1168 1644 308 32 överensstämmer
1491 1646 78 31 med
1585 1646 42 32 de
1643 1647 58 31 vid
1717 1648 83 32 1936

293 1687 55 30 års
371 1686 140 42 riksdag
532 1688 181 32 beslutade
736 1690 203 41 grunderna,
963 1691 199 32 hemställer
1185 1694 178 39 utskottet,

621 1766 51 30 att
703 1765 182 42 riksdagen
919 1769 55 29 må
1006 1767 53 32 till
1089 1768 129 41 Bidrag
1252 1769 50 31 till
1328 1770 124 40 driften
1483 1783 40 20 av
1556 1772 242 34 Welanderhem

563 1814 54 32 för
649 1815 203 42 budgetåret
887 1818 179 39 1937/1938
1099 1819 118 31 anvisa
1251 1822 48 29 ett
1332 1821 267 43 förslagsanslag
1621 1835 41 20 av
1684 1824 117 38 35,000

566 1865 135 32 kronor.

350 1964 105 42 100:0)
477 1966 132 41 Bidrag
631 1968 57 31 till
703 1969 329 33 vanföreanstalter.
1071 1970 83 31 Med
1169 1971 239 41 tillstyrkande
1425 1984 40 20 av
1480 1973 96 32 bifall
1593 1974 53 31 till
1666 1974 130 42 Kungl.

291 2013 119 42 Maj:ts
443 2015 128 42 förslag
593 2017 121 40 (punkt
738 2018 67 36 122,
830 2018 64 31 sid.
919 2019 176 41 227—231)
1120 2021 64 31 och
1207 2022 109 31 under
1337 2022 247 33 framhållande
1607 2036 41 19 av
1671 2027 50 29 att
1743 2025 54 32 be-

290 2064 190 42 räkningen
513 2077 40 20 av
584 2067 281 33 medelsbehovet
897 2071 307 32 överensstämmer
1226 2072 78 32 med
1327 2073 43 31 de
1392 2073 57 32 vid
1475 2075 79 31 1936
1578 2076 55 30 års
1656 2075 139 43 riksdag

290 2114 183 33 beslutade
495 2117 203 40 grunderna,
723 2118 199 33 hemställer
945 2121 178 38 utskottet,

618 2195 50 29 att
689 2193 183 43 riksdagen
895 2198 55 29 må
972 2196 53 32 till
1047 2197 129 40 Bidrag
1201 2198 50 31 till
1273 2199 287 40 vanföreanstalter
1581 2201 53 32 för
1655 2202 141 41 budget-

561 2244 73 30 året
658 2244 178 34 1937/1938
859 2246 118 31 anvisa
1000 2248 49 30 ett
1071 2248 267 43 förslagsanslag
1363 2261 41 20 av
1429 2251 164 37 1,450,000
1615 2252 137 31 kronor.

350 2351 104 42 101:0)
486 2353 134 42 Bidrag
652 2355 57 32 till
741 2364 97 24 resor
868 2356 57 32 för
946 2358 148 32 vanföra
1111 2358 110 41 jämte
1243 2360 161 33 vårdare.
1450 2361 81 31 Med
1554 2361 242 42 tillstyrkande

289 2412 41 20 av
352 2401 98 32 bifall
472 2403 53 31 till
548 2403 127 42 Kungl.
699 2404 116 42 Maj:ts
838 2405 129 42 förslag
988 2406 120 42 (punkt
1133 2409 68 38 123,
1225 2409 64 32 sid.
1313 2410 81 41 231),
1419 2411 105 31 vilket
1545 2411 12 31 i
1580 2411 216 33 förhållande
