2224 2630
730 177 251 35 Statsutskottets
1010 175 168 33 Utlåtande
1203 174 60 33 N:o
1290 174 51 32 90.
1789 170 20 31 3

379 260 62 36 Nu
470 259 67 37 har
564 255 418 50 landtbruksstyrelsen
1009 253 13 36 i
1049 253 243 48 underdånig
1311 251 201 38 skrifvelse
1533 251 74 36 den
1627 252 47 35 29
1696 263 155 24 novem-
1887 273 15 23 7
1912 273 154 23 andibruks-

251 313 68 36 ber
363 313 96 35 1906
502 311 105 49 gjort
640 307 286 48 framställning
955 319 61 24 om
1044 305 228 49 ytterligare
1300 303 166 50 höjning
1495 304 41 35 af
1559 301 294 50 ifrågavarande
1871 308 126 46 styrelsen
2027 308 49 23 den

254 364 103 37 fond.
405 363 143 37 Därvid
567 363 69 36 har
656 361 188 49 styrelsen
868 358 254 37 öfverlämnat
1140 370 49 23 en
1203 357 86 36 från
1304 356 141 48 Kungl.
1462 355 128 49 Maj:ts
1605 354 248 49 befallnings-
1879 344 35 23 29
1932 343 133 60 november

254 416 192 37 hafvande
474 415 12 35 i
515 414 218 48 Göteborgs
761 412 72 36 och
859 410 131 37 Bohus
1017 410 64 35 län
1108 409 59 36 till
1195 408 186 49 styrelsen
1401 407 220 36 inkommen
1641 406 213 47 skrifvelse,

252 468 155 36 hvaruti
453 466 224 47 meddelats,
707 469 56 32 att
804 462 122 48 enligt
966 460 235 37 verkställda
1242 459 335 48 undersökningar
1618 458 65 37 det
1724 463 130 44 syntes

253 521 131 35 kunna
412 518 202 47 beräknas,
644 522 56 31 att
729 516 59 36 för
814 512 305 50 tillgodoseende
1148 512 41 36 af
1214 512 181 36 behofvet
1422 511 105 36 inom
1550 511 106 36 länet
1683 510 85 36 utaf
1791 510 64 36 lån

254 573 83 35 från
367 570 159 38 berörda
554 569 92 37 fond
676 565 240 40 erfordrades
944 565 60 36 för
1032 567 90 34 åren
1153 565 97 35 1907
1281 564 70 36 och
1382 564 97 35 1908
1508 562 117 36 minst
1653 562 202 47 1,200,000

254 624 153 45 kronor,
436 621 111 37 däraf
572 620 149 38 hälften
750 617 117 39 borde
894 630 92 23 vara
1013 616 216 50 disponibel
1258 615 120 36 under
1405 613 260 38 innevarande
1694 616 51 34 år.
1798 613 58 36 Då

255 675 59 37 till
354 672 187 39 täckande
583 673 41 36 af
662 672 105 36 detta
799 669 121 37 behof
944 668 117 37 borde
1089 668 137 37 främst
1255 666 195 37 användas
1478 666 73 37 den
1581 665 110 37 andel
1720 665 39 37 af
1784 665 73 37 den

255 726 220 38 nuvarande
503 725 152 47 fonden,
685 736 81 24 som
794 734 92 24 vore
915 719 212 50 disponibel
1156 719 71 37 och
1255 719 128 36 kunde
1411 718 165 36 tilldelas
1600 718 116 46 länet,
1737 717 121 37 skulle

256 780 74 35 den
358 777 146 49 ökning
533 777 41 36 af
598 776 155 46 fonden,
783 787 81 23 som
894 771 241 38 erfordrades
1162 771 60 37 för
1250 771 114 47 länet,
1394 775 156 44 utgöras
1579 769 40 37 af
1644 769 214 37 skillnaden

256 830 139 37 mellan
425 829 119 49 sagda
572 827 111 37 andel
712 826 72 37 och
812 825 64 36 det
904 823 157 50 angifna
1089 822 279 37 lånebehofvet.

385 878 440 50 Landtbruksstyrelsen
852 877 70 35 har
950 876 186 36 beräknat
1164 887 174 24 summan
1367 873 40 37 af
1432 874 73 36 den
1534 872 222 37 nuvarande
1774 872 84 37 fon-

258 934 94 37 dens
380 932 180 49 samtliga
588 930 216 50 disponibla
831 928 126 37 medel
985 928 59 35 för
1072 930 41 33 år
1142 928 97 34 1907
1271 925 59 37 till
1357 927 166 46 481,436
1549 925 143 35 kronor
1713 926 45 34 87
1781 929 77 41 öre,

259 986 110 36 däraf
384 984 234 47 statsanslag
639 982 171 47 250,000
830 980 152 46 kronor,
1002 978 210 50 inflytande
1233 977 278 48 amorteringar
1532 978 165 45 219,436
1718 976 142 36 kronor

259 1039 46 35 87
336 1042 64 32 öre
428 1041 98 32 samt
553 1033 212 51 inflytande
793 1037 131 32 räntor
952 1031 179 47 omkring
1161 1031 138 46 12,000
1328 1029 152 37 kronor.
1538 1028 56 36 Då
1623 1029 48 35 80
1700 1032 160 45 procent

259 1090 41 36 af
339 1088 166 37 nämnda
545 1088 246 36 totalsumma
831 1083 180 50 utgjorde
1052 1082 166 49 ungefär
1246 1082 165 46 385,000
1439 1081 153 47 kronor,
1622 1080 240 37 erfordrades

258 1141 117 36 minst
400 1141 165 47 200,000
585 1139 143 36 kronor
746 1136 225 50 ytterligare
991 1135 58 36 för
1070 1139 57 32 att
1145 1134 131 36 kunna
1293 1133 277 36 tillfredsställa
1592 1131 269 37 lånebehofvet

259 1193 60 36 för
356 1195 40 34 år
427 1193 95 35 1907
553 1191 104 36 inom
686 1188 221 48 Göteborgs
936 1187 72 36 och
1035 1186 129 36 Bohus
1191 1186 75 35 län.
1320 1185 136 36 Denna
1483 1184 216 48 beräkning
1728 1188 135 44 syntes

258 1242 418 49 landtbruksstyrelsen
704 1240 83 37 icke
815 1252 90 23 vara
933 1239 59 36 för
1019 1238 79 48 hög
1127 1237 86 36 med
1241 1237 162 48 hänsyn,
1432 1235 116 37 bland
1577 1240 128 42 annat,
1734 1235 127 36 därtill

261 1301 55 31 att
343 1296 65 35 vid
436 1292 364 49 ansökningstidens
828 1293 152 46 utgång
1008 1289 59 37 för
1098 1290 97 35 1906
1226 1291 60 33 års
1314 1288 63 36 lån
1404 1288 103 36 inom
1537 1287 104 36 detta
1668 1287 65 36 län
1761 1287 100 36 varit

258 1346 149 50 ingifna
437 1347 72 35 256
540 1344 260 48 ansökningar
827 1355 61 23 om
917 1341 63 37 lån
1008 1341 58 36 till
1092 1339 282 49 sammanlagdt
1393 1339 138 50 belopp
1553 1339 40 36 af
1609 1339 84 36 icke
1714 1338 148 36 mindre

259 1404 48 32 än
337 1399 164 47 877,300
530 1397 153 36 kronor.

386 1448 243 38 Beträffande
668 1446 271 38 lånebehofvet
976 1444 103 37 inom
1117 1443 125 49 öfriga
1278 1443 103 36 delar
1411 1443 40 36 af
1474 1442 101 36 riket
1602 1442 59 37 för
1689 1444 40 34 år
1759 1443 98 35 1907

257 1503 70 36 har
367 1499 418 50 landtbruksstyrelsen
828 1501 126 33 ansett
996 1496 103 37 detta
1135 1495 85 37 icke
1252 1495 130 36 kunna
1408 1494 188 37 beräknas
1624 1494 58 36 till
1711 1493 148 37 mindre

259 1555 151 48 belopp,
458 1558 48 32 än
548 1566 81 23 som
661 1550 66 37 vid
754 1550 106 36 tiden
887 1549 60 36 för
976 1547 206 38 aflåtandet
1210 1547 42 36 af
1276 1546 207 50 styrelsens
1512 1546 200 37 skrifvelse
1740 1545 118 37 redan

258 1606 119 48 tagits
417 1606 12 36 i
463 1604 166 49 anspråk
663 1603 61 37 för
753 1604 41 34 år
824 1602 98 36 1906
953 1600 89 37 eller
1072 1600 164 46 135,820
1264 1598 150 37 kronor.
1470 1598 57 36 Då
1557 1600 47 34 20
1633 1602 160 45 procent
1821 1597 42 36 af

258 1656 221 38 förberörda
517 1657 40 35 af
595 1654 189 50 styrelsen
824 1651 219 38 beräknade
1085 1650 215 49 disponibla
1327 1650 244 36 totalsumma
1598 1650 61 36 för
1688 1652 40 33 år
1759 1649 96 36 1907

257 1708 179 50 utgjorde
478 1707 180 48 omkring
701 1706 140 46 96,000
870 1704 152 46 kronor,
1052 1702 121 37 skulle
1202 1702 109 36 alltså
1338 1702 59 35 för
1425 1702 109 35 dessa
1562 1701 105 36 delar
1696 1701 41 35 af
1760 1700 98 36 riket

260 1765 55 32 ett
342 1760 138 48 belopp
510 1759 40 36 af
570 1756 227 51 ytterligare
818 1755 180 48 omkring
1018 1755 138 46 40,000
1177 1753 142 36 kronor
1337 1752 165 37 behöfva
1520 1752 164 37 tillföras
1704 1752 153 36 fonden.

258 1811 175 49 Tillhopa
462 1810 120 37 skulle
613 1810 107 35 alltså
748 1808 61 36 för
836 1807 98 36 båda
961 1806 201 36 kretsarna
1190 1804 153 37 utöfver
1371 1803 247 49 tillgängliga
1647 1803 124 36 medel
1800 1803 59 36 för

259 1867 40 33 år
330 1865 95 35 1907
457 1861 189 38 erfordras
676 1865 55 31 ett
759 1859 140 49 belopp
929 1858 41 36 af
995 1857 181 49 omkring
1206 1857 163 43 250,000
1398 1856 152 36 kronor.

387 1915 16 36 I
445 1914 109 49 fråga
592 1926 62 24 om
683 1911 183 37 behofvet
894 1910 59 36 för
982 1912 41 33 år
1054 1910 97 36 1908
1180 1908 69 36 har
1275 1907 417 49 landtbruksstyrelsen
1721 1907 136 46 anfört,

259 1972 68 42 att,
362 1980 61 23 om
457 1966 105 36 detta
595 1964 120 37 behof
738 1962 239 37 beräknades
1005 1961 58 36 till
1093 1961 164 46 600,000
1285 1960 140 36 kronor
1452 1960 59 36 för
1540 1958 219 48 Göteborgs
1788 1958 70 36 och

258 2018 129 36 Bohus
415 2018 63 36 län
507 2022 98 31 samt
632 2015 60 36 till
722 2015 164 46 150,000
915 2013 140 36 kronor
1083 2012 59 36 för
1170 2011 125 48 öfriga
1322 2011 64 36 län
1415 2011 70 36 och
1513 2024 61 23 om
1602 2011 59 35 för
1689 2009 169 50 fyllande

260 2069 41 36 af
338 2070 103 35 detta
476 2067 120 37 behof
624 2064 240 39 beräknades
894 2064 214 36 annuiteter
1136 2063 86 35 från
1250 2062 262 36 förstnämnda
1539 2061 64 36 län
1631 2061 59 36 till
1718 2060 140 49 belopp

260 2121 40 35 af
337 2121 164 45 200,000
544 2119 142 35 kronor
728 2120 99 32 samt
855 2116 84 35 från
968 2114 124 48 öfriga
1124 2114 64 35 län
1215 2113 58 36 till
1302 2115 138 44 40,000
1469 2113 153 46 kronor,
1649 2112 123 36 skulle
1799 2112 60 35 för

260 2171 237 37 sistnämnda
529 2173 40 33 år
598 2170 57 35 för
683 2166 263 49 förstärkning
975 2166 41 36 af
1040 2165 142 37 fonden
1211 2164 190 37 erfordras
1428 2165 12 35 i
1468 2164 115 36 rundt
1612 2163 52 36 tal
1694 2164 164 46 500,000

261 2225 150 35 kronor.

388 2270 438 50 Landtbruksstyrelsen
864 2269 70 36 har
966 2268 129 37 vidare
1124 2268 75 36 fäst
1228 2267 389 50 uppmärksamheten
1647 2266 129 50 därpå,
1806 2271 54 31 att
