1907 2835
143 140 48 29 Nr
211 141 128 29 14—15
500 142 284 30 Statsutskottets
806 144 178 29 utlåtande
1003 153 43 19 nr
1066 145 40 28 14
1126 145 39 29 år
1186 145 82 29 1967
1613 151 13 28 1

821 444 51 35 Nr
901 445 49 35 14

366 545 183 32 Utlåtande
569 547 10 29 i
595 546 189 41 anledning
800 558 41 20 av
857 549 126 39 Kungl.
1001 549 124 40 Maj:ts
1145 550 10 29 i
1172 550 456 40 statsverkspropositionen

588 601 215 31 behandlade
818 603 56 39 för
888 603 88 39 flera
992 603 218 30 huvudtitlar
1225 613 260 30 gemensamma
1501 606 129 39 frågor.

1438 677 73 34 (85:e
1530 678 93 34 avd.)

188 778 13 29 I
223 779 264 38 propositionen
509 790 41 20 nr
575 781 14 29 1
619 780 130 40 (bilaga
771 782 35 34 2)
834 782 64 29 har
920 783 52 29 till
994 782 212 41 behandling
1228 784 177 40 upptagits
1428 785 64 30 här
1514 786 114 29 nedan

144 831 149 39 angivna
316 832 54 30 för
393 833 87 30 flera
502 833 218 31 huvudtitlar
744 841 260 32 gemensamma
1026 836 117 40 frågor
1172 838 52 33 (se
1247 838 382 40 statsrådsprotokollet

143 886 81 29 över
244 886 234 31 civilärenden
498 887 53 30 för
571 888 67 30 den
657 888 18 30 3
694 889 142 39 januari
858 889 115 35 1967).

188 976 253 35 Fördelningen
468 987 42 19 av
537 978 172 29 ärendena
736 979 126 29 mellan
889 980 286 35 departementen.
1204 982 14 29 I
1246 981 382 40 statsrådsprotokollet

150 1029 42 30 (s.
220 1030 14 28 1
259 1030 66 29 och
347 1030 36 35 2)
412 1030 120 31 anförs
556 1031 50 30 att
630 1030 124 41 frågan
777 1041 58 21 om
858 1033 135 30 ändrad
1015 1033 198 41 fördelning
1236 1044 42 20 av
1301 1035 176 30 ärendena
1500 1037 129 29 mellan

142 1082 94 31 vissa
258 1083 241 39 departement
522 1086 38 29 är
583 1085 111 30 under
716 1085 191 41 beredning
929 1088 65 29 och
1015 1087 126 31 väntas
1163 1088 183 31 föranleda
1368 1089 132 40 förslag
1522 1091 107 29 fram-

144 1136 103 32 deles,
276 1138 49 29 De
352 1137 148 31 berörda
528 1139 304 39 departementens
859 1148 87 32 egna
974 1142 253 39 anslagsbehov
1255 1152 99 21 avses
1382 1144 120 29 därför
1531 1145 98 29 skola

144 1191 234 31 underställas
398 1192 188 40 riksdagen
607 1202 121 21 senare
749 1194 110 30 under
878 1195 253 31 vårsessionen.

188 1281 73 29 Den
287 1282 175 29 allmänna
488 1283 185 30 lönenivån
699 1284 56 29 för
780 1285 259 30 statsanställda
1065 1296 43 19 m.
1135 1296 43 19 m.
1206 1287 13 29 I
1247 1287 382 40 statsrådsprotokolet

150 1335 43 33 (s,
211 1335 102 36 2—4)
335 1336 134 30 erinras
487 1337 110 29 under
615 1337 94 30 detta
727 1338 127 30 avsnitt
872 1339 44 30 bl.
934 1349 29 20 a.
982 1348 58 21 om
1056 1341 51 29 att
1124 1340 144 30 lönerna
1285 1341 55 29 för
1358 1341 151 30 flertalet
1528 1344 101 28 stats-

143 1388 217 39 tjänstemän
380 1391 66 29 och
466 1390 93 30 vissa
580 1391 110 30 andra
710 1392 216 39 tjänstemän
947 1394 12 28 i
979 1393 162 40 offentlig
1161 1395 224 30 verksamhet
1406 1404 147 22 numera
1573 1396 56 30 be-

145 1443 108 29 stäms
281 1443 88 30 efter
396 1443 267 40 förhandlingar
690 1445 129 30 mellan
847 1447 132 30 statens
1007 1448 196 29 avtalsverk
1231 1448 65 30 och
1323 1449 305 39 tjänstemännens

142 1495 411 41 huvudorganisationer.
573 1498 68 31 För
659 1499 84 30 åren
764 1499 215 31 1966-—1968
998 1501 65 30 har
1082 1502 142 30 träffats
1245 1511 43 21 en
1306 1503 323 30 ramöverenskom-

144 1550 107 29 melse
268 1560 58 21 om
345 1551 97 30 löner
460 1562 46 20 m.
526 1562 56 25 m.,
602 1552 241 32 innefattande
861 1554 94 30 vissa
974 1555 149 39 angivna
1141 1556 215 31 totalramar.
1376 1557 253 40 Förhandling-

144 1613 38 20 ar
199 1613 57 22 om
274 1605 200 41 fördelning
490 1616 42 20 av
549 1607 101 29 dessa
666 1616 118 21 ramar
801 1608 55 30 för
874 1608 38 30 år
932 1609 81 29 1967
1032 1609 45 39 på
1095 1610 171 38 generella
1283 1610 129 40 tillägg,
1431 1611 198 40 lönegrads-

144 1658 187 40 höjningar
350 1660 65 29 och
432 1660 361 40 anställningsvillkor
809 1662 12 30 i
838 1662 111 40 övrigt
966 1672 98 21 avses
1084 1664 99 30 skola
1201 1664 60 30 ske
1279 1665 112 30 under
1408 1665 106 30 våren
1535 1666 92 30 1967.

144 1712 49 30 På
216 1713 114 38 grund
352 1713 110 31 härav
484 1715 65 29 har
572 1715 53 29 till
649 1716 113 37 grund
786 1716 55 29 för
864 1716 239 40 beräkningen
1127 1727 42 20 av
1193 1718 279 40 anslagsmedlen
1496 1720 52 29 till
1573 1729 56 21 av-

144 1765 305 41 löningsanslagen
471 1769 66 28 och
556 1768 54 29 till
630 1769 184 38 pensioner
836 1770 111 30 under
967 1771 102 29 nästa
1088 1771 169 39 budgetår
1279 1772 87 39 lagts
1388 1773 41 29 de
1450 1773 94 29 löne-
1564 1774 65 29 och

144 1819 291 42 pensionsbelopp
458 1830 75 21 som
554 1821 106 40 enligt
680 1823 443 31 ramöverenskommelsen
1145 1825 82 39 gällt
1249 1825 42 30 fr.
1314 1835 29 22 o.
1366 1836 45 20 m.
1434 1827 66 29 den
1525 1827 14 29 1
1562 1827 66 40 juli

146 1873 94 30 1966.

187 1963 418 37 Lönegradsplaceringen
624 1966 56 29 för
697 1966 94 30 vissa
808 1967 146 35 tjänster
973 1977 42 20 m.
1035 1978 43 19 m.
1098 1968 116 30 Under
1234 1969 94 30 detta
1347 1970 130 31 avsnitt
1495 1971 133 30 erinras

144 2017 11 28 i
177 2017 382 40 statsrådsprotokollet
586 2020 42 33 (s.
651 2020 19 29 4
692 2020 65 30 och
778 2020 36 36 5)
841 2030 57 21 om
920 2021 159 39 gällande
1101 2023 151 38 grunder
1274 2023 54 30 för
1349 2024 216 40 prövningen
1588 2034 40 20 av

144 2070 124 39 frågan
288 2080 58 22 om
365 2072 168 40 tjänsters
555 2073 362 42 lönegradsplacering
937 2075 11 30 i
968 2075 94 31 olika
1082 2076 289 31 förekommande
1390 2079 127 39 typfall
1538 2081 91 28 samt

144 2133 58 21 om
222 2125 57 29 det
298 2125 279 41 bemyndigande
599 2136 74 21 som
694 2127 187 40 riksdagen
902 2129 133 30 lämnat
1056 2130 126 39 Kungl.
1204 2131 106 39 Maj:t
1331 2133 50 28 att
1401 2132 96 30 vidta
1517 2133 112 39 åtgär-

144 2178 60 30 der
228 2178 55 31 för
306 2179 288 38 genomförandet
618 2190 42 21 av
682 2181 357 32 överenskommelser
1063 2193 76 21 som
1162 2184 172 39 godkänts
1358 2195 42 20 av
1423 2186 205 39 riksdagens

143 2231 287 42 lönedelegation.

188 2322 349 35 Löneplansrevision
564 2333 42 20 m.
636 2334 43 19 m.
709 2324 13 29 I
752 2325 382 40 statsrådsprotokollet
1167 2327 43 34 (s.
1240 2328 35 35 5)
1309 2328 164 40 redogörs
1503 2330 55 29 för
1587 2339 42 20 en

144 2375 111 30 under
278 2376 81 30 1966
380 2377 206 38 genomförd
605 2378 150 29 revision
776 2388 42 20 av
837 2379 250 39 löneplanerna
1105 2381 28 29 A
1154 2381 64 29 och
1238 2382 26 29 B
1285 2384 90 27 samt
1396 2391 58 21 om
1474 2383 155 30 införan-

144 2429 42 30 de
209 2439 42 20 av
272 2430 58 30 två
353 2439 69 30 nya
445 2430 211 40 löneplaner,
681 2441 42 20 en
747 2432 162 40 löneplan
933 2434 24 29 C
981 2434 54 29 för
1059 2435 317 39 chefstjänstemän
1398 2437 65 29 och
1488 2446 42 20 en
1555 2447 74 30 spe-

144 2483 232 40 ciallöneplan
395 2485 29 30 U
445 2485 55 29 för
520 2485 150 39 tjänster
689 2485 98 30 inom
806 2487 447 40 undervisningsväsendet.

177 2558 16 24 1
230 2555 112 31 Bihang
355 2556 46 24 till
413 2556 170 31 riksdagens
593 2557 147 30 protokoll
753 2557 103 25 1967.6
867 2558 83 24 saml.
960 2558 41 25 Nr
1019 2562 103 23 14—15
