1860 2788
258 163 42 30 28
596 162 110 28 Andra
727 163 218 35 lagutskottets
969 165 162 28 utlåtande
1153 174 41 19 nr
1214 167 37 27 34
1274 167 36 27 år
1332 168 76 27 1955

314 241 109 30 Dessa
445 243 218 39 synpunkter
685 243 69 29 kan
776 245 90 29 dock
887 244 71 30 inte
978 245 36 30 få
1034 255 85 21 vara
1138 247 208 39 avgörande.
1380 247 137 40 Frågan
1539 258 57 21 om
1619 258 42 21 en
1683 249 62 29 all-

258 294 83 29 män
370 294 431 42 hastighetsbegränsning
829 297 111 30 måste
967 299 217 40 väsentligen
1212 300 165 31 bedömas
1407 301 81 30 från
1519 303 225 39 synpunkten

257 355 56 21 om
338 356 44 20 en
406 347 108 30 sådan
538 349 236 40 begränsning
797 351 73 29 kan
891 351 159 31 medföra
1074 362 43 20 en
1142 353 92 30 ökad
1258 353 285 32 trafiksäkerhet.

312 400 60 29 Att
396 400 54 30 för
473 401 68 40 hög
564 402 175 39 hastighet
764 404 39 29 är
827 413 43 20 en
894 405 171 40 väsentlig
1089 405 185 31 trafikrisk
1300 408 38 29 är
1364 408 206 39 uppenbart.
1605 408 139 30 Trafik-

258 453 417 41 säkerhetsutredningen
699 456 65 29 har
787 458 80 29 med
893 458 217 31 omfattande
1134 459 192 30 statistiskt
1350 461 161 30 material
1537 462 64 30 och
1629 462 115 30 siffer-

256 507 152 39 mässiga
430 507 237 40 beräkningar
690 510 78 29 sökt
790 510 122 39 belysa
933 511 45 30 bl.
1004 521 29 20 a.
1059 512 9 29 i
1093 513 67 29 vad
1185 513 84 29 mån
1292 513 69 40 hög
1385 514 176 40 hastighet
1586 516 70 29 kan
1683 524 59 20 an-

257 561 96 37 tagas
381 560 44 30 ha
452 562 204 29 medverkat
682 562 51 29 till
761 564 204 39 uppkomna
993 565 263 39 trafikolyckor.
1294 567 228 31 Beträffande
1551 569 41 29 de
1619 569 123 39 gjorda

255 613 353 40 undersökningarna
631 615 70 29 kan
723 617 194 30 emellertid
941 618 109 39 sägas,
1075 620 52 28 att
1150 620 40 29 de
1213 619 76 30 icke
1314 621 130 30 utvisat
1473 621 5 29 i
1501 623 67 29 vad
1592 622 84 30 mån
1699 624 42 29 de

255 665 55 29 för
333 666 89 39 höga
446 667 224 40 hastigheter,
694 678 75 20 som
795 671 203 29 medverkat
1023 672 52 28 till
1101 672 263 40 trafikolyckor,
1391 674 90 39 legat
1506 675 82 30 över
1613 675 41 30 80
1680 675 60 29 km

253 718 10 29 i
289 719 158 30 timmen.
486 720 75 30 Den
590 721 175 40 hastighet
791 732 77 20 som
896 724 57 30 vid
983 725 353 40 undersökningarna
1362 727 188 31 betecknas
1582 738 74 20 som
1686 729 56 29 för

254 771 68 40 hög
341 772 65 30 har
423 774 91 29 varit
533 775 96 29 detta
650 774 74 30 icke
743 776 11 29 i
776 776 221 31 förhållande
1019 778 52 29 till
1093 788 44 20 en
1157 778 50 30 fix
1229 779 301 40 hastighetsgräns
1551 784 88 27 utan
1659 783 81 28 med

253 824 139 40 hänsyn
416 826 53 29 till
494 828 346 39 omständigheterna
866 830 11 28 i
903 831 56 29 det
987 831 175 31 särskilda
1187 832 107 30 fallet.
1332 834 75 29 Den
1433 834 66 30 har
1525 837 81 29 med
1629 836 113 30 andra

253 878 63 30 ord
340 878 90 31 varit
454 888 44 21 en
521 880 78 30 icke
626 882 70 29 rätt
717 884 177 38 anpassad
917 884 189 39 hastighet.
1144 885 257 41 Kärnpunkten
1427 888 11 29 i
1466 888 275 40 hastighetspro-

250 931 129 30 blemet
399 933 48 33 är,
468 933 116 30 såsom
605 935 386 39 departementschefen
1011 938 128 30 uttalat
1157 957 44 3 —
1222 940 64 29 och
1307 940 171 31 utskottet
1499 943 40 28 är
1559 942 181 39 angeläget

250 986 52 27 att
328 985 146 40 kraftigt
501 988 235 39 understryka
763 990 96 29 detta
883 1007 45 3 —
953 1000 42 20 en
1023 991 100 40 fråga
1149 1001 56 20 om
1233 993 415 42 hastighetsanpassning
1673 995 65 31 och

250 1037 76 30 icke
350 1047 43 20 en
418 1039 98 39 fråga
540 1049 58 20 om
620 1041 441 42 hastighetsbegränsning.
1096 1046 66 29 Det
1187 1047 37 28 är
1249 1046 108 39 enligt
1382 1048 191 30 utskottets
1596 1049 143 39 mening

251 1091 41 29 de
316 1091 58 30 för
398 1092 88 39 höga
511 1093 263 40 hastigheterna
799 1096 58 30 vid
884 1096 92 40 dålig
1003 1098 79 34 sikt,
1116 1099 4 29 i
1148 1099 150 39 skymda
1322 1100 141 35 kurvor,
1490 1101 58 31 vid
1573 1102 166 40 vägkors-

250 1144 125 39 ningar
395 1146 65 29 och
481 1146 11 29 i
513 1147 168 30 liknande
703 1148 237 41 trafikfarliga
962 1150 206 31 situationer
1191 1161 74 20 som
1288 1153 111 30 måste
1422 1155 142 39 stävjas.
1600 1156 13 29 I
1637 1156 101 29 dessa

251 1197 62 29 fall
338 1199 38 28 är
399 1199 11 28 i
435 1199 194 31 allmänhet
653 1202 108 29 redan
785 1211 44 20 en
853 1203 176 40 hastighet
1054 1214 43 20 av
1123 1205 41 29 80
1190 1206 60 29 km
1276 1206 11 30 i
1314 1207 147 30 timmen
1487 1209 55 28 för
1568 1209 77 39 hög.
1684 1209 52 29 En

252 1251 177 40 sänkning
452 1262 43 20 av
519 1254 43 29 de
590 1254 89 39 höga
706 1255 263 40 hastigheterna
994 1257 11 29 i
1032 1258 112 40 övrigt
1172 1260 51 29 till
1252 1259 40 30 80
1322 1261 59 28 km
1410 1262 10 28 i
1448 1262 147 29 timmen
1624 1263 113 30 skulle

251 1303 54 30 för
325 1305 102 30 dessa
446 1305 61 30 fall
526 1307 78 29 icke
624 1307 11 29 i
656 1308 63 29 och
738 1309 56 29 för
816 1309 53 40 sig
886 1319 83 21 vara
988 1320 44 20 av
1050 1312 186 38 betydelse.

304 1360 73 30 Mot
395 1370 43 20 en
456 1362 91 39 regel
567 1371 56 21 om
643 1363 236 41 begränsning
895 1375 45 20 av
955 1365 223 40 hastigheten
1198 1367 52 29 till
1270 1377 42 20 en
1332 1367 50 30 fix
1401 1368 105 39 gräns
1527 1368 71 30 kan
1617 1369 119 29 vidare

249 1413 153 35 anföras,
425 1416 50 28 att
495 1416 118 38 regeln
636 1416 62 30 lätt
721 1417 112 30 skulle
856 1418 78 30 föra
954 1420 79 29 med
1057 1419 51 40 sig
1130 1429 42 20 en
1197 1420 246 41 felinriktning
1464 1431 43 21 av
1530 1422 207 30 trafiköver-

248 1466 209 40 vakningen.
491 1469 396 39 Departementschefen
909 1472 139 34 uttalar,
1069 1475 53 28 att
1145 1474 57 29 det
1222 1473 113 31 måste
1359 1483 101 22 anses
1483 1484 85 21 vara
1591 1486 41 20 av
1657 1484 78 30 syn-

248 1520 112 39 nerlig
388 1521 83 34 vikt,
504 1524 50 27 att
585 1532 44 20 en
658 1523 245 31 bestämmelse
934 1534 55 21 om
1020 1526 434 42 hastighetsbegränsning
1483 1528 252 40 kompletteras

248 1574 79 29 med
353 1583 43 20 en
424 1574 151 30 intensiv
602 1577 239 39 övervakning
867 1587 43 21 av
935 1579 57 29 det
1020 1580 78 33 sätt,
1127 1580 44 39 på
1198 1580 108 30 vilket
1333 1581 270 31 bestämmelsen
1632 1583 103 29 efter-

247 1626 101 30 leves.
383 1627 175 31 Eftersom
585 1629 198 30 kontrollen
807 1630 111 31 måste
943 1633 90 38 gälla
1058 1642 57 20 om
1141 1633 347 40 hastighetsgränsen
1513 1636 222 30 överskrides

247 1679 64 29 och
332 1679 42 30 då
395 1683 48 27 ett
463 1682 273 31 överskridande
758 1684 176 40 knappast
955 1686 38 29 är
1013 1688 50 28 att
1085 1687 163 29 förvänta
1268 1688 45 39 på
1333 1688 237 40 trafikfarliga
1592 1690 141 39 platser,

246 1732 109 39 ligger
373 1734 58 29 det
452 1734 10 29 i
485 1735 128 30 sakens
637 1738 105 28 natur
763 1738 50 29 att
835 1739 283 39 övervakningen
1141 1740 112 30 skulle
1277 1741 142 31 komma
1440 1743 53 29 att
1513 1742 151 30 inriktas
1688 1742 46 42 på

245 1786 90 38 goda
352 1787 108 38 vägar
477 1789 79 29 med
576 1789 65 29 rak
662 1791 213 39 sträckning.
906 1792 53 29 En
980 1792 109 30 sådan
1110 1793 349 42 trafikövervakning
1480 1797 38 29 är
1539 1796 193 30 emellertid

244 1838 108 40 enligt
374 1840 189 31 utskottets
585 1843 143 39 mening
750 1844 80 29 från
852 1845 476 41 trafiksäkerhetssynpunkt
1352 1848 166 40 tämligen
1541 1849 191 39 betydelse-

244 1894 60 30 lös.
343 1894 290 41 Övervakningen
659 1897 62 29 bör
746 1898 10 28 i
785 1897 115 30 stället
926 1898 149 30 inriktas
1102 1899 45 40 på
1172 1902 51 27 att
1248 1900 81 29 från
1355 1901 376 41 trafiksäkerhetssyn-

242 1947 152 39 punkter
412 1948 214 30 kontrollera
644 1949 161 30 förarnas
823 1951 227 30 individuella
1068 1952 136 30 körsätt
1221 1954 10 28 i
1251 1953 130 30 sådana
1400 1955 330 34 trafiksituationer,

244 2000 62 29 där
329 2000 143 31 förarna
495 2002 368 40 erfarenhetsmässigt
886 2004 126 30 brister
1035 2006 11 29 i
1070 2006 71 29 den
1165 2015 138 31 omsorg
1329 2008 64 29 och
1416 2009 211 34 varsamhet,
1655 2018 75 20 som

242 2053 52 29 till
320 2053 289 32 förekommande
634 2065 44 20 av
703 2056 236 40 trafikolycka
961 2058 161 40 betingas
1148 2069 43 20 av
1215 2060 356 39 omständigheterna.

296 2106 120 30 Såsom
446 2108 388 39 departementschefen
861 2110 195 31 framhållit
1085 2113 38 28 är
1151 2122 43 20 en
1224 2113 158 40 allvarlig
1410 2114 219 41 invändning
1657 2117 72 27 mot

242 2160 252 39 utredningens
520 2161 134 40 förslag
681 2163 115 34 också,
826 2165 51 28 att
905 2173 43 20 en
977 2165 132 30 allmän
1136 2166 432 42 hastighetsbegränsning
1596 2169 11 29 i
1636 2168 93 30 vissa

240 2212 225 31 hänseenden
491 2214 52 30 till
570 2215 65 29 och
662 2217 78 29 med
766 2217 71 29 kan
865 2217 107 40 skapa
1001 2227 68 30 nya
1095 2219 244 35 faromoment,
1368 2221 176 39 nämligen
1571 2223 58 30 vid
1657 2231 72 20 om-

240 2265 160 40 körning.
442 2266 408 42 Omkörningssträckan
880 2271 122 34 skule,
1033 2271 166 31 eftersom
1231 2273 56 29 det
1319 2274 214 30 omkörande
1565 2275 162 31 fordonet

239 2319 76 29 icke
343 2319 94 40 finge
466 2321 206 31 överskrida
699 2323 68 29 den
797 2323 201 31 fastställda
1026 2325 358 39 hastighetsgränsen,
1412 2328 12 29 i
1454 2328 194 31 allmänhet
1679 2329 47 29 bli

238 2373 186 39 väsentligt
446 2373 172 41 förlängd,
641 2375 64 30 och
727 2385 83 20 man
831 2376 112 30 måste
964 2378 113 30 räkna
1098 2380 80 29 med
1201 2380 50 28 att
1273 2381 57 29 det
1352 2381 108 29 redan
1482 2381 91 39 höga
1594 2382 132 29 antalet

240 2425 141 39 olyckor
412 2426 11 28 i
456 2428 169 30 samband
659 2430 78 29 med
771 2429 251 41 omkörningar
1055 2432 113 29 skulle
1198 2432 91 39 stiga
1320 2434 211 39 ytterligare.
1578 2435 148 30 Särskilt

240 2487 72 20 som
331 2479 421 41 omkörningsolyckorna
770 2483 10 29 i
797 2484 92 38 regel
908 2485 39 28 är
962 2494 43 20 av
1023 2485 159 40 allvarlig
1199 2488 104 27 natur
1322 2487 168 30 framstår
1508 2489 218 29 konsekven-
