1890 2856
520 165 103 27 Första
647 164 199 34 lagutskottets
868 163 152 28 utlåtande
1043 163 45 28 Nr
1111 166 48 32 14.
1548 162 36 30 19

97 239 80 38 siva,
196 239 109 32 därom
321 239 111 32 kunde
448 239 120 32 tvekan
586 238 72 32 icke
677 238 88 33 råda.
782 238 81 32 Före
883 238 36 33 de
938 241 86 30 stora
1042 237 210 40 flyttningar,
1270 250 111 20 varom
1401 239 89 32 förut
1506 239 12 31 i
1536 241 47 29 ut-

97 284 145 33 låtandet
266 284 110 37 talats,
402 283 82 32 hade
511 283 201 32 renskötseln
738 282 156 33 bedrivits
920 282 157 33 intensivt
1102 287 74 27 över
1202 282 167 39 praktiskt
1396 286 90 35 taget
1510 283 73 32 hela

97 329 61 31 den
184 328 137 32 svenska
346 328 223 38 lappmarken,
597 327 139 39 givetvis
764 328 71 31 med
860 327 89 32 vissa
974 327 158 32 olikheter
1155 327 12 31 i
1193 327 121 38 graden
1342 339 40 20 av
1407 327 175 35 intensitet,

97 373 155 32 beroende
274 374 43 37 på
338 373 142 32 skillnad
502 372 11 32 i
537 372 326 32 naturförhållanden
885 384 42 20 m.
949 384 41 20 m.
1012 372 64 31 Det
1096 371 83 33 hade
1201 371 179 33 emellertid
1403 372 41 31 då
1462 372 60 32 och
1544 372 40 31 då

97 418 156 32 inträffat
274 417 147 39 perioder
442 418 12 31 i
476 417 89 33 olika
588 417 89 32 delar
700 429 40 20 av
764 417 37 32 de
825 429 40 20 av
888 416 116 39 lappar
1026 416 173 32 befolkade
1221 416 177 38 trakterna,
1423 416 161 32 varunder

97 462 200 33 renskötseln
320 462 127 38 sjunkit
466 462 12 31 i
498 461 177 38 intensitet,
698 462 148 32 stundom
867 461 12 32 i
901 461 184 39 betydande
1107 461 90 38 grad.
1220 460 45 33 Så
1285 460 82 33 hade
1388 460 196 39 exempelvis

99 507 51 32 för
170 507 171 39 åtskilliga
364 508 36 31 år
422 507 97 32 sedan
539 506 88 33 varit
650 507 94 32 fallet
766 506 86 32 inom
873 505 89 33 vissa
983 506 89 32 delar
1093 518 40 20 av
1156 505 188 33 Jämtlands
1366 506 64 38 län,
1454 505 58 32 där
1533 507 52 31 det

98 553 42 31 då
158 553 70 38 gått
247 553 36 31 så
301 552 102 38 långt,
424 555 49 29 att
491 555 87 29 stora
597 551 187 38 renhjordar
804 551 97 32 blivit
922 551 35 32 så
975 554 71 35 gott
1064 562 68 20 som
1152 550 193 32 förvildade.
1364 550 72 32 Den
1457 551 127 38 gången

98 597 83 32 hade
200 596 211 39 ingripandet
431 596 84 33 skett
536 608 116 27 genom
673 595 234 39 nedskjutning
928 607 40 20 av
989 607 39 20 en
1050 599 66 28 stor
1138 595 51 32 del
1211 607 40 20 av
1272 595 38 33 de
1334 595 182 32 förvildade
1539 607 45 19 re-

99 653 103 21 narna
222 642 57 32 och
300 641 223 39 inplantering
542 653 41 20 av
604 644 89 29 tama
713 652 92 21 renar
825 640 74 32 från
922 640 100 33 andra
1043 640 80 32 håll.
1144 640 52 32 En
1217 651 107 20 annan
1346 639 100 32 sådan
1465 639 120 39 vågdal

98 686 12 31 i
131 686 200 32 renskötseln
351 698 76 20 vore
450 686 59 32 den
531 697 82 21 ovan
636 685 174 33 beskrivna
831 685 11 31 i
865 684 246 33 Västerbottlens
1134 684 54 32 län
1210 683 55 33 vid
1286 684 89 32 tiden
1399 684 50 32 för
1471 684 114 32 under-

99 731 242 38 handlingarna
362 731 71 32 med
456 730 119 39 Norge.
599 730 178 38 Angående
800 730 37 32 de
859 729 160 39 åtgärder,
1044 741 67 20 som
1135 729 71 32 med
1232 729 176 38 framgång
1428 728 158 38 vidtagits

100 776 52 31 för
181 775 217 39 nyssberörda
428 775 326 32 missförhållandens
784 774 227 38 avhjälpande,
1044 773 178 33 hänvisade
1254 773 115 33 doktor
1399 773 186 38 Bergström

98 820 52 32 till
173 821 63 32 vad
258 820 111 32 därom
392 831 82 20 ovan
496 820 11 31 i
530 819 185 33 utlåtandet
738 819 135 32 anförts.
894 838 45 4 —
960 818 75 32 Vad
1060 817 185 33 beträffade
1268 817 38 33 de
1328 817 258 32 missförhållan-

99 865 70 37 den,
191 877 66 20 som
280 876 44 20 nu
345 864 152 39 påtalats,
518 864 88 32 hölle
628 864 114 32 doktor
760 864 186 38 Bergström
969 863 78 38 före,
1070 866 48 29 att
1138 863 37 32 de
1197 862 11 32 i
1229 862 89 33 vissa
1341 862 177 32 avseenden
1539 862 46 31 in-

99 910 165 32 nefattade
285 921 39 21 en
346 921 88 20 mera
454 909 170 32 markerad
647 908 150 39 nedgång
818 908 12 31 i
851 908 216 32 renskötselns
1091 906 279 39 ändamålsenliga
1391 906 196 32 bedrivande

100 959 41 27 än
160 966 67 22 som
244 955 90 31 förut
349 954 166 38 inträffat,
536 954 155 32 beroende
708 954 67 32 dels
791 955 42 37 på
850 953 121 38 graden
990 965 39 20 av
1049 952 238 38 försämringen
1306 951 58 32 och
1383 952 66 32 dels
1466 952 43 37 på
1527 951 59 31 den

100 1002 86 29 stora
214 999 50 32 del
291 1011 41 20 av
360 998 223 39 lappmarken,
614 1010 66 20 som
707 998 189 38 nedgången
923 997 190 32 omfattade.
1141 996 251 38 Försämringen
1419 996 166 32 inneslöte.

99 1044 108 32 kunde
230 1055 74 21 man
331 1047 88 34 säga,
445 1042 151 39 omkring
619 1042 100 33 halva
742 1042 60 32 den
826 1042 213 32 renskötande
1062 1040 244 38 befolkningen.
1333 1040 112 32 Såsom
1469 1040 11 31 1
1505 1051 82 21 ovan

99 1088 137 38 intagna
259 1087 317 39 tidningsuttalande
603 1087 210 37 framhållits,
840 1098 75 20 vore
940 1086 60 32 den
1026 1084 236 40 ursprungliga
1288 1085 136 32 orsaken
1448 1084 54 32 till
1528 1085 59 32 den

100 1144 134 21 numera
258 1137 76 28 över
357 1132 74 33 hela
456 1131 219 39 Jukkasjärvi
702 1131 57 33 och
787 1131 169 33 Gällivare
982 1130 137 32 socknar
1143 1129 160 40 utbredda
1328 1128 166 33 extensiva
1520 1140 67 20 ren-

100 1177 142 32 skötseln
268 1180 48 30 att
343 1177 95 32 finna
462 1176 11 32 i
499 1177 37 32 de
561 1176 237 38 invandringar
823 1188 40 20 av
891 1174 339 38 Koutokeino-lappar
1257 1173 52 33 (till
1336 1173 92 33 dessa
1453 1173 133 33 trakter,

100 1234 67 20 som
192 1222 82 32 efter
301 1221 60 33 den
388 1221 245 32 svensk-finska
656 1225 154 34 gränsens
838 1220 175 38 spärrande
1039 1220 36 31 år
1101 1219 83 32 1889
1210 1217 149 39 vidtogos
1385 1217 74 32 från
1485 1217 101 32 Kare-

100 1266 132 33 suando.
256 1266 64 32 Att
342 1266 37 32 de
402 1266 110 38 gamla
532 1265 183 33 invånarna
735 1265 11 32 i
769 1265 93 32 dessa
882 1264 133 38 trakter,
1038 1264 49 31 låt
1109 1275 80 20 vara
1212 1263 82 31 först
1317 1263 36 31 så
1374 1262 212 38 småningom.

99 1311 161 38 övergivit
282 1310 73 33 sina
376 1310 110 39 gamla
509 1310 320 33 renskötselmetoder
851 1309 58 32 och
931 1309 150 38 övergått
1102 1308 54 32 till
1180 1306 301 40 nykomlingarnas,
1505 1307 83 32 hade

99 1356 105 32 berott
224 1355 99 33 bland
347 1359 99 28 annat
467 1355 110 38 därpå,
602 1358 49 29 att
673 1355 60 32 den
754 1354 168 33 extensiva
943 1352 200 34 renskötseln
1164 1352 93 32 tedde
1280 1351 51 39 sig
1353 1351 164 39 betydligt
1537 1351 51 32 be-

99 1400 154 32 kvämare
277 1400 51 31 för
351 1404 181 34 renägarna
553 1404 41 27 än
618 1399 59 33 den
701 1398 171 33 intensiva.
896 1399 56 31 Nu
975 1399 82 32 hade
1080 1399 60 31 den
1163 1398 169 33 extensiva
1353 1398 145 32 metoden
1520 1396 69 33 helt

100 1448 112 35 trängt
228 1444 128 38 igenom
373 1444 12 31 i
403 1444 92 32 dessa
510 1444 135 37 trakter,
664 1443 56 33 och
740 1444 169 31 resultatet
926 1443 111 33 visade
1055 1443 51 38 sig
1122 1443 98 32 också
1236 1444 12 31 i
1267 1443 38 32 de
1326 1442 179 32 förvirrade
1524 1442 64 31 för-

101 1489 175 32 hållanden
296 1488 12 31 i
330 1488 155 32 avseende
505 1489 19 31 å
544 1487 200 33 renskötseln
764 1500 67 20 som
852 1488 57 32 där
930 1488 108 32 rådde.
1059 1507 44 3 —
1125 1487 17 31 I
1163 1487 38 32 de
1221 1487 145 37 socknar,
1389 1486 48 32 dit
1456 1485 132 39 inflytt-

102 1533 80 38 ning
202 1533 72 31 från
298 1533 39 32 de
359 1532 197 38 nordligaste
577 1532 206 38 lappbyarna
804 1532 85 32 skett
909 1532 11 31 i
942 1531 177 39 anledning
1141 1544 41 20 av
1204 1532 83 31 1919
1310 1532 52 31 års
1382 1530 206 32 konvention.

102 1577 139 33 sålunda
260 1576 192 33 Jokkmokk
471 1577 60 32 och
554 1576 169 39 Arjeplog,
746 1588 74 20 vore
843 1576 249 32 förhållandena
1113 1581 87 26 ännu
1222 1575 72 32 icke
1317 1576 35 31 så
1375 1574 94 33 svåra
1491 1586 67 20 som
1579 1574 11 30 i

104 1621 168 33 Gällivare
297 1621 58 32 och
381 1621 229 38 Jukkasjärvi.
637 1621 216 32 Beträffande
879 1620 192 33 Jokkmokk
1097 1632 74 20 vore
1196 1621 89 37 läget
1311 1619 52 32 för
1388 1618 203 32 närvarande

103 1666 132 32 relativt
254 1666 106 39 lugnt.
380 1665 63 33 Att
462 1666 88 32 detta
569 1665 107 33 skulle
697 1665 74 32 bero
791 1666 44 38 på
853 1669 48 29 att
921 1665 37 33 de
977 1665 204 38 inflyttande
1200 1664 126 39 hastigt
1344 1668 166 29 anammat
1531 1665 58 32 den

102 1710 162 33 intensiva
289 1710 209 38 renskötseln,
524 1722 76 20 vore
627 1710 80 32 dock
732 1710 71 32 icke
829 1710 113 32 doktor
968 1709 204 39 Bergströms
1200 1709 96 33 åsikt.
1324 1709 232 33 Uteblivandet
1580 1709 10 30 i

104 1755 87 33 detta
212 1767 43 20 nu
278 1767 41 20 av
341 1755 165 38 klagomål
528 1755 75 32 från
625 1754 190 33 Jokkmokk
838 1754 137 33 berodde
998 1766 130 21 snarare
1149 1755 43 38 på
1213 1757 49 29 att
1283 1754 53 32 det
1356 1755 43 38 på
1421 1755 107 37 grund
1551 1766 39 19 av

103 1799 88 33 vissa
212 1799 327 33 naturförhållanden
561 1811 42 20 m.
626 1811 42 20 m.
691 1801 71 36 gått
783 1799 116 32 lättare
921 1802 48 29 att
992 1799 58 32 där
1071 1799 180 32 verkställa
1271 1810 39 20 en
1334 1798 258 38 ändamålsenlig

104 1844 201 38 gruppering
323 1856 40 20 av
380 1844 160 38 lapparna
557 1843 57 33 och
635 1847 48 29 att
700 1843 90 33 hålla
808 1844 37 32 de
861 1843 197 39 inflyttades
1076 1843 133 38 hjordar
1227 1842 108 33 skilda
1354 1843 74 31 från
1448 1843 37 32 de
1504 1842 88 33 äldre

103 1888 208 32 invånarnas.
333 1888 18 31 I
373 1888 160 38 Arjeplog
554 1888 143 32 befunne
719 1899 74 20 man
817 1888 51 38 sig
890 1888 144 31 däremot
1056 1899 44 20 nu
1123 1888 11 31 i
1156 1887 113 38 början
1292 1900 41 20 av
1356 1898 124 21 samma
1501 1886 90 32 strid.

106 1945 66 20 som
198 1932 11 31 i
237 1932 168 33 Gällivare
430 1932 58 32 och
516 1932 220 38 Jukkasjärvi
762 1932 102 32 slutat
891 1932 71 31 med
988 1931 154 39 nederlag
1169 1932 50 32 för
1245 1931 61 32 den
1333 1930 164 33 intensiva
1524 1942 68 20 ren-

105 1977 153 32 skötseln.
280 1976 118 39 Enligt
419 1976 113 32 doktor
553 1976 204 38 Bergströms
779 1975 132 39 mening
932 1987 75 21 vore
1029 1976 53 32 det
1103 1979 65 28 stor
1193 1976 73 32 fara
1288 1977 19 31 å
1329 1977 101 37 färde,
1454 1980 49 29 att
1524 1988 68 20 ren-

106 2020 141 33 skötseln
270 2021 12 31 i
306 2020 160 39 Arjeplog
486 2020 98 39 ginge
608 2032 125 21 samma
754 2025 73 33 väg,
851 2020 107 32 därest
979 2019 70 34 icke
1072 2031 97 21 snara
1191 2020 57 32 och
1272 2020 148 39 kraftiga
1443 2021 151 38 åtgärder

105 2066 157 38 vidtoges.
282 2065 75 32 Men
378 2069 79 28 även
476 2076 38 20 en
533 2064 192 39 ytterligare
745 2064 73 33 fara
837 2064 151 38 förelåge,
1008 2076 52 20 om
1081 2064 58 32 ock
1158 2064 29 38 ej
1207 2065 35 31 så
1261 2065 258 38 överhängande.
1539 2065 54 31 In-

106 2122 50 19 om
178 2112 161 29 närmaste
359 2110 75 31 åren
454 2109 136 37 komme,
614 2109 102 38 enligt
737 2109 62 32 vad
821 2121 67 20 som
909 2109 97 32 redan
1027 2109 168 37 beslutats,
1217 2108 201 39 inflyttning
1440 2121 40 20 av
1503 2110 90 31 nord-

106 2154 116 38 lappar
241 2157 49 29 att
312 2154 56 31 ske
390 2153 121 38 jämväl
532 2154 54 31 till
608 2153 89 33 vissa
716 2153 88 32 delar
824 2166 40 19 av
886 2153 246 32 Västerbottens
1154 2153 57 32 och
1232 2153 189 33 Jämtlands
1443 2154 65 31 län.
1531 2153 63 32 För

107 2201 49 30 att
174 2201 86 29 möta
279 2198 60 32 den
360 2198 72 32 fara
454 2198 50 31 för
523 2197 203 39 infektering
744 2210 41 20 av
803 2197 200 32 renskötseln
1021 2197 12 32 i
1053 2197 93 32 dessa
1165 2197 133 38 trakter,
1321 2209 66 21 som
1408 2196 186 39 därigenom

106 2243 126 32 komme
251 2245 48 30 att
318 2254 90 26 yppa
426 2241 59 39 sig,
505 2242 97 32 borde
621 2242 151 38 åtgärder
789 2242 11 31 i
820 2242 48 32 tid
886 2241 162 38 vidtagas.
1067 2261 44 3 —
1131 2241 17 31 I
1168 2241 96 38 fråga
1283 2253 51 20 om
1356 2241 58 32 den
1433 2246 74 34 väg,
1528 2253 66 21 som

107 2287 97 31 borde
223 2287 150 31 beträdas
394 2286 50 32 för
462 2289 48 29 att
527 2286 80 32 söka
623 2286 130 31 komma
770 2286 52 31 till
843 2289 86 28 rätta
948 2285 71 32 med
1039 2285 37 32 de
1095 2285 142 32 rådande
1255 2284 338 38 missförhållandena,

107 2330 177 32 hänvisade
305 2330 114 31 doktor
438 2330 187 37 Bergström
649 2330 82 31 först
752 2329 56 32 och
832 2330 117 31 främst
969 2329 52 31 till
1042 2341 38 20 en
1102 2328 163 38 sänkning
1287 2341 41 20 av
1349 2329 122 32 antalet
1492 2340 101 21 renar,

108 2375 157 38 återgång
284 2373 53 32 till
358 2374 120 31 vården
500 2386 40 19 av
561 2385 137 20 renarna
717 2373 11 31 i
750 2378 120 27 smärre
890 2373 131 37 hjordar
1043 2372 102 32 under
1167 2372 325 38 sommarbetningen,
1514 2373 82 31 åter-

108 2418 209 38 upptagande
344 2430 40 19 av
411 2417 204 38 flyttningen
641 2417 70 32 med
737 2417 186 37 familjerna
949 2416 52 33 till
1025 2416 182 38 högfjällen
1233 2416 56 33 vid
1315 2416 118 32 norska
1458 2421 138 33 gränsen

109 2465 84 29 samt
211 2462 151 38 åtgärder
384 2461 123 39 ägnade
527 2466 48 29 att
597 2461 105 32 förmå
723 2461 59 33 allt
802 2461 239 39 arbetsdugligt
1061 2461 70 31 folk
1152 2464 48 29 att
1221 2461 130 37 deltaga
1371 2460 12 31 i
1404 2460 59 32 den
1484 2460 110 32 aktiva

110 2506 210 33 renskötseln.
347 2505 122 33 Därtill
494 2506 127 32 komme
648 2518 37 19 en
712 2506 51 31 hel
791 2506 49 31 del
867 2505 144 38 detaljer,
1041 2505 103 32 såsom
1172 2504 205 38 uppförande
1403 2517 40 19 av
1471 2507 46 30 ett
1544 2503 51 32 väl
