1870 2822
248 153 39 32 10
727 156 258 29 Bankoutskottets:
997 158 145 28 méniorial:
1163 158 49 29 Nr.
1228 157 34 32 8.

298 234 129 32 Härtill
454 235 99 31 torde
580 235 136 32 komma
743 237 202 38 avslutande
973 239 312 42 sammanfattning,
1315 240 143 42 register
1476 240 66 33 och
1561 243 185 33 eventuellt

246 296 43 21 en
317 286 125 32 allmän
470 287 204 41 bibliografi.

297 338 75 31 Här
408 341 177 39 upptagna
620 339 243 43 beteckningar
896 341 52 31 för
974 341 92 32 olika
1093 342 152 42 volymer
1271 343 65 32 och
1364 344 126 41 partier
1517 356 80 21 avse
1625 347 121 32 endast

246 391 50 29 att
332 390 121 41 angiva
489 392 115 30 ämnet
630 392 53 31 för
709 391 306 43 framställningen,
1045 394 74 31 icke
1146 396 50 29 att
1223 396 122 40 utgöra
1372 395 176 33 definitiva
1574 398 168 39 rubriker;

246 441 128 31 sådana
401 442 116 31 kunna
544 442 87 32 först
657 443 12 31 i
697 443 167 32 samband
892 445 76 31 med
996 446 223 41 tryckningen
1247 447 177 32 utformas.

298 493 19 31 I
344 494 91 41 varje
463 494 161 32 kontrakt
651 495 78 31 med
755 495 176 32 författare
958 497 97 42 ingår
1082 495 240 46 bestämmelse
1351 510 53 20 om
1432 500 312 43 framställningens

246 545 147 41 omfång,
431 545 175 32 beräknad
641 546 12 31 i
688 547 94 31 antal
818 548 156 41 tryckark
1011 549 78 31 med.
1125 549 70 32 viss
1224 550 128 42 stilyta,
1383 552 159 31 ävensom
1570 554 174 41 angående

245 596 67 32 den
349 596 173 42 tidpunkt,
560 598 58 31 vid
653 598 113 32 vilken
803 600 251 41 manuskriptet
1087 601 86 31 skall
1201 612 78 21 vara
1307 602 178 32 avlämnat.
1541 604 114 32 Dessa
1681 605 62 31 tid-

244 648 150 41 punkter
420 649 80 31 falla
527 649 53 31 för
607 650 89 32 förra
723 650 226 43 avdelningen
977 652 125 31 mellan
1135 654 14 30 1
1180 653 134 41 januari
1347 655 94 31 1930
1470 655 64 31 och
1567 657 15 29 1
1612 657 131 40 januari

249 700 109 38 1932,
389 701 52 31 för
478 712 118 21 senare
625 701 226 43 avdelningen
880 704 123 31 mellan
1036 705 16 31 1
1083 705 87 41 april
1200 705 98 31 1932
1329 706 64 31 och
1424 707 14 30 1
1469 707 134 41 januari
1636 709 105 31 1934.

244 752 215 32 Kommitten
488 753 61 31 har
575 754 53 31 för
655 754 110 31 avsikt
793 756 50 29 att
865 755 182 32 verkställa
1067 757 179 41 tryckning
1264 757 65 31 och
1348 758 178 43 utgivning
1545 761 196 38 successivt,

244 804 61 31 allt
333 804 161 32 eftersom
523 805 136 31 banden
687 805 115 32 kunna
829 807 241 41 färdigställas.

296 856 234 32 Kommitténs
567 857 186 32 kostnader
788 858 87 31 hava
910 859 53 31 för
998 859 95 31 tiden
1125 861 16 30 1
1171 859 233 41 januari—31
1436 862 181 32 december
1648 865 92 30 1927

243 907 120 42 belöpt
392 908 52 41 sig
471 908 70 31 till:

243 976 52 31 för
322 976 73 41 fyra
421 976 190 32 ledamöter
637 977 11 31 i
676 977 212 39 kommittén,
917 980 19 29 å
964 979 72 32 500
1066 979 125 32 kronor
1218 980 129 42 årligen
1375 981 124 32 kronor
1555 983 122 37 2,000:
1694 1000 49 5 —

242 1027 215 40 redaktören,
488 1029 85 31 efter
602 1029 110 39 5,000
741 1030 127 31 kronor
895 1031 149 41 årligen
1053 1058 289 6 Luas.nnmsomn
1278 1023 67 53 sn
1431 1045 10 15 >
1554 1034 123 38 5,000:
1696 1053 46 4 —

244 1079 245 39 sekreteraren,
528 1081 86 31 efter
652 1082 110 37 2,000
801 1082 126 31 kronor
963 1080 149 44 årligen,
1141 1083 52 32 för
1220 1083 42 32 de
1291 1086 56 29 två

295 1131 87 31 sista
416 1132 207 32 månaderna
658 1133 177 31 reducerat
872 1134 53 31 till
952 1134 99 32 halva
1077 1135 164 42 beloppet
1268 1136 79 31 med

296 1183 134 42 hänsyn
458 1183 53 32 till
539 1186 104 29 annat
670 1184 157 42 UPPÅragZ..
853 1213 165 5 ..mmmnmmsnsss
1038 1213 198 6 srsssssrssssrsess
1248 1215 34 3 sne
1291 1215 49 3 arena
1429 1201 11 14 >
1556 1190 121 37 1,833:
1697 1191 45 31 34

242 1234 107 32 förste
385 1235 189 32 arkivarien
611 1236 40 31 E.
680 1236 182 32 Naumann
899 1238 84 31 efter
1022 1238 72 32 250
1132 1239 126 31 kronor
1285 1251 62 29 per

295 1287 134 38 månad,
459 1288 74 31 från
566 1289 14 30 1
606 1288 133 41 januari
758 1288 54 31 till
842 1289 46 31 30
909 1290 205 41 september,
1135 1293 88 29 samt
1242 1291 104 31 skriv-

293 1338 160 32 biträden
481 1339 53 31 för
561 1340 263 42 registreringen
853 1352 39 19 av
920 1341 237 32 frihetstidens
1181 1343 164 31 utskotts-

295 1390 213 42 handlingar,
548 1393 19 29 å
607 1393 15 29 1
655 1392 105 31 krona
790 1392 47 32 50
867 1394 57 30 öre
960 1405 61 29 per
1048 1394 116 31 timme
1194 1391 151 45 (belopp,

295 1442 179 32 utbetalda
501 1445 37 29 år
569 1444 94 31 1927
694 1455 77 20 men
800 1445 189 40 utgörande
1016 1445 187 32 kostnader
1229 1446 53 31 för
1310 1448 37 29 år

299 1495 109 37 1926,
439 1495 70 31 481
541 1494 135 39 kronor,
707 1496 29 41 ej
766 1496 228 32 medräknade
1019 1499 88 29 samt
1128 1498 71 31 665
1219 1498 128 31 kronor

296 1546 47 31 30
373 1547 69 38 öre,
473 1546 177 32 utbetalda
677 1547 11 31 i
714 1548 135 41 januari
868 1549 122 31 månad
1013 1550 109 37 1928,
1144 1548 199 43 inräknade)
1429 1562 11 14 »
1554 1551 124 38 6,113:
1696 1569 46 3 —

242 1597 264 33 resekostnader
533 1599 65 31 och
626 1595 315 45 dagtraktamenten
969 1628 164 5 s...mnmmmm
1153 1628 187 5 mna
1429 1616 11 12 »
1621 1604 56 30 66:
1699 1604 43 31 75

243 1649 259 40 skrivmaterial,
532 1650 168 42 häftning,
729 1652 181 41 tryckning
936 1680 48 4 =.
992 1680 350 5 mmsmsmmmmnssnssnnsnan
1430 1666 11 14 »
1596 1655 82 31 152:
1697 1673 46 3 —

1207 1722 140 31 Summa
1374 1723 125 31 kronor
1531 1724 147 38 15,825:
1697 1725 46 31 09

296 1777 199 32 Stockholm
524 1778 11 31 i
561 1778 134 42 januari
727 1780 108 31 1928.

455 1882 90 31 Karl
570 1882 220 32 Hildebrand.
1258 1885 128 33 Värner
1412 1886 124 41 Rydén.

466 1968 105 41 Helge
597 1968 177 41 Almquist.
1239 1972 88 33 Axel
1354 1972 194 32 Brusewitz.

672 2474 163 26 Stockholm,
861 2476 29 20 K.
912 2476 26 20 L.
959 2476 145 22 Beckmans
1124 2478 98 26 Boktr.,
1249 2481 72 18 1928:
