2204 2618
439 149 110 30 Andra
575 148 198 31 kammarens
797 148 92 29 femte
914 146 165 42 tillfälliga
1102 146 124 30 utskotts
1250 145 159 30 utlåtande
1433 144 52 31 Nr
1511 145 29 30 9.
1743 145 13 28 1

939 636 59 39 Nr
1025 636 39 40 9.

757 767 116 27 Ankom
897 765 46 28 till
966 765 171 34 riksdagens
1160 764 96 28 kansli
1278 764 58 28 den
1361 765 36 26 25
1422 763 58 34 maj
1507 764 79 26 1922
1611 763 39 27 kl.
1676 764 16 26 3
1717 772 24 18 e.
1766 772 39 17 m.

397 895 130 35 Andra
554 895 230 34 kammarens
804 893 128 48 femte
960 892 192 48 tillfälliga
1180 891 146 36 utskotts
1353 890 189 35 utlåtande
1569 903 44 22 nr
1639 890 35 43 9,
1703 890 13 34 i
1743 902 64 22 an-

600 960 148 46 ledning
776 972 45 22 av
844 959 120 48 första
991 959 228 34 kammarens
1247 958 111 35 beslut
1380 957 154 35 rörande
1553 956 104 36 väckt
1675 956 132 35 motion

599 1040 56 23 om
682 1028 162 45 ändring
871 1026 14 35 i
908 1026 174 48 gällande
1111 1025 259 36 bestämmelser
1397 1024 153 36 rörande
1578 1024 125 35 besvär
1730 1029 79 30 över

591 1092 572 51 förvaltningsmyndigheternas
1191 1092 112 36 beslut
1330 1092 14 35 i
1371 1090 351 49 anmärkningsmål.

332 1247 16 35 I
388 1260 45 22 en
473 1246 101 35 inom
616 1244 116 37 första
772 1245 210 34 kammaren
1014 1243 106 35 väckt
1148 1244 151 42 motion,
1328 1255 44 22 nr
1400 1244 58 42 35,
1487 1243 65 34 har
1578 1241 84 36 herr
1688 1241 120 36 Rosén
1844 1251 158 27 Motionen.

198 1298 200 42 hemställt,

333 1352 53 31 att
425 1346 195 48 riksdagen
652 1348 114 32 måtte
793 1344 143 36 besluta
963 1348 55 31 att
1045 1344 65 34 hos
1138 1343 136 47 Kungl.
1304 1343 105 47 Maj:t
1436 1343 145 34 anhålla
1608 1355 60 22 om
1697 1341 111 36 sådan

197 1397 160 48 ändring
396 1410 44 22 av
479 1376 171 68 gällande
690 1395 287 43 bestämmelser,
1020 1398 53 30 att
1108 1394 129 34 besvär
1276 1399 88 29 över
1390 1392 419 48 förvaltningsmyndig-

198 1427 169 57 heternas
407 1426 122 56 beslut
568 1447 12 34 i
621 1445 338 46 anmärkningsmål
1001 1442 217 37 hädanefter
1257 1443 101 35 skola
1398 1442 146 36 anföras
1585 1442 120 35 direkt
1745 1442 64 35 hos

198 1498 135 48 Kungl.
363 1497 114 48 Maj:t.
1819 1523 9 6 -

333 1590 189 36 Motionen
563 1589 67 35 har
670 1601 44 22 av
740 1588 214 34 kammaren
982 1587 187 35 hänvisats
1197 1587 58 34 till
1284 1586 81 36 dess
1394 1585 115 36 första
1535 1583 188 51 tillfälliga
1751 1591 58 30 ut-
1869 1596 107 27 Första

199 1643 111 42 skott,
352 1654 77 22 som
470 1639 95 36 efter
604 1637 242 37 inhämtande
886 1650 43 22 av
961 1637 198 49 yttranden
1187 1643 86 29 över
1300 1638 188 34 motionen
1516 1636 83 35 från
1627 1637 181 35 kammar-
1830 1630 180 60 kommarene

199 1697 121 31 rätten
352 1691 66 36 och
446 1689 426 48 riksräkenskapsverket
903 1706 49 5 —
979 1688 124 35 härtill
1130 1686 132 49 fogade
1290 1699 77 24 som
1395 1688 142 45 bilagor
1567 1688 17 33 1
1614 1687 66 35 och
1711 1688 20 33 2
1759 1706 50 4 —
1974 1684 5 4 |

196 1745 12 33 i
237 1744 64 34 sitt
328 1741 191 36 utlåtande
542 1754 44 22 nr
615 1742 57 40 12,
702 1738 122 36 anfört
852 1738 183 47 följande:

334 1792 98 35 »Vad
461 1790 93 37 först
582 1793 113 45 angår
714 1789 268 46 omfattningen
1002 1801 44 23 av
1061 1789 249 34 motionärens
1333 1787 280 48 ifrågavarande
1632 1787 176 49 yrkande,

200 1844 143 35 tillåter
383 1844 57 46 sig
468 1842 180 35 utskottet
675 1839 129 37 anföra
832 1815 174 77 följande.
1054 1839 56 35 Av
1137 1839 208 35 motionens
1372 1837 214 48 avfattning
1612 1850 109 35 synes
1749 1837 62 36 det

199 1889 156 56 framgå,
396 1873 53 55 att
491 1892 83 35 med
615 1891 213 35 densamma
867 1902 103 23 avses
1009 1888 344 37 åstadkommandet
1384 1902 43 22 av
1454 1901 44 23 en
1527 1867 202 56 förändrad
1756 1889 55 34 in-

199 1921 263 68 stansordning
502 1943 154 35 allenast
695 1940 228 36 beträffande
963 1939 136 36 sådana
1135 1940 349 47 anmärkningsmål,
1523 1951 78 23 som
1630 1938 93 36 efter
1750 1938 63 36 be-

199 2002 82 28 svär
322 1973 188 56 inkomma
543 1993 57 35 till
628 1993 286 34 kammarrätten
942 1989 83 37 från
1055 1989 230 37 förvaltande
1314 1989 271 49 myndigheter.
1640 1989 174 36 Däremot

200 2045 106 35 torde
345 2045 185 35 motionen
570 2043 79 35 icke
681 2055 83 22 avse
799 2040 334 49 åvägabringandet
1161 2053 42 22 av
1231 2053 45 22 en
1304 2040 139 35 ändrad
1469 2040 307 47 instansordning
1802 2041 11 34 i

201 2095 104 47 fråga
346 2107 60 23 om
434 2093 135 36 sådana
597 2094 86 42 mål,
711 2105 77 23 som
818 2073 93 54 efter
938 2093 12 34 i
978 2066 428 77 riksräkenskapsverket
1433 2090 109 48 gjord
1570 2071 246 68 anmärkning

200 2159 43 22 av
270 2145 103 35 detta
404 2144 231 36 ämbetsverk
666 2120 296 70 anhängiggöras
991 2142 66 35 hos
1077 2142 297 34 kammarrätten.
1419 2140 209 36 Motionens
1648 2141 167 48 yrkande

201 2196 65 35 har
307 2196 188 46 nämligen
535 2194 129 36 endast
704 2193 178 36 avseende
922 2195 20 32 å
984 2193 121 35 besvär
1142 2198 86 29 över
1248 2191 569 49 förvaltningsmyndigheternas

246 2259 129 41 Bihang
399 2258 47 31 till
469 2258 181 41 riksdagens
668 2256 159 43 protokoll
848 2256 98 31 1922.
980 2256 42 31 13
1044 2255 89 31 saml.
1189 2256 21 30 53
1234 2256 70 30 avd.
1343 2255 20 31 8
1388 2255 80 42 häft.
1506 2254 69 39 (Nr
1597 2255 44 37 9)
1756 2256 16 29 1
