1894 2786
305 176 187 28 Allmänna
518 172 399 36 beredningsutskottets
943 169 180 31 utlåtande
1148 177 42 20 nr
1214 168 57 28 B1
1298 166 40 30 år
1365 166 82 29 1958
1605 164 19 30 3

137 268 133 28 statens
295 265 217 30 medicinska
538 262 264 37 forskningsråd
828 261 141 29 beredes
995 259 182 36 möjlighet
1202 259 50 27 att
1277 255 157 37 fullfölja
1457 255 56 29 det
1537 253 87 30 skis-

139 318 121 31 serade
278 317 338 37 forskningsarbetet
635 315 148 30 rörande
802 314 169 29 tobakens
991 310 320 37 skadeverkningar
1328 309 65 29 och
1412 307 213 34 hemställer,

502 373 51 27 att
571 371 181 36 riksdagen
773 369 9 29 i
800 368 167 30 skrivelse
985 367 52 30 till
1056 366 124 36 Kungl.
1198 364 106 36 Maj:t
1322 372 74 21 som
1414 363 54 29 sin
1486 361 139 36 mening

459 425 93 37 giver
573 424 51 28 till
647 423 116 29 känna
784 422 64 29 vad
873 421 170 29 utskottet
1064 428 89 20 ovan
1176 417 127 30 anfört.

185 517 201 30 Stockholm
404 516 66 29 den
489 515 40 29 28
547 514 143 30 oktober
710 512 82 30 1958

461 605 46 29 På
528 605 185 28 Allmänna
732 601 401 37 beredningsutskottets
1151 599 147 36 vägnar:

685 692 146 30 NANCY
858 690 218 31 ERIKSSON

760 1049 243 31 Närvarande:

188 1118 79 29 från
297 1117 166 30 första
490 1116 220 28 kammaren:
729 1114 121 29 herrar
868 1111 191 34 Strandler,
1076 1110 144 34 Ståhle",
1237 1108 114 30 Johan
1369 1107 160 35 Persson,
1545 1106 83 29 Möl-

142 1164 60 35 ler,
220 1162 57 29 fru
294 1162 156 29 Nilsson"
468 1160 64 30 och
549 1160 80 29 herr
646 1159 92 37 Tage
753 1157 215 33 Johansson;

187 1207 80 30 från
296 1207 153 29 andra
479 1205 219 29 kammaren:
718 1203 56 29 fru
792 1202 168 29 Eriksson
978 1201 11 29 i
1005 1199 213 34 Stockholm,
1235 1198 57 29 fru
1311 1197 182 37 Svedberg,
1508 1196 121 30 herrar

143 1252 196 38 Engkvist",
364 1251 165 29 Ekström
553 1250 10 28 i
587 1248 179 37 Björkvik,
789 1246 184 34 Nelander,
996 1245 178 30 Johnsson
1197 1244 9 29 i
1230 1243 178 37 Skoglösa,
1431 1241 57 30 fru
1510 1241 119 30 Jäder-

142 1298 110 36 berg",
271 1296 57 30 fru
348 1293 337 34 Wallerius-Gunne,
704 1292 57 29 fru
780 1291 173 30 Thunvall
973 1290 65 30 och
1055 1289 81 29 herr
1156 1288 162 30 Carlsson
1337 1287 10 29 i
1365 1287 220 29 Huskvarna.

179 1388 13 14 +x
208 1385 33 30 Ej
259 1383 182 27 närvarande
456 1383 49 25 vid
521 1381 180 26 utlätandets
716 1381 153 29 justering.
