2223 2668
449 176 19 30 6
911 178 234 41 Lagutskottets
1174 179 172 35 Utlåtande
1369 181 64 32 N:o
1456 183 52 32 53.

408 255 73 37 och
509 258 42 35 så
577 256 98 38 lärer
702 257 113 38 äfven
843 258 78 38 ofta
948 258 171 39 förfaras,
1175 260 49 38 Så
1251 267 105 32 snart
1384 267 55 32 ett
1466 262 75 38 mål
1569 276 47 24 en
1640 263 92 38 eller
1751 264 90 38 flere
1861 269 148 44 gånger

407 307 248 50 uppskjutits,
684 309 147 37 medför
859 311 212 37 emellertid
1100 311 105 38 detta
1233 318 122 33 större
1376 314 242 50 svårigheter
1637 314 239 39 härutinnan.
1917 317 89 38 Med

407 359 180 38 afseende
617 363 20 35 å
664 360 46 38 de
738 361 149 49 tvister,
916 376 82 24 som
1026 363 86 38 icke
1141 364 129 38 kunna
1296 365 104 38 föras
1427 366 59 37 till
1514 366 76 38 slut
1617 367 63 38 vid
1701 373 55 32 ett
1776 368 99 38 enda
1893 374 115 33 rätte-

406 412 289 48 gångstillfälle,
724 418 41 32 är
792 414 65 36 det
885 420 54 32 att
966 415 143 48 befara,
1139 422 56 31 att
1222 422 54 31 ett
1305 417 228 38 afdömande
1565 418 41 37 af
1630 419 117 37 målet
1771 421 238 38 omedelbart

406 462 96 37 efter
540 462 73 38 den
654 463 92 38 sista
787 465 342 51 handläggningen
1169 468 120 37 skulle
1331 469 184 49 medföra,
1544 475 55 32 att
1626 470 227 50 afgörandet
1881 472 125 38 blefve

406 514 147 38 mindre
593 515 366 41 tillfredsställande.
1016 517 104 39 Skall
1153 533 47 23 en
1228 519 86 38 dom
1343 520 174 38 författas
1545 522 63 37 vid
1636 522 232 39 afslutandet
1896 524 40 37 af
1961 538 46 24 en

405 565 337 40 domstolssession
772 568 93 38 eller
892 575 56 32 ett
975 571 281 37 sammanträde
1285 572 236 38 omedelbart
1548 573 96 38 efter
1671 573 66 38 det
1753 575 116 37 målet
1884 575 124 39 öfver-

405 617 164 38 lemnats
597 618 56 38 till
682 619 185 50 pröfning
894 621 108 38 torde
1031 622 116 37 också
1170 623 78 37 ofta
1275 637 77 35 nog
1380 624 138 38 saknas
1546 625 148 38 tillfälle
1718 626 56 37 till
1795 627 73 37 den
1888 627 119 50 lugna

405 669 74 37 och
518 676 315 43 samvetsgranna
872 673 241 49 granskning
1140 674 41 37 af
1205 674 72 37 alla
1305 675 46 37 de
1380 677 340 48 omständigheter,
1750 691 81 24 som
1860 679 61 36 vid
1951 684 55 32 ett

405 720 209 48 afgörande
653 722 41 36 af
730 722 126 48 målet,
900 724 171 37 särdeles
1100 738 60 25 om
1191 725 103 38 detta
1323 731 40 32 är
1392 727 40 36 af
1457 730 151 35 svårare
1637 728 93 37 eller
1758 729 245 50 vidlyftigare

404 771 279 49 beskaffenhet,
725 773 92 38 böra
844 780 110 44 tagas
982 775 11 37 i
1022 776 263 38 betraktande.
1342 777 150 39 Genom
1521 779 73 37 den
1623 779 219 50 föreslagna
1869 782 136 37 anord-

403 823 144 48 ningen
590 824 123 37 skulle
746 825 114 38 äfven
887 827 441 48 tingssammanträdena
1356 830 286 50 otvifvelaktigt
1669 831 118 48 högst
1814 833 192 49 betydligt

403 874 208 50 förlängas,
635 876 137 37 hvaraf
796 880 79 34 åter
896 878 127 38 blefve
1046 892 47 24 en
1113 879 108 50 följd,
1243 885 54 32 att
1313 881 545 52 nämndemansbefattningen
1880 884 123 38 skulle

404 926 140 37 bereda
579 927 58 37 sin
677 927 248 39 innehafvare
966 943 47 23 en
1055 930 99 37 ökad
1181 936 130 44 tunga.
1366 932 88 37 Med
1484 933 74 37 den
1586 934 140 50 praxis,
1756 948 81 24 som
1866 935 12 37 i
1906 935 99 38 före-

403 977 168 38 varande
599 979 221 38 hänseende
848 980 59 37 för
934 982 236 38 närvarande
1198 982 268 50 förekommer,
1485 997 140 36 genom
1646 985 156 38 hvilken
1822 986 183 38 domaren

403 1028 162 38 beredes
603 1030 152 38 tillfälle
784 1036 54 32 att
865 1039 195 43 noggrant
1087 1039 90 44 taga
1205 1034 216 38 kännedom
1453 1049 60 24 om
1544 1037 71 36 och
1641 1037 136 50 pröfva
1805 1038 47 37 de
1877 1039 87 48 mål,
1992 1039 11 37 i

403 1080 131 38 hvilka
575 1081 132 38 domar
746 1083 109 37 skola
893 1085 64 36 vid
998 1085 318 39 nästkommande
1359 1088 282 38 sammanträde
1670 1089 207 48 meddelas,
1906 1096 99 31 samt

402 1137 181 44 uppsätta
610 1133 145 50 förslag
783 1135 56 36 till
868 1136 155 48 sådana,
1052 1137 135 37 vinnes
1216 1137 113 38 äfven
1357 1138 75 37 den
1459 1139 137 47 fördel,
1625 1145 55 32 att
1695 1140 150 49 domen,
1867 1141 48 38 då
1930 1142 73 37 den

403 1183 203 48 afkunnas,
648 1185 80 36 ofta
767 1190 40 31 är
845 1187 212 37 utskrifven
1085 1188 72 36 och
1186 1189 239 37 omedelbart
1452 1190 74 37 kan
1555 1191 164 37 erhållas
1748 1192 40 37 af
1811 1189 190 57 parterna.

535 1235 134 50 Enligt
696 1236 209 38 utskottets
934 1238 158 49 mening
1121 1239 122 37 skulle
1272 1240 159 38 sålunda
1461 1255 47 23 en
1533 1243 135 48 åtgärd
1697 1243 10 36 i
1735 1243 101 49 syfte
1865 1249 54 32 att
1937 1247 66 46 på-

402 1286 129 47 bjuda,
570 1292 54 32 att
662 1288 88 37 dom
779 1289 12 36 i
823 1289 208 38 allmänhet
1059 1290 97 37 skall
1184 1291 196 39 meddelas
1409 1293 238 37 omedelbart
1675 1294 94 37 efter
1797 1294 65 38 det
1888 1295 115 37 målet

403 1337 122 37 blifvit
565 1338 99 38 fördt
703 1339 57 37 till
788 1340 86 48 slut,
904 1341 180 37 befordra
1111 1343 350 49 rättsskipningens
1491 1344 190 38 snabbhet
1709 1345 134 38 endast
1870 1346 12 36 i
1905 1347 98 49 jom-

401 1389 200 38 förelsevis
640 1391 110 49 ringa
789 1392 95 48 grad
914 1392 70 37 och
1012 1392 86 38 med
1127 1393 277 50 äfventyrande
1432 1395 42 37 af
1499 1401 54 31 ett
1580 1396 190 49 vigtigare
1798 1397 86 37 med
1913 1397 90 38 den-

402 1454 144 24 samma
589 1441 175 38 förenadt
804 1443 176 38 intresse.
1036 1444 73 37 Det
1145 1444 291 49 ifrågavarande
1472 1447 118 49 syftet
1617 1448 109 37 torde
1755 1454 90 31 utan
1875 1452 127 45 någon

401 1492 118 38 sådan
559 1493 205 49 olägenhet
804 1495 72 36 och
904 1495 12 36 i
945 1500 119 32 större
1092 1497 268 48 utsträckning
1387 1498 136 37 vinnas
1552 1512 140 34 genom
1717 1513 48 24 en
1793 1500 145 49 ökning
1966 1502 40 36 af

401 1544 532 39 domstolssammanträdena.
987 1547 16 35 I
1045 1546 157 38 främsta
1229 1554 163 31 rummet
1418 1549 300 48 ifrågakommer
1746 1552 134 36 härvid
1909 1553 93 47 möj-

400 1595 171 48 ligheten
602 1596 41 37 af
662 1609 46 24 en
737 1598 187 36 utsträckt
950 1597 246 51 tillämpning
1224 1599 40 37 af
1290 1602 95 35 1872
1415 1603 59 34 års
1501 1601 237 50 förordning.
1780 1602 16 37 I
1818 1602 46 37 de
1890 1609 111 41 orter,

399 1647 156 36 hvarest
595 1647 74 37 den
708 1648 11 36 i
759 1648 163 37 berörda
962 1648 228 51 författning
1218 1651 189 48 stadgade
1437 1652 165 49 ordning
1630 1653 57 36 för
1715 1654 287 37 domstolssam-

399 1698 248 37 manträdena
685 1699 84 37 icke
811 1700 133 47 gäller,
988 1705 40 31 är
1070 1700 65 37 det
1162 1701 12 36 i
1203 1702 90 36 flere
1322 1702 66 37 fall
1417 1702 278 50 domsagornas
1725 1705 165 48 omfång,
1920 1719 80 23 som

401 1748 150 37 hindrat
592 1749 300 49 författningens
929 1751 254 50 tillämpning.
1239 1753 87 37 Men
1367 1753 207 50 domsagor
1614 1755 84 37 med
1739 1756 91 38 flere
1863 1761 46 32 än
1938 1761 64 33 två

399 1800 166 49 tingslag
607 1801 134 47 finnas,
786 1802 165 48 belägna
991 1803 11 35 i
1039 1803 149 37 landets
1231 1805 209 37 centralare
1481 1806 117 47 delar,
1639 1807 11 36 i
1693 1807 129 37 hvilka
1862 1808 139 49 giltiga

399 1851 135 37 hinder
576 1852 33 48 ej
651 1866 116 35 synas
795 1858 103 32 möta
925 1853 59 37 för
1012 1867 48 24 en
1088 1855 358 51 sammanslagning
1473 1856 41 37 af
1537 1857 181 50 tingslag,
1747 1859 252 49 hvarigenom

398 1907 55 32 ett
493 1903 116 37 ökadt
649 1904 103 36 antal
795 1904 496 39 domstolssammanträden
1321 1907 123 38 skulle
1476 1908 145 38 vinnas.
1674 1909 74 38 Det
1776 1910 225 38 ankommer

397 1959 170 32 närmast
604 1958 49 46 på
679 1955 214 38 häradenas
922 1956 94 37 eller
1042 1957 244 49 tingslagens
1315 1972 100 34 egna
1443 1959 181 38 invånare
1655 1966 54 32 att
1736 1962 94 36 söka
1858 1962 142 38 bereda

398 2005 60 48 sig
477 2005 124 37 denna
620 2006 145 37 förmån
780 2007 42 37 af
834 2020 46 24 en
896 2008 185 37 snabbare
1099 2009 288 50 rättsskipning.
1422 2011 228 49 Riksdagens
1674 2012 326 49 justitieombuds-

397 2069 87 24 man
513 2057 67 37 har
607 2058 213 37 emellertid
848 2058 125 48 äfven,
1001 2063 125 34 såsom
1156 2061 236 38 motionären
1422 2062 136 47 anfört,
1586 2063 227 38 härutinnan
1830 2065 98 48 tagit
1947 2071 54 31 ett

396 2108 158 48 kraftigt
591 2109 158 37 intiativ.
798 2110 129 37 Under
968 2112 272 38 framhållande
1282 2113 41 36 af
1359 2113 65 37 det
1451 2114 191 37 allmänna
1669 2115 183 37 intresset
1881 2117 42 36 af
1947 2130 48 24 en

396 2159 123 37 snabb
548 2160 71 36 och
648 2160 356 39 tillfredsställande
1034 2163 164 48 ordning
1225 2163 59 37 för
1311 2164 332 50 rättsskipningen
1658 2166 341 38 särskildt
1848 2155 17 63 i
1884 2166 115 38 brott-

395 2210 74 37 mål
507 2210 69 37 har
616 2211 75 37 han
717 2211 104 49 gjort
849 2212 322 51 framställningar
1197 2214 58 37 till
1284 2215 138 49 Kongl.
1452 2216 106 50 Maj:t
1582 2217 82 37 dels
1693 2231 60 23 om
1782 2218 177 49 förening
1987 2219 11 36 i

394 2261 218 49 domsagor,
655 2276 80 24 som
765 2263 109 38 bestå
898 2264 40 37 af
961 2264 91 38 flera
1080 2270 47 32 än
1154 2269 65 33 två
1246 2266 183 49 tingslag,
1458 2267 41 37 af
1521 2270 65 34 två
1610 2268 94 37 eller
1731 2269 92 38 flera
1852 2270 142 37 sådana
