1899 2831
276 144 20 32 8
652 141 286 32 Statsutskottets
953 140 178 34 utlåtande
1144 149 44 22 nr
1203 141 40 31 78
1257 140 39 32 år
1311 141 84 31 1969

735 334 573 37 KAPITALBUDGETEN

678 461 153 37 Statens
852 461 193 36 allmänna
1065 460 298 50 fastighetsfond

324 567 30 30 3.
378 567 324 36 Byggnadsarbeten
724 567 57 29 vid
805 566 245 31 universiteten
1074 566 64 30 och
1161 565 93 31 vissa
1276 566 197 36 högskolor.
1497 566 175 31 Utskottet
1696 567 67 30 till-

281 622 136 40 styrker
431 621 125 41 Kungl.
571 622 124 40 Maj:ts
710 621 130 40 förslag
860 621 129 40 (punkt
1004 620 28 36 3,
1049 630 25 21 s.
1090 620 146 35 289—29)
1255 620 65 31 och
1334 621 201 30 hemställer

644 678 50 28 att
715 676 187 40 riksdagen
922 676 54 30 till
997 674 329 42 Byggnadsarbeten
1349 674 57 31 vid
1428 673 247 32 universiteten
1697 674 65 30 och

601 730 90 30 vissa
709 730 188 40 högskolor
915 730 44 40 på
977 730 209 40 tilläggsstat
1205 730 46 29 III
1268 730 53 30 till
1339 729 191 31 riksstaten
1548 729 55 31 för
1620 729 143 41 budget-

600 785 73 30 året
691 784 149 37 1968/69
857 785 138 30 anvisar
1012 786 46 29 ett
1074 784 354 40 investeringsanslag
1444 793 41 21 av
1502 784 39 30 10
1556 783 61 31 000
1631 783 62 31 000
1709 784 53 30 kr.

770 949 153 36 Statens
942 948 331 50 utlåningsfonder

324 1054 30 30 4.
379 1054 389 30 Studiemedelsfonden.
787 1054 176 30 Utskottet
981 1054 193 40 tillstyrker
1192 1054 126 39 Kungl.
1337 1054 124 40 Maj:ts
1480 1054 131 39 förslag
1634 1053 130 40 (punkt

279 1108 30 35 4,
326 1119 24 20 s.
366 1108 146 35 29—30)
531 1109 64 29 och
610 1109 202 30 hemställer

643 1164 50 28 att
716 1162 188 39 riksdagen
928 1162 52 30 till
1004 1160 387 41 Studiemedelsfonden
1416 1162 44 40 på
1484 1162 207 39 tilläggsstat
1716 1161 47 29 III

598 1217 53 29 till
676 1217 191 29 riksstaten
893 1216 54 30 för
973 1216 203 40 budgetåret
1204 1215 149 38 1968/69
1380 1216 139 30 anvisar
1545 1217 47 29 ett
1617 1216 147 29 investe-

599 1271 219 39 ringsanslag
833 1280 42 20 av
889 1270 40 30 50
944 1270 62 30 000
1021 1270 63 30 000
1099 1270 51 30 kr.

326 1378 200 32 Stockholm
547 1378 66 30 den
632 1378 41 30 22
693 1378 88 41 april
803 1377 82 31 1969

772 1486 47 30 På
835 1486 278 30 statsutskottets
1127 1486 146 40 vägnar:

851 1575 141 31 GÖSTA
1005 1575 190 31 BOHMAN

323 1799 240 31 Närvarande:
579 1810 34 20 se
628 1800 111 30 under
754 1800 195 30 utlåtandet
964 1809 41 20 nr
1021 1800 50 29 73.
