1925 2836
497 178 405 41 Bevillningsutskottets
920 180 218 32 betänkande
1154 191 43 21 nr
1214 182 37 30 11
1269 182 40 31 år
1327 182 82 31 1967
1639 183 18 30 5

173 260 190 31 drivmedel
382 261 53 30 till
454 261 89 30 bilar
562 261 12 29 i
592 261 187 30 huvudsak
796 262 204 30 restitueras
1020 263 11 29 i
1051 263 66 30 den
1137 264 83 30 mån
1240 264 67 30 den
1327 274 98 21 avser
1446 266 150 40 körning
1615 266 45 39 på

174 315 255 40 skogsägarnas
451 323 87 32 egna
560 315 219 40 skogsvägar.
802 316 64 30 Det
887 316 98 31 torde
1007 317 192 30 emellertid
1220 327 83 21 vara
1325 318 136 31 förenat
1483 320 80 29 med
1586 320 74 30 svå-

172 369 151 40 righeter
346 371 50 28 att
419 369 101 31 finna
543 379 42 20 en
607 370 144 40 lämplig
774 370 92 30 form
890 371 54 30 för
967 380 43 21 en
1034 371 109 31 sådan
1165 373 210 35 restitution,
1400 374 117 30 varför
1542 375 118 39 skogs-

172 423 128 39 ägaren
321 424 63 29 bör
406 423 145 31 beredas
574 424 245 30 motsvarande
841 425 174 30 lättnader
1039 433 123 32 genom
1187 426 41 30 de
1251 427 267 40 ifrågavarande
1540 429 120 29 värde-

172 477 411 41 minskningsavdragen.

216 531 261 31 Motionärerna
498 541 102 21 anser
623 534 49 28 att
694 534 48 29 ett
764 533 415 42 avskrivningsunderlag
1201 535 54 30 för
1278 536 210 40 skogsvägar
1510 538 150 29 motsva-

172 586 109 29 rande
307 586 59 30 två
390 586 212 40 tredjedelar
628 596 43 21 av
696 588 427 39 anläggningskostnaden
1151 590 111 29 skulle
1289 590 169 30 innebära
1483 600 43 20 en
1552 592 11 29 i
1590 592 69 29 för-

171 639 164 30 hållande
361 640 52 29 till
440 640 41 30 de
507 640 157 30 faktiska
689 641 237 31 kostnaderna
953 642 111 40 skälig
1090 643 65 29 och
1180 643 106 40 riktig
1312 644 346 41 beskattningsregel.

171 694 54 29 En
242 694 109 30 sådan
367 694 232 41 reformering
616 705 43 20 av
675 696 404 40 avskrivningsreglerna
1095 697 148 30 behöver
1261 698 72 30 inte
1350 698 160 31 medföra
1526 699 133 30 minsk-

170 748 85 40 ning
275 757 43 20 av
338 748 367 31 skatteinkomsterna.
726 750 59 30 Ett
806 751 81 29 ökat
909 751 351 39 skogsvägbyggande
1281 752 142 39 betyder
1445 754 50 29 att
1517 754 142 29 avverk-

171 802 226 39 ningsvärdet
421 802 90 40 höjs,
537 803 64 29 och
625 803 144 30 därmed
795 804 103 39 stiger
924 805 106 30 också
1054 805 355 31 skatteinkomsterna
1436 806 78 30 från
1541 807 118 40 skogs-

172 856 137 30 bruket.

484 1034 134 42 Avdrag
632 1035 54 32 för
702 1035 177 32 kostnader
895 1036 53 32 för
965 1036 137 43 dikning
1117 1038 12 30 i
1145 1038 196 41 skogsmark

691 1117 163 31 Gällande
874 1119 261 30 bestämmelser

213 1179 118 40 Enligt
350 1180 263 30 bestämmelser
633 1181 11 29 i
665 1180 40 30 22
729 1180 14 37 8
768 1181 14 29 1
805 1190 104 21 mom.
930 1182 424 41 kommunalskattelagen
1375 1185 65 29 och
1460 1186 113 39 punkt
1594 1185 19 30 2
1634 1186 22 30 b

170 1243 43 20 av
234 1235 274 39 anvisningarna
529 1235 51 29 till
605 1235 39 29 22
670 1234 15 37 $
711 1245 134 20 samma
867 1236 55 39 lag
945 1236 54 30 får
1022 1237 57 29 vid
1101 1237 193 41 beräkning
1317 1248 42 20 av
1380 1239 212 31 nettointäkt
1614 1249 42 20 av

169 1287 361 41 Jordbruksfastighet
560 1289 78 29 hela
669 1289 196 30 kostnaden
895 1290 54 29 för
979 1291 259 40 nyanläggning
1267 1292 66 29 och
1362 1293 222 40 omläggning
1614 1303 43 20 av

169 1342 338 40 täckdikning
544 1342 180 31 avskrivas
751 1343 111 30 under
888 1344 48 29 tio
963 1344 45 40 på
1033 1345 175 30 varandra
1233 1346 157 39 följande
1417 1347 48 29 år.
1492 1346 164 31 Avskriv-

170 1396 263 40 ningsreglerna
455 1397 313 30 överensstämmer
790 1398 10 29 i
822 1398 187 30 huvudsak
1031 1399 79 30 med
1131 1400 67 29 vad
1221 1409 73 21 som
1317 1401 106 39 gäller
1445 1401 10 30 i
1478 1401 100 40 fråga
1599 1411 56 21 om

173 1450 220 39 skogsvägar.
420 1450 100 30 Enda
547 1451 198 30 skillnaden
772 1452 37 30 är
836 1454 50 27 att
913 1452 80 30 hela
1019 1453 196 30 kostnaden
1242 1454 54 29 för
1323 1464 43 20 en
1392 1454 264 41 täckdiknings-

170 1504 210 40 anläggning
404 1504 54 30 får
482 1505 124 39 utgöra
631 1505 424 41 avskrivningsunderlag.
1082 1507 13 28 I
1119 1507 461 42 täckdikningsanläggning
1604 1509 51 30 in-

169 1558 159 39 begripes
352 1559 87 29 även
461 1559 97 29 täckt
583 1559 134 40 avlopp,
743 1568 75 21 som
843 1561 38 28 är
906 1560 113 30 direkt
1045 1561 152 30 anslutet
1220 1562 53 29 till
1298 1562 238 40 täckdikning,
1563 1563 92 30 fram

169 1611 49 30 till
244 1612 259 40 huvudavlopp.
529 1613 117 39 Enligt
671 1614 390 31 riksskattenämndens
1087 1615 228 30 meddelande
1340 1626 42 20 nr
1407 1616 121 33 5/1964
1554 1626 32 31 p.
1613 1617 36 34 3)

170 1665 60 30 bör
246 1665 11 30 i
274 1666 463 41 täckdikningsanläggning
754 1667 110 30 under
883 1668 159 30 normala
1058 1669 246 30 förhållanden
1321 1670 198 40 inbegripas
1536 1672 119 29 täckta

170 1719 170 40 sugdiken
363 1720 65 29 och
451 1720 199 30 stamdiken
671 1721 80 29 med
772 1722 242 40 rörledningar
1037 1723 79 29 med
1138 1732 42 21 en
1203 1723 74 31 inre
1300 1723 167 31 diameter
1490 1734 42 20 av
1553 1725 102 40 högst

169 1772 62 30 600
248 1782 83 20 mm.

212 1826 139 41 Avdrag
374 1827 54 30 får
452 1827 157 31 däremot
632 1828 71 30 inte
727 1829 100 39 göras
851 1829 54 30 för
928 1830 151 30 kostnad
1103 1830 54 30 för
1181 1831 215 40 anläggande
1421 1841 42 21 av
1497 1833 158 39 öppna

170 1879 149 32 diken
357 1881 45 40 på
428 1891 43 21 en
496 1882 370 41 jordbruksfastighet.
894 1884 105 39 Dylik
1025 1885 151 30 kostnad
1203 1885 166 31 hänföres
1396 1886 141 40 jämlikt
1566 1887 40 30 22
1637 1887 15 37 8

168 1934 18 30 2
212 1944 105 21 mom.
342 1936 426 41 kommunalskattelagen
792 1938 53 29 till
870 1938 77 30 icke
971 1938 208 41 avdragsgill
1206 1940 335 41 grundförbättring.

212 1988 158 31 Kostnad
390 1990 54 30 för
506 1990 380 42 skyddsdikning
915 1993 101 38 utgör
1037 1993 106 39 enligt
1165 1993 40 30 22
1229 1993 14 37 8
1277 1994 6 29 I
1307 2003 104 20 mom.
1433 1995 222 30 kommunal-

168 2043 217 40 skattelagen
403 2044 209 40 avdragsgill
632 2045 248 31 driftkostnad.
901 2047 78 29 Med
999 2047 280 41 skyddsdikning
1298 2048 11 30 i
1329 2049 207 39 skogsmark
1556 2059 98 20 avses

165 2096 143 40 jämlikt
327 2099 114 38 punkt
462 2098 16 30 7
499 2108 42 20 av
559 2099 274 40 anvisningarna
850 2101 52 29 till
922 2100 41 30 22
985 2100 15 37 8
1021 2101 156 30 nämnda
1194 2102 56 39 lag
1270 2102 109 30 sådan
1399 2103 155 40 dikning,
1574 2113 81 21 vars

168 2151 90 39 syfte
283 2151 280 41 huvudsakligen
587 2154 38 29 är
650 2155 50 28 att
723 2154 255 30 vidmakthålla
1003 2155 148 40 skogens
1176 2156 390 41 avkastningsförmåga
1590 2158 65 29 och

167 2204 128 31 hindra
314 2206 271 39 skogsmarkens
603 2207 247 41 försumpning
868 2218 45 20 m.
933 2218 44 20 m.

211 2259 14 28 I
242 2260 218 38 proposition
481 2260 98 30 1927:
598 2260 60 30 102
678 2261 165 30 framhöll
862 2262 385 40 departementschefen
1271 2264 43 34 (s.
1334 2263 95 36 361),
1450 2267 49 28 att
1518 2266 48 29 ett
1585 2265 70 30 för-

167 2312 73 40 slag
265 2322 43 21 av
333 2314 545 36 kommunalskattekommittén,
906 2318 49 28 att
982 2317 129 40 avdrag
1136 2317 54 30 för
1219 2317 292 41 »skogsdikning>
1542 2320 112 29 skulle

166 2375 84 22 vara
266 2367 182 40 medgivet,
468 2368 118 30 kunde
604 2377 39 31 ge
661 2369 189 40 anledning
867 2370 53 30 till
939 2370 67 30 den
1024 2371 281 40 uppfattningen,
1326 2374 49 28 att
1394 2372 128 41 avdrag
1541 2374 113 30 skulle

169 2429 80 21 vara
276 2421 172 40 medgivet
475 2423 86 29 även
588 2422 54 30 för
670 2423 109 30 sådan
806 2424 146 40 dikning
977 2425 12 29 i
1017 2425 93 40 skog,
1140 2434 74 21 som
1241 2435 80 21 vore
1348 2428 50 28 att
1424 2426 151 31 hänföra
1602 2428 52 29 till

168 2474 336 41 grundförbättring.
522 2476 127 30 Därför
665 2477 89 30 hade
771 2478 97 30 ordet
885 2478 252 41 skogsdikning
1154 2482 127 28 ersatts
1297 2480 79 30 med
1393 2481 97 29 ordet
1509 2481 145 39 skydds-

167 2527 157 41 dikning.
