1886 2784
468 173 287 30 Statsutskottets
778 173 179 30 utlåtande
979 182 43 20 nr
1043 172 41 30 70
1105 173 39 29 år
1167 172 82 30 1957
1600 173 15 30 1

778 466 60 40 Nr
864 467 49 40 70

333 577 184 30 Utlåtande
537 577 12 30 i
566 577 189 40 anledning
773 587 42 20 av
834 577 123 30 väckta
975 577 175 30 motioner
1168 586 56 21 om
1245 576 228 40 likställighet
1493 577 11 29 i
1521 576 96 41 prin-

553 627 55 40 cip
636 627 127 30 mellan
791 627 229 40 pensionärer
1048 627 57 31 vid
1131 636 42 21 av
1200 628 114 29 staten
1343 628 188 38 övertagna
1559 636 58 21 en-

553 678 115 30 skilda
697 678 190 40 järnvägar
920 678 64 30 och
1018 678 246 30 motsvarande
1299 677 228 40 pensionärer
1562 677 57 30 vid

554 730 133 28 statens
705 728 199 40 järnvägar.

1378 786 73 35 (5:e
1473 786 94 35 avd.)

156 889 13 29 I
186 889 57 30 två
260 888 224 40 likalydande
501 888 183 34 motioner,
700 889 125 30 väckta
841 889 67 30 den
925 897 66 21 ena
1008 888 98 30 inom
1123 888 112 30 första
1252 888 209 29 kammaren
1477 897 43 21 av
1536 887 83 30 herr

110 938 204 31 Hesselbom
335 948 45 20 m.
399 939 39 39 fl.
464 939 46 34 (1:
526 939 59 34 41)
609 939 66 30 och
694 940 67 29 den
780 939 111 30 andra
910 939 97 30 inom
1027 939 112 30 andra
1157 939 208 29 kammaren
1385 947 43 21 av
1447 938 81 30 herr
1548 937 70 30 An-

109 989 167 29 dreasson
297 998 45 20 m.
361 989 39 39 fl.
426 988 63 33 (II:
505 988 75 34 38),
600 989 64 29 har
683 989 209 33 hemställts,
913 990 51 28 att
984 989 189 38 riksdagen
1193 989 10 28 i
1225 988 168 30 skrivelse
1416 988 49 29 till
1488 988 127 39 Kungl.

111 1040 105 39 Maj:t
232 1040 105 39 begär
355 1040 193 39 skyndsam
565 1039 187 41 utredning
769 1040 65 30 och
851 1040 132 40 förslag
999 1040 54 30 till
1073 1039 83 31 1958
1174 1040 56 30 års
1247 1039 144 40 riksdag
1408 1048 59 21 om
1484 1039 134 30 likstäl-

112 1091 107 39 lighet
240 1090 12 30 i
275 1090 137 40 princip
436 1090 130 30 mellan
588 1090 228 40 pensionärer
837 1090 59 31 vid
920 1099 42 21 av
986 1092 116 28 staten
1125 1091 190 38 övertagna
1337 1089 161 31 enskilda
1521 1089 98 40 järn-

110 1142 105 39 vägar
233 1141 65 29 och
318 1142 247 29 motsvarande
584 1140 226 41 pensionärer
828 1141 58 30 vid
906 1142 134 28 statens
1059 1140 199 40 järnvägar.

154 1242 67 29 Till
240 1243 77 29 stöd
336 1242 55 30 för
409 1241 268 41 ifrågavarande
695 1242 157 40 yrkande
871 1242 121 30 anförs
1011 1242 12 29 i
1042 1242 179 30 motionen
1240 1242 46 30 II:
1302 1241 42 31 38
1364 1241 168 40 följande.

152 1300 116 30 Under
287 1301 42 29 de
349 1309 121 21 senare
490 1301 102 29 årens
611 1300 184 40 riksdagar
813 1301 64 29 har
896 1300 10 30 i
925 1300 174 30 motioner
1118 1300 184 30 framförts
1322 1300 132 39 förslag
1474 1309 58 21 om
1551 1300 65 29 lik-

110 1342 176 40 ställighet
303 1343 11 29 i
330 1342 137 41 princip
484 1343 129 29 mellan
629 1342 228 41 pensionärer
872 1342 57 31 vid
947 1352 43 21 av
1006 1344 115 29 staten
1138 1343 190 39 övertagna
1344 1342 161 30 enskilda
1521 1342 97 40 järn-

108 1386 106 38 vägar
231 1385 66 30 och
317 1385 245 30 motsvarande
581 1384 228 40 pensionärer
825 1385 58 30 vid
902 1386 134 28 statens
1054 1385 199 39 järnvägar.

154 1427 65 31 Det
240 1427 112 30 måste
373 1436 102 20 anses
497 1436 83 20 vara
602 1428 49 29 ett
672 1426 233 31 rättvisekrav
925 1429 51 27 att
997 1427 115 29 denna
1136 1427 99 39 fråga
1256 1426 142 40 bringas
1422 1426 50 30 till
1496 1436 43 21 en
1562 1427 56 30 för

109 1469 148 30 berörda
277 1470 118 38 parter
417 1469 191 39 godtagbar
629 1468 148 40 lösning.

154 1512 49 29 De
221 1520 47 20 nu
287 1511 213 39 ålderstigna
517 1510 275 40 pensionärerna
809 1511 57 30 vid
884 1511 24 29 f.
926 1512 33 29 d.
977 1510 162 31 enskilda
1156 1510 190 40 järnvägar
1364 1512 38 28 är
1422 1512 114 29 sämre
1555 1511 63 29 lot-

110 1553 79 30 tade
211 1554 45 29 än
277 1553 42 29 de
340 1562 43 20 av
402 1553 101 30 deras
525 1553 178 30 kamrater
724 1562 75 21 som
821 1553 150 30 kommit
992 1553 11 29 i
1025 1553 210 39 åtnjutande
1258 1562 42 20 av
1323 1555 134 28 statens
1476 1553 141 39 järnvä-

110 1603 78 31 gars
207 1594 197 40 pensioner.
425 1595 59 29 Att
502 1595 115 30 denna
636 1594 132 31 olikhet
787 1595 159 40 uppstått
965 1595 66 29 har
1050 1594 109 31 delvis
1179 1595 55 29 sin
1254 1595 196 40 förklaring
1470 1595 76 30 däri
1566 1596 52 29 att

113 1637 82 30 1939
219 1637 58 30 års
301 1636 254 41 principbeslut
579 1646 58 21 om
660 1637 282 40 förstatligandet
966 1646 44 21 av
1033 1638 42 29 de
1099 1637 160 30 enskilda
1284 1637 235 40 järnvägarna
1544 1638 74 29 fick

110 1679 54 29 sin
187 1679 224 40 tillämpning
434 1679 89 30 först
545 1680 113 29 under
679 1680 84 30 åren
788 1679 227 31 1947—1948.
1039 1680 75 30 Vad
1137 1680 276 40 pensionärerna
1434 1679 58 31 vid
1515 1680 103 39 Berg-

110 1721 179 40 slagernas
313 1721 189 40 järnvägar
526 1721 173 30 beträffar
723 1722 214 30 tillkommer
962 1722 118 35 också,
1106 1731 75 21 som
1206 1722 214 30 framhållits
1446 1722 11 29 i
1483 1722 135 30 motion

112 1764 45 29 II:
176 1763 61 30 158
261 1763 54 30 till
341 1763 83 30 1956
448 1764 57 30 års
528 1763 154 40 riksdag,
707 1765 51 29 att
781 1764 41 30 de
846 1764 57 30 vid
928 1764 340 39 statsövertagandet
1292 1764 72 29 inte
1389 1764 113 30 skulle
1527 1764 91 30 bliva

111 1806 113 29 sämre
245 1805 127 30 ställda
392 1806 45 29 än
456 1805 275 40 pensionärerna
751 1805 57 31 vid
829 1807 133 29 statens
981 1806 200 39 järnvägar.
1203 1806 103 30 Detta
1328 1815 121 21 senare
1469 1816 63 20 var
1552 1807 64 29 och

111 1848 39 28 är
172 1847 62 30 allt
257 1847 220 30 fortfarande
501 1856 43 20 en
567 1848 131 29 allmän
721 1847 228 40 uppfattning
972 1848 107 30 bland
1104 1848 95 30 såväl
1224 1849 292 29 kommunalmän
1542 1858 77 20 som

109 1889 355 39 järnvägsanställda,
485 1890 87 29 även
592 1898 57 20 om
670 1890 57 30 det
747 1891 117 37 tyvärr
883 1890 31 39 ej
938 1890 84 29 kom
1042 1890 79 30 med
1141 1890 11 29 i
1173 1891 67 29 den
1261 1890 176 39 skriftliga
1457 1891 161 29 överens-

111 1931 192 29 kommelse
326 1939 75 21 som
423 1931 171 29 träffades
616 1931 57 30 vid
696 1931 257 39 försäljningen
975 1940 44 21 av
1040 1932 269 39 Bergslagernas
1331 1932 198 39 järnvägar.

158 2015 121 30 Såsom
297 2015 11 29 i
327 2015 219 29 motionerna
563 2016 217 33 omnämnes,
798 2016 64 29 har
879 2015 56 30 vid
954 2017 41 29 de
1014 2025 122 21 senare
1154 2016 101 30 årens
1274 2016 184 40 riksdagar
1475 2034 44 4 —
1536 2017 84 30 åren

114 2065 93 33 1952,
231 2065 94 33 1953,
348 2065 82 30 1954
449 2066 65 29 och
536 2066 83 29 1956
639 2084 43 2 —
700 2066 263 39 motionsvägen
984 2066 184 30 framförts
1189 2066 131 40 förslag
1340 2076 58 20 om
1418 2067 201 31 åstadkom-

112 2116 125 29 mande
257 2124 43 20 av
319 2115 196 40 principiell
536 2115 227 40 likställighet
784 2117 128 28 mellan
931 2117 65 29 här
1016 2117 268 38 ifrågavarande
1305 2117 228 39 pensionärer
1553 2118 66 29 och

114 2166 246 29 motsvarande
381 2165 227 39 pensionärer
628 2166 57 30 vid
707 2168 132 28 statens
859 2167 200 38 järnvägar.
1082 2167 66 30 Vid
1169 2167 57 30 två
1248 2167 162 30 tillfällen
1432 2185 43 3 —
1496 2168 125 29 nämli-

113 2223 65 30 gen
199 2215 11 28 i
231 2215 189 29 utskottets
443 2216 205 29 utlåtanden
669 2225 43 20 nr
734 2217 60 29 194
817 2216 56 30 vid
895 2217 84 28 1953
1000 2217 58 29 års
1078 2217 143 39 riksdag
1242 2217 65 29 och
1328 2226 42 20 nr
1391 2218 41 28 63
1454 2217 58 30 vid
1535 2218 84 29 1956

113 2265 57 28 års
193 2264 144 39 riksdag
359 2283 43 3 —
424 2265 64 30 har
512 2266 78 29 med
615 2266 121 29 siffror
758 2266 141 39 belysts,
923 2267 69 28 hur
1015 2266 339 39 pensionsvillkoren
1380 2268 163 38 gestaltat
1568 2267 52 39 sig

113 2315 73 29 före
206 2323 89 31 resp.
314 2315 89 29 efter
421 2316 339 38 statsövertagandet
780 2325 41 20 av
841 2317 40 28 de
901 2316 160 29 enskilda
1081 2316 246 39 järnvägarna.
1349 2317 66 29 Till
1436 2318 102 29 dessa
1559 2318 60 29 sif-

113 2364 234 39 feruppgifter
374 2365 56 29 må
457 2365 65 29 här
548 2365 175 30 hänvisas.
753 2366 112 30 Sedan
893 2366 193 30 emellertid
1114 2366 269 39 Bergslagernas
1411 2367 208 39 järnvägars

112 2414 372 41 pensionärsförening
503 2415 12 29 i
533 2424 41 21 en
594 2416 66 29 den
680 2415 40 31 27
739 2416 158 39 februari
917 2416 84 29 1957
1020 2416 229 39 dagtecknad,
1272 2416 52 29 till
1343 2417 170 30 utskottet
1533 2417 86 39 ingi-

114 2472 62 21 ven
196 2464 167 30 skrivelse
384 2465 107 29 riktat
510 2465 70 30 viss
599 2465 108 30 kritik
726 2468 72 27 mot
817 2467 41 29 de
878 2466 149 30 sålunda
1048 2467 160 29 lämnade
1229 2467 235 40 uppgifterna,
1485 2468 134 39 återges

141 2529 12 26 1
198 2530 112 30 Bihang
323 2531 47 23 till
381 2531 170 30 riksdagens
561 2532 149 30 protokoll
722 2532 75 24 1957.
817 2533 15 23 6
843 2532 83 24 saml.
943 2535 40 23 Nr
995 2534 31 23 70
