2208 2620
695 152 249 31 Statsutskottets
970 152 160 31 utlåtande
1154 151 52 31 Nr
1232 153 69 30 153.
1719 153 36 29 13

203 232 136 34 havare
369 234 46 45 på
444 244 130 22 senare
605 230 49 36 tid
688 231 76 35 viss
795 229 316 48 löneförbättring
1140 229 157 36 kommit
1326 229 55 35 till
1411 230 107 34 stånd
1550 229 80 36 dels
1660 243 136 34 genom

202 283 71 35 den
304 283 117 36 under
441 285 39 32 år
504 284 96 33 1918
624 282 183 48 vidtagna
828 282 270 47 förhöjningen
1119 295 45 21 av
1186 281 353 48 expeditionslösen,
1562 281 78 36 dels
1660 294 137 34 genom

203 334 61 36 det
291 333 252 50 provisoriska
572 307 235 79 lönetillägg,
839 346 78 23 som
941 333 256 36 innevarande
1217 332 156 47 riksdag
1402 332 154 36 beslutit
1586 310 140 57 tilldela
1756 332 43 35 de

204 385 362 48 häradshövdingar,
596 385 119 36 vilkas
745 384 286 48 sammanlagda
1060 384 176 36 behållna
1266 362 292 58 löneinkomster
1582 384 218 47 understiga

206 438 136 45 10,000
370 437 148 35 kronor.
579 437 69 35 Det
678 436 260 36 förstnämnda
954 409 389 79 inkomsttillskottet,
1364 435 69 36 den
1456 435 173 48 förhöjda
1650 435 150 48 expedi-

202 465 220 69 tionslösen,
451 488 106 35 torde
587 488 206 35 emellertid
822 493 197 43 uppvägas
1050 501 44 21 av
1125 487 120 35 ökade
1268 486 199 36 kostnader
1486 486 57 35 för
1563 487 62 35 det
1646 486 153 35 härads-

204 538 261 48 hövdingarna
506 538 204 48 åliggande
748 539 383 47 expeditionsarbetet
1169 551 48 21 m.
1250 551 46 21 m.
1327 538 67 34 och
1433 537 73 35 den
1544 537 255 48 provisoriska

202 589 277 48 löneökningen
510 590 118 45 torde,
658 590 154 35 särskilt
841 590 57 35 för
927 589 45 35 de
1001 589 123 48 lägsta
1144 588 330 47 inkomsttagarna
1503 587 110 36 bland
1645 587 154 36 härads-

204 641 274 49 hövdingarna,
513 642 36 34 få
591 654 112 23 anses
746 641 126 35 alltför
901 640 227 48 otillräcklig
1157 640 58 35 för
1244 645 51 30 att
1324 640 127 35 kunna
1480 645 190 30 motsvara
1698 639 102 36 befo-

203 692 97 49 gade
328 693 252 49 löneanspråk
609 692 82 37 från
722 693 127 35 dessas
877 692 89 36 sida.

333 745 57 35 En
433 744 158 37 särskild
622 744 206 57 svårighet
866 744 60 35 vid
956 744 193 47 reglering
1177 757 46 22 av
1249 742 422 49 häradshövdingarnas
1700 743 102 36 löner

204 797 125 48 ligger
370 796 207 36 emellertid
620 796 11 34 1
665 796 72 36 den
765 774 255 70 synnerligen
1038 773 108 58 stora
1168 794 192 58 ojämnhet
1388 795 9 34 i
1428 772 128 70 fråga
1565 808 59 22 om
1655 794 146 36 inkom-

204 854 88 40 ster,
336 848 310 35 domhavandena
676 848 10 35 i
715 848 45 35 de
784 838 104 45 olika
916 847 253 48 domsagorna
1198 847 156 47 åtnjuta.
1411 846 130 47 Enligt
1570 859 45 22 en
1645 845 156 48 utgiven

204 899 180 36 kalender
412 904 88 31 över
528 899 116 36 rikets
674 899 213 47 domsagor,
916 898 267 36 innehållande
1211 898 194 48 uppgifter
1425 911 59 22 om
1504 875 298 58 häradshövdin-

204 964 138 34 garnas
383 950 209 36 inkomster
630 950 58 36 för
717 953 87 33 åren
836 951 250 34 1915—1917
1118 949 120 36 skulle
1266 949 60 35 för
1353 948 191 48 åtskilliga
1574 948 229 36 häradshöv-

206 1002 136 48 dingar
383 1002 226 46 inkomsten,
652 1006 134 31 utöver
826 1001 85 36 med
953 1000 378 49 tjänsteutövningen
1377 999 212 37 förbundna
1635 1000 167 47 utgifter,

206 1053 146 49 årligen
380 1054 118 36 under
525 1053 165 36 nämnda
720 1056 39 33 år
787 1055 162 47 uppgått
977 1052 55 36 till
1062 1052 136 37 mellan
1231 1052 135 44 12,000
1395 1051 70 36 och
1494 1051 141 48 (högst)
1668 1052 136 46 17,600

205 1083 140 59 kronor
372 1127 49 4 —
450 1105 216 46 inkomster,
697 1118 79 23 som
811 1105 107 36 torde
956 1105 36 35 få
1030 1117 108 23 anses
1185 1080 183 71 tämligen
1414 1103 110 49 höga.
1607 1103 74 36 För
1717 1076 86 79 fler-

205 1158 91 35 talet
325 1157 116 36 andra
475 1157 353 48 häradshövdingar
858 1159 78 33 åter
955 1156 64 48 låg
1048 1156 268 36 motsvarande
1337 1155 167 36 inkomst
1523 1155 138 36 mellan
1691 1156 113 46 9,000

206 1209 70 36 och
321 1210 135 46 12,000
495 1209 151 46 kronor,
676 1209 119 35 under
824 1208 62 36 det
915 1213 53 31 att
997 1213 53 31 ett
1077 1208 82 36 icke
1188 1208 111 48 ringa
1328 1207 100 36 antal
1459 1209 169 45 angåvos
1658 1206 147 48 åtnjuta

206 1265 47 31 än
296 1260 146 37 mindre
484 1260 318 49 inkomstbelopp,
836 1260 98 36 ända
964 1260 71 35 ned
1065 1259 55 36 till
1149 1261 114 45 4,543
1292 1259 150 36 kronor.
1499 1258 224 49 Uppenbart
1753 1263 50 39 är,

206 1318 54 30 att
283 1312 142 48 jämväl
455 1312 94 36 efter
577 1312 62 36 det
668 1312 11 35 i
709 1314 39 33 år
775 1311 186 49 beviljade
991 1310 255 49 provisoriska
1275 1310 265 49 lönetillägget
1568 1309 235 37 sistnämnda

206 1363 293 37 löneinkomster
539 1366 118 33 måste
701 1376 108 23 anses
839 1363 57 35 för
924 1362 378 47 befattningshavare
1332 1362 84 35 med
1445 1375 46 22 en
1520 1361 288 36 domhavandes

205 1415 241 36 verksamhet
474 1415 69 36 och
572 1415 183 47 ställning
784 1414 125 36 alltför
937 1414 119 48 ringa.

335 1467 65 35 Ett
441 1466 237 37 avvaktande
709 1479 47 23 av
785 1466 71 36 den
886 1465 324 49 omorganisation
1239 1478 46 22 av
1315 1464 379 47 domstolsväsendet,
1724 1477 79 23 som

207 1519 192 36 förväntas
440 1519 51 36 bli
532 1523 54 31 ett
627 1518 156 37 resultat
825 1531 45 22 av
908 1517 473 50 processkommissionens
1410 1516 138 47 arbete,
1578 1529 113 36 synes
1721 1516 84 36 med

206 1571 148 48 hänsyn
396 1570 54 36 till
480 1570 45 36 de
554 1575 156 44 svagast
739 1570 182 36 avlönade
951 1568 405 49 häradshövdingarna
1384 1568 81 36 icke
1493 1581 90 23 vara
1610 1568 194 48 tillrådlig.

206 1622 16 35 I
264 1622 247 36 betraktande
553 1635 46 23 av
642 1627 53 31 att
732 1635 46 23 en
807 1621 106 49 dylik
942 1620 321 50 omorganisation
1293 1619 114 37 likväl
1436 1625 40 30 är
1503 1620 120 36 under
1651 1624 154 32 övervä-

206 1674 137 47 gande,
387 1674 105 36 torde
534 1673 208 37 emellertid
786 1687 45 22 en
864 1687 51 22 nu
944 1674 195 48 igångsatt
1167 1672 284 48 lönereglering
1479 1670 92 38 böra
1600 1671 205 49 begränsas

207 1725 56 36 till
301 1738 46 23 en
383 1724 150 50 partiell
570 1725 129 46 sådan,
729 1728 39 33 så
804 1725 204 46 anordnad,
1038 1730 53 31 att
1119 1724 82 36 icke
1229 1723 174 37 blivande
1432 1723 286 37 bestämmelser
1746 1736 59 23 om

207 1790 88 24 vare
323 1777 61 49 sig
402 1777 106 36 löner
528 1776 90 37 eller
642 1776 448 49 jurisdiktionsområden
1120 1776 221 48 därigenom
1371 1774 221 50 föregripas.
1636 1775 82 36 Den
1738 1775 73 36 bör

208 1829 120 46 alltså,
358 1828 118 49 enligt
503 1829 205 36 utskottets
737 1828 256 47 förmenande,
1022 1831 48 46 på
1099 1840 147 24 samma
1274 1830 106 45 gång
1400 1827 72 36 den
1491 1827 144 36 lämnar
1654 1826 157 36 härads-

207 1880 213 48 hövdingar
447 1881 11 35 i
486 1881 121 36 bättre
648 1880 270 49 löneställning
946 1879 196 47 oberörda,
1171 1881 51 46 gå
1250 1884 40 30 ut
1317 1881 49 46 på
1394 1891 46 23 en
1468 1878 218 49 utjämning
1712 1878 94 36 tills-

208 1932 128 37 vidare
373 1945 138 35 genom
549 1945 47 23 en
624 1932 232 49 förbättring
884 1946 47 22 av
959 1932 328 36 löneförmånerna
1315 1931 59 35 för
1401 1930 405 49 befattningshavarna

208 1984 11 36 i
248 1984 45 37 de
322 1984 238 37 ekonomiskt
598 1983 145 37 mindre
769 1997 255 35 gynnsamma
1056 1983 264 48 domsagorna.
1377 1982 77 36 Var
1481 1987 165 43 gränsen
1675 1982 58 36 för
1761 1995 46 23 en

208 2036 117 36 sådan
358 2035 281 49 lönereglering
680 2036 172 48 skäligen
893 2036 68 35 bör
1002 2041 115 31 sättas
1160 2034 71 36 och
1272 2034 120 36 under
1425 2034 128 36 vilken
1583 2033 96 37 form
1709 2039 99 31 samt

208 2087 84 36 med
321 2087 101 37 vilka
449 2087 136 49 belopp
614 2087 368 49 löneförbättringen
1011 2087 209 48 lämpligen
1240 2085 68 36 bör
1326 2088 104 46 utgå,
1451 2086 94 36 låter
1564 2085 61 49 sig
1644 2085 164 48 givetvis

208 2139 131 36 lättast
365 2139 180 36 bedömas
574 2141 48 47 på
649 2139 187 47 grundval
865 2152 46 23 av
939 2152 46 23 en
1014 2139 130 36 därom
1174 2137 206 37 verkställd
1411 2137 150 48 allsidig
1589 2137 216 48 utredning.

338 2191 128 36 Under
493 2191 232 48 hänvisning
752 2190 55 36 till
835 2191 73 36 vad
937 2190 157 37 sålunda
1122 2190 158 45 anförts,
1311 2189 56 36 får
1395 2189 184 36 utskottet
1598 2188 209 47 hemställa,

253 2303 128 45 Bihang
404 2304 48 31 till
475 2303 186 42 riksdagens
680 2303 159 41 protokoll
864 2303 94 31 1919.
997 2306 18 26 6
1039 2303 88 31 saml.
1153 2303 42 31 73
1218 2301 79 41 häft.
1321 2302 67 46 (Nr
1412 2302 199 33 151—153.)
1746 2302 18 30 3
