<?xml version="1.0" encoding="UTF-8"?>
<alto xmlns="http://www.loc.gov/standards/alto/ns-v3#" xmlns:xlink="http://www.w3.org/1999/xlink" xmlns:xsi="http://www.w3.org/2001/XMLSchema-instance" xsi:schemaLocation="http://www.loc.gov/standards/alto/ns-v3# http://www.loc.gov/alto/v3/alto-3-0.xsd">
	<Description>
		<MeasurementUnit>pixel</MeasurementUnit>
		<sourceImageInformation>
			<fileName>/tmp/tess_g061gf6w_input.PNG</fileName>
		</sourceImageInformation>
		<OCRProcessing ID="OCR_0">
			<ocrProcessingStep>
				<processingSoftware>
					<softwareName>tesseract 5.3.0</softwareName>
				</processingSoftware>
			</ocrProcessingStep>
		</OCRProcessing>
	</Description>
	<Layout>
		<Page WIDTH="2210" HEIGHT="2624" PHYSICAL_IMG_NR="0" ID="page_0">
			<PrintSpace HPOS="0" VPOS="0" WIDTH="2210" HEIGHT="2624">
				<ComposedBlock ID="cblock_0" HPOS="517" VPOS="211" WIDTH="1346" HEIGHT="40">
					<TextBlock ID="block_0" HPOS="517" VPOS="211" WIDTH="1346" HEIGHT="40">
						<TextLine ID="line_0" HPOS="517" VPOS="211" WIDTH="1346" HEIGHT="40">
							<String ID="string_0" HPOS="517" VPOS="216" WIDTH="106" HEIGHT="28" WC="0.96" CONTENT="Första"/><SP WIDTH="23" VPOS="216" HPOS="623"/>
							<String ID="string_1" HPOS="646" VPOS="215" WIDTH="185" HEIGHT="28" WC="0.96" CONTENT="kammarens"/><SP WIDTH="24" VPOS="215" HPOS="831"/>
							<String ID="string_2" HPOS="855" VPOS="213" WIDTH="123" HEIGHT="31" WC="0.95" CONTENT="andra"/><SP WIDTH="24" VPOS="213" HPOS="978"/>
							<String ID="string_3" HPOS="1002" VPOS="215" WIDTH="152" HEIGHT="36" WC="0.95" CONTENT="tillfälliga"/><SP WIDTH="24" VPOS="215" HPOS="1154"/>
							<String ID="string_4" HPOS="1178" VPOS="215" WIDTH="120" HEIGHT="27" WC="0.96" CONTENT="utskotts"/><SP WIDTH="23" VPOS="215" HPOS="1298"/>
							<String ID="string_5" HPOS="1321" VPOS="213" WIDTH="147" HEIGHT="29" WC="0.95" CONTENT="utlåtande"/><SP WIDTH="23" VPOS="213" HPOS="1468"/>
							<String ID="string_6" HPOS="1491" VPOS="213" WIDTH="47" HEIGHT="29" WC="0.95" CONTENT="Nr"/><SP WIDTH="23" VPOS="213" HPOS="1538"/>
							<String ID="string_7" HPOS="1561" VPOS="214" WIDTH="51" HEIGHT="27" WC="0.95" CONTENT="24."/><SP WIDTH="218" VPOS="214" HPOS="1612"/>
							<String ID="string_8" HPOS="1830" VPOS="211" WIDTH="33" HEIGHT="30" WC="0.95" CONTENT="11"/>
						</TextLine>
					</TextBlock>
				</ComposedBlock>
				<ComposedBlock ID="cblock_1" HPOS="268" VPOS="293" WIDTH="1604" HEIGHT="850">
					<TextBlock ID="block_1" HPOS="268" VPOS="293" WIDTH="1604" HEIGHT="846">
						<TextLine ID="line_1" HPOS="378" VPOS="293" WIDTH="1488" HEIGHT="47">
							<String ID="string_9" HPOS="378" VPOS="296" WIDTH="188" HEIGHT="35" WC="0.96" CONTENT="Utskottet"/><SP WIDTH="28" VPOS="296" HPOS="566"/>
							<String ID="string_10" HPOS="594" VPOS="307" WIDTH="102" HEIGHT="23" WC="0.96" CONTENT="anser"/><SP WIDTH="28" VPOS="307" HPOS="696"/>
							<String ID="string_11" HPOS="724" VPOS="295" WIDTH="56" HEIGHT="45" WC="0.96" CONTENT="sig"/><SP WIDTH="28" VPOS="295" HPOS="780"/>
							<String ID="string_12" HPOS="808" VPOS="295" WIDTH="56" HEIGHT="33" WC="0.96" CONTENT="för"/><SP WIDTH="28" VPOS="295" HPOS="864"/>
							<String ID="string_13" HPOS="892" VPOS="295" WIDTH="55" HEIGHT="34" WC="0.95" CONTENT="sin"/><SP WIDTH="29" VPOS="295" HPOS="947"/>
							<String ID="string_14" HPOS="976" VPOS="294" WIDTH="68" HEIGHT="45" WC="0.95" CONTENT="del,"/><SP WIDTH="31" VPOS="294" HPOS="1044"/>
							<String ID="string_15" HPOS="1075" VPOS="296" WIDTH="116" HEIGHT="33" WC="0.96" CONTENT="såsom"/><SP WIDTH="30" VPOS="296" HPOS="1191"/>
							<String ID="string_16" HPOS="1221" VPOS="294" WIDTH="157" HEIGHT="46" WC="0.96" CONTENT="framgår"/><SP WIDTH="28" VPOS="294" HPOS="1378"/>
							<String ID="string_17" HPOS="1406" VPOS="306" WIDTH="44" HEIGHT="22" WC="0.96" CONTENT="av"/><SP WIDTH="29" VPOS="306" HPOS="1450"/>
							<String ID="string_18" HPOS="1479" VPOS="293" WIDTH="62" HEIGHT="35" WC="0.96" CONTENT="det"/><SP WIDTH="28" VPOS="293" HPOS="1541"/>
							<String ID="string_19" HPOS="1569" VPOS="293" WIDTH="109" HEIGHT="35" WC="0.95" CONTENT="redan"/><SP WIDTH="26" VPOS="293" HPOS="1678"/>
							<String ID="string_20" HPOS="1704" VPOS="293" WIDTH="162" HEIGHT="41" WC="0.95" CONTENT="anförda,"/>
						</TextLine>
						<TextLine ID="line_2" HPOS="270" VPOS="346" WIDTH="1595" HEIGHT="49">
							<String ID="string_21" HPOS="270" VPOS="350" WIDTH="6" HEIGHT="33" WC="0.96" CONTENT="i"/><SP WIDTH="31" VPOS="350" HPOS="276"/>
							<String ID="string_22" HPOS="307" VPOS="349" WIDTH="198" HEIGHT="46" WC="0.96" CONTENT="anledning"/><SP WIDTH="28" VPOS="349" HPOS="505"/>
							<String ID="string_23" HPOS="533" VPOS="361" WIDTH="44" HEIGHT="22" WC="0.96" CONTENT="av"/><SP WIDTH="28" VPOS="361" HPOS="577"/>
							<String ID="string_24" HPOS="605" VPOS="349" WIDTH="226" HEIGHT="33" WC="0.96" CONTENT="motionerna"/><SP WIDTH="30" VPOS="349" HPOS="831"/>
							<String ID="string_25" HPOS="861" VPOS="348" WIDTH="84" HEIGHT="34" WC="0.96" CONTENT="böra"/><SP WIDTH="15" VPOS="348" HPOS="945"/>
							<String ID="string_26" HPOS="960" VPOS="348" WIDTH="193" HEIGHT="46" WC="0.96" CONTENT="tillstyrka,"/><SP WIDTH="16" VPOS="348" HPOS="1153"/>
							<String ID="string_27" HPOS="1169" VPOS="350" WIDTH="54" HEIGHT="32" WC="0.96" CONTENT="att"/><SP WIDTH="15" VPOS="350" HPOS="1223"/>
							<String ID="string_28" HPOS="1238" VPOS="347" WIDTH="214" HEIGHT="46" WC="0.92" CONTENT="riksdagen"/><SP WIDTH="-18" VPOS="347" HPOS="1452"/>
							<String ID="string_29" HPOS="1434" VPOS="342" WIDTH="19" HEIGHT="57" WC="0.92" CONTENT="i"/><SP WIDTH="14" VPOS="342" HPOS="1453"/>
							<String ID="string_30" HPOS="1467" VPOS="346" WIDTH="170" HEIGHT="35" WC="0.96" CONTENT="skrivelse"/><SP WIDTH="17" VPOS="346" HPOS="1637"/>
							<String ID="string_31" HPOS="1654" VPOS="346" WIDTH="55" HEIGHT="35" WC="0.96" CONTENT="till"/><SP WIDTH="17" VPOS="346" HPOS="1709"/>
							<String ID="string_32" HPOS="1726" VPOS="346" WIDTH="139" HEIGHT="46" WC="0.96" CONTENT="Kungl."/>
						</TextLine>
						<TextLine ID="line_3" HPOS="269" VPOS="399" WIDTH="1600" HEIGHT="49">
							<String ID="string_33" HPOS="269" VPOS="402" WIDTH="108" HEIGHT="46" WC="0.96" CONTENT="Maj:t"/><SP WIDTH="28" VPOS="402" HPOS="377"/>
							<String ID="string_34" HPOS="405" VPOS="404" WIDTH="113" HEIGHT="32" WC="0.96" CONTENT="måtte"/><SP WIDTH="28" VPOS="404" HPOS="518"/>
							<String ID="string_35" HPOS="546" VPOS="402" WIDTH="131" HEIGHT="46" WC="0.96" CONTENT="begära"/><SP WIDTH="29" VPOS="402" HPOS="677"/>
							<String ID="string_36" HPOS="706" VPOS="401" WIDTH="195" HEIGHT="46" WC="0.96" CONTENT="utredning"/><SP WIDTH="28" VPOS="401" HPOS="901"/>
							<String ID="string_37" HPOS="929" VPOS="401" WIDTH="12" HEIGHT="34" WC="0.96" CONTENT="i"/><SP WIDTH="28" VPOS="401" HPOS="941"/>
							<String ID="string_38" HPOS="969" VPOS="401" WIDTH="96" HEIGHT="47" WC="0.95" CONTENT="syfte"/><SP WIDTH="20" VPOS="401" HPOS="1065"/>
							<String ID="string_39" HPOS="1085" VPOS="402" WIDTH="55" HEIGHT="33" WC="0.93" CONTENT="att"/><SP WIDTH="19" VPOS="402" HPOS="1140"/>
							<String ID="string_40" HPOS="1159" VPOS="400" WIDTH="180" HEIGHT="48" WC="0.92" CONTENT="uppställa"/><SP WIDTH="15" VPOS="400" HPOS="1339"/>
							<String ID="string_41" HPOS="1354" VPOS="402" WIDTH="53" HEIGHT="32" WC="0.96" CONTENT="ett"/><SP WIDTH="16" VPOS="402" HPOS="1407"/>
							<String ID="string_42" HPOS="1423" VPOS="400" WIDTH="61" HEIGHT="34" WC="0.96" CONTENT="det"/><SP WIDTH="14" VPOS="400" HPOS="1484"/>
							<String ID="string_43" HPOS="1498" VPOS="400" WIDTH="199" HEIGHT="34" WC="0.93" CONTENT="allmännas"/><SP WIDTH="12" VPOS="400" HPOS="1697"/>
							<String ID="string_44" HPOS="1709" VPOS="399" WIDTH="160" HEIGHT="35" WC="0.92" CONTENT="bostads-"/>
						</TextLine>
						<TextLine ID="line_4" HPOS="270" VPOS="452" WIDTH="1599" HEIGHT="50">
							<String ID="string_45" HPOS="270" VPOS="468" WIDTH="177" HEIGHT="34" WC="0.96" CONTENT="program,"/><SP WIDTH="31" VPOS="468" HPOS="447"/>
							<String ID="string_46" HPOS="478" VPOS="467" WIDTH="76" HEIGHT="23" WC="0.96" CONTENT="som"/><SP WIDTH="30" VPOS="467" HPOS="554"/>
							<String ID="string_47" HPOS="584" VPOS="455" WIDTH="71" HEIGHT="34" WC="0.96" CONTENT="kan"/><SP WIDTH="29" VPOS="455" HPOS="655"/>
							<String ID="string_48" HPOS="684" VPOS="454" WIDTH="114" HEIGHT="34" WC="0.96" CONTENT="befria"/><SP WIDTH="28" VPOS="454" HPOS="798"/>
							<String ID="string_49" HPOS="826" VPOS="454" WIDTH="122" HEIGHT="34" WC="0.95" CONTENT="landet"/><SP WIDTH="29" VPOS="454" HPOS="948"/>
							<String ID="string_50" HPOS="977" VPOS="454" WIDTH="78" HEIGHT="35" WC="0.96" CONTENT="från"/><SP WIDTH="31" VPOS="454" HPOS="1055"/>
							<String ID="string_51" HPOS="1086" VPOS="454" WIDTH="70" HEIGHT="35" WC="0.96" CONTENT="den"/><SP WIDTH="29" VPOS="454" HPOS="1156"/>
							<String ID="string_52" HPOS="1185" VPOS="453" WIDTH="207" HEIGHT="35" WC="0.91" CONTENT="nuvarande"/><SP WIDTH="29" VPOS="453" HPOS="1392"/>
							<String ID="string_53" HPOS="1421" VPOS="452" WIDTH="278" HEIGHT="35" WC="0.91" CONTENT="bostadsnöden."/><SP WIDTH="41" VPOS="452" HPOS="1699"/>
							<String ID="string_54" HPOS="1740" VPOS="452" WIDTH="129" HEIGHT="35" WC="0.61" CONTENT="Social-"/>
						</TextLine>
						<TextLine ID="line_5" HPOS="268" VPOS="505" WIDTH="1601" HEIGHT="50">
							<String ID="string_55" HPOS="268" VPOS="508" WIDTH="173" HEIGHT="47" WC="0.96" CONTENT="styrelsen"/><SP WIDTH="29" VPOS="508" HPOS="441"/>
							<String ID="string_56" HPOS="470" VPOS="508" WIDTH="64" HEIGHT="34" WC="0.96" CONTENT="har"/><SP WIDTH="29" VPOS="508" HPOS="534"/>
							<String ID="string_57" HPOS="563" VPOS="510" WIDTH="88" HEIGHT="32" WC="0.96" CONTENT="utan"/><SP WIDTH="28" VPOS="510" HPOS="651"/>
							<String ID="string_58" HPOS="679" VPOS="508" WIDTH="112" HEIGHT="33" WC="0.96" CONTENT="tvivel"/><SP WIDTH="29" VPOS="508" HPOS="791"/>
							<String ID="string_59" HPOS="820" VPOS="507" WIDTH="116" HEIGHT="46" WC="0.96" CONTENT="inlagt"/><SP WIDTH="28" VPOS="507" HPOS="936"/>
							<String ID="string_60" HPOS="964" VPOS="519" WIDTH="44" HEIGHT="22" WC="0.96" CONTENT="en"/><SP WIDTH="29" VPOS="519" HPOS="1008"/>
							<String ID="string_61" HPOS="1037" VPOS="510" WIDTH="74" HEIGHT="32" WC="0.96" CONTENT="stor"/><SP WIDTH="29" VPOS="510" HPOS="1111"/>
							<String ID="string_62" HPOS="1140" VPOS="507" WIDTH="171" HEIGHT="46" WC="0.96" CONTENT="förtjänst"/><SP WIDTH="27" VPOS="507" HPOS="1311"/>
							<String ID="string_63" HPOS="1338" VPOS="518" WIDTH="132" HEIGHT="34" WC="0.95" CONTENT="genom"/><SP WIDTH="29" VPOS="518" HPOS="1470"/>
							<String ID="string_64" HPOS="1499" VPOS="507" WIDTH="55" HEIGHT="32" WC="0.69" CONTENT="att"/><SP WIDTH="11" VPOS="507" HPOS="1554"/>
							<String ID="string_65" HPOS="1565" VPOS="501" WIDTH="15" HEIGHT="58" WC="0.52" CONTENT="i"/><SP WIDTH="-6" VPOS="501" HPOS="1580"/>
							<String ID="string_66" HPOS="1574" VPOS="506" WIDTH="91" HEIGHT="34" WC="0.52" CONTENT="sitt"/><SP WIDTH="19" VPOS="506" HPOS="1665"/>
							<String ID="string_67" HPOS="1684" VPOS="505" WIDTH="185" HEIGHT="35" WC="0.95" CONTENT="utlåtande"/>
						</TextLine>
						<TextLine ID="line_6" HPOS="268" VPOS="557" WIDTH="1601" HEIGHT="50">
							<String ID="string_68" HPOS="268" VPOS="560" WIDTH="150" HEIGHT="35" WC="0.92" CONTENT="skissera"/><SP WIDTH="33" VPOS="560" HPOS="418"/>
							<String ID="string_69" HPOS="451" VPOS="562" WIDTH="53" HEIGHT="33" WC="0.96" CONTENT="ett"/><SP WIDTH="33" VPOS="562" HPOS="504"/>
							<String ID="string_70" HPOS="537" VPOS="559" WIDTH="121" HEIGHT="48" WC="0.96" CONTENT="dylikt"/><SP WIDTH="27" VPOS="559" HPOS="658"/>
							<String ID="string_71" HPOS="685" VPOS="572" WIDTH="180" HEIGHT="34" WC="0.96" CONTENT="program,"/><SP WIDTH="31" VPOS="572" HPOS="865"/>
							<String ID="string_72" HPOS="896" VPOS="571" WIDTH="76" HEIGHT="22" WC="0.96" CONTENT="som"/><SP WIDTH="30" VPOS="571" HPOS="972"/>
							<String ID="string_73" HPOS="1002" VPOS="560" WIDTH="11" HEIGHT="33" WC="0.96" CONTENT="i"/><SP WIDTH="29" VPOS="560" HPOS="1013"/>
							<String ID="string_74" HPOS="1042" VPOS="559" WIDTH="62" HEIGHT="35" WC="0.96" CONTENT="det"/><SP WIDTH="28" VPOS="559" HPOS="1104"/>
							<String ID="string_75" HPOS="1132" VPOS="561" WIDTH="95" HEIGHT="33" WC="0.96" CONTENT="stora"/><SP WIDTH="28" VPOS="561" HPOS="1227"/>
							<String ID="string_76" HPOS="1255" VPOS="559" WIDTH="82" HEIGHT="34" WC="0.96" CONTENT="hela"/><SP WIDTH="27" VPOS="559" HPOS="1337"/>
							<String ID="string_77" HPOS="1364" VPOS="569" WIDTH="106" HEIGHT="36" WC="0.96" CONTENT="synes"/><SP WIDTH="29" VPOS="569" HPOS="1470"/>
							<String ID="string_78" HPOS="1499" VPOS="557" WIDTH="104" HEIGHT="35" WC="0.96" CONTENT="klokt"/><SP WIDTH="28" VPOS="557" HPOS="1603"/>
							<String ID="string_79" HPOS="1631" VPOS="558" WIDTH="67" HEIGHT="34" WC="0.96" CONTENT="och"/><SP WIDTH="29" VPOS="558" HPOS="1698"/>
							<String ID="string_80" HPOS="1727" VPOS="557" WIDTH="57" HEIGHT="34" WC="0.93" CONTENT="väl"/><SP WIDTH="28" VPOS="557" HPOS="1784"/>
							<String ID="string_81" HPOS="1812" VPOS="570" WIDTH="57" HEIGHT="22" WC="0.92" CONTENT="av-"/>
						</TextLine>
						<TextLine ID="line_7" HPOS="270" VPOS="611" WIDTH="1600" HEIGHT="49">
							<String ID="string_82" HPOS="270" VPOS="615" WIDTH="96" HEIGHT="45" WC="0.95" CONTENT="vägt."/><SP WIDTH="59" VPOS="615" HPOS="366"/>
							<String ID="string_83" HPOS="425" VPOS="612" WIDTH="190" HEIGHT="36" WC="0.95" CONTENT="Utskottet"/><SP WIDTH="33" VPOS="612" HPOS="615"/>
							<String ID="string_84" HPOS="648" VPOS="612" WIDTH="114" HEIGHT="35" WC="0.96" CONTENT="skulle"/><SP WIDTH="35" VPOS="612" HPOS="762"/>
							<String ID="string_85" HPOS="797" VPOS="612" WIDTH="56" HEIGHT="34" WC="0.96" CONTENT="för"/><SP WIDTH="32" VPOS="612" HPOS="853"/>
							<String ID="string_86" HPOS="885" VPOS="612" WIDTH="55" HEIGHT="35" WC="0.96" CONTENT="sin"/><SP WIDTH="30" VPOS="612" HPOS="940"/>
							<String ID="string_87" HPOS="970" VPOS="611" WIDTH="57" HEIGHT="35" WC="0.96" CONTENT="del"/><SP WIDTH="29" VPOS="611" HPOS="1027"/>
							<String ID="string_88" HPOS="1056" VPOS="611" WIDTH="91" HEIGHT="35" WC="0.96" CONTENT="dock"/><SP WIDTH="29" VPOS="611" HPOS="1147"/>
							<String ID="string_89" HPOS="1176" VPOS="611" WIDTH="87" HEIGHT="47" WC="0.96" CONTENT="vilja"/><SP WIDTH="29" VPOS="611" HPOS="1263"/>
							<String ID="string_90" HPOS="1292" VPOS="611" WIDTH="200" HEIGHT="42" WC="0.96" CONTENT="framhålla,"/><SP WIDTH="32" VPOS="611" HPOS="1492"/>
							<String ID="string_91" HPOS="1524" VPOS="612" WIDTH="55" HEIGHT="33" WC="0.96" CONTENT="att"/><SP WIDTH="28" VPOS="612" HPOS="1579"/>
							<String ID="string_92" HPOS="1607" VPOS="611" WIDTH="263" HEIGHT="34" WC="0.96" CONTENT="kommunerna"/>
						</TextLine>
						<TextLine ID="line_8" HPOS="269" VPOS="663" WIDTH="1600" HEIGHT="49">
							<String ID="string_93" HPOS="269" VPOS="666" WIDTH="110" HEIGHT="35" WC="0.96" CONTENT="borde"/><SP WIDTH="42" VPOS="666" HPOS="379"/>
							<String ID="string_94" HPOS="421" VPOS="666" WIDTH="123" HEIGHT="35" WC="0.96" CONTENT="kunna"/><SP WIDTH="42" VPOS="666" HPOS="544"/>
							<String ID="string_95" HPOS="586" VPOS="665" WIDTH="135" HEIGHT="36" WC="0.95" CONTENT="erhålla"/><SP WIDTH="42" VPOS="665" HPOS="721"/>
							<String ID="string_96" HPOS="763" VPOS="678" WIDTH="43" HEIGHT="23" WC="0.96" CONTENT="en"/><SP WIDTH="43" VPOS="678" HPOS="806"/>
							<String ID="string_97" HPOS="849" VPOS="668" WIDTH="44" HEIGHT="31" WC="0.96" CONTENT="än"/><SP WIDTH="42" VPOS="668" HPOS="893"/>
							<String ID="string_98" HPOS="935" VPOS="677" WIDTH="98" HEIGHT="23" WC="0.95" CONTENT="mera"/><SP WIDTH="41" VPOS="677" HPOS="1033"/>
							<String ID="string_99" HPOS="1074" VPOS="665" WIDTH="101" HEIGHT="35" WC="0.96" CONTENT="aktiv"/><SP WIDTH="28" VPOS="665" HPOS="1175"/>
							<String ID="string_100" HPOS="1203" VPOS="664" WIDTH="68" HEIGHT="36" WC="0.96" CONTENT="roll"/><SP WIDTH="27" VPOS="664" HPOS="1271"/>
							<String ID="string_101" HPOS="1298" VPOS="665" WIDTH="56" HEIGHT="34" WC="0.93" CONTENT="uti"/><SP WIDTH="31" VPOS="665" HPOS="1354"/>
							<String ID="string_102" HPOS="1385" VPOS="663" WIDTH="414" HEIGHT="49" WC="0.91" CONTENT="bostadsproduktionen"/><SP WIDTH="26" VPOS="663" HPOS="1799"/>
							<String ID="string_103" HPOS="1825" VPOS="666" WIDTH="44" HEIGHT="32" WC="0.97" CONTENT="än"/>
						</TextLine>
						<TextLine ID="line_9" HPOS="269" VPOS="717" WIDTH="1602" HEIGHT="51">
							<String ID="string_104" HPOS="269" VPOS="720" WIDTH="285" HEIGHT="48" WC="0.96" CONTENT="socialstyrelsen"/><SP WIDTH="39" VPOS="720" HPOS="554"/>
							<String ID="string_105" HPOS="593" VPOS="732" WIDTH="106" HEIGHT="35" WC="0.96" CONTENT="synes"/><SP WIDTH="29" VPOS="732" HPOS="699"/>
							<String ID="string_106" HPOS="728" VPOS="719" WIDTH="86" HEIGHT="47" WC="0.96" CONTENT="vilja"/><SP WIDTH="27" VPOS="719" HPOS="814"/>
							<String ID="string_107" HPOS="841" VPOS="718" WIDTH="139" HEIGHT="35" WC="0.96" CONTENT="tilldela"/><SP WIDTH="28" VPOS="718" HPOS="980"/>
							<String ID="string_108" HPOS="1008" VPOS="718" WIDTH="92" HEIGHT="36" WC="0.95" CONTENT="dem."/><SP WIDTH="59" VPOS="718" HPOS="1100"/>
							<String ID="string_109" HPOS="1159" VPOS="718" WIDTH="264" HEIGHT="35" WC="0.75" CONTENT="Erfarenheten"/><SP WIDTH="28" VPOS="718" HPOS="1423"/>
							<String ID="string_110" HPOS="1451" VPOS="717" WIDTH="103" HEIGHT="35" WC="0.97" CONTENT="torde"/><SP WIDTH="29" VPOS="717" HPOS="1554"/>
							<String ID="string_111" HPOS="1583" VPOS="717" WIDTH="184" HEIGHT="47" WC="0.96" CONTENT="nämligen"/><SP WIDTH="30" VPOS="717" HPOS="1767"/>
							<String ID="string_112" HPOS="1797" VPOS="729" WIDTH="74" HEIGHT="22" WC="0.96" CONTENT="mer"/>
						</TextLine>
						<TextLine ID="line_10" HPOS="270" VPOS="770" WIDTH="1600" HEIGHT="48">
							<String ID="string_113" HPOS="270" VPOS="774" WIDTH="67" HEIGHT="34" WC="0.96" CONTENT="och"/><SP WIDTH="29" VPOS="774" HPOS="337"/>
							<String ID="string_114" HPOS="366" VPOS="786" WIDTH="75" HEIGHT="22" WC="0.96" CONTENT="mer"/><SP WIDTH="27" VPOS="786" HPOS="441"/>
							<String ID="string_115" HPOS="468" VPOS="773" WIDTH="157" HEIGHT="35" WC="0.96" CONTENT="bestämt"/><SP WIDTH="28" VPOS="773" HPOS="625"/>
							<String ID="string_116" HPOS="653" VPOS="773" WIDTH="145" HEIGHT="35" WC="0.96" CONTENT="komma"/><SP WIDTH="29" VPOS="773" HPOS="798"/>
							<String ID="string_117" HPOS="827" VPOS="774" WIDTH="54" HEIGHT="33" WC="0.96" CONTENT="att"/><SP WIDTH="28" VPOS="774" HPOS="881"/>
							<String ID="string_118" HPOS="909" VPOS="773" WIDTH="85" HEIGHT="43" WC="0.96" CONTENT="visa,"/><SP WIDTH="32" VPOS="773" HPOS="994"/>
							<String ID="string_119" HPOS="1026" VPOS="774" WIDTH="54" HEIGHT="33" WC="0.96" CONTENT="att"/><SP WIDTH="28" VPOS="774" HPOS="1080"/>
							<String ID="string_120" HPOS="1108" VPOS="772" WIDTH="263" HEIGHT="35" WC="0.96" CONTENT="kommunerna"/><SP WIDTH="28" VPOS="772" HPOS="1371"/>
							<String ID="string_121" HPOS="1399" VPOS="771" WIDTH="112" HEIGHT="47" WC="0.96" CONTENT="själva"/><SP WIDTH="19" VPOS="771" HPOS="1511"/>
							<String ID="string_122" HPOS="1530" VPOS="771" WIDTH="13" HEIGHT="34" WC="0.96" CONTENT="i"/><SP WIDTH="19" VPOS="771" HPOS="1543"/>
							<String ID="string_123" HPOS="1562" VPOS="771" WIDTH="93" HEIGHT="35" WC="0.96" CONTENT="vissa"/><SP WIDTH="19" VPOS="771" HPOS="1655"/>
							<String ID="string_124" HPOS="1674" VPOS="770" WIDTH="64" HEIGHT="35" WC="0.96" CONTENT="fall"/><SP WIDTH="19" VPOS="770" HPOS="1738"/>
							<String ID="string_125" HPOS="1757" VPOS="772" WIDTH="113" HEIGHT="33" WC="0.95" CONTENT="måste"/>
						</TextLine>
						<TextLine ID="line_11" HPOS="271" VPOS="823" WIDTH="1599" HEIGHT="51">
							<String ID="string_126" HPOS="271" VPOS="827" WIDTH="120" HEIGHT="47" WC="0.94" CONTENT="bygga"/><SP WIDTH="41" VPOS="827" HPOS="391"/>
							<String ID="string_127" HPOS="432" VPOS="826" WIDTH="225" HEIGHT="36" WC="0.92" CONTENT="bostadshus."/><SP WIDTH="59" VPOS="826" HPOS="657"/>
							<String ID="string_128" HPOS="716" VPOS="826" WIDTH="99" HEIGHT="47" WC="0.90" CONTENT="Eljes"/><SP WIDTH="42" VPOS="826" HPOS="815"/>
							<String ID="string_129" HPOS="857" VPOS="838" WIDTH="105" HEIGHT="35" WC="0.96" CONTENT="synes"/><SP WIDTH="42" VPOS="838" HPOS="962"/>
							<String ID="string_130" HPOS="1004" VPOS="838" WIDTH="45" HEIGHT="22" WC="0.96" CONTENT="en"/><SP WIDTH="44" VPOS="838" HPOS="1049"/>
							<String ID="string_131" HPOS="1093" VPOS="825" WIDTH="70" HEIGHT="47" WC="0.96" CONTENT="god"/><SP WIDTH="40" VPOS="825" HPOS="1163"/>
							<String ID="string_132" HPOS="1203" VPOS="829" WIDTH="69" HEIGHT="43" WC="0.95" CONTENT="väg"/><SP WIDTH="37" VPOS="829" HPOS="1272"/>
							<String ID="string_133" HPOS="1309" VPOS="824" WIDTH="149" HEIGHT="47" WC="0.95" CONTENT="erbjuda"/><SP WIDTH="22" VPOS="824" HPOS="1458"/>
							<String ID="string_134" HPOS="1480" VPOS="824" WIDTH="56" HEIGHT="47" WC="0.96" CONTENT="sig"/><SP WIDTH="28" VPOS="824" HPOS="1536"/>
							<String ID="string_135" HPOS="1564" VPOS="825" WIDTH="56" HEIGHT="34" WC="0.96" CONTENT="uti"/><SP WIDTH="29" VPOS="825" HPOS="1620"/>
							<String ID="string_136" HPOS="1649" VPOS="837" WIDTH="45" HEIGHT="21" WC="0.95" CONTENT="en"/><SP WIDTH="29" VPOS="837" HPOS="1694"/>
							<String ID="string_137" HPOS="1723" VPOS="823" WIDTH="147" HEIGHT="35" WC="0.95" CONTENT="effektiv"/>
						</TextLine>
						<TextLine ID="line_12" HPOS="270" VPOS="876" WIDTH="1601" HEIGHT="51">
							<String ID="string_138" HPOS="270" VPOS="882" WIDTH="248" HEIGHT="45" WC="0.95" CONTENT="uppmuntran"/><SP WIDTH="49" VPOS="882" HPOS="518"/>
							<String ID="string_139" HPOS="567" VPOS="882" WIDTH="55" HEIGHT="32" WC="0.92" CONTENT="att"/><SP WIDTH="36" VPOS="882" HPOS="622"/>
							<String ID="string_140" HPOS="658" VPOS="879" WIDTH="98" HEIGHT="34" WC="0.95" CONTENT="bilda"/><SP WIDTH="42" VPOS="879" HPOS="756"/>
							<String ID="string_141" HPOS="798" VPOS="879" WIDTH="233" HEIGHT="47" WC="0.92" CONTENT="kooperativa"/><SP WIDTH="42" VPOS="879" HPOS="1031"/>
							<String ID="string_142" HPOS="1073" VPOS="878" WIDTH="410" HEIGHT="48" WC="0.92" CONTENT="byggnadsföreningar,"/><SP WIDTH="30" VPOS="878" HPOS="1483"/>
							<String ID="string_143" HPOS="1513" VPOS="877" WIDTH="58" HEIGHT="35" WC="0.95" CONTENT="till"/><SP WIDTH="28" VPOS="877" HPOS="1571"/>
							<String ID="string_144" HPOS="1599" VPOS="877" WIDTH="98" HEIGHT="35" WC="0.96" CONTENT="vilka"/><SP WIDTH="28" VPOS="877" HPOS="1697"/>
							<String ID="string_145" HPOS="1725" VPOS="876" WIDTH="61" HEIGHT="35" WC="0.93" CONTENT="det"/><SP WIDTH="23" VPOS="876" HPOS="1786"/>
							<String ID="string_146" HPOS="1809" VPOS="877" WIDTH="62" HEIGHT="34" WC="0.87" CONTENT="all-"/>
						</TextLine>
						<TextLine ID="line_13" HPOS="270" VPOS="929" WIDTH="1599" HEIGHT="50">
							<String ID="string_147" HPOS="270" VPOS="936" WIDTH="131" HEIGHT="31" WC="0.90" CONTENT="männa"/><SP WIDTH="39" VPOS="936" HPOS="401"/>
							<String ID="string_148" HPOS="440" VPOS="932" WIDTH="114" HEIGHT="35" WC="0.96" CONTENT="under"/><SP WIDTH="28" VPOS="932" HPOS="554"/>
							<String ID="string_149" HPOS="582" VPOS="931" WIDTH="207" HEIGHT="36" WC="0.96" CONTENT="nuvarande"/><SP WIDTH="29" VPOS="931" HPOS="789"/>
							<String ID="string_150" HPOS="818" VPOS="931" WIDTH="144" HEIGHT="60" WC="0.96" CONTENT="tryckta"/><SP WIDTH="27" VPOS="931" HPOS="962"/>
							<String ID="string_151" HPOS="989" VPOS="931" WIDTH="95" HEIGHT="35" WC="0.96" CONTENT="tider"/><SP WIDTH="29" VPOS="931" HPOS="1084"/>
							<String ID="string_152" HPOS="1113" VPOS="931" WIDTH="111" HEIGHT="35" WC="0.95" CONTENT="borde"/><SP WIDTH="40" VPOS="931" HPOS="1224"/>
							<String ID="string_153" HPOS="1264" VPOS="932" WIDTH="124" HEIGHT="34" WC="0.95" CONTENT="kunna"/><SP WIDTH="28" VPOS="932" HPOS="1388"/>
							<String ID="string_154" HPOS="1416" VPOS="931" WIDTH="120" HEIGHT="34" WC="0.96" CONTENT="lämna"/><SP WIDTH="28" VPOS="931" HPOS="1536"/>
							<String ID="string_155" HPOS="1564" VPOS="930" WIDTH="127" HEIGHT="47" WC="0.96" CONTENT="billiga"/><SP WIDTH="28" VPOS="930" HPOS="1691"/>
							<String ID="string_156" HPOS="1719" VPOS="930" WIDTH="59" HEIGHT="34" WC="0.96" CONTENT="lån"/><SP WIDTH="25" VPOS="930" HPOS="1778"/>
							<String ID="string_157" HPOS="1803" VPOS="929" WIDTH="66" HEIGHT="35" WC="0.96" CONTENT="och"/>
						</TextLine>
						<TextLine ID="line_14" HPOS="270" VPOS="984" WIDTH="1602" HEIGHT="49">
							<String ID="string_158" HPOS="270" VPOS="986" WIDTH="171" HEIGHT="47" WC="0.96" CONTENT="möjligen"/><SP WIDTH="32" VPOS="986" HPOS="441"/>
							<String ID="string_159" HPOS="473" VPOS="988" WIDTH="91" HEIGHT="33" WC="0.96" CONTENT="även"/><SP WIDTH="28" VPOS="988" HPOS="564"/>
							<String ID="string_160" HPOS="592" VPOS="985" WIDTH="135" HEIGHT="47" WC="0.96" CONTENT="anslag."/><SP WIDTH="57" VPOS="985" HPOS="727"/>
							<String ID="string_161" HPOS="784" VPOS="984" WIDTH="59" HEIGHT="35" WC="0.56" CONTENT="En"/><SP WIDTH="28" VPOS="984" HPOS="843"/>
							<String ID="string_162" HPOS="871" VPOS="984" WIDTH="157" HEIGHT="35" WC="0.96" CONTENT="revision"/><SP WIDTH="28" VPOS="984" HPOS="1028"/>
							<String ID="string_163" HPOS="1056" VPOS="997" WIDTH="44" HEIGHT="22" WC="0.96" CONTENT="av"/><SP WIDTH="30" VPOS="997" HPOS="1100"/>
							<String ID="string_164" HPOS="1130" VPOS="984" WIDTH="43" HEIGHT="35" WC="0.95" CONTENT="de"/><SP WIDTH="28" VPOS="984" HPOS="1173"/>
							<String ID="string_165" HPOS="1201" VPOS="984" WIDTH="278" HEIGHT="43" WC="0.96" CONTENT="bestämmelser,"/><SP WIDTH="32" VPOS="984" HPOS="1479"/>
							<String ID="string_166" HPOS="1511" VPOS="995" WIDTH="78" HEIGHT="23" WC="0.96" CONTENT="som"/><SP WIDTH="25" VPOS="995" HPOS="1589"/>
							<String ID="string_167" HPOS="1614" VPOS="995" WIDTH="81" HEIGHT="23" WC="0.96" CONTENT="avse"/><SP WIDTH="16" VPOS="995" HPOS="1695"/>
							<String ID="string_168" HPOS="1711" VPOS="985" WIDTH="55" HEIGHT="33" WC="0.93" CONTENT="att"/><SP WIDTH="14" VPOS="985" HPOS="1766"/>
							<String ID="string_169" HPOS="1780" VPOS="995" WIDTH="92" HEIGHT="35" WC="0.92" CONTENT="upp-"/>
						</TextLine>
						<TextLine ID="line_15" HPOS="270" VPOS="1029" WIDTH="1600" HEIGHT="58">
							<String ID="string_170" HPOS="270" VPOS="1041" WIDTH="145" HEIGHT="33" WC="0.96" CONTENT="muntra"/><SP WIDTH="29" VPOS="1041" HPOS="415"/>
							<String ID="string_171" HPOS="444" VPOS="1038" WIDTH="243" HEIGHT="49" WC="0.96" CONTENT="uppförandet"/><SP WIDTH="27" VPOS="1038" HPOS="687"/>
							<String ID="string_172" HPOS="714" VPOS="1051" WIDTH="44" HEIGHT="22" WC="0.96" CONTENT="av"/><SP WIDTH="29" VPOS="1051" HPOS="758"/>
							<String ID="string_173" HPOS="787" VPOS="1050" WIDTH="91" HEIGHT="35" WC="0.96" CONTENT="egna"/><SP WIDTH="28" VPOS="1050" HPOS="878"/>
							<String ID="string_174" HPOS="906" VPOS="1038" WIDTH="95" HEIGHT="44" WC="0.96" CONTENT="hem,"/><SP WIDTH="30" VPOS="1038" HPOS="1001"/>
							<String ID="string_175" HPOS="1031" VPOS="1037" WIDTH="103" HEIGHT="36" WC="0.96" CONTENT="torde"/><SP WIDTH="11" VPOS="1037" HPOS="1134"/>
							<String ID="string_176" HPOS="1145" VPOS="1029" WIDTH="112" HEIGHT="44" WC="0.96" CONTENT="också"/><SP WIDTH="19" VPOS="1029" HPOS="1257"/>
							<String ID="string_177" HPOS="1276" VPOS="1037" WIDTH="86" HEIGHT="35" WC="0.96" CONTENT="böra"/><SP WIDTH="12" VPOS="1037" HPOS="1362"/>
							<String ID="string_178" HPOS="1374" VPOS="1039" WIDTH="104" HEIGHT="46" WC="0.96" CONTENT="tagas"/><SP WIDTH="16" VPOS="1039" HPOS="1478"/>
							<String ID="string_179" HPOS="1494" VPOS="1036" WIDTH="115" HEIGHT="36" WC="0.96" CONTENT="under"/><SP WIDTH="13" VPOS="1036" HPOS="1609"/>
							<String ID="string_180" HPOS="1622" VPOS="1035" WIDTH="248" HEIGHT="48" WC="0.95" CONTENT="övervägande"/>
						</TextLine>
						<TextLine ID="line_16" HPOS="269" VPOS="1064" WIDTH="838" HEIGHT="79">
							<String ID="string_181" HPOS="269" VPOS="1092" WIDTH="61" HEIGHT="36" WC="0.96" CONTENT="vid"/><SP WIDTH="29" VPOS="1092" HPOS="330"/>
							<String ID="string_182" HPOS="359" VPOS="1106" WIDTH="45" HEIGHT="22" WC="0.96" CONTENT="en"/><SP WIDTH="29" VPOS="1106" HPOS="404"/>
							<String ID="string_183" HPOS="433" VPOS="1092" WIDTH="199" HEIGHT="36" WC="0.95" CONTENT="eventuellt"/><SP WIDTH="22" VPOS="1092" HPOS="632"/>
							<String ID="string_184" HPOS="654" VPOS="1091" WIDTH="217" HEIGHT="36" WC="0.96" CONTENT="kommande"/><SP WIDTH="29" VPOS="1091" HPOS="871"/>
							<String ID="string_185" HPOS="900" VPOS="1064" WIDTH="207" HEIGHT="79" WC="0.88" CONTENT="utredning."/>
						</TextLine>
					</TextBlock>
				</ComposedBlock>
				<ComposedBlock ID="cblock_2" HPOS="270" VPOS="1170" WIDTH="1604" HEIGHT="531">
					<TextBlock ID="block_2" HPOS="270" VPOS="1170" WIDTH="1604" HEIGHT="531">
						<TextLine ID="line_17" HPOS="377" VPOS="1170" WIDTH="1495" HEIGHT="49">
							<String ID="string_186" HPOS="377" VPOS="1173" WIDTH="69" HEIGHT="35" WC="0.96" CONTENT="Om"/><SP WIDTH="42" VPOS="1173" HPOS="446"/>
							<String ID="string_187" HPOS="488" VPOS="1173" WIDTH="181" HEIGHT="35" WC="0.90" CONTENT="utskottet"/><SP WIDTH="41" VPOS="1173" HPOS="669"/>
							<String ID="string_188" HPOS="710" VPOS="1172" WIDTH="151" HEIGHT="35" WC="0.96" CONTENT="sålunda"/><SP WIDTH="36" VPOS="1172" HPOS="861"/>
							<String ID="string_189" HPOS="897" VPOS="1172" WIDTH="13" HEIGHT="34" WC="0.95" CONTENT="i"/><SP WIDTH="27" VPOS="1172" HPOS="910"/>
							<String ID="string_190" HPOS="937" VPOS="1171" WIDTH="118" HEIGHT="36" WC="0.96" CONTENT="likhet"/><SP WIDTH="28" VPOS="1171" HPOS="1055"/>
							<String ID="string_191" HPOS="1083" VPOS="1172" WIDTH="217" HEIGHT="35" WC="0.96" CONTENT="framförallt"/><SP WIDTH="27" VPOS="1172" HPOS="1300"/>
							<String ID="string_192" HPOS="1327" VPOS="1170" WIDTH="83" HEIGHT="36" WC="0.94" CONTENT="med"/><SP WIDTH="30" VPOS="1170" HPOS="1410"/>
							<String ID="string_193" HPOS="1440" VPOS="1170" WIDTH="285" HEIGHT="49" WC="0.94" CONTENT="socialstyrelsen"/><SP WIDTH="28" VPOS="1170" HPOS="1725"/>
							<String ID="string_194" HPOS="1753" VPOS="1172" WIDTH="119" HEIGHT="33" WC="0.95" CONTENT="ansett"/>
						</TextLine>
						<TextLine ID="line_18" HPOS="270" VPOS="1223" WIDTH="1600" HEIGHT="51">
							<String ID="string_195" HPOS="270" VPOS="1228" WIDTH="56" HEIGHT="45" WC="0.96" CONTENT="sig"/><SP WIDTH="44" VPOS="1228" HPOS="326"/>
							<String ID="string_196" HPOS="370" VPOS="1227" WIDTH="86" HEIGHT="34" WC="0.96" CONTENT="böra"/><SP WIDTH="40" VPOS="1227" HPOS="456"/>
							<String ID="string_197" HPOS="496" VPOS="1226" WIDTH="93" HEIGHT="47" WC="0.96" CONTENT="peka"/><SP WIDTH="42" VPOS="1226" HPOS="589"/>
							<String ID="string_198" HPOS="631" VPOS="1228" WIDTH="46" HEIGHT="46" WC="0.96" CONTENT="på"/><SP WIDTH="41" VPOS="1228" HPOS="677"/>
							<String ID="string_199" HPOS="718" VPOS="1226" WIDTH="94" HEIGHT="35" WC="0.93" CONTENT="vissa"/><SP WIDTH="28" VPOS="1226" HPOS="812"/>
							<String ID="string_200" HPOS="840" VPOS="1227" WIDTH="164" HEIGHT="45" WC="0.92" CONTENT="utvägar,"/><SP WIDTH="31" VPOS="1227" HPOS="1004"/>
							<String ID="string_201" HPOS="1035" VPOS="1237" WIDTH="77" HEIGHT="22" WC="0.96" CONTENT="som"/><SP WIDTH="29" VPOS="1237" HPOS="1112"/>
							<String ID="string_202" HPOS="1141" VPOS="1225" WIDTH="150" HEIGHT="47" WC="0.96" CONTENT="erbjuda"/><SP WIDTH="23" VPOS="1225" HPOS="1291"/>
							<String ID="string_203" HPOS="1314" VPOS="1225" WIDTH="56" HEIGHT="47" WC="0.96" CONTENT="sig"/><SP WIDTH="27" VPOS="1225" HPOS="1370"/>
							<String ID="string_204" HPOS="1397" VPOS="1224" WIDTH="62" HEIGHT="35" WC="0.91" CONTENT="vid"/><SP WIDTH="25" VPOS="1224" HPOS="1459"/>
							<String ID="string_205" HPOS="1484" VPOS="1223" WIDTH="242" HEIGHT="36" WC="0.91" CONTENT="bedömandet"/><SP WIDTH="28" VPOS="1223" HPOS="1726"/>
							<String ID="string_206" HPOS="1754" VPOS="1236" WIDTH="44" HEIGHT="22" WC="0.96" CONTENT="av"/><SP WIDTH="29" VPOS="1236" HPOS="1798"/>
							<String ID="string_207" HPOS="1827" VPOS="1223" WIDTH="43" HEIGHT="35" WC="0.96" CONTENT="de"/>
						</TextLine>
						<TextLine ID="line_19" HPOS="272" VPOS="1277" WIDTH="1600" HEIGHT="49">
							<String ID="string_208" HPOS="272" VPOS="1279" WIDTH="178" HEIGHT="47" WC="0.95" CONTENT="åtgärder,"/><SP WIDTH="30" VPOS="1279" HPOS="450"/>
							<String ID="string_209" HPOS="480" VPOS="1291" WIDTH="78" HEIGHT="23" WC="0.96" CONTENT="som"/><SP WIDTH="28" VPOS="1291" HPOS="558"/>
							<String ID="string_210" HPOS="586" VPOS="1279" WIDTH="123" HEIGHT="34" WC="0.96" CONTENT="kunna"/><SP WIDTH="29" VPOS="1279" HPOS="709"/>
							<String ID="string_211" HPOS="738" VPOS="1291" WIDTH="44" HEIGHT="23" WC="0.96" CONTENT="av"/><SP WIDTH="29" VPOS="1291" HPOS="782"/>
							<String ID="string_212" HPOS="811" VPOS="1278" WIDTH="277" HEIGHT="36" WC="0.96" CONTENT="statsmakterna"/><SP WIDTH="27" VPOS="1278" HPOS="1088"/>
							<String ID="string_213" HPOS="1115" VPOS="1278" WIDTH="166" HEIGHT="48" WC="0.96" CONTENT="vidtagas"/><SP WIDTH="27" VPOS="1278" HPOS="1281"/>
							<String ID="string_214" HPOS="1308" VPOS="1278" WIDTH="57" HEIGHT="35" WC="0.97" CONTENT="för"/><SP WIDTH="29" VPOS="1278" HPOS="1365"/>
							<String ID="string_215" HPOS="1394" VPOS="1290" WIDTH="44" HEIGHT="23" WC="0.96" CONTENT="en"/><SP WIDTH="25" VPOS="1290" HPOS="1438"/>
							<String ID="string_216" HPOS="1463" VPOS="1277" WIDTH="146" HEIGHT="47" WC="0.96" CONTENT="lösning"/><SP WIDTH="19" VPOS="1277" HPOS="1609"/>
							<String ID="string_217" HPOS="1628" VPOS="1290" WIDTH="44" HEIGHT="22" WC="0.96" CONTENT="av"/><SP WIDTH="15" VPOS="1290" HPOS="1672"/>
							<String ID="string_218" HPOS="1687" VPOS="1277" WIDTH="70" HEIGHT="35" WC="0.93" CONTENT="den"/><SP WIDTH="13" VPOS="1277" HPOS="1757"/>
							<String ID="string_219" HPOS="1770" VPOS="1277" WIDTH="102" HEIGHT="35" WC="0.93" CONTENT="brän-"/>
						</TextLine>
						<TextLine ID="line_20" HPOS="272" VPOS="1330" WIDTH="1601" HEIGHT="49">
							<String ID="string_220" HPOS="272" VPOS="1333" WIDTH="117" HEIGHT="35" WC="0.88" CONTENT="nande"/><SP WIDTH="29" VPOS="1333" HPOS="389"/>
							<String ID="string_221" HPOS="418" VPOS="1332" WIDTH="287" HEIGHT="47" WC="0.88" CONTENT="bostadsfrågan,"/><SP WIDTH="47" VPOS="1332" HPOS="705"/>
							<String ID="string_222" HPOS="752" VPOS="1333" WIDTH="38" HEIGHT="34" WC="0.96" CONTENT="så"/><SP WIDTH="38" VPOS="1333" HPOS="790"/>
							<String ID="string_223" HPOS="828" VPOS="1332" WIDTH="150" HEIGHT="35" WC="0.96" CONTENT="innebär"/><SP WIDTH="41" VPOS="1332" HPOS="978"/>
							<String ID="string_224" HPOS="1019" VPOS="1331" WIDTH="62" HEIGHT="36" WC="0.96" CONTENT="det"/><SP WIDTH="42" VPOS="1331" HPOS="1081"/>
							<String ID="string_225" HPOS="1123" VPOS="1331" WIDTH="91" HEIGHT="36" WC="0.96" CONTENT="dock"/><SP WIDTH="41" VPOS="1331" HPOS="1214"/>
							<String ID="string_226" HPOS="1255" VPOS="1331" WIDTH="79" HEIGHT="36" WC="0.96" CONTENT="icke"/><SP WIDTH="39" VPOS="1331" HPOS="1334"/>
							<String ID="string_227" HPOS="1373" VPOS="1334" WIDTH="55" HEIGHT="32" WC="0.96" CONTENT="att"/><SP WIDTH="27" VPOS="1334" HPOS="1428"/>
							<String ID="string_228" HPOS="1455" VPOS="1330" WIDTH="246" HEIGHT="48" WC="0.96" CONTENT="utredningen"/><SP WIDTH="27" VPOS="1330" HPOS="1701"/>
							<String ID="string_229" HPOS="1728" VPOS="1331" WIDTH="65" HEIGHT="34" WC="0.93" CONTENT="bör"/><SP WIDTH="27" VPOS="1331" HPOS="1793"/>
							<String ID="string_230" HPOS="1820" VPOS="1331" WIDTH="53" HEIGHT="34" WC="0.91" CONTENT="in-"/>
						</TextLine>
						<TextLine ID="line_21" HPOS="271" VPOS="1384" WIDTH="1598" HEIGHT="48">
							<String ID="string_231" HPOS="271" VPOS="1386" WIDTH="157" HEIGHT="36" WC="0.92" CONTENT="skränka"/><SP WIDTH="27" VPOS="1386" HPOS="428"/>
							<String ID="string_232" HPOS="455" VPOS="1386" WIDTH="56" HEIGHT="46" WC="0.96" CONTENT="sig"/><SP WIDTH="27" VPOS="1386" HPOS="511"/>
							<String ID="string_233" HPOS="538" VPOS="1386" WIDTH="58" HEIGHT="35" WC="0.96" CONTENT="till"/><SP WIDTH="19" VPOS="1386" HPOS="596"/>
							<String ID="string_234" HPOS="615" VPOS="1386" WIDTH="66" HEIGHT="35" WC="0.96" CONTENT="här"/><SP WIDTH="29" VPOS="1386" HPOS="681"/>
							<String ID="string_235" HPOS="710" VPOS="1385" WIDTH="87" HEIGHT="35" WC="0.96" CONTENT="eller"/><SP WIDTH="27" VPOS="1385" HPOS="797"/>
							<String ID="string_236" HPOS="824" VPOS="1385" WIDTH="13" HEIGHT="34" WC="0.96" CONTENT="i"/><SP WIDTH="29" VPOS="1385" HPOS="837"/>
							<String ID="string_237" HPOS="866" VPOS="1384" WIDTH="44" HEIGHT="36" WC="0.93" CONTENT="de"/><SP WIDTH="28" VPOS="1384" HPOS="910"/>
							<String ID="string_238" HPOS="938" VPOS="1385" WIDTH="207" HEIGHT="35" WC="0.91" CONTENT="infordrade"/><SP WIDTH="31" VPOS="1385" HPOS="1145"/>
							<String ID="string_239" HPOS="1176" VPOS="1384" WIDTH="235" HEIGHT="36" WC="0.92" CONTENT="utlåtandena"/><SP WIDTH="33" VPOS="1384" HPOS="1411"/>
							<String ID="string_240" HPOS="1444" VPOS="1384" WIDTH="152" HEIGHT="35" WC="0.96" CONTENT="anförda"/><SP WIDTH="34" VPOS="1384" HPOS="1596"/>
							<String ID="string_241" HPOS="1630" VPOS="1384" WIDTH="239" HEIGHT="48" WC="0.96" CONTENT="synpunkter."/>
						</TextLine>
						<TextLine ID="line_22" HPOS="272" VPOS="1437" WIDTH="1600" HEIGHT="50">
							<String ID="string_242" HPOS="272" VPOS="1440" WIDTH="174" HEIGHT="35" WC="0.96" CONTENT="Tvärtom"/><SP WIDTH="33" VPOS="1440" HPOS="446"/>
							<String ID="string_243" HPOS="479" VPOS="1442" WIDTH="38" HEIGHT="32" WC="0.96" CONTENT="är"/><SP WIDTH="24" VPOS="1442" HPOS="517"/>
							<String ID="string_244" HPOS="541" VPOS="1439" WIDTH="61" HEIGHT="35" WC="0.97" CONTENT="det"/><SP WIDTH="28" VPOS="1439" HPOS="602"/>
							<String ID="string_245" HPOS="630" VPOS="1439" WIDTH="198" HEIGHT="36" WC="0.96" CONTENT="utskottets"/><SP WIDTH="28" VPOS="1439" HPOS="828"/>
							<String ID="string_246" HPOS="856" VPOS="1439" WIDTH="252" HEIGHT="48" WC="0.95" CONTENT="uppfattning,"/><SP WIDTH="32" VPOS="1439" HPOS="1108"/>
							<String ID="string_247" HPOS="1140" VPOS="1440" WIDTH="54" HEIGHT="34" WC="0.96" CONTENT="att"/><SP WIDTH="28" VPOS="1440" HPOS="1194"/>
							<String ID="string_248" HPOS="1222" VPOS="1451" WIDTH="45" HEIGHT="22" WC="0.96" CONTENT="en"/><SP WIDTH="28" VPOS="1451" HPOS="1267"/>
							<String ID="string_249" HPOS="1295" VPOS="1437" WIDTH="168" HEIGHT="36" WC="0.96" CONTENT="blivande"/><SP WIDTH="29" VPOS="1437" HPOS="1463"/>
							<String ID="string_250" HPOS="1492" VPOS="1437" WIDTH="198" HEIGHT="47" WC="0.96" CONTENT="utredning"/><SP WIDTH="27" VPOS="1437" HPOS="1690"/>
							<String ID="string_251" HPOS="1717" VPOS="1437" WIDTH="66" HEIGHT="35" WC="0.96" CONTENT="bör"/><SP WIDTH="27" VPOS="1437" HPOS="1783"/>
							<String ID="string_252" HPOS="1810" VPOS="1449" WIDTH="62" HEIGHT="36" WC="0.96" CONTENT="ges"/>
						</TextLine>
						<TextLine ID="line_23" HPOS="271" VPOS="1491" WIDTH="1603" HEIGHT="49">
							<String ID="string_253" HPOS="271" VPOS="1493" WIDTH="70" HEIGHT="36" WC="0.96" CONTENT="full"/><SP WIDTH="27" VPOS="1493" HPOS="341"/>
							<String ID="string_254" HPOS="368" VPOS="1493" WIDTH="113" HEIGHT="36" WC="0.96" CONTENT="frihet"/><SP WIDTH="27" VPOS="1493" HPOS="481"/>
							<String ID="string_255" HPOS="508" VPOS="1495" WIDTH="56" HEIGHT="34" WC="0.97" CONTENT="att"/><SP WIDTH="28" VPOS="1495" HPOS="564"/>
							<String ID="string_256" HPOS="592" VPOS="1496" WIDTH="177" HEIGHT="44" WC="0.96" CONTENT="överväga"/><SP WIDTH="28" VPOS="1496" HPOS="769"/>
							<String ID="string_257" HPOS="797" VPOS="1492" WIDTH="69" HEIGHT="35" WC="0.96" CONTENT="alla"/><SP WIDTH="28" VPOS="1492" HPOS="866"/>
							<String ID="string_258" HPOS="894" VPOS="1492" WIDTH="154" HEIGHT="48" WC="0.96" CONTENT="uppslag"/><SP WIDTH="28" VPOS="1492" HPOS="1048"/>
							<String ID="string_259" HPOS="1076" VPOS="1504" WIDTH="78" HEIGHT="23" WC="0.96" CONTENT="som"/><SP WIDTH="28" VPOS="1504" HPOS="1154"/>
							<String ID="string_260" HPOS="1182" VPOS="1492" WIDTH="124" HEIGHT="35" WC="0.95" CONTENT="kunna"/><SP WIDTH="28" VPOS="1492" HPOS="1306"/>
							<String ID="string_261" HPOS="1334" VPOS="1491" WIDTH="241" HEIGHT="35" WC="0.96" CONTENT="framkomma"/><SP WIDTH="28" VPOS="1491" HPOS="1575"/>
							<String ID="string_262" HPOS="1603" VPOS="1491" WIDTH="13" HEIGHT="34" WC="0.95" CONTENT="i"/><SP WIDTH="28" VPOS="1491" HPOS="1616"/>
							<String ID="string_263" HPOS="1644" VPOS="1491" WIDTH="95" HEIGHT="48" WC="0.95" CONTENT="syfte"/><SP WIDTH="18" VPOS="1491" HPOS="1739"/>
							<String ID="string_264" HPOS="1757" VPOS="1493" WIDTH="55" HEIGHT="33" WC="0.96" CONTENT="att"/><SP WIDTH="15" VPOS="1493" HPOS="1812"/>
							<String ID="string_265" HPOS="1827" VPOS="1492" WIDTH="47" HEIGHT="34" WC="0.96" CONTENT="nå"/>
						</TextLine>
						<TextLine ID="line_24" HPOS="272" VPOS="1544" WIDTH="1602" HEIGHT="50">
							<String ID="string_266" HPOS="272" VPOS="1549" WIDTH="54" HEIGHT="33" WC="0.96" CONTENT="ett"/><SP WIDTH="27" VPOS="1549" HPOS="326"/>
							<String ID="string_267" HPOS="353" VPOS="1549" WIDTH="82" HEIGHT="45" WC="0.96" CONTENT="gott"/><SP WIDTH="26" VPOS="1549" HPOS="435"/>
							<String ID="string_268" HPOS="461" VPOS="1546" WIDTH="161" HEIGHT="36" WC="0.95" CONTENT="resultat."/><SP WIDTH="58" VPOS="1546" HPOS="622"/>
							<String ID="string_269" HPOS="680" VPOS="1545" WIDTH="253" HEIGHT="36" WC="0.95" CONTENT="Huvudsaken"/><SP WIDTH="29" VPOS="1545" HPOS="933"/>
							<String ID="string_270" HPOS="962" VPOS="1548" WIDTH="38" HEIGHT="32" WC="0.95" CONTENT="är"/><SP WIDTH="28" VPOS="1548" HPOS="1000"/>
							<String ID="string_271" HPOS="1028" VPOS="1547" WIDTH="54" HEIGHT="34" WC="0.93" CONTENT="att"/><SP WIDTH="29" VPOS="1547" HPOS="1082"/>
							<String ID="string_272" HPOS="1111" VPOS="1545" WIDTH="346" HEIGHT="48" WC="0.91" CONTENT="bostadsproblemet"/><SP WIDTH="16" VPOS="1545" HPOS="1457"/>
							<String ID="string_273" HPOS="1473" VPOS="1546" WIDTH="178" HEIGHT="46" WC="0.92" CONTENT="upptages"/><SP WIDTH="18" VPOS="1546" HPOS="1651"/>
							<String ID="string_274" HPOS="1669" VPOS="1544" WIDTH="58" HEIGHT="36" WC="0.92" CONTENT="till"/><SP WIDTH="14" VPOS="1544" HPOS="1727"/>
							<String ID="string_275" HPOS="1741" VPOS="1544" WIDTH="133" HEIGHT="47" WC="0.92" CONTENT="grund-"/>
						</TextLine>
						<TextLine ID="line_25" HPOS="272" VPOS="1598" WIDTH="1600" HEIGHT="50">
							<String ID="string_276" HPOS="272" VPOS="1601" WIDTH="51" HEIGHT="47" WC="0.96" CONTENT="lig"/><SP WIDTH="28" VPOS="1601" HPOS="323"/>
							<String ID="string_277" HPOS="351" VPOS="1601" WIDTH="68" HEIGHT="35" WC="0.96" CONTENT="och"/><SP WIDTH="28" VPOS="1601" HPOS="419"/>
							<String ID="string_278" HPOS="447" VPOS="1600" WIDTH="165" HEIGHT="47" WC="0.95" CONTENT="allvarlig"/><SP WIDTH="28" VPOS="1600" HPOS="612"/>
							<String ID="string_279" HPOS="640" VPOS="1600" WIDTH="182" HEIGHT="48" WC="0.96" CONTENT="prövning"/><SP WIDTH="27" VPOS="1600" HPOS="822"/>
							<String ID="string_280" HPOS="849" VPOS="1600" WIDTH="69" HEIGHT="35" WC="0.96" CONTENT="och"/><SP WIDTH="27" VPOS="1600" HPOS="918"/>
							<String ID="string_281" HPOS="945" VPOS="1601" WIDTH="55" HEIGHT="33" WC="0.96" CONTENT="att"/><SP WIDTH="28" VPOS="1601" HPOS="1000"/>
							<String ID="string_282" HPOS="1028" VPOS="1598" WIDTH="118" HEIGHT="36" WC="0.96" CONTENT="denna"/><SP WIDTH="27" VPOS="1598" HPOS="1146"/>
							<String ID="string_283" HPOS="1173" VPOS="1599" WIDTH="183" HEIGHT="48" WC="0.96" CONTENT="prövning"/><SP WIDTH="27" VPOS="1599" HPOS="1356"/>
							<String ID="string_284" HPOS="1383" VPOS="1600" WIDTH="60" HEIGHT="34" WC="0.95" CONTENT="må"/><SP WIDTH="27" VPOS="1600" HPOS="1443"/>
							<String ID="string_285" HPOS="1470" VPOS="1598" WIDTH="81" HEIGHT="35" WC="0.94" CONTENT="leda"/><SP WIDTH="28" VPOS="1598" HPOS="1551"/>
							<String ID="string_286" HPOS="1579" VPOS="1598" WIDTH="58" HEIGHT="35" WC="0.94" CONTENT="till"/><SP WIDTH="19" VPOS="1598" HPOS="1637"/>
							<String ID="string_287" HPOS="1656" VPOS="1598" WIDTH="134" HEIGHT="35" WC="0.96" CONTENT="snabba"/><SP WIDTH="15" VPOS="1598" HPOS="1790"/>
							<String ID="string_288" HPOS="1805" VPOS="1599" WIDTH="67" HEIGHT="34" WC="0.96" CONTENT="och"/>
						</TextLine>
						<TextLine ID="line_26" HPOS="271" VPOS="1652" WIDTH="1038" HEIGHT="49">
							<String ID="string_289" HPOS="271" VPOS="1654" WIDTH="171" HEIGHT="35" WC="0.96" CONTENT="effektiva"/><SP WIDTH="28" VPOS="1654" HPOS="442"/>
							<String ID="string_290" HPOS="470" VPOS="1653" WIDTH="167" HEIGHT="48" WC="0.96" CONTENT="åtgärder"/><SP WIDTH="28" VPOS="1653" HPOS="637"/>
							<String ID="string_291" HPOS="665" VPOS="1653" WIDTH="58" HEIGHT="36" WC="0.90" CONTENT="till"/><SP WIDTH="27" VPOS="1653" HPOS="723"/>
							<String ID="string_292" HPOS="750" VPOS="1652" WIDTH="285" HEIGHT="36" WC="0.90" CONTENT="bostadsnödens"/><SP WIDTH="23" VPOS="1652" HPOS="1035"/>
							<String ID="string_293" HPOS="1058" VPOS="1652" WIDTH="251" HEIGHT="49" WC="0.96" CONTENT="avhjälpande."/>
						</TextLine>
					</TextBlock>
				</ComposedBlock>
				<ComposedBlock ID="cblock_3" HPOS="271" VPOS="1732" WIDTH="1603" HEIGHT="155">
					<TextBlock ID="block_3" HPOS="271" VPOS="1732" WIDTH="1603" HEIGHT="155">
						<TextLine ID="line_27" HPOS="377" VPOS="1732" WIDTH="1497" HEIGHT="50">
							<String ID="string_294" HPOS="377" VPOS="1734" WIDTH="89" HEIGHT="35" WC="0.96" CONTENT="Med"/><SP WIDTH="28" VPOS="1734" HPOS="466"/>
							<String ID="string_295" HPOS="494" VPOS="1733" WIDTH="225" HEIGHT="49" WC="0.96" CONTENT="åberopande"/><SP WIDTH="29" VPOS="1733" HPOS="719"/>
							<String ID="string_296" HPOS="748" VPOS="1745" WIDTH="44" HEIGHT="23" WC="0.96" CONTENT="av"/><SP WIDTH="24" VPOS="1745" HPOS="792"/>
							<String ID="string_297" HPOS="816" VPOS="1732" WIDTH="62" HEIGHT="36" WC="0.96" CONTENT="det"/><SP WIDTH="27" VPOS="1732" HPOS="878"/>
							<String ID="string_298" HPOS="905" VPOS="1732" WIDTH="151" HEIGHT="36" WC="0.93" CONTENT="anförda"/><SP WIDTH="28" VPOS="1732" HPOS="1056"/>
							<String ID="string_299" HPOS="1084" VPOS="1732" WIDTH="212" HEIGHT="36" WC="0.91" CONTENT="hemställde"/><SP WIDTH="29" VPOS="1732" HPOS="1296"/>
							<String ID="string_300" HPOS="1325" VPOS="1732" WIDTH="180" HEIGHT="36" WC="0.96" CONTENT="utskottet"/><SP WIDTH="19" VPOS="1732" HPOS="1505"/>
							<String ID="string_301" HPOS="1524" VPOS="1732" WIDTH="104" HEIGHT="35" WC="0.95" CONTENT="alltså"/><SP WIDTH="18" VPOS="1732" HPOS="1628"/>
							<String ID="string_302" HPOS="1646" VPOS="1732" WIDTH="13" HEIGHT="34" WC="0.96" CONTENT="i"/><SP WIDTH="19" VPOS="1732" HPOS="1659"/>
							<String ID="string_303" HPOS="1678" VPOS="1732" WIDTH="196" HEIGHT="47" WC="0.96" CONTENT="anledning"/>
						</TextLine>
						<TextLine ID="line_28" HPOS="271" VPOS="1785" WIDTH="1602" HEIGHT="47">
							<String ID="string_304" HPOS="271" VPOS="1800" WIDTH="44" HEIGHT="22" WC="0.96" CONTENT="av"/><SP WIDTH="28" VPOS="1800" HPOS="315"/>
							<String ID="string_305" HPOS="343" VPOS="1788" WIDTH="227" HEIGHT="35" WC="0.96" CONTENT="motionerna"/><SP WIDTH="28" VPOS="1788" HPOS="570"/>
							<String ID="string_306" HPOS="598" VPOS="1800" WIDTH="43" HEIGHT="22" WC="0.96" CONTENT="nr"/><SP WIDTH="30" VPOS="1800" HPOS="641"/>
							<String ID="string_307" HPOS="671" VPOS="1787" WIDTH="88" HEIGHT="45" WC="0.96" CONTENT="277,"/><SP WIDTH="33" VPOS="1787" HPOS="759"/>
							<String ID="string_308" HPOS="792" VPOS="1787" WIDTH="88" HEIGHT="43" WC="0.96" CONTENT="304,"/><SP WIDTH="33" VPOS="1787" HPOS="880"/>
							<String ID="string_309" HPOS="913" VPOS="1786" WIDTH="88" HEIGHT="44" WC="0.96" CONTENT="305,"/><SP WIDTH="32" VPOS="1786" HPOS="1001"/>
							<String ID="string_310" HPOS="1033" VPOS="1786" WIDTH="76" HEIGHT="36" WC="0.96" CONTENT="306"/><SP WIDTH="31" VPOS="1786" HPOS="1109"/>
							<String ID="string_311" HPOS="1140" VPOS="1786" WIDTH="67" HEIGHT="36" WC="0.96" CONTENT="och"/><SP WIDTH="17" VPOS="1786" HPOS="1207"/>
							<String ID="string_312" HPOS="1224" VPOS="1786" WIDTH="87" HEIGHT="44" WC="0.96" CONTENT="307,"/><SP WIDTH="23" VPOS="1786" HPOS="1311"/>
							<String ID="string_313" HPOS="1334" VPOS="1787" WIDTH="54" HEIGHT="34" WC="0.97" CONTENT="att"/><SP WIDTH="19" VPOS="1787" HPOS="1388"/>
							<String ID="string_314" HPOS="1407" VPOS="1785" WIDTH="112" HEIGHT="36" WC="0.96" CONTENT="andra"/><SP WIDTH="14" VPOS="1785" HPOS="1519"/>
							<String ID="string_315" HPOS="1533" VPOS="1786" WIDTH="208" HEIGHT="35" WC="0.96" CONTENT="kammaren"/><SP WIDTH="19" VPOS="1786" HPOS="1741"/>
							<String ID="string_316" HPOS="1760" VPOS="1787" WIDTH="113" HEIGHT="34" WC="0.96" CONTENT="måtte"/>
						</TextLine>
						<TextLine ID="line_29" HPOS="271" VPOS="1839" WIDTH="1601" HEIGHT="48">
							<String ID="string_317" HPOS="271" VPOS="1842" WIDTH="57" HEIGHT="34" WC="0.96" CONTENT="för"/><SP WIDTH="28" VPOS="1842" HPOS="328"/>
							<String ID="string_318" HPOS="356" VPOS="1842" WIDTH="55" HEIGHT="34" WC="0.96" CONTENT="sin"/><SP WIDTH="20" VPOS="1842" HPOS="411"/>
							<String ID="string_319" HPOS="431" VPOS="1841" WIDTH="58" HEIGHT="35" WC="0.96" CONTENT="del"/><SP WIDTH="19" VPOS="1841" HPOS="489"/>
							<String ID="string_320" HPOS="508" VPOS="1841" WIDTH="151" HEIGHT="43" WC="0.96" CONTENT="besluta,"/><SP WIDTH="18" VPOS="1841" HPOS="659"/>
							<String ID="string_321" HPOS="677" VPOS="1840" WIDTH="62" HEIGHT="36" WC="0.96" CONTENT="det"/><SP WIDTH="27" VPOS="1840" HPOS="739"/>
							<String ID="string_322" HPOS="766" VPOS="1840" WIDTH="192" HEIGHT="47" WC="0.96" CONTENT="riksdagen"/><SP WIDTH="27" VPOS="1840" HPOS="958"/>
							<String ID="string_323" HPOS="985" VPOS="1839" WIDTH="85" HEIGHT="35" WC="0.96" CONTENT="ville"/><SP WIDTH="28" VPOS="1839" HPOS="1070"/>
							<String ID="string_324" HPOS="1098" VPOS="1840" WIDTH="13" HEIGHT="34" WC="0.96" CONTENT="i"/><SP WIDTH="28" VPOS="1840" HPOS="1111"/>
							<String ID="string_325" HPOS="1139" VPOS="1839" WIDTH="170" HEIGHT="36" WC="0.96" CONTENT="skrivelse"/><SP WIDTH="28" VPOS="1839" HPOS="1309"/>
							<String ID="string_326" HPOS="1337" VPOS="1839" WIDTH="58" HEIGHT="35" WC="0.96" CONTENT="till"/><SP WIDTH="29" VPOS="1839" HPOS="1395"/>
							<String ID="string_327" HPOS="1424" VPOS="1839" WIDTH="141" HEIGHT="47" WC="0.96" CONTENT="Kungl."/><SP WIDTH="22" VPOS="1839" HPOS="1565"/>
							<String ID="string_328" HPOS="1587" VPOS="1839" WIDTH="110" HEIGHT="48" WC="0.96" CONTENT="Maj:t"/><SP WIDTH="20" VPOS="1839" HPOS="1697"/>
							<String ID="string_329" HPOS="1717" VPOS="1839" WIDTH="155" HEIGHT="44" WC="0.96" CONTENT="anhålla,"/>
						</TextLine>
					</TextBlock>
				</ComposedBlock>
				<ComposedBlock ID="cblock_4" HPOS="271" VPOS="1946" WIDTH="1603" HEIGHT="156">
					<TextBlock ID="block_4" HPOS="271" VPOS="1946" WIDTH="1603" HEIGHT="156">
						<TextLine ID="line_30" HPOS="377" VPOS="1946" WIDTH="1497" HEIGHT="49">
							<String ID="string_330" HPOS="377" VPOS="1948" WIDTH="71" HEIGHT="35" WC="0.96" CONTENT="dels"/><SP WIDTH="37" VPOS="1948" HPOS="448"/>
							<String ID="string_331" HPOS="485" VPOS="1951" WIDTH="52" HEIGHT="32" WC="0.96" CONTENT="att"/><SP WIDTH="40" VPOS="1951" HPOS="537"/>
							<String ID="string_332" HPOS="577" VPOS="1947" WIDTH="141" HEIGHT="48" WC="0.96" CONTENT="Kungl."/><SP WIDTH="44" VPOS="1947" HPOS="718"/>
							<String ID="string_333" HPOS="762" VPOS="1946" WIDTH="110" HEIGHT="48" WC="0.96" CONTENT="Maj:t"/><SP WIDTH="40" VPOS="1946" HPOS="872"/>
							<String ID="string_334" HPOS="912" VPOS="1946" WIDTH="96" HEIGHT="44" WC="0.96" CONTENT="ville,"/><SP WIDTH="45" VPOS="1946" HPOS="1008"/>
							<String ID="string_335" HPOS="1053" VPOS="1946" WIDTH="92" HEIGHT="36" WC="0.96" CONTENT="efter"/><SP WIDTH="38" VPOS="1946" HPOS="1145"/>
							<String ID="string_336" HPOS="1183" VPOS="1946" WIDTH="197" HEIGHT="47" WC="0.96" CONTENT="utredning"/><SP WIDTH="43" VPOS="1946" HPOS="1380"/>
							<String ID="string_337" HPOS="1423" VPOS="1959" WIDTH="43" HEIGHT="22" WC="0.96" CONTENT="av"/><SP WIDTH="43" VPOS="1959" HPOS="1466"/>
							<String ID="string_338" HPOS="1509" VPOS="1946" WIDTH="156" HEIGHT="36" WC="0.96" CONTENT="behovet"/><SP WIDTH="27" VPOS="1946" HPOS="1665"/>
							<String ID="string_339" HPOS="1692" VPOS="1947" WIDTH="57" HEIGHT="34" WC="0.96" CONTENT="för"/><SP WIDTH="28" VPOS="1947" HPOS="1749"/>
							<String ID="string_340" HPOS="1777" VPOS="1947" WIDTH="97" HEIGHT="47" WC="0.96" CONTENT="varje"/>
						</TextLine>
						<TextLine ID="line_31" HPOS="271" VPOS="2000" WIDTH="1603" HEIGHT="49">
							<String ID="string_341" HPOS="271" VPOS="2001" WIDTH="152" HEIGHT="36" WC="0.96" CONTENT="särskild"/><SP WIDTH="28" VPOS="2001" HPOS="423"/>
							<String ID="string_342" HPOS="451" VPOS="2003" WIDTH="67" HEIGHT="43" WC="0.96" CONTENT="ort,"/><SP WIDTH="31" VPOS="2003" HPOS="518"/>
							<String ID="string_343" HPOS="549" VPOS="2001" WIDTH="147" HEIGHT="48" WC="0.96" CONTENT="vidtaga"/><SP WIDTH="28" VPOS="2001" HPOS="696"/>
							<String ID="string_344" HPOS="724" VPOS="2000" WIDTH="134" HEIGHT="47" WC="0.96" CONTENT="nödiga"/><SP WIDTH="28" VPOS="2000" HPOS="858"/>
							<String ID="string_345" HPOS="886" VPOS="2000" WIDTH="172" HEIGHT="35" WC="0.96" CONTENT="anstalter"/><SP WIDTH="29" VPOS="2000" HPOS="1058"/>
							<String ID="string_346" HPOS="1087" VPOS="2000" WIDTH="57" HEIGHT="35" WC="0.92" CONTENT="för"/><SP WIDTH="27" VPOS="2000" HPOS="1144"/>
							<String ID="string_347" HPOS="1171" VPOS="2000" WIDTH="319" HEIGHT="35" WC="0.90" CONTENT="åstadkommande"/><SP WIDTH="25" VPOS="2000" HPOS="1490"/>
							<String ID="string_348" HPOS="1515" VPOS="2003" WIDTH="138" HEIGHT="33" WC="0.95" CONTENT="snarast"/><SP WIDTH="15" VPOS="2003" HPOS="1653"/>
							<String ID="string_349" HPOS="1668" VPOS="2000" WIDTH="146" HEIGHT="48" WC="0.96" CONTENT="möjligt"/><SP WIDTH="16" VPOS="2000" HPOS="1814"/>
							<String ID="string_350" HPOS="1830" VPOS="2012" WIDTH="44" HEIGHT="23" WC="0.96" CONTENT="av"/>
						</TextLine>
						<TextLine ID="line_32" HPOS="271" VPOS="2053" WIDTH="1600" HEIGHT="49">
							<String ID="string_351" HPOS="271" VPOS="2056" WIDTH="62" HEIGHT="34" WC="0.93" CONTENT="det"/><SP WIDTH="40" VPOS="2056" HPOS="333"/>
							<String ID="string_352" HPOS="373" VPOS="2055" WIDTH="295" HEIGHT="47" WC="0.91" CONTENT="oundgängligen"/><SP WIDTH="40" VPOS="2055" HPOS="668"/>
							<String ID="string_353" HPOS="708" VPOS="2053" WIDTH="231" HEIGHT="47" WC="0.92" CONTENT="nödvändiga"/><SP WIDTH="32" VPOS="2053" HPOS="939"/>
							<String ID="string_354" HPOS="971" VPOS="2053" WIDTH="138" HEIGHT="36" WC="0.96" CONTENT="antalet"/><SP WIDTH="32" VPOS="2053" HPOS="1109"/>
							<String ID="string_355" HPOS="1141" VPOS="2053" WIDTH="167" HEIGHT="36" WC="0.96" CONTENT="bostäder"/><SP WIDTH="28" VPOS="2053" HPOS="1308"/>
							<String ID="string_356" HPOS="1336" VPOS="2054" WIDTH="57" HEIGHT="34" WC="0.91" CONTENT="för"/><SP WIDTH="27" VPOS="2054" HPOS="1393"/>
							<String ID="string_357" HPOS="1420" VPOS="2054" WIDTH="246" HEIGHT="35" WC="0.91" CONTENT="statsanställd"/><SP WIDTH="25" VPOS="2054" HPOS="1666"/>
							<String ID="string_358" HPOS="1691" VPOS="2054" WIDTH="180" HEIGHT="48" WC="0.95" CONTENT="personal;"/>
						</TextLine>
					</TextBlock>
				</ComposedBlock>
				<ComposedBlock ID="cblock_5" HPOS="271" VPOS="2160" WIDTH="1604" HEIGHT="153">
					<TextBlock ID="block_5" HPOS="271" VPOS="2160" WIDTH="1604" HEIGHT="153">
						<TextLine ID="line_33" HPOS="377" VPOS="2160" WIDTH="1498" HEIGHT="49">
							<String ID="string_359" HPOS="377" VPOS="2162" WIDTH="72" HEIGHT="36" WC="0.96" CONTENT="dels"/><SP WIDTH="35" VPOS="2162" HPOS="449"/>
							<String ID="string_360" HPOS="484" VPOS="2165" WIDTH="51" HEIGHT="32" WC="0.96" CONTENT="att"/><SP WIDTH="30" VPOS="2165" HPOS="535"/>
							<String ID="string_361" HPOS="565" VPOS="2161" WIDTH="140" HEIGHT="47" WC="0.95" CONTENT="Kungl."/><SP WIDTH="36" VPOS="2161" HPOS="705"/>
							<String ID="string_362" HPOS="741" VPOS="2161" WIDTH="110" HEIGHT="48" WC="0.96" CONTENT="Maj:t"/><SP WIDTH="28" VPOS="2161" HPOS="851"/>
							<String ID="string_363" HPOS="879" VPOS="2160" WIDTH="84" HEIGHT="35" WC="0.92" CONTENT="ville"/><SP WIDTH="28" VPOS="2160" HPOS="963"/>
							<String ID="string_364" HPOS="991" VPOS="2160" WIDTH="213" HEIGHT="35" WC="0.92" CONTENT="föranstalta"/><SP WIDTH="28" VPOS="2160" HPOS="1204"/>
							<String ID="string_365" HPOS="1232" VPOS="2172" WIDTH="59" HEIGHT="23" WC="0.96" CONTENT="om"/><SP WIDTH="29" VPOS="2172" HPOS="1291"/>
							<String ID="string_366" HPOS="1320" VPOS="2160" WIDTH="207" HEIGHT="47" WC="0.96" CONTENT="utredning,"/><SP WIDTH="31" VPOS="2160" HPOS="1527"/>
							<String ID="string_367" HPOS="1558" VPOS="2160" WIDTH="12" HEIGHT="35" WC="0.91" CONTENT="i"/><SP WIDTH="17" VPOS="2160" HPOS="1570"/>
							<String ID="string_368" HPOS="1587" VPOS="2160" WIDTH="123" HEIGHT="36" WC="0.93" CONTENT="vilken"/><SP WIDTH="19" VPOS="2160" HPOS="1710"/>
							<String ID="string_369" HPOS="1729" VPOS="2161" WIDTH="146" HEIGHT="35" WC="0.92" CONTENT="omfatt-"/>
						</TextLine>
						<TextLine ID="line_34" HPOS="273" VPOS="2213" WIDTH="1602" HEIGHT="51">
							<String ID="string_370" HPOS="273" VPOS="2217" WIDTH="89" HEIGHT="47" WC="0.94" CONTENT="ning"/><SP WIDTH="28" VPOS="2217" HPOS="362"/>
							<String ID="string_371" HPOS="390" VPOS="2216" WIDTH="68" HEIGHT="35" WC="0.96" CONTENT="och"/><SP WIDTH="28" VPOS="2216" HPOS="458"/>
							<String ID="string_372" HPOS="486" VPOS="2216" WIDTH="13" HEIGHT="34" WC="0.96" CONTENT="i"/><SP WIDTH="28" VPOS="2216" HPOS="499"/>
							<String ID="string_373" HPOS="527" VPOS="2215" WIDTH="98" HEIGHT="36" WC="0.96" CONTENT="vilka"/><SP WIDTH="19" VPOS="2215" HPOS="625"/>
							<String ID="string_374" HPOS="644" VPOS="2215" WIDTH="134" HEIGHT="36" WC="0.95" CONTENT="former"/><SP WIDTH="19" VPOS="2215" HPOS="778"/>
							<String ID="string_375" HPOS="797" VPOS="2216" WIDTH="118" HEIGHT="34" WC="0.95" CONTENT="staten"/><SP WIDTH="16" VPOS="2216" HPOS="915"/>
							<String ID="string_376" HPOS="931" VPOS="2214" WIDTH="57" HEIGHT="35" WC="0.96" CONTENT="för"/><SP WIDTH="28" VPOS="2214" HPOS="988"/>
							<String ID="string_377" HPOS="1016" VPOS="2213" WIDTH="197" HEIGHT="36" WC="0.96" CONTENT="framtiden"/><SP WIDTH="28" VPOS="2213" HPOS="1213"/>
							<String ID="string_378" HPOS="1241" VPOS="2216" WIDTH="58" HEIGHT="33" WC="0.96" CONTENT="må"/><SP WIDTH="29" VPOS="2216" HPOS="1299"/>
							<String ID="string_379" HPOS="1328" VPOS="2214" WIDTH="123" HEIGHT="35" WC="0.96" CONTENT="kunna"/><SP WIDTH="28" VPOS="2214" HPOS="1451"/>
							<String ID="string_380" HPOS="1479" VPOS="2215" WIDTH="95" HEIGHT="47" WC="0.96" CONTENT="sörja"/><SP WIDTH="28" VPOS="2215" HPOS="1574"/>
							<String ID="string_381" HPOS="1602" VPOS="2214" WIDTH="57" HEIGHT="36" WC="0.96" CONTENT="för"/><SP WIDTH="23" VPOS="2214" HPOS="1659"/>
							<String ID="string_382" HPOS="1682" VPOS="2215" WIDTH="56" HEIGHT="34" WC="0.93" CONTENT="sin"/><SP WIDTH="19" VPOS="2215" HPOS="1738"/>
							<String ID="string_383" HPOS="1757" VPOS="2226" WIDTH="118" HEIGHT="36" WC="0.92" CONTENT="perso-"/>
						</TextLine>
						<TextLine ID="line_35" HPOS="271" VPOS="2268" WIDTH="518" HEIGHT="45">
							<String ID="string_384" HPOS="271" VPOS="2271" WIDTH="77" HEIGHT="34" WC="0.89" CONTENT="nals"/><SP WIDTH="28" VPOS="2271" HPOS="348"/>
							<String ID="string_385" HPOS="376" VPOS="2268" WIDTH="413" HEIGHT="45" WC="0.88" CONTENT="bostadsförhållanden;"/>
						</TextLine>
					</TextBlock>
				</ComposedBlock>
			</PrintSpace>
		</Page>
	</Layout>
</alto>
