2238 2624
385 226 41 29 28
572 227 178 38 Första
774 226 183 29 kammarens
980 223 125 32 andra
1132 221 153 38 t'Ufälliga
1308 225 121 28 utskotts
1455 222 147 30 utlåtande
1627 222 46 29 Nr
1696 222 52 28 24.

1764 441 128 39 Bilaga
1916 444 21 28 2
1966 442 32 30 C.

1122 602 49 40 P.
1202 602 61 39 M.

387 711 207 42 angående
635 710 186 43 åtgärder
856 710 89 33 från
981 712 153 31 statens
1171 710 88 32 sida
1293 709 61 32 för
1377 707 223 33 beredande
1627 715 49 23 av
1704 705 194 33 bostäder
1923 704 42 34 åt
1988 706 12 30 i

830 766 156 31 statens
1010 764 130 40 tjänst
1164 761 172 34 anställd
1359 760 196 42 personal.

477 865 69 30 Den
572 864 138 31 svenska
734 867 103 27 staten
861 864 59 29 har
943 863 107 39 gamla
1073 862 188 30 traditioner
1284 863 10 28 i
1317 861 90 39 fråga
1430 870 53 20 om
1509 858 199 40 upplåtande
1732 868 39 20 av
1797 858 148 30 bostäder
1969 859 32 28 åt

387 920 81 28 egna
502 909 325 40 tjänsteinnehavare.
877 908 67 30 Den
970 907 178 39 vanligaste
1171 907 126 30 formen
1321 906 50 30 för
1395 905 151 38 avlöning
1570 914 57 20 var
1650 903 65 30 förr
1738 902 199 40 upplåtande
1961 913 38 19 av

387 958 46 26 ett
461 953 268 40 tjänsteboställe.
776 953 69 29 Här
874 953 139 30 behöver
1037 952 82 29 blott
1143 952 120 29 erinras
1287 961 53 20 om
1366 950 39 30 de
1429 949 116 30 talrika
1569 949 131 39 majors-
1725 948 59 29 och
1810 947 188 40 kaptensbo-

388 999 136 30 ställena
559 999 41 38 på
629 998 118 29 landet.
796 998 114 29 Denna
933 996 263 38 avlöningsform,
1222 995 129 30 särskilt
1375 993 132 40 lämpad
1530 993 51 29 för
1604 991 337 39 naturahushållning,
1967 994 33 26 är

388 1052 134 21 numera
546 1044 35 29 så
604 1044 70 36 gott
697 1051 69 20 som
790 1041 207 38 fullständigt
1020 1040 178 31 avskaffad.

500 1087 112 30 Staten
637 1085 264 31 tillhandahåller
925 1084 180 32 emellertid
1121 1083 196 32 fortfarande
1334 1083 42 29 fri
1394 1081 112 32 bostad
1522 1083 34 28 åt
1571 1082 87 29 vissa
1674 1080 324 39 befattningshavare,

388 1132 129 30 särskilt
540 1132 34 29 åt
597 1131 217 38 skogsstatens
838 1130 156 40 personal,
1020 1131 33 29 åt
1076 1129 190 31 lotsverkets
1290 1127 220 40 fyrbetjäning
1534 1126 60 30 och
1622 1126 34 29 åt
1679 1127 120 28 statens
1815 1125 185 39 järnvägars

389 1176 155 39 personal.
593 1175 118 30 Vidare
746 1175 128 30 märkas
909 1174 214 39 fångvårdens
1152 1174 196 39 tjänstemän
1373 1172 60 30 och
1458 1171 143 39 betjänte
1626 1172 85 28 samt
1734 1168 265 31 underofficerare

388 1221 59 30 och
482 1221 65 29 fast
581 1220 134 30 anställt
749 1219 158 39 manskap
943 1219 54 30 vid
1026 1219 110 29 armén
1160 1218 60 30 och
1245 1217 155 30 marinen.
1449 1215 154 35 Bostäder
1627 1217 69 27 mot
1718 1214 93 38 billig
1834 1214 81 39 hyra
1938 1213 60 30 till-

389 1265 211 30 handahåller
628 1267 104 28 staten
761 1266 46 28 ett
829 1263 126 31 mindre
979 1263 86 30 antal
1091 1263 171 30 officerare.
1312 1260 216 38 Vattenfalls-,
1553 1259 154 38 telegraf-,
1732 1261 86 36 post-
1843 1258 60 30 och
1928 1257 70 30 tull-

389 1310 117 44 verken
529 1309 137 40 upplåta
690 1311 80 28 även
795 1309 10 29 i
830 1311 99 27 större
953 1308 77 30 eller
1054 1307 126 30 mindre
1205 1306 223 37 utsträckning
1451 1303 149 32 bostäder
1624 1304 33 29 åt
1673 1302 324 40 tjänsteinnehavare.

389 1356 41 28 Åt
453 1354 218 30 vaktmästare
696 1353 104 30 finnas
825 1353 164 30 dessutom
1015 1352 185 38 lägenheter
1223 1352 10 28 i
1257 1353 122 28 statens
1404 1351 18 28 å
1446 1349 38 29 de
1502 1348 141 30 centrala
1659 1347 246 30 ämbetsverken
1921 1356 77 30 upp:

387 1399 87 30 låtna
498 1397 193 40 byggnader.

500 1443 190 38 Krigsårens
716 1441 155 31 oerhörda
895 1441 207 39 prisstegring
1126 1441 19 29 å
1169 1439 64 30 alla
1257 1437 314 41 byggnadsmaterial
1590 1436 75 30 med
1682 1435 178 37 åtföljande
1878 1437 121 36 stagna-

390 1488 67 30 tion
482 1488 42 38 på
547 1485 368 41 byggnadsmarknaden
939 1486 11 29 i
973 1485 147 38 förening
1144 1484 76 30 med
1244 1483 54 30 det
1313 1482 204 31 industriella
1533 1481 195 40 uppsvinget
1751 1480 58 29 har
1821 1480 81 29 inom
1929 1479 72 30 hela

389 1531 110 31 landet
533 1531 189 30 framkallat
756 1540 39 20 en
824 1530 164 30 svårartad
1013 1529 222 35 bostadsbrist,
1260 1538 69 20 som
1355 1527 130 30 särskilt
1500 1527 89 29 inom
1615 1528 99 27 större
1738 1524 107 30 städer
1869 1527 131 35 stegrats

387 1577 50 30 till
461 1576 123 38 verklig
608 1575 74 30 nöd.
732 1576 61 29 Det
815 1575 58 30 har
896 1575 11 29 i
930 1575 135 29 främsta
1088 1576 143 28 rummet
1254 1573 104 38 ålegat
1382 1573 76 29 våra
1482 1570 283 31 stadskommuner
1789 1571 48 28 att
1853 1568 77 30 söka
1947 1568 53 30 bot

387 1622 50 29 för
460 1620 115 31 nöden.
624 1620 75 30 Men
723 1620 79 29 krav
826 1620 83 29 hava
933 1619 75 30 med
1031 1618 60 30 allt
1115 1621 99 27 större
1239 1617 110 39 styrka
1372 1615 191 31 framställts
1588 1617 46 27 att
1651 1614 91 38 lägga
1762 1622 168 29 omsorgen
1952 1613 49 29 för

389 1664 290 32 åstadkommande
704 1674 39 20 av
767 1663 149 31 bostäder
940 1664 41 38 på
1005 1663 247 38 arbetsgivarna,
1278 1661 130 30 särskilt
1431 1660 190 29 industrien.
1670 1659 61 29 För
1755 1661 48 27 att
1815 1657 93 30 dessa
1925 1657 75 29 krav

389 1710 92 30 skola
515 1710 112 29 kunna
662 1709 147 30 effektivt
844 1708 110 30 ställas
990 1708 41 38 på
1055 1706 147 31 enskilda
1226 1706 213 38 arbetsgivare
1463 1703 123 31 fordras
1610 1703 92 36 dock,
1727 1704 48 28 att
1799 1704 115 33 staten,
1939 1702 61 29 den

390 1756 117 29 största
541 1754 246 38 arbetsgivaren,
817 1754 56 37 går
895 1752 68 30 före
987 1751 75 31 med
1085 1754 69 35 gott
1178 1750 157 39 exempel.
1384 1749 127 30 Statens
1528 1747 146 39 åtgärder
1697 1748 11 28 i
1732 1746 88 31 detta
1844 1745 156 31 avseende

390 1800 83 29 hava
496 1798 82 30 dock
602 1798 153 38 vidtagits
779 1798 10 29 i
813 1796 234 40 jämförelsevis
1071 1797 92 37 ringa
1174 1794 223 38 utsträckning
1413 1794 59 29 och
1494 1793 84 30 hava
1595 1791 203 35 framförallt,
1818 1792 106 29 såsom
1941 1790 59 29 rik-

390 1844 61 37 tigt
485 1843 170 30 anmärkes
691 1843 11 29 i
726 1842 63 30 den
819 1852 39 19 av
882 1841 334 37 nationalföreningen
1240 1842 69 27 mot
1332 1839 189 37 emigration
1546 1837 135 37 utgivna
1704 1835 204 36 handboken,
1933 1835 67 29 Den

391 1887 138 31 svenska
564 1886 325 39 egnahemsrörelsen,
919 1895 147 20 »snarare
1103 1885 82 30 varit
1208 1882 199 32 förestavade
1432 1892 39 20 av
1496 1880 247 31 affärstekniska
1766 1880 60 30 och
1851 1879 149 38 lönepoli-

390 1932 84 30 tiska
497 1932 127 38 hänsyn
649 1933 41 27 än
714 1930 105 30 direkt
842 1929 286 39 bostadspolitiska
1152 1929 136 38 syften.»

504 1976 41 29 Så
569 1976 92 37 länge
686 1978 121 27 statens
832 1974 317 38 betattningshavare
1173 1973 89 29 inom
1290 1972 75 29 våra
1382 1970 271 31 stadesamhällen
1669 1969 109 30 kunde
1795 1969 89 29 finna
1896 1968 105 38 hyres-

391 2021 103 38 lediga
527 2019 159 36 bostäder,
712 2018 109 31 visade
857 2018 39 30 de
927 2018 128 38 statliga
1079 2017 269 39 myndigheterna
1373 2016 35 29 så
1432 2017 68 36 gott
1523 2024 70 20 som
1618 2015 81 29 intet
1723 2012 279 38 bostadspolitiskt

391 2066 142 29 intresse.
583 2065 57 33 Ett
675 2063 115 30 sådant
824 2063 64 29 kan
924 2062 83 30 dock
1037 2063 109 38 spåras
1171 2060 102 31 under
1297 2060 39 30 de
1360 2060 80 29 allra
1464 2061 124 28 senaste
1612 2060 84 28 åren.
1745 2058 15 28 I
1785 2066 40 20 en
1850 2056 150 30 skrivelse

391 2110 50 29 till
476 2109 119 38 Kungl.
625 2108 95 40 Maj:t
748 2107 60 31 den
836 2107 39 30 31
902 2107 133 30 oktober
1061 2106 96 36 1916,
1184 2105 67 30 däri
1274 2103 306 42 järnvägsstyrelsen
1607 2101 187 32 hemställer
1818 2111 54 20 om
1896 2100 104 30 medel

391 2154 50 30 till
470 2164 64 29 nya
559 2153 183 40 byggnader
765 2152 59 30 och
849 2151 238 39 anläggningar,
1113 2153 102 37 yttrar
1239 2149 155 40 styrelsen
1418 2150 42 38 på
1484 2148 41 30 tal
1553 2158 53 20 om
1631 2147 129 38 Nässjö:
1792 2146 145 29 »Bristen
1962 2146 40 38 på

388 2199 126 29 mindre
538 2198 184 39 lägenheter
746 2199 34 27 är
804 2195 179 38 emellertid
1006 2197 10 28 i
1042 2195 112 31 staden
1180 2194 202 39 synnerligen
1406 2193 154 36 kännbar,
1588 2192 98 31 vilket
1702 2190 152 31 föranlett
1870 2189 128 31 stadens

390 2242 219 41 hyresnämnd
645 2245 48 27 att
727 2242 58 29 hos
820 2240 308 40 järnvägsstyrelsen
1164 2239 130 30 anhålla
1329 2248 53 20 om
1407 2237 145 39 åtgärder
1576 2237 50 29 för
1650 2236 205 30 densammas
1880 2234 109 39 avhjäl

390 2287 115 39 pande,
531 2288 10 29 i
566 2286 62 31 vad
657 2287 41 38 på
722 2289 121 27 statens
867 2286 169 39 järnvägar
1060 2284 200 30 ankommer.
1287 2284 48 29 Då
1360 2282 54 31 det
1437 2282 99 38 enligt
1561 2281 173 39 styrelsens
1758 2280 133 37 mening
1915 2277 86 41 givet
