2169 2666
717 192 252 30 Bankoutskottets
992 191 156 30 Memorial
1170 191 47 29 Nr
1240 192 53 28 26.
1769 188 40 31 19

207 277 230 36 förmånsrätt
478 276 56 35 för
571 286 136 25 samma
735 274 145 36 fordran
908 273 150 35 framför
1085 272 124 47 hvarje
1239 283 121 24 annan
1388 269 149 37 fordran
1565 271 64 35 hos
1654 270 154 48 bolaget,

206 335 44 33 än
279 332 66 36 ock
375 344 43 23 en
447 330 174 47 tredjedel
650 330 36 35 af
715 328 61 37 det
804 328 176 47 beviljade
1008 327 184 36 statslånet
1224 326 150 44 innestå,
1404 326 59 35 till
1492 325 79 36 dess
1598 325 211 48 inteckning

206 387 82 35 med
317 384 111 37 ofvan
459 385 148 48 stadgad
631 384 230 35 förmånsrätt
883 383 13 34 i
923 382 163 47 bolagets
1103 382 148 46 järnväg
1271 380 196 36 meddelats
1487 381 55 34 för
1556 378 98 37 förut
1672 380 138 47 lyftade

207 440 143 35 andelar
377 440 37 34 af
441 440 113 44 lånet;
584 439 200 46 hvarjämte
813 436 258 36 ofvanberörda
1099 435 84 35 sista
1210 434 173 47 tredjedel
1410 435 32 46 ej
1468 435 60 34 må
1547 434 261 44 utbekommas,

207 494 120 36 förrän
367 493 213 48 inteckning
621 493 55 35 för
718 492 77 35 dess
838 491 129 48 belopp
1000 489 81 36 med
1110 489 229 35 förmånsrätt
1363 488 150 35 framför
1540 487 122 49 hvarje
1690 499 119 23 annan

206 548 147 36 fordran
383 555 48 29 än
460 549 133 34 statens
622 544 120 38 blifvit
769 546 12 34 i
808 545 161 48 bolagets
995 546 147 45 järnväg
1171 543 198 47 behörigen
1396 542 204 45 meddelad;

316 601 69 49 6:0)
415 603 53 34 att
496 601 137 48 Kungl.
663 600 109 48 Maj:t
799 599 92 36 skall
918 599 131 34 insätta
1077 609 44 23 en
1150 597 85 36 med
1263 596 153 36 särskild
1430 596 223 35 instruktion
1668 596 141 35 försedd

205 656 162 35 ledamot
394 656 12 35 i
435 655 225 36 direktionen
693 655 56 35 för
777 654 122 46 hvarje
930 651 289 49 järnvägsbolag,
1250 663 76 23 som
1354 651 149 34 innehar
1526 650 59 35 lån
1614 650 37 35 af
1678 652 129 42 staten,

206 711 68 35 och
303 715 77 31 utse
410 723 43 22 en
483 710 136 35 revisor
647 711 53 33 att
729 707 141 48 deltaga
899 707 53 35 uti
979 705 271 49 granskningen
1278 705 37 35 af
1329 704 161 49 bolagets
1504 703 219 49 förvaltning
1742 704 68 35 och

204 764 250 49 räkenskaper,
485 765 91 34 samt
604 764 54 35 att
686 762 144 36 arfvode
858 761 59 37 till
945 759 149 37 sålunda
1123 759 127 36 utsedd
1278 759 161 35 direktör
1467 759 65 35 och
1560 758 134 35 revisor
1717 758 92 35 skall

205 819 168 35 bekostas
401 819 37 34 af
465 818 157 47 bolaget;

307 872 72 49 7:0)
427 874 53 34 att
521 871 123 49 hvarje
671 870 288 49 järnvägsbolag,
999 882 76 23 som
1104 867 143 37 erhållit
1280 867 297 44 statsunderstöd,
1607 866 91 36 skall
1726 878 83 23 vara

205 927 163 49 skyldigt
396 926 216 36 underkasta
640 926 54 47 sig
722 925 95 35 såväl
847 924 41 35 de
917 923 267 36 bestämmelser
1211 923 14 35 i
1243 923 103 47 fråga
1375 935 57 22 om
1462 921 194 44 samtrafik,
1686 920 123 35 hvilka

206 981 139 46 Kungl.
374 981 111 47 Maj:t
514 980 71 34 kan
613 980 97 35 finna
739 979 88 47 godt
859 979 57 34 för
944 977 144 48 bolaget
1116 977 210 44 bestämma,
1357 988 77 23 som
1457 976 67 35 ock
1551 976 13 34 i
1592 973 110 50 öfrigt
1739 974 68 35 alla
1847 1005 3 3 .

205 1035 44 35 de
278 1035 133 35 villkor
440 1035 66 35 och
536 1034 206 43 kontroller,
771 1045 77 23 som
878 1032 37 36 af
930 1032 141 47 Kungl.
1092 1031 109 47 Maj:t
1220 1031 145 47 pröfvas
1385 1030 171 48 lämpliga
1575 1029 67 36 och
1661 1028 146 48 nödiga;

204 1091 94 34 samt

314 1143 71 46 8:0)
428 1144 53 34 att
521 1142 126 47 hvarje
689 1141 126 36 sådant
855 1140 120 47 bolag,
1019 1152 77 23 som
1128 1150 85 36 nyss
1239 1141 38 32 är
1304 1138 160 45 nämndt,
1494 1136 70 45 må,
1593 1136 47 37 då
1668 1136 137 49 Kungl.

204 1197 110 48 Maj:t
342 1198 37 34 så
407 1194 145 50 pröfvar
580 1195 176 48 lämpligt,

312 1251 73 35 dels
430 1250 132 36 erhålla
605 1249 197 48 upplåtelse
845 1249 36 34 af
916 1248 67 34 den
1013 1248 55 34 för
1098 1246 435 48 järnvägsanläggningen
1562 1244 243 48 erforderliga,

205 1306 139 34 kronan
372 1304 185 47 tillhöriga
582 1304 82 46 jord
692 1301 165 37 sålunda:
886 1304 53 33 att
966 1301 92 48 jord,
1089 1313 77 23 som
1194 1302 72 34 står
1285 1300 112 35 under
1411 1299 156 35 kronans
1584 1297 226 37 omedelbara

204 1359 226 48 disposition,
473 1357 165 49 upplåtes
680 1360 87 33 utan
811 1357 119 47 någon
959 1355 214 47 ersättning;
1204 1356 55 33 att
1284 1352 84 49 jord
1395 1353 80 35 från
1505 1353 41 35 de
1575 1352 113 36 under
1715 1352 94 36 bruk

204 1414 68 34 och
315 1412 178 48 bergverk
534 1413 55 33 för
630 1411 126 47 nödigt
797 1410 196 47 skogsfång
1035 1409 171 47 upplåtna
1238 1407 378 45 kronoallmänningar
1644 1406 164 48 upplåtes

205 1469 87 33 utan
321 1479 120 22 annan
470 1464 226 49 godtgörelse
725 1468 45 32 än
798 1463 200 47 ersättning
1035 1462 57 36 till
1124 1460 263 37 vederbörande
1415 1460 232 35 innehafvare
1675 1460 55 35 för
1757 1460 50 34 in-

204 1522 107 47 trång
339 1521 11 34 i
380 1520 321 48 nyttjanderätten;
746 1520 53 33 att
836 1517 82 48 jord
959 1518 79 34 från
1077 1517 41 34 de
1147 1528 130 35 genom
1311 1513 325 49 domänstyrelsens
1669 1513 139 48 försorg

204 1574 281 36 utarrenderade
528 1572 343 48 kronoegendomar,
916 1571 121 35 hvilka
1078 1570 77 35 icke
1198 1569 171 48 upplåtits
1396 1568 60 36 till
1485 1567 166 35 förenade
1680 1570 128 32 mötes-

205 1627 416 50 passevolanskassornas
649 1626 99 45 fond,
779 1625 215 36 stuterierna
1021 1624 86 35 eller
1135 1623 184 36 Vadstena
1338 1620 368 50 krigsmanshusfond,
1721 1633 87 36 upp-

204 1681 90 37 låtes
323 1684 87 33 utan
439 1694 119 23 annan
598 1680 197 47 ersättning
828 1683 44 32 än
900 1679 57 35 för
981 1677 209 49 minskning
1217 1677 14 35 i
1254 1677 248 35 arrendatorns
1531 1675 277 48 brukningsom-

204 1735 84 36 råde
316 1736 113 35 under
457 1735 70 36 den
556 1735 222 36 återstående
819 1732 261 45 arrendetiden,
1114 1732 186 35 äfvensom
1328 1731 57 35 för
1413 1729 111 37 skada
1553 1730 66 35 och
1646 1730 161 47 intrång;

206 1792 92 34 samt
340 1791 53 34 att
433 1790 55 35 för
527 1789 92 48 jord,
648 1801 79 23 som
770 1792 37 32 är
836 1788 56 35 till
921 1786 150 37 boställe
1101 1786 84 36 eller
1213 1786 37 35 åt
1283 1784 140 36 enskild
1453 1796 141 38 person,
1623 1784 185 47 menighet

205 1844 91 36 eller
323 1844 200 47 inrättning
551 1843 81 36 med
661 1843 140 35 åborätt
829 1842 85 36 eller
941 1840 213 37 annorledes
1177 1843 43 32 än
1251 1839 93 36 hvad
1371 1839 108 36 ofvan
1509 1842 96 44 sagts
1621 1839 185 47 upplåten,

204 1898 198 47 ersättning
431 1898 93 35 skall
551 1898 136 34 lämnas
715 1897 98 35 såväl
840 1897 56 34 för
925 1896 125 46 själfva
1077 1895 146 34 marken
1253 1906 77 23 som
1359 1893 56 35 för
1434 1893 109 35 skada
1562 1893 67 35 och
1644 1890 160 48 intrång;

204 1952 171 35 skolande
405 1951 243 48 ersättningen
676 1951 13 34 i
718 1949 264 36 ofvannämnda
1009 1948 66 36 fall
1101 1949 213 35 bestämmas
1342 1947 13 35 i
1383 1946 68 36 den
1480 1946 163 48 ordning,
1673 1945 133 36 förord-

205 2006 134 47 ningen
369 2005 184 47 angående
579 2005 101 47 jords
709 2004 88 35 eller
824 2002 184 49 lägenhets
1037 2000 185 38 afstående
1251 2002 55 34 för
1339 2001 150 35 allmänt
1521 2000 109 35 behof
1658 2000 69 36 den
1761 2000 45 35 14

203 2060 90 47 april
322 2060 98 34 1866
450 2059 159 47 stadgar;

312 2113 73 35 dels
411 2112 67 36 ock
496 2112 254 36 kostnadsfritt
778 2111 165 48 begagna
970 2111 56 35 för
1053 2109 266 49 anläggningen
1347 2108 131 36 sådana
1501 2110 20 33 å
1550 2108 154 35 kronans
1722 2110 87 45 ägor

206 2167 151 47 belägna
398 2167 100 34 kalk-
528 2167 67 35 och
628 2166 179 35 stenbrott
838 2166 110 46 jämte
977 2164 213 48 grustäkter,
1226 2175 76 23 som
1331 2163 122 34 kunna
1481 2174 84 23 vara
1594 2161 213 48 disponibla;

313 2221 66 35 och
407 2221 136 47 åligger
572 2220 62 35 det
661 2220 230 46 fullmäktige
919 2219 13 35 i
960 2218 346 47 riksgäldskontoret
1333 2218 54 33 att
1405 2216 196 47 behörigen
1615 2215 193 36 tillhanda-
