2174 2669
205 1463 147 23 Utskottets

210 1499 131 28 yttrande.

405 202 18 32 8
893 202 254 33 Statsutskottets
1169 202 168 33 utlåtande
1358 202 53 33 Nr
1434 205 48 30 66.

403 289 316 50 utspisningsstat
759 294 96 33 samt
895 289 57 37 till
989 303 47 24 en
1063 290 387 50 arvodesförhöjning
1477 292 20 35 å
1527 291 73 36 300
1628 289 142 37 kronor
1798 290 96 37 efter
1921 290 78 37 fem

403 345 60 36 års
491 342 62 38 väl
580 343 193 37 vitsordad
800 343 274 50 tjänstgöring;

507 396 35 50 5)
584 401 55 32 att
671 396 190 50 medgiva,
903 401 56 32 att
999 409 249 24 amanuenser
1290 396 71 37 och
1393 396 230 36 innehavare
1653 409 48 23 av
1729 396 269 37 förutvarande

404 448 462 50 bokhållarbefattningar
898 449 64 36 vid
990 449 118 37 rikets
1136 449 162 50 hospital
1328 449 70 36 och
1439 449 123 49 asyler
1589 451 73 46 må,
1681 448 164 37 förutom
1866 449 132 48 övriga

403 503 325 36 naturaförmåner
769 502 119 49 enligt
928 502 178 49 gällande
1147 501 296 49 bestämmelser,
1481 501 146 47 åtnjuta
1669 502 87 37 kost
1798 501 121 51 enligt
1951 516 47 23 av

402 554 394 51 medicinalstyrelsen
824 554 154 38 särskilt
1005 554 191 38 fastställd
1223 555 331 50 utspisningsstat;
1585 559 97 32 samt

507 607 36 50 6)
571 613 55 31 att
653 608 189 49 medgiva,
872 612 54 32 att
953 608 73 36 vad
1055 621 81 24 som
1164 608 189 36 erfordras
1380 608 59 36 för
1466 608 212 36 beredande
1707 621 47 23 av
1781 621 51 23 nu
1859 608 139 48 ifråga-

402 661 167 36 varande
602 660 395 49 avlöningsförmåner
1038 661 97 36 skall
1162 663 93 46 utgå
1282 674 48 23 av
1357 660 341 49 förslagsanslaget
1725 659 58 37 till
1810 660 187 49 hospitals

401 712 209 48 underhåll,
639 718 102 31 utom
770 713 74 35 vad
886 716 117 45 angår
1040 713 262 48 ålderstillägg
1334 712 56 36 till
1418 713 221 35 överläkare
1682 713 70 35 och
1794 712 204 48 hospitals-

401 764 128 37 läkare
567 769 181 33 ävensom
784 764 57 37 till
879 765 288 49 sysslomannen
1199 765 64 36 vid
1327 764 195 37 Östersunds
1550 764 178 50 hospital,
1757 764 102 37 vilka
1888 763 110 38 skola

401 818 153 48 påföras
582 817 113 49 sjätte
724 818 262 36 huvudtitelns
1013 818 303 48 förslagsanslag
1335 818 58 36 till
1421 817 271 48 ålderstillägg.

504 870 238 37 Beträffande
770 870 255 49 utredningen
1052 870 12 36 i
1093 874 127 32 ämnet
1247 870 57 36 får
1322 870 189 36 utskottet
1529 869 159 37 hänvisa
1708 868 56 37 till
1784 868 212 50 åberopade

402 922 423 50 statsrådsprotokollet.

503 1027 17 37 I
562 1027 273 49 sammanhang
875 1027 155 37 härmed
1070 1027 67 37 har
1178 1026 187 38 utskottet
1405 1026 58 36 till
1494 1025 235 50 behandling
1757 1025 165 38 förehaft
1950 1039 46 23 en

399 1080 101 36 inom
541 1080 135 36 Första
718 1080 219 36 kammaren
965 1093 46 23 av
1038 1080 90 36 herr
1156 1083 43 33 4.
1229 1080 126 36 Petrén
1382 1079 115 36 väckt
1524 1079 143 36 motion
1697 1078 59 49 (nr
1787 1078 98 49 116),
1915 1078 81 36 däri

400 1132 221 50 föreslagits
650 1132 73 37 den
751 1132 164 50 ändring
942 1132 11 36 i
982 1132 73 37 den
1084 1131 156 38 sålunda
1266 1131 213 49 framlagda
1507 1131 225 47 lönestaten,
1763 1136 54 32 att
1854 1131 142 49 grund-

400 1184 115 37 lönen
553 1185 58 36 för
638 1185 156 36 läkaren
822 1185 63 36 vid
912 1185 122 48 Visby
1061 1184 166 49 hospital
1254 1184 110 50 höjes
1393 1184 54 35 till
1478 1185 112 46 5,500
1624 1184 140 36 kronor
1796 1197 118 22 varav
1948 1184 46 35 ?s

401 1250 110 24 anses
540 1239 126 34 såsom
694 1237 64 36 lön
788 1237 70 36 och
889 1238 44 35 's
964 1250 79 23 som
1071 1236 510 50 tjänstgörlngspenningar.

503 1289 17 36 I
549 1289 186 37 avseende
765 1292 20 34 å
814 1289 46 37 de
901 1288 58 37 till
993 1289 84 37 stöd
1104 1289 59 37 för
1191 1289 104 36 detta
1322 1288 146 48 förslag
1495 1302 47 23 av
1571 1288 235 37 motionären
1835 1287 160 37 anförda

401 1341 82 37 skäl
511 1341 140 38 tillåter
679 1341 61 49 sig
767 1342 186 37 utskottet
980 1341 159 37 hänvisa
1167 1341 56 37 till
1252 1341 202 37 motionen.

504 1445 132 37 Såsom
664 1446 12 35 1
704 1445 420 49 statsrådsprotokollet
1153 1445 155 46 erinras,
1338 1444 235 37 fastställdes
1602 1458 48 23 av
1680 1446 95 34 1907
1806 1447 60 33 års
1887 1444 108 36 Riks-

400 1498 75 48 dag
502 1512 52 35 ny
581 1499 167 36 lönestat
775 1498 59 37 för
861 1497 358 50 läkarepersonalen
1246 1498 62 36 vid
1339 1497 118 37 rikets
1476 1496 166 50 hospital
1662 1496 72 37 och
1753 1496 137 49 asyler,
1912 1495 83 37 där-

399 1550 65 36 vid
493 1550 80 37 dels
601 1550 210 37 inrättades
839 1563 47 23 en
913 1564 52 33 ny
992 1555 58 31 art
1077 1563 47 23 av
1143 1551 164 48 tjänster
1326 1572 48 3 —
1394 1549 531 49 hospitalsläkaretjänsterna
1944 1571 51 2 —

399 1602 81 37 dels
509 1602 70 37 ock
608 1602 168 37 beslötos
808 1602 102 37 vissa
938 1602 353 49 löneförhöjningar
1319 1602 58 36 för
1405 1601 253 50 asylläkarne,
1687 1600 226 37 biträdande
1941 1601 52 35 lä-

399 1655 118 36 karne
545 1655 70 36 och
642 1655 289 36 underläkarne.
988 1655 59 35 En
1074 1668 47 23 av
1150 1655 299 48 anledningarne
1477 1653 59 36 till
1563 1653 233 49 vidtagande
1818 1666 45 23 av
1884 1653 110 36 dessa

399 1706 177 49 åtgärder
616 1720 76 34 var,
735 1707 120 47 enligt
894 1707 74 36 vad
1009 1720 46 23 av
1096 1706 220 49 Riksdagen
1349 1705 207 49 framhölls,
1587 1705 322 50 förhoppningen,
1939 1710 55 31 att

399 1759 223 49 härigenom
651 1759 75 37 den
754 1759 46 37 då
828 1759 166 37 rådande
1023 1759 244 48 svårigheten
1297 1758 92 38 eller
1418 1757 275 50 omöjligheten
1722 1762 56 32 att
1802 1757 98 36 hålla
1920 1757 74 36 den

399 1811 289 37 underordnade
717 1812 357 48 läkarepersonalen
1103 1812 62 35 vid
1194 1812 213 48 hospitalen
1436 1811 175 47 fulltalig,
1640 1810 129 36 vilken
1799 1809 194 49 svårighet

399 1863 191 50 allvarligt
630 1864 138 36 hotade
809 1869 55 31 att
905 1868 184 44 äventyra
1116 1863 350 50 hospitalsvårdens
1493 1862 183 49 behöriga
1703 1861 288 48 handhavande,

399 1916 124 37 skulle
563 1916 267 49 undanrödjas.
886 1915 223 38 Sedermera
1150 1916 218 49 reglerades
1402 1930 45 22 av
1478 1916 97 36 1910
1605 1918 59 34 års
1692 1914 169 50 Riksdag
1889 1913 102 37 avlö-

397 1968 189 49 ningarna
627 1969 59 36 för
727 1969 245 36 överläkarne
1013 1969 63 36 vid
1117 1967 214 51 hospitalen
1373 1968 71 37 och
1484 1969 59 35 för
1583 1967 156 37 läkaren
1782 1967 62 37 vid
1873 1966 120 50 Visby

397 2021 178 49 hospital.
631 2021 121 37 Dessa
780 2021 176 49 åtgärder
982 2021 99 36 hava
1109 2020 211 37 emellertid
1339 2020 83 37 icke
1442 2020 99 37 visat
1560 2019 59 49 sig
1637 2019 223 49 tillräckligt
1876 2019 115 36 effek-

397 2073 78 37 tiva
515 2074 59 36 för
614 2073 165 37 rådande
821 2087 45 23 av
893 2073 67 37 bot
986 2076 48 47 på
1062 2073 64 37 det
1153 2087 47 23 av
1227 2073 221 49 Riksdagen
1477 2072 249 37 omförmälda
1755 2071 236 37 missförhål-

396 2125 140 37 landet.
595 2125 252 49 Svårigheten
888 2131 55 31 att
984 2125 142 37 erhålla
1162 2125 222 49 tillräckligt
1412 2125 100 36 antal
1541 2124 127 37 läkare
1696 2124 65 36 vid
1790 2123 201 50 hospitals-

397 2178 168 49 tjänsten
594 2182 40 32 är
663 2177 65 37 allt
755 2177 232 37 fortfarande
1016 2177 246 50 synnerligen
1290 2183 79 31 stor
1398 2177 70 37 och
1495 2177 67 36 har
1590 2177 11 35 i
1630 2179 139 46 många
1797 2175 67 37 fall
1884 2180 107 32 över-

396 2233 83 46 gått
506 2230 59 36 till
593 2230 233 49 omöjlighet.
856 2230 17 36 I
902 2230 135 36 sådant
1064 2230 189 36 avseende
1281 2230 65 36 vill
1365 2230 186 36 utskottet
1571 2229 136 46 erinra,
1729 2227 112 38 bland
1862 2233 127 42 annat,

398 2296 60 23 om
486 2287 67 43 att,
583 2282 117 37 sedan
728 2283 64 36 det
819 2282 98 37 visat
945 2283 70 48 sig,
1044 2287 55 32 att
1122 2282 464 48 underläkaretjänsterna
1600 2281 64 36 vid
1685 2281 45 36 de
1749 2279 242 51 nyuppförda
