2174 2658
691 196 255 34 Statsutskottets
967 199 168 33 utlåtande
1157 201 53 31 Nr
1235 204 49 29 66.
1774 208 19 30 9

194 280 215 50 hospitalen
439 281 12 36 i
479 281 203 38 Västervik
725 284 72 37 och
839 283 110 39 Säter
989 298 47 24 av
1063 285 95 38 brist
1185 290 48 47 på
1261 288 167 38 sökande
1455 289 82 38 icke
1565 290 125 40 kunde
1717 293 74 38 till-

195 337 134 44 sättas,
375 336 97 34 1912
515 338 59 33 års
603 335 170 51 Riksdag
801 341 76 33 sett
905 338 61 49 sig
993 338 195 37 nödsakad
1216 341 190 48 medgiva,
1435 347 55 31 att
1518 346 63 37 vid
1609 352 84 32 vart
1721 348 71 36 och

195 391 54 30 ett
277 399 48 23 av
353 386 113 37 dessa
494 387 166 50 hospital
687 388 103 50 finge
817 390 121 37 under
966 390 71 37 den
1065 391 55 37 tid
1149 392 119 37 första
1297 393 286 52 beläggningen
1611 400 180 51 påginge,

193 437 100 37 dock
334 438 117 49 högst
491 440 57 35 till
577 440 71 37 den
680 443 16 33 1
723 441 71 49 juli
825 444 109 47 1913,
963 443 12 36 i
1004 443 126 37 stället
1157 444 59 36 för
1243 446 249 37 underläkare
1522 453 178 37 anställas
1728 458 64 32 två

194 495 107 32 extra
329 490 129 38 läkare
487 496 78 32 mot
593 497 54 32 ett
675 494 139 36 arvode
844 508 46 22 av
909 495 118 49 högst
1053 498 44 34 12
1121 496 140 38 kronor
1281 510 59 24 om
1361 498 124 50 dagen
1500 503 121 49 jämte
1640 510 151 34 natura-

194 542 203 37 förmåner.
453 544 74 36 För
568 549 54 32 att
663 546 230 37 åtminstone
934 548 12 35 i
987 550 128 47 någon
1156 552 85 34 mån
1282 550 177 50 avhjälpa
1500 555 109 38 dessa
1646 558 145 49 svårig-

193 594 109 37 heter
338 596 68 36 har
441 610 50 22 nu
534 597 219 50 föreslagits
796 612 47 23 en
880 600 150 48 partiell
1062 601 223 49 förändring
1312 603 11 36 i
1355 606 96 34 1907
1481 610 61 34 års
1571 613 87 43 stat,
1686 611 105 37 inne-

193 646 168 38 bärande
389 648 102 37 vissa
511 648 480 53 avlöningsförbättringar
1011 652 58 37 för
1089 653 341 50 hospitalsläkarne
1450 660 71 36 och
1537 657 252 58 asylläkarne,

194 698 101 38 vilka
324 713 131 24 senare
479 701 143 49 jämväl
652 703 121 36 skulle
792 703 210 38 benämnas
1022 705 328 50 hospitalsläkare,
1373 713 97 31 samt
1489 712 58 37 för
1567 713 223 40 biträdande

191 751 168 49 läkarne,
388 753 186 49 varjämte
602 755 464 49 underläkaretjänsterna
1096 758 118 37 skulle
1243 759 218 38 förvandlas
1490 765 57 36 till
1566 765 223 40 biträdande

192 803 305 50 läkaretjänster.
552 806 60 36 En
649 808 139 35 allmän
816 809 284 49 lönereglering
1127 811 59 36 för
1213 812 417 49 hospitalspersonalen
1659 820 130 37 ställes

192 869 47 23 av
258 856 423 49 departementschefen
708 859 13 37 i
748 860 129 48 utsikt,
906 861 116 37 sedan
1050 863 196 49 pågående
1274 864 207 52 utredning
1499 872 197 46 angående
1715 873 74 37 den

191 907 108 49 lägre
327 910 248 48 personalens
605 911 467 50 avlöningsförhållanden
1100 915 107 36 blivit
1236 916 172 37 slutförd.

296 960 207 49 Utskottet,
534 976 80 24 som
642 963 84 38 icke
753 965 77 36 kan
859 971 114 31 annat
1001 972 47 30 än
1075 966 102 37 finna
1197 981 47 23 en
1263 969 193 51 rubbning
1476 973 117 37 sådan
1613 988 81 24 som
1714 976 75 37 den

192 1012 220 50 föreslagna
439 1014 12 36 i
480 1028 47 23 en
557 1018 41 34 så
626 1016 158 50 nyligen
812 1031 82 23 som
922 1021 40 34 år
993 1020 94 35 1907
1119 1020 189 37 fastställd
1341 1026 76 34 stat
1445 1024 92 50 föga
1564 1026 224 51 tilltalande,

193 1064 69 37 har
290 1065 103 49 förty
422 1066 102 37 ställt
566 1068 60 49 sig
668 1070 248 50 synnerligen
956 1071 192 37 tveksamt
1188 1072 100 37 inför
1316 1073 142 52 Kungl.
1488 1077 128 50 Maj:ts
1645 1080 145 50 förslag

192 1117 70 36 och
292 1118 121 37 skulle
441 1119 100 36 hälst
568 1120 97 37 hava
694 1126 75 32 sett
798 1127 53 32 att
881 1122 134 50 frågan
1044 1124 71 37 fått
1142 1127 108 34 anstå
1277 1126 97 38 intill
1404 1129 218 39 densamma
1646 1132 144 39 kunnat

191 1169 13 36 i
232 1169 85 37 hela
346 1171 59 35 sin
433 1171 91 37 vidd
551 1179 190 44 upptagas
768 1174 65 37 vid
861 1175 74 37 den
962 1176 227 37 förebådade
1227 1177 187 40 allmänna
1441 1181 346 53 löneregleringen,

191 1221 49 36 då
281 1227 98 32 även
420 1222 529 53 löneregleringskommittén
991 1228 127 38 kunde
1160 1229 101 38 bliva
1291 1230 12 36 i
1330 1232 147 38 tillfälle
1506 1240 56 31 att
1590 1236 11 35 i
1630 1238 159 37 ärendet

191 1274 140 49 avgiva
358 1276 190 47 yttrande.
591 1278 66 36 Ett
684 1279 224 50 ytterligare
937 1280 84 37 skäl
1048 1282 58 36 till
1134 1286 54 32 ett
1216 1284 136 37 sådant
1379 1287 177 48 uppskov
1584 1288 121 38 finner
1732 1296 56 31 ut-

191 1326 146 37 skottet
364 1328 13 36 i
404 1329 310 38 önskvärdheten
757 1345 46 23 av
832 1337 54 31 att
921 1333 135 49 frågan
1085 1347 62 23 om
1174 1337 410 50 medicinalstyrelsens
1614 1354 174 37 omorga-

191 1379 165 36 nisation
385 1381 70 36 och
484 1381 467 51 aflöningsförhållanden,
973 1385 127 37 vilken
1128 1386 268 53 otvivelaktigt
1423 1391 76 36 kan
1527 1393 134 37 tänkas
1690 1398 58 33 stå
1776 1396 12 35 i

191 1435 56 32 ott
276 1431 94 37 visst
400 1435 277 50 sammanhang
705 1435 86 37 med
824 1438 266 37 motsvarande
1122 1439 110 48 fråga
1259 1442 64 36 vid
1350 1442 226 50 hospitalen,
1605 1459 92 24 vore
1725 1460 63 24 av-

191 1484 125 48 gjord,
345 1484 116 37 innan
503 1490 127 45 någon
671 1501 104 24 mera
813 1490 210 36 nämnvärd
1051 1491 224 51 förändring
1301 1494 12 36 i
1341 1508 50 22 nu
1420 1495 178 49 gällande
1628 1503 76 32 stat
1731 1504 57 32 för

190 1535 112 37 dessa
330 1536 254 50 inrättningar
610 1540 187 49 vidtages.
854 1542 57 36 Då
938 1542 211 37 emellertid
1177 1546 258 49 utredningen
1463 1548 11 35 i
1502 1550 157 37 ärendet
1679 1552 109 48 giver

191 1587 66 36 vid
283 1588 163 49 handen,
476 1595 55 31 att
559 1591 46 36 de
634 1593 218 36 nuvarande
880 1594 285 37 förhållandena
1193 1595 11 35 i
1233 1599 190 36 avseende
1454 1603 20 33 å
1502 1601 284 50 läkaretillgån-

189 1652 76 35 gen
294 1640 63 36 vid
386 1641 216 49 hospitalen
630 1648 65 33 äro
724 1644 150 49 sådana,
903 1651 55 31 att
987 1646 246 52 fortfarande,
1263 1653 123 34 såsom
1415 1664 46 24 av
1484 1654 96 36 1907
1602 1657 60 34 års
1677 1655 110 37 Riks-

192 1692 75 47 dag
307 1693 202 49 uttalades,
550 1696 351 49 hospitalsvårdens
942 1698 184 50 behöriga
1167 1699 277 41 handhavande
1473 1709 216 46 äventyras,
1718 1708 70 37 har

191 1744 188 37 utskottet
405 1745 84 38 icke
517 1747 101 37 velat
647 1749 78 36 helt
753 1750 71 36 och
852 1750 115 37 hållet
996 1756 177 34 motsätta
1202 1754 61 49 sig
1289 1755 104 48 varje
1423 1758 135 47 åtgärd
1586 1759 12 35 i
1617 1772 50 23 nu
1686 1760 100 37 före-

191 1795 133 49 slagen
351 1797 183 51 riktning.
588 1800 88 37 Med
704 1802 204 37 utskottets
936 1816 98 24 ovan
1061 1806 167 37 uttalade
1257 1808 245 50 uppfattning
1530 1814 41 32 är
1599 1810 63 38 det
1689 1811 98 38 dock

191 1848 152 49 tydligt,
373 1855 55 31 att
455 1852 188 37 utskottet
671 1853 103 37 velat
803 1858 40 33 så
883 1854 84 38 litet
1008 1869 80 24 som
1129 1859 152 49 möjligt
1321 1860 119 37 rubba
1481 1862 45 37 de
1567 1865 218 36 nuvarande

190 1901 548 50 avlöningsbestämmelserna
780 1907 70 36 och
893 1908 137 36 endast
1057 1909 12 35 i
1098 1910 46 37 de
1172 1910 92 38 allra
1305 1917 97 32 mest
1430 1915 212 47 trängande
1670 1917 115 37 fallen

191 1952 156 50 vidtaga
376 1967 47 23 en
451 1955 322 52 löneförhöjning.
829 1959 87 37 Med
957 1960 243 52 tillämpning
1241 1977 46 23 av
1315 1965 124 36 denna
1480 1967 206 48 grundsats
1715 1970 70 36 och

190 2004 49 37 då
281 2006 72 36 den
395 2012 138 33 största
574 2010 244 49 svårigheten
845 2012 13 36 i
885 2026 51 22 nu
963 2013 252 39 förevarande
1252 2018 190 36 avseende
1471 2019 98 37 lärer
1596 2034 102 36 yppa
1726 2021 60 49 sig

190 2056 237 39 beträffande
456 2060 46 36 de
529 2062 289 37 underordnade
846 2064 352 50 läkaretjänsterna,
1237 2068 66 37 har
1334 2070 188 37 utskottet
1548 2071 83 37 icke
1661 2078 125 32 ansett

189 2109 61 48 sig
278 2110 92 36 böra
398 2111 191 50 tillstyrka
616 2117 130 46 någon
773 2115 225 50 förändring
1025 2118 12 35 i
1065 2118 202 50 hospitals-
1296 2122 71 35 och
1396 2122 257 49 asylläkarnas
1683 2125 101 37 avlö-

189 2161 96 48 ning
314 2162 92 37 eller
434 2163 242 51 benämning,
707 2173 172 31 varemot
906 2169 184 37 utskottet
1118 2172 65 35 vill
1217 2172 5 36 i
1249 2173 199 37 huvudgak
1476 2175 146 38 biträda
1641 2173 142 57 Kungl.

189 2212 127 50 Maj:ts
345 2215 145 49 förslag
531 2218 197 48 angående
765 2219 46 37 de
844 2220 222 39 biträdande
1094 2223 154 37 läkarna
1277 2225 71 36 och
1375 2226 286 39 underläkarne.
1717 2230 68 37 Ut-

191 2265 146 37 skottet
365 2267 68 37 har
461 2269 135 36 endast
632 2276 137 43 ansett,
812 2277 56 31 att
909 2273 72 37 den
1014 2274 215 50 föreslagna
1258 2279 263 48 ersättningen
1549 2280 59 37 för
1635 2286 150 33 natura-

273 2328 118 37 Bihang
413 2330 46 28 till
481 2331 181 37 Riksdagens
679 2334 146 35 protokoll
848 2335 90 29 1913.
986 2337 18 27 6
1025 2337 82 29 saml.
1154 2338 39 28 88
1215 2339 73 35 höft.
1337 2340 61 33 (Nr
1421 2341 64 33 66)
1725 2345 17 27 2
