1914 2842
545 203 116 30 Andra
683 204 213 38 lagutskottets
920 204 162 29 utlåtande
1105 212 39 21 nr
1168 204 28 28 8.
1602 204 19 28 3

125 302 54 21 om
215 294 134 29 enklare
371 294 71 37 slag
463 302 43 21 av
528 294 146 38 stängsel
696 294 61 29 och
779 294 102 38 gäller
906 294 114 29 därom
1044 293 66 30 vad
1132 293 91 30 förut
1246 295 90 36 sagts
1357 301 53 20 om
1431 292 190 39 avsägande

125 356 43 20 av
187 349 112 28 rätten
319 347 51 29 till
389 347 286 38 stängselvitsord.

168 427 186 37 Föreligger
371 427 191 38 skyldighet
579 428 53 28 att
649 426 88 30 hålla
755 427 146 37 stängsel
918 427 61 29 och
997 427 110 29 denna
1124 426 191 38 skyldighet
1332 426 201 38 eftersättes,
1553 426 69 30 står

126 480 249 29 vederbörande
393 480 86 37 själv
496 480 110 29 risken
623 480 51 29 för
691 482 53 27 att
761 480 122 30 andras
900 480 138 29 kreatur
1054 489 43 20 av
1115 479 105 30 sådan
1237 479 181 38 anledning
1434 480 136 29 komma
1588 479 32 29 in

125 533 20 29 å
160 533 83 29 hans
259 534 91 36 ägor;
368 533 86 28 dock
469 532 129 30 fordras
614 533 51 28 för
680 534 50 28 ett
746 533 110 37 dylikt
873 532 221 30 omkastande
1109 541 43 20 av
1168 533 64 28 den
1247 532 208 37 principiella
1470 541 151 20 ansvars-

126 585 243 39 skyldigheten,
391 587 53 28 att
464 585 64 29 den
546 585 192 38 försumlige
756 586 100 29 blivit
876 586 134 37 tillsagd
1029 587 53 28 att
1101 585 82 30 bota
1202 585 179 37 bristfällig
1400 585 142 38 hägnad.

168 665 162 39 Slutligen
353 665 56 30 må
432 667 150 36 nämnas,
607 667 53 28 att
683 665 384 39 stängselförordningen
1090 665 183 30 innehåller
1295 665 159 38 utförliga
1476 665 145 30 bestäm-

125 719 117 30 melser
257 728 54 21 om
325 720 71 29 rätt
409 719 52 29 för
476 720 74 37 den,
567 727 69 22 som
652 719 20 30 å
686 719 72 30 sina
773 721 80 36 ägor
865 719 109 29 finner
988 719 51 30 dit
1054 719 164 38 olovligen
1232 719 161 29 inkomna
1407 719 146 38 kreatur,
1570 720 52 29 att

125 773 115 38 intaga
263 773 96 30 dessa
382 773 62 29 och
467 773 133 30 behålla
623 773 86 37 dem,
734 773 67 29 tills
825 772 188 39 ersättning
1034 772 101 38 givits
1159 772 77 30 eller
1260 772 155 30 säkerhet
1439 772 109 35 ställts
1571 772 52 30 för

125 826 89 30 liden
235 826 115 30 skada.

167 932 175 30 Alltsedan
364 932 399 38 stängselförordningens
786 932 165 30 tillkomst
973 932 89 30 hava
1083 931 124 39 förslag
1227 932 53 29 till
1301 940 70 21 mer
1393 933 77 28 eller
1491 932 129 30 mindre

124 986 282 38 genomgripande
432 985 233 39 förändringar
691 986 11 29 i
730 986 196 29 densamma
953 985 51 30 tid
1032 985 84 30 efter
1143 994 112 21 annan
1282 985 242 30 framkommit.
1565 986 54 29 Av

125 1039 95 31 dessa
240 1039 124 38 förslag
384 1039 89 30 hava
493 1040 82 29 flera
596 1039 129 38 åsyftat
746 1039 228 37 upphävande
994 1048 44 21 av
1059 1039 313 38 stängselvitsordet
1394 1040 62 29 och
1477 1041 142 28 utsträc-

123 1093 111 30 kande
249 1093 52 30 till
316 1093 241 38 undantagslös
572 1093 88 38 regel
675 1092 64 30 den
754 1093 12 29 i
782 1093 14 37 $
812 1093 18 29 1
848 1101 43 22 av
906 1093 237 38 förordningen
1158 1092 154 30 uttalade
1327 1093 222 38 grundsatsen
1565 1102 55 21 om

123 1147 270 38 kreatursägares
412 1147 226 38 ansvarighet;
659 1146 106 31 andra
783 1146 73 30 åter
874 1147 89 29 hava
980 1146 75 38 gått
1074 1147 39 29 ut
1131 1146 44 38 på
1194 1148 53 28 att
1265 1146 12 29 i
1295 1147 113 29 stället
1426 1147 12 29 i
1455 1147 89 29 vissa
1561 1147 60 30 fall

123 1200 175 30 utsträcka
313 1202 114 28 rätten
443 1202 53 28 att
512 1200 145 38 åberopa
673 1200 287 38 stängselvitsord.
990 1200 123 29 Vidare
1128 1200 89 30 hava
1233 1208 41 21 en
1291 1200 53 29 del
1360 1200 74 30 haft
1450 1200 51 30 till
1517 1200 101 38 syfte-

123 1253 69 31 mål
208 1255 53 29 att
277 1254 91 30 inom
385 1262 116 22 ramen
518 1263 44 21 av
578 1253 154 39 gällande
748 1254 252 30 bestämmelser
1017 1262 54 21 om
1089 1253 279 39 stängselvitsord
1384 1253 236 30 åstadkomma

123 1307 135 30 lättnad
284 1307 12 29 i
323 1307 397 39 stängselskyldighetens
748 1307 188 38 utgörande
962 1315 120 30 genom
1111 1307 142 38 ändring
1280 1316 44 21 av
1351 1307 189 38 grunderna
1567 1308 58 29 för

124 1360 210 31 densammas
362 1361 198 38 fördelning,
592 1360 217 30 överlåtande
838 1360 37 30 åt
903 1360 170 38 landsting
1102 1362 53 28 att
1183 1360 190 30 bestämma
1401 1360 217 39 fördelnings-

123 1414 188 38 grunderna
334 1422 30 21 0.
389 1422 26 22 8.
439 1423 33 20 Vv.

165 1468 93 30 Intet
280 1476 44 21 av
344 1476 48 21 nu
413 1467 147 31 avsedda
581 1467 124 38 förslag
725 1467 61 30 har
808 1459 133 38 hittills
949 1467 161 30 föranlett
1131 1466 111 39 någon
1264 1467 142 38 ändring
1426 1467 12 30 i
1459 1467 158 38 stängsel-

121 1517 248 47 förordningen.
929 1510 19 3 -

164 1629 18 29 I
216 1628 179 39 anledning
415 1637 43 21 av
478 1628 103 30 väckt
601 1628 129 30 motion
750 1628 94 30 avlät
864 1628 184 30 emellertid
1067 1629 84 29 1914
1172 1628 52 31 års
1246 1636 114 22 senare
1379 1628 135 39 riksdag
1533 1629 84 38 jäm-

122 1682 63 31 likt
210 1691 44 22 av
278 1682 350 39 jordbruksutskottet
652 1682 12 29 i
688 1681 179 31 utlåtande
891 1691 40 20 nr
956 1683 40 28 44
1022 1682 160 38 enhälligt
1207 1682 97 38 gjord
1329 1682 200 30 hemställan
1555 1682 62 30 och

122 1736 103 38 enligt
244 1745 43 21 av
306 1735 90 31 båda
414 1736 179 30 kamrarna
612 1737 84 29 utan
715 1735 385 39 meningsskiljaktighet
1118 1735 133 31 fattade
1269 1735 112 31 beslut
1400 1745 41 20 en
1461 1736 158 30 skrivelse

122 1790 53 29 till
195 1790 125 38 Kungl.
343 1789 102 39 Maj:t
467 1789 77 30 med
565 1789 146 38 begäran
734 1798 54 21 om
811 1789 180 38 utredning
1011 1789 13 30 i
1045 1789 89 38 syfte
1156 1791 53 28 att
1231 1789 105 30 vinna
1358 1789 141 39 ändring
1520 1798 45 22 av
1586 1790 29 39 ej

121 1842 130 31 mindre
278 1842 386 39 stängselförordningen
691 1845 44 27 än
763 1845 87 28 även
876 1842 238 39 förordningen
1142 1843 64 30 den
1222 1844 40 28 31
1279 1843 134 39 januari
1429 1843 82 30 1815
1529 1845 88 29 samt

122 1897 41 30 de
183 1897 114 38 övriga
316 1897 262 38 bestämmelser,
599 1896 92 30 vilka
711 1896 140 31 därmed
869 1896 114 31 kunde
1003 1896 53 31 stå
1075 1896 12 30 i
1106 1897 255 38 sammanhang,
1383 1899 159 28 ävensom
1563 1906 54 21 om

120 1947 252 42 framläggande
387 1950 53 30 för
455 1950 177 39 riksdagen
649 1959 43 21 av
709 1950 58 30 det
782 1950 135 39 förslag,
935 1950 114 30 vartill
1064 1950 224 39 utredningen
1303 1950 114 30 kunde
1433 1951 183 30 föranleda.

164 2004 17 30 I
206 2004 96 38 fråga
328 2013 56 21 om
411 2004 66 30 den
502 2004 146 38 begärda
675 2004 278 39 omarbetningen
979 2013 44 21 av
1050 2004 386 39 stängselförordningen
1462 2005 155 30 anfördes

120 2058 12 29 i
159 2058 335 38 riksdagsskrivelsen
523 2058 280 38 huvudsakligen:
834 2058 232 30 Grundsatsen
1095 2066 55 22 om
1180 2058 193 39 djurägares
1403 2059 214 38 ansvarighet

120 2112 52 30 för
190 2111 188 39 ägofridens
397 2111 299 38 upprätthållande
714 2111 104 30 borde
836 2111 209 31 fortfarande
1063 2120 82 22 vara
1164 2111 64 30 den
1247 2112 150 30 centrala
1415 2112 62 30 och
1495 2112 121 38 grund-

120 2165 164 39 läggande
312 2165 12 30 i
354 2165 410 38 stängsellagstiftningen.
809 2164 336 40 Stängselvitsordets
1175 2165 236 38 berättigande
1441 2167 114 36 syntes
1586 2165 29 39 ej

118 2219 80 29 fullt
214 2219 69 29 lika
299 2219 101 38 klart,
420 2227 76 22 men
514 2218 43 30 då
575 2219 58 30 det
649 2218 105 39 fyllde
771 2227 42 21 en
830 2218 252 31 beaktansvärd
1099 2219 144 39 uppgift,
1263 2219 105 30 borde
1385 2219 58 30 det
1459 2219 12 29 i
1488 2211 129 46 princip

120 2272 194 31 bibehållas.
349 2272 196 30 Emellertid
565 2274 114 37 syntes
700 2281 41 21 en
760 2272 212 31 konsekvent
991 2273 214 38 tillämpning
1225 2282 44 21 av
1289 2271 223 40 grundsatsen
1531 2273 12 29 i
1564 2273 13 38 $
1598 2274 18 28 1

119 2326 117 39 kräva,
250 2328 53 28 att
327 2328 114 29 rätten
465 2326 53 30 till
541 2326 131 31 vitsord
695 2326 192 31 bestämdes
912 2326 216 31 uteslutande
1153 2336 44 21 av
1222 2325 65 31 den
1312 2327 303 38 omständigheten,

120 2380 167 30 huruvida
311 2380 20 30 å
354 2380 123 30 endera
499 2380 78 30 eller
599 2380 89 30 båda
712 2380 135 30 sidorna
870 2389 44 21 av
936 2380 225 31 råskillnaden
1184 2380 148 30 betande
1354 2380 137 31 kreatur
1514 2380 102 31 hölles

120 2426 241 53 eller”plägade
384 2434 116 30 hållas.
524 2434 106 30 Detta
651 2434 106 30 skulle
772 2434 151 30 medföra
944 2434 19 30 å
978 2443 63 22 ena
1056 2434 96 31 sidan
1167 2443 41 21 en
1223 2434 243 39 inskränkning
1478 2443 44 21 av
1533 2432 82 32 vits-

121 2487 111 31 ordets
245 2488 198 30 nuvarande
451 2487 309 39 giltighetsområde
771 2487 132 40 dithän,
913 2489 53 29 att
976 2488 165 31 vitsordet
1151 2488 114 31 kunde
1274 2488 174 39 tillgripas,
1459 2488 90 30 blott
1562 2495 54 23 om

1655 924 150 34 Ändrings-

1679 965 99 29 förslag

1647 1000 71 24 intill
1739 1001 75 22 1914.

1662 1625 68 22 1914
1750 1625 43 23 års

1662 1661 132 29 riksdags-

1662 1697 131 23 skrivelse.
