1878 2842
104 815 108 26 Motion

117 860 30 25 II:
159 860 52 26 380

69 1366 174 27 Lantbruks-

78 1412 151 31 styrelsen.

283 165 15 26 2
507 163 99 28 Andra
631 165 184 27 kammarens
838 165 124 33 femte
989 164 145 36 tillfälliga
1160 165 125 28 utskotts
1312 166 149 28 utlåtande
1488 165 42 30 Nr
1556 165 25 29 5.

287 254 40 20 av
352 244 94 31 frukt
475 249 85 27 samt
588 246 142 32 erinrats
757 257 52 20 om
836 251 48 27 att
913 258 116 27 genom
1058 248 82 31 ökad
1166 248 216 38 tillverkning
1409 259 41 20 av
1476 249 57 30 vin
1562 249 78 30 eller
1668 249 103 30 andra

287 297 139 38 drycker
451 309 41 20 av
518 299 116 31 svensk
662 300 96 32 frukt
785 301 186 31 densamma
998 301 104 32 skulle
1128 301 112 31 kunna
1266 301 230 39 tillvaratagas
1521 302 109 31 bättre
1658 304 41 29 än
1726 313 45 19 nu

285 350 82 31 sker.
387 351 77 31 Med
485 352 128 38 hänsyn
634 352 49 31 till
705 354 63 30 den
788 358 87 26 stora
896 354 112 31 vikten
1029 365 40 20 av
1088 355 167 30 rationellt
1275 355 145 31 ordnade
1442 356 329 37 avsättningsförhål-

285 403 120 31 landen
424 409 112 33 syntes
555 415 39 21 en
613 406 132 40 allsidig
764 407 179 38 utredning
962 408 141 31 rörande
1124 408 119 38 frågan
1263 419 51 19 om
1332 408 147 32 inhemsk
1498 409 275 37 vintillverkning

284 467 80 21 vara
390 458 173 31 önskvärd.
601 460 51 29 Då
678 461 232 37 avsättningen
936 471 40 20 av
1003 461 57 30 vin
1087 472 39 20 av
1153 462 115 30 svensk
1297 461 117 31 råvara
1442 462 119 31 hittills
1588 462 183 31 försvårats

285 510 43 37 på
353 512 109 36 grund
491 522 41 20 av
556 522 46 21 nu
628 513 147 31 rådande
803 514 452 39 försäljningsanordningar,
1283 514 99 32 borde
1410 516 232 38 utredningen,
1671 515 99 31 bland

282 568 110 34 annat,
411 564 79 32 böra
509 565 139 32 inriktas
666 566 42 38 på
728 571 50 26 att
795 566 192 39 undersöka,
1007 568 165 30 huruvida
1191 568 29 37 ej
1241 568 243 38 försäljningen
1503 579 41 20 av
1562 569 131 32 svenskt
1713 569 55 30 vin

282 616 109 32 kunde
413 618 57 31 ske
494 618 52 31 till
570 619 114 38 priser,
709 630 68 20 som
800 620 30 37 ej
854 620 72 31 lade
951 621 119 30 hinder
1093 621 10 30 i
1126 622 104 37 vägen
1254 622 54 30 för
1332 622 71 30 dess
1427 623 224 38 användning.
1687 623 82 30 Där-

282 670 102 37 jämte
408 671 100 31 borde
531 672 201 32 undersökas
757 673 234 38 lämpligheten
1016 684 40 21 av
1081 678 46 27 att
1154 684 114 28 genom
1292 679 125 27 statens
1439 676 131 38 försorg
1593 676 78 31 eller
1697 675 72 32 stöd

281 733 39 20 en
343 724 250 32 försöksstation
615 726 142 31 inrättas
778 726 54 30 för
852 727 364 38 utexperimenterande
1238 738 39 20 av
1300 728 157 38 lämpliga
1477 729 166 37 vintyper.

321 804 16 29 I
354 804 123 30 motion
496 805 52 30 II:
568 805 59 30 3850
647 806 190 31 framhålles
855 806 208 39 svårigheten
1082 812 47 27 att
1151 808 94 31 finna
1265 808 215 38 användning
1499 809 58 30 och
1577 809 191 37 avsättning

279 856 54 31 för
353 857 248 32 frånsorterade
623 859 279 31 fruktkvaliteter.
938 860 114 31 Sämre
1073 860 269 32 fruktkvaliteter
1363 861 102 38 jämte
1489 862 156 30 fallfrukt
1668 861 99 31 borde

278 919 114 28 genom
408 911 131 31 teknisk
555 911 182 40 beredning
755 914 93 36 göras
864 914 132 37 nyttiga
1019 913 66 38 (till
1100 914 65 37 vin,
1184 914 97 38 cider,
1299 915 164 30 fruktmos
1479 926 26 21 o.
1524 926 22 20 s.
1565 916 61 36 v.).
1655 916 110 30 Ytter-

276 963 103 38 ligare
397 974 39 20 en
453 965 167 38 svårighet
636 966 73 38 låge
726 966 10 30 i
755 966 175 31 säkrandet
949 977 40 20 av
1008 967 231 38 avsättningen
1258 979 39 20 av
1315 969 179 30 cventuellt
1512 969 168 31 tillverkat
1698 973 66 27 vin,

277 1026 67 21 som
359 1017 100 32 borde
478 1018 55 31 ske
552 1018 51 30 till
624 1019 52 30 för
695 1019 264 38 producenterna
980 1020 176 38 antagbart
1176 1021 77 36 pris.
1285 1021 116 38 Enligt
1420 1022 259 31 motionärernas
1699 1023 66 29 för-

277 1070 70 38 slag
371 1070 99 32 borde
496 1071 80 31 Vin-
601 1073 59 29 och
685 1072 263 38 Spritcentralen
973 1073 133 38 åläggas
1131 1074 103 30 inlösa
1259 1074 66 37 vin,
1352 1074 186 39 frambragt
1563 1086 40 20 av
1628 1075 137 31 svenska

277 1123 131 32 frukter
426 1125 57 30 och
506 1124 59 31 bär
582 1125 53 31 till
655 1135 39 21 en
712 1126 66 30 viss
796 1125 145 31 bestämd
957 1126 139 31 kvalitet
1114 1127 57 30 och
1191 1127 120 38 mängd
1331 1138 40 20 av
1390 1128 39 31 de
1449 1128 139 38 företag,
1607 1129 88 31 vilka
1715 1129 50 30 be-

276 1177 113 38 viljats
407 1178 102 30 licens
529 1178 55 30 för
602 1178 282 38 vintillverkning.
917 1180 195 31 Tillsvidare
1130 1180 99 31 borde
1250 1181 54 31 det
1325 1181 172 31 ankomma
1517 1182 43 37 på
1579 1182 185 31 lantbruks-

278 1231 158 37 styrelsen
461 1235 50 27 att
534 1232 121 37 bevilja
679 1232 103 31 sådan
806 1232 299 39 tillverkningsrätt
1134 1238 82 26 samt
1243 1234 174 31 bestämma
1445 1235 226 38 vederbörliga
1697 1236 68 30 vin-

276 1284 182 32 kvaliteter.

318 1356 351 38 Lontbruksstyrelsen
688 1357 61 30 har
771 1357 9 29 i
802 1357 57 31 silt
879 1357 173 31 utlåtande
1076 1357 192 39 framhållit,
1291 1363 49 27 att
1364 1359 62 31 den
1449 1359 83 32 enda
1554 1361 135 37 möjliga
1712 1361 53 29 vä-

274 1410 61 27 gen
358 1405 48 26 att
428 1401 66 31 helt
517 1401 213 38 tillgodoföra
752 1402 251 38 fruktodlingen
1024 1402 117 32 värdet
1162 1413 39 20 av
1223 1404 39 30 de
1283 1404 186 37 betydande
1492 1405 158 38 mängder
1672 1405 89 30 från-

275 1445 147 31 sorterad
447 1446 105 37 frukt,
579 1456 68 20 som
670 1447 11 29 i
707 1446 109 31 färskt
839 1447 151 30 tillstånd
1016 1447 69 31 icke
1109 1447 127 38 lämpar
1260 1448 49 38 sig
1334 1449 53 30 för
1414 1449 118 32 ordnat
1557 1450 202 31 handelsför-

273 1490 149 38 farande,
446 1491 168 38 nämligen
638 1491 125 31 skadad
788 1492 78 30 eller
889 1492 191 31 missbildad
1106 1492 103 37 frukt,
1234 1493 158 32 fallfrukt
1419 1494 78 31 eller
1521 1495 94 30 frukt
1643 1505 39 20 av
1707 1494 54 30 för

272 1535 142 31 handeln
429 1536 177 38 olämpliga
621 1540 114 34 sorter,
751 1537 38 29 är
804 1540 49 27 att
870 1536 151 31 överföra
1037 1537 137 30 frukten
1191 1537 10 29 i
1216 1538 128 30 hållbar
1360 1538 96 31 form.
1485 1539 155 31 Sekunda
1655 1539 105 37 frukt,

271 1589 67 21 som
355 1580 127 38 årligen
498 1581 268 31 marknadsföres
783 1581 8 29 i
810 1581 185 37 betydande
1013 1582 166 37 mängder,
1198 1584 98 36 utgör
1312 1583 103 38 enligt
1432 1584 178 37 styrelsens
1627 1583 133 37 mening

272 1628 46 27 ett
337 1625 128 37 mycket
485 1629 84 27 stort
588 1625 118 31 hinder
725 1626 55 30 för
800 1630 49 26 att
867 1626 79 30 ernå
964 1626 104 30 sådan
1086 1627 142 37 ordning
1245 1627 56 30 och
1324 1627 78 31 reda
1421 1628 10 29 i
1450 1628 144 31 handeln
1613 1628 73 31 med
1705 1628 53 30 väl

273 1670 191 37 hehandlad,
485 1671 148 30 sorterad
652 1671 59 30 och
730 1670 127 38 packad
877 1671 116 30 svensk
1013 1671 104 38 frukt,
1138 1675 47 28 att
1206 1672 108 31 denna
1331 1673 110 30 kunde
1463 1673 203 31 konkurrera
1686 1672 72 31 med

272 1714 153 32 liknande
447 1714 158 31 utländsk
626 1725 89 21 vara.
752 1715 112 31 Skulle
888 1715 217 39 tillverkning
1128 1727 39 19 av
1191 1717 83 30 lätta
1298 1717 199 38 fruktviner,
1522 1718 39 30 de
1584 1718 82 30 enda
1691 1727 67 21 som

271 1759 176 38 lämpligen
469 1759 111 31 kunde
600 1760 239 38 ifrågakomma
860 1760 11 29 i
893 1760 91 31 detta
1007 1761 244 38 sammanhang,
1274 1762 59 30 och
1355 1762 89 31 cider
1466 1773 40 19 av
1530 1763 120 37 äpplen
1671 1762 87 30 inom

270 1814 87 21 mera
383 1805 199 37 utpräglade
608 1805 362 38 fruktodlingsdistrikt
998 1805 101 31 vinna
1126 1806 107 37 någon
1262 1808 211 37 omfattning,
1501 1809 94 31 torde
1622 1810 54 31 det
1702 1809 54 30 vid

269 1849 202 38 försäljning
489 1849 10 30 1
520 1850 255 37 prishänseende
795 1850 58 30 och
872 1850 9 29 i
901 1850 97 38 fråga
1019 1860 52 20 om
1091 1850 211 32 distribution
1322 1852 51 30 till
1392 1852 277 32 konsumenterna
1688 1853 69 31 icke

271 1894 76 30 böra
376 1895 163 37 jämföras
566 1894 71 31 med
665 1894 143 38 verkligt
838 1895 56 29 vin
922 1898 82 27 utan
1036 1905 133 21 snarare
1199 1897 72 30 med
1300 1897 230 38 läskedrycker
1559 1899 78 30 eller
1665 1898 92 30 malt-

270 1938 147 38 drycker.
454 1938 124 31 Genom
601 1939 79 31 Vin-
705 1939 60 31 och
789 1939 264 38 Spriteentralen
1077 1940 92 31 torde
1193 1941 153 30 fruktvin
1372 1942 69 31 ieke
1464 1942 113 31 kunna
1602 1943 156 37 försäljas

269 1983 105 30 under
396 1983 125 31 sådana
542 1984 127 37 villkor,
691 1988 50 27 att
763 1984 55 30 det
840 1984 90 30 bleve
952 1994 39 21 en
1013 1984 119 31 artikel
1154 1985 53 31 för
1230 1986 62 30 den
1314 1990 88 27 stora
1423 1987 230 38 allmänheten,
1675 1992 80 26 utan

269 2028 120 38 frågan
415 2038 77 21 vore
520 2028 10 30 1
557 2029 118 37 stället,
704 2029 165 31 huruvida
897 2029 69 31 icke
993 2033 48 26 ett
1070 2029 222 39 alkoholsvagt
1318 2031 154 31 fruktvin
1498 2032 128 31 enklast
1652 2032 105 31 skulle

268 2073 111 31 kunna
399 2073 217 31 distribueras
636 2083 116 29 genom
773 2073 245 39 bryggerierna,
1040 2074 57 30 hos
1118 2074 88 31 vilka
1227 2075 102 31 redan
1349 2076 159 31 utövades
1527 2077 66 30 viss
1613 2077 141 30 kontroll

268 2118 59 30 och
353 2118 88 30 vilka
469 2118 84 38 ägde
579 2118 138 39 lämplig
744 2118 170 31 maskinell
941 2119 59 30 och
1028 2119 286 39 lagerutrustning
1341 2125 84 27 samt
1452 2121 205 39 fackkunnig
1685 2131 70 28 per-

267 2163 99 30 sonal.
400 2163 351 38 Lantbruksstyrelsen
774 2163 222 38 ifrågasätter,
1021 2174 52 20 om
1095 2164 281 39 överhuvudtaget
1399 2166 275 39 vintillverkning
1699 2166 58 30 bör

267 2208 126 30 komma
414 2208 11 29 1i
445 2208 142 31 främsta
606 2212 141 26 rummet
767 2208 53 30 för
840 2208 155 38 åtgärder
1015 2219 41 19 av
1076 2209 60 30 här
1156 2209 256 38 ifrågavarande
1433 2210 78 38 slag.

308 2253 50 30 Då
379 2253 183 31 emellertid
583 2253 10 29 i
614 2253 217 31 förenämnda
850 2253 160 31 motioner
1029 2253 169 38 åsyftades
1217 2258 49 28 att
1284 2255 101 30 vinna
1405 2255 192 39 avsättning
1617 2256 53 31 för
1690 2256 66 30 viss

268 2298 51 30 del
339 2308 39 20 av
397 2298 130 31 landets
546 2297 299 38 fruktproduktion
864 2307 115 28 genom
998 2298 125 31 dennas
1142 2299 216 32 överförande
1378 2300 10 29 i
1410 2300 149 31 hållbara
1579 2301 176 38 lagerrum,

266 2343 108 30 kunde
389 2344 82 29 även
489 2343 105 30 andra
609 2343 142 37 utvägar
764 2342 108 38 väljas
887 2343 41 29 än
945 2343 283 38 vintillverkning.
1256 2344 51 30 En
1324 2344 116 31 härför
1456 2344 138 40 lämplig
1610 2345 144 31 tillverk-

265 2387 81 38 ning
363 2397 93 21 avser
471 2387 79 37 saft,
568 2387 146 38 speciellt
732 2387 116 30 råsaft.
878 2386 110 32 Sådan
1006 2387 61 31 har
1084 2388 106 30 under
1208 2398 113 21 senare
1338 2389 38 30 år
1393 2389 121 31 vunnit
1533 2400 39 21 en
1591 2390 162 38 påfallan-

267 2432 39 31 de
330 2436 68 27 stor
422 2432 193 38 avsättning
637 2432 87 30 inom
748 2432 236 31 fruktodlande
1008 2432 117 31 länder
1155 2432 210 39 (exempelvis
1389 2434 177 38 Tyskland,
1592 2434 158 32 Schweiz)

266 2478 58 30 och
341 2478 129 30 lämnar
485 2487 40 21 en
541 2477 30 38 ej
589 2477 99 31 minst
703 2487 42 20 ur
760 2476 180 31 medicinsk
954 2477 171 37 synpunkt
1141 2478 53 30 väl
1210 2477 132 38 lämpad
1358 2488 89 21 vara.
1477 2479 48 32 De
1543 2479 86 31 olika
1647 2479 108 31 frukt-

266 2522 301 31 odlareförbunden
591 2522 110 31 kunde
727 2522 60 30 här
813 2521 177 38 lämpligen
1017 2522 162 31 förmedla
1205 2523 258 38 anskaffningen
1492 2524 59 30 och
1577 2524 177 38 upplåtan-
