1918 2858
482 168 398 33 Jordbruksutskottets
913 170 187 32 utlåtande
1133 171 52 31 Nr
1209 172 29 29 9.
1553 175 17 29 7

104 252 171 31 avseende
301 253 93 35 gälla
419 253 172 31 särskilda
619 254 229 36 föreskrifter,
873 255 298 36 domänstyrelsen
1197 257 89 30 skall
1315 260 66 33 äga
1404 260 51 29 att
1481 260 43 35 på
1544 262 69 29 sär-

105 303 93 30 skild
222 304 199 37 ansökning
446 305 157 31 meddela
627 305 160 31 tillstånd
812 308 52 29 att
888 307 88 30 döda
999 309 62 28 örn
1087 307 93 31 inom
1199 309 89 30 visst
1304 310 150 31 område.
1489 310 125 37 Dylikt

104 354 192 37 stadgande
330 356 116 31 skulle
480 357 181 36 tillämpas
686 358 10 30 i
723 358 74 35 fall,
833 358 43 31 då
905 369 94 20 mera
1023 360 170 30 avsevärd
1218 361 109 31 skada
1350 372 45 19 av
1419 364 63 29 örn
1506 363 108 30 föror-

104 406 143 31 sakades
285 408 94 30 inom
413 408 205 36 jaktvårdat
653 409 149 31 område.
848 410 121 31 Såsom
1005 410 110 36 skydd
1141 412 54 29 för
1218 412 243 36 skadegörelse
1483 415 21 29 å
1528 416 86 29 tam-

104 458 81 36 djur
220 458 107 36 torde,
363 461 89 29 även
478 460 10 29 i
513 459 164 31 händelse
712 471 44 19 av
786 460 99 36 dylik
915 462 231 35 fridlysning,
1171 464 217 31 fortfarande
1412 465 82 30 böra
1518 466 96 35 gälla

102 509 201 35 Jaktlagens
337 511 240 30 bestämmelse
602 521 54 20 om
692 512 59 30 rätt
776 513 51 29 att
852 512 85 31 döda
963 515 73 33 örn,
1062 523 71 20 som
1161 514 196 31 inkommer
1381 516 11 29 i
1418 516 84 35 gård
1527 517 86 30 eller

102 560 178 36 trädgård.

145 611 206 32 Emellertid
390 614 59 30 bör
483 624 43 20 en
562 615 420 36 fridlysningsföreskrift
1017 627 43 19 av
1085 627 91 20 ovan
1200 618 154 35 angiven
1379 620 55 29 art
1457 619 156 35 givetvis

103 664 85 35 icke,
213 664 114 30 såsom
352 665 218 31 motionären
594 666 103 31 tänkt
720 667 66 35 sig,
810 667 60 30 ske
895 677 125 25 genom
1044 668 152 36 ändring
1212 679 45 20 av
1275 669 104 35 lagen
1396 680 56 20 om
1469 672 70 29 rätt
1553 671 59 30 till

101 715 87 35 Jakt,
212 716 88 30 utan
335 716 95 32 torde
464 717 56 31 för
553 718 201 31 ändamålet
788 719 230 35 erforderliga
1056 721 259 30 bestämmelser
1346 722 6 29 i
1379 723 116 29 ämnet
1531 723 81 30 böra

102 766 174 32 meddelas
299 777 45 21 av
368 768 135 37 Kungl.
528 769 112 37 Maj:t.

144 819 17 29 I
184 821 346 30 överensstämmelse
554 821 144 31 härmed
722 822 203 31 hemställer
949 824 179 35 utskottet,

544 925 52 29 att
632 925 187 36 riksdagen
856 926 12 29 i
902 926 194 36 anledning
1131 937 44 19 av
1212 928 230 31 förevarande
1477 930 133 30 motion

503 976 105 30 måtte
630 977 12 29 i
658 976 172 31 skrivelse
853 977 57 30 till
935 977 135 36 Kungl.
1095 978 102 36 Maj:t
1220 979 154 37 anhålla,
1398 981 51 30 att
1473 979 136 38 Kungl.

500 1027 103 36 Maj:t
637 1028 86 30 ville
758 1030 82 35 taga
869 1029 12 30 i
909 1029 245 36 övervägande
1189 1030 254 38 lämpligheten
1478 1042 45 21 av
1557 1034 52 30 att

501 1087 125 27 genom
649 1079 218 37 fridlysning
892 1080 85 31 eller
993 1081 206 32 annorledes
1217 1083 124 31 bereda
1357 1083 124 37 nödigt
1496 1084 112 36 skydd

502 1132 53 29 för
579 1133 75 29 örn.

142 1233 203 31 Stockholm
369 1234 66 31 den
459 1235 40 30 19
524 1236 157 30 februari
706 1237 94 30 1924.

540 1339 48 30 På
613 1340 377 35 jordbruksutskottets
1014 1344 155 34 vägnar:

720 1442 36 31 O.
781 1443 203 32 NILSSON.

135 1599 52 24 Vid
209 1600 77 24 detta
307 1601 116 24 ärendes
443 1602 229 30 slutbehandling
691 1603 69 23 hava
780 1605 135 22 närvarit:

133 1658 71 27 från
235 1662 108 24 första
371 1663 208 24 kammaren:
600 1664 98 24 herrar
716 1665 158 29 Hellström,
893 1666 125 30 Persson,
1039 1667 66 29 Nils,
1127 1667 110 24 Nilsson
1260 1668 4 22 i
1288 1668 134 30 Kabbarp,
1444 1669 131 24 Eriksson
1597 1671 5 21 i

98 1704 120 30 Ljusdal,
236 1711 81 25 greve
341 1707 196 24 Wachtmeister
554 1708 52 23 och
626 1708 165 26 Andersson,
815 1710 29 23 K.
865 1710 37 26 A.,
923 1712 71 21 samt

149 1763 73 27 från
251 1767 106 24 andra
384 1767 204 25 kammaren:
618 1770 97 23 herrar
744 1769 109 25 Nilsson
876 1771 6 22 i
902 1767 99 35 Tånga,
1022 1773 97 22 Olsson
1141 1773 5 22 i
1170 1773 131 31 Broberg,
1320 1774 158 24 Johansson
1501 1775 5 22 i
1531 1775 72 30 Upp-

97 1810 101 30 mälby,
220 1811 177 30 Lundström,
418 1811 130 30 Sjöblom,
571 1813 160 30 Uddenberg
753 1814 5 22 i
780 1813 151 31 Karlskoga
953 1815 52 22 och
1028 1816 153 24 Andersson
1204 1817 6 22 i
1232 1816 126 24 Grimbo.
