2232 2598
183 477 154 31 Vandrings-

206 514 102 23 rättare.

156 565 82 28 (extra
258 565 101 31 anslag.)

190 1936 133 24 Utskottet.

426 142 39 31 12
835 143 343 32 Jordbruksutskottets
1201 143 162 32 utlåtande
1387 146 51 29 Nr
1460 145 51 30 24.

906 226 178 31 ävensom
1105 222 187 48 medgiva,
1314 228 54 29 att
1387 222 141 48 Kungl.
1549 222 109 48 Maj:t
1677 225 61 34 må
1757 223 59 37 för
1836 223 134 49 bidrag

781 273 80 36 från
903 272 102 37 detta
1046 274 133 48 anslag
1221 273 133 48 stadga
1382 274 45 35 de
1455 274 137 36 villkor
1619 274 11 35 i
1659 275 136 48 övrigt,
1826 275 141 49 Kungl.

778 325 107 48 Maj:t
912 324 74 36 kan
1014 325 101 36 finna
1144 330 85 43 gott
1257 325 217 36 föreskriva.

512 481 96 46 19:0)
662 479 129 37 Under
830 479 122 49 punkt
988 482 43 33 17
1061 480 69 35 har
1160 480 139 49 Kungl.
1330 480 106 49 Maj:t
1464 481 194 47 föreslagit
1685 480 206 49 riksdagen
1918 487 56 30 att

379 535 21 32 å
441 537 106 30 extra
579 537 75 30 stat
689 532 58 35 för
785 534 39 33 år
854 533 95 34 1917
982 532 141 46 anvisa,
1154 537 53 30 att
1236 545 46 23 av
1312 532 140 48 Kungl.
1484 532 106 48 Maj:t
1618 533 12 35 i
1660 535 86 33 mån
1776 546 45 22 av
1848 532 124 37 behov

379 582 204 46 användas,
622 586 123 33 såsom
782 583 138 47 bidrag
948 583 56 36 till
1033 584 233 35 anställande
1296 597 44 23 av
1369 584 80 36 dels
1478 584 351 49 vandringsrättare
1857 584 12 35 i
1897 584 75 36 Da-

379 636 106 34 larna
525 635 68 35 och
636 634 187 36 Norrland
866 636 137 45 24000
1045 635 151 47 kronor,
1240 635 77 36 dels
1347 635 70 36 ock
1444 636 353 47 vandringsrättare
1824 635 13 36 i
1864 636 110 36 södra

379 686 90 36 eller
509 686 190 36 mellersta
741 685 158 49 Sverige
933 688 133 45 18,000
1096 687 139 36 kronor
1263 687 87 36 eller
1379 688 248 36 tillsammans
1655 688 139 47 42,000
1823 688 149 46 kronor,

378 738 120 35 under
537 737 137 36 villkor
716 742 54 32 att
811 738 134 48 övriga
986 738 204 36 kostnader
1227 739 57 35 för
1310 739 377 48 vandringsrättarna
1715 739 183 36 bestridas
1929 753 45 22 av

377 789 205 48 landsting,
624 789 432 50 hushållningssällskap
1090 791 90 35 eller
1208 791 116 48 eljest,
1355 796 99 30 samt
1480 793 48 46 på
1557 791 44 36 de
1628 790 138 37 villkor
1793 791 12 35 i
1835 791 137 48 övrigt,

377 841 142 48 Kungl.
550 841 107 47 Maj:t
685 841 75 36 kan
787 841 103 36 finna
918 846 84 43 gott
1030 842 222 36 föreskriva.

510 891 431 50 (Statsrådsprotokollet
970 893 68 36 sid.
1068 894 180 43 41—43.)

507 944 74 36 För
609 947 40 32 år
680 946 96 34 1912
805 945 176 35 anvisade
1009 945 205 47 riksdagen
1245 948 46 46 på
1319 946 123 47 grund
1470 959 46 22 av
1535 946 112 35 väckt
1667 946 142 35 motion
1829 948 20 32 å
1869 952 106 29 extra

377 1002 76 30 stat
498 1001 54 31 ett
587 996 137 48 anslag
752 1010 45 22 av
828 997 135 45 18,000
992 996 139 36 kronor
1159 1003 56 29 att
1243 1011 46 21 av
1319 997 140 48 Kungl.
1489 998 106 47 Maj:t
1623 997 11 35 i
1663 1000 87 33 mån
1779 1010 45 22 av
1851 997 124 36 behov

377 1048 193 35 användas
599 1050 123 33 såsom
751 1048 132 47 bidrag
910 1048 53 35 till
996 1048 210 36 avlönande
1235 1062 46 22 av
1307 1049 346 48 vandringsrättare
1681 1050 11 34 i
1721 1049 162 35 Dalarna
1905 1049 69 36 och

376 1099 188 36 Norrland
605 1099 120 36 under
765 1099 146 46 villkor,
955 1105 54 30 att
1050 1100 134 48 övriga
1224 1100 205 36 kostnader
1465 1101 57 35 för
1550 1101 191 35 desamma
1767 1100 206 36 bestriddes

377 1164 47 22 av
451 1150 205 48 landsting,
685 1151 432 49 hushållningssällskap
1147 1152 88 35 eller
1259 1152 119 48 eljest,
1401 1158 96 30 samt
1516 1155 47 45 på
1582 1152 45 36 de
1648 1152 137 35 villkor
1803 1152 12 35 i
1835 1152 137 47 övrigt,

377 1215 81 23 som
489 1202 138 48 Kungl.
658 1202 105 48 Maj:t
790 1203 125 35 kunde
943 1203 101 36 finna
1071 1209 86 41 gott
1177 1203 218 36 föreskriva.
1440 1203 151 36 Samma
1610 1203 138 49 belopp
1769 1203 204 48 beviljades

378 1254 163 36 därefter
581 1267 47 22 av
669 1253 206 49 riksdagen
916 1257 49 45 på
996 1255 136 47 Kungl.
1163 1255 126 48 Maj:ts
1318 1255 143 47 förslag
1489 1255 58 36 för
1575 1255 197 36 enahanda
1801 1254 171 36 ändamål

378 1305 70 36 och
478 1308 46 45 på
552 1305 249 36 oförändrade
829 1306 137 35 villkor
988 1306 144 48 jämväl
1161 1307 59 35 för
1248 1306 175 36 vartdera
1452 1320 45 22 av
1525 1310 88 33 åren
1644 1308 97 34 1913
1771 1306 70 36 och
1863 1308 108 34 1914.

507 1357 17 35 I
552 1357 207 47 anledning
801 1371 44 21 av
886 1357 63 36 vid
993 1359 96 34 1912
1131 1361 60 33 års
1233 1358 157 48 riksdag
1417 1359 138 35 väckta
1582 1359 186 35 motioner
1796 1358 177 36 anvisade

376 1408 207 49 riksdagen
607 1409 145 47 jämväl
780 1412 120 33 såsom
931 1410 137 47 bidrag
1095 1410 58 35 till
1182 1410 180 48 avlöning
1390 1413 37 32 åt
1456 1410 350 48 vandringsrättare
1833 1409 13 36 i
1865 1410 110 35 södra

377 1460 72 36 och
491 1460 189 36 mellersta
723 1460 155 49 Sverige
906 1464 21 32 å
955 1467 104 30 extra
1101 1467 75 30 stat
1217 1462 58 35 för
1315 1464 40 33 år
1399 1463 98 34 1913
1539 1466 53 32 ett
1622 1462 136 48 belopp
1788 1474 45 22 av
1862 1462 111 45 9,000

376 1512 140 36 kronor
555 1512 119 35 under
714 1525 143 23 samma
897 1512 136 37 villkor
1074 1526 82 23 som
1199 1513 58 36 för
1298 1513 62 36 det
1393 1514 103 35 förra
1526 1514 184 47 anslaget;
1742 1513 69 35 och
1840 1512 134 48 anslog

376 1563 204 49 riksdagen
621 1566 49 46 på
711 1564 144 48 förslag
896 1578 46 22 av
984 1565 139 48 Kungl.
1167 1565 108 48 Maj:t
1315 1571 94 29 även
1451 1565 57 36 för
1543 1568 39 33 år
1613 1566 99 34 1914
1740 1563 234 37 sistnämnda

376 1615 139 49 belopp
544 1615 58 35 för
629 1628 143 23 samma
800 1616 185 36 ändamål.

507 1666 51 36 På
585 1667 141 48 Kungl.
755 1667 125 49 Maj:ts
909 1668 146 48 förslag
1083 1668 112 48 höjde
1223 1668 205 48 riksdagen
1457 1668 58 35 för
1535 1670 40 33 år
1596 1668 97 35 1915
1714 1668 261 35 förstnämnda

378 1718 135 48 anslag
553 1718 57 35 till
652 1720 138 45 21,000
832 1718 139 37 kronor
1005 1720 71 35 och
1104 1719 63 37 det
1195 1719 233 37 sistnämnda
1457 1719 55 35 till
1545 1720 135 46 15,000
1709 1719 150 47 kronor,
1888 1719 85 36 med

376 1768 262 38 bibehållande
673 1784 47 21 av
756 1770 243 37 förenämnda
1026 1771 135 36 villkor
1189 1771 232 36 beträffande
1450 1771 94 35 båda
1573 1771 192 49 anslagen.
1824 1769 150 37 Samma

376 1820 138 49 belopp
544 1821 95 36 hava
668 1821 167 37 anvisats
864 1836 46 22 av
938 1822 203 49 riksdagen
1171 1823 58 35 för
1257 1826 40 33 år
1328 1825 108 34 1916.

510 1926 69 34 För
618 1925 313 37 nästkommande
973 1929 39 33 år
1053 1926 159 49 begäres
1253 1940 51 22 nu
1336 1926 219 49 förhöjning
1581 1926 84 37 med
1695 1927 112 47 3,000
1836 1926 139 36 kronor

378 1977 60 35 för
466 1976 175 36 vartdera
668 1990 48 22 av
743 1977 291 48 ifrågavarande
1061 1978 96 36 båda
1188 1978 142 48 anslag.

508 2027 192 37 Utskottet
727 2029 121 36 finner
875 2029 589 49 vandringsrättarinstitutionen
1490 2031 61 35 väl
1579 2030 159 49 förtjänt
1758 2043 46 23 av
1824 2030 150 36 fortsatt

377 2079 203 36 understöd
610 2080 82 36 från
721 2086 143 31 statens
893 2081 90 36 sida.
1027 2081 72 36 Vid
1128 2082 134 35 sådant
1283 2081 232 37 förhållande
1535 2082 69 36 och
1624 2082 47 35 då
1690 2081 46 37 de
1755 2081 218 37 nuvarande

377 2130 183 49 anslagen
588 2134 48 45 på
664 2137 74 30 sätt
767 2146 45 22 av
840 2133 253 47 utredningen
1112 2134 12 34 i
1145 2134 154 35 ärendet
1325 2133 167 48 framgår
1512 2133 97 37 visat
1629 2134 59 45 sig
1708 2133 264 48 otillräckliga,

377 2182 56 35 får
473 2183 195 47 utskottet,
712 2196 81 23 som
834 2184 82 36 icke
959 2185 124 35 funnit
1124 2188 120 45 något
1277 2190 53 30 att
1362 2185 125 35 erinra
1515 2190 78 31 mot
1621 2184 178 50 beloppet
1827 2198 46 23 av
1901 2184 73 36 den

376 2233 168 48 begärda
572 2235 361 48 anslagsökningen,
964 2236 211 47 hemställa,
