2216 2600
162 625 188 32 Hydrografisk-

189 660 138 31 biologiska

189 695 134 24 undersök-

420 163 42 32 30

849 162 344 33 Jordbruksutskottets
1214 162 165 34 utlåtande
1401 163 52 32 Nr
1475 164 53 32 24.

904 246 55 31 att
985 241 206 49 riksdagen
1220 244 71 45 må,
1320 242 12 35 1
1360 241 118 37 likhet
1506 242 87 36 med
1613 242 72 36 vad
1705 242 119 37 under
1843 255 131 24 senare

775 296 41 33 år
841 298 67 44 ägt
933 306 96 34 rum,
1071 293 58 36 till
1160 293 204 37 understöd
1397 296 37 33 åt
1471 293 120 37 Södra
1627 292 174 50 Sveriges
1828 293 145 37 fiskeri-

776 345 178 48 förening
987 347 20 34 å
1040 350 108 31 extra
1175 349 74 32 stat
1276 345 60 37 för
1363 347 41 34 år
1434 346 95 35 1917
1561 345 131 36 anvisa
1719 345 57 36 till
1804 350 170 45 upprätt-

775 396 175 37 hållande
986 410 45 22 av
1059 396 244 49 föreningens
1332 396 236 37 fiskeriskola
1596 398 114 45 8,500
1738 397 139 36 kronor
1904 397 71 36 och

776 451 124 34 såsom
928 447 136 49 bidrag
1091 448 56 36 till
1176 448 246 48 föreningens
1450 448 169 37 försöks-
1643 448 70 36 och
1732 448 242 48 fiskodlings-

774 499 240 37 verksamhet
1044 501 138 46 10,000
1208 500 149 46 kronor,
1379 500 90 36 eller
1487 499 159 50 tillhopa
1668 501 136 46 18,500
1824 500 148 36 kronor.

508 620 98 49 56:0)
635 620 86 37 Med
748 619 262 51 tillstyrkande
1038 633 49 23 av
1114 619 106 37 bifall
1246 620 57 36 till
1331 619 142 49 Kungl.
1500 620 128 49 Maj:ts
1648 620 119 36 under
1784 620 123 49 punkt
1927 621 48 35 54

378 671 130 37 därom
536 672 139 49 gjorda
703 672 282 48 framställning
1011 671 72 37 och
1107 672 119 36 under
1244 671 233 49 hänvisning
1494 671 58 36 till
1572 671 74 36 vad
1666 672 309 49 statsrådsproto-

163 732 94 29 ningar
275 738 31 15 av
321 729 29 24 de
378 722 116 38 kollet
535 723 69 37 sid.
648 725 149 35 94—96
832 723 118 37 under
976 736 146 24 samma
1149 723 121 49 punkt
1297 723 209 37 innehåller
1534 723 218 37 hemställer
1779 723 194 46 utskottet,

172 766 100 30 Sverige
290 772 50 16 om-

202 800 107 31 givande

210 835 87 25 haven.

151 889 83 26 (extra
253 888 103 29 anslag.)

206 923 91 46 [54.]

170 1608 164 25 Underhålls-

180 1644 45 23 och
244 1644 77 30 drift-

168 1679 109 23 kostnad
296 1680 43 29 för

195 1714 114 30 fartyget

182 1748 137 31 Skagerak.

151 1801 84 28 (extra
249 1800 106 30 anslag.)

208 1836 91 46 [55.]

907 815 53 31 att
985 809 206 49 riksdagen
1219 812 60 33 må

908 863 74 36 dels
1021 861 189 49 medgiva,
1251 867 55 30 att
1334 861 74 36 vad
1436 874 80 23 som
1545 861 64 36 vid
1637 863 196 46 utgången
1862 874 46 23 av
1936 863 40 33 år

780 915 98 35 1916
898 913 75 36 kan
992 915 141 34 återstå
1152 918 163 31 oanvänt
1334 926 48 22 av
1400 913 46 36 de
1464 913 56 36 till
1539 912 185 37 täckande
1739 925 47 23 av
1801 911 174 50 Sveriges

778 965 110 36 andel
915 965 12 35 i
954 964 258 37 kostnaderna
1239 965 58 35 för
1325 977 47 23 en
1390 964 282 37 internationell
1692 963 283 49 hydrografisk-

777 1016 192 63 biologisk
997 1015 284 37 centralanstalt
1308 1015 86 37 med
1422 1015 268 37 laboratorium
1711 1015 179 37 anvisade
1910 1028 65 23 an-

777 1068 85 48 slag
889 1070 60 34 må
977 1081 46 23 av
1050 1067 143 48 Kungl.
1222 1067 110 49 Maj:t
1358 1067 120 36 under
1506 1070 40 33 år
1577 1068 96 35 1917
1704 1067 195 36 användas
1919 1066 56 37 till

775 1119 188 49 gäldande
991 1133 47 23 av
1062 1118 177 49 Sveriges
1261 1119 140 36 andel
1387 1114 22 58 i
1424 1118 126 49 dylika
1570 1118 206 37 kostnader
1794 1119 60 36 för
1873 1118 103 37 tiden

776 1171 85 36 från
902 1171 68 36 och
1012 1170 85 37 med
1127 1170 72 37 den
1228 1172 45 34 22
1298 1170 73 48 juli
1403 1171 94 35 1917
1529 1170 55 36 till
1614 1170 69 37 och
1712 1170 84 36 med
1825 1170 73 37 den
1927 1171 44 35 21

771 1222 74 49 juli
876 1224 116 43 1918;

907 1276 74 35 dels
1008 1276 65 35 ock
1099 1274 57 36 till
1184 1273 267 37 omkostnader
1479 1273 59 37 för
1566 1273 105 37 tiden
1700 1274 82 35 från
1802 1274 70 36 och
1892 1273 84 37 med

775 1326 73 36 den
879 1329 18 33 1
928 1326 75 48 maj
1047 1327 98 35 1917
1189 1325 55 36 till
1273 1325 71 37 och
1372 1325 87 36 med
1488 1325 71 36 den
1589 1326 48 35 30
1666 1325 96 49 april
1792 1327 96 35 1918
1917 1325 59 36 för

774 1377 200 37 utförande
1000 1391 46 23 av
1065 1376 498 50 hydrografisk-biologiska
1581 1376 330 49 undersökningar
1931 1390 46 22 av

776 1429 46 36 de
852 1428 157 50 Sverige
1037 1428 228 50 omgivande
1294 1428 126 36 haven
1447 1431 20 33 å
1495 1434 105 30 extra
1630 1434 74 30 stat
1733 1428 58 36 för
1817 1431 40 34 år
1879 1429 95 35 1917

776 1481 134 36 anvisa
938 1486 52 31 ett
1017 1481 138 48 anslag
1183 1493 47 23 av
1258 1481 139 47 25,000
1426 1480 151 36 kronor.

505 1600 101 50 57:0)
633 1600 17 37 I
680 1602 376 36 överensstämmelse
1084 1602 85 36 med
1197 1601 141 49 Kungl.
1368 1600 126 50 Maj:ts
1523 1601 129 36 därom
1672 1601 118 37 under
1808 1601 169 49 punkten

376 1653 47 36 55
453 1652 135 50 gjorda
616 1653 283 48 framställning
925 1653 218 37 hemställer
1169 1652 195 48 utskottet,

906 1746 51 30 att
983 1740 204 47 riksdagen
1215 1741 61 34 må

906 1793 73 35 dels
1006 1791 191 49 medgiva,
1226 1796 55 31 att
1309 1791 74 36 vad
1412 1803 80 24 som
1521 1791 64 36 vid
1618 1792 97 35 1916
1745 1793 59 34 års
1832 1793 147 46 utgång

776 1845 61 34 må
873 1842 152 37 kvarstå
1064 1847 167 32 oanvänt
1258 1845 20 34 å
1305 1842 163 48 tidigare
1501 1843 136 48 anslag
1663 1842 57 37 till
1746 1842 231 37 underhålls-

776 1894 72 37 och
894 1894 250 37 driftkostnad
1189 1894 58 37 för
1287 1894 169 49 fartyget
1502 1893 209 49 Skagerak,
1758 1900 120 30 avsett
1919 1893 59 37 för

775 1945 499 50 hydrografisk-biologiska
1307 1945 334 49 undersökningar
1669 1959 47 23 av
1744 1946 45 36 de
1817 1945 161 49 Sverige

776 1997 226 49 omgivande
1039 1997 125 36 haven
1196 2003 96 31 samt
1320 1997 59 36 för
1407 1997 129 49 tillsyn
1564 1997 72 36 och
1663 1997 222 49 bevakning
1912 1997 63 36 vid

777 2048 179 49 Sveriges
984 2049 217 37 havsfisken
1227 2049 120 36 under
1375 2061 126 24 annan
1526 2049 54 36 tid
1600 2062 48 22 av
1668 2051 79 34 året
1766 2053 47 31 än
1832 2049 143 36 vinter-

775 2101 239 47 månaderna,
1043 2103 62 34 må
1132 2100 120 37 under
1280 2103 40 33 år
1351 2102 96 34 1917
1477 2100 195 37 användas
1700 2100 59 37 för
1778 2100 198 37 enahanda

776 2152 192 44 ändamål;

905 2205 74 36 dels
1015 2206 62 34 ock
1111 2204 60 36 för
1199 2216 143 24 samma
1369 2203 176 37 ändamål
1573 2205 21 34 å
1622 2208 104 31 extra
1754 2209 73 31 stat
1855 2204 58 36 för
1940 2206 40 33 år

778 2257 97 34 1917
906 2255 130 37 anvisa
1064 2261 53 30 ett
1146 2256 133 47 anslag
1307 2268 47 23 av
1384 2256 138 46 36,000
1551 2255 150 36 kronor.
