2222 2604
707 161 342 33 Jordbruksutskottets
1072 161 163 32 utlåtande
1257 161 53 32 Nr
1332 162 51 31 24.
1755 161 42 32 45

245 246 54 31 att
326 240 117 36 härav
483 240 75 36 låta
599 241 119 36 under
759 243 40 34 år
838 242 95 35 1916
965 254 45 23 av
1039 239 244 50 tillgängliga
1312 240 122 37 medel
1463 240 241 37 förskottsvis
1732 246 108 30 utan-

244 292 117 36 ordna
388 292 98 36 intill
515 294 113 45 3,000
656 293 151 36 kronor.

374 342 436 52 (Statsrådsprotokollet
838 344 67 37 sid.
939 346 71 35 156
1040 344 71 37 och
1142 343 99 50 157.)

373 395 17 37 I
418 396 351 49 skogshögskolans
798 401 74 32 stat
899 396 122 37 finnes
1040 401 196 45 upptagen
1256 409 45 24 en
1321 397 242 48 anslagspost
1582 396 57 36 till
1658 409 183 36 expenser

245 451 20 33 å
293 449 138 46 26,200
460 447 151 37 kronor.
666 448 134 48 Enligt
841 448 45 37 de
927 448 269 49 beräkningar,
1229 461 82 23 som
1339 449 86 48 lågo
1454 449 56 36 till
1538 448 126 48 grund
1692 447 58 37 för
1778 448 62 37 be-

244 499 253 38 stämmandet
527 513 45 23 av
614 499 103 37 detta
744 500 137 49 belopp
909 500 65 36 vid
1006 502 98 35 1914
1132 502 58 34 års
1220 513 132 24 senare
1379 500 171 48 riksdag,
1580 499 119 37 skulle
1727 499 114 37 därav

245 552 112 47 2,500
399 551 139 37 kronor
582 565 91 23 vara
713 552 164 36 avsedda
909 552 56 35 till
994 564 183 37 expenser
1204 551 64 36 vid
1297 551 71 37 den
1396 551 270 37 förberedande
1689 551 149 37 kursen.

242 604 133 36 Denna
403 603 95 36 hade
526 603 297 49 ursprungligen
851 604 97 36 varit
977 603 138 36 ämnad
1137 609 53 30 att
1209 604 196 48 förläggas
1423 603 64 37 vid
1506 603 227 48 Malingsbo,
1753 616 88 24 men

242 655 122 37 under
391 655 173 37 ärendets
592 655 231 48 behandling
851 655 96 37 hade
975 656 65 36 det
1068 655 99 36 visat
1195 656 71 48 sig,
1297 661 54 30 att
1378 656 72 36 den
1478 655 85 36 med
1584 660 119 31 större
1721 655 120 36 fördel

243 707 127 36 kunde
398 707 197 49 förläggas
624 707 56 36 till
708 707 71 36 den
807 707 155 50 inköpta
991 707 236 48 egendomen
1268 706 264 50 Garpenberg,
1561 712 138 42 varest,
1727 707 113 36 bland

243 764 126 42 annat,
398 758 190 49 betydligt
616 763 118 32 större
763 759 69 36 och
860 760 207 48 rymligare
1095 759 142 36 lokaler
1264 759 108 36 stodo
1401 759 56 36 till
1485 758 108 37 buds.

372 810 66 36 Att
466 810 97 36 ökad
591 810 313 37 bränslekostnad
933 811 241 49 uppkommit
1205 810 64 36 vid
1298 810 251 49 Garpenberg
1577 811 59 35 för
1665 810 72 37 den
1765 810 75 37 för-

242 862 214 37 beredande
497 862 151 47 kursen,
690 862 164 37 berodde
896 863 121 48 enligt
1052 862 73 36 vad
1168 862 412 50 departementschefen
1622 862 136 36 uttalat
1784 862 57 36 till

243 914 414 48 statsrådsprotokollet
698 914 301 49 huvudsakligen
1040 917 49 46 på
1123 914 217 36 nuvarande
1367 914 102 48 höga
1496 913 231 50 bränslepris
1755 927 85 23 men

242 971 107 42 även,
379 965 120 49 enligt
526 965 73 37 vad
627 966 210 49 uppgivits,
867 966 126 49 därpå,
1023 971 54 31 att
1105 966 64 36 vid
1197 966 46 36 de
1271 968 40 34 år
1341 967 97 35 1914
1467 965 213 49 framlagda
1707 965 133 37 beräk-

242 1018 190 48 ningarna
459 1017 68 36 full
556 1017 149 49 hänsyn
732 1017 82 37 icke
854 1018 147 36 kunnat
1037 1023 111 43 tagas
1176 1018 57 36 till
1261 1023 55 31 att
1345 1018 159 36 kursens
1532 1017 144 37 lokaler
1701 1030 139 36 genom

243 1069 291 49 förflyttningen
575 1069 57 36 till
673 1069 252 49 Garpenberg
969 1069 110 37 blivit
1119 1070 13 35 i
1173 1072 40 33 så
1241 1069 79 49 hög
1348 1069 94 49 grad
1470 1069 221 47 förstorade,
1720 1082 80 24 som
1828 1070 12 35 i

241 1121 267 49 verkligheten
537 1121 98 36 varit
663 1121 114 36 fallet.
833 1121 72 37 Det
941 1122 105 36 torde
1075 1121 120 49 enligt
1223 1121 435 49 departementschefens
1686 1122 155 47 mening

242 1186 90 23 vara
361 1172 243 49 oundvikligt
633 1178 54 31 att
714 1173 59 36 för
792 1173 214 36 ändamålet
1032 1173 141 49 bevilja
1192 1172 221 49 ytterligare
1433 1173 133 36 medel.
1594 1172 58 37 Då
1672 1173 168 36 emeller-

242 1224 55 36 tid
326 1224 46 36 de
401 1224 102 48 höga
530 1224 279 50 bränsleprisen
836 1224 128 36 kunna
991 1238 91 22 vara
1111 1224 249 50 övergående,
1380 1230 130 43 syntes
1530 1224 64 36 det
1612 1237 91 23 vara
1720 1224 120 49 lämp-

242 1276 116 48 ligast
386 1281 54 31 att
468 1289 51 23 nu
547 1276 133 36 endast
706 1276 142 48 begära
875 1281 53 31 ett
956 1276 137 49 belopp
1122 1279 21 33 å
1171 1281 104 31 extra
1305 1280 75 32 stat
1408 1276 58 36 för
1494 1278 41 33 år
1566 1277 95 35 1917
1692 1281 54 31 att
1773 1289 66 22 an-

242 1327 143 36 vändas
430 1327 58 37 för
535 1329 98 34 1916
676 1330 60 33 års
779 1327 132 38 behov.
975 1328 183 49 Beloppet
1198 1327 107 37 torde
1346 1327 129 36 kunna
1515 1327 228 37 bestämmas
1784 1327 57 36 till

208 1410 2 2 .
245 1380 111 46 1,500
384 1379 151 36 kronor.

371 1431 344 49 Framställningen
757 1444 60 23 om
846 1431 134 48 anslag
1007 1430 58 37 till
1093 1431 189 49 gäldande
1311 1444 46 23 av
1385 1430 164 37 kostnad
1576 1431 59 35 för
1663 1430 179 37 elektrisk

243 1488 118 31 ström
390 1482 55 37 till
474 1496 146 23 samma
647 1483 100 36 kurs”
776 1483 143 37 lokaler
961 1484 69 35 har
1058 1483 415 49 departementschefen
1502 1488 124 31 ansett
1652 1482 85 36 fullt
1764 1495 78 23 mo-

242 1534 164 45 tiverad;
436 1535 69 36 och
534 1535 106 36 torde
669 1535 63 36 det
759 1534 125 37 härtill
912 1534 168 49 begärda
1109 1535 176 49 beloppet
1313 1534 140 47 kunna,
1484 1534 55 36 till
1567 1534 85 37 dess
1672 1539 169 31 närmare

243 1586 216 36 erfarenhet
486 1586 166 48 vunnits,
681 1586 235 49 godkännas.

372 1689 295 47 Ifrågavarande
695 1689 281 48 framställning
1005 1703 59 23 om
1096 1695 106 30 extra
1222 1689 134 48 anslag
1374 1688 55 36 till
1449 1688 161 49 utgifter
1628 1689 60 36 för
1707 1689 134 48 skogs-

243 1740 235 49 högskolans
507 1740 272 37 förberedande
806 1741 90 36 kurs
936 1741 65 36 vid
1035 1740 253 49 Garpenberg
1315 1745 133 31 utöver
1476 1741 64 35 det
1567 1741 13 35 i
1608 1740 233 49 högskolans

242 1796 76 32 stat
346 1792 56 36 till
430 1804 183 36 expenser
641 1793 59 35 för
727 1792 164 36 nämnda
919 1792 92 36 kurs
1038 1798 198 43 upptagna
1266 1792 133 48 anslag
1427 1796 41 32 är
1495 1792 12 36 1
1535 1792 73 36 vad
1638 1792 71 36 den
1733 1805 109 23 avser

242 1844 137 48 anslag
406 1843 56 36 till
490 1843 184 37 täckande
714 1857 47 22 av
802 1843 359 37 bränslekostnader
1202 1843 196 37 föranledd
1434 1857 48 22 av
1509 1843 115 37 bland
1655 1849 114 31 annat
1796 1844 45 36 de

241 1895 165 36 rådande
434 1895 100 48 höga
562 1895 128 49 prisen
718 1898 21 33 å
767 1895 133 36 sådant
941 1895 161 47 bränsle,
1146 1908 79 23 som
1256 1895 119 49 enligt
1402 1895 73 36 vad
1504 1895 235 48 högskolans
1763 1900 78 43 sty-

242 1947 97 36 relse
368 1946 125 36 anfört
521 1947 189 36 erfordras
739 1946 58 37 för
824 1947 72 36 den
924 1947 195 36 därstädes
1146 1947 187 36 inrättade
1360 1946 345 49 värmeledningen.

371 1998 208 46 Utskottet,
609 2011 80 23 som
717 1998 196 46 inhämtat,
943 2003 55 31 att
1038 1998 63 36 det
1141 1998 63 36 vid
1233 1998 292 48 ifrågavarande
1554 1998 91 36 kurs
1672 1998 57 35 för
1756 2002 84 32 när-

242 2049 165 36 varande
436 2048 173 36 använda
637 2049 167 36 bränslet
831 2054 158 43 utgöres
1017 2063 46 22 av
1091 2049 72 36 ved
1192 2049 69 36 och
1291 2054 54 30 att
1371 2049 251 36 koksbränsle
1651 2049 130 36 endast
1800 2054 41 30 är

244 2105 121 31 avsett
406 2105 54 31 att
501 2100 152 36 komma
694 2100 56 36 till
792 2100 247 48 användning
1079 2100 121 36 under
1227 2099 101 37 vissa
1356 2100 184 36 särskilda
1569 2099 270 48 förhållanden,

242 2152 70 35 har
339 2151 82 36 icke
449 2151 126 36 funnit
605 2151 206 48 anledning
856 2151 55 36 till
954 2152 148 35 erinran
1131 2157 79 30 mot
1238 2151 61 36 det
1330 2151 57 35 för
1413 2151 290 48 ifrågavarande
1731 2151 110 36 ända-

244 2203 73 37 mål
344 2202 214 37 beräknade
587 2201 178 51 beloppet
793 2202 88 37 eller
910 2208 78 30 mot
1017 2202 328 48 framställningen
1373 2202 11 36 i
1414 2203 140 48 övrigt.

1897 1698 132 25 Utskottet.
