2210 2604
690 161 343 33 Jordbruksutskottets
1055 158 165 33 utlåtande
1243 158 53 31 Nr
1318 159 53 30 24.
1752 155 41 31 69

237 241 242 39 bestridande
516 254 47 23 av
599 239 430 51 tryckningskostnader
1057 238 84 36 från
1170 237 86 37 dess
1285 235 217 38 nuvarande
1531 234 138 50 belopp
1699 235 137 46 32,198

237 295 141 35 kronor
405 293 85 37 med
518 295 47 34 22
594 293 141 36 kronor
761 290 58 38 till
848 292 139 46 32,220
1015 291 150 35 kronor.

367 345 193 37 Utskottet
587 344 226 47 hemställer,

766 434 55 32 att
840 429 177 48 samtliga
1037 428 187 37 ordinarie
1246 427 135 49 anslag
1399 426 118 36 under
1537 425 139 37 nionde
1690 424 146 37 huvud-

635 483 122 45 titeln,
800 495 81 23 som
922 482 67 35 här
1025 494 98 22 ovan
1150 479 84 37 icke
1261 479 110 37 blivit
1398 477 151 37 särskilt
1577 475 259 47 omförmälda,

636 537 61 34 må
729 534 58 36 för
819 536 40 33 år
889 534 96 35 1917
1015 531 208 38 fastställas
1251 531 57 36 till
1336 543 142 23 samma
1505 529 140 49 belopp
1674 541 81 23 som
1782 527 56 37 uti

636 585 254 38 innevarande
934 588 59 33 års
1034 584 174 44 riksstat;
1252 582 96 37 dock
1376 587 55 31 att
1458 581 12 36 i
1498 580 340 49 förslagsanslaget

638 638 58 36 till
737 636 237 38 bestridande
1016 649 46 23 av
1102 633 434 52 tryckningskostnader
1569 634 63 34 må
1661 632 37 36 få
1725 637 113 43 göras

639 690 73 36 den
735 689 216 49 jämkning,
979 701 81 23 som
1089 687 59 36 för
1170 686 209 49 jämnande
1408 699 47 23 av
1473 684 260 37 huvudtitelns
1749 684 89 35 slut-

639 754 147 24 summa
814 741 75 35 kan
919 740 101 36 bliva
1048 738 237 49 erforderlig.

371 846 218 37 Stockholm
620 846 75 36 den
727 847 44 34 13
801 858 100 23 mars
932 845 109 35 1916.

700 949 53 36 På
775 947 413 50 jordbruksutskottets
1216 951 161 44 vägnar:

803 1051 172 38 RAOUL
1004 1050 280 38 HAMILTON.

443 1311 216 27 Närvaromde:
672 1310 103 27 Herrar
788 1319 82 25 greve
884 1308 152 31 Hamilton,
1050 1303 141 50 Ericsson,
1205 1307 159 32 Petersson,
1378 1307 29 27 P.
1422 1305 104 32 Alfred,
1540 1305 116 30 Fahlén,
1670 1303 169 36 Holmquist,

641 1353 145 32 Lindblad,
805 1362 84 27 greve
907 1351 225 31 Wachtmeister,
1152 1350 102 35 Öberg,
1274 1351 116 27 Nilsson
1409 1351 9 25 i
1437 1350 111 29 Linnås;
1568 1347 177 32 Barthelson,
1764 1347 76 36 Inge-

641 1399 95 30 ström,
755 1396 85 36 Tysk,
860 1396 129 30 Larsson,
1009 1395 81 34 Hage
1110 1394 50 27 och
1181 1393 95 28 Norin.
