2216 2634
734 193 251 31 Statsutskottets
1007 193 166 31 utlåtande
1196 192 52 31 Nr
1275 194 67 29 143.
1791 191 37 31 17

939 602 66 38 Nr
1033 602 102 39 143.

726 708 125 27 Ankom
875 707 48 28 till
947 707 186 36 riksdagens
1158 706 103 28 kansli
1286 706 62 27 den
1374 705 36 28 15
1436 706 62 36 maj
1527 704 79 28 1917
1632 704 41 27 kl.
1695 704 19 27 4
1738 712 24 19 e.
1788 713 40 18 m.

542 799 195 37 Utlåtande
764 799 14 35 i
804 798 195 48 anledning
1028 810 44 23 av
1100 798 135 48 Kungl.
1257 797 126 48 Maj:ts
1401 795 228 49 proposition
1648 795 184 48 angdende

644 863 73 32 rätt
751 858 64 47 för
841 857 183 49 åtskilliga
1054 858 214 48 tjänstemän
1296 870 45 22 av
1371 856 95 48 lägre
1491 856 95 48 grad
1613 855 63 36 vid
1701 861 130 29 statens

637 919 207 48 järnvägar
884 918 79 35 med
989 917 159 36 särskild
1172 916 307 48 yrkesutbildning
1508 922 51 29 att
1586 915 14 35 i
1627 914 205 48 avlönings-

646 978 195 36 hänseende
886 977 266 49 tillgodoräkna
1197 977 53 47 sig
1295 976 71 36 wviss
1402 975 220 50 föregdende
1659 975 172 48 tjänstgö-

645 1038 166 49 ringstid.
1578 1033 74 50 (4:e
1681 1033 98 49 avd.)

336 1150 18 37 I
395 1163 47 23 en
483 1149 56 37 till
579 1149 211 49 riksdagen
831 1149 162 47 avlåten,
1035 1148 58 37 till
1129 1147 304 37 statsutskottets
1461 1145 277 38 förberedande
1767 1144 64 37 be-

236 1203 184 47 handling
448 1201 246 37 överlämnad
722 1201 251 50 proposition,
1005 1214 45 22 nr
1079 1202 86 45 271,
1195 1200 68 36 har
1290 1198 141 50 Kungl.
1461 1198 109 49 Maj:t
1597 1198 121 36 under
1747 1197 85 36 åbe-

234 1254 168 50 ropande
439 1267 47 23 av
522 1253 288 50 propositionen
850 1252 148 49 bilagdt
1038 1252 140 48 utdrag
1219 1265 46 22 av
1293 1250 421 49 statsrådsprotokollet
1742 1255 91 30 över

236 1306 256 37 civilärenden
529 1306 60 36 för
630 1318 144 24 samma
814 1305 75 46 dag
917 1303 201 49 föreslagit
1149 1303 207 48 riksdagen
1384 1307 56 32 att
1469 1307 140 43 antaga
1637 1315 48 23 en
1726 1305 107 32 över-

235 1357 393 50 gångsbestämmelse
668 1357 56 35 till
752 1356 177 48 gällande
958 1355 438 49 avlöningsreglemente
1424 1354 59 36 för
1511 1354 230 48 tjänstemän
1766 1352 65 36 vid

237 1415 144 32 statens
405 1410 210 48 järnvägar
643 1421 47 23 av
719 1408 168 49 följande
916 1407 162 49 lydelse:

338 1461 457 48 »Lokomotivreparatör,
824 1459 183 37 elektrisk
1033 1463 205 45 reparatör,
1269 1457 334 49 signalreparatör,
1622 1468 212 37 vagnrepa-

235 1519 114 42 ratör,
377 1513 184 37 elektrisk
590 1512 328 49 underreparatör,
948 1510 446 49 signalunderreparatör
1421 1509 91 37 eller
1530 1507 303 38 maskinskötare

237 1569 20 33 å
298 1565 185 50 ångfärja,
525 1565 130 36 vilken
691 1565 81 36 före
812 1564 72 36 den
928 1565 19 35 1
985 1562 151 49 januari
1166 1564 96 35 1916
1292 1561 98 37 varit
1417 1560 161 38 anställd
1605 1560 13 36 i
1646 1559 187 38 ordinarie

235 1617 118 48 tjänst
389 1617 64 36 vid
481 1621 147 33 statens
651 1616 210 49 järnvägar
889 1615 71 37 och
987 1615 123 36 tillika
1137 1614 86 36 från
1250 1613 181 50 tidpunkt
1458 1613 81 36 före
1567 1612 165 36 nämnda
1759 1611 74 37 den

240 1672 17 33 I
295 1669 147 50 januari
487 1670 97 35 1916
624 1668 72 36 och
732 1667 97 37 intill
859 1667 119 37 skedd
1005 1666 207 37 befordran
1239 1666 57 36 till
1324 1664 265 38 innehavande
1617 1663 217 48 befattning

236 1724 48 46 på
323 1726 55 32 ett
420 1720 296 49 stadigvarande
757 1724 75 32 sätt
875 1719 84 36 med
1000 1718 68 37 full
1109 1717 335 50 yrkesutbildning
1472 1719 124 34 såsom
1624 1720 208 45 reparatör,

236 1773 314 49 underreparatör
591 1772 91 37 eller
724 1771 301 37 maskinskötare
1067 1773 21 33 å
1129 1770 176 49 ångfärja
1346 1769 173 48 fullgjort
1556 1767 116 37 sådan
1699 1768 135 49 tjänst-

236 1825 152 49 göring,
430 1837 80 24 som
551 1837 156 23 numera
747 1823 147 49 åligger
931 1822 267 37 motsvarande
1227 1821 188 37 ordinarie
1444 1820 388 48 befattningshavare,

237 1880 70 43 må,
336 1877 123 49 ifråga
487 1889 60 23 om
575 1875 380 50 begynnelsearvode
983 1879 96 32 samt
1103 1871 729 51 avlöningsförhöjning
1544 1867 20 63 i
1571 1871 261 51 innehavande

236 1929 229 48 befattning,
502 1928 283 49 tillgodoräkna
813 1927 61 48 sig
901 1927 85 36 hela
1014 1927 72 36 den
1115 1926 56 36 tid
1199 1926 75 36 han
1303 1928 126 34 såsom
1458 1923 191 37 ordinarie
1676 1923 157 48 tjänste-

238 1995 86 25 man
353 1980 80 37 före
461 1980 271 48 befordringen
756 1978 293 50 stadigvarande
1068 1977 154 38 bestritt
1241 1977 116 37 sådan
1377 1976 162 37 särskild
1558 1976 273 50 tjänstgöring,

238 2047 79 23 som
345 2045 93 37 nyss
466 2037 41 31 är
533 2032 152 36 nämnd.

339 2084 83 37 Vad
464 2097 98 23 ovan
603 2084 174 48 stadgats
806 2082 97 38 skall
931 2087 72 43 äga
1032 2081 268 37 motsvarande
1328 2080 242 49 tillämpning
1597 2079 234 37 beträffande

237 2137 386 48 ledningsreparatör,
652 2148 82 24 som
762 2135 81 37 före
872 2135 73 36 den
976 2136 17 34 1
1019 2133 152 49 januari
1202 2135 94 34 1917
1319 2132 98 37 varit
1436 2131 162 37 anställd
1617 2132 12 35 i
1646 2130 185 37 ordinarie

238 2189 217 48 befattning
483 2187 63 37 vid
575 2192 145 32 statens
744 2187 239 49 järnvägar>.

341 2240 235 37 Beträffande
616 2239 249 49 utredningen
893 2239 12 35 i
933 2238 153 37 ärendet
1126 2237 137 37 tillåter
1294 2236 60 49 sig
1380 2236 185 36 utskottet
1592 2235 156 36 hänvisa
1776 2234 56 36 till

239 2292 418 50 statsrådsprotokollet.

285 2355 112 35 Bihang
420 2355 44 28 till
485 2354 170 36 riksdagens
672 2353 146 38 protokoll
840 2353 91 28 1917.
978 2353 18 27 6
1017 2352 83 29 saml.
1147 2352 39 27 63
1209 2351 72 35 häft.
1328 2347 61 39 (Nr
1413 2346 190 41 142—144.)
1771 2349 17 27 3
