2193 2703
452 251 35 30 16
625 248 254 32 Sammansatta
905 248 105 32 Stats-
1035 247 73 44 (och
1131 248 279 43 Lag-)utskottets
1440 248 179 33 Utlåtande
1643 248 65 34 N:o
1730 251 50 31 15.

509 338 113 37 Detta
642 341 41 33 är
701 339 131 47 något,
853 350 81 24 som
954 341 41 32 är
1015 336 248 51 synnerligen
1282 337 196 50 behöfligt.
1525 337 348 38 Barnmorskornas
1892 337 107 38 löner

406 396 65 31 äro
512 391 11 35 i
557 390 206 37 allmänhet
791 390 155 37 alldeles
975 390 59 37 för
1062 393 90 34 små.
1209 390 59 36 En
1296 390 43 37 af
1359 390 511 50 riksförsäkringsanstalten
1901 392 95 36 1906

405 443 191 50 uppgjord
638 443 115 37 tabell
794 444 113 46 visar,
949 448 55 31 att
1047 445 45 34 13
1121 447 160 46 procent
1310 443 41 36 af
1375 443 149 37 landets
1552 443 233 37 kommunalt
1813 443 185 37 anställda

406 496 271 38 barnmorskor
705 496 113 36 hafva
846 496 121 37 under
995 498 74 35 200
1098 496 162 37 kronors
1280 496 75 47 lön,
1378 498 44 34 31
1444 501 159 44 procent
1621 496 139 37 mellan
1781 498 217 46 200—300,

408 552 46 34 39
496 554 158 44 procent
694 548 138 38 mellan
874 550 241 46 300--4000,
1160 551 45 34 12
1234 553 157 46 procent
1419 548 139 37 mellan
1587 551 215 42 400—500,
1832 552 52 45 4,5
1913 563 87 36 pro-

406 608 85 32 cent
520 602 109 36 öfver
658 603 73 36 500
759 602 150 36 kronor.

508 655 17 37 I
554 654 20 50 $
604 658 20 33 3
653 655 12 36 i
695 654 63 37 det
785 654 223 50 lagförslag,
1039 667 80 24 som
1148 653 138 50 Kungl.
1316 654 106 49 Maj:t
1449 654 246 49 framlägger,
1725 659 134 45 säges:

509 708 288 46 »Barnmorska,
841 721 81 23 som
963 712 41 31 är
1044 707 12 35 i
1097 683 250 60 kommunens
1381 668 126 87 tjänst
1534 703 174 56 anställd,
1739 680 97 79 skall
1864 707 10 34 1
1904 707 97 48 årlig

405 760 65 36 lön
499 760 144 48 åtnjuta
671 760 116 35 minst
817 761 72 34 300
918 759 150 45 kronor,
1099 763 97 32 samt
1224 759 185 49 därjämte
1438 759 123 37 förses
1590 758 85 37 med
1700 735 139 72 tjänlig
1866 736 134 59 bostad

408 813 70 36 och
519 812 135 49 nödigt
695 811 150 37 bränsle
877 811 92 37 eller
998 811 70 36 ock
1097 811 140 37 erhålla
1266 812 217 49 ersättning
1511 811 128 37 därför
1667 811 85 37 med
1781 812 116 36 minst
1928 813 71 35 100

406 866 151 36 kronor.

509 917 77 36 Där
615 916 184 37 särskilda
830 916 327 49 omständigheter
1181 916 134 37 sådant
1334 916 163 49 påkalla,
1518 921 70 44 äge
1609 916 238 49 Konungens
1868 915 132 38 befall-

407 969 320 50 ningshafvande,
756 972 48 47 på
824 969 169 37 ansökan
1015 969 42 37 af
1073 969 179 37 kommun
1271 969 71 37 och
1363 969 95 37 efter
1478 969 118 37 förste
1616 968 382 50 provinsialläkarens

408 1022 181 48 hörande,
633 1022 205 48 medgifva,
880 1026 55 32 att
976 1021 218 50 aflöningen
1221 1025 60 33 må
1308 1025 93 46 utgå
1428 1021 85 37 med
1543 1022 141 48 skäligt
1711 1022 108 48 lägre
1847 1022 139 49 belopp

509 1074 229 49 Aflöningen
770 1074 229 37 bestämmes
1033 1074 41 37 af
1098 1074 285 37 vederbörande
1412 1074 178 37 kommun
1620 1074 71 37 och
1719 1073 98 38 skall
1844 1079 155 44 utgöras

411 1128 97 37 efter
538 1128 197 36 enahanda
763 1127 136 49 grund,
929 1140 79 23 som
1038 1127 58 37 för
1123 1127 414 49 kommunalutskylder
1565 1127 12 36 i
1606 1127 205 37 allmänhet
1839 1131 43 32 är
1910 1126 91 37 eller

407 1181 75 36 kan
524 1180 102 36 varda
654 1179 267 37 föreskrifven.

510 1233 139 35 Kunna
689 1233 234 45 kommuner,
965 1245 81 22 som
1089 1236 64 31 äro
1195 1232 181 36 förenade
1419 1231 55 36 till
1504 1236 54 31 ett
1585 1230 414 49 barnmorskedistrikt,

406 1285 84 36 icke
532 1285 110 35 träffa
683 1283 389 38 öfverenskommelse
1115 1297 60 22 om
1216 1284 229 48 aflöningen,
1489 1283 96 37 skall
1617 1284 135 49 frågan
1780 1284 154 49 afgöras
1963 1284 43 36 af

408 1338 236 47 Konungens
673 1336 455 49 befallningshafvande.»

511 1389 75 37 För
628 1392 64 33 vår
733 1388 62 37 del
835 1402 90 24 anse
968 1389 36 35 vi
1046 1388 124 37 denna
1210 1388 63 36 lön
1302 1391 48 47 på
1380 1390 72 35 300
1481 1389 142 35 kronor
1650 1401 90 23 vara
1769 1387 59 37 för
1855 1388 146 49 knappt

406 1442 188 46 tilltagen.

506 1471 23 58 I
569 1507 48 23 en
659 1506 124 23 annan
812 1493 140 47 Kungl.
982 1493 127 49 Maj:ts
1137 1493 236 49 proposition
1400 1506 63 22 n:o
1494 1495 46 33 25
1569 1492 235 49 framlägges
1833 1497 54 31 ett
1916 1505 86 35 syn-

407 1545 173 50 nerligen
621 1545 184 48 behöfligt
845 1524 145 70 förslag
1030 1507 56 74 tll
1126 1544 321 50 löneförbättring
1489 1547 36 34 åt
1556 1544 354 50 lärarepersonalen
1938 1543 64 37 vid

410 1580 215 54 småskolan
670 1612 47 21 m.
766 1612 46 21 m.
868 1575 119 58 Däri
999 1597 159 37 föreslås
1200 1575 470 59 småskolelärarinnornas
1699 1596 302 50 begynnelselön

408 1656 103 31 utom
553 1651 156 35 husrum
750 1650 70 36 och
854 1650 193 36 vedbrand
1075 1650 58 35 till
1163 1651 72 35 500
1265 1650 140 36 kronor
1429 1650 121 48 jämte
1579 1655 56 31 tre
1664 1649 263 48 ålderstillägg
1955 1651 47 46 på

413 1705 46 34 50
488 1703 141 36 kronor
657 1702 194 37 hvardera.

512 1755 109 36 Flera
663 1754 268 49 riksdagsmän
968 1755 113 36 hafva
1123 1759 124 31 ansett
1282 1754 105 36 detta
1429 1754 58 36 för
1514 1754 93 48 lågt,
1636 1754 148 36 hvadan
1815 1753 45 36 de
1887 1753 115 36 hafva

411 1807 223 36 motionerat
667 1820 60 23 om
761 1812 55 31 ett
844 1807 121 49 högre
994 1806 137 49 belopp
1161 1811 48 31 än
1237 1807 63 35 det
1328 1806 140 49 Kungl.
1499 1806 106 49 Maj:t
1632 1805 207 48 föreslagit.
1881 1805 16 36 I
1912 1805 90 36 flera

409 1859 65 36 fall
515 1859 108 37 torde
664 1859 342 36 barnmorskornas
1037 1860 70 35 och
1136 1858 471 37 småskolelärarinnornas
1642 1858 207 37 lönebehof
1873 1858 128 35 kunna

405 1912 185 48 jämföras
631 1912 86 36 med
758 1911 221 37 hvarandra.
1037 1911 69 37 Om
1149 1912 126 35 därför
1302 1911 320 36 barnmorskorna
1651 1910 117 37 skulle
1797 1910 38 36 få
1864 1923 46 23 en
1938 1910 65 35 lön

410 1967 39 33 så
490 1964 188 48 tilltagen,
720 1968 55 32 att
816 1964 75 36 den
919 1963 126 37 blefve
1073 1963 78 36 lika
1180 1963 84 37 med
1293 1963 472 37 småskolelärarinnornas
1795 1963 40 35 af
1861 1962 140 48 Kungl.

408 2015 107 49 Maj:t
558 2016 219 49 föreslagna
818 2015 301 50 begynnelselön
1162 2015 91 37 eller
1295 2017 73 35 500
1408 2016 151 47 kronor,
1589 2015 115 37 borde
1733 2015 64 36 det
1825 2015 32 49 ej
1890 2027 112 24 anses

408 2082 91 22 vara
527 2069 60 35 för
614 2070 151 47 mycket

511 2120 89 37 Man
628 2121 68 36 har
723 2121 137 46 anfört,
890 2125 55 31 att
964 2134 45 22 en
1029 2121 244 36 barnmorska
1293 2120 80 36 dels
1394 2121 68 35 har
1481 2133 47 23 en
1547 2120 76 36 viss
1643 2120 174 36 bestämd
1836 2120 168 35 inkomst

409 2172 64 37 vid
513 2173 132 47 hvarje
686 2173 235 48 förrättning
950 2173 71 36 och
1050 2172 79 37 dels
1158 2172 75 37 kan
1263 2172 120 37 skaffa
1412 2173 61 48 sig
1501 2173 118 35 andra
1648 2177 107 31 extra
1782 2172 219 36 inkomster.

408 2225 86 36 Men
537 2225 103 36 detta
682 2225 55 36 lär
780 2226 33 49 ej
856 2238 88 23 vara
986 2224 246 50 synnerligen
1261 2225 153 57 mycket
1441 2229 55 32 att
1523 2225 118 36 räkna
1670 2225 96 47 med,
1797 2224 70 36 och
1897 2224 106 36 öfver

409 2277 144 36 hufvud
593 2282 108 44 taget
741 2278 75 35 kan
858 2277 62 36 det
960 2267 189 59 knappast
1181 2277 138 49 belöpa
1348 2277 61 49 sig
1436 2276 58 37 till
1522 2290 168 23 summan
1721 2277 40 36 af
1787 2277 46 36 de
1863 2276 139 36 ålders-

409 2329 148 49 tillägg,
587 2344 80 22 som
696 2344 86 22 man
811 2330 100 36 afser
939 2334 53 32 att
1020 2330 105 48 gifva
1155 2329 227 37 lärarinnan.

512 2382 73 35 För
629 2384 45 33 15
717 2385 39 33 år
797 2382 113 36 sedan
939 2359 111 72 utgat
1076 2395 250 23 amanuensen
1356 2381 197 37 Eneström
1582 2395 45 23 en
1655 2380 283 49 undersökning
1966 2380 40 36 af
