1930 2784
280 140 19 29 4
540 140 402 40 Bevillningsutskottets
966 142 219 32 betänkande
1207 153 43 20 nr
1272 145 42 29 20
1335 145 39 29 år
1398 145 84 30 1960

279 221 89 39 regel
392 221 163 30 avlämna
579 221 310 40 självdeklaration
913 226 119 27 senast
1055 223 66 30 den
1150 224 37 30 15
1213 224 164 31 februari.
1402 226 118 40 Enligt
1543 227 219 30 bestämmel-

280 283 53 21 ser
360 274 11 29 i
398 274 432 41 taxeringsförordningen
858 277 63 29 och
950 276 412 41 taxeringskungörelsen
1392 280 89 29 skall
1510 281 251 30 deklarations-

278 327 197 30 blanketter
498 328 248 31 kostnadsfritt
768 328 286 32 tillhandahållas
1077 331 63 29 hos
1163 331 281 40 länstyrelserna,
1467 333 41 30 de
1532 334 115 30 lokala
1671 335 92 29 skat-

280 381 334 39 temyndigheterna,
639 381 591 40 taxeringsnämndsordförandena
1256 388 90 27 samt
1371 385 93 30 vissa
1489 387 110 30 andra
1625 387 137 39 statliga

280 434 63 28 och
359 434 230 31 kommunala
604 435 252 39 myndigheter.

323 486 130 30 Genom
475 487 354 40 länskungörelserna
850 489 64 30 och
937 498 174 22 annonser
1134 491 10 29 i
1166 491 230 39 dagspressen
1418 492 148 30 erhåller
1588 494 41 29 de
1654 495 108 29 skatt-

280 540 157 40 skyldiga
459 541 251 40 upplysningar
731 543 65 29 och
816 542 237 39 påminnelser
1074 553 56 21 om
1151 544 54 30 sin
1226 544 448 42 deklarationsskyldighet.
1697 547 67 29 En-

279 592 60 40 ligt
359 594 190 30 utskottets
570 595 139 39 mening
730 596 38 29 är
788 595 57 31 det
865 596 71 30 inte
956 597 129 39 troligt,
1107 599 50 29 att
1178 598 131 30 sådana
1331 599 265 40 skattskyldiga,
1619 609 73 20 som
1715 610 46 20 nu

279 646 199 31 underlåter
501 650 51 28 att
572 648 182 30 deklarera
775 648 82 31 eller
878 649 90 31 först
988 650 88 30 efter
1098 651 190 40 anmaning
1310 652 180 30 avlämnar
1514 652 248 39 självdeklara-

278 699 82 34 tion,
383 700 113 30 skulle
518 700 130 31 förmås
669 703 51 28 att
740 701 11 30 i
773 703 69 29 rätt
863 702 50 30 tid
934 702 151 41 fullgöra
1107 704 53 30 sin
1181 704 438 41 deklarationsskyldighet
1639 707 123 30 enbart

278 760 122 31 genom
425 755 52 28 att
502 754 42 30 de
569 754 160 40 omkring
754 764 44 21 en
822 755 128 31 månad
977 756 75 30 före
1077 757 354 31 deklarationstidens
1459 759 128 40 utgång
1612 759 149 31 erhåller

279 806 89 30 vissa
386 806 447 33 deklarationsblanketter.

320 859 168 30 Förutom
510 861 64 29 hos
596 861 246 31 ovannämnda
864 862 140 40 statliga
1026 865 64 29 och
1114 863 227 32 kommunala
1364 865 242 40 myndigheter
1629 867 131 29 brukar

278 920 144 22 numera
444 913 436 32 deklarationsblanketter
900 915 287 32 tillhandahållas
1208 917 44 30 bl.
1267 927 30 20 a.
1318 918 44 39 på
1383 918 261 40 polisstationer
1665 920 63 30 och
1751 920 11 29 i

278 965 130 30 banker
434 969 92 27 samt
549 967 44 40 på
617 967 91 31 vissa
734 968 72 30 håll
831 969 44 39 på
900 969 240 40 landsbygden
1164 971 87 29 även
1275 971 12 29 i
1310 970 132 31 affärer
1467 981 30 20 o.
1523 972 68 39 dyl.
1616 973 65 29 Det
1708 972 53 30 får

277 1018 100 30 alltså
396 1028 105 21 anses
519 1029 83 21 vara
620 1021 53 29 väl
695 1021 89 39 sörjt
804 1021 54 31 för
877 1024 51 28 att
948 1022 41 30 de
1011 1023 255 40 skattskyldiga
1286 1026 84 28 utan
1392 1024 118 30 alltför
1532 1027 86 28 stort
1638 1026 122 30 besvär

277 1072 63 29 och
364 1072 200 40 tidsspillan
586 1074 86 30 skall
695 1074 122 31 kunna
839 1075 133 31 erhålla
993 1076 127 30 önskat
1143 1077 95 29 antal
1261 1086 41 21 av
1325 1077 93 30 olika
1443 1078 72 39 slag
1540 1088 41 20 av
1603 1079 158 29 deklara-

278 1124 301 32 tionsblanketter.

319 1178 67 30 För
410 1181 53 27 att
485 1179 68 31 den
576 1189 41 21 av
639 1180 220 31 motionären
882 1181 199 41 föreslagna
1104 1184 240 39 anordningen
1369 1184 89 30 skall
1482 1185 159 30 medföra
1665 1195 94 20 mera

276 1230 194 40 betydande
493 1232 150 31 fördelar
664 1233 54 30 för
739 1234 67 30 den
828 1235 253 41 skattskyldige
1101 1236 97 31 torde
1219 1237 58 30 det
1297 1246 83 22 vara
1400 1238 220 40 erforderligt
1641 1240 50 28 att
1712 1241 48 28 ett

277 1285 108 29 större
411 1286 100 30 urval
537 1295 42 21 av
602 1287 41 30 de
667 1287 174 40 vanligast
866 1287 288 33 förekommande
1179 1289 243 31 blanketterna
1448 1291 167 30 utsändes
1642 1293 118 28 samti-

275 1337 72 39 digt
367 1338 79 30 med
467 1338 231 32 debetsedeln.
719 1341 82 29 Man
821 1341 70 30 kan
911 1341 109 31 heller
1040 1342 71 31 inte
1133 1343 116 30 bortse
1270 1343 80 31 från
1371 1346 50 29 att
1442 1344 203 40 härigenom
1666 1345 92 30 vissa

277 1390 162 32 tekniska
466 1393 64 29 och
558 1393 281 31 administrativa
865 1394 214 40 svårigheter
1107 1396 111 31 skulle
1247 1397 215 39 uppkomma
1493 1398 53 29 för
1574 1398 41 30 de
1644 1398 115 30 lokala

275 1444 415 41 skattemyndigheterna.
716 1447 65 31 Det
806 1448 71 30 kan
901 1448 119 31 vidare
1045 1449 224 40 ifrågasättas
1295 1459 57 21 om
1377 1450 173 40 åtgången
1575 1461 41 20 av
1642 1451 115 30 dekla-

275 1497 341 37 rationsblanketter,
645 1500 117 31 därest
790 1501 41 30 de
861 1502 284 31 tillhandahålles
1172 1504 45 39 på
1246 1505 68 29 sätt
1342 1504 219 30 motionären
1590 1504 167 35 förordat,

275 1550 111 30 skulle
401 1551 143 30 minska
558 1554 64 29 och
639 1555 226 30 statsverkets
880 1555 191 31 kostnader
1087 1557 80 29 över
1182 1557 121 30 huvud
1319 1559 93 38 taget
1427 1558 220 39 nedbringas.
1664 1558 93 30 även

274 1602 10 29 i
308 1602 273 42 fortsättningen
605 1606 111 31 skulle
741 1607 57 31 det
822 1608 176 40 nämligen
1021 1609 48 30 bli
1093 1609 220 41 erforderligt
1337 1613 50 27 att
1410 1611 45 39 på
1480 1612 202 29 nuvarande
1706 1612 51 28 ut-

274 1656 304 40 lämningsställen
605 1659 91 31 hålla
726 1670 43 21 en
797 1661 138 31 relativt
966 1664 72 28 stor
1067 1663 149 40 upplaga
1245 1673 42 20 av
1316 1664 161 39 samtliga
1505 1664 252 31 deklarations-

274 1709 196 31 blanketter
487 1711 191 41 tillgänglig
696 1714 55 29 för
769 1714 41 30 de
829 1715 265 40 skattskyldiga.

318 1765 49 30 Av
384 1766 67 29 vad
470 1775 89 21 ovan
578 1766 134 31 anförts
731 1767 155 40 framgår
904 1771 50 27 att
972 1769 170 31 utskottet
1161 1770 71 29 inte
1251 1779 102 21 anser
1373 1771 50 38 sig
1442 1771 121 29 kunna
1583 1771 174 39 tillstyrka

273 1817 97 30 bifall
391 1818 53 30 till
466 1820 178 31 motionen
664 1820 45 30 II:
726 1820 74 30 372.

316 1925 115 29 Under
450 1926 217 40 åberopande
688 1936 42 21 av
749 1927 65 30 vad
835 1928 147 30 sålunda
1002 1928 135 31 anförts
1157 1929 54 30 får
1231 1929 169 31 utskottet
1419 1931 195 34 hemställa,

627 1980 32 33 1)
690 1983 51 27 att
767 1981 41 30 de
836 1981 223 40 likalydande
1085 1982 219 30 motionerna
1330 1983 28 29 I:
1375 1983 63 30 294
1465 1993 42 21 av
1532 1984 80 29 herr
1638 1984 116 39 Yngve

580 2032 138 31 Nilsson
738 2043 45 21 m.
804 2033 37 31 fl.
862 2034 64 30 och
947 2035 46 30 II:
1009 2035 63 30 363
1093 2045 41 21 av
1153 2036 121 30 herrar
1293 2036 139 30 Nilsson
1452 2037 12 30 i
1484 2037 187 30 Bästekille
1691 2038 64 29 och

580 2085 120 31 Darlin
722 2095 57 21 om
800 2087 133 30 ändrad
954 2088 50 30 tid
1026 2088 55 30 för
1102 2089 159 40 uppbörd
1282 2099 42 20 av
1344 2090 94 30 skatt
1459 2090 76 30 icke
1556 2091 108 30 måtte
1686 2091 70 29 för-

580 2139 121 30 anleda
725 2140 114 40 någon
861 2140 207 41 riksdagens
1090 2142 137 40 åtgärd;
1253 2145 89 28 samt

623 2192 35 34 2)
684 2195 51 29 att
755 2194 178 30 motionen
954 2195 46 29 II:
1016 2195 63 30 372
1101 2205 41 20 av
1162 2195 58 30 fru
1241 2196 327 30 Wallerius-Gunne
1589 2206 56 20 om
1667 2196 87 30 bifo-

579 2246 109 39 gande
705 2256 42 21 av
762 2246 437 33 deklarationsblanketter
1214 2249 52 30 till
1282 2249 41 31 de
1339 2249 225 40 preliminära
1582 2249 173 30 A-skatte-

580 2299 159 31 sedlarna
761 2300 75 30 icke
859 2301 107 29 måtte
989 2301 181 30 föranleda
1193 2302 113 40 någon
1329 2303 205 39 riksdagens
1557 2303 131 39 åtgärd.

315 2353 202 29 Stockholm
532 2353 67 30 den
614 2353 19 30 8
648 2362 94 21 mars
762 2353 82 30 1960

690 2433 48 30 På
758 2433 399 40 bevillningsutskottets
1178 2437 145 37 vägnar:

830 2487 115 30 JOHN
970 2488 212 30 ERICSSON
