1874 2788
354 147 19 30 4
642 150 455 33 Konstitutionsutskottets
1116 153 182 31 utlåtande
1315 163 42 21 nr
1373 156 20 29 9
1411 155 40 30 år
1468 156 85 30 1960

671 240 35 35 2)
738 240 29 30 I:
783 240 62 30 333
861 241 66 29 och
942 242 46 29 II:
1005 241 59 31 421

669 293 78 30 icke
761 293 107 31 måtte
881 294 53 30 till
949 294 113 38 någon
1077 296 206 37 riksdagens
1299 296 120 38 åtgärd
1434 297 192 31 föranleda.

395 389 203 31 Stockholm
612 391 67 29 den
694 391 42 30 24
751 400 93 21 mars
861 392 83 30 1960

759 489 48 30 På
821 489 447 33 konstitutionsutskottets
1282 493 146 37 vägnar:

908 588 144 30 BENGT
1069 589 213 30 ELMGREN

972 848 242 30 Närvarande:

392 915 81 30 från
513 916 167 31 första
720 917 221 31 kammaren:
971 919 121 30 herrar
1121 919 176 38 Elmgren,
1325 922 212 36 Damström,
1564 922 113 37 Ollén,
1705 922 136 37 Olsén”,

351 960 244 38 Sveningsson,
611 962 86 29 Erik
711 962 139 36 Olsson,
864 963 173 31 Nils-Eric
1051 963 220 38 Gustafsson,
1287 966 98 30 Palm
1399 967 66 29 och
1478 967 186 36 Hedblom;
1682 970 92 28 samt

393 1005 81 30 från
516 1007 154 30 andra
713 1007 221 31 kammaren:
967 1009 121 30 herrar
1118 1010 202 30 Pettersson
1349 1011 11 30 i
1390 1011 207 38 Norregård,
1628 1012 211 39 Spångberg,

349 1050 213 38 Magnusson
578 1051 11 30 i
606 1052 182 35 Tumhult,
805 1062 67 20 von
890 1053 170 36 Friesen”,
1077 1055 198 35 Braconier,
1291 1055 179 36 Hammar,
1487 1056 57 30 fru
1560 1057 187 36 Thunvall,
1763 1058 77 30 her-

349 1104 57 21 rar
420 1096 201 30 Andersson
635 1097 11 29 i
660 1097 233 37 Billingsfors,
908 1098 195 30 Lundkvist
1116 1099 11 29 i
1142 1100 205 30 Eskilstuna
1361 1101 66 29 och
1439 1101 135 31 Hallén.

383 1157 14 15 +
418 1158 34 29 Ej
468 1160 181 24 närvarande
662 1160 50 24 vid
726 1160 190 29 justeringen.

965 1429 254 33 Reservationer

350 1521 34 35 1)
414 1530 43 21 av
472 1522 122 30 herrar
609 1522 248 39 Sveningsson,
874 1524 215 37 Magnusson
1105 1526 11 29 i
1132 1526 172 31 Tumhult
1320 1528 64 29 och
1400 1528 204 38 Braconier;
1622 1531 92 29 samt

348 1574 35 36 2)
414 1584 43 21 av
474 1575 122 31 herrar
614 1576 114 38 Ollén,
745 1577 183 38 Hedblom,
947 1587 66 21 von
1030 1579 142 31 Friesen
1191 1580 66 30 och
1273 1581 180 38 Hammar,
1471 1582 94 30 vilka
1583 1584 115 29 ansett
1716 1584 52 29 att
1784 1585 54 28 ut-

414 1629 147 30 skottets
576 1631 166 36 yttrande
755 1631 65 29 och
833 1631 212 31 hemställan
1059 1632 78 30 bort
1150 1633 46 30 ha
1212 1633 157 38 följande
1383 1635 145 37 lydelse:

392 1682 77 31 Med
485 1683 189 38 anledning
689 1693 42 21 av
746 1684 41 30 de
800 1684 11 30 i
827 1685 220 30 motionerna
1061 1687 29 29 I:
1108 1687 62 29 144
1183 1687 66 30 och
1264 1688 46 30 II:
1328 1688 59 30 177
1403 1691 91 28 samt
1508 1690 30 29 I:
1554 1689 63 31 333
1631 1690 66 30 och
1711 1690 46 30 II:
1774 1690 60 31 421

346 1736 57 29 vid
419 1735 92 31 årets
526 1736 143 38 riksdag
683 1737 224 31 framställda
920 1738 176 39 förslagen
1111 1740 165 37 syftande
1290 1741 51 30 till
1357 1750 42 21 en
1413 1742 176 38 sänkning
1602 1752 43 21 av
1659 1744 179 30 rösträtts-

348 1788 121 31 åldern
490 1790 57 30 vid
570 1790 180 31 allmänna
771 1792 54 29 val
848 1791 55 30 får
925 1792 171 31 utskottet
1117 1802 76 21 som
1215 1794 55 29 sin
1291 1795 141 38 mening
1452 1796 122 36 uttala,
1596 1798 51 29 att
1668 1797 76 30 skäl
1766 1797 70 30 kan

348 1843 143 30 anföras
506 1843 55 30 för
576 1845 51 28 att
642 1844 115 30 denna
772 1844 95 31 ålder
880 1845 11 30 i
905 1846 138 37 princip
1056 1846 77 31 icke
1145 1847 64 30 bör
1223 1848 129 30 sänkas
1367 1848 49 36 så,
1431 1850 50 29 att
1495 1850 66 30 den
1575 1859 75 21 som
1664 1850 45 38 på
1722 1852 114 36 grund

348 1905 42 21 av
406 1896 55 30 sin
479 1896 95 31 ålder
591 1897 39 30 är
647 1898 166 37 omyndig
829 1898 71 30 kan
917 1898 37 30 få
971 1899 136 38 deltaga
1122 1900 11 30 i
1151 1900 179 31 allmänna
1346 1902 66 30 val.
1430 1903 299 31 Rösträttsåldern
1747 1913 89 21 sam-

347 1949 186 31 manfaller
550 1951 193 30 emellertid
759 1960 147 22 numera
923 1952 39 30 så
977 1953 86 30 nära
1078 1954 78 29 med
1173 1954 67 30 den
1256 1954 11 30 i
1283 1954 284 32 föräldrabalken
1583 1957 177 37 reglerade
1776 1958 60 29 all-

346 2004 130 29 männa
491 2004 357 37 myndighetsåldern,
863 2007 51 28 att
928 2005 109 38 några
1050 2006 220 38 principiella
1284 2008 195 38 erinringar
1492 2009 208 38 näppeligen
1714 2010 122 31 kunna

346 2066 95 21 resas
467 2059 73 28 mot
564 2057 110 30 sådan
701 2058 175 38 sänkning
902 2067 42 22 av
969 2060 299 36 rösträttsåldern,
1293 2063 50 28 att
1368 2062 114 30 denna
1506 2062 159 31 kommer
1689 2065 51 29 att
1763 2064 73 31 helt

345 2110 247 31 sammanfalla
621 2112 79 29 med
731 2112 66 30 den
826 2112 180 31 allmänna
1034 2113 357 38 myndighetsåldern.
1420 2115 167 32 Gällande
1615 2117 222 31 rösträttsbe-

345 2165 219 30 stämmelser
589 2165 38 29 är
653 2174 76 21 som
754 2165 138 37 påvisas
917 2166 11 29 i
954 2166 219 31 motionerna
1198 2168 29 29 I:
1246 2167 62 31 144
1331 2169 65 29 och
1420 2169 46 29 II:
1484 2169 60 31 177
1569 2169 77 32 icke
1669 2170 167 32 tillfreds-

346 2218 182 30 ställande.
548 2218 52 30 En
619 2218 227 38 medborgare
864 2219 70 30 kan
953 2219 148 31 sålunda
1118 2221 89 30 trots
1226 2223 51 28 att
1293 2221 71 30 han
1381 2222 83 30 eller
1480 2222 71 30 hon
1569 2225 49 29 ett
1634 2224 98 30 valår
1749 2233 86 29 upp-

345 2271 77 30 nått
436 2272 143 38 myndig
594 2271 96 31 ålder
705 2272 75 31 före
793 2273 170 38 valdagen
977 2273 72 31 inte
1062 2273 47 30 bli
1123 2274 11 30 i
1148 2274 141 31 tillfälle
1302 2276 50 29 att
1366 2276 105 29 utöva
1485 2276 55 30 sin
1554 2277 145 31 rösträtt
1714 2278 121 30 förrän

344 2325 12 30 i
373 2326 159 29 normala
550 2325 61 30 fall
629 2325 59 30 två
705 2325 39 30 år
761 2335 132 21 senare.
911 2326 59 31 Ett
986 2327 270 37 undanröjande
1273 2337 42 21 av
1331 2329 114 30 denna
1461 2330 184 37 olägenhet
1662 2331 70 30 kan
1749 2340 86 28 upp-

344 2378 64 30 nås
428 2386 124 30 genom
572 2388 42 21 en
634 2379 150 38 ändring
803 2388 43 21 av
867 2379 39 31 16
928 2380 14 34 8
965 2380 59 31 RO
1044 2389 41 21 av
1103 2381 171 30 innebörd
1294 2383 50 28 att
1364 2382 144 31 rösträtt
1527 2383 89 30 skall
1636 2383 198 31 tillkomma
