2150 2622
658 164 249 35 Statsutskottets
935 164 168 34 Utlåtande
1126 163 62 34 N:o
1234 163 53 32 13.
1710 162 17 32 1

879 659 88 49 N:o
996 658 66 49 13.

646 824 81 32 Ank,
752 825 49 29 till
824 824 110 30 Riksd.
958 825 102 29 kansli
1083 824 60 30 den
1168 827 17 26 9
1210 823 135 30 februari
1371 826 93 32 1909,
1488 823 42 29 kl.
1557 826 18 26 4
1600 834 25 20 e.
1648 834 39 19 m.

381 973 195 37 Utlåtande
602 973 14 35 i
644 973 197 46 anledning
862 972 49 45 af
924 972 141 46 Kungl.
1090 972 134 44 Maj:ts
1238 972 233 46 proposition
1490 972 185 45 angående
1689 970 84 45 för-

572 1041 163 47 säljning
777 1041 48 45 af
860 1042 158 36 kronans
1060 1041 154 36 andelar
1255 1041 13 35 i
1301 1040 319 47 byallmänningen
1652 1040 121 36 Tån
1751 1036 25 56 i

574 1111 224 47 Skaraborgs
828 1112 71 36 län.

1534 1178 40 49 (I.
1609 1178 60 49 A.)

304 1283 15 36 I
348 1297 46 23 en
423 1284 54 36 till
505 1283 220 48 Riksdagen
754 1283 146 48 aflåten,
929 1283 57 36 till
1014 1281 282 38 statsutskottet
1323 1281 60 36 för
1411 1280 271 37 förberedande
1710 1281 63 36 be-

176 1335 184 49 handling
399 1335 216 37 remitterad
657 1335 237 49 proposition
936 1334 74 50 (n:o
1040 1333 36 49 2)
1120 1334 40 36 af
1192 1333 73 36 den
1293 1334 21 35 6
1344 1332 204 37 november
1579 1333 97 36 1908
1706 1333 68 35 har

174 1388 142 48 Kungl.
346 1387 109 49 Maj:t
482 1387 120 36 under
630 1386 237 49 åberopande
896 1387 41 36 af
957 1386 148 48 bilagdt
1137 1385 140 48 utdrag
1304 1384 43 37 af
1361 1384 412 49 statsrådsprotokollet

174 1440 107 37 öfver
308 1438 377 50 jordbruksärenden
725 1438 60 36 för
827 1452 144 23 samma
1000 1438 76 48 dag
1104 1436 199 49 föreslagit
1330 1436 220 48 Riksdagen
1577 1436 196 48 medgifva

305 1493 76 36 dels
421 1495 57 32 att
518 1491 167 36 kronans
727 1490 154 37 andelar
920 1490 13 36 i
969 1488 340 52 byallmänningen
1335 1488 81 36 Tån
1444 1487 59 36 för
1531 1488 102 36 förra
1661 1488 111 36 furir-

174 1543 176 38 bostället
380 1542 39 42 '/;
448 1543 142 36 mantal
618 1542 175 37 Härened
821 1555 62 24 n:o
912 1543 21 35 5
964 1541 184 37 Svartebo
1177 1541 70 36 och
1276 1540 101 36 förra
1396 1539 376 49 sergeantsbostället

175 1596 39 41 14
244 1594 142 38 mantal
414 1595 175 36 Härened
617 1607 62 23 n:o
708 1596 23 34 4
761 1593 237 49 Grefvagård
1027 1593 12 36 i
1067 1593 123 36 Norra
1208 1591 195 37 Häreneds
1423 1592 139 36 socken
1582 1591 41 36 af
1639 1590 133 38 Skara-

173 1647 118 48 borgs
319 1646 64 36 län
410 1648 61 34 må
499 1646 84 36 från
610 1645 167 37 nämnda
804 1645 186 37 boställen
1018 1644 171 48 afskiljas
1218 1644 71 36 och
1314 1643 84 36 med
1420 1643 261 36 tillträdesrätt
1700 1643 72 36 den

176 1701 46 34 14
261 1711 99 23 mars
397 1699 98 35 1910
523 1697 57 36 till
609 1696 143 37 Gustaf
773 1696 86 37 Joel
888 1695 214 38 Svanteson
1130 1695 175 48 försäljas
1334 1704 80 26 mot
1441 1707 47 23 en
1516 1694 257 49 köpeskilling

174 1750 42 36 af
239 1750 159 48 tillhopa
426 1750 74 35 200
528 1748 153 46 kronor,

302 1802 76 36 dels
419 1802 64 35 ock
528 1805 56 31 att
626 1799 45 37 de
700 1799 133 47 medel,
868 1812 80 23 som
977 1811 138 35 genom
1144 1797 278 49 försäljningen
1449 1796 144 49 inflyta,
1623 1799 72 45 må,
1724 1799 49 46 på

173 1866 145 24 samma
359 1856 77 33 sätt
465 1865 80 23 som
575 1851 350 49 köpeskillingarna
953 1850 59 37 för
1040 1849 166 37 försålda
1234 1849 147 36 mindre
1409 1848 362 49 kronoegendomar,

174 1904 194 37 användas
397 1904 56 36 till
481 1903 116 49 inköp
628 1903 58 36 för
713 1903 165 36 kronans
906 1902 164 48 räkning
1100 1901 42 36 af
1167 1900 265 50 skogbärande
1453 1900 89 36 eller
1561 1901 57 35 till
1639 1900 134 48 skogs-

173 1956 94 37 börd
296 1956 138 48 tjänlig
462 1955 117 36 mark.

303 2008 72 35 Till
404 2006 274 37 ofvanberörda
707 2004 373 50 statsrådsprotokoll
1110 2004 69 36 har
1198 2003 414 50 departementschefen
1638 2003 11 35 i
1673 2003 100 36 detta

173 2059 137 36 ärende
340 2059 124 35 anfört
493 2057 182 48 följande:

304 2109 39 36 »I
385 2109 198 36 skrifvelse
625 2108 73 36 den
742 2109 47 34 24
818 2107 94 49 april
945 2108 96 35 1908
1070 2106 69 36 har
1168 2106 330 47 domänstyrelsen
1526 2105 105 47 gjort
1660 2105 113 35 fram-

173 2161 184 48 ställning
397 2161 12 35 i
453 2160 108 47 fråga
602 2172 60 23 om
706 2159 224 48 disposition
972 2158 94 36 efter
1107 2158 71 35 den
1224 2159 45 34 14
1298 2169 102 23 mars
1433 2158 97 34 1910
1560 2155 42 36 af
1627 2155 62 37 det
1717 2156 56 36 till

173 2212 238 37 sistnämnda
446 2211 76 48 dag
555 2211 59 36 för
643 2210 246 36 statsverkets
917 2209 165 48 räkning
1110 2214 80 30 mot
1218 2214 55 30 ett
1301 2208 115 48 årligt
1445 2207 157 36 arrende
1631 2207 42 36 af
1698 2209 74 34 350

260 2271 72 33 Bih.
357 2272 50 31 till
431 2270 109 33 Riksd.
567 2270 86 32 Prot.
683 2271 91 32 1909.
823 2271 19 31 4
866 2269 97 32 Saml.
1010 2270 18 30 1
1056 2268 77 42 Afd.
1182 2269 42 30 13
1247 2268 95 41 Häft.
1388 2267 89 41 (N:is
1500 2267 155 40 13—19)
1711 2267 15 31 1
