1882 2844
274 192 119 31 Andra
408 191 222 31 kammarens
658 187 126 39 femte
812 189 172 39 tillfälliga
1001 189 147 31 utskotts
1166 188 176 31 utlåtande
1358 188 49 31 Nr
1423 189 29 30 5.
1589 189 20 30 9

124 284 171 40 gårdarna
323 285 12 30 i
364 284 101 31 stånd
493 285 165 30 ävensom
687 284 215 31 önskemålet
931 287 48 27 att
1008 283 131 30 tilldela
1167 283 210 29 hemmanen
1406 277 203 40 erforderlig

124 331 94 39 skog.
240 331 219 30 Undersökas
478 330 65 30 bör
561 328 155 37 sålunda,
736 329 175 31 huruvida
931 329 10 30 i
961 328 172 31 samband
1152 327 79 30 med
1251 324 227 39 frilösningen
1499 323 110 30 finan-

125 376 124 39 siering
268 376 71 30 kan
360 376 59 30 ske
439 384 41 21 av
500 375 263 39 byggnadernas
785 373 274 31 iståndsättande
1081 374 88 28 samt
1189 380 57 21 om
1267 369 192 39 tilldelning
1481 378 42 21 av
1544 368 66 30 till-

125 421 130 39 räcklig
274 421 86 39 skog
378 421 69 29 kan
465 420 118 30 ställas
603 420 10 29 i
631 420 115 30 utsikt.
767 419 148 30 Beaktas
934 419 62 29 bör
1015 416 141 41 givetvis
1176 417 85 29 även
1281 414 134 40 frågan,
1436 423 58 21 om
1515 421 96 22 sane-

126 467 76 39 ring
223 476 42 21 av
287 465 291 31 arrendeställena
601 473 122 31 genom
746 463 320 39 sammanslagning
1089 471 43 21 av
1154 460 201 40 fastigheter
1377 460 68 29 kan
1469 459 144 30 komma

125 512 51 30 till
195 511 109 36 stånd,
325 511 10 30 i
355 510 88 40 syfte
463 513 49 28 att
530 510 216 38 bärkraftiga
765 509 170 39 jordbruk
955 507 159 32 erhållas.
1137 505 180 32 Huruvida
1337 503 183 39 frilösning
1541 503 70 30 kan

126 557 60 30 ske
210 560 78 36 gent
314 558 91 29 emot
430 555 418 39 stiftelseförvaltningens
874 552 229 36 bestridande,
1132 560 99 31 synes
1257 550 131 39 jämväl
1413 549 85 30 böra
1524 556 86 31 upp-

126 605 95 36 tagas
237 602 50 30 till
306 601 178 39 prövning.

170 647 127 39 Tryckt
319 647 175 38 exemplar
515 655 43 21 av
581 645 237 30 ”Testamente
840 644 67 30 och
929 643 218 39 Reglemente
1168 641 55 30 för
1245 649 68 21 von
1335 638 180 32 Reiserska
1538 636 73 31 stif-

127 693 104 30 telsen
252 690 247 32 Lärkesholm”
519 690 162 39 bilägges.

171 738 99 29 Detta
291 736 128 31 ärende
439 736 64 30 har
522 736 185 37 handlagts
728 744 42 21 av
792 732 355 40 egnahemsstyrelsen
1169 731 10 29 i
1200 730 153 39 plenum.

174 826 201 31 Stockholm
396 826 64 30 den
480 825 20 30 3
520 834 93 21 mars
636 824 92 30 1939.

749 913 37 30 O.
806 912 180 39 Agerberg.
1367 949 55 34 I
1454 952 59 30 Bit

1425 976 6 7 .
1484 960 86 30 Bring.

1442 1077 120 38 Bilaga
1586 1076 30 30 4.

412 1166 64 30 Till
496 1166 111 30 andra
629 1164 220 30 kammarens
871 1162 104 38 femte
998 1161 173 38 tillfälliga
1193 1159 140 31 utskott.

177 1246 283 31 Undertecknade
476 1245 241 30 arrendatorer
732 1243 21 31 å
770 1243 227 30 Lärkesholm
1014 1241 183 31 hemställa
1214 1239 147 31 härmed
1378 1238 51 31 till
1447 1238 172 31 Utskottet

131 1295 49 27 att
205 1291 172 39 tillstyrka
401 1290 228 39 utredningen
655 1288 177 40 angående
858 1288 116 38 friköp
1000 1296 42 21 av
1069 1286 83 31 våra
1177 1284 170 31 arrenden
1373 1283 111 31 under
1509 1282 109 30 förut-

133 1337 149 39 sättning
303 1339 49 27 att
371 1336 161 39 friköpen
552 1335 146 30 tilldelas
719 1333 285 37 husbehovsskog
1024 1331 112 31 under
1156 1329 131 32 sådana
1307 1328 139 36 former,
1469 1330 49 28 att
1540 1321 79 49 Stif-

132 1383 123 30 telsens
282 1382 155 30 samlade
462 1379 247 40 skogsområde
735 1379 10 30 i
772 1378 186 31 huvudsak
984 1377 136 30 lämnas
1147 1376 86 29 kvar
1259 1374 52 30 till
1339 1373 52 31 sin
1417 1371 204 32 nuvarande

132 1427 220 38 omfattning.

179 1472 39 30 Vi
240 1473 60 29 äro
324 1472 69 29 alla
415 1469 226 31 intresserade
663 1468 230 39 jordbrukare
916 1467 64 29 och
1004 1475 92 25 anse,
1122 1467 48 28 att
1193 1463 75 31 vårt
1290 1463 100 30 bästa
1413 1470 124 31 genom
1561 1459 59 31 fri-

134 1517 112 39 köpen
267 1517 112 30 skulle
399 1516 141 29 komma
561 1516 49 28 att
630 1513 196 39 tillgodoses
847 1512 66 30 och
934 1510 60 31 vår
1014 1509 227 31 ekonomiska
1263 1508 119 38 styrka
1403 1507 94 29 ökas.
1521 1505 101 30 Detta

133 1565 83 27 utan
235 1570 80 21 men
335 1561 56 29 för
410 1560 183 29 Stiftelsen.

180 1606 39 30 Vi
242 1606 46 30 ha
312 1606 56 29 väl
391 1614 47 20 nu
453 1600 86 42 låga
563 1601 303 39 arrendeavgifter,
892 1610 78 20 men
995 1599 33 30 vi
1052 1600 47 29 ha
1123 1597 64 31 fått
1210 1598 100 29 klara
1334 1595 129 32 besked
1487 1604 58 21 om
1571 1596 49 28 att

136 1652 41 29 de
198 1651 56 30 vid
276 1651 100 29 nästa
399 1647 259 35 arrendeskifte,
682 1646 38 31 år
744 1646 94 35 1946,
863 1646 97 30 skola
982 1645 143 29 komma
1148 1645 47 28 att
1218 1642 85 30 ökas
1326 1641 51 30 till
1400 1649 73 21 mer
1496 1640 45 30 än
1566 1639 56 30 det

136 1696 137 30 dubbla.
300 1712 45 4 —
372 1694 13 30 I
413 1695 106 29 större
546 1691 239 39 utsträckning
813 1691 111 30 skulle
951 1689 80 30 med
1058 1689 123 30 största
1208 1686 187 31 förmodan
1423 1684 83 31 våra
1534 1684 88 30 barn

137 1743 122 27 stanna
281 1740 89 29 kvar
391 1739 10 29 i
423 1737 287 39 modernäringen
734 1736 65 30 och
822 1736 161 34 hemmet,
1008 1733 45 31 då
1076 1733 42 30 de
1141 1732 108 31 skulle
1272 1730 39 31 få
1334 1731 114 29 arbete
1470 1728 46 41 på
1539 1736 84 31 egen

136 1788 105 27 torva.

180 1829 56 30 Att
251 1828 62 30 vår
326 1828 134 30 önskan
475 1837 58 20 om
548 1826 117 39 friköp
681 1825 30 39 ej
727 1826 39 29 är
780 1824 151 39 tillfällig
947 1824 81 30 eller
1043 1832 42 21 en
1101 1822 151 39 produkt
1269 1830 42 21 av
1327 1818 114 40 någon
1458 1817 166 40 agitation

137 1874 89 30 visas
241 1873 189 39 otvetydigt
446 1882 41 21 av
504 1872 56 30 det
577 1871 146 35 faktum,
741 1873 49 27 att
806 1870 43 30 de
864 1869 95 30 äldre
975 1878 42 21 av
1033 1877 56 21 oss
1106 1867 105 30 redan
1228 1866 56 30 för
1301 1868 46 27 ett
1363 1874 63 30 par
1442 1862 182 32 årtionden

137 1920 105 30 sedan
261 1928 84 20 voro
363 1918 79 30 med
459 1927 57 20 om
534 1926 42 21 en
595 1916 163 30 liknande
776 1915 162 38 begäran.

182 1998 226 30 Lärkesholm
427 1997 64 29 den
511 1992 57 33 6/4
591 1996 92 29 1939.

661 2075 39 30 37
719 2071 371 33 namnunderskrifter.

144 2554 104 29 Bihang
266 2553 41 24 till
326 2553 150 29 riksdagens
496 2550 128 32 protokoll
646 2552 72 22 1939.
742 2551 32 22 13
793 2550 76 23 saml.
893 2550 13 21 5
925 2549 57 23 avd.
1004 2547 41 24 Nr
1066 2547 22 23 5.
1616 2542 17 23 2
