1866 2788
321 159 19 29 4
526 163 187 33 Allmänna
734 167 397 44 beredningsutskottets
1153 175 178 35 utlåtande
1351 187 43 23 nr
1413 180 20 31 2
1452 180 40 33 år
1512 181 83 33 1961

967 437 130 43 Nr
1064 433 37 58 2

518 521 184 34 Utlåtande
729 526 11 29 i
765 527 189 42 anledning
980 540 42 21 av
1048 532 103 31 väckt
1177 535 133 30 motion
1336 538 178 39 angående.
1541 539 179 40 formerna
1744 543 58 40 för

713 588 205 41 riksdagens
943 592 190 42 högtidliga
1160 597 195 39 öppnande.

361 687 13 29 I
392 697 42 20 en
453 689 95 31 inom
566 691 110 32 första
695 694 203 33 kammaren
917 699 113 36 väckt,
1049 701 52 30 till
1120 702 178 32 allmänna
1316 704 382 43 beredningsutskottet
1715 711 86 31 hän-

315 740 97 30 visad
433 743 142 36 motion,
596 746 29 30 I:
642 746 51 35 63,
715 757 43 21 av
775 749 81 30 herr
876 751 99 31 Ollén
996 753 213 38 hemställes,
1229 759 50 28 att
1300 758 186 42 riksdagen
1506 769 60 32 ger
1586 764 159 40 uppdrag
1765 765 34 31 åt

315 793 387 37 talmanskonferensen
733 804 50 28 att
813 803 10 29 i
855 805 140 31 samråd
1027 808 78 30 med
1137 809 330 44 hovförvaltningen
1495 815 140 40 vidtaga
1667 817 131 32 sådana

313 846 171 39 åtgärder,
508 852 49 28 att
579 851 56 31 det
659 853 191 42 högtidliga
872 858 200 39 öppnandet
1095 862 10 29 i
1130 863 184 30 Rikssalen
1337 865 45 39 på
1405 867 121 31 Slottet
1550 869 70 30 kan
1645 870 152 41 försiggå

312 899 9 29 i
342 899 54 30 för
415 902 204 40 riksdagens
638 905 191 34 ledamöter
847 910 181 41 värdigare
1047 915 64 29 och
1131 924 75 21 mer
1225 920 273 36 representativa
1517 921 133 31 former
1668 924 44 29 än
1731 925 65 30 vad

312 952 76 31 f.n.
410 954 39 30 är
468 957 147 40 möjligt.

356 1006 12 29 I
387 1009 178 30 motionen
582 1011 136 39 påtalas
737 1014 44 32 bl.
800 1025 29 21 a.
848 1020 50 27 att
917 1018 186 41 riksdagen
1122 1022 10 29 i
1152 1022 39 30 så
1209 1023 99 39 ringa
1327 1026 244 42 utsträckning
1590 1028 111 33 berett
1720 1031 76 30 sina

310 1058 192 33 ledamöter
526 1064 183 40 möjlighet
734 1070 49 28 att
808 1068 136 42 deltaga
969 1072 10 29 i
1005 1073 206 40 riksdagens
1236 1077 184 39 öppnande
1445 1080 44 39 på
1514 1083 48 28 ett
1587 1082 11 30 i
1622 1084 92 38 yttre
1740 1093 56 22 av-

310 1113 125 30 seende
453 1115 134 41 värdigt
607 1119 65 29 och
690 1124 266 35 representativt
976 1126 77 30 sätt.
1074 1127 48 30 De
1142 1129 183 38 praktiska
1344 1140 299 34 arrangemangen
1661 1136 41 30 är
1719 1137 76 30 icke

308 1165 334 36 tillfredsställande.
667 1173 147 32 Särskilt
837 1185 156 28 numera,
1017 1179 44 30 då
1083 1180 313 35 hundratusentals
1421 1186 225 41 medborgare
1669 1197 124 32 genom

309 1219 58 29 TV
383 1220 70 30 kan
471 1222 10 29 i
498 1222 103 41 detalj
622 1224 88 41 följa
727 1230 217 30 ceremonien
962 1231 79 31 från
1058 1233 126 40 början
1202 1236 51 29 till
1272 1236 79 36 slut,
1370 1239 38 29 är
1425 1239 56 30 det
1498 1249 42 22 av
1556 1241 74 31 vikt
1648 1243 80 30 med
1746 1246 47 28 ett

308 1272 316 42 tillrättaläggande
646 1288 43 21 av
709 1280 101 31 dessa
831 1281 255 36 förhållanden.

350 1326 227 33 Beträffande
597 1332 252 41 motiveringen
870 1336 10 29 i
902 1337 111 40 övrigt
1034 1338 54 31 får
1109 1341 170 31 utskottet
1300 1343 147 32 hänvisa
1467 1346 51 30 till
1540 1348 189 32 motionen.

963 1471 169 34 Utskottet

345 1539 495 47 Författningsutredningens
865 1549 131 42 förslag
1020 1553 70 30 kan
1117 1554 142 32 komma
1284 1559 49 28 att
1358 1559 158 33 medföra
1542 1561 247 43 förändringar

302 1592 10 29 i
340 1593 206 41 riksdagens
574 1597 259 35 arbetsformer.
861 1603 75 30 Den
965 1605 140 40 slutliga
1132 1608 183 41 lösningen
1344 1621 42 21 av
1413 1613 101 31 dessa
1542 1614 119 41 frågor
1689 1618 99 30 torde

300 1645 144 32 komma
468 1650 50 29 att
541 1650 153 39 påverka
718 1653 178 33 formerna
920 1657 55 30 för
999 1659 206 40 riksdagens
1230 1663 195 39 öppnande.
1449 1666 114 40 Några
1587 1678 97 22 mera
1708 1671 80 31 vitt-

301 1699 162 39 syftande
486 1702 160 40 åtgärder
667 1706 46 39 på
735 1707 94 31 detta
851 1710 142 32 område
1017 1722 101 30 synes
1143 1715 10 29 i
1177 1716 174 31 avvaktan
1374 1718 110 41 härpå
1507 1720 77 31 icke
1607 1722 85 31 böra
1714 1725 72 30 vid-

298 1753 108 38 tagas.

341 1806 75 30 Vad
443 1808 108 38 gäller
574 1810 162 40 åtgärder
761 1814 221 34 beträffande
1010 1819 40 30 de
1075 1820 10 29 i
1113 1822 178 30 motionen
1316 1824 157 37 berörda,
1501 1827 154 32 aktuella
1681 1831 103 39 prak-

296 1858 93 31 tiska
414 1869 299 35 arrangemangen
739 1867 10 29 i
777 1869 170 31 samband
973 1873 79 29 med
1078 1873 365 42 riksdagsöppnandet
1469 1879 118 32 finner
1612 1883 171 32 utskottet

296 1911 76 31 icke
392 1914 156 38 påkallat
567 1918 79 30 med
667 1919 106 40 något
792 1921 152 32 initiativ
964 1933 42 22 av
1026 1926 198 40 riksdagen.
1246 1929 176 33 Utskottet
1444 1932 53 30 får
1519 1934 150 34 sålunda
1688 1937 95 30 hem-

294 1965 113 35 ställa,

648 2027 50 28 att
731 2028 131 30 motion
896 2030 86 31 1:63
1015 2032 76 30 icke
1123 2034 58 30 må
1214 2035 180 33 föranleda
1427 2039 114 40 någon
1574 2041 207 41 riksdagens

603 2077 133 40 åtgärd.

336 2126 202 33 Stockholm
559 2130 66 31 den
648 2132 38 30 15
708 2132 154 33 februari
884 2137 80 30 1961

617 2237 48 31 På
684 2238 180 35 allmänna
880 2242 401 42 beredningsutskottets
1299 2246 146 48 vägnar:

837 2321 147 32 NANCY
1004 2325 219 32 ERIKSSON

328 2486 240 35 Närvarande:
591 2490 41 33 Se
653 2492 113 33 under
785 2494 180 33 utlåtande
986 2506 41 21 nr
1050 2499 26 30 1.
