1910 2840
287 146 18 31 6
717 151 304 31 Bankoutskottets
1046 152 175 30 utlåtande
1246 152 49 30 Nr
1316 153 48 29 74.

337 234 121 32 Såsom
478 235 113 37 bilaga
613 236 53 30 till
687 235 219 31 huvudtiteln
929 235 194 37 Riksdagen
1146 236 64 30 och
1232 236 78 30 dess
1335 237 82 29 verk
1439 246 46 20 m.
1507 246 45 20 m.
1574 237 66 29 har
1646 230 18 47 i
1694 240 96 28 stats-

288 286 364 38 verkspropositionen
689 286 137 37 intagits
863 295 43 21 en
946 286 241 37 specifikation
1213 287 50 30 till
1289 286 408 38 riksgäldsfullmäktiges
1723 288 68 30 för-

289 337 284 37 slagsberäkning
595 346 43 21 av
660 337 162 36 anslagen
842 337 111 30 under
974 336 227 36 huvudtiteln,
1224 336 238 32 innefattande
1484 337 198 37 förslagsvis
1705 346 86 29 upp-

288 386 123 38 gjorda
432 390 111 27 stater.
578 386 48 31 På
644 388 112 35 grund
774 396 42 21 av
835 388 42 29 de
897 387 195 36 ändringar,
1114 396 74 21 som
1207 397 41 20 av
1266 388 166 29 utskottet
1450 387 193 37 föreslagits
1664 388 9 30 i
1691 387 99 38 fråga

289 448 59 20 om
368 438 237 36 beräkningen
626 448 42 20 av
691 438 152 30 nämnda
867 438 129 36 anslag,
1019 438 63 29 har
1102 438 165 30 utskottet
1290 438 116 30 funnit
1427 438 155 37 lämpligt
1603 441 49 28 att
1675 437 114 32 såsom

290 489 116 37 bilaga
431 489 51 30 till
505 489 93 30 detta
621 488 177 31 utlåtande
824 488 81 37 foga
930 489 113 29 denna
1067 488 251 37 specifikation,
1344 488 180 31 reviderad
1549 490 79 29 med
1654 490 136 36 hänsyn

289 540 52 29 till
366 540 43 30 de
434 549 42 21 av
499 540 166 29 utskottet
693 539 195 37 föreslagna
915 539 244 36 ändringarna.

337 632 200 31 Stockholm
558 632 69 31 den
651 633 19 30 8
695 632 75 36 juni
796 633 93 29 1936.

773 732 48 32 På
841 733 302 30 bankoutskottets
1163 734 142 35 vägnar:

816 833 182 31 HARALD
1020 827 247 36 ÅKERBERG.

327 1210 53 25 Vid
402 1209 180 26 förestående
605 1210 119 25 ärendes
744 1209 231 32 slulbehandling
996 1209 77 25 inom
1096 1209 137 25 utskottet
1253 1209 75 24 hava
1347 1208 136 25 närvarit:

326 1261 67 25 från
428 1261 134 25 första
599 1261 178 24 kammaren:
804 1261 98 24 herrar
928 1257 151 34 Åkerberg,
1107 1259 151 32 Lindgren,
1284 1259 130 31 Ernfors,
1439 1259 164 25 Johansson
1631 1259 8 24 i
1666 1259 125 32 Frigger-

291 1303 77 30 åker,
390 1303 170 32 Bjurström,
582 1303 95 25 Ström
699 1303 8 24 i
728 1302 169 32 Lidköping,
917 1302 148 32 Ehrnberg
1086 1302 54 24 och
1161 1302 112 25 Nilsson
1296 1301 9 25 i
1326 1301 138 29 Mölndal;

326 1362 66 25 från
422 1363 123 24 andra
574 1362 179 24 kammaren:
771 1362 98 24 herrar
889 1361 114 31 Leffler,
1021 1361 104 30 Lovén,
1144 1361 119 30 Laurén,
1284 1360 132 31 Paulsen,
1435 1361 164 24 Johansson
1618 1360 9 25 i
1648 1360 143 30 Sollefteå,

291 1405 163 25 Andersson
474 1405 8 24 i
501 1404 185 32 Falkenberg,
707 1404 139 25 Mattsson
868 1404 53 24 och
943 1403 122 32 Hilding.
