1906 2784
309 132 60 30 102
686 132 119 29 Andra
824 132 245 39 lagutskottets
1089 132 178 31 utlåtande
1285 142 43 21 nr
1345 134 19 28 5
1381 134 39 30 år
1439 133 84 30 1960

310 214 266 40 kringliggande
592 215 177 30 områden.
790 215 188 30 Dessutom
998 215 98 30 torde
1115 216 179 39 platserna
1312 216 71 29 inte
1401 216 144 30 komma
1564 218 51 28 att
1635 226 173 21 oreserve-

311 259 54 27 rat
380 257 121 29 kunna
518 257 213 30 förbehållas
747 257 103 30 dessa
868 257 58 30 två
943 258 151 38 angivna
1110 258 177 29 områden.

355 298 124 30 Härtill
498 299 161 29 kommer
679 301 50 27 att
748 299 515 40 mottagningsavdelningarna
1282 300 73 29 inte
1375 300 123 30 endast
1520 301 38 28 är
1580 301 151 29 avsedda
1752 300 55 30 för

312 339 355 39 »utredningsfallen»
693 343 86 27 utan
802 342 87 28 även
912 341 55 30 för
991 341 464 39 ungdomsvårdsskolornas
1480 342 178 39 »vanliga>
1684 343 121 33 elever,

310 382 94 29 vilka
424 382 58 30 vid
506 382 228 39 intagningen
758 383 160 29 kommer
942 384 50 29 att
1017 383 89 30 först
1129 383 156 39 placeras
1311 383 45 39 på
1381 384 425 39 mottagningsavdelning

312 423 53 30 för
384 433 42 20 en
446 424 69 30 tids
534 424 231 32 observation.

354 508 93 30 Både
471 485 202 53 Stockholm
697 509 65 29 och
786 486 169 62 Göteborg
979 508 112 30 måste
1114 509 111 29 räkna
1249 509 80 29 med
1353 486 87 62 egna
1463 509 242 30 institutioner
1727 510 80 29 med

311 550 80 29 hem
412 550 54 29 för
485 550 89 30 både
595 550 153 39 manliga
770 551 66 29 och
858 550 180 40 kvinnliga
1060 551 121 29 elever.
1203 551 123 29 Denna
1347 553 60 37 typ
1429 560 43 20 av
1491 551 82 29 hem
1595 551 111 30 måste
1727 552 79 29 med

311 591 137 39 hänsyn
465 592 52 29 till
534 572 192 55 klientelet,
743 602 76 20 som
837 593 109 29 oftast
964 593 38 29 är
1021 593 140 39 mycket
1177 593 125 39 oroligt
1320 594 65 29 och
1404 593 108 35 labilt,
1531 594 46 28 ha
1596 593 139 39 speciell
1754 595 54 27 ut-

311 633 160 40 rustning
502 636 92 27 samt
625 634 141 30 särskilt
795 635 55 29 väl
880 635 229 29 kvalificerad
1139 635 173 39 personal.
1344 635 92 29 Både
1466 635 247 39 investerings-
1742 635 65 30 och

310 675 279 30 driftkostnader
612 676 111 30 måste
746 676 121 30 därför
890 677 48 29 bli
960 677 187 38 väsentligt
1169 677 106 39 högre
1301 677 55 29 för
1380 677 102 29 dessa
1505 677 82 29 hem
1611 678 45 28 än
1680 677 55 29 för
1758 678 49 28 ett

311 717 319 39 upptagningshem
647 718 55 30 för
717 718 163 39 psykiskt
896 719 64 29 och
979 718 129 39 fysiskt
1125 718 111 30 friska
1251 719 98 29 barn.
1369 719 80 30 Som
1466 719 130 29 bekant
1613 718 102 40 utgår
1732 718 23 31 f.
1773 728 32 19 n.

310 759 211 40 statsbidrag
548 759 53 30 till
627 760 221 39 uppförande
875 760 82 29 eller
984 760 201 30 inrättande
1212 770 42 20 av
1280 760 170 30 barnhem
1478 763 91 27 samt
1596 760 52 30 till
1676 760 131 30 driften

310 810 43 20 av
376 801 180 35 barnhem,
583 811 76 20 som
684 802 178 39 upptagits
890 803 8 29 i
925 802 110 30 sådan
1062 802 83 40 plan
1170 802 54 29 för
1248 802 342 30 barnhemsvårdens
1615 802 191 34 ordnande,

310 852 119 20 varom
447 843 227 31 omförmäles
692 844 12 29 i
720 844 42 31 40
784 844 15 37 8
819 844 12 30 i
850 853 47 20 nu
918 844 161 39 gällande
1094 843 284 40 barnavårdslag,
1398 844 39 30 så
1456 844 74 34 ock,
1551 844 64 29 där
1633 844 175 30 särskilda

311 885 76 29 skäl
407 885 193 39 föreligger,
622 886 54 29 för
696 888 109 28 annat
823 886 170 30 barnhem
1014 895 76 21 som
1111 886 116 30 finnes
1247 886 183 39 tillgodose
1451 888 48 27 ett
1518 886 147 29 allmänt
1685 886 120 29 behov.

355 927 13 29 I
393 926 110 31 första
528 927 98 30 fallet
649 927 101 40 utgår
777 928 211 40 statsbidrag
1012 928 53 29 till
1091 928 208 39 nybyggnad
1323 928 80 29 med
1426 928 103 38 högst
1553 928 19 30 9
1587 928 62 30 000
1675 928 51 30 kr.
1752 927 56 30 för

310 968 96 39 varje
424 969 191 40 vårdplats,
635 979 76 20 som
726 970 245 30 barnhemmet
989 970 80 29 med
1088 970 136 29 normal
1241 970 208 39 beläggning
1467 970 174 29 beräknas
1659 978 146 30 rymma.

311 1010 251 40 Driftbidraget
586 1012 101 39 utgår
706 1012 81 29 med
810 1012 14 30 1
848 1012 112 29 krona
982 1012 41 30 50
1046 1012 59 29 öre
1127 1012 55 29 för
1203 1012 66 39 dag
1291 1012 64 29 och
1377 1011 11 30 i
1409 1012 244 29 barnhemmet
1675 1012 132 38 intaget

309 1053 97 29 barn.

355 1094 77 31 Med
453 1094 140 40 hänsyn
615 1095 52 30 till
687 1097 51 29 att
757 1095 421 40 byggnadskostnaderna
1200 1096 112 29 under
1331 1104 43 20 en
1396 1095 91 39 följd
1508 1104 43 21 av
1573 1095 39 29 år
1635 1095 95 39 stigit
1751 1103 56 21 av-

311 1137 123 34 sevärt,
453 1137 181 39 samtidigt
652 1147 74 20 som
744 1146 84 21 man
844 1137 111 31 måste
974 1138 102 29 ställa
1093 1138 110 29 större
1221 1137 200 39 fordringar
1437 1137 46 40 på
1499 1137 183 29 hemmens
1702 1136 105 30 ända-

309 1178 205 40 målsenliga
536 1179 213 39 utrustning,
774 1180 65 29 har
863 1179 248 39 statsbidraget
1134 1179 52 30 till
1210 1179 221 40 uppförande
1456 1188 42 20 av
1520 1179 165 29 hemmen
1708 1178 98 30 kom-

309 1221 64 30 mit
400 1223 50 28 att
477 1221 37 30 få
539 1221 63 30 allt
629 1221 137 30 mindre
793 1221 186 39 betydelse.
1007 1221 76 30 Vad
1110 1221 59 30 det
1195 1221 141 39 statliga
1362 1220 245 40 driftbidraget
1634 1219 172 31 beträffar

310 1263 134 39 uppgår
466 1263 97 30 detta
590 1272 147 21 numera
761 1263 73 30 inte
861 1263 51 30 till
939 1264 17 29 5
984 1265 144 37 procent
1153 1273 43 19 av
1219 1263 238 30 kostnaderna
1482 1263 58 29 vid
1565 1262 81 30 hem
1672 1271 43 20 av
1741 1262 65 29 här

309 1305 183 39 ifrågasatt
513 1307 71 38 typ.

354 1347 265 30 Kommunerna
636 1347 72 35 bör,
727 1347 11 30 i
758 1348 68 29 den
844 1347 83 30 mån
948 1347 41 30 de
1010 1347 114 40 själva
1140 1347 119 30 bidrar
1278 1347 53 29 till
1351 1348 50 28 att
1421 1346 155 30 bestrida
1595 1346 65 29 här
1678 1345 128 39 ifråga-

309 1389 151 29 varande
479 1389 206 39 platsbehov
702 1397 124 32 genom
844 1388 217 31 inrättandet
1080 1398 42 20 av
1141 1396 87 32 egna
1247 1389 179 33 anstalter,
1447 1388 235 30 tillförsäkras
1704 1389 102 28 stats-

308 1431 131 38 bidrag,
460 1432 109 29 vilket
591 1431 12 30 i
625 1431 167 30 avsevärd
815 1431 86 39 grad
923 1431 119 29 täcker
1065 1430 238 30 kostnaderna
1326 1430 55 29 för
1404 1430 111 34 dessa,
1541 1429 94 30 såväl
1658 1429 148 29 investe-

309 1472 77 40 ring
404 1482 74 21 som
495 1473 98 30 drift.

351 1539 259 31 Motionärerna
629 1541 147 29 nämner
796 1542 50 28 att
865 1540 189 39 Göteborgs
1074 1539 350 30 barnavårdsnämnd
1445 1539 164 39 planerar
1629 1547 69 30 nya
1718 1546 86 31 upp-

306 1590 245 39 tagningshem
572 1590 87 30 både
682 1590 55 31 för
757 1590 154 40 manliga
933 1591 64 29 och
1020 1590 55 30 för
1097 1590 181 39 kvinnliga
1300 1590 112 29 elever
1433 1588 66 31 och
1520 1588 195 30 fortsätter:

353 1649 64 30 Det
442 1649 72 29 kan
539 1648 226 40 ifrågasättas
792 1658 57 21 om
875 1649 71 30 inte
975 1649 55 30 för
1058 1649 95 30 såväl
1181 1651 113 27 staten
1323 1657 74 21 som
1425 1647 188 39 Göteborgs
1642 1647 77 29 stad
1748 1646 57 30 det

308 1690 113 30 skulle
439 1700 85 21 vara
543 1691 227 39 fördelaktigt
790 1700 58 21 om
869 1691 11 30 i
901 1691 205 39 anslutning
1126 1691 52 29 till
1198 1691 102 29 dessa
1320 1699 68 30 nya
1408 1690 80 29 hem
1509 1688 297 39 mottagningsav-

307 1732 182 38 delningar
518 1733 324 39 (utredningshem)
873 1734 183 33 ordnades,
1083 1733 52 30 till
1160 1733 95 29 vilka
1280 1734 113 28 staten
1418 1732 162 29 lämnade
1605 1731 122 38 bidrag
1753 1730 52 29 till

307 1774 89 30 både
412 1775 214 40 investering
644 1776 65 29 och
728 1775 96 31 drift.
843 1775 176 30 Närheten
1037 1775 53 30 till
1109 1775 206 39 Göteborg
1299 1775 58 29 gör
1376 1774 57 30 det
1452 1773 139 40 möjligt
1609 1773 54 29 för
1681 1754 124 48 barna-

308 1816 303 31 vårdsnämndens
630 1818 214 34 assistenter,
865 1817 269 40 barnpsykiater
1154 1817 64 30 och
1238 1826 119 20 annan
1377 1816 162 39 personal
1560 1817 50 28 att
1632 1814 88 39 följa
1742 1814 64 29 fal-

309 1858 65 30 len.
395 1859 211 38 Härigenom
628 1859 112 30 skulle
760 1859 195 40 säkerligen
975 1860 67 29 den
1062 1859 252 30 eftersträvade
1332 1856 375 39 korttidsbehandling,
1730 1864 74 21 som

308 1909 82 21 man
415 1910 99 21 avser
540 1901 56 30 för
621 1881 311 59 Hammargården,
959 1901 123 30 kunna
1108 1909 39 31 ge
1172 1901 147 29 resultat
1344 1900 64 29 och
1435 1899 42 30 de
1504 1894 302 56 omhändertagna

309 1942 169 30 snabbare
502 1942 144 40 bringas
672 1943 52 30 till
748 1944 125 30 balans
900 1944 65 29 och
990 1943 110 30 hälsa.
1127 1944 103 29 Trots
1258 1943 41 29 de
1325 1941 179 30 bristande
1529 1949 205 21 resurserna
1761 1938 44 39 på

304 1985 240 39 pojkhemmet
570 1985 179 41 Ivarsberg
774 1986 66 30 och
865 1986 242 30 flickhemmet
1132 1985 89 30 Lilla
1245 1985 93 39 Torp
1364 1985 71 29 kan
1461 1993 42 20 en
1528 1983 55 30 del
1609 1982 195 40 ungdomar

308 2029 88 29 efter
414 2029 139 30 relativt
572 2029 80 30 kort
672 2029 50 29 tid
742 2029 178 29 utskrivas
940 2028 169 31 därifrån.

352 2072 53 29 En
423 2071 185 39 olägenhet
626 2071 79 30 med
724 2071 203 29 nuvarande
946 2070 181 30 vårdform
1149 2071 39 29 är
1206 2072 51 28 att
1276 2070 438 30 barnavårdsnämnderna
1735 2070 71 30 för-

308 2113 92 29 lorar
424 2113 196 29 kontakten
644 2113 79 29 med
748 2112 42 30 de
815 2112 302 39 omhändertagna
1142 2120 102 31 unga,
1270 2112 45 30 då
1340 2112 41 30 de
1407 2112 106 30 sänds
1538 2112 53 30 till
1616 2112 189 39 ungdoms-

308 2155 232 31 vårdsskolor.
561 2156 55 29 En
636 2154 367 40 genomgångsstation
1023 2154 11 29 i
1055 2154 222 39 utrednings-
1297 2154 83 29 eller
1400 2154 404 39 mottagningshemmen

308 2197 112 30 skulle
438 2198 83 38 göra
537 2197 58 30 det
614 2197 138 40 möjligt
770 2197 56 30 för
843 2196 439 30 barnavårdsnämnderna
1301 2198 50 28 att
1369 2197 79 29 med
1469 2196 78 30 sina
1564 2196 114 29 bättre
1696 2196 109 29 insik-

308 2242 52 27 ter
382 2248 57 21 om
459 2239 43 30 de
521 2247 96 32 unga
637 2239 65 30 och
722 2239 69 30 den
811 2239 111 39 miljö,
942 2238 159 30 varifrån
1121 2238 43 30 de
1184 2238 169 34 kommer,
1376 2239 89 38 ägna
1486 2238 79 29 dem
1587 2247 43 20 en
1651 2237 154 30 behand-

309 2281 79 39 ling,
408 2291 74 20 som
499 2281 73 30 kan
590 2289 40 31 ge
648 2281 170 30 snabbare
835 2281 148 30 resultat
999 2281 66 29 och
1082 2281 12 29 i
1110 2280 98 39 varje
1226 2280 63 30 fall
1307 2280 184 39 möjlighet
1510 2282 51 27 att
1580 2279 106 39 skilja
1705 2281 38 28 ut
1762 2279 42 30 de

308 2323 123 30 lättare
449 2323 108 30 fallen
575 2324 66 29 och
656 2322 176 40 hastigare
850 2322 153 31 återföra
1020 2323 80 29 dem
1118 2322 52 30 till
1187 2324 49 28 ett
1252 2323 152 29 normalt
1422 2322 56 29 liv.

348 2382 118 30 Andra
483 2382 119 41 frågor
620 2381 149 31 rörande
786 2381 230 32 kommunala
1034 2381 320 40 upptagningshem
1372 2381 200 30 diskuteras
1588 2398 44 4 —
1648 2382 86 28 utan
1755 2381 51 29 att

305 2432 103 40 något
422 2433 158 39 yrkande
597 2432 212 31 framställes
823 2450 44 5 —
881 2431 12 31 i
907 2431 42 30 de
964 2431 225 39 likalydande
1203 2431 219 30 motionerna
1437 2432 31 29 I:
1484 2430 39 30 17
1540 2440 43 21 av
1596 2431 82 29 herr
1691 2431 114 30 Ewer-
