1916 2792
454 164 118 30 Andra
592 164 245 40 lagutskottets
857 166 179 32 utlåtande
1054 177 43 21 nr
1115 168 19 29 5
1151 168 39 31 år
1210 169 84 29 1960
1583 171 40 30 83

122 246 370 41 brottsförebyggande
523 248 162 40 åtgärder
712 267 44 3 —
785 250 142 29 särskilt
958 250 132 31 sådana
1120 260 75 21 som
1223 252 147 31 insättes
1397 253 58 29 vid
1484 254 140 39 mycket

120 296 94 31 unga
232 288 39 30 år
287 308 44 3 —
349 290 37 28 är
406 299 42 20 av
466 290 66 29 den
554 291 129 29 största
701 290 186 41 betydelse.

165 330 116 40 Enligt
301 331 60 30 vår
382 332 141 39 mening
544 332 65 29 har
629 333 194 30 emellertid
844 333 57 30 det
923 334 268 40 straffrättsliga
1212 336 347 40 reaktionssystemet
1581 346 43 21 en

120 372 97 40 långt
240 374 110 28 större
373 373 175 40 betydelse
574 375 44 29 än
642 383 82 21 man
747 375 45 39 på
814 375 127 40 många
965 376 70 30 håll
1060 377 112 31 under
1196 387 121 20 senare
1340 379 39 29 år
1400 379 92 29 velat
1517 379 107 30 tiller-

119 414 119 29 känna
257 415 205 31 detsamma.

160 457 60 31 Att
241 458 120 30 risken
384 458 57 30 för
463 459 105 30 straff
590 459 173 39 påverkar
785 460 286 40 brottslighetens
1096 461 213 41 omfattning
1333 463 72 30 kan
1427 463 195 31 beträffan-

121 498 42 29 de
178 498 94 31 vissa
286 499 132 39 viktiga
434 499 131 30 former
582 510 42 20 av
641 500 221 40 brottslighet
879 501 76 30 icke
972 511 42 21 av
1030 503 115 40 någon
1162 504 182 30 bestridas.
1362 506 80 29 Man
1459 505 71 30 kan
1548 514 75 21 som

122 541 154 38 exempel
304 544 34 27 ta
364 541 200 40 bilkörning
590 542 88 30 efter
705 543 273 40 spritförtäring.
1006 544 112 30 Bland
1145 545 41 29 de
1214 545 156 31 faktorer
1397 556 74 21 som
1497 547 128 30 verkar

122 583 239 29 äterhållande
389 584 44 39 på
460 584 259 40 omfattningen
747 594 42 21 av
815 585 95 30 detta
937 586 93 30 brott
1058 587 38 30 är
1123 588 198 38 uppenbart
1349 588 140 31 straffet
1516 589 108 30 bland

121 624 42 30 de
186 624 197 40 viktigaste,
409 625 65 30 och
500 626 104 39 ingen
629 627 129 30 tvekan
782 627 102 30 råder
908 628 55 29 väl
989 637 57 21 om
1072 630 51 29 att
1149 629 109 30 sådan
1284 630 199 40 bilkörning
1509 631 114 30 skulle

119 666 219 30 förekomma
356 667 186 40 väsentligt
562 667 113 31 oftare
696 669 44 29 än
759 678 48 21 nu
828 670 38 28 är
885 669 98 30 fallet
1002 679 57 21 om
1079 670 142 31 straffet
1241 671 55 30 för
1316 672 187 40 rattfylleri
1522 672 102 30 mild-

119 708 112 29 rades.
253 709 79 30 Som
353 711 48 28 ett
423 712 107 27 annat
550 709 73 32 lika
642 710 188 40 belysande
851 713 155 38 exempel
1027 712 71 30 kan
1119 713 150 30 nämnas
1290 713 334 31 deklarationsbrot-

120 751 69 33 ten,
211 759 76 21 som
308 751 239 40 otvivelaktigt
569 752 187 40 väsentligt
779 753 113 30 skulle
913 753 68 30 öka
1002 763 56 20 om
1080 754 120 31 risken
1223 755 54 30 för
1300 755 105 30 straff
1425 756 153 30 bortföll.

164 792 117 40 Enligt
303 793 62 30 vår
387 793 142 40 mening
552 794 65 30 har
640 794 133 32 således
797 794 301 41 miljöbegreppet,
1122 796 106 31 fattat
1256 797 6 30 i
1286 798 86 30 snäv
1395 798 228 36 bemärkelse,

120 834 162 31 tillmätts
301 834 119 31 alltför
440 837 71 28 stor
530 835 186 40 betydelse.
738 837 65 29 Det
821 837 112 31 måste
953 838 193 30 emellertid
1167 839 113 30 starkt
1299 839 254 41 understrykas
1573 842 52 28 att

119 876 276 40 motsättningen
412 877 129 31 mellan
557 878 67 29 den
642 878 336 40 allmänpreventiva
994 880 275 41 uppfattningen
1288 881 65 30 och
1369 882 66 30 vad
1451 891 84 21 man
1552 882 72 31 kan

119 917 96 31 kalla
235 918 295 40 miljötänkandet
551 920 12 29 i
584 920 67 30 vad
674 929 100 21 avser
793 921 277 31 kriminaliteten
1091 922 12 30 i
1126 922 113 40 själva
1259 923 120 30 verket
1401 924 38 30 är
1461 924 162 34 skenbar,

120 959 44 30 då
183 960 245 31 medvetandet
448 970 57 21 om
524 961 70 30 hur
615 962 203 31 samhällets
839 963 160 29 reaktion
1021 964 38 29 är
1079 964 181 30 utformad
1280 965 100 40 ingår
1400 968 11 29 i
1432 965 67 30 den
1522 966 101 39 miljö

120 1010 76 21 som
218 1002 171 39 påverkar
410 1003 277 40 brottsligheten.

165 1071 14 29 I
207 1069 272 41 fortsättningen
507 1070 11 30 i
545 1070 211 40 frågasätter
782 1072 273 37 motionärerna,
1082 1082 57 21 om
1168 1073 58 30 det
1253 1074 150 30 svenska
1429 1074 196 31 reaktions-

119 1120 168 38 systemet
306 1138 45 3 —
370 1129 82 21 vare
475 1121 51 40 sig
548 1120 126 32 sådant
695 1121 59 30 det
776 1123 38 29 är
836 1122 83 31 eller
942 1122 126 31 sådant
1090 1123 58 30 det
1170 1123 68 31 blir
1258 1133 58 21 om
1341 1124 285 41 strafflagbered-

119 1169 148 40 ningens
284 1170 131 40 förslag
432 1171 221 40 genomföres
669 1191 45 3 —
731 1173 38 29 är
786 1172 204 41 tillräckligt
1008 1173 163 31 effektivt
1189 1175 64 30 och
1272 1184 57 21 om
1347 1175 56 31 det
1420 1175 72 31 inte
1510 1176 115 30 skulle

119 1228 85 21 vara
224 1217 231 44 lämpligt
403 1213 58 57 att
475 1221 12 30 i
509 1223 166 38 systemet
696 1222 121 40 infoga
838 1225 49 28 ett
910 1224 194 40 kortvarigt
1126 1224 323 34 frihetsberövande
1472 1226 55 30 för
1548 1235 78 31 per-

122 1278 102 21 soner
246 1280 75 21 som
343 1272 95 29 ännu
460 1271 76 31 icke
557 1272 130 31 hunnit
708 1273 130 31 fixeras
860 1274 11 29 i
893 1274 149 40 djupare
1064 1275 233 31 kriminalitet
1319 1277 65 30 och
1406 1286 75 22 som
1504 1277 122 30 därför

120 1320 71 29 kan
210 1321 126 30 tänkas
357 1321 48 30 bli
423 1321 198 40 påverkade
641 1332 42 21 av
702 1332 43 21 en
764 1323 88 31 både
872 1323 55 32 för
949 1324 79 30 dem
1048 1325 66 30 och
1134 1326 246 40 omgivningen
1400 1327 153 41 påtaglig
1573 1336 52 21 re-

123 1370 131 32 aktion.
287 1371 259 32 Motionärerna
579 1373 62 39 gör
672 1373 170 39 gällande,
876 1376 50 28 att
958 1375 250 40 åtalseftergift
1240 1377 65 29 och
1336 1377 175 40 villkorlig
1543 1378 82 30 dom

120 1420 149 30 kommit
288 1422 52 29 till
361 1421 119 31 alltför
497 1422 195 31 vidsträckt
711 1424 226 40 användning
956 1425 65 29 och
1041 1425 121 30 därför
1181 1426 76 30 icke
1276 1426 99 31 blivit
1396 1428 37 30 så
1455 1427 171 31 effektiva

120 1469 214 41 hjälpmedel
357 1471 12 30 i
392 1472 152 39 kampen
567 1475 74 28 mot
663 1473 266 41 brottsligheten
955 1483 74 21 som
1053 1484 84 21 man
1160 1476 91 30 hade
1273 1477 161 40 hoppats.
1457 1477 100 31 Efter
1582 1487 44 21 en

120 1520 217 40 redogörelse
358 1521 56 30 för
434 1522 367 42 korttidsbehandling
822 1533 43 20 av
886 1532 93 32 unga
1001 1526 281 39 lagöverträdare
1305 1527 202 31 utomlands
1528 1528 12 30 i
1561 1529 65 29 hu-

120 1570 186 41 vudsaklig
330 1572 348 31 överensstämmelse
702 1574 80 29 med
806 1574 42 30 de
872 1575 179 39 uppgifter
1076 1585 76 21 som
1176 1577 153 31 lämnats
1353 1577 12 30 i
1390 1579 154 29 nämnda
1568 1579 58 30 be-

120 1620 179 31 tänkande
316 1630 57 22 om
392 1621 443 42 ungdomsbrottsligheten
853 1626 113 38 yttrar
984 1626 272 36 motionärerna,
1277 1629 50 29 att
1346 1628 57 30 det
1423 1628 143 40 givetvis
1587 1630 39 29 är

120 1670 160 40 omöjligt
301 1673 49 28 att
371 1673 83 38 göra
475 1681 97 22 mera
592 1673 183 31 bestämda
795 1675 207 31 uttalanden
1023 1685 58 21 om
1101 1677 95 30 olika
1217 1677 132 32 former
1369 1687 42 21 av
1431 1679 194 41 kortvarigt

120 1719 323 33 frihetsberövande
465 1724 86 28 utan
572 1722 172 40 ingående
765 1725 198 40 utredning.
986 1726 260 31 Motionärerna
1268 1728 205 31 framhåller
1495 1730 130 35 vidare,

123 1771 50 28 att
200 1770 101 31 deras
327 1771 114 31 avsikt
466 1772 193 40 ingalunda
686 1774 38 29 är
750 1776 50 28 att
826 1783 168 31 personer
1020 1785 77 22 som
1122 1777 109 30 redan
1258 1779 39 29 är
1322 1779 156 30 fixerade
1503 1780 12 29 i
1542 1788 84 32 grav

122 1820 193 31 asocialitet
345 1822 83 29 eller
457 1822 232 32 kriminalitet
720 1824 89 30 skall
840 1825 193 31 behandlas
1065 1827 81 30 med
1176 1828 194 40 kortvarigt
1400 1829 226 32 frihetsberö-

121 1869 113 30 vande
256 1872 86 29 utan
364 1873 51 28 att
437 1871 41 30 de
499 1872 12 30 i
535 1872 115 31 stället
672 1873 136 40 åsyftar
830 1877 51 29 att
902 1875 129 40 många
1054 1885 43 21 av
1118 1877 80 29 dem
1222 1887 75 21 som
1320 1888 48 20 nu
1392 1879 54 32 får
1468 1880 67 31 den
1559 1890 66 21 ena

121 1919 293 41 åtalseftergiften
432 1921 88 31 efter
537 1922 68 30 den
623 1923 111 30 andra
751 1924 65 30 och
834 1925 44 39 på
899 1925 39 30 så
956 1926 68 30 sätt
1044 1926 110 39 glider
1171 1927 37 30 in
1225 1930 12 29 i
1255 1928 158 44 allvarlig
1430 1929 196 32 kriminali-

119 1972 47 28 tet
183 1978 124 31 genom
324 1980 43 21 en
383 1971 203 41 tillräckligt
604 1972 147 31 effektiv
766 1975 149 40 varning
931 1975 11 30 i
958 1975 53 31 tid
1028 1977 89 30 skall
1135 1977 125 40 hejdas
1277 1979 12 30 i
1308 1979 53 30 sin
1379 1981 210 39 utveckling.
1609 1982 14 29 I

121 2018 58 31 det
201 2019 157 40 följande
381 2020 252 41 understryker
655 2023 272 37 motionärerna,
952 2027 50 28 att
1026 2025 63 31 där
1114 2026 39 31 så
1176 2036 101 22 anses
1304 2029 214 41 nödvändigt
1542 2031 83 30 eller

120 2069 160 40 lämpligt
303 2071 48 29 ett
374 2070 193 41 kortvarigt
591 2072 324 32 frihetsberövande
939 2074 61 31 bör
1024 2076 123 30 kunna
1170 2077 140 31 förenas
1334 2079 79 30 med
1437 2080 187 31 eftervård.

164 2119 283 40 Avslutningsvis
464 2121 170 40 åberopar
650 2123 262 32 motionärerna
930 2125 42 30 de
990 2135 89 20 ovan
1096 2127 179 40 återgivna
1294 2129 228 32 uttalandena
1540 2134 11 30 i
1569 2131 56 30 be-

121 2168 193 31 tänkandet
337 2179 56 20 om
418 2171 443 41 ungdomsbrottsligheten
885 2175 65 29 och
972 2177 113 37 yttrar
1108 2178 61 33 att,
1193 2179 134 30 oavsett
1349 2179 106 30 vilket
1477 2181 148 30 resultat

122 2217 42 30 de
191 2218 178 39 pågående
397 2221 287 39 övervägandena
711 2222 202 31 utomlands
942 2224 65 35 får,
1035 2234 43 22 en
1106 2227 163 39 grundlig
1296 2229 188 40 utredning
1512 2231 113 30 måste

120 2267 102 38 göras
240 2268 12 29 i
270 2269 97 38 varje
387 2269 82 29 land
489 2269 63 31 där
571 2270 124 40 frågan
716 2272 259 31 aktualiserats.
995 2275 117 40 Enligt
1132 2277 260 32 motionärerna
1413 2280 37 28 är
1469 2280 58 30 det
1547 2280 80 30 där-

121 2316 55 30 för
195 2326 42 20 av
253 2317 73 30 vikt
346 2320 50 28 att
414 2319 232 40 utredningen
667 2321 166 40 påbörjas
851 2325 86 28 utan
957 2324 180 40 dröjsmål.
