1908 2784
291 138 41 31 86
623 140 118 30 Andra
759 140 245 40 lagutskottets
1024 142 179 32 utlåtande
1220 153 43 21 nr
1280 144 19 29 5
1315 145 39 30 år
1374 144 83 31 1960

297 222 102 39 tagen
418 221 208 42 förändring
644 241 44 3 —
707 226 71 28 stor
797 224 159 41 förmåga
976 227 49 28 att
1046 235 151 31 anpassa
1218 226 51 41 sig
1288 227 11 30 i
1320 237 68 31 nya
1407 228 257 37 förhållanden,
1685 230 110 31 förut-

300 274 70 28 satt
389 274 51 28 att
457 273 127 39 miljön
605 275 38 28 är
663 274 75 40 god.

343 321 60 31 Att
422 323 135 39 avgöra,
578 323 11 29 i
607 323 96 31 vilka
720 324 62 30 fall
801 324 57 31 det
877 326 38 29 är
936 326 79 29 med
1032 326 142 32 barnets
1194 337 110 21 sanna
1323 328 99 31 bästa
1440 332 89 28 mest
1548 330 174 41 förenligt,
1742 334 50 28 att

297 371 58 30 det
379 371 55 31 får
454 372 48 30 bli
528 373 88 30 kvar
638 374 11 29 i
673 373 273 38 fosterhemmet,
972 378 38 28 är
1032 386 44 20 en
1099 378 288 40 utomordentligt
1412 379 79 30 svår
1514 380 65 30 och
1602 382 192 39 grannlaga

298 422 149 39 uppgift.
467 423 66 30 Vid
554 424 218 40 prövningen
790 425 99 30 torde
909 426 11 29 i
938 426 62 30 allt
1018 427 187 41 väsentligt
1225 428 42 30 de
1286 437 83 31 nyss
1389 429 147 31 berörda
1559 431 235 40 synpunkter-

299 480 46 22 na
362 472 85 31 böra
466 482 85 22 vara
569 474 225 40 vägledande.
815 475 14 30 I
850 476 110 30 likhet
981 477 79 30 med
1080 479 50 28 ett
1150 478 117 30 flertal
1287 479 303 31 remissinstanser
1610 481 104 40 hyser
1734 482 60 39 jag

298 521 67 31 den
389 522 284 41 uppfattningen,
697 526 50 29 att
770 525 207 40 ingripande
1003 527 53 30 till
1079 527 253 32 förhindrande
1356 539 43 20 av
1423 539 43 21 en
1489 530 185 40 ifrågasatt
1698 531 96 40 flytt-

299 571 84 41 ning
403 583 41 20 av
462 574 200 30 fosterbarn
682 575 61 31 bör
763 576 220 31 förekomma
1001 578 124 31 endast
1145 579 12 29 i
1176 579 273 41 undantagsfall.
1468 581 50 30 De
1545 581 4 29 i
1568 581 229 32 kommitténs

298 622 131 41 förslag
455 624 153 39 angivna
634 624 342 42 förutsättningarna
1002 627 55 31 för
1083 628 207 41 ingripande
1317 630 64 30 och
1409 631 142 30 särskilt
1579 631 68 30 den
1673 632 120 30 därför

298 672 150 31 anförda
467 674 254 41 motiveringen
741 685 102 30 synes
866 685 41 31 ge
925 677 58 30 vid
1002 678 152 36 handen,
1175 681 52 28 att
1247 680 210 31 kommittén
1476 681 132 40 åsyftat
1629 684 51 27 att
1701 682 92 30 stad-

298 723 127 38 gandet
450 724 114 30 skulle
588 725 143 31 komma
755 728 52 29 att
832 727 177 41 tillämpas
1034 728 11 30 i
1070 737 44 21 en
1138 729 222 41 omfattning,
1386 739 76 21 som
1486 731 112 30 måste
1623 741 102 21 anses
1751 732 42 40 gå

294 773 119 31 alltför
431 774 107 40 långt.
559 776 135 30 Endast
714 785 56 21 om
791 777 57 30 det
870 777 183 40 föreligger
1073 779 112 31 risker
1207 779 53 32 för
1282 781 156 40 allvarlig
1459 781 110 31 skada
1589 782 46 39 på
1655 781 140 31 barnets

293 823 203 41 kroppsliga
520 826 86 29 eller
634 826 157 40 själsliga
816 827 101 30 hälsa
944 828 81 30 eller
1053 829 53 30 för
1135 829 77 31 dess
1241 830 208 40 utveckling,
1476 831 63 30 bör
1565 831 232 31 barnavårds-

292 874 178 30 nämnden
496 875 123 30 kunna
644 876 127 31 hindra
797 877 279 41 förflyttningen.
1106 880 52 29 En
1184 889 97 21 mera
1305 880 138 40 måttlig
1469 881 74 30 risk
1566 882 58 30 för
1649 881 147 41 psykisk

292 924 111 30 skada
426 924 62 31 bör
509 925 152 31 sålunda
684 927 209 39 exempelvis
917 928 71 30 inte
1012 930 124 38 utgöra
1159 929 201 40 tillräckligt
1385 931 76 30 skäl
1485 931 56 30 för
1563 933 51 28 att
1636 932 160 30 meddela

293 973 138 32 förbud.
453 975 121 30 Såsom
595 975 253 42 förutsättning
866 977 57 30 för
943 980 48 27 att
1012 978 127 30 förbud
1159 981 72 28 mot
1251 979 105 31 barns
1377 980 175 40 skiljande
1572 981 81 30 från
1673 981 123 31 foster-

293 1024 80 29 hem
396 1024 87 30 skall
505 1025 37 30 få
562 1026 178 30 meddelas
764 1026 62 31 bör
847 1027 121 31 därför
989 1028 105 39 enligt
1115 1029 74 29 min
1211 1029 141 40 mening
1372 1030 137 35 krävas,
1532 1033 50 28 att
1603 1031 58 30 det
1683 1031 113 31 skulle

292 1083 84 20 vara
398 1075 52 29 till
472 1076 169 29 avsevärd
664 1076 108 30 skada
794 1077 55 30 för
871 1077 122 31 barnet
1015 1080 50 27 att
1087 1078 47 30 bli
1157 1078 175 40 förflyttat
1354 1079 80 30 från
1456 1080 275 31 fosterhemmet.

343 1124 66 30 Vid
435 1125 218 40 prövningen
680 1135 42 21 av
746 1126 267 40 ifrågavarande
1041 1128 153 31 ärenden
1221 1129 89 30 skall
1337 1129 107 40 enligt
1472 1130 228 31 kommitténs
1727 1131 71 30 för-

296 1173 76 41 slag
389 1175 143 30 särskilt
550 1175 146 31 beaktas
714 1176 141 31 barnets
875 1177 105 35 ålder,
1000 1178 315 40 utvecklingsgrad,
1336 1180 214 39 egenskaper
1569 1181 66 29 och
1654 1181 139 30 känslo-

295 1223 223 41 bindningar,
541 1224 269 33 förhållandena
832 1227 11 29 i
866 1227 265 31 fosterhemmet
1154 1229 65 29 och
1241 1229 67 30 den
1330 1229 51 30 tid
1405 1229 124 31 barnet
1551 1230 145 31 fostrats
1719 1231 73 34 där,

295 1273 43 31 de
364 1274 258 37 förhållanden,
646 1277 116 29 vartill
784 1276 123 31 barnet
930 1277 59 30 vid
1012 1278 185 40 ifrågasatt
1223 1279 175 40 skiljande
1422 1279 81 31 från
1527 1280 264 31 fosterhemmet

295 1324 114 31 skulle
435 1325 191 36 överföras,
654 1329 90 28 samt
771 1328 123 30 skälen
920 1328 54 30 för
1001 1328 110 30 sådan
1138 1328 206 41 förändring
1370 1330 11 29 i
1407 1329 141 31 barnets
1576 1331 216 31 levnadsför-

296 1374 198 37 hållanden,
512 1376 69 30 den
599 1376 52 30 tid
668 1377 122 30 barnet
808 1377 142 31 vårdats
969 1379 230 30 annorstädes
1219 1380 45 29 än
1281 1379 64 30 hos
1365 1379 222 31 föräldrarna
1607 1383 91 28 samt
1717 1381 75 30 des-

296 1433 55 22 sas
372 1425 199 42 befattning
589 1427 81 29 med
690 1427 122 30 barnet
833 1428 112 30 under
966 1438 134 21 samma
1120 1429 61 30 tid.
1203 1430 75 29 Vad
1300 1430 210 30 kommittén
1532 1430 149 30 sålunda
1702 1431 90 30 före-

297 1475 103 40 slagit
416 1477 98 30 torde
531 1478 11 30 i
561 1477 67 30 och
646 1477 55 30 för
718 1478 50 39 sig
786 1478 72 30 inte
877 1487 40 31 ge
935 1479 188 40 anledning
1142 1480 52 30 till
1212 1480 151 35 erinran,
1382 1481 86 30 även
1487 1490 57 21 om
1564 1481 232 40 värderingen

296 1534 42 21 av
356 1526 42 30 de
417 1527 151 39 angivna
586 1528 346 40 omständigheterna
950 1529 45 40 på
1013 1530 115 39 grund
1148 1540 42 20 av
1208 1530 121 30 kravet
1348 1530 45 40 på
1412 1531 168 30 avsevärd
1600 1531 110 31 skada
1728 1531 68 30 blir

295 1584 43 22 en
359 1585 127 22 annan.
511 1578 13 29 I
545 1577 112 31 likhet
677 1579 79 29 med
776 1579 94 30 vissa
890 1580 303 31 remissinstanser
1214 1590 102 21 anser
1336 1581 59 40 jag
1416 1581 90 30 dock
1526 1581 138 31 mindre
1685 1582 110 40 lämp-

293 1625 63 40 ligt
379 1628 50 29 att
451 1629 156 38 upptaga
629 1628 225 41 anvisningar
878 1639 42 20 av
941 1630 115 30 denna
1078 1630 247 32 beskaffenhet
1348 1632 11 30 i
1382 1632 184 39 lagtexten.
1592 1632 202 40 Uppenbart

294 1677 39 29 är
359 1678 50 28 att
435 1678 214 39 avgörandet
672 1698 44 3 —
739 1679 107 30 vilket
872 1680 111 30 måste
1008 1681 155 39 grundas
1189 1681 44 40 på
1259 1682 309 40 allmänmänsklig
1594 1682 201 32 erfarenhet

294 1728 93 28 samt
409 1727 175 40 beprövad
607 1729 195 30 medicinsk
825 1730 66 30 och
914 1740 117 20 annan
1053 1732 193 39 vetenskap
1271 1750 43 3 —
1338 1732 88 30 skall
1451 1732 128 31 träffas
1603 1733 113 31 under
1738 1733 57 30 be-

292 1776 153 32 aktande
463 1788 42 21 av
522 1779 164 40 samtliga
703 1779 54 31 för
773 1780 217 40 prövningen
1007 1781 267 40 betydelsefulla
1291 1783 308 40 omständigheter.
1618 1783 176 31 Önskvärt

292 1827 40 30 är
351 1829 50 28 att
419 1828 66 30 den
503 1829 171 39 psykiska
692 1829 124 31 barna-
833 1831 66 29 och
917 1831 324 40 ungdomsvårdens
1261 1841 156 22 resurser
1435 1833 71 31 kan
1524 1834 175 39 utnyttjas
1718 1844 74 20 som

293 1878 50 29 ett
363 1878 187 40 väsentligt
569 1879 57 30 led
648 1880 11 29 i
679 1879 266 42 bedömningen.

339 1927 121 30 Såsom
477 1928 212 31 kommittén
706 1929 116 31 berört
840 1932 39 29 är
899 1931 56 30 det
972 1932 118 39 praxis
1108 1932 12 29 i
1137 1932 301 40 handräcknings-
1456 1934 65 29 och
1540 1934 175 30 tvistemål
1733 1944 57 21 om

295 1978 198 40 överföring
514 1988 43 21 av
578 1979 208 38 fosterbarn,
809 1983 51 28 att
881 1982 251 40 överflyttning
1153 1983 72 30 inte
1247 1983 54 30 får
1324 1984 60 29 ske
1406 1984 11 30 i
1442 1984 86 29 strid
1550 1985 81 30 med
1651 1985 142 30 barnets

292 2026 181 33 bestämda
496 2029 88 40 vilja
606 2029 112 31 under
739 2030 255 41 förutsättning
1014 2033 51 29 att
1086 2032 124 30 barnet
1231 2033 75 30 nått
1329 2042 43 21 en
1394 2033 96 30 ålder
1513 2043 42 21 av
1577 2035 148 39 ungefär
1750 2036 38 30 15

293 2078 39 30 år
354 2079 82 30 eller
457 2089 43 20 en
520 2080 212 40 utveckling,
753 2081 181 41 jämförlig
955 2083 79 29 med
1059 2082 230 41 15-åringens.
1311 2084 117 39 Enligt
1449 2084 229 32 kommitténs
1700 2085 94 31 åsikt

293 2128 62 30 bör
374 2130 197 39 avgörande
590 2130 76 30 vikt
683 2131 11 29 i
713 2132 92 38 regel
825 2132 117 39 läggas
961 2132 58 30 vid
1038 2132 142 31 barnets
1199 2133 85 40 vilja
1304 2133 108 31 redan
1432 2134 45 30 då
1495 2134 123 31 barnet
1639 2135 74 30 nått
1736 2136 54 30 12-

293 2177 180 32 årsåldern
495 2179 85 31 eller
601 2182 246 29 motsvarande
871 2182 208 40 utveckling.
1104 2183 125 30 Vilken
1255 2183 95 30 ålder
1373 2184 83 30 eller
1478 2185 84 39 grad
1585 2194 42 21 av
1650 2186 140 30 utveck-

293 2228 72 41 ling
390 2229 122 31 barnet
537 2230 64 31 bör
626 2231 45 30 ha
698 2231 75 30 nått
798 2231 56 31 för
877 2234 52 29 att
954 2232 79 31 dess
1057 2233 207 41 inställning
1289 2234 54 30 till
1368 2234 67 30 den
1460 2235 208 39 ifrågasatta
1695 2235 95 40 flytt-

294 2280 128 39 ningen
441 2281 89 30 skall
549 2281 170 30 tillmätas
737 2282 176 39 betydelse
931 2283 98 30 torde
1047 2292 84 21 vara
1150 2293 43 20 en
1212 2284 108 40 fråga,
1340 2294 76 20 som
1432 2284 63 31 bör
1513 2286 220 30 överlämnas
1754 2286 35 30 åt

292 2329 68 31 den
377 2331 184 39 praktiska
579 2332 279 40 tillämpningen,
876 2333 119 30 varför
1012 2333 116 40 någon
1146 2334 325 31 rekommendation
1490 2335 11 29 i
1520 2344 65 21 ena
1604 2335 83 30 eller
1706 2336 84 30 and-

293 2389 39 21 ra
349 2381 202 40 riktningen
570 2382 73 31 inte
663 2383 188 40 lämpligen
871 2393 102 30 synes
993 2384 84 30 böra
1095 2384 147 30 lämnas.
1261 2386 65 29 Det
1345 2385 62 30 bör
1426 2385 193 31 emellertid
1636 2385 156 35 betonas,

294 2433 51 29 att
375 2432 197 39 avgörande
601 2432 59 30 vid
690 2433 255 41 bedömningen
976 2434 124 30 endast
1131 2435 89 30 skall
1249 2444 93 26 vara,
1374 2435 175 33 huruvida
1579 2436 213 40 flyttningen
