1926 2792
459 131 118 31 Andra
599 127 246 41 lagutskottets
867 121 179 33 utlåtande
1066 129 43 21 nr
1128 121 19 29 3
1166 119 40 30 år
1228 117 84 30 1960
1597 111 38 30 39

136 218 316 33 tionsverksamhet
476 216 124 29 utövas
624 213 157 30 däremot
806 217 124 32 genom
954 203 323 33 kursverksamhet.
1301 201 14 30 I
1341 200 93 29 detta
1461 204 175 24 samman-

137 272 91 39 hang
247 272 38 29 är
305 269 178 30 allmänna
501 264 211 31 barnhusets
730 257 286 42 bidragsgivning
1036 265 42 21 av
1097 256 72 29 stor
1187 251 187 41 betydelse.

179 322 52 30 Då
253 320 67 30 den
343 318 148 31 sålunda
513 315 167 30 bedrivna
702 307 400 35 serviceverksamheten
1125 304 146 31 allmänt
1295 301 172 31 erkännes
1489 306 85 22 vara
1595 304 42 22 av

137 375 86 27 stort
248 370 106 31 värde
379 369 54 30 för
457 364 252 34 barnavården,
733 363 64 29 har
820 361 60 39 jag
904 358 119 31 funnit
1048 354 188 39 anledning
1258 352 180 38 överväga,
1462 346 175 32 huruvida

138 423 55 30 det
215 423 72 29 inte
309 420 113 30 skulle
442 427 84 21 vara
547 415 137 40 möjligt
707 415 50 29 att
779 412 43 40 gå
842 410 119 31 vidare
983 408 45 40 på
1049 407 115 30 denna
1183 406 66 38 väg
1270 403 67 30 och
1359 409 124 32 genom
1504 408 42 21 en
1568 398 65 30 för-

137 469 397 42 medlingsverksamhet
554 465 181 41 tillgodose
752 458 458 35 barnavårdsnämndernas
1229 454 114 30 behov
1362 461 42 21 av
1423 448 214 39 sakkunnigt

138 523 149 30 bistånd.
311 522 68 30 För
401 518 185 41 uppgiften
610 516 115 31 såsom
746 512 344 38 förmedlingsorgan
1112 506 99 32 torde
1236 504 151 32 svenska
1412 499 226 34 socialvårds-

140 574 188 31 förbundet
354 572 116 31 såsom
496 571 277 29 kommunernas
798 572 85 32 egen
910 558 320 39 sammanslutning
1256 556 45 41 på
1326 556 58 29 det
1410 552 129 32 sociala
1564 560 72 20 om-

141 625 97 30 rådet
258 625 11 29 i
291 623 150 30 främsta
460 621 153 30 rummet
634 617 268 40 ifrågakomma.
925 613 64 39 Jag
1010 612 64 29 har
1096 608 149 32 sålunda
1265 606 103 31 tänkt
1389 605 80 38 mig,
1492 604 51 29 att
1564 601 72 30 det-

140 679 35 27 ta
199 674 153 31 förbund
376 690 44 4 —
442 670 149 32 centralt
615 669 83 30 eller
723 674 125 32 genom
872 663 117 31 lokala
1014 660 187 31 kontakter
1226 660 24 27 t.
1276 666 51 21 ex.
1353 656 11 29 i
1388 654 98 39 varje
1511 653 59 29 län
1594 668 42 4 —

141 726 112 30 skulle
278 724 53 31 till
355 718 438 35 barnavårdsnämnderna
817 714 174 31 förmedla
1015 709 205 39 erforderlig
1246 707 168 31 assistens
1440 713 43 21 av
1506 698 131 48 läkare,

141 776 218 40 psykologer,
377 770 270 34 socialutredare
666 768 54 30 för
739 763 260 42 komplicerade
1019 760 153 32 ärenden
1190 758 65 31 och
1273 757 146 40 jurister
1438 755 91 30 samt
1547 751 91 31 helst

141 826 106 31 också
275 832 166 33 personer
469 821 79 31 med
578 818 230 38 sakkunskap
836 814 150 31 rörande
1016 812 145 30 allmänt
1191 806 257 42 förebyggande
1477 802 161 41 åtgärder

142 877 64 31 och
238 875 247 38 anordningar,
517 871 116 31 såsom
663 870 159 38 experter
851 867 12 29 i
894 864 100 39 fråga
1024 871 57 21 om
1111 858 202 32 inrättande
1344 866 41 21 av
1415 852 225 42 ungdomslo-

140 927 97 30 kaler
256 925 64 30 och
339 922 237 32 initiativmän
595 920 54 30 för
668 914 329 43 ungdomsledning.
1018 911 113 32 Sedan
1149 910 59 39 jag
1226 908 13 30 i
1257 908 116 30 denna
1392 902 249 42 angelägenhet

142 977 154 30 hänvänt
318 975 72 39 mig
411 973 53 30 till
487 970 199 34 förbundet,
709 969 66 29 har
795 967 60 39 jag
878 963 159 32 därifrån
1060 960 140 32 erhållit
1222 959 58 30 det
1301 956 176 33 beskedet,
1500 956 50 28 att
1572 952 71 31 för-

140 1027 132 30 bundet
294 1027 38 29 är
353 1023 111 40 villigt
487 1025 51 28 att
559 1021 102 40 åtaga
685 1019 51 40 sig
759 1014 270 42 ifrågavarande
1050 1010 235 32 verksamhet.
1306 1009 125 30 Denna
1451 1004 192 40 betydelse-

142 1078 89 30 fulla
248 1074 225 33 verksamhet
493 1073 71 30 kan
585 1070 120 31 därför
723 1070 126 30 väntas
870 1067 144 29 komma
1033 1065 51 29 att
1102 1080 45 4 —
1165 1060 52 31 till
1238 1069 42 21 en
1301 1057 127 40 början
1448 1053 192 33 försöksvis

141 1129 65 31 och
223 1129 11 29 i
251 1125 196 42 begränsad
464 1123 213 38 omfattning
693 1139 44 3 —
754 1119 217 40 igångsättas
988 1116 97 29 inom
1103 1123 43 21 en
1163 1113 87 29 nära
1268 1108 156 32 framtid.
1442 1108 67 30 Det
1527 1107 38 29 är
1584 1114 56 21 av-

143 1182 66 29 sett
225 1180 50 29 att
290 1176 198 32 kostnaden
504 1175 55 29 för
575 1173 224 40 experternas
816 1168 117 31 arbete
951 1166 89 31 skall
1058 1164 132 30 betalas
1208 1171 41 21 av
1266 1157 259 34 vederbörande
1542 1157 98 29 kom-

143 1238 96 22 mun.
257 1228 53 30 Då
328 1225 257 39 förmedlingen
604 1232 41 21 av
664 1220 197 41 expertisen
880 1217 206 31 förutsättes
1107 1214 97 30 skola
1223 1211 82 40 ingå
1323 1211 11 29 i
1354 1208 207 31 förbundets
1581 1205 61 31 all-

144 1281 130 30 männa
298 1274 364 35 serviceverksamhet,
687 1271 99 31 torde
811 1267 151 33 särskild
986 1261 342 42 förmedlingsavgift
1353 1260 157 30 däremot
1535 1256 106 39 enligt

144 1331 66 30 vad
227 1339 75 22 som
319 1326 176 43 uppgivits
513 1324 175 40 knappast
705 1321 135 31 behöva
855 1320 145 29 komma
1017 1317 10 29 i
1044 1315 109 39 fråga.

184 1381 70 29 När
276 1387 85 21 man
382 1376 104 41 yrkat
509 1374 45 40 på
576 1383 43 21 en
643 1369 238 43 upprustning
905 1376 42 21 av
969 1373 206 23 resurserna
1196 1363 66 29 har
1284 1370 84 21 man
1391 1359 45 40 på
1457 1358 95 30 vissa
1573 1355 72 31 håll

144 1433 86 28 även
252 1429 130 40 åsyftat
406 1426 42 30 de
468 1424 232 40 möjligheter,
722 1430 76 22 som
820 1419 72 31 står
915 1417 51 31 till
987 1415 90 31 buds
1099 1414 56 30 för
1175 1411 214 39 behandling
1410 1418 42 21 av
1471 1408 90 30 barn
1581 1406 64 30 och

146 1481 162 40 ungdom,
327 1477 142 33 särskilt
486 1475 133 32 sådana
636 1481 74 22 som
727 1467 301 39 omhändertagits
1046 1474 43 21 av
1104 1459 351 35 barnavårdsnämnd
1471 1458 47 41 på
1533 1456 113 42 grund

146 1541 41 20 av
216 1528 231 33 kriminalitet
477 1527 84 30 eller
590 1532 117 22 annan
737 1519 204 33 asocialitet.
971 1516 76 32 Vad
1077 1524 75 21 som
1180 1514 65 30 här
1274 1512 12 30 i
1316 1512 149 29 främsta
1494 1509 151 30 rummet

146 1583 129 33 krävts,
294 1582 38 28 är
348 1589 44 20 en
407 1576 173 39 utökning
597 1583 41 22 av
655 1572 131 31 antalet
801 1571 131 39 platser
950 1568 59 30 vid
1024 1562 450 44 ungdomsvårdsskolorna
1489 1560 91 30 samt
1595 1558 53 29 in-

146 1631 160 31 rättande
327 1639 42 21 av
389 1627 132 31 sådana
538 1623 302 40 utredningshem,
861 1629 75 21 som
956 1616 197 40 föreslagits
1170 1624 45 21 av
1234 1612 211 32 kommittén
1463 1611 11 30 i
1494 1610 79 30 dess
1591 1608 58 30 be-

149 1681 175 32 tänkande
343 1681 24 29 I.
386 1679 182 38 Därjämte
586 1676 65 29 har
668 1674 45 30 bl.
733 1683 30 21 a.
781 1671 108 31 också
908 1667 213 32 framhållits
1138 1666 175 30 bristerna
1330 1663 46 40 på
1396 1662 66 30 den
1478 1659 171 42 psykiska

147 1734 124 28 barna-
291 1731 65 30 och
376 1726 324 42 ungdomsvårdens
721 1722 153 32 område.

194 1782 72 30 Vad
287 1780 108 40 angår
415 1774 400 44 ungdomsvårdsskolor
837 1772 66 30 och
923 1768 288 40 utredningshem
1234 1766 60 30 må
1312 1765 64 30 här
1397 1764 147 29 allenast
1564 1761 86 30 hän-

148 1833 91 30 visas
267 1832 51 30 till
345 1828 218 42 proposition
589 1836 42 21 nr
656 1824 153 37 88/1959
836 1821 179 41 angående
1042 1819 121 39 anslag
1189 1817 55 30 för
1268 1814 205 40 budgetåret
1500 1811 151 37 1959/60

150 1884 51 28 till
221 1884 132 28 statens
372 1880 117 30 skolor
507 1875 210 33 tillhörande
734 1875 126 29 barna-
877 1872 65 30 och
959 1867 307 42 ungdomsvården
1283 1875 46 20 m.
1347 1874 46 20 m.
1411 1865 13 30 I
1443 1864 116 29 denna
1573 1870 79 32 pro-

150 1932 151 40 position
320 1931 184 38 redogöres
527 1928 53 29 för
601 1927 40 29 de
662 1924 171 40 åtgärder,
855 1931 74 22 som
949 1921 45 39 på
1012 1919 113 41 grund
1145 1927 42 21 av
1206 1917 57 29 det
1283 1915 113 31 starkt
1415 1913 111 31 ökade
1546 1913 106 39 plats-

151 1984 144 29 hehovet
312 1981 59 30 vid
389 1975 448 44 ungdomsvårdsskolorna
855 1972 166 39 vidtagits
1038 1970 54 30 för
1111 1971 49 28 att
1179 1966 208 32 säkerställa
1404 1967 48 28 ett
1469 1962 183 31 maximalt

151 2032 225 41 utnyttjande
398 2039 42 21 av
461 2025 381 42 skolorganisationens
865 2021 203 31 nuvarande
1090 2027 156 22 resurser
1268 2018 91 29 samt
1382 2015 54 31 för
1457 2016 50 28 att
1529 2021 123 32 genom

151 2082 237 41 provisoriska
414 2079 160 40 åtgärder
600 2078 68 29 öka
692 2073 284 42 platstillgången
1001 2071 58 30 vid
1085 2070 175 31 skolorna.
1287 2067 127 30 Vidare
1440 2064 177 32 redovisas
1643 2063 11 28 i

152 2132 261 41 propositionen
443 2140 41 20 av
509 2127 209 32 kommittén
745 2126 55 30 för
827 2120 448 43 ungdomsvårdsskolorna
1301 2116 196 39 framlagda
1524 2114 130 37 förslag

153 2183 177 38 angående
358 2179 197 41 utbyggnad
583 2188 40 20 av
650 2173 448 43 ungdomsvårdsskolorna
1124 2172 90 28 samt
1240 2167 147 31 föreslås
1414 2163 240 38 förstärkning

154 2243 40 19 av
222 2231 282 40 organisationen
531 2229 43 29 bl.
603 2238 28 19 a.
659 2235 123 31 genom
809 2223 201 32 inrättande
1037 2231 41 20 av
1104 2230 58 21 sex
1188 2215 468 42 mottagningsavdelningar

154 2284 61 28 och
239 2292 42 19 en
303 2278 316 42 specialavdelning
638 2277 58 30 vid
717 2276 94 30 olika
833 2274 128 29 skolor.
984 2271 110 40 Syftet
1116 2270 79 29 med
1216 2264 440 42 mottagningsavdelning-

156 2342 84 20 arna
261 2334 37 28 är
319 2332 10 28 i
350 2332 111 28 första
483 2328 94 30 hand
599 2329 49 28 att
668 2325 209 40 möjliggöra
898 2325 47 27 ett
966 2321 162 31 effektivt
1149 2316 344 39 omhändertagande
1514 2324 42 21 av
1577 2324 25 20 s.
1622 2314 34 28 k.

158 2380 280 40 utredningsfall,
456 2379 125 30 främst
600 2377 53 30 för
671 2376 91 29 brott
781 2373 213 31 misstänkta
1012 2371 194 39 ungdomar
1225 2368 111 30 under
1355 2367 39 30 18
1412 2366 48 31 år.
1478 2365 49 30 På
1544 2363 113 41 grund

157 2442 39 19 av
223 2432 144 38 tidigare
391 2439 41 21 av
455 2428 186 39 riksdagen
667 2425 132 31 fattade
823 2424 113 30 beslut
962 2424 90 28 samt
1077 2421 40 29 de
1142 2428 123 32 genom
1290 2415 267 41 ifrågavarande
1580 2423 78 31 pro-
