1894 2806
273 159 18 29 6
667 160 378 32 Jordbruksutskottets
1068 160 177 32 utlåtande
1268 169 40 22 nr
1334 161 50 30 61.

277 248 48 28 att
347 245 351 37 producentbidraget
718 246 88 30 skall
825 245 82 37 utgå
928 246 79 30 med
1029 246 17 29 5
1069 247 59 29 öre
1149 255 62 27 per
1232 246 169 36 kilogram
1422 245 45 37 på
1488 246 100 36 högst
1611 247 64 29 650
1699 246 82 31 kilo-

276 304 97 28 gram
397 296 55 30 för
472 295 128 31 månad
621 297 83 30 eller
726 297 230 35 sammanlagt
978 297 16 29 7
1010 297 62 29 800
1094 297 169 36 kilogram
1284 296 111 37 mjölk
1419 296 55 31 för
1495 296 47 37 år,
1564 297 72 30 dels
1660 300 48 28 att
1729 297 54 31 för

277 348 171 29 täckande
474 357 42 21 av
542 348 66 30 den
634 349 108 29 större
767 348 158 37 kostnad,
955 348 90 30 detta
1070 348 315 37 producentbidrag
1414 348 156 30 kommer
1598 350 49 28 att
1677 349 104 35 draga

278 398 9 29 i
308 396 220 32 förhållande
547 397 50 31 till
617 398 58 30 det
694 408 47 20 nu
763 398 212 36 tillämpade,
996 401 45 27 ett
1061 398 108 36 högre
1185 398 71 36 pris
1276 398 46 37 på
1344 399 166 35 produkt-
1532 399 64 30 och
1618 399 163 30 konsum-

277 448 246 36 tionsmjölken
542 448 55 30 får
618 451 145 34 uttagas,
784 450 71 29 dels
875 450 65 29 ock
962 451 48 28 att
1030 450 196 30 statsmedel
1248 449 150 36 anvisas;

319 532 34 38 5)
380 532 45 30 II:
441 533 63 29 416
528 542 41 20 av
593 533 122 29 herrar
737 532 146 30 Lundell
907 534 66 29 och
1000 533 165 30 Eriksson
1191 535 9 29 i
1226 533 151 37 Frägsta,
1405 534 71 30 vari
1504 534 201 36 hemställts,
1733 537 48 27 att

278 583 185 36 riksdagen
483 584 10 29 i
515 583 163 31 skrivelse
700 584 49 30 till
771 584 123 36 Kungl.
917 583 101 37 Maj:t
1040 584 78 30 ville
1140 584 139 31 anhålla
1299 585 72 30 dels
1395 594 57 21 om
1472 584 184 37 utredning
1681 584 101 37 angå-

278 634 85 30 ende
385 634 41 30 de
446 634 259 37 prishöjningar
725 634 20 31 å
767 635 214 30 lantbrukets
1004 635 199 36 produkter,
1227 645 72 21 som
1320 636 122 30 kunna
1462 636 173 32 erfordras
1659 636 56 30 för
1736 639 47 27 att

277 684 122 37 bringa
421 685 166 36 löneläget
606 685 108 30 bland
734 686 258 30 lantarbetarna
1013 695 69 27 upp
1104 686 52 31 till
1179 686 229 36 likvärdighet
1427 687 78 30 med
1526 687 145 31 lönerna
1689 687 94 30 inom

278 736 155 29 närmast
458 735 197 37 jämförliga
683 736 91 36 fack,
801 739 89 28 samt
916 746 57 21 om
998 737 259 36 framläggande
1282 737 10 30 i
1320 738 170 30 samband
1516 738 78 30 med
1623 737 161 31 blivande

278 785 216 36 proposition
511 796 56 20 om
584 787 274 36 prisreglerande
876 787 160 37 åtgärder
1055 787 44 37 på
1118 787 221 37 jordbrukets
1359 788 142 31 område
1519 798 41 21 av
1579 788 130 38 förslag
1727 798 56 22 om

279 835 130 32 sådana
436 836 268 37 prishöjningar,
731 847 74 21 som
832 838 55 30 för
913 839 134 36 angivet
1074 838 164 31 ändamål
1263 839 161 31 befinnas
1451 839 232 37 erforderliga,
1713 840 70 30 dels

279 896 55 20 om
359 887 185 37 utredning
567 887 177 37 angående
768 888 42 31 de
831 889 137 38 belopp,
993 899 72 20 som
1089 890 120 30 kunna
1233 890 173 31 erfordras
1432 890 55 31 för
1510 900 42 20 en
1574 891 208 30 modernise-

278 936 75 38 ring
377 946 43 22 av
443 938 215 30 lantbrukets
682 939 334 36 byggnadsbestånd,
1042 939 10 30 i
1078 940 111 30 första
1214 941 93 30 hand
1331 942 78 29 dess
1434 942 348 36 bostadsbyggnader,

279 991 88 27 samt
385 997 58 21 om
459 988 263 37 framläggande
737 989 56 31 för
810 990 185 36 riksdagen
1012 1000 40 21 av
1072 990 139 38 förslag,
1229 992 9 29 i
1257 1001 90 22 ovan
1362 992 147 36 angiven
1525 993 163 30 blivande
1706 1002 76 27 pro-

277 1038 160 37 position,
455 1049 57 20 om
528 1038 107 32 sådan
651 1040 194 36 ytterligare
859 1041 218 37 prishöjning
1093 1041 21 31 å
1129 1042 215 30 lantbrukets
1361 1043 192 36 produkter
1567 1043 110 30 under
1693 1046 22 27 t.
1733 1053 50 20 ex.

278 1089 19 29 5
322 1088 38 31 år
385 1089 138 36 framåt,
548 1099 74 21 som
645 1091 148 30 behöves
817 1091 56 31 för
898 1095 50 26 att
970 1091 128 31 tillföra
1121 1093 352 36 lantbruksnäringen
1497 1095 42 29 de
1560 1093 224 37 erforderliga

278 1140 181 36 beloppen,
487 1141 110 30 vartill
622 1142 87 31 även
735 1143 96 29 torde
853 1143 135 29 behöva
1011 1143 123 36 knytas
1160 1143 129 38 förslag
1313 1154 57 20 om
1394 1143 313 38 kontrollåtgärder
1729 1146 54 35 äg-

278 1192 89 29 nade
393 1193 49 29 att
467 1193 170 30 övervaka
663 1195 50 27 att
737 1192 266 37 ifrågavarande
1025 1195 111 30 medel
1162 1195 10 30 i
1200 1195 184 30 huvudsak
1412 1196 140 30 komma
1579 1195 51 31 till
1656 1197 128 29 avsedd

278 1242 233 36 användning.

322 1342 127 31 Vidare
470 1343 64 31 har
552 1344 166 30 utskottet
738 1344 50 30 till
811 1344 210 37 behandling
1042 1345 155 31 förehaft
1219 1346 154 36 följande
1394 1348 11 29 i
1427 1347 185 37 anledning
1632 1358 42 22 av
1696 1347 88 37 före-

279 1393 152 31 varande
450 1395 214 35 proposition
687 1395 123 30 väckta
828 1395 181 38 motioner,
1030 1396 174 37 nämligen

322 1478 34 38 6)
380 1478 29 30 I:
424 1479 62 29 327
508 1488 40 21 av
570 1478 148 32 friherre
737 1479 207 38 Beck-Friis,
966 1481 71 30 vari
1058 1481 201 36 hemställts,
1280 1484 48 29 att
1350 1482 184 36 riksdagen
1554 1482 57 31 vid
1631 1483 152 30 behand-

279 1528 115 37 lingen
416 1538 43 21 av
480 1529 121 36 Kungl.
623 1529 119 36 Maj:ts
761 1531 216 36 proposition
996 1541 42 20 nr
1058 1532 64 30 253
1143 1531 106 31 måtte
1267 1533 135 31 besluta
1422 1536 48 27 att
1492 1534 70 30 dels
1580 1533 204 37 genomföra

279 1589 42 21 en
343 1580 168 37 reglering
530 1590 42 21 av
592 1581 108 36 priset
719 1581 45 37 på
783 1584 123 29 svensk
929 1583 48 29 ull
996 1582 10 30 i
1025 1583 231 37 huvudsaklig
1276 1585 343 30 överensstämmelse
1639 1586 80 29 med
1740 1588 45 27 ett

279 1640 42 20 av
346 1634 128 27 statens
498 1631 425 32 livsmedelskommission
947 1634 9 29 i
981 1634 162 30 skrivelse
1166 1644 42 21 av
1233 1634 66 31 den
1324 1635 39 30 16
1388 1634 152 31 februari
1568 1636 84 29 1944
1679 1635 104 31 fram-

279 1681 68 36 lagt
367 1681 140 37 förslag,
528 1683 70 30 dels
619 1683 66 30 ock
706 1683 56 30 för
782 1684 155 30 nämnda
957 1684 162 31 ändamål
1141 1685 57 30 för
1217 1685 202 36 budgetåret
1441 1683 139 33 1944/45
1602 1687 112 30 under
1735 1687 48 29 ni-

279 1733 89 30 onde
386 1733 219 31 huvudtiteln
625 1734 120 31 anvisa
766 1737 45 28 ett
831 1734 267 39 förslagsanslag
1121 1745 42 21 av
1188 1736 62 30 100
1261 1737 64 30 000
1345 1737 142 36 kronor;

323 1817 34 38 7)
386 1816 108 31 1:330
520 1827 42 22 av
590 1819 81 30 herr
697 1818 267 32 Mannerskantz
991 1829 44 22 m.
1063 1820 36 38 fl.
1127 1820 223 37 likalydande
1376 1823 81 29 med
1486 1821 44 31 II:
1546 1823 62 29 526
1636 1832 44 21 av
1706 1822 79 30 herr

282 1867 180 31 Anderson
480 1868 13 30 i
512 1868 149 37 Mejstad
682 1879 44 22 m.
749 1870 48 37 fl.,
819 1870 73 30 vari
912 1871 200 35 hemställts,
1135 1875 49 26 att
1204 1871 185 37 riksdagen
1411 1871 104 31 måtte
1534 1872 144 37 besluta,
1705 1875 48 27 att
1774 1872 10 29 i

279 1918 217 32 motionerna
525 1919 128 37 intaget
682 1920 128 38 förslag
838 1921 52 31 till
918 1922 163 36 prisorter
1111 1921 106 32 måtte
1245 1933 42 21 av
1315 1923 469 30 livsmedelskommissionen

279 1968 202 38 fastställas;

322 2054 35 39 8)
385 2055 28 30 I:
429 2055 61 30 331
518 2065 42 21 av
583 2056 80 30 herr
689 2055 148 33 Lennart
860 2056 197 32 Johansson
1081 2058 66 30 och
1171 2058 80 30 herr
1275 2058 162 37 Hagman
1459 2058 223 37 likalydande
1707 2059 77 30 med

284 2105 43 30 II:
343 2106 64 30 529
432 2116 43 20 av
496 2107 78 29 herr
598 2106 231 37 Sveningsson
852 2117 45 21 m.
922 2107 49 39 fl.,
993 2108 73 30 vari
1090 2108 202 36 hemställts,
1319 2112 49 26 att
1391 2108 184 37 riksdagen
1599 2108 107 31 måtte
1728 2108 55 31 be-

278 2156 99 37 sluta,

325 2206 73 33 dels
418 2212 49 27 att
485 2208 10 30 i
515 2207 163 32 skrivelse
698 2208 50 31 till
767 2209 122 37 Kungl.
910 2208 102 38 Maj:t
1029 2210 182 30 hemställa
1230 2220 56 20 om
1304 2210 172 31 lättnader
1493 2210 221 31 beträffande
1732 2210 50 31 rå-

283 2257 113 30 dånde
418 2258 344 32 trafikrestriktioner
783 2260 64 30 när
868 2260 57 30 det
949 2260 103 36 gäller
1073 2260 410 37 livsmedelstransporter
1504 2270 42 21 av
1567 2261 11 30 i
1600 2260 183 31 motioner-

282 2317 46 21 na
346 2307 119 31 anfört
485 2309 81 36 slag,

325 2356 72 32 dels
422 2359 65 30 ock
510 2362 48 27 att
581 2360 110 37 skälig
715 2361 267 36 kompensation
1006 2361 87 31 skall
1116 2361 83 37 utgå
1223 2361 50 31 till
1297 2362 41 30 de
1364 2362 239 37 jordbrukare,
1631 2370 75 22 som
1731 2369 52 28 ge-

281 2414 82 26 hom
390 2409 135 37 statliga
551 2410 229 37 ingripanden
808 2411 65 32 fått
898 2411 164 37 förhöjda
1088 2413 364 36 transportkostnader
1479 2412 56 31 vid
1560 2412 156 31 leverans
1743 2421 41 21 av

281 2460 111 36 mjölk
413 2461 51 30 till
484 2460 132 37 mejeri;
844 2467 2 2 |
