1852 2776
343 159 407 39 Bevillningsutskottets
779 157 218 30 betänkande
1024 166 42 19 nr
1089 157 44 30 58
1158 156 40 29 år
1227 156 82 28 1959
1564 153 17 30 7

78 246 134 31 vändas
232 246 124 30 endast
376 247 48 29 ett
444 245 85 30 fåtal
550 244 48 36 år,
619 244 55 30 får
693 241 378 42 byggnadskostnaden
1090 241 11 29 i
1123 240 53 31 sin
1198 240 117 30 helhet
1335 239 167 39 avdragas
1523 237 57 30 det

81 298 48 34 år,
153 297 45 30 då
220 296 152 40 utgiften
394 297 57 38 ägt
473 304 89 21 rum.

124 348 13 28 I
157 347 41 29 de
218 346 230 29 förevarande
468 345 220 29 motionerna
708 343 202 30 hemställes
932 352 56 20 om
1011 342 187 38 utredning
1218 343 10 29 i
1249 341 89 38 syfte
1359 342 49 26 att
1429 348 150 29 anpassa

79 395 407 40 beskattningsreglerna
507 394 12 29 i
543 394 97 39 fråga
665 402 57 21 om
745 391 463 39 värdeminskningsavdrag
1231 390 19 30 å
1273 389 207 40 byggnader,
1506 397 74 20 som

79 446 102 40 ingår
196 446 11 29 i
225 445 139 35 rörelse,
383 445 38 30 så
438 446 50 28 att
506 445 109 31 större
634 443 128 40 avdrag
780 443 55 30 får
853 443 100 39 göras
972 442 110 29 under
1100 441 41 30 de
1158 440 111 31 första
1286 440 83 29 åren
1387 439 88 30 efter
1494 447 86 31 upp-

81 496 172 30 förandet.
277 496 67 29 Till
369 495 77 30 stöd
470 495 55 30 för
546 494 174 41 yrkandet
743 494 168 38 åberopas
936 495 49 27 att
1008 492 107 40 enligt
1139 492 41 29 de
1204 491 135 30 danska
1362 490 64 30 och
1450 489 129 30 norska

77 546 160 40 reglerna
256 555 57 20 om
333 545 227 39 avskrivning
577 545 20 29 å
613 544 200 40 byggnader
832 544 110 30 större
960 541 460 39 värdeminskningsavdrag
1439 540 140 39 medges

79 596 113 29 under
210 605 44 20 en
270 595 180 39 byggnads
469 595 110 29 första
598 594 49 30 år.
666 595 13 28 I
698 602 43 21 en
759 593 61 35 tid,
839 593 45 30 då
902 593 110 29 ökade
1031 593 86 28 krav
1135 592 71 28 kan
1223 592 123 28 väntas
1364 590 216 39 uppkomma

79 646 46 39 på
153 645 58 30 det
241 645 151 30 svenska
421 644 246 39 näringslivets
697 642 387 39 konkurrensförmåga
1113 643 174 38 gentemot
1318 640 168 33 utlandet,
1517 639 62 29 bör

78 695 122 31 därför
218 704 43 21 en
278 694 168 30 liknande
466 694 215 42 anpassning
701 703 43 21 av
763 693 85 30 våra
865 692 356 39 beskattningsregler
1239 691 234 30 eftersträvas.

123 746 65 29 Det
216 746 38 29 är
280 745 107 39 enligt
415 745 189 30 utskottets
631 744 142 39 mening
800 743 136 40 viktigt,
964 744 50 28 att
1040 742 402 39 beskattningsreglerna
1470 739 110 30 utfor-

77 804 77 21 mas
170 796 44 39 på
231 797 49 28 ett
298 795 126 30 sådant
441 796 78 34 sätt,
538 797 50 27 att
605 794 41 30 de
663 794 151 38 främjar
829 792 481 40 produktionsutvecklingen
1326 792 63 29 och
1407 791 173 29 underlät-

76 847 54 28 tar
146 845 266 37 möjligheterna
428 845 53 29 till
500 854 42 20 en
561 854 41 19 ur
619 844 94 29 olika
731 844 214 36 synpunkter
963 843 174 29 önskvärd
1155 842 259 36 konsolidering
1431 850 40 20 av
1491 840 89 30 före-

77 896 111 36 tagen.

123 947 13 29 I
160 946 222 31 motionerna
404 946 205 31 framhålles
633 945 296 41 angelägenheten
953 955 42 20 av
1019 947 50 28 att
1094 943 404 41 avskrivningsreglerna
1521 942 57 31 för

78 996 162 40 byggnad
263 995 11 30 i
299 995 129 30 rörelse
452 995 11 30 i
487 995 137 40 princip
650 994 175 30 utformas
852 994 45 39 på
922 1002 135 21 samma
1081 994 68 30 sätt
1175 1002 74 21 som
1273 992 11 29 i
1309 992 179 29 Danmark
1513 991 65 30 och

76 1046 123 39 Norge.
221 1046 51 29 Av
292 1046 67 29 den
380 1046 10 29 i
411 1045 66 30 den
498 1054 89 21 ovan
608 1045 163 29 lämnade
791 1044 244 39 redogörelsen
1054 1043 144 39 intagna
1219 1042 118 30 tablån
1358 1043 80 28 över
1458 1042 121 29 värde-

76 1095 357 39 minskningsavdrag
449 1095 20 29 å
484 1094 356 40 industribyggnader
855 1094 11 28 i
882 1093 100 30 dessa
998 1093 121 29 länder
1136 1092 165 39 framgår,
1317 1094 49 27 att
1383 1091 41 30 de
1443 1091 136 29 danska

77 1144 312 31 bestämmelserna
411 1144 140 40 medger
573 1144 65 29 full
659 1143 227 40 avskrivning
909 1143 111 29 under
1039 1143 118 39 loppet
1180 1151 41 21 av
1243 1141 41 30 24
1306 1141 37 31 år
1364 1141 64 30 och
1451 1143 49 28 att
1522 1151 57 19 av-

76 1194 150 40 dragens
247 1194 155 31 samlade
421 1194 125 41 belopp
567 1195 38 29 är
625 1194 114 30 starkt
759 1193 203 40 förskjutna
985 1193 51 29 till
1057 1193 224 39 byggnadens
1301 1192 110 30 första
1431 1191 76 40 fyra
1528 1191 48 35 år,

76 1245 45 30 då
146 1245 87 39 årlig
258 1244 227 40 avskrivning
511 1244 55 30 får
592 1244 60 30 ske
677 1244 79 29 med
785 1243 72 35 12,5
883 1245 143 38 procent
1052 1252 42 20 av
1120 1242 380 40 anskaffningsvärdet.
1527 1243 50 28 De

76 1295 131 29 norska
228 1295 158 39 reglerna
407 1294 130 30 tillåter
557 1293 227 40 avskrivning
805 1294 89 29 efter
917 1293 73 34 3,75
1011 1295 144 37 procent
1177 1293 110 29 under
1308 1293 41 29 de
1371 1292 110 29 första
1506 1292 71 29 fem

75 1343 84 30 åren
180 1353 82 20 men
283 1344 140 39 medger
445 1344 179 29 dessutom
647 1343 175 30 särskilda
841 1343 384 39 initialavskrivningar
1246 1343 57 29 vid
1325 1342 252 39 investeringar

76 1395 82 29 över
176 1394 73 30 viss
269 1394 142 30 storlek.
431 1395 66 29 Det
517 1394 71 30 kan
607 1394 120 30 vidare
748 1394 159 34 nämnas,
929 1395 50 28 att
998 1393 12 29 i
1033 1393 149 30 Finland
1203 1392 225 40 avskrivning
1448 1392 129 30 tillåtes

77 1445 20 30 å
117 1445 338 40 fabriksbyggnader
476 1456 42 20 av
538 1447 54 29 trä
612 1447 79 29 med
713 1446 18 29 5
753 1449 144 37 procent
917 1446 64 30 och
1002 1446 20 30 å
1042 1446 200 40 byggnader
1263 1455 40 21 av
1325 1447 74 29 sten
1421 1445 79 30 med
1521 1444 53 35 2,5

76 1497 144 36 procent
243 1504 43 22 av
307 1494 383 40 anskaffningsvärdet.
713 1494 321 40 Fabriksbyggnad,
1061 1504 74 20 som
1159 1494 103 39 tagits
1285 1494 11 29 i
1318 1494 89 29 bruk
1431 1494 37 30 år
1494 1493 83 30 1958

77 1544 83 29 eller
182 1544 165 34 därefter,
371 1544 54 30 får
448 1545 88 29 dock
560 1545 181 29 avskrivas
764 1545 79 28 med
867 1545 233 38 sammanlagt
1124 1544 40 29 30
1188 1547 142 36 procent
1354 1553 41 20 av
1418 1543 159 30 anskaff-

77 1594 225 39 ningsvärdet
322 1594 113 29 under
453 1594 41 29 de
514 1594 112 29 första
646 1594 79 39 fyra
743 1594 93 30 åren.

120 1643 65 30 Det
205 1643 188 39 planerade
415 1643 230 31 ekonomiska
666 1643 210 31 samarbetet
903 1644 5 29 i
929 1645 139 38 Europa
1089 1644 159 30 kommer
1268 1643 238 39 otvivelaktigt
1527 1645 50 28 att

76 1693 110 31 kräva
207 1694 92 31 ökad
323 1695 385 40 konkurrensförmåga
732 1705 42 21 av
796 1696 42 30 de
863 1696 146 30 svenska
1034 1696 190 39 företagen.
1248 1696 65 30 Det
1336 1697 37 28 är
1396 1698 72 28 mot
1491 1695 83 30 bak-

77 1743 160 40 grunden
268 1744 109 29 härav
408 1745 189 39 angeläget,
630 1746 50 28 att
712 1744 405 40 beskattningsreglerna
1147 1744 11 29 i
1190 1745 128 29 största
1348 1744 144 39 möjliga
1524 1746 53 27 ut-

77 1793 205 40 sträckning
302 1794 174 30 utformas
498 1794 38 30 så
557 1796 51 28 att
629 1794 42 30 de
692 1794 137 30 stärker
848 1794 62 30 vår
929 1794 331 30 konkurrenskraft.

120 1843 13 29 I
157 1843 171 29 samband
349 1844 79 29 med
452 1843 82 30 1955
556 1844 56 30 års
634 1844 190 39 ändringar
845 1853 42 20 av
908 1843 556 40 företagsbeskattningsreglerna
1485 1844 92 39 gjor-

76 1892 61 31 des
155 1902 43 21 en
218 1893 257 40 omredigering
496 1903 41 21 av
557 1894 349 40 författningstexten
925 1894 148 30 rörande
1095 1894 224 40 avskrivning
1340 1894 19 30 å
1378 1894 199 40 byggnader

76 1945 13 30 i
113 1944 131 30 rörelse
267 1944 12 29 i
305 1944 91 40 syfte
422 1946 50 28 att
497 1945 170 39 tydligare
693 1945 164 30 markera
882 1945 67 30 den
975 1945 84 34 vikt,
1086 1954 75 21 som
1187 1945 56 29 vid
1271 1945 236 39 avvägningen
1535 1954 40 20 av

75 1993 455 40 avskrivningsprocentens
553 1995 129 29 storlek
705 1995 63 29 bör
789 1995 110 30 fästas
921 1995 57 29 vid
1001 1995 224 39 byggnadens
1247 1995 229 30 ekonomiska
1496 1995 81 30 livs-

76 2042 115 40 längd.
210 2044 68 29 Det
297 2044 99 29 torde
415 2053 82 21 vara
519 2044 81 29 fullt
620 2044 140 40 befogat
780 2046 50 27 att
851 2047 135 36 antaga,
1008 2047 50 27 att
1079 2054 42 20 en
1141 2045 178 39 byggnads
1339 2045 104 29 värde
1465 2045 112 29 under

76 2092 42 29 de
141 2092 112 30 första
275 2093 83 29 åren
382 2093 88 30 efter
492 2093 237 40 uppförandet
753 2094 146 39 sjunker
923 2095 158 29 avsevärt
1105 2094 169 31 snabbare
1299 2095 43 28 än
1368 2104 130 20 senare.
1523 2096 52 28 En

75 2141 112 31 lineär
209 2143 366 40 avskrivningsmetod
598 2144 81 29 med
702 2144 152 39 enhetlig
880 2144 86 41 årlig
991 2144 387 40 avskrivningsprocent
1404 2144 173 40 återspeg-

75 2191 52 31 lar
144 2193 193 30 emellertid
353 2193 72 30 inte
441 2194 114 30 denna
571 2194 158 30 faktiska
744 2194 204 40 minskning
965 2195 10 29 i
991 2195 224 39 byggnadens
1230 2195 115 30 värde.
1362 2196 64 29 Det
1443 2196 37 29 är
1499 2195 77 30 där-

75 2242 55 46 för
147 2252 42 20 av
205 2243 386 40 företagsekonomiska
609 2245 75 29 skäl
701 2245 195 34 motiverat,
914 2248 49 27 att
981 2245 403 40 avskrivningsreglerna
1402 2246 53 29 för
1473 2246 103 39 bygg-

75 2295 70 29 nad
164 2294 174 30 utformas
357 2295 45 38 på
422 2295 166 29 liknande
610 2295 67 29 sätt
698 2304 75 20 som
793 2295 11 29 i
822 2295 85 29 våra
925 2295 167 29 nordiska
1112 2296 244 38 grannländer,
1377 2296 62 29 där
1459 2296 116 30 såsom

75 2353 90 21 ovan
184 2345 143 30 nämnts
347 2355 42 20 en
411 2346 110 30 större
541 2346 346 40 initialavskrivning
906 2346 128 31 tillåtes
1055 2348 111 29 under
1187 2348 41 30 de
1250 2347 110 30 första
1380 2347 82 30 åren
1484 2347 89 31 efter

74 2393 225 41 byggnadens
318 2394 232 40 uppförande.
568 2395 124 30 Denna
711 2395 137 39 princip
869 2395 38 29 är
926 2395 55 29 för
1000 2395 111 40 övrigt
1130 2395 107 30 redan
1257 2396 203 39 accepterad
1479 2396 96 30 inom

75 2443 67 32 den
168 2445 149 30 svenska
343 2446 359 40 beskattningsrätten
728 2448 56 29 vid
810 2447 312 40 räkenskapsenlig
1149 2448 224 40 avskrivning
1399 2449 19 30 å
1444 2449 130 30 maski-
