1888 2772
250 157 40 30 22
530 160 404 41 Bevillningsutskottets
956 165 218 32 betänkande
1196 177 43 20 nr
1260 169 39 29 41
1322 169 40 30 år
1385 170 84 30 1963

252 240 187 39 Börjesson
464 242 12 29 i
501 242 195 42 Falköping
720 255 45 20 m.
791 246 50 40 fl.,
866 248 74 29 vari
966 249 207 36 hemställts,
1202 253 72 29 »att
1300 252 187 41 riksdagen
1514 255 57 30 vid
1598 256 153 31 behand-

251 290 117 39 lingen
392 301 42 20 av
458 294 262 38 propositionen
745 305 43 20 nr
814 296 40 30 82
880 297 11 29 i
917 298 166 32 skrivelse
1108 300 52 30 till
1187 301 126 41 Kungl.
1342 304 105 39 Maj:t
1474 305 107 30 måtte
1608 307 142 30 anhålla

250 348 58 21 om
330 341 191 39 skyndsam
542 345 171 39 prövning
735 346 65 30 och
824 346 129 41 förslag
977 349 177 39 angående
1177 352 132 30 allmän
1333 354 225 41 registrering
1581 366 43 20 av
1647 358 103 38 sprit-

251 389 152 40 inköpen
419 400 124 31 genom
560 393 208 41 inköpskort
784 397 12 29 i
813 398 151 39 enlighet
980 400 79 29 med
1076 401 64 29 vad
1159 410 75 21 som
1251 403 136 30 anförts
1405 404 9 29 i
1431 401 257 49 motionerna»;

295 440 36 34 9)
356 441 41 30 de
416 442 224 41 likalydande
660 446 221 31 motionerna
901 449 29 30 I:
946 449 64 30 669
1030 459 42 21 av
1090 451 81 30 herr
1190 452 87 30 Erik
1295 453 174 42 Svedberg
1487 464 47 21 m.
1555 456 38 40 fl.
1614 457 66 31 och
1699 457 47 31 11:

250 490 63 30 817
332 500 42 21 av
389 492 80 30 herr
486 494 171 39 Engkvist
673 505 46 21 m.
737 496 50 39 fl.,
804 499 75 30 vari
896 499 208 36 hemställts,
1121 503 51 29 att
1189 502 187 41 riksdagen
1395 505 109 30 måtte
1520 506 59 30 vid
1596 507 153 31 behand-

251 540 117 41 lingen
394 552 42 20 av
461 545 217 38 proposition
705 556 43 20 nr
776 547 41 30 82
845 548 115 31 införa
987 550 243 33 bestämmelse
1257 562 57 21 om
1342 557 50 27 att
1420 556 132 30 allmän
1579 554 169 48 legitima-

247 591 248 32 tionskontroll
517 594 132 31 införes
671 596 58 30 vid
752 598 256 42 utminutering
1030 610 42 20 av
1093 603 212 39 rusdrycker
1327 605 65 29 och
1415 608 51 27 att
1487 607 259 31 vederbörande

246 641 136 31 utskott
401 644 108 30 måtte
530 646 158 30 utarbeta
708 647 123 31 härför
850 650 199 41 nödvändig
1068 652 143 39 lagtext;

294 692 55 35 10)
374 693 41 30 de
434 694 224 40 likalydande
678 697 221 32 motionerna
918 700 30 30 1:
964 700 63 30 670
1048 711 43 21 av
1108 703 81 30 herr
1208 704 134 31 Rikard
1360 705 174 31 Svensson
1554 716 46 21 m.
1620 708 38 39 fl.
1679 709 66 30 och

249 740 45 29 11:
310 741 63 31 818
395 751 42 22 av
457 743 82 31 herr
559 745 171 40 Engkvist
751 757 45 21 m.
819 748 49 40 fl.,
890 750 74 29 vari
988 751 205 37 hemställts,
1217 755 51 29 att
1290 755 58 30 vid
1369 755 214 42 behandling
1606 767 42 21 av
1669 768 78 30 pro-

245 792 152 38 position
421 803 42 20 nr
486 795 42 29 82
552 795 166 42 förslaget
741 807 57 21 om
825 800 267 42 självservering
1115 812 43 21 av
1181 805 239 40 spritdrycker
1444 807 136 31 avvisas
1604 809 65 30 och
1694 812 49 28 att

245 841 257 33 vederbörande
522 846 134 30 utskott
673 848 110 30 måtte
802 850 158 30 utarbeta
978 852 122 30 härför
1117 854 200 41 nödvändig
1335 856 143 40 lagtext;

292 892 56 35 11)
375 894 178 31 motionen
577 896 28 30 1:
622 897 63 30 663
709 907 43 21 av
772 899 123 31 herrar
916 901 141 41 Kaijser
1080 904 64 29 och
1165 904 247 42 Sveningsson,
1436 908 75 30 vari
1534 908 208 36 hemställts,

246 942 51 29 att
319 941 185 41 riksdagen
527 945 58 30 vid
606 946 257 42 behandlingen
886 959 41 21 av
949 952 216 39 proposition
1189 964 43 20 nr
1254 955 41 31 82
1318 957 11 28 i
1353 956 166 33 skrivelse
1544 959 50 30 till
1619 955 125 49 Kungl.

244 992 105 39 Maj:t
369 993 78 31 ville
468 994 126 41 begära
615 999 49 28 att
686 1007 42 21 en
751 999 364 34 försöksverksamhet
1136 1005 80 30 med
1237 1006 131 30 allmän
1388 1004 354 51 inköpsregistrering

243 1041 110 31 måtte
372 1042 229 42 igångsättas;

290 1092 56 35 12)
370 1095 179 30 motionen
569 1097 45 30 II:
630 1097 63 31 822
714 1108 43 21 av
778 1100 57 30 fru
854 1101 133 40 Sjövall
1006 1104 65 29 och
1091 1105 81 29 herr
1191 1106 225 40 Martinsson,
1438 1109 74 29 vari
1532 1110 209 35 hemställts,

244 1144 72 28 >att
336 1143 187 41 riksdagen
542 1147 58 30 vid
620 1148 213 42 behandling
853 1161 42 20 av
915 1153 126 40 Kungl.
1063 1155 123 40 Maj:ts
1207 1158 217 38 proposition
1445 1169 43 20 nr
1509 1160 41 30 82
1572 1161 79 29 med
1672 1161 70 30 för-

242 1193 75 39 slag
340 1194 51 30 till
416 1194 205 43 förordning
644 1208 56 20 om
725 1200 150 41 ändring
897 1202 11 29 i
932 1204 677 46 rusdrycksförsäljningsförordningen
1632 1212 108 29 måtte

241 1244 122 34 uttala,
384 1247 49 28 att
453 1255 57 20 om
532 1256 42 21 en
595 1249 189 31 alkoholist
805 1252 60 39 gör
886 1252 51 40 sig
957 1254 138 40 skyldig
1114 1255 52 30 till
1187 1257 217 40 langarbrott
1424 1259 44 39 på
1489 1261 113 39 grund
1623 1271 42 20 av
1685 1262 54 30 sin

240 1293 210 32 alkoholism
474 1297 90 30 hans
588 1299 211 31 alkoholism
823 1302 108 30 måtte
956 1305 124 39 utgöra
1103 1308 48 28 ett
1176 1306 126 31 sådant
1327 1309 142 31 särskilt
1494 1310 76 31 skäl
1595 1314 50 28 att
1668 1313 71 29 han

239 1343 72 30 kan
327 1345 218 32 överlämnas
561 1348 52 30 till
630 1350 338 39 nykterhetsvården
984 1355 107 40 enligt
1106 1356 260 33 brottsbalkens
1382 1359 263 33 bestämmelser
1660 1363 80 30 här-

240 1393 125 41 vidlag,
385 1396 119 31 oaktat
525 1406 57 21 om
603 1399 56 30 det
681 1399 55 31 för
756 1401 128 31 brottet
903 1403 40 29 är
964 1405 136 39 stadgat
1120 1415 75 21 mer
1215 1408 46 29 än
1282 1418 59 20 sex
1361 1409 186 32 månaders
1570 1411 169 41 fängelse-

239 1444 142 37 straff>;

287 1494 55 32 13)
372 1496 177 31 motionen
570 1498 44 29 II:
631 1499 63 31 823
714 1510 42 21 av
776 1501 58 30 fru
853 1503 132 39 Sjövall
1003 1514 46 21 m.
1069 1506 48 39 fl.,
1138 1508 72 29 vari
1231 1508 207 37 hemställts,
1461 1514 71 27 »att
1552 1512 187 41 riksdagen

238 1545 80 29 med
334 1547 188 41 anledning
537 1558 42 20 av
595 1550 125 40 Kungl.
738 1552 125 40 Maj:ts
878 1556 217 38 proposition
1111 1567 43 19 nr
1170 1557 40 30 82
1227 1559 109 31 måtte
1352 1560 136 31 besluta

285 1595 34 33 1)
340 1598 49 28 att
404 1600 128 38 antaga
546 1599 57 31 det
618 1601 57 29 vid
689 1603 264 39 propositionen
969 1605 123 40 fogade
1108 1607 166 41 förslaget
1289 1610 52 30 till
1358 1610 206 43 förordning
1580 1623 56 20 om
1652 1615 85 29 änd-

236 1645 79 40 ring
338 1646 11 29 i
372 1648 677 47 rusdrycksförsäljningsförordningen
1073 1659 96 28 utom
1195 1658 105 32 såvitt
1324 1669 99 22 avser
1446 1662 135 31 ändrad
1606 1665 130 39 lydelse

236 1704 43 21 av
299 1696 50 34 18,
368 1697 40 31 63
427 1699 65 29 och
511 1699 41 30 66
573 1700 37 37 $$
631 1702 108 39 sagda
757 1702 216 42 förordning,

280 1746 37 34 2)
339 1749 50 28 att
405 1748 11 29 i
432 1748 167 32 skrivelse
616 1752 52 29 till
685 1753 126 39 Kungl.
830 1754 105 40 Maj:t
952 1756 141 31 anhålla
1109 1767 56 20 om
1184 1760 188 41 utredning
1388 1771 56 20 om
1462 1763 95 31 vilka
1573 1764 162 40 åtgärder

235 1805 75 20 som
330 1797 176 32 erfordras
525 1800 56 30 för
599 1803 50 28 att
667 1801 179 32 förstärka
865 1805 256 38 polisväsendet
1140 1808 54 30 för
1213 1809 241 42 bekämpande
1473 1822 43 20 av
1534 1814 200 41 langnings-

235 1845 126 32 brott>.

278 1947 67 30 Till
363 1948 212 43 behandling
592 1952 11 30 i
621 1952 94 31 detta
734 1956 256 41 sammanhang
1007 1958 64 30 har
1091 1960 168 31 utskottet
1275 1962 131 39 jämväl
1426 1965 160 39 upptagit
1605 1966 128 40 följan-

232 1997 42 29 de
303 1998 80 30 vid
410 2000 304 42 riksdagens
744 2005 181 40 början
955 2008 190 36 väckta,
1175 2011 52 29 till
1247 2011 379 41 bevillningsutskottet
1647 2017 85 29 hän-

232 2047 119 31 visade
384 2051 258 36 motioner,
666 2055 177 40 nämligen

279 2099 34 33 1)
336 2099 40 30 de
394 2100 224 41 likalydande
635 2105 221 31 motionerna
874 2108 27 29 I:
919 2108 39 30 30
978 2118 42 20 av
1035 2110 81 29 herr
1132 2111 85 29 Erik
1233 2112 174 42 Svedberg
1423 2124 46 20 m.
1487 2115 39 40 fl.
1544 2117 65 29 och
1628 2118 44 29 II:
1690 2118 40 30 35

230 2156 44 21 av
296 2149 81 30 herr
399 2151 171 39 Engkvist
592 2163 46 20 m.
662 2154 49 40 fl.,
736 2156 74 30 vari
834 2157 209 36 hemställts,
1069 2163 69 27 »att
1163 2161 266 41 åldersgränsen
1454 2165 55 30 för
1534 2167 197 31 alkoholut-

231 2198 200 42 skänkning
448 2202 19 29 å
484 2205 208 40 restaurang
708 2206 101 40 höjes
826 2208 53 29 till
897 2208 37 30 21
956 2209 75 35 år»;

274 2249 37 34 2)
336 2250 40 30 de
396 2251 223 41 likalydande
638 2256 220 31 motionerna
879 2258 28 30 I:
924 2259 40 30 52
985 2269 42 20 av
1047 2260 123 31 fröken
1189 2263 205 31 Nordström
1415 2275 46 20 m.
1481 2266 39 39 fl.
1541 2268 65 30 och
1626 2268 45 30 II:
1688 2269 40 30 60

228 2307 44 21 av
285 2300 82 30 herr
384 2302 170 31 Wiklund
566 2313 46 21 m.
628 2305 49 39 fl.,
693 2307 74 29 vari
783 2308 208 36 hemställts,
1007 2312 51 28 att
1073 2311 187 41 riksdagen
1276 2315 107 30 måtte
1399 2316 63 30 hos
1478 2317 127 40 Kungl.
1622 2319 106 40 Maj:t

228 2349 143 31 anhålla
394 2361 56 21 om
476 2354 191 39 skyndsam
692 2357 189 41 utredning
903 2360 65 29 och
992 2360 131 41 förslag
1146 2363 149 31 rörande
1320 2365 136 40 påföljd
1482 2367 54 30 för
1560 2368 67 30 den
1652 2379 75 20 som

229 2399 112 30 under
365 2402 11 28 i
401 2403 220 31 motionerna
645 2406 151 40 angivna
822 2407 244 33 förhållanden
1091 2411 125 40 bjuder
1241 2414 235 42 minderåriga
1501 2418 45 39 på
1572 2419 156 31 alkohol-

227 2449 163 40 drycker;
