<?xml version="1.0" encoding="UTF-8"?>
<alto xmlns="http://www.loc.gov/standards/alto/ns-v3#" xmlns:xlink="http://www.w3.org/1999/xlink" xmlns:xsi="http://www.w3.org/2001/XMLSchema-instance" xsi:schemaLocation="http://www.loc.gov/standards/alto/ns-v3# http://www.loc.gov/alto/v3/alto-3-0.xsd">
	<Description>
		<MeasurementUnit>pixel</MeasurementUnit>
		<sourceImageInformation>
			<fileName>/tmp/tess_m7rce1v__input.PNG</fileName>
		</sourceImageInformation>
		<OCRProcessing ID="OCR_0">
			<ocrProcessingStep>
				<processingSoftware>
					<softwareName>tesseract 5.3.0</softwareName>
				</processingSoftware>
			</ocrProcessingStep>
		</OCRProcessing>
	</Description>
	<Layout>
		<Page WIDTH="1888" HEIGHT="2774" PHYSICAL_IMG_NR="0" ID="page_0">
			<PrintSpace HPOS="0" VPOS="0" WIDTH="1888" HEIGHT="2774">
				<ComposedBlock ID="cblock_0" HPOS="274" VPOS="141" WIDTH="37" HEIGHT="30">
					<TextBlock ID="block_0" HPOS="274" VPOS="141" WIDTH="37" HEIGHT="30">
						<TextLine ID="line_0" HPOS="274" VPOS="141" WIDTH="37" HEIGHT="30">
							<String ID="string_0" HPOS="274" VPOS="141" WIDTH="37" HEIGHT="30" WC="0.95" CONTENT="12"/>
						</TextLine>
					</TextBlock>
				</ComposedBlock>
				<ComposedBlock ID="cblock_1" HPOS="451" VPOS="223" WIDTH="399" HEIGHT="41">
					<TextBlock ID="block_1" HPOS="451" VPOS="223" WIDTH="399" HEIGHT="41">
						<TextLine ID="line_1" HPOS="451" VPOS="223" WIDTH="399" HEIGHT="41">
							<String ID="string_1" HPOS="451" VPOS="223" WIDTH="227" HEIGHT="34" WC="0.96" CONTENT="(Nuvarande"/><SP WIDTH="25" VPOS="223" HPOS="678"/>
							<String ID="string_2" HPOS="703" VPOS="225" WIDTH="147" HEIGHT="39" WC="0.96" CONTENT="lydelse)"/>
						</TextLine>
					</TextBlock>
				</ComposedBlock>
				<ComposedBlock ID="cblock_2" HPOS="268" VPOS="290" WIDTH="734" HEIGHT="697">
					<TextBlock ID="block_2" HPOS="269" VPOS="290" WIDTH="733" HEIGHT="294">
						<TextLine ID="line_2" HPOS="271" VPOS="290" WIDTH="731" HEIGHT="41">
							<String ID="string_3" HPOS="271" VPOS="291" WIDTH="59" HEIGHT="29" WC="0.96" CONTENT="det"/><SP WIDTH="14" VPOS="291" HPOS="330"/>
							<String ID="string_4" HPOS="344" VPOS="290" WIDTH="181" HEIGHT="40" WC="0.95" CONTENT="förbjudet"/><SP WIDTH="15" VPOS="290" HPOS="525"/>
							<String ID="string_5" HPOS="540" VPOS="293" WIDTH="52" HEIGHT="28" WC="0.96" CONTENT="att"/><SP WIDTH="14" VPOS="293" HPOS="592"/>
							<String ID="string_6" HPOS="606" VPOS="291" WIDTH="133" HEIGHT="40" WC="0.96" CONTENT="förtära"/><SP WIDTH="18" VPOS="291" HPOS="739"/>
							<String ID="string_7" HPOS="757" VPOS="293" WIDTH="82" HEIGHT="30" WC="0.96" CONTENT="eller"/><SP WIDTH="17" VPOS="293" HPOS="839"/>
							<String ID="string_8" HPOS="856" VPOS="293" WIDTH="68" HEIGHT="31" WC="0.92" CONTENT="låta"/><SP WIDTH="16" VPOS="293" HPOS="924"/>
							<String ID="string_9" HPOS="940" VPOS="294" WIDTH="62" HEIGHT="30" WC="0.91" CONTENT="nå-"/>
						</TextLine>
						<TextLine ID="line_3" HPOS="272" VPOS="332" WIDTH="730" HEIGHT="42">
							<String ID="string_10" HPOS="272" VPOS="342" WIDTH="68" HEIGHT="30" WC="0.96" CONTENT="gon"/><SP WIDTH="27" VPOS="342" HPOS="340"/>
							<String ID="string_11" HPOS="367" VPOS="332" WIDTH="133" HEIGHT="40" WC="0.93" CONTENT="förtära"/><SP WIDTH="30" VPOS="332" HPOS="500"/>
							<String ID="string_12" HPOS="530" VPOS="334" WIDTH="211" HEIGHT="40" WC="0.91" CONTENT="rusdrycker"/><SP WIDTH="28" VPOS="334" HPOS="741"/>
							<String ID="string_13" HPOS="769" VPOS="335" WIDTH="82" HEIGHT="30" WC="0.93" CONTENT="eller"/><SP WIDTH="29" VPOS="335" HPOS="851"/>
							<String ID="string_14" HPOS="880" VPOS="336" WIDTH="122" HEIGHT="30" WC="0.91" CONTENT="ersätt-"/>
						</TextLine>
						<TextLine ID="line_4" HPOS="273" VPOS="375" WIDTH="729" HEIGHT="41">
							<String ID="string_15" HPOS="273" VPOS="375" WIDTH="215" HEIGHT="39" WC="0.91" CONTENT="ningsmedel"/><SP WIDTH="19" VPOS="375" HPOS="488"/>
							<String ID="string_16" HPOS="507" VPOS="376" WIDTH="130" HEIGHT="39" WC="0.96" CONTENT="därför."/><SP WIDTH="21" VPOS="376" HPOS="637"/>
							<String ID="string_17" HPOS="658" VPOS="376" WIDTH="46" HEIGHT="40" WC="0.96" CONTENT="Ej"/><SP WIDTH="17" VPOS="376" HPOS="704"/>
							<String ID="string_18" HPOS="721" VPOS="377" WIDTH="110" HEIGHT="30" WC="0.96" CONTENT="heller"/><SP WIDTH="17" VPOS="377" HPOS="831"/>
							<String ID="string_19" HPOS="848" VPOS="378" WIDTH="58" HEIGHT="30" WC="0.93" CONTENT="må"/><SP WIDTH="19" VPOS="378" HPOS="906"/>
							<String ID="string_20" HPOS="925" VPOS="387" WIDTH="77" HEIGHT="21" WC="0.92" CONTENT="rus-"/>
						</TextLine>
						<TextLine ID="line_5" HPOS="272" VPOS="417" WIDTH="730" HEIGHT="42">
							<String ID="string_21" HPOS="272" VPOS="417" WIDTH="147" HEIGHT="39" WC="0.96" CONTENT="drycker"/><SP WIDTH="27" VPOS="417" HPOS="419"/>
							<String ID="string_22" HPOS="446" VPOS="417" WIDTH="83" HEIGHT="30" WC="0.96" CONTENT="eller"/><SP WIDTH="27" VPOS="417" HPOS="529"/>
							<String ID="string_23" HPOS="556" VPOS="418" WIDTH="132" HEIGHT="30" WC="0.93" CONTENT="sådana"/><SP WIDTH="29" VPOS="418" HPOS="688"/>
							<String ID="string_24" HPOS="717" VPOS="419" WIDTH="285" HEIGHT="40" WC="0.92" CONTENT="ersättningsme-"/>
						</TextLine>
						<TextLine ID="line_6" HPOS="270" VPOS="459" WIDTH="731" HEIGHT="43">
							<String ID="string_25" HPOS="270" VPOS="459" WIDTH="57" HEIGHT="30" WC="0.96" CONTENT="del"/><SP WIDTH="17" VPOS="459" HPOS="327"/>
							<String ID="string_26" HPOS="344" VPOS="459" WIDTH="168" HEIGHT="39" WC="0.95" CONTENT="förvaras,"/><SP WIDTH="23" VPOS="459" HPOS="512"/>
							<String ID="string_27" HPOS="535" VPOS="460" WIDTH="12" HEIGHT="30" WC="0.96" CONTENT="i"/><SP WIDTH="19" VPOS="460" HPOS="547"/>
							<String ID="string_28" HPOS="566" VPOS="461" WIDTH="136" HEIGHT="29" WC="0.96" CONTENT="lokalen"/><SP WIDTH="21" VPOS="461" HPOS="702"/>
							<String ID="string_29" HPOS="723" VPOS="461" WIDTH="83" HEIGHT="30" WC="0.95" CONTENT="eller"/><SP WIDTH="19" VPOS="461" HPOS="806"/>
							<String ID="string_30" HPOS="825" VPOS="462" WIDTH="111" HEIGHT="39" WC="0.95" CONTENT="eljest,"/><SP WIDTH="20" VPOS="462" HPOS="936"/>
							<String ID="string_31" HPOS="956" VPOS="462" WIDTH="45" HEIGHT="40" WC="0.96" CONTENT="på"/>
						</TextLine>
						<TextLine ID="line_7" HPOS="269" VPOS="501" WIDTH="731" HEIGHT="42">
							<String ID="string_32" HPOS="269" VPOS="501" WIDTH="127" HEIGHT="30" WC="0.95" CONTENT="sådant"/><SP WIDTH="17" VPOS="501" HPOS="396"/>
							<String ID="string_33" HPOS="413" VPOS="502" WIDTH="68" HEIGHT="29" WC="0.95" CONTENT="sätt"/><SP WIDTH="18" VPOS="502" HPOS="481"/>
							<String ID="string_34" HPOS="499" VPOS="504" WIDTH="53" HEIGHT="28" WC="0.96" CONTENT="att"/><SP WIDTH="17" VPOS="504" HPOS="552"/>
							<String ID="string_35" HPOS="569" VPOS="503" WIDTH="58" HEIGHT="29" WC="0.96" CONTENT="det"/><SP WIDTH="17" VPOS="503" HPOS="627"/>
							<String ID="string_36" HPOS="644" VPOS="503" WIDTH="70" HEIGHT="30" WC="0.96" CONTENT="kan"/><SP WIDTH="20" VPOS="503" HPOS="714"/>
							<String ID="string_37" HPOS="734" VPOS="503" WIDTH="137" HEIGHT="40" WC="0.96" CONTENT="befaras"/><SP WIDTH="18" VPOS="503" HPOS="871"/>
							<String ID="string_38" HPOS="889" VPOS="506" WIDTH="52" HEIGHT="29" WC="0.96" CONTENT="att"/><SP WIDTH="17" VPOS="506" HPOS="941"/>
							<String ID="string_39" HPOS="958" VPOS="505" WIDTH="42" HEIGHT="29" WC="0.96" CONTENT="de"/>
						</TextLine>
						<TextLine ID="line_8" HPOS="269" VPOS="543" WIDTH="402" HEIGHT="41">
							<String ID="string_40" HPOS="269" VPOS="543" WIDTH="151" HEIGHT="40" WC="0.96" CONTENT="förtäras"/><SP WIDTH="19" VPOS="543" HPOS="420"/>
							<String ID="string_41" HPOS="439" VPOS="553" WIDTH="41" HEIGHT="21" WC="0.95" CONTENT="av"/><SP WIDTH="18" VPOS="553" HPOS="480"/>
							<String ID="string_42" HPOS="498" VPOS="545" WIDTH="173" HEIGHT="39" WC="0.95" CONTENT="gästerna."/>
						</TextLine>
					</TextBlock>
					<TextBlock ID="block_3" HPOS="271" VPOS="586" WIDTH="729" HEIGHT="81">
						<TextLine ID="line_9" HPOS="314" VPOS="586" WIDTH="686" HEIGHT="42">
							<String ID="string_43" HPOS="314" VPOS="586" WIDTH="65" HEIGHT="30" WC="0.93" CONTENT="Vid"/><SP WIDTH="17" VPOS="586" HPOS="379"/>
							<String ID="string_44" HPOS="396" VPOS="587" WIDTH="253" HEIGHT="40" WC="0.91" CONTENT="utminutering"/><SP WIDTH="14" VPOS="587" HPOS="649"/>
							<String ID="string_45" HPOS="663" VPOS="606" WIDTH="44" HEIGHT="4" WC="0.92" CONTENT="—"/><SP WIDTH="13" VPOS="606" HPOS="707"/>
							<String ID="string_46" HPOS="720" VPOS="606" WIDTH="44" HEIGHT="4" WC="0.91" CONTENT="—"/><SP WIDTH="13" VPOS="606" HPOS="764"/>
							<String ID="string_47" HPOS="777" VPOS="606" WIDTH="43" HEIGHT="4" WC="0.92" CONTENT="—"/><SP WIDTH="16" VPOS="606" HPOS="820"/>
							<String ID="string_48" HPOS="836" VPOS="589" WIDTH="79" HEIGHT="39" WC="0.93" CONTENT="äger"/><SP WIDTH="15" VPOS="589" HPOS="915"/>
							<String ID="string_49" HPOS="930" VPOS="588" WIDTH="70" HEIGHT="32" WC="0.92" CONTENT="för-"/>
						</TextLine>
						<TextLine ID="line_10" HPOS="271" VPOS="628" WIDTH="89" HEIGHT="39">
							<String ID="string_50" HPOS="271" VPOS="628" WIDTH="89" HEIGHT="39" WC="0.96" CONTENT="foga."/>
						</TextLine>
					</TextBlock>
					<TextBlock ID="block_4" HPOS="588" VPOS="688" WIDTH="90" HEIGHT="38">
						<TextLine ID="line_11" HPOS="588" VPOS="688" WIDTH="90" HEIGHT="38">
							<String ID="string_51" HPOS="588" VPOS="688" WIDTH="40" HEIGHT="30" WC="0.94" CONTENT="32"/><SP WIDTH="23" VPOS="688" HPOS="628"/>
							<String ID="string_52" HPOS="651" VPOS="689" WIDTH="27" HEIGHT="37" WC="0.89" CONTENT="8."/>
						</TextLine>
					</TextBlock>
					<TextBlock ID="block_5" HPOS="268" VPOS="737" WIDTH="734" HEIGHT="250">
						<TextLine ID="line_12" HPOS="316" VPOS="737" WIDTH="685" HEIGHT="42">
							<String ID="string_53" HPOS="316" VPOS="737" WIDTH="14" HEIGHT="29" WC="0.94" CONTENT="1"/><SP WIDTH="38" VPOS="737" HPOS="330"/>
							<String ID="string_54" HPOS="368" VPOS="746" WIDTH="126" HEIGHT="22" WC="0.96" CONTENT="mom."/><SP WIDTH="36" VPOS="746" HPOS="494"/>
							<String ID="string_55" HPOS="530" VPOS="739" WIDTH="75" HEIGHT="29" WC="0.95" CONTENT="Den"/><SP WIDTH="25" VPOS="739" HPOS="605"/>
							<String ID="string_56" HPOS="630" VPOS="748" WIDTH="74" HEIGHT="21" WC="0.96" CONTENT="som"/><SP WIDTH="25" VPOS="748" HPOS="704"/>
							<String ID="string_57" HPOS="729" VPOS="739" WIDTH="107" HEIGHT="40" WC="0.96" CONTENT="säljer"/><SP WIDTH="22" VPOS="739" HPOS="836"/>
							<String ID="string_58" HPOS="858" VPOS="740" WIDTH="32" HEIGHT="30" WC="0.95" CONTENT="öl"/><SP WIDTH="25" VPOS="740" HPOS="890"/>
							<String ID="string_59" HPOS="915" VPOS="741" WIDTH="86" HEIGHT="29" WC="0.96" CONTENT="utan"/>
						</TextLine>
						<TextLine ID="line_13" HPOS="269" VPOS="779" WIDTH="733" HEIGHT="42">
							<String ID="string_60" HPOS="269" VPOS="781" WIDTH="52" HEIGHT="28" WC="0.96" CONTENT="att"/><SP WIDTH="22" VPOS="781" HPOS="321"/>
							<String ID="string_61" HPOS="343" VPOS="779" WIDTH="63" HEIGHT="40" WC="0.96" CONTENT="äga"/><SP WIDTH="23" VPOS="779" HPOS="406"/>
							<String ID="string_62" HPOS="429" VPOS="780" WIDTH="69" HEIGHT="30" WC="0.95" CONTENT="rätt"/><SP WIDTH="24" VPOS="780" HPOS="498"/>
							<String ID="string_63" HPOS="522" VPOS="781" WIDTH="117" HEIGHT="29" WC="0.96" CONTENT="därtill"/><SP WIDTH="24" VPOS="781" HPOS="639"/>
							<String ID="string_64" HPOS="663" VPOS="781" WIDTH="106" HEIGHT="40" WC="0.96" CONTENT="enligt"/><SP WIDTH="24" VPOS="781" HPOS="769"/>
							<String ID="string_65" HPOS="793" VPOS="782" WIDTH="116" HEIGHT="29" WC="0.91" CONTENT="denna"/><SP WIDTH="23" VPOS="782" HPOS="909"/>
							<String ID="string_66" HPOS="932" VPOS="783" WIDTH="70" HEIGHT="29" WC="0.91" CONTENT="för-"/>
						</TextLine>
						<TextLine ID="line_14" HPOS="269" VPOS="821" WIDTH="732" HEIGHT="40">
							<String ID="string_67" HPOS="269" VPOS="821" WIDTH="148" HEIGHT="40" WC="0.96" CONTENT="ordning"/><SP WIDTH="23" VPOS="821" HPOS="417"/>
							<String ID="string_68" HPOS="440" VPOS="822" WIDTH="82" HEIGHT="30" WC="0.95" CONTENT="eller"/><SP WIDTH="24" VPOS="822" HPOS="522"/>
							<String ID="string_69" HPOS="546" VPOS="823" WIDTH="219" HEIGHT="30" WC="0.96" CONTENT="överskrider"/><SP WIDTH="25" VPOS="823" HPOS="765"/>
							<String ID="string_70" HPOS="790" VPOS="823" WIDTH="108" HEIGHT="31" WC="0.96" CONTENT="sådan"/><SP WIDTH="23" VPOS="823" HPOS="898"/>
							<String ID="string_71" HPOS="921" VPOS="825" WIDTH="80" HEIGHT="33" WC="0.96" CONTENT="rätt,"/>
						</TextLine>
						<TextLine ID="line_15" HPOS="269" VPOS="863" WIDTH="732" HEIGHT="43">
							<String ID="string_72" HPOS="269" VPOS="863" WIDTH="144" HEIGHT="31" WC="0.91" CONTENT="straffes"/><SP WIDTH="24" VPOS="863" HPOS="413"/>
							<String ID="string_73" HPOS="437" VPOS="864" WIDTH="55" HEIGHT="30" WC="0.96" CONTENT="för"/><SP WIDTH="24" VPOS="864" HPOS="492"/>
							<String ID="string_74" HPOS="516" VPOS="865" WIDTH="127" HEIGHT="39" WC="0.96" CONTENT="olovlig"/><SP WIDTH="24" VPOS="865" HPOS="643"/>
							<String ID="string_75" HPOS="667" VPOS="865" WIDTH="211" HEIGHT="41" WC="0.96" CONTENT="försäljning"/><SP WIDTH="24" VPOS="865" HPOS="878"/>
							<String ID="string_76" HPOS="902" VPOS="875" WIDTH="43" HEIGHT="21" WC="0.96" CONTENT="av"/><SP WIDTH="23" VPOS="875" HPOS="945"/>
							<String ID="string_77" HPOS="968" VPOS="866" WIDTH="33" HEIGHT="30" WC="0.96" CONTENT="öl"/>
						</TextLine>
						<TextLine ID="line_16" HPOS="268" VPOS="905" WIDTH="733" HEIGHT="42">
							<String ID="string_78" HPOS="268" VPOS="905" WIDTH="80" HEIGHT="29" WC="0.96" CONTENT="med"/><SP WIDTH="18" VPOS="905" HPOS="348"/>
							<String ID="string_79" HPOS="366" VPOS="905" WIDTH="193" HEIGHT="40" WC="0.95" CONTENT="dagsböter."/><SP WIDTH="19" VPOS="905" HPOS="559"/>
							<String ID="string_80" HPOS="578" VPOS="907" WIDTH="13" HEIGHT="29" WC="0.96" CONTENT="I"/><SP WIDTH="18" VPOS="907" HPOS="591"/>
							<String ID="string_81" HPOS="609" VPOS="907" WIDTH="98" HEIGHT="40" WC="0.96" CONTENT="ringa"/><SP WIDTH="17" VPOS="907" HPOS="707"/>
							<String ID="string_82" HPOS="724" VPOS="907" WIDTH="62" HEIGHT="30" WC="0.95" CONTENT="fall"/><SP WIDTH="19" VPOS="907" HPOS="786"/>
							<String ID="string_83" HPOS="805" VPOS="908" WIDTH="88" HEIGHT="30" WC="0.96" CONTENT="skall"/><SP WIDTH="18" VPOS="908" HPOS="893"/>
							<String ID="string_84" HPOS="911" VPOS="908" WIDTH="90" HEIGHT="30" WC="0.96" CONTENT="dock"/>
						</TextLine>
						<TextLine ID="line_17" HPOS="268" VPOS="947" WIDTH="388" HEIGHT="40">
							<String ID="string_85" HPOS="268" VPOS="947" WIDTH="30" HEIGHT="40" WC="0.96" CONTENT="ej"/><SP WIDTH="26" VPOS="947" HPOS="298"/>
							<String ID="string_86" HPOS="324" VPOS="947" WIDTH="52" HEIGHT="30" WC="0.96" CONTENT="till"/><SP WIDTH="22" VPOS="947" HPOS="376"/>
							<String ID="string_87" HPOS="398" VPOS="948" WIDTH="105" HEIGHT="29" WC="0.94" CONTENT="straff"/><SP WIDTH="21" VPOS="948" HPOS="503"/>
							<String ID="string_88" HPOS="524" VPOS="949" WIDTH="132" HEIGHT="30" WC="0.95" CONTENT="dömas."/>
						</TextLine>
					</TextBlock>
				</ComposedBlock>
				<ComposedBlock ID="cblock_3" HPOS="265" VPOS="1032" WIDTH="732" HEIGHT="252">
					<TextBlock ID="block_6" HPOS="265" VPOS="1032" WIDTH="732" HEIGHT="252">
						<TextLine ID="line_18" HPOS="311" VPOS="1032" WIDTH="686" HEIGHT="42">
							<String ID="string_89" HPOS="311" VPOS="1032" WIDTH="45" HEIGHT="29" WC="0.96" CONTENT="Är"/><SP WIDTH="18" VPOS="1032" HPOS="356"/>
							<String ID="string_90" HPOS="374" VPOS="1032" WIDTH="125" HEIGHT="30" WC="0.96" CONTENT="brottet"/><SP WIDTH="18" VPOS="1032" HPOS="499"/>
							<String ID="string_91" HPOS="517" VPOS="1036" WIDTH="109" HEIGHT="36" WC="0.95" CONTENT="grovt,"/><SP WIDTH="17" VPOS="1036" HPOS="626"/>
							<String ID="string_92" HPOS="643" VPOS="1043" WIDTH="79" HEIGHT="21" WC="0.96" CONTENT="vare"/><SP WIDTH="18" VPOS="1043" HPOS="722"/>
							<String ID="string_93" HPOS="740" VPOS="1034" WIDTH="140" HEIGHT="31" WC="0.93" CONTENT="straffet"/><SP WIDTH="17" VPOS="1034" HPOS="880"/>
							<String ID="string_94" HPOS="897" VPOS="1035" WIDTH="100" HEIGHT="39" WC="0.92" CONTENT="dags-"/>
						</TextLine>
						<TextLine ID="line_19" HPOS="267" VPOS="1074" WIDTH="730" HEIGHT="41">
							<String ID="string_95" HPOS="267" VPOS="1074" WIDTH="98" HEIGHT="30" WC="0.96" CONTENT="böter"/><SP WIDTH="18" VPOS="1074" HPOS="365"/>
							<String ID="string_96" HPOS="383" VPOS="1075" WIDTH="80" HEIGHT="29" WC="0.95" CONTENT="eller"/><SP WIDTH="19" VPOS="1075" HPOS="463"/>
							<String ID="string_97" HPOS="482" VPOS="1074" WIDTH="154" HEIGHT="41" WC="0.96" CONTENT="fängelse"/><SP WIDTH="19" VPOS="1074" HPOS="636"/>
							<String ID="string_98" HPOS="655" VPOS="1076" WIDTH="9" HEIGHT="29" WC="0.96" CONTENT="i"/><SP WIDTH="18" VPOS="1076" HPOS="664"/>
							<String ID="string_99" HPOS="682" VPOS="1076" WIDTH="102" HEIGHT="39" WC="0.96" CONTENT="högst"/><SP WIDTH="18" VPOS="1076" HPOS="784"/>
							<String ID="string_100" HPOS="802" VPOS="1086" WIDTH="58" HEIGHT="21" WC="0.93" CONTENT="sex"/><SP WIDTH="18" VPOS="1086" HPOS="860"/>
							<String ID="string_101" HPOS="878" VPOS="1077" WIDTH="119" HEIGHT="29" WC="0.90" CONTENT="måna-"/>
						</TextLine>
						<TextLine ID="line_20" HPOS="267" VPOS="1116" WIDTH="730" HEIGHT="33">
							<String ID="string_102" HPOS="267" VPOS="1117" WIDTH="70" HEIGHT="29" WC="0.95" CONTENT="der."/><SP WIDTH="20" VPOS="1117" HPOS="337"/>
							<String ID="string_103" HPOS="357" VPOS="1116" WIDTH="65" HEIGHT="30" WC="0.96" CONTENT="Vid"/><SP WIDTH="19" VPOS="1116" HPOS="422"/>
							<String ID="string_104" HPOS="441" VPOS="1117" WIDTH="216" HEIGHT="31" WC="0.96" CONTENT="bedömande"/><SP WIDTH="19" VPOS="1117" HPOS="657"/>
							<String ID="string_105" HPOS="676" VPOS="1118" WIDTH="174" HEIGHT="30" WC="0.96" CONTENT="huruvida"/><SP WIDTH="19" VPOS="1118" HPOS="850"/>
							<String ID="string_106" HPOS="869" VPOS="1119" WIDTH="128" HEIGHT="30" WC="0.96" CONTENT="brottet"/>
						</TextLine>
						<TextLine ID="line_21" HPOS="268" VPOS="1159" WIDTH="728" HEIGHT="39">
							<String ID="string_107" HPOS="268" VPOS="1159" WIDTH="39" HEIGHT="29" WC="0.96" CONTENT="är"/><SP WIDTH="29" VPOS="1159" HPOS="307"/>
							<String ID="string_108" HPOS="336" VPOS="1161" WIDTH="96" HEIGHT="37" WC="0.96" CONTENT="grovt"/><SP WIDTH="31" VPOS="1161" HPOS="432"/>
							<String ID="string_109" HPOS="463" VPOS="1159" WIDTH="90" HEIGHT="30" WC="0.96" CONTENT="skall"/><SP WIDTH="31" VPOS="1159" HPOS="553"/>
							<String ID="string_110" HPOS="584" VPOS="1160" WIDTH="140" HEIGHT="31" WC="0.96" CONTENT="särskilt"/><SP WIDTH="30" VPOS="1160" HPOS="724"/>
							<String ID="string_111" HPOS="754" VPOS="1160" WIDTH="155" HEIGHT="35" WC="0.96" CONTENT="beaktas,"/><SP WIDTH="31" VPOS="1160" HPOS="909"/>
							<String ID="string_112" HPOS="940" VPOS="1170" WIDTH="56" HEIGHT="21" WC="0.96" CONTENT="om"/>
						</TextLine>
						<TextLine ID="line_22" HPOS="265" VPOS="1200" WIDTH="732" HEIGHT="42">
							<String ID="string_113" HPOS="265" VPOS="1200" WIDTH="67" HEIGHT="30" WC="0.96" CONTENT="den"/><SP WIDTH="22" VPOS="1200" HPOS="332"/>
							<String ID="string_114" HPOS="354" VPOS="1201" WIDTH="145" HEIGHT="39" WC="0.96" CONTENT="olovliga"/><SP WIDTH="23" VPOS="1201" HPOS="499"/>
							<String ID="string_115" HPOS="522" VPOS="1201" WIDTH="256" HEIGHT="41" WC="0.96" CONTENT="försäljningen"/><SP WIDTH="21" VPOS="1201" HPOS="778"/>
							<String ID="string_116" HPOS="799" VPOS="1203" WIDTH="166" HEIGHT="31" WC="0.96" CONTENT="bedrivits"/><SP WIDTH="21" VPOS="1203" HPOS="965"/>
							<String ID="string_117" HPOS="986" VPOS="1205" WIDTH="11" HEIGHT="28" WC="0.96" CONTENT="i"/>
						</TextLine>
						<TextLine ID="line_23" HPOS="266" VPOS="1243" WIDTH="354" HEIGHT="41">
							<String ID="string_118" HPOS="266" VPOS="1244" WIDTH="111" HEIGHT="29" WC="0.96" CONTENT="större"/><SP WIDTH="20" VPOS="1244" HPOS="377"/>
							<String ID="string_119" HPOS="397" VPOS="1243" WIDTH="223" HEIGHT="41" WC="0.96" CONTENT="omfattning."/>
						</TextLine>
					</TextBlock>
				</ComposedBlock>
				<ComposedBlock ID="cblock_4" HPOS="265" VPOS="1361" WIDTH="733" HEIGHT="210">
					<TextBlock ID="block_7" HPOS="585" VPOS="1361" WIDTH="91" HEIGHT="39">
						<TextLine ID="line_24" HPOS="585" VPOS="1361" WIDTH="91" HEIGHT="39">
							<String ID="string_120" HPOS="585" VPOS="1361" WIDTH="41" HEIGHT="31" WC="0.95" CONTENT="34"/><SP WIDTH="22" VPOS="1361" HPOS="626"/>
							<String ID="string_121" HPOS="648" VPOS="1363" WIDTH="28" HEIGHT="37" WC="0.94" CONTENT="8."/>
						</TextLine>
					</TextBlock>
					<TextBlock ID="block_8" HPOS="265" VPOS="1412" WIDTH="733" HEIGHT="159">
						<TextLine ID="line_25" HPOS="310" VPOS="1412" WIDTH="685" HEIGHT="40">
							<String ID="string_122" HPOS="310" VPOS="1412" WIDTH="121" HEIGHT="39" WC="0.96" CONTENT="Bryter"/><SP WIDTH="25" VPOS="1412" HPOS="431"/>
							<String ID="string_123" HPOS="456" VPOS="1412" WIDTH="115" HEIGHT="40" WC="0.96" CONTENT="någon"/><SP WIDTH="25" VPOS="1412" HPOS="571"/>
							<String ID="string_124" HPOS="596" VPOS="1413" WIDTH="11" HEIGHT="29" WC="0.96" CONTENT="i"/><SP WIDTH="24" VPOS="1413" HPOS="607"/>
							<String ID="string_125" HPOS="631" VPOS="1416" WIDTH="107" HEIGHT="27" WC="0.95" CONTENT="annat"/><SP WIDTH="25" VPOS="1416" HPOS="738"/>
							<String ID="string_126" HPOS="763" VPOS="1413" WIDTH="62" HEIGHT="31" WC="0.95" CONTENT="fall"/><SP WIDTH="25" VPOS="1413" HPOS="825"/>
							<String ID="string_127" HPOS="850" VPOS="1415" WIDTH="44" HEIGHT="29" WC="0.96" CONTENT="än"/><SP WIDTH="25" VPOS="1415" HPOS="894"/>
							<String ID="string_128" HPOS="919" VPOS="1414" WIDTH="10" HEIGHT="30" WC="0.96" CONTENT="i"/><SP WIDTH="26" VPOS="1414" HPOS="929"/>
							<String ID="string_129" HPOS="955" VPOS="1414" WIDTH="40" HEIGHT="31" WC="0.96" CONTENT="32"/>
						</TextLine>
						<TextLine ID="line_26" HPOS="265" VPOS="1454" WIDTH="733" HEIGHT="40">
							<String ID="string_130" HPOS="265" VPOS="1454" WIDTH="84" HEIGHT="29" WC="0.96" CONTENT="eller"/><SP WIDTH="21" VPOS="1454" HPOS="349"/>
							<String ID="string_131" HPOS="370" VPOS="1455" WIDTH="41" HEIGHT="29" WC="0.96" CONTENT="33"/><SP WIDTH="25" VPOS="1455" HPOS="411"/>
							<String ID="string_132" HPOS="436" VPOS="1454" WIDTH="15" HEIGHT="37" WC="0.95" CONTENT="8"/><SP WIDTH="25" VPOS="1454" HPOS="451"/>
							<String ID="string_133" HPOS="476" VPOS="1455" WIDTH="79" HEIGHT="39" WC="0.96" CONTENT="sägs"/><SP WIDTH="22" VPOS="1455" HPOS="555"/>
							<String ID="string_134" HPOS="577" VPOS="1457" WIDTH="73" HEIGHT="28" WC="0.96" CONTENT="mot"/><SP WIDTH="21" VPOS="1457" HPOS="650"/>
							<String ID="string_135" HPOS="671" VPOS="1456" WIDTH="66" HEIGHT="30" WC="0.96" CONTENT="vad"/><SP WIDTH="21" VPOS="1456" HPOS="737"/>
							<String ID="string_136" HPOS="758" VPOS="1456" WIDTH="11" HEIGHT="29" WC="0.96" CONTENT="i"/><SP WIDTH="22" VPOS="1456" HPOS="769"/>
							<String ID="string_137" HPOS="791" VPOS="1456" WIDTH="115" HEIGHT="30" WC="0.91" CONTENT="denna"/><SP WIDTH="21" VPOS="1456" HPOS="906"/>
							<String ID="string_138" HPOS="927" VPOS="1456" WIDTH="71" HEIGHT="30" WC="0.91" CONTENT="för-"/>
						</TextLine>
						<TextLine ID="line_27" HPOS="267" VPOS="1497" WIDTH="729" HEIGHT="40">
							<String ID="string_139" HPOS="267" VPOS="1497" WIDTH="149" HEIGHT="39" WC="0.96" CONTENT="ordning"/><SP WIDTH="32" VPOS="1497" HPOS="416"/>
							<String ID="string_140" HPOS="448" VPOS="1498" WIDTH="37" HEIGHT="28" WC="0.96" CONTENT="är"/><SP WIDTH="34" VPOS="1498" HPOS="485"/>
							<String ID="string_141" HPOS="519" VPOS="1498" WIDTH="137" HEIGHT="39" WC="0.96" CONTENT="stadgat"/><SP WIDTH="31" VPOS="1498" HPOS="656"/>
							<String ID="string_142" HPOS="687" VPOS="1498" WIDTH="82" HEIGHT="30" WC="0.95" CONTENT="eller"/><SP WIDTH="33" VPOS="1498" HPOS="769"/>
							<String ID="string_143" HPOS="802" VPOS="1501" WIDTH="73" HEIGHT="28" WC="0.93" CONTENT="mot"/><SP WIDTH="32" VPOS="1501" HPOS="875"/>
							<String ID="string_144" HPOS="907" VPOS="1499" WIDTH="89" HEIGHT="30" WC="0.92" CONTENT="före-"/>
						</TextLine>
						<TextLine ID="line_28" HPOS="266" VPOS="1538" WIDTH="731" HEIGHT="33">
							<String ID="string_145" HPOS="266" VPOS="1538" WIDTH="105" HEIGHT="31" WC="0.96" CONTENT="skrift"/><SP WIDTH="32" VPOS="1538" HPOS="371"/>
							<String ID="string_146" HPOS="403" VPOS="1548" WIDTH="74" HEIGHT="21" WC="0.95" CONTENT="som"/><SP WIDTH="32" VPOS="1548" HPOS="477"/>
							<String ID="string_147" HPOS="509" VPOS="1540" WIDTH="192" HEIGHT="30" WC="0.96" CONTENT="meddelats"/><SP WIDTH="32" VPOS="1540" HPOS="701"/>
							<String ID="string_148" HPOS="733" VPOS="1541" WIDTH="80" HEIGHT="29" WC="0.96" CONTENT="med"/><SP WIDTH="33" VPOS="1541" HPOS="813"/>
							<String ID="string_149" HPOS="846" VPOS="1541" WIDTH="76" HEIGHT="30" WC="0.96" CONTENT="stöd"/><SP WIDTH="33" VPOS="1541" HPOS="922"/>
							<String ID="string_150" HPOS="955" VPOS="1550" WIDTH="42" HEIGHT="21" WC="0.96" CONTENT="av"/>
						</TextLine>
					</TextBlock>
				</ComposedBlock>
				<ComposedBlock ID="cblock_5" HPOS="264" VPOS="1580" WIDTH="730" HEIGHT="157">
					<TextBlock ID="block_9" HPOS="264" VPOS="1580" WIDTH="730" HEIGHT="157">
						<TextLine ID="line_29" HPOS="265" VPOS="1580" WIDTH="729" HEIGHT="40">
							<String ID="string_151" HPOS="265" VPOS="1580" WIDTH="261" HEIGHT="40" WC="0.93" CONTENT="förordningen,"/><SP WIDTH="48" VPOS="1580" HPOS="526"/>
							<String ID="string_152" HPOS="574" VPOS="1582" WIDTH="142" HEIGHT="31" WC="0.87" CONTENT="straffes"/><SP WIDTH="45" VPOS="1582" HPOS="716"/>
							<String ID="string_153" HPOS="761" VPOS="1583" WIDTH="80" HEIGHT="30" WC="0.96" CONTENT="med"/><SP WIDTH="45" VPOS="1583" HPOS="841"/>
							<String ID="string_154" HPOS="886" VPOS="1583" WIDTH="108" HEIGHT="35" WC="0.23" CONTENT="böter,"/>
						</TextLine>
						<TextLine ID="line_30" HPOS="264" VPOS="1623" WIDTH="475" HEIGHT="39">
							<String ID="string_155" HPOS="264" VPOS="1623" WIDTH="101" HEIGHT="39" WC="0.96" CONTENT="högst"/><SP WIDTH="21" VPOS="1623" HPOS="365"/>
							<String ID="string_156" HPOS="386" VPOS="1624" WIDTH="193" HEIGHT="30" WC="0.95" CONTENT="trehundra"/><SP WIDTH="21" VPOS="1624" HPOS="579"/>
							<String ID="string_157" HPOS="600" VPOS="1624" WIDTH="139" HEIGHT="30" WC="0.96" CONTENT="kronor."/>
						</TextLine>
						<TextLine ID="line_31" HPOS="584" VPOS="1700" WIDTH="90" HEIGHT="37">
							<String ID="string_158" HPOS="584" VPOS="1700" WIDTH="40" HEIGHT="30" WC="0.95" CONTENT="38"/><SP WIDTH="23" VPOS="1700" HPOS="624"/>
							<String ID="string_159" HPOS="647" VPOS="1700" WIDTH="27" HEIGHT="37" WC="0.93" CONTENT="8."/>
						</TextLine>
					</TextBlock>
				</ComposedBlock>
				<ComposedBlock ID="cblock_6" HPOS="261" VPOS="1749" WIDTH="733" HEIGHT="460">
					<TextBlock ID="block_10" HPOS="261" VPOS="1749" WIDTH="733" HEIGHT="460">
						<TextLine ID="line_32" HPOS="307" VPOS="1749" WIDTH="686" HEIGHT="41">
							<String ID="string_160" HPOS="307" VPOS="1749" WIDTH="72" HEIGHT="30" WC="0.96" CONTENT="Har"/><SP WIDTH="24" VPOS="1749" HPOS="379"/>
							<String ID="string_161" HPOS="403" VPOS="1750" WIDTH="150" HEIGHT="30" WC="0.96" CONTENT="domstol"/><SP WIDTH="26" VPOS="1750" HPOS="553"/>
							<String ID="string_162" HPOS="579" VPOS="1751" WIDTH="136" HEIGHT="39" WC="0.96" CONTENT="avgjort"/><SP WIDTH="24" VPOS="1751" HPOS="715"/>
							<String ID="string_163" HPOS="739" VPOS="1751" WIDTH="71" HEIGHT="30" WC="0.96" CONTENT="mål"/><SP WIDTH="25" VPOS="1751" HPOS="810"/>
							<String ID="string_164" HPOS="835" VPOS="1753" WIDTH="72" HEIGHT="28" WC="0.93" CONTENT="mot"/><SP WIDTH="26" VPOS="1753" HPOS="907"/>
							<String ID="string_165" HPOS="933" VPOS="1751" WIDTH="60" HEIGHT="30" WC="0.92" CONTENT="nå-"/>
						</TextLine>
						<TextLine ID="line_33" HPOS="263" VPOS="1792" WIDTH="731" HEIGHT="41">
							<String ID="string_166" HPOS="263" VPOS="1799" WIDTH="67" HEIGHT="32" WC="0.96" CONTENT="gon"/><SP WIDTH="33" VPOS="1799" HPOS="330"/>
							<String ID="string_167" HPOS="363" VPOS="1801" WIDTH="73" HEIGHT="21" WC="0.96" CONTENT="som"/><SP WIDTH="31" VPOS="1801" HPOS="436"/>
							<String ID="string_168" HPOS="467" VPOS="1792" WIDTH="159" HEIGHT="30" WC="0.96" CONTENT="bedriver"/><SP WIDTH="30" VPOS="1792" HPOS="626"/>
							<String ID="string_169" HPOS="656" VPOS="1793" WIDTH="236" HEIGHT="40" WC="0.91" CONTENT="yrkesmässig"/><SP WIDTH="32" VPOS="1793" HPOS="892"/>
							<String ID="string_170" HPOS="924" VPOS="1793" WIDTH="70" HEIGHT="31" WC="0.91" CONTENT="för-"/>
						</TextLine>
						<TextLine ID="line_34" HPOS="264" VPOS="1834" WIDTH="729" HEIGHT="41">
							<String ID="string_171" HPOS="264" VPOS="1834" WIDTH="153" HEIGHT="39" WC="0.91" CONTENT="säljning"/><SP WIDTH="17" VPOS="1834" HPOS="417"/>
							<String ID="string_172" HPOS="434" VPOS="1844" WIDTH="41" HEIGHT="20" WC="0.96" CONTENT="av"/><SP WIDTH="16" VPOS="1844" HPOS="475"/>
							<String ID="string_173" HPOS="491" VPOS="1835" WIDTH="33" HEIGHT="30" WC="0.95" CONTENT="öl"/><SP WIDTH="17" VPOS="1835" HPOS="524"/>
							<String ID="string_174" HPOS="541" VPOS="1835" WIDTH="83" HEIGHT="30" WC="0.95" CONTENT="eller"/><SP WIDTH="16" VPOS="1835" HPOS="624"/>
							<String ID="string_175" HPOS="640" VPOS="1838" WIDTH="71" HEIGHT="27" WC="0.96" CONTENT="mot"/><SP WIDTH="17" VPOS="1838" HPOS="711"/>
							<String ID="string_176" HPOS="728" VPOS="1835" WIDTH="115" HEIGHT="40" WC="0.96" CONTENT="någon"/><SP WIDTH="16" VPOS="1835" HPOS="843"/>
							<String ID="string_177" HPOS="859" VPOS="1836" WIDTH="64" HEIGHT="30" WC="0.93" CONTENT="hos"/><SP WIDTH="18" VPOS="1836" HPOS="923"/>
							<String ID="string_178" HPOS="941" VPOS="1836" WIDTH="52" HEIGHT="30" WC="0.91" CONTENT="så-"/>
						</TextLine>
						<TextLine ID="line_35" HPOS="263" VPOS="1877" WIDTH="729" HEIGHT="40">
							<String ID="string_179" HPOS="263" VPOS="1877" WIDTH="69" HEIGHT="29" WC="0.96" CONTENT="dan"/><SP WIDTH="49" VPOS="1877" HPOS="332"/>
							<String ID="string_180" HPOS="381" VPOS="1877" WIDTH="184" HEIGHT="39" WC="0.92" CONTENT="försäljare"/><SP WIDTH="50" VPOS="1877" HPOS="565"/>
							<String ID="string_181" HPOS="615" VPOS="1878" WIDTH="150" HEIGHT="29" WC="0.95" CONTENT="anställd"/><SP WIDTH="50" VPOS="1878" HPOS="765"/>
							<String ID="string_182" HPOS="815" VPOS="1878" WIDTH="177" HEIGHT="39" WC="0.96" CONTENT="angående"/>
						</TextLine>
						<TextLine ID="line_36" HPOS="261" VPOS="1918" WIDTH="733" HEIGHT="42">
							<String ID="string_183" HPOS="261" VPOS="1918" WIDTH="94" HEIGHT="30" WC="0.96" CONTENT="brott"/><SP WIDTH="24" VPOS="1918" HPOS="355"/>
							<String ID="string_184" HPOS="379" VPOS="1927" WIDTH="74" HEIGHT="21" WC="0.96" CONTENT="som"/><SP WIDTH="24" VPOS="1927" HPOS="453"/>
							<String ID="string_185" HPOS="477" VPOS="1928" WIDTH="100" HEIGHT="21" WC="0.96" CONTENT="avses"/><SP WIDTH="23" VPOS="1928" HPOS="577"/>
							<String ID="string_186" HPOS="600" VPOS="1920" WIDTH="11" HEIGHT="28" WC="0.93" CONTENT="i"/><SP WIDTH="24" VPOS="1920" HPOS="611"/>
							<String ID="string_187" HPOS="635" VPOS="1920" WIDTH="129" HEIGHT="29" WC="0.1" CONTENT="32—34"/><SP WIDTH="24" VPOS="1920" HPOS="764"/>
							<String ID="string_188" HPOS="788" VPOS="1919" WIDTH="53" HEIGHT="38" WC="0.94" CONTENT="$$,"/><SP WIDTH="24" VPOS="1919" HPOS="841"/>
							<String ID="string_189" HPOS="865" VPOS="1920" WIDTH="129" HEIGHT="40" WC="0.96" CONTENT="åligger"/>
						</TextLine>
						<TextLine ID="line_37" HPOS="261" VPOS="1961" WIDTH="731" HEIGHT="41">
							<String ID="string_190" HPOS="261" VPOS="1961" WIDTH="58" HEIGHT="29" WC="0.96" CONTENT="det"/><SP WIDTH="18" VPOS="1961" HPOS="319"/>
							<String ID="string_191" HPOS="337" VPOS="1961" WIDTH="194" HEIGHT="30" WC="0.96" CONTENT="domstolen"/><SP WIDTH="21" VPOS="1961" HPOS="531"/>
							<String ID="string_192" HPOS="552" VPOS="1964" WIDTH="49" HEIGHT="27" WC="0.96" CONTENT="att"/><SP WIDTH="19" VPOS="1964" HPOS="601"/>
							<String ID="string_193" HPOS="620" VPOS="1962" WIDTH="94" HEIGHT="30" WC="0.96" CONTENT="inom"/><SP WIDTH="19" VPOS="1962" HPOS="714"/>
							<String ID="string_194" HPOS="733" VPOS="1962" WIDTH="133" HEIGHT="39" WC="0.96" CONTENT="fjorton"/><SP WIDTH="19" VPOS="1962" HPOS="866"/>
							<String ID="string_195" HPOS="885" VPOS="1963" WIDTH="107" HEIGHT="39" WC="0.96" CONTENT="dagar"/>
						</TextLine>
						<TextLine ID="line_38" HPOS="262" VPOS="2002" WIDTH="730" HEIGHT="33">
							<String ID="string_196" HPOS="262" VPOS="2002" WIDTH="80" HEIGHT="30" WC="0.96" CONTENT="från"/><SP WIDTH="29" VPOS="2002" HPOS="342"/>
							<String ID="string_197" HPOS="371" VPOS="2003" WIDTH="144" HEIGHT="30" WC="0.96" CONTENT="domens"/><SP WIDTH="28" VPOS="2003" HPOS="515"/>
							<String ID="string_198" HPOS="543" VPOS="2004" WIDTH="228" HEIGHT="30" WC="0.96" CONTENT="meddelande"/><SP WIDTH="28" VPOS="2004" HPOS="771"/>
							<String ID="string_199" HPOS="799" VPOS="2005" WIDTH="193" HEIGHT="30" WC="0.96" CONTENT="översända"/>
						</TextLine>
						<TextLine ID="line_39" HPOS="263" VPOS="2045" WIDTH="731" HEIGHT="41">
							<String ID="string_200" HPOS="263" VPOS="2045" WIDTH="151" HEIGHT="30" WC="0.96" CONTENT="avskrift"/><SP WIDTH="27" VPOS="2045" HPOS="414"/>
							<String ID="string_201" HPOS="441" VPOS="2054" WIDTH="42" HEIGHT="21" WC="0.96" CONTENT="av"/><SP WIDTH="26" VPOS="2054" HPOS="483"/>
							<String ID="string_202" HPOS="509" VPOS="2046" WIDTH="128" HEIGHT="29" WC="0.95" CONTENT="domen"/><SP WIDTH="26" VPOS="2046" HPOS="637"/>
							<String ID="string_203" HPOS="663" VPOS="2046" WIDTH="52" HEIGHT="29" WC="0.96" CONTENT="till"/><SP WIDTH="28" VPOS="2046" HPOS="715"/>
							<String ID="string_204" HPOS="743" VPOS="2047" WIDTH="66" HEIGHT="29" WC="0.93" CONTENT="den"/><SP WIDTH="27" VPOS="2047" HPOS="809"/>
							<String ID="string_205" HPOS="836" VPOS="2047" WIDTH="158" HEIGHT="39" WC="0.91" CONTENT="myndig-"/>
						</TextLine>
						<TextLine ID="line_40" HPOS="263" VPOS="2086" WIDTH="731" HEIGHT="37">
							<String ID="string_206" HPOS="263" VPOS="2087" WIDTH="59" HEIGHT="29" WC="0.96" CONTENT="het"/><SP WIDTH="19" VPOS="2087" HPOS="322"/>
							<String ID="string_207" HPOS="341" VPOS="2095" WIDTH="73" HEIGHT="22" WC="0.96" CONTENT="som"/><SP WIDTH="19" VPOS="2095" HPOS="414"/>
							<String ID="string_208" HPOS="433" VPOS="2086" WIDTH="159" HEIGHT="31" WC="0.93" CONTENT="utfärdat"/><SP WIDTH="18" VPOS="2086" HPOS="592"/>
							<String ID="string_209" HPOS="610" VPOS="2087" WIDTH="272" HEIGHT="31" WC="0.91" CONTENT="tillståndsbevis"/><SP WIDTH="19" VPOS="2087" HPOS="882"/>
							<String ID="string_210" HPOS="901" VPOS="2088" WIDTH="93" HEIGHT="35" WC="0.96" CONTENT="eller,"/>
						</TextLine>
						<TextLine ID="line_41" HPOS="261" VPOS="2128" WIDTH="732" HEIGHT="40">
							<String ID="string_211" HPOS="261" VPOS="2137" WIDTH="60" HEIGHT="21" WC="0.96" CONTENT="om"/><SP WIDTH="15" VPOS="2137" HPOS="321"/>
							<String ID="string_212" HPOS="336" VPOS="2128" WIDTH="123" HEIGHT="30" WC="0.95" CONTENT="sådant"/><SP WIDTH="15" VPOS="2128" HPOS="459"/>
							<String ID="string_213" HPOS="474" VPOS="2128" WIDTH="96" HEIGHT="30" WC="0.96" CONTENT="bevis"/><SP WIDTH="15" VPOS="2128" HPOS="570"/>
							<String ID="string_214" HPOS="585" VPOS="2129" WIDTH="30" HEIGHT="39" WC="0.96" CONTENT="ej"/><SP WIDTH="18" VPOS="2129" HPOS="615"/>
							<String ID="string_215" HPOS="633" VPOS="2129" WIDTH="185" HEIGHT="35" WC="0.96" CONTENT="utfärdats,"/><SP WIDTH="15" VPOS="2129" HPOS="818"/>
							<String ID="string_216" HPOS="833" VPOS="2130" WIDTH="53" HEIGHT="29" WC="0.93" CONTENT="till"/><SP WIDTH="15" VPOS="2130" HPOS="886"/>
							<String ID="string_217" HPOS="901" VPOS="2130" WIDTH="92" HEIGHT="30" WC="0.92" CONTENT="läns-"/>
						</TextLine>
						<TextLine ID="line_42" HPOS="261" VPOS="2170" WIDTH="180" HEIGHT="39">
							<String ID="string_218" HPOS="261" VPOS="2170" WIDTH="180" HEIGHT="39" WC="0.96" CONTENT="styrelsen."/>
						</TextLine>
					</TextBlock>
				</ComposedBlock>
				<ComposedBlock ID="cblock_7" HPOS="549" VPOS="141" WIDTH="940" HEIGHT="40">
					<TextBlock ID="block_11" HPOS="549" VPOS="141" WIDTH="940" HEIGHT="40">
						<TextLine ID="line_43" HPOS="549" VPOS="141" WIDTH="940" HEIGHT="40">
							<String ID="string_219" HPOS="549" VPOS="141" WIDTH="405" HEIGHT="40" WC="0.91" CONTENT="Bevillningsutskottets"/><SP WIDTH="22" VPOS="141" HPOS="954"/>
							<String ID="string_220" HPOS="976" VPOS="143" WIDTH="219" HEIGHT="31" WC="0.96" CONTENT="betänkande"/><SP WIDTH="21" VPOS="143" HPOS="1195"/>
							<String ID="string_221" HPOS="1216" VPOS="154" WIDTH="43" HEIGHT="20" WC="0.96" CONTENT="nr"/><SP WIDTH="22" VPOS="154" HPOS="1259"/>
							<String ID="string_222" HPOS="1281" VPOS="145" WIDTH="39" HEIGHT="30" WC="0.96" CONTENT="41"/><SP WIDTH="23" VPOS="145" HPOS="1320"/>
							<String ID="string_223" HPOS="1343" VPOS="145" WIDTH="39" HEIGHT="31" WC="0.96" CONTENT="år"/><SP WIDTH="23" VPOS="145" HPOS="1382"/>
							<String ID="string_224" HPOS="1405" VPOS="146" WIDTH="84" HEIGHT="30" WC="0.95" CONTENT="1963"/>
						</TextLine>
					</TextBlock>
				</ComposedBlock>
				<ComposedBlock ID="cblock_8" HPOS="1214" VPOS="228" WIDTH="399" HEIGHT="42">
					<TextBlock ID="block_12" HPOS="1214" VPOS="228" WIDTH="399" HEIGHT="42">
						<TextLine ID="line_44" HPOS="1214" VPOS="228" WIDTH="399" HEIGHT="42">
							<String ID="string_225" HPOS="1214" VPOS="228" WIDTH="225" HEIGHT="40" WC="0.95" CONTENT="(Föreslagen"/><SP WIDTH="26" VPOS="228" HPOS="1439"/>
							<String ID="string_226" HPOS="1465" VPOS="229" WIDTH="148" HEIGHT="41" WC="0.95" CONTENT="lydelse)"/>
						</TextLine>
					</TextBlock>
				</ComposedBlock>
				<ComposedBlock ID="cblock_9" HPOS="1036" VPOS="589" WIDTH="737" HEIGHT="738">
					<TextBlock ID="block_13" HPOS="1040" VPOS="589" WIDTH="730" HEIGHT="82">
						<TextLine ID="line_45" HPOS="1085" VPOS="589" WIDTH="685" HEIGHT="42">
							<String ID="string_227" HPOS="1085" VPOS="589" WIDTH="65" HEIGHT="30" WC="0.93" CONTENT="Vid"/><SP WIDTH="32" VPOS="589" HPOS="1150"/>
							<String ID="string_228" HPOS="1182" VPOS="589" WIDTH="254" HEIGHT="41" WC="0.91" CONTENT="utminutering"/><SP WIDTH="31" VPOS="589" HPOS="1436"/>
							<String ID="string_229" HPOS="1467" VPOS="608" WIDTH="44" HEIGHT="5" WC="0.88" CONTENT="—"/><SP WIDTH="29" VPOS="608" HPOS="1511"/>
							<String ID="string_230" HPOS="1540" VPOS="610" WIDTH="45" HEIGHT="3" WC="0.83" CONTENT="—"/><SP WIDTH="30" VPOS="610" HPOS="1585"/>
							<String ID="string_231" HPOS="1615" VPOS="610" WIDTH="43" HEIGHT="4" WC="0.92" CONTENT="—"/><SP WIDTH="32" VPOS="610" HPOS="1658"/>
							<String ID="string_232" HPOS="1690" VPOS="593" WIDTH="80" HEIGHT="38" WC="0.95" CONTENT="äger"/>
						</TextLine>
						<TextLine ID="line_46" HPOS="1040" VPOS="630" WIDTH="146" HEIGHT="41">
							<String ID="string_233" HPOS="1040" VPOS="630" WIDTH="146" HEIGHT="41" WC="0.96" CONTENT="förfoga."/>
						</TextLine>
					</TextBlock>
					<TextBlock ID="block_14" HPOS="1357" VPOS="691" WIDTH="91" HEIGHT="38">
						<TextLine ID="line_47" HPOS="1357" VPOS="691" WIDTH="91" HEIGHT="38">
							<String ID="string_234" HPOS="1357" VPOS="691" WIDTH="40" HEIGHT="31" WC="0.93" CONTENT="32"/><SP WIDTH="24" VPOS="691" HPOS="1397"/>
							<String ID="string_235" HPOS="1421" VPOS="691" WIDTH="27" HEIGHT="38" WC="0.93" CONTENT="8."/>
						</TextLine>
					</TextBlock>
					<TextBlock ID="block_15" HPOS="1038" VPOS="740" WIDTH="735" HEIGHT="282">
						<TextLine ID="line_48" HPOS="1086" VPOS="740" WIDTH="687" HEIGHT="42">
							<String ID="string_236" HPOS="1086" VPOS="740" WIDTH="14" HEIGHT="29" WC="0.89" CONTENT="1"/><SP WIDTH="35" VPOS="740" HPOS="1100"/>
							<String ID="string_237" HPOS="1135" VPOS="749" WIDTH="126" HEIGHT="22" WC="0.96" CONTENT="mom."/><SP WIDTH="35" VPOS="749" HPOS="1261"/>
							<String ID="string_238" HPOS="1296" VPOS="741" WIDTH="75" HEIGHT="30" WC="0.96" CONTENT="Den"/><SP WIDTH="24" VPOS="741" HPOS="1371"/>
							<String ID="string_239" HPOS="1395" VPOS="750" WIDTH="74" HEIGHT="21" WC="0.96" CONTENT="som"/><SP WIDTH="25" VPOS="750" HPOS="1469"/>
							<String ID="string_240" HPOS="1494" VPOS="741" WIDTH="53" HEIGHT="31" WC="0.95" CONTENT="till"/><SP WIDTH="21" VPOS="741" HPOS="1547"/>
							<String ID="string_241" HPOS="1568" VPOS="742" WIDTH="114" HEIGHT="40" WC="0.93" CONTENT="någon"/><SP WIDTH="25" VPOS="742" HPOS="1682"/>
							<String ID="string_242" HPOS="1707" VPOS="743" WIDTH="66" HEIGHT="30" WC="0.91" CONTENT="säl-"/>
						</TextLine>
						<TextLine ID="line_49" HPOS="1038" VPOS="780" WIDTH="733" HEIGHT="42">
							<String ID="string_243" HPOS="1038" VPOS="780" WIDTH="55" HEIGHT="39" WC="0.96" CONTENT="jer"/><SP WIDTH="27" VPOS="780" HPOS="1093"/>
							<String ID="string_244" HPOS="1120" VPOS="782" WIDTH="32" HEIGHT="29" WC="0.95" CONTENT="öl"/><SP WIDTH="30" VPOS="782" HPOS="1152"/>
							<String ID="string_245" HPOS="1182" VPOS="784" WIDTH="85" HEIGHT="28" WC="0.96" CONTENT="utan"/><SP WIDTH="29" VPOS="784" HPOS="1267"/>
							<String ID="string_246" HPOS="1296" VPOS="785" WIDTH="51" HEIGHT="29" WC="0.96" CONTENT="att"/><SP WIDTH="27" VPOS="785" HPOS="1347"/>
							<String ID="string_247" HPOS="1374" VPOS="783" WIDTH="65" HEIGHT="39" WC="0.96" CONTENT="äga"/><SP WIDTH="30" VPOS="783" HPOS="1439"/>
							<String ID="string_248" HPOS="1469" VPOS="784" WIDTH="70" HEIGHT="30" WC="0.96" CONTENT="rätt"/><SP WIDTH="28" VPOS="784" HPOS="1539"/>
							<String ID="string_249" HPOS="1567" VPOS="784" WIDTH="119" HEIGHT="31" WC="0.93" CONTENT="därtill"/><SP WIDTH="28" VPOS="784" HPOS="1686"/>
							<String ID="string_250" HPOS="1714" VPOS="794" WIDTH="57" HEIGHT="20" WC="0.93" CONTENT="en-"/>
						</TextLine>
						<TextLine ID="line_50" HPOS="1039" VPOS="823" WIDTH="733" HEIGHT="42">
							<String ID="string_251" HPOS="1039" VPOS="823" WIDTH="61" HEIGHT="40" WC="0.96" CONTENT="ligt"/><SP WIDTH="19" VPOS="823" HPOS="1100"/>
							<String ID="string_252" HPOS="1119" VPOS="824" WIDTH="114" HEIGHT="30" WC="0.96" CONTENT="denna"/><SP WIDTH="20" VPOS="824" HPOS="1233"/>
							<String ID="string_253" HPOS="1253" VPOS="824" WIDTH="206" HEIGHT="41" WC="0.96" CONTENT="förordning"/><SP WIDTH="19" VPOS="824" HPOS="1459"/>
							<String ID="string_254" HPOS="1478" VPOS="826" WIDTH="84" HEIGHT="30" WC="0.70" CONTENT="eller"/><SP WIDTH="19" VPOS="826" HPOS="1562"/>
							<String ID="string_255" HPOS="1581" VPOS="836" WIDTH="74" HEIGHT="20" WC="0.93" CONTENT="som"/><SP WIDTH="22" VPOS="836" HPOS="1655"/>
							<String ID="string_256" HPOS="1677" VPOS="827" WIDTH="95" HEIGHT="30" WC="0.90" CONTENT="över-"/>
						</TextLine>
						<TextLine ID="line_51" HPOS="1039" VPOS="865" WIDTH="733" HEIGHT="38">
							<String ID="string_257" HPOS="1039" VPOS="865" WIDTH="135" HEIGHT="31" WC="0.96" CONTENT="skrider"/><SP WIDTH="24" VPOS="865" HPOS="1174"/>
							<String ID="string_258" HPOS="1198" VPOS="866" WIDTH="110" HEIGHT="31" WC="0.96" CONTENT="sådan"/><SP WIDTH="23" VPOS="866" HPOS="1308"/>
							<String ID="string_259" HPOS="1331" VPOS="868" WIDTH="79" HEIGHT="35" WC="0.93" CONTENT="rätt,"/><SP WIDTH="25" VPOS="868" HPOS="1410"/>
							<String ID="string_260" HPOS="1435" VPOS="868" WIDTH="144" HEIGHT="31" WC="0.92" CONTENT="straffes"/><SP WIDTH="24" VPOS="868" HPOS="1579"/>
							<String ID="string_261" HPOS="1603" VPOS="868" WIDTH="54" HEIGHT="31" WC="0.93" CONTENT="för"/><SP WIDTH="23" VPOS="868" HPOS="1657"/>
							<String ID="string_262" HPOS="1680" VPOS="869" WIDTH="92" HEIGHT="29" WC="0.91" CONTENT="olov-"/>
						</TextLine>
						<TextLine ID="line_52" HPOS="1038" VPOS="907" WIDTH="732" HEIGHT="44">
							<String ID="string_263" HPOS="1038" VPOS="907" WIDTH="47" HEIGHT="41" WC="0.96" CONTENT="lig"/><SP WIDTH="25" VPOS="907" HPOS="1085"/>
							<String ID="string_264" HPOS="1110" VPOS="908" WIDTH="211" HEIGHT="41" WC="0.96" CONTENT="försäljning"/><SP WIDTH="25" VPOS="908" HPOS="1321"/>
							<String ID="string_265" HPOS="1346" VPOS="919" WIDTH="42" HEIGHT="21" WC="0.96" CONTENT="av"/><SP WIDTH="24" VPOS="919" HPOS="1388"/>
							<String ID="string_266" HPOS="1412" VPOS="910" WIDTH="33" HEIGHT="30" WC="0.96" CONTENT="öl"/><SP WIDTH="25" VPOS="910" HPOS="1445"/>
							<String ID="string_267" HPOS="1470" VPOS="911" WIDTH="81" HEIGHT="30" WC="0.96" CONTENT="med"/><SP WIDTH="26" VPOS="911" HPOS="1551"/>
							<String ID="string_268" HPOS="1577" VPOS="911" WIDTH="193" HEIGHT="40" WC="0.96" CONTENT="dagsböter."/>
						</TextLine>
						<TextLine ID="line_53" HPOS="1039" VPOS="949" WIDTH="732" HEIGHT="43">
							<String ID="string_269" HPOS="1039" VPOS="949" WIDTH="13" HEIGHT="29" WC="0.96" CONTENT="I"/><SP WIDTH="26" VPOS="949" HPOS="1052"/>
							<String ID="string_270" HPOS="1078" VPOS="950" WIDTH="99" HEIGHT="39" WC="0.96" CONTENT="ringa"/><SP WIDTH="26" VPOS="950" HPOS="1177"/>
							<String ID="string_271" HPOS="1203" VPOS="950" WIDTH="61" HEIGHT="31" WC="0.95" CONTENT="fall"/><SP WIDTH="29" VPOS="950" HPOS="1264"/>
							<String ID="string_272" HPOS="1293" VPOS="952" WIDTH="89" HEIGHT="30" WC="0.96" CONTENT="skall"/><SP WIDTH="27" VPOS="952" HPOS="1382"/>
							<String ID="string_273" HPOS="1409" VPOS="952" WIDTH="91" HEIGHT="30" WC="0.96" CONTENT="dock"/><SP WIDTH="26" VPOS="952" HPOS="1500"/>
							<String ID="string_274" HPOS="1526" VPOS="953" WIDTH="30" HEIGHT="39" WC="0.96" CONTENT="ej"/><SP WIDTH="30" VPOS="953" HPOS="1556"/>
							<String ID="string_275" HPOS="1586" VPOS="953" WIDTH="53" HEIGHT="30" WC="0.95" CONTENT="till"/><SP WIDTH="27" VPOS="953" HPOS="1639"/>
							<String ID="string_276" HPOS="1666" VPOS="953" WIDTH="105" HEIGHT="31" WC="0.96" CONTENT="straff"/>
						</TextLine>
						<TextLine ID="line_54" HPOS="1039" VPOS="992" WIDTH="131" HEIGHT="30">
							<String ID="string_277" HPOS="1039" VPOS="992" WIDTH="131" HEIGHT="30" WC="0.96" CONTENT="dömas."/>
						</TextLine>
					</TextBlock>
					<TextBlock ID="block_16" HPOS="1036" VPOS="1034" WIDTH="733" HEIGHT="293">
						<TextLine ID="line_55" HPOS="1081" VPOS="1034" WIDTH="687" HEIGHT="43">
							<String ID="string_278" HPOS="1081" VPOS="1034" WIDTH="45" HEIGHT="30" WC="0.96" CONTENT="Är"/><SP WIDTH="16" VPOS="1034" HPOS="1126"/>
							<String ID="string_279" HPOS="1142" VPOS="1034" WIDTH="127" HEIGHT="31" WC="0.96" CONTENT="brottet"/><SP WIDTH="18" VPOS="1034" HPOS="1269"/>
							<String ID="string_280" HPOS="1287" VPOS="1038" WIDTH="108" HEIGHT="37" WC="0.95" CONTENT="grovt,"/><SP WIDTH="17" VPOS="1038" HPOS="1395"/>
							<String ID="string_281" HPOS="1412" VPOS="1045" WIDTH="81" HEIGHT="21" WC="0.96" CONTENT="vare"/><SP WIDTH="18" VPOS="1045" HPOS="1493"/>
							<String ID="string_282" HPOS="1511" VPOS="1037" WIDTH="141" HEIGHT="30" WC="0.93" CONTENT="straffet"/><SP WIDTH="17" VPOS="1037" HPOS="1652"/>
							<String ID="string_283" HPOS="1669" VPOS="1037" WIDTH="99" HEIGHT="40" WC="0.91" CONTENT="dags-"/>
						</TextLine>
						<TextLine ID="line_56" HPOS="1037" VPOS="1076" WIDTH="732" HEIGHT="42">
							<String ID="string_284" HPOS="1037" VPOS="1076" WIDTH="97" HEIGHT="30" WC="0.96" CONTENT="böter"/><SP WIDTH="17" VPOS="1076" HPOS="1134"/>
							<String ID="string_285" HPOS="1151" VPOS="1077" WIDTH="82" HEIGHT="30" WC="0.96" CONTENT="eller"/><SP WIDTH="18" VPOS="1077" HPOS="1233"/>
							<String ID="string_286" HPOS="1251" VPOS="1077" WIDTH="154" HEIGHT="40" WC="0.96" CONTENT="fängelse"/><SP WIDTH="19" VPOS="1077" HPOS="1405"/>
							<String ID="string_287" HPOS="1424" VPOS="1079" WIDTH="10" HEIGHT="29" WC="0.96" CONTENT="i"/><SP WIDTH="17" VPOS="1079" HPOS="1434"/>
							<String ID="string_288" HPOS="1451" VPOS="1079" WIDTH="103" HEIGHT="39" WC="0.96" CONTENT="högst"/><SP WIDTH="19" VPOS="1079" HPOS="1554"/>
							<String ID="string_289" HPOS="1573" VPOS="1088" WIDTH="59" HEIGHT="22" WC="0.93" CONTENT="sex"/><SP WIDTH="17" VPOS="1088" HPOS="1632"/>
							<String ID="string_290" HPOS="1649" VPOS="1079" WIDTH="120" HEIGHT="31" WC="0.78" CONTENT="måna-"/>
						</TextLine>
						<TextLine ID="line_57" HPOS="1036" VPOS="1119" WIDTH="732" HEIGHT="33">
							<String ID="string_291" HPOS="1036" VPOS="1119" WIDTH="71" HEIGHT="29" WC="0.95" CONTENT="der."/><SP WIDTH="19" VPOS="1119" HPOS="1107"/>
							<String ID="string_292" HPOS="1126" VPOS="1119" WIDTH="65" HEIGHT="30" WC="0.96" CONTENT="Vid"/><SP WIDTH="19" VPOS="1119" HPOS="1191"/>
							<String ID="string_293" HPOS="1210" VPOS="1119" WIDTH="217" HEIGHT="32" WC="0.96" CONTENT="bedömande"/><SP WIDTH="19" VPOS="1119" HPOS="1427"/>
							<String ID="string_294" HPOS="1446" VPOS="1121" WIDTH="176" HEIGHT="30" WC="0.96" CONTENT="huruvida"/><SP WIDTH="18" VPOS="1121" HPOS="1622"/>
							<String ID="string_295" HPOS="1640" VPOS="1121" WIDTH="128" HEIGHT="31" WC="0.96" CONTENT="brottet"/>
						</TextLine>
						<TextLine ID="line_58" HPOS="1039" VPOS="1161" WIDTH="728" HEIGHT="39">
							<String ID="string_296" HPOS="1039" VPOS="1161" WIDTH="37" HEIGHT="29" WC="0.95" CONTENT="är"/><SP WIDTH="30" VPOS="1161" HPOS="1076"/>
							<String ID="string_297" HPOS="1106" VPOS="1164" WIDTH="96" HEIGHT="36" WC="0.95" CONTENT="grovt"/><SP WIDTH="31" VPOS="1164" HPOS="1202"/>
							<String ID="string_298" HPOS="1233" VPOS="1162" WIDTH="88" HEIGHT="30" WC="0.96" CONTENT="skall"/><SP WIDTH="32" VPOS="1162" HPOS="1321"/>
							<String ID="string_299" HPOS="1353" VPOS="1163" WIDTH="142" HEIGHT="30" WC="0.96" CONTENT="särskilt"/><SP WIDTH="30" VPOS="1163" HPOS="1495"/>
							<String ID="string_300" HPOS="1525" VPOS="1163" WIDTH="155" HEIGHT="35" WC="0.96" CONTENT="beaktas,"/><SP WIDTH="31" VPOS="1163" HPOS="1680"/>
							<String ID="string_301" HPOS="1711" VPOS="1173" WIDTH="56" HEIGHT="21" WC="0.96" CONTENT="om"/>
						</TextLine>
						<TextLine ID="line_59" HPOS="1039" VPOS="1202" WIDTH="730" HEIGHT="42">
							<String ID="string_302" HPOS="1039" VPOS="1202" WIDTH="255" HEIGHT="41" WC="0.95" CONTENT="försäljningen"/><SP WIDTH="28" VPOS="1202" HPOS="1294"/>
							<String ID="string_303" HPOS="1322" VPOS="1204" WIDTH="132" HEIGHT="40" WC="0.96" CONTENT="utgjort"/><SP WIDTH="28" VPOS="1204" HPOS="1454"/>
							<String ID="string_304" HPOS="1482" VPOS="1205" WIDTH="56" HEIGHT="30" WC="0.96" CONTENT="led"/><SP WIDTH="26" VPOS="1205" HPOS="1538"/>
							<String ID="string_305" HPOS="1564" VPOS="1205" WIDTH="12" HEIGHT="30" WC="0.96" CONTENT="i"/><SP WIDTH="26" VPOS="1205" HPOS="1576"/>
							<String ID="string_306" HPOS="1602" VPOS="1214" WIDTH="41" HEIGHT="21" WC="0.92" CONTENT="en"/><SP WIDTH="29" VPOS="1214" HPOS="1643"/>
							<String ID="string_307" HPOS="1672" VPOS="1206" WIDTH="97" HEIGHT="30" WC="0.92" CONTENT="verk-"/>
						</TextLine>
						<TextLine ID="line_60" HPOS="1037" VPOS="1245" WIDTH="732" HEIGHT="33">
							<String ID="string_308" HPOS="1037" VPOS="1245" WIDTH="137" HEIGHT="30" WC="0.96" CONTENT="samhet"/><SP WIDTH="16" VPOS="1245" HPOS="1174"/>
							<String ID="string_309" HPOS="1190" VPOS="1255" WIDTH="75" HEIGHT="20" WC="0.96" CONTENT="som"/><SP WIDTH="20" VPOS="1255" HPOS="1265"/>
							<String ID="string_310" HPOS="1285" VPOS="1246" WIDTH="166" HEIGHT="31" WC="0.96" CONTENT="bedrivits"/><SP WIDTH="17" VPOS="1246" HPOS="1451"/>
							<String ID="string_311" HPOS="1468" VPOS="1247" WIDTH="12" HEIGHT="29" WC="0.96" CONTENT="i"/><SP WIDTH="19" VPOS="1247" HPOS="1480"/>
							<String ID="string_312" HPOS="1499" VPOS="1248" WIDTH="110" HEIGHT="29" WC="0.93" CONTENT="större"/><SP WIDTH="19" VPOS="1248" HPOS="1609"/>
							<String ID="string_313" HPOS="1628" VPOS="1247" WIDTH="141" HEIGHT="31" WC="0.92" CONTENT="omfatt-"/>
						</TextLine>
						<TextLine ID="line_61" HPOS="1038" VPOS="1287" WIDTH="93" HEIGHT="40">
							<String ID="string_314" HPOS="1038" VPOS="1287" WIDTH="93" HEIGHT="40" WC="0.95" CONTENT="ning."/>
						</TextLine>
					</TextBlock>
				</ComposedBlock>
				<ComposedBlock ID="cblock_10" HPOS="1034" VPOS="1363" WIDTH="733" HEIGHT="292">
					<TextBlock ID="block_17" HPOS="1356" VPOS="1363" WIDTH="90" HEIGHT="38">
						<TextLine ID="line_62" HPOS="1356" VPOS="1363" WIDTH="90" HEIGHT="38">
							<String ID="string_315" HPOS="1356" VPOS="1363" WIDTH="40" HEIGHT="31" WC="0.96" CONTENT="34"/><SP WIDTH="23" VPOS="1363" HPOS="1396"/>
							<String ID="string_316" HPOS="1419" VPOS="1364" WIDTH="27" HEIGHT="37" WC="0.95" CONTENT="8."/>
						</TextLine>
					</TextBlock>
					<TextBlock ID="block_18" HPOS="1034" VPOS="1413" WIDTH="733" HEIGHT="242">
						<TextLine ID="line_63" HPOS="1079" VPOS="1413" WIDTH="686" HEIGHT="41">
							<String ID="string_317" HPOS="1079" VPOS="1413" WIDTH="122" HEIGHT="40" WC="0.95" CONTENT="Bryter"/><SP WIDTH="19" VPOS="1413" HPOS="1201"/>
							<String ID="string_318" HPOS="1220" VPOS="1414" WIDTH="115" HEIGHT="40" WC="0.96" CONTENT="någon"/><SP WIDTH="19" VPOS="1414" HPOS="1335"/>
							<String ID="string_319" HPOS="1354" VPOS="1415" WIDTH="11" HEIGHT="30" WC="0.96" CONTENT="i"/><SP WIDTH="20" VPOS="1415" HPOS="1365"/>
							<String ID="string_320" HPOS="1385" VPOS="1418" WIDTH="107" HEIGHT="28" WC="0.96" CONTENT="annat"/><SP WIDTH="20" VPOS="1418" HPOS="1492"/>
							<String ID="string_321" HPOS="1512" VPOS="1415" WIDTH="62" HEIGHT="31" WC="0.96" CONTENT="fall"/><SP WIDTH="20" VPOS="1415" HPOS="1574"/>
							<String ID="string_322" HPOS="1594" VPOS="1417" WIDTH="44" HEIGHT="29" WC="0.96" CONTENT="än"/><SP WIDTH="19" VPOS="1417" HPOS="1638"/>
							<String ID="string_323" HPOS="1657" VPOS="1416" WIDTH="11" HEIGHT="30" WC="0.96" CONTENT="i"/><SP WIDTH="20" VPOS="1416" HPOS="1668"/>
							<String ID="string_324" HPOS="1688" VPOS="1416" WIDTH="40" HEIGHT="31" WC="0.96" CONTENT="32"/><SP WIDTH="21" VPOS="1416" HPOS="1728"/>
							<String ID="string_325" HPOS="1749" VPOS="1416" WIDTH="16" HEIGHT="38" WC="0.81" CONTENT="8"/>
						</TextLine>
						<TextLine ID="line_64" HPOS="1037" VPOS="1456" WIDTH="729" HEIGHT="42">
							<String ID="string_326" HPOS="1037" VPOS="1456" WIDTH="77" HEIGHT="39" WC="0.96" CONTENT="sägs"/><SP WIDTH="24" VPOS="1456" HPOS="1114"/>
							<String ID="string_327" HPOS="1138" VPOS="1458" WIDTH="71" HEIGHT="28" WC="0.96" CONTENT="mot"/><SP WIDTH="24" VPOS="1458" HPOS="1209"/>
							<String ID="string_328" HPOS="1233" VPOS="1457" WIDTH="67" HEIGHT="30" WC="0.96" CONTENT="vad"/><SP WIDTH="24" VPOS="1457" HPOS="1300"/>
							<String ID="string_329" HPOS="1324" VPOS="1457" WIDTH="11" HEIGHT="30" WC="0.96" CONTENT="i"/><SP WIDTH="24" VPOS="1457" HPOS="1335"/>
							<String ID="string_330" HPOS="1359" VPOS="1458" WIDTH="114" HEIGHT="30" WC="0.96" CONTENT="denna"/><SP WIDTH="25" VPOS="1458" HPOS="1473"/>
							<String ID="string_331" HPOS="1498" VPOS="1458" WIDTH="206" HEIGHT="40" WC="0.96" CONTENT="förordning"/><SP WIDTH="25" VPOS="1458" HPOS="1704"/>
							<String ID="string_332" HPOS="1729" VPOS="1459" WIDTH="37" HEIGHT="30" WC="0.96" CONTENT="är"/>
						</TextLine>
						<TextLine ID="line_65" HPOS="1036" VPOS="1498" WIDTH="731" HEIGHT="39">
							<String ID="string_333" HPOS="1036" VPOS="1498" WIDTH="136" HEIGHT="39" WC="0.96" CONTENT="stadgat"/><SP WIDTH="18" VPOS="1498" HPOS="1172"/>
							<String ID="string_334" HPOS="1190" VPOS="1499" WIDTH="82" HEIGHT="30" WC="0.96" CONTENT="eller"/><SP WIDTH="17" VPOS="1499" HPOS="1272"/>
							<String ID="string_335" HPOS="1289" VPOS="1502" WIDTH="73" HEIGHT="27" WC="0.96" CONTENT="mot"/><SP WIDTH="18" VPOS="1502" HPOS="1362"/>
							<String ID="string_336" HPOS="1380" VPOS="1499" WIDTH="183" HEIGHT="32" WC="0.96" CONTENT="föreskrift"/><SP WIDTH="18" VPOS="1499" HPOS="1563"/>
							<String ID="string_337" HPOS="1581" VPOS="1509" WIDTH="74" HEIGHT="22" WC="0.93" CONTENT="som"/><SP WIDTH="18" VPOS="1509" HPOS="1655"/>
							<String ID="string_338" HPOS="1673" VPOS="1501" WIDTH="94" HEIGHT="30" WC="0.92" CONTENT="med-"/>
						</TextLine>
						<TextLine ID="line_66" HPOS="1036" VPOS="1540" WIDTH="730" HEIGHT="43">
							<String ID="string_339" HPOS="1036" VPOS="1540" WIDTH="110" HEIGHT="30" WC="0.96" CONTENT="delats"/><SP WIDTH="39" VPOS="1540" HPOS="1146"/>
							<String ID="string_340" HPOS="1185" VPOS="1541" WIDTH="79" HEIGHT="30" WC="0.96" CONTENT="med"/><SP WIDTH="40" VPOS="1541" HPOS="1264"/>
							<String ID="string_341" HPOS="1304" VPOS="1542" WIDTH="77" HEIGHT="30" WC="0.96" CONTENT="stöd"/><SP WIDTH="40" VPOS="1542" HPOS="1381"/>
							<String ID="string_342" HPOS="1421" VPOS="1551" WIDTH="42" HEIGHT="21" WC="0.96" CONTENT="av"/><SP WIDTH="41" VPOS="1551" HPOS="1463"/>
							<String ID="string_343" HPOS="1504" VPOS="1542" WIDTH="262" HEIGHT="41" WC="0.96" CONTENT="förordningen,"/>
						</TextLine>
						<TextLine ID="line_67" HPOS="1037" VPOS="1582" WIDTH="728" HEIGHT="42">
							<String ID="string_344" HPOS="1037" VPOS="1582" WIDTH="142" HEIGHT="31" WC="0.91" CONTENT="straffes"/><SP WIDTH="26" VPOS="1582" HPOS="1179"/>
							<String ID="string_345" HPOS="1205" VPOS="1583" WIDTH="79" HEIGHT="30" WC="0.96" CONTENT="med"/><SP WIDTH="27" VPOS="1583" HPOS="1284"/>
							<String ID="string_346" HPOS="1311" VPOS="1583" WIDTH="107" HEIGHT="35" WC="0.96" CONTENT="böter,"/><SP WIDTH="26" VPOS="1583" HPOS="1418"/>
							<String ID="string_347" HPOS="1444" VPOS="1585" WIDTH="103" HEIGHT="39" WC="0.96" CONTENT="högst"/><SP WIDTH="26" VPOS="1585" HPOS="1547"/>
							<String ID="string_348" HPOS="1573" VPOS="1585" WIDTH="192" HEIGHT="30" WC="0.96" CONTENT="trehundra"/>
						</TextLine>
						<TextLine ID="line_68" HPOS="1034" VPOS="1625" WIDTH="140" HEIGHT="30">
							<String ID="string_349" HPOS="1034" VPOS="1625" WIDTH="140" HEIGHT="30" WC="0.96" CONTENT="kronor."/>
						</TextLine>
					</TextBlock>
				</ComposedBlock>
				<ComposedBlock ID="cblock_11" HPOS="1031" VPOS="1702" WIDTH="735" HEIGHT="500">
					<TextBlock ID="block_19" HPOS="1353" VPOS="1702" WIDTH="91" HEIGHT="37">
						<TextLine ID="line_69" HPOS="1353" VPOS="1702" WIDTH="91" HEIGHT="37">
							<String ID="string_350" HPOS="1353" VPOS="1702" WIDTH="41" HEIGHT="30" WC="0.96" CONTENT="38"/><SP WIDTH="22" VPOS="1702" HPOS="1394"/>
							<String ID="string_351" HPOS="1416" VPOS="1702" WIDTH="28" HEIGHT="37" WC="0.89" CONTENT="8."/>
						</TextLine>
					</TextBlock>
					<TextBlock ID="block_20" HPOS="1031" VPOS="1751" WIDTH="735" HEIGHT="451">
						<TextLine ID="line_70" HPOS="1079" VPOS="1751" WIDTH="687" HEIGHT="41">
							<String ID="string_352" HPOS="1079" VPOS="1751" WIDTH="71" HEIGHT="29" WC="0.96" CONTENT="Har"/><SP WIDTH="25" VPOS="1751" HPOS="1150"/>
							<String ID="string_353" HPOS="1175" VPOS="1751" WIDTH="150" HEIGHT="31" WC="0.96" CONTENT="domstol"/><SP WIDTH="26" VPOS="1751" HPOS="1325"/>
							<String ID="string_354" HPOS="1351" VPOS="1752" WIDTH="136" HEIGHT="40" WC="0.96" CONTENT="avgjort"/><SP WIDTH="25" VPOS="1752" HPOS="1487"/>
							<String ID="string_355" HPOS="1512" VPOS="1752" WIDTH="71" HEIGHT="31" WC="0.96" CONTENT="mål"/><SP WIDTH="25" VPOS="1752" HPOS="1583"/>
							<String ID="string_356" HPOS="1608" VPOS="1755" WIDTH="73" HEIGHT="28" WC="0.93" CONTENT="mot"/><SP WIDTH="24" VPOS="1755" HPOS="1681"/>
							<String ID="string_357" HPOS="1705" VPOS="1753" WIDTH="61" HEIGHT="30" WC="0.92" CONTENT="nå-"/>
						</TextLine>
						<TextLine ID="line_71" HPOS="1035" VPOS="1793" WIDTH="731" HEIGHT="41">
							<String ID="string_358" HPOS="1035" VPOS="1800" WIDTH="67" HEIGHT="31" WC="0.96" CONTENT="gon"/><SP WIDTH="32" VPOS="1800" HPOS="1102"/>
							<String ID="string_359" HPOS="1134" VPOS="1802" WIDTH="73" HEIGHT="21" WC="0.95" CONTENT="som"/><SP WIDTH="31" VPOS="1802" HPOS="1207"/>
							<String ID="string_360" HPOS="1238" VPOS="1793" WIDTH="159" HEIGHT="31" WC="0.96" CONTENT="bedriver"/><SP WIDTH="29" VPOS="1793" HPOS="1397"/>
							<String ID="string_361" HPOS="1426" VPOS="1795" WIDTH="238" HEIGHT="39" WC="0.92" CONTENT="yrkesmässig"/><SP WIDTH="31" VPOS="1795" HPOS="1664"/>
							<String ID="string_362" HPOS="1695" VPOS="1795" WIDTH="71" HEIGHT="31" WC="0.92" CONTENT="för-"/>
						</TextLine>
						<TextLine ID="line_72" HPOS="1035" VPOS="1834" WIDTH="729" HEIGHT="43">
							<String ID="string_363" HPOS="1035" VPOS="1834" WIDTH="153" HEIGHT="41" WC="0.91" CONTENT="säljning"/><SP WIDTH="16" VPOS="1834" HPOS="1188"/>
							<String ID="string_364" HPOS="1204" VPOS="1845" WIDTH="42" HEIGHT="20" WC="0.96" CONTENT="av"/><SP WIDTH="16" VPOS="1845" HPOS="1246"/>
							<String ID="string_365" HPOS="1262" VPOS="1836" WIDTH="33" HEIGHT="30" WC="0.96" CONTENT="öl"/><SP WIDTH="17" VPOS="1836" HPOS="1295"/>
							<String ID="string_366" HPOS="1312" VPOS="1837" WIDTH="82" HEIGHT="29" WC="0.96" CONTENT="eller"/><SP WIDTH="16" VPOS="1837" HPOS="1394"/>
							<String ID="string_367" HPOS="1410" VPOS="1839" WIDTH="73" HEIGHT="28" WC="0.96" CONTENT="mot"/><SP WIDTH="16" VPOS="1839" HPOS="1483"/>
							<String ID="string_368" HPOS="1499" VPOS="1837" WIDTH="115" HEIGHT="40" WC="0.96" CONTENT="någon"/><SP WIDTH="17" VPOS="1837" HPOS="1614"/>
							<String ID="string_369" HPOS="1631" VPOS="1837" WIDTH="64" HEIGHT="31" WC="0.93" CONTENT="hos"/><SP WIDTH="18" VPOS="1837" HPOS="1695"/>
							<String ID="string_370" HPOS="1713" VPOS="1837" WIDTH="51" HEIGHT="31" WC="0.91" CONTENT="så-"/>
						</TextLine>
						<TextLine ID="line_73" HPOS="1034" VPOS="1877" WIDTH="730" HEIGHT="42">
							<String ID="string_371" HPOS="1034" VPOS="1877" WIDTH="69" HEIGHT="30" WC="0.96" CONTENT="dan"/><SP WIDTH="49" VPOS="1877" HPOS="1103"/>
							<String ID="string_372" HPOS="1152" VPOS="1877" WIDTH="185" HEIGHT="40" WC="0.92" CONTENT="försäljare"/><SP WIDTH="49" VPOS="1877" HPOS="1337"/>
							<String ID="string_373" HPOS="1386" VPOS="1879" WIDTH="151" HEIGHT="30" WC="0.95" CONTENT="anställd"/><SP WIDTH="50" VPOS="1879" HPOS="1537"/>
							<String ID="string_374" HPOS="1587" VPOS="1879" WIDTH="177" HEIGHT="40" WC="0.94" CONTENT="angående"/>
						</TextLine>
						<TextLine ID="line_74" HPOS="1032" VPOS="1919" WIDTH="734" HEIGHT="43">
							<String ID="string_375" HPOS="1032" VPOS="1919" WIDTH="93" HEIGHT="30" WC="0.96" CONTENT="brott"/><SP WIDTH="16" VPOS="1919" HPOS="1125"/>
							<String ID="string_376" HPOS="1141" VPOS="1928" WIDTH="74" HEIGHT="21" WC="0.96" CONTENT="som"/><SP WIDTH="17" VPOS="1928" HPOS="1215"/>
							<String ID="string_377" HPOS="1232" VPOS="1929" WIDTH="99" HEIGHT="21" WC="0.96" CONTENT="avses"/><SP WIDTH="16" VPOS="1929" HPOS="1331"/>
							<String ID="string_378" HPOS="1347" VPOS="1920" WIDTH="11" HEIGHT="30" WC="0.96" CONTENT="i"/><SP WIDTH="16" VPOS="1920" HPOS="1358"/>
							<String ID="string_379" HPOS="1374" VPOS="1921" WIDTH="42" HEIGHT="31" WC="0.96" CONTENT="32"/><SP WIDTH="16" VPOS="1921" HPOS="1416"/>
							<String ID="string_380" HPOS="1432" VPOS="1921" WIDTH="83" HEIGHT="30" WC="0.96" CONTENT="eller"/><SP WIDTH="16" VPOS="1921" HPOS="1515"/>
							<String ID="string_381" HPOS="1531" VPOS="1922" WIDTH="42" HEIGHT="29" WC="0.93" CONTENT="34"/><SP WIDTH="16" VPOS="1922" HPOS="1573"/>
							<String ID="string_382" HPOS="1589" VPOS="1921" WIDTH="31" HEIGHT="37" WC="0.92" CONTENT="$,"/><SP WIDTH="16" VPOS="1921" HPOS="1620"/>
							<String ID="string_383" HPOS="1636" VPOS="1921" WIDTH="130" HEIGHT="41" WC="0.96" CONTENT="åligger"/>
						</TextLine>
						<TextLine ID="line_75" HPOS="1032" VPOS="1962" WIDTH="731" HEIGHT="42">
							<String ID="string_384" HPOS="1032" VPOS="1962" WIDTH="57" HEIGHT="29" WC="0.96" CONTENT="det"/><SP WIDTH="18" VPOS="1962" HPOS="1089"/>
							<String ID="string_385" HPOS="1107" VPOS="1962" WIDTH="195" HEIGHT="30" WC="0.96" CONTENT="domstolen"/><SP WIDTH="19" VPOS="1962" HPOS="1302"/>
							<String ID="string_386" HPOS="1321" VPOS="1965" WIDTH="50" HEIGHT="28" WC="0.96" CONTENT="att"/><SP WIDTH="17" VPOS="1965" HPOS="1371"/>
							<String ID="string_387" HPOS="1388" VPOS="1963" WIDTH="96" HEIGHT="30" WC="0.96" CONTENT="inom"/><SP WIDTH="19" VPOS="1963" HPOS="1484"/>
							<String ID="string_388" HPOS="1503" VPOS="1963" WIDTH="135" HEIGHT="39" WC="0.95" CONTENT="fjorton"/><SP WIDTH="18" VPOS="1963" HPOS="1638"/>
							<String ID="string_389" HPOS="1656" VPOS="1964" WIDTH="107" HEIGHT="40" WC="0.96" CONTENT="dagar"/>
						</TextLine>
						<TextLine ID="line_76" HPOS="1034" VPOS="2003" WIDTH="731" HEIGHT="33">
							<String ID="string_390" HPOS="1034" VPOS="2003" WIDTH="79" HEIGHT="30" WC="0.96" CONTENT="från"/><SP WIDTH="29" VPOS="2003" HPOS="1113"/>
							<String ID="string_391" HPOS="1142" VPOS="2004" WIDTH="144" HEIGHT="30" WC="0.96" CONTENT="domens"/><SP WIDTH="28" VPOS="2004" HPOS="1286"/>
							<String ID="string_392" HPOS="1314" VPOS="2005" WIDTH="230" HEIGHT="31" WC="0.96" CONTENT="meddelande"/><SP WIDTH="27" VPOS="2005" HPOS="1544"/>
							<String ID="string_393" HPOS="1571" VPOS="2007" WIDTH="194" HEIGHT="29" WC="0.96" CONTENT="översända"/>
						</TextLine>
						<TextLine ID="line_77" HPOS="1033" VPOS="2045" WIDTH="730" HEIGHT="43">
							<String ID="string_394" HPOS="1033" VPOS="2045" WIDTH="148" HEIGHT="30" WC="0.95" CONTENT="avskrift"/><SP WIDTH="18" VPOS="2045" HPOS="1181"/>
							<String ID="string_395" HPOS="1199" VPOS="2055" WIDTH="42" HEIGHT="21" WC="0.96" CONTENT="av"/><SP WIDTH="17" VPOS="2055" HPOS="1241"/>
							<String ID="string_396" HPOS="1258" VPOS="2047" WIDTH="127" HEIGHT="29" WC="0.96" CONTENT="domen"/><SP WIDTH="18" VPOS="2047" HPOS="1385"/>
							<String ID="string_397" HPOS="1403" VPOS="2047" WIDTH="51" HEIGHT="30" WC="0.96" CONTENT="till"/><SP WIDTH="19" VPOS="2047" HPOS="1454"/>
							<String ID="string_398" HPOS="1473" VPOS="2048" WIDTH="68" HEIGHT="29" WC="0.96" CONTENT="den"/><SP WIDTH="19" VPOS="2048" HPOS="1541"/>
							<String ID="string_399" HPOS="1560" VPOS="2048" WIDTH="203" HEIGHT="40" WC="0.96" CONTENT="myndighet"/>
						</TextLine>
						<TextLine ID="line_78" HPOS="1033" VPOS="2088" WIDTH="728" HEIGHT="36">
							<String ID="string_400" HPOS="1033" VPOS="2097" WIDTH="74" HEIGHT="21" WC="0.96" CONTENT="som"/><SP WIDTH="20" VPOS="2097" HPOS="1107"/>
							<String ID="string_401" HPOS="1127" VPOS="2088" WIDTH="156" HEIGHT="30" WC="0.93" CONTENT="utfärdat"/><SP WIDTH="19" VPOS="2088" HPOS="1283"/>
							<String ID="string_402" HPOS="1302" VPOS="2089" WIDTH="275" HEIGHT="31" WC="0.90" CONTENT="tillståndsbevis"/><SP WIDTH="18" VPOS="2089" HPOS="1577"/>
							<String ID="string_403" HPOS="1595" VPOS="2091" WIDTH="93" HEIGHT="33" WC="0.96" CONTENT="eller,"/><SP WIDTH="18" VPOS="2091" HPOS="1688"/>
							<String ID="string_404" HPOS="1706" VPOS="2100" WIDTH="55" HEIGHT="20" WC="0.96" CONTENT="om"/>
						</TextLine>
						<TextLine ID="line_79" HPOS="1033" VPOS="2130" WIDTH="730" HEIGHT="41">
							<String ID="string_405" HPOS="1033" VPOS="2130" WIDTH="124" HEIGHT="30" WC="0.96" CONTENT="sådant"/><SP WIDTH="17" VPOS="2130" HPOS="1157"/>
							<String ID="string_406" HPOS="1174" VPOS="2130" WIDTH="95" HEIGHT="30" WC="0.96" CONTENT="bevis"/><SP WIDTH="18" VPOS="2130" HPOS="1269"/>
							<String ID="string_407" HPOS="1287" VPOS="2131" WIDTH="31" HEIGHT="39" WC="0.96" CONTENT="ej"/><SP WIDTH="22" VPOS="2131" HPOS="1318"/>
							<String ID="string_408" HPOS="1340" VPOS="2131" WIDTH="185" HEIGHT="35" WC="0.96" CONTENT="utfärdats,"/><SP WIDTH="19" VPOS="2131" HPOS="1525"/>
							<String ID="string_409" HPOS="1544" VPOS="2132" WIDTH="52" HEIGHT="30" WC="0.92" CONTENT="till"/><SP WIDTH="19" VPOS="2132" HPOS="1596"/>
							<String ID="string_410" HPOS="1615" VPOS="2133" WIDTH="148" HEIGHT="38" WC="0.91" CONTENT="länssty-"/>
						</TextLine>
						<TextLine ID="line_80" HPOS="1031" VPOS="2172" WIDTH="123" HEIGHT="30">
							<String ID="string_411" HPOS="1031" VPOS="2172" WIDTH="123" HEIGHT="30" WC="0.96" CONTENT="relsen."/>
						</TextLine>
					</TextBlock>
				</ComposedBlock>
				<ComposedBlock ID="cblock_12" HPOS="261" VPOS="2279" WIDTH="1501" HEIGHT="83">
					<TextBlock ID="block_21" HPOS="261" VPOS="2279" WIDTH="1501" HEIGHT="83">
						<TextLine ID="line_81" HPOS="306" VPOS="2279" WIDTH="1455" HEIGHT="40">
							<String ID="string_412" HPOS="306" VPOS="2279" WIDTH="122" HEIGHT="30" WC="0.96" CONTENT="Denna"/><SP WIDTH="22" VPOS="2279" HPOS="428"/>
							<String ID="string_413" HPOS="450" VPOS="2279" WIDTH="206" HEIGHT="40" WC="0.96" CONTENT="förordning"/><SP WIDTH="20" VPOS="2279" HPOS="656"/>
							<String ID="string_414" HPOS="676" VPOS="2279" WIDTH="116" HEIGHT="31" WC="0.96" CONTENT="träder"/><SP WIDTH="22" VPOS="2279" HPOS="792"/>
							<String ID="string_415" HPOS="814" VPOS="2280" WIDTH="10" HEIGHT="29" WC="0.96" CONTENT="i"/><SP WIDTH="21" VPOS="2280" HPOS="824"/>
							<String ID="string_416" HPOS="845" VPOS="2280" WIDTH="96" HEIGHT="31" WC="0.96" CONTENT="kraft"/><SP WIDTH="21" VPOS="2280" HPOS="941"/>
							<String ID="string_417" HPOS="962" VPOS="2281" WIDTH="68" HEIGHT="30" WC="0.96" CONTENT="den"/><SP WIDTH="24" VPOS="2281" HPOS="1030"/>
							<String ID="string_418" HPOS="1054" VPOS="2281" WIDTH="14" HEIGHT="30" WC="0.95" CONTENT="1"/><SP WIDTH="25" VPOS="2281" HPOS="1068"/>
							<String ID="string_419" HPOS="1093" VPOS="2281" WIDTH="142" HEIGHT="30" WC="0.95" CONTENT="oktober"/><SP WIDTH="24" VPOS="2281" HPOS="1235"/>
							<String ID="string_420" HPOS="1259" VPOS="2282" WIDTH="93" HEIGHT="30" WC="0.96" CONTENT="1963."/><SP WIDTH="22" VPOS="2282" HPOS="1352"/>
							<String ID="string_421" HPOS="1374" VPOS="2282" WIDTH="102" HEIGHT="31" WC="0.96" CONTENT="äldre"/><SP WIDTH="22" VPOS="2282" HPOS="1476"/>
							<String ID="string_422" HPOS="1498" VPOS="2283" WIDTH="263" HEIGHT="31" WC="0.96" CONTENT="bestämmelser"/>
						</TextLine>
						<TextLine ID="line_82" HPOS="261" VPOS="2321" WIDTH="1501" HEIGHT="41">
							<String ID="string_423" HPOS="261" VPOS="2321" WIDTH="100" HEIGHT="30" WC="0.96" CONTENT="skola"/><SP WIDTH="21" VPOS="2321" HPOS="361"/>
							<String ID="string_424" HPOS="382" VPOS="2321" WIDTH="88" HEIGHT="30" WC="0.96" CONTENT="dock"/><SP WIDTH="23" VPOS="2321" HPOS="470"/>
							<String ID="string_425" HPOS="493" VPOS="2321" WIDTH="153" HEIGHT="40" WC="0.95" CONTENT="alltjämt"/><SP WIDTH="24" VPOS="2321" HPOS="646"/>
							<String ID="string_426" HPOS="670" VPOS="2322" WIDTH="62" HEIGHT="39" WC="0.96" CONTENT="äga"/><SP WIDTH="22" VPOS="2322" HPOS="732"/>
							<String ID="string_427" HPOS="754" VPOS="2322" WIDTH="224" HEIGHT="40" WC="0.96" CONTENT="tillämpning"/><SP WIDTH="21" VPOS="2322" HPOS="978"/>
							<String ID="string_428" HPOS="999" VPOS="2322" WIDTH="221" HEIGHT="31" WC="0.96" CONTENT="beträffande"/><SP WIDTH="24" VPOS="2322" HPOS="1220"/>
							<String ID="string_429" HPOS="1244" VPOS="2323" WIDTH="244" HEIGHT="31" WC="0.96" CONTENT="förhållanden"/><SP WIDTH="25" VPOS="2323" HPOS="1488"/>
							<String ID="string_430" HPOS="1513" VPOS="2334" WIDTH="76" HEIGHT="20" WC="0.96" CONTENT="som"/><SP WIDTH="22" VPOS="2334" HPOS="1589"/>
							<String ID="string_431" HPOS="1611" VPOS="2325" WIDTH="151" HEIGHT="30" WC="0.96" CONTENT="hänföra"/>
						</TextLine>
					</TextBlock>
				</ComposedBlock>
				<ComposedBlock ID="cblock_13" HPOS="261" VPOS="2363" WIDTH="656" HEIGHT="39">
					<TextBlock ID="block_22" HPOS="261" VPOS="2363" WIDTH="656" HEIGHT="39">
						<TextLine ID="line_83" HPOS="261" VPOS="2363" WIDTH="656" HEIGHT="39">
							<String ID="string_432" HPOS="261" VPOS="2363" WIDTH="51" HEIGHT="39" WC="0.96" CONTENT="sig"/><SP WIDTH="19" VPOS="2363" HPOS="312"/>
							<String ID="string_433" HPOS="331" VPOS="2363" WIDTH="52" HEIGHT="29" WC="0.96" CONTENT="till"/><SP WIDTH="19" VPOS="2363" HPOS="383"/>
							<String ID="string_434" HPOS="402" VPOS="2363" WIDTH="95" HEIGHT="30" WC="0.96" CONTENT="tiden"/><SP WIDTH="20" VPOS="2363" HPOS="497"/>
							<String ID="string_435" HPOS="517" VPOS="2363" WIDTH="75" HEIGHT="30" WC="0.96" CONTENT="före"/><SP WIDTH="19" VPOS="2363" HPOS="592"/>
							<String ID="string_436" HPOS="611" VPOS="2363" WIDTH="306" HEIGHT="30" WC="0.96" CONTENT="ikraftträdandet."/>
						</TextLine>
					</TextBlock>
				</ComposedBlock>
			</PrintSpace>
		</Page>
	</Layout>
</alto>
