1888 2776
269 180 39 29 16
426 177 106 28 Andra
552 177 202 27 kammarens
778 177 159 28 allmänna
960 177 321 34 beredningsutskotts
1303 177 157 28 utlåtande
1484 185 38 19 nr
1543 178 47 27 40.

270 269 232 30 resultatlösa.
530 269 4 29 I
550 268 129 40 många
695 269 64 30 fall
773 269 45 30 ha
835 269 42 30 de
894 269 144 39 intagna
1055 272 48 27 ett
1118 269 107 30 50-tal
1241 268 182 30 bilstölder
1439 268 130 30 bakom
1589 268 60 39 sig.
1672 268 81 31 Som

268 322 96 30 bevis
383 322 56 30 för
458 322 361 39 ungdomsskolornas
839 322 150 39 positiva
1008 322 223 39 möjligheter
1251 322 152 35 anföres,
1426 325 50 27 att
1496 331 42 21 av
1559 321 193 40 rymlingar

269 374 80 31 från
367 375 295 35 Lövstahemmet,
682 384 77 21 som
776 385 153 29 rymmer
947 378 48 27 ett
1013 375 150 39 tjugutal
1182 385 43 20 av
1242 375 136 30 landets
1397 374 155 31 svåraste
1573 374 177 39 biltjuvar,

270 429 122 29 endast
412 431 48 28 ett
478 427 86 31 fåtal
581 428 184 30 bilstölder
782 429 185 29 förövades
986 429 112 29 under
1120 429 93 29 1949.

313 490 206 39 Ytterligare
546 491 223 38 möjligheter
796 494 50 26 att
873 491 175 38 bekämpa
1074 490 341 39 bilstöldproblemet
1442 491 86 29 böra
1557 489 194 30 emellertid

264 543 223 36 undersökas,
509 544 65 30 och
593 544 226 30 tillsättandet
838 553 42 21 av
902 553 43 21 en
965 543 180 31 kommitté
1163 544 122 30 härför
1305 543 195 39 tillstyrkes.
1523 543 229 30 Bilstölderna

270 597 61 29 äro
348 600 47 26 ett
410 596 134 39 typiskt
559 597 270 38 ungdomsbrott
845 597 65 30 och
926 597 115 38 hänga
1057 596 198 40 säkerligen
1271 606 160 20 samman
1447 597 81 29 med
1544 597 210 38 puberteten

270 650 66 29 och
354 650 261 38 ungdomarnas
634 650 165 39 speciella
816 650 159 38 problem
994 650 10 29 i
1025 650 114 30 denna
1158 649 354 39 utvecklingsperiod.
1533 650 50 29 De
1601 650 153 38 uppleva

270 704 116 29 starka
414 704 142 29 känslor
583 714 41 19 av
652 705 97 28 makt
777 705 64 28 och
872 704 171 38 spänning
1070 706 89 27 samt
1188 704 142 29 sexuellt
1359 703 142 38 färgade
1530 702 222 31 sensationer.

266 756 417 39 Hastighetstävlingarna
709 757 65 29 och
798 757 250 38 propagandan
1072 756 101 40 kring
1198 758 254 36 motorsporten
1476 755 94 39 spela
1596 755 53 30 sin
1677 755 75 30 roll.

270 809 14 30 I
306 810 67 29 den
396 809 200 39 föreslagna
620 809 211 30 kommittén
855 810 63 29 bör
941 809 81 39 ingå
1045 819 42 21 en
1112 812 121 36 expert
1259 809 56 30 för
1338 808 415 39 ungdomspsykiatriska

270 861 128 40 frågor.

309 916 281 30 Motormännens
609 916 227 31 riksförbund
855 917 101 30 anför
976 918 44 29 bl.
1041 927 39 26 a.,
1102 920 49 27 att
1174 918 56 30 det
1249 918 79 30 med
1349 918 136 39 hänsyn
1504 918 50 31 till
1574 919 67 30 den
1660 921 92 28 stora

268 969 219 39 omfattning,
511 979 74 20 som
608 970 41 30 de
671 980 23 19 s.
718 970 32 29 k.
772 969 150 31 billånen
944 971 83 38 tagit
1048 971 85 30 efter
1155 971 128 38 krigets
1306 972 76 35 slut,
1405 972 173 35 framstår,
1603 974 87 28 även
1712 982 41 20 ur

268 1022 488 39 trafiksäkerhetssynpunkt,
787 1022 115 31 såsom
932 1023 222 39 synnerligen
1185 1025 191 38 angeläget,
1408 1028 50 27 att
1488 1024 162 39 åtgärder
1680 1025 72 30 vid-

268 1078 97 36 tagas
384 1076 56 29 för
456 1079 50 27 att
526 1076 111 38 stävja
654 1076 91 30 dem.
764 1076 285 36 Riksförbundet,
1069 1086 76 21 som
1161 1078 109 29 sedan
1287 1076 81 40 lång
1384 1077 51 30 tid
1453 1078 147 30 tillbaka
1617 1077 135 40 påtalat

268 1127 155 32 rådande
450 1128 347 37 missförhållanden,
826 1129 193 39 tillstyrker
1045 1130 131 35 därför,
1205 1133 51 27 att
1285 1140 42 20 en
1355 1130 187 40 utredning
1570 1130 182 40 angående

268 1181 171 31 effektiva
458 1181 162 40 åtgärder
639 1185 75 27 mot
732 1182 161 40 tillgrepp
914 1193 42 20 av
976 1183 246 30 motorfordon
1242 1183 160 30 kommer
1421 1184 53 30 till
1494 1183 112 31 stånd.
1629 1184 123 31 Denna

267 1235 65 30 bör
349 1235 178 31 anförtros
547 1234 34 31 åt
599 1245 43 20 en
660 1235 154 39 allsidigt
832 1235 123 31 tillsatt
972 1236 185 30 kommitté
1176 1237 81 30 med
1277 1240 282 36 representanter
1578 1238 56 29 för
1655 1238 45 30 bl.
1721 1247 30 21 a.

268 1288 456 40 motororganisationerna.
748 1289 210 35 Förbundet,
980 1299 75 20 som
1075 1288 111 31 håller
1207 1290 56 30 för
1282 1289 128 40 troligt,
1430 1293 51 27 att
1501 1300 43 20 en
1564 1290 189 40 utredning

267 1352 44 20 av
328 1342 100 30 dessa
446 1343 255 38 beydelsefulla
719 1343 160 38 problem
897 1343 160 29 kommer
1076 1346 50 27 att
1145 1343 108 39 draga
1273 1342 95 40 långt
1386 1346 38 27 ut
1444 1342 45 40 på
1507 1343 106 36 tiden,
1638 1353 112 26 anser,

269 1398 50 27 att
337 1405 82 20 man
439 1395 11 29 i
470 1396 111 29 första
599 1396 97 29 hand
715 1396 64 29 bör
798 1395 131 31 inrikta
949 1396 51 39 sig
1019 1395 45 40 på
1084 1395 132 31 sådana
1237 1396 225 31 omedelbara
1482 1395 171 40 åtgärder,
1676 1406 76 21 som

267 1449 122 30 kunna
405 1448 141 31 minska
563 1448 260 40 omfattningen
840 1458 42 21 av
898 1448 165 31 billånen.
1084 1449 212 36 Förbundet,
1319 1459 75 20 som
1411 1449 46 39 på
1474 1450 95 30 olika
1586 1450 69 30 sätt
1672 1459 79 30 pro-

267 1505 145 36 pagerat
432 1502 57 29 för
508 1505 50 27 att
578 1502 91 30 bilar
688 1505 155 27 utrustas
865 1503 80 29 med
965 1502 95 31 olika
1080 1503 73 38 slag
1175 1512 43 20 av
1239 1501 302 41 låsanordningar,
1564 1513 113 26 anser,
1701 1506 51 28 att

268 1555 116 30 denna
404 1554 100 40 fråga
524 1556 64 29 bör
607 1556 165 29 närmare
792 1556 150 35 utredas,
965 1558 22 27 t.
1011 1565 50 21 ex.
1083 1565 43 21 av
1147 1555 333 31 kriminaltekniska
1501 1557 186 29 anstalten.

314 1617 154 31 Svenska
494 1617 492 39 automobiltarifföreningen
1016 1617 216 36 framhåller,
1261 1621 51 27 att
1337 1619 65 29 här
1427 1619 39 29 är
1493 1617 99 40 fråga
1619 1628 59 20 om
1704 1622 49 27 ett

269 1671 330 39 samhällsproblem
628 1680 44 21 av
701 1671 141 38 mycket
872 1671 158 39 allvarlig
1059 1671 179 35 karaktär,
1270 1681 76 20 som
1376 1672 65 29 har
1472 1681 42 20 en
1545 1672 207 30 brännande

264 1724 181 30 aktualitet
467 1724 65 30 och
554 1733 74 21 som
651 1723 44 40 på
717 1727 47 27 ett
785 1724 80 30 eller
886 1727 107 27 annat
1015 1725 66 29 sätt
1103 1723 109 31 måste
1235 1723 130 32 erhålla
1389 1734 42 21 en
1454 1724 130 40 verklig
1606 1724 146 39 lösning.

269 1777 65 30 Det
357 1778 38 29 är
418 1777 121 30 därför
562 1780 51 27 att
635 1777 101 30 hälsa
760 1777 80 30 med
865 1780 72 27 stor
963 1777 315 35 tillfredsställelse,
1304 1787 58 20 om
1386 1778 67 29 den
1477 1778 133 38 yrkade
1635 1779 116 29 utred-

268 1830 129 39 ningen
414 1830 160 30 kommer
591 1830 52 30 till
661 1829 114 31 stånd.

312 1887 45 35 År
385 1893 84 29 1948
494 1893 181 29 anmäldes
703 1892 54 30 till
782 1892 490 40 bilförsäkringsanstalterna
1299 1893 19 30 3
1333 1894 62 29 218
1423 1893 328 39 stöldförsäkrings-

267 1946 140 35 skador,
424 1946 67 29 och
507 1945 388 39 ersättningsbeloppen
912 1945 56 30 för
987 1946 100 30 dessa
1106 1946 130 29 skador
1253 1945 178 40 uppgingo
1448 1946 52 30 till
1518 1946 234 39 sammanlagt

271 2000 93 29 1270
378 1999 61 30 991
472 1999 141 29 kronor.
646 1998 247 31 Motsvarande
923 1998 123 31 siffror
1077 1999 56 30 för
1167 1999 83 30 1949
1280 2008 84 21 voro
1396 2000 96 29 3913
1524 1999 129 30 skador
1685 1999 66 30 och

270 2053 93 29 1444
378 2053 63 29 539
462 2052 132 30 kronor
615 2052 11 29 i
647 2051 356 40 skadeersättningar.
1027 2052 80 29 Som
1129 2061 102 30 synes
1254 2052 46 30 ha
1326 2051 265 31 »bilstölderna»
1618 2051 67 31 fått
1708 2062 43 20 en

266 2106 171 30 avsevärd
461 2105 224 39 omfattning,
713 2105 66 30 och
804 2105 94 30 detta
924 2106 39 29 är
988 2105 142 30 särskilt
1157 2105 195 39 betänkligt
1381 2105 10 30 i
1418 2108 47 27 ett
1490 2106 86 38 läge,
1604 2104 45 31 då
1675 2104 77 32 vårt

268 2159 83 30 land
375 2168 43 21 av
443 2158 202 31 finansiella
670 2158 77 30 skäl
772 2157 91 31 måst
889 2158 156 39 iakttaga
1071 2161 72 27 stor
1170 2157 288 31 återhållsamhet
1484 2159 67 29 vad
1577 2159 175 30 beträffar

267 2212 177 39 importen
463 2221 43 21 av
524 2211 248 31 motorfordon
792 2212 65 30 och
876 2212 216 30 reservdelar
1111 2211 52 30 till
1183 2211 130 39 dylika.
1336 2211 233 31 Bilstölderna
1590 2212 161 31 medföra

268 2264 134 32 således
424 2264 404 31 samhällsekonomiska
849 2264 212 39 verkningar
1082 2274 43 21 av
1147 2274 43 21 en
1215 2265 198 38 betydande
1438 2265 312 39 storleksordning.

311 2344 170 31 Utskottet
507 2344 119 30 finner
654 2345 58 29 det
743 2344 121 39 styrkt,
894 2347 49 27 att
972 2343 210 39 tillgreppen
1209 2353 43 21 av
1280 2344 246 30 motorfordon
1557 2345 45 30 de
1628 2354 125 21 senare

263 2397 86 31 åren
374 2397 85 40 tagit
485 2407 43 21 en
555 2397 221 39 omfattning,
804 2406 74 21 som
905 2396 110 31 måste
1042 2396 139 40 påkalla
1207 2396 161 40 åtgärder
1394 2406 43 21 av
1465 2397 93 30 olika
1586 2398 82 38 slag,
1697 2398 55 30 för

262 2454 52 28 att
335 2452 115 30 denna
470 2451 94 30 form
584 2460 43 21 av
647 2450 94 30 brott
760 2450 11 30 i
791 2449 187 40 görligaste
996 2449 83 32 mån
1099 2449 108 32 måtte
1228 2450 140 39 stävjas.
1390 2450 150 31 Givetvis
1562 2451 110 39 gäller
1694 2451 57 30 det
