1880 2788
469 166 287 31 Statsutskottets
777 165 179 31 utlåtande
975 174 43 21 nr
1037 165 41 29 88
1097 164 40 30 år
1156 163 83 31 1957
1557 160 41 31 53

464 247 39 40 q)
525 248 50 29 att
592 246 57 30 vid
668 247 115 30 Säters
802 245 152 40 sjukhus
971 245 12 29 i
1001 245 97 29 Säter
1116 244 89 29 skall
1223 243 11 30 i
1251 241 234 39 huvudsaklig
1504 241 94 29 över-

418 299 265 31 ensstämmelse
708 299 78 30 med
811 308 41 21 av
875 296 387 42 departementschefen
1287 295 157 30 förordat
1468 293 130 39 förslag

418 353 208 31 verkställas
647 352 200 41 reparation
867 361 42 21 av
928 348 462 41 värmeledningskulvertar
1409 357 47 21 m.
1478 356 45 21 m.
1544 346 54 30 för

419 416 43 21 en
485 407 179 30 beräknad
688 406 151 30 kostnad
864 414 42 21 av
932 404 63 31 550
1010 404 62 30 000
1096 403 146 35 kronor;

464 460 34 35 r)
528 462 51 28 att
602 460 58 30 vid
685 459 115 30 Gådeå
825 458 153 40 sjukhus
1002 458 12 30 i
1039 456 209 31 Härnösand
1272 456 68 29 den
1365 464 42 21 av
1434 454 82 30 1955
1542 453 57 31 års

419 514 143 40 riksdag
589 513 180 30 beslutade
797 512 251 39 renoveringen
1075 520 42 21 av
1144 508 456 39 administrationsbyggna-

420 568 67 30 den
506 577 45 20 m.
570 577 45 20 m.
635 566 89 31 skall
742 566 207 30 verkställas
968 565 11 30 i
998 563 235 40 huvudsaklig
1252 560 347 33 överensstämmelse

419 621 80 30 med
523 630 42 21 av
588 618 387 42 departementschefen
996 627 48 21 nu
1068 617 156 30 förordat
1248 616 130 39 förslag
1400 615 56 30 för
1479 623 43 22 en
1544 614 56 29 be-

420 674 136 30 räknad
579 674 152 29 kostnad
756 682 41 21 av
821 672 61 30 575
898 672 63 30 000
986 671 146 34 kronor;

468 727 32 35 s)
525 729 51 29 att
595 727 57 31 vid
673 726 159 39 Sidsjöns
852 725 153 40 sjukhus
1025 725 11 29 i
1056 723 184 31 Sundsvall
1261 722 89 31 skall
1369 722 12 30 i
1400 720 202 31 huvudsak-

420 781 47 40 lig
491 779 347 32 överensstämmelse
863 779 80 30 med
967 788 42 21 av
1032 775 386 43 departementschefen
1442 773 158 32 förordat

421 834 131 40 förslag
574 834 175 30 anordnas
770 832 132 31 lokaler
923 832 55 30 för
999 829 283 32 administration
1303 829 66 30 och
1390 827 211 31 medicinskt

422 889 160 29 centrum
600 897 45 20 m.
665 897 45 20 m.
730 886 55 30 för
804 895 42 21 en
864 885 180 31 beräknad
1062 883 151 31 kostnad
1233 892 41 21 av
1293 882 63 30 640
1371 881 63 31 000
1453 881 145 34 kronor;

467 941 30 34 t)
522 943 50 28 att
592 941 57 30 vid
671 939 159 40 Sidsjöns
851 939 153 39 sjukhus
1023 938 11 30 i
1055 936 184 31 Sundsvall
1261 935 88 31 skall
1370 935 11 30 i
1400 934 202 30 huvudsak-

421 995 46 39 lig
492 992 347 32 överensstämmelse
864 992 79 30 med
968 1001 43 21 av
1033 988 386 43 departementschefen
1444 986 157 31 förordat

423 1048 131 39 förslag
575 1047 176 30 anordnas
772 1045 386 41 sopförbränningsugn
1180 1044 90 29 samt
1289 1041 207 32 verkställas
1517 1048 86 32 upp-

423 1101 163 40 rustning
603 1110 43 21 av
663 1100 205 40 sjukhusets
885 1100 135 29 värme-
1036 1098 66 30 och
1118 1097 352 38 varmvattensystem
1488 1094 54 30 för
1560 1102 43 21 en

422 1154 180 31 beräknad
626 1153 151 31 kostnad
802 1162 41 21 av
868 1152 63 30 500
946 1151 63 31 000
1034 1151 146 35 kronor;

468 1208 40 35 u)
537 1210 51 28 att
611 1207 58 30 vid
694 1206 209 31 Umedalens
930 1204 152 41 sjukhus
1106 1204 57 30 vid
1188 1202 108 32 Umeå
1321 1201 88 31 skall
1433 1201 12 30 i
1469 1200 135 31 huvud-

424 1262 113 39 saklig
566 1259 346 32 överensstämmelse
941 1258 81 31 med
1050 1267 42 21 av
1120 1254 386 43 departementschefen
1535 1254 66 30 för-

425 1316 101 29 ordat
557 1314 131 40 förslag
720 1313 168 40 uppföras
920 1311 161 41 byggnad
1113 1311 55 30 för
1199 1307 405 41 undervisningslokaler

424 1369 66 30 och
523 1367 237 32 elevbostäder
794 1367 54 29 för
881 1375 43 21 en
957 1364 179 31 beräknad
1168 1363 151 30 kostnad
1354 1371 43 21 av
1431 1361 94 30 1170
1540 1360 62 31 000

423 1422 146 35 kronor;

469 1474 37 34 v)
538 1476 50 28 att
613 1475 11 29 i
651 1472 219 32 Stockholms
897 1471 59 31 län
983 1471 90 30 skall
1098 1470 169 39 uppföras
1293 1470 49 29 ett
1368 1469 77 38 nytt
1472 1467 130 30 sinnes-

426 1528 162 39 sjukhus,
611 1527 128 39 förlagt
761 1526 51 31 till
834 1524 181 42 Upplands
1038 1523 130 40 Väsby;

471 1581 38 34 x)
545 1582 50 29 att
624 1580 58 31 vid
714 1578 301 41 Kronprinsessan
1047 1576 172 31 Victorias
1249 1573 305 32 kustsanatorium
1594 1573 11 29 i

426 1634 181 31 Barkåkra
631 1634 57 30 må
713 1634 10 29 i
748 1631 235 40 huvudsaklig
1007 1628 347 33 överensstämmelse
1379 1627 80 31 med
1484 1636 42 21 av
1550 1626 57 30 de-

425 1687 344 42 partementschefen
797 1685 158 31 förordat
982 1684 131 39 förslag
1140 1682 207 31 verkställas
1375 1681 41 30 de
1444 1680 163 40 ombygg-

427 1741 242 34 nadsarbeten,
698 1750 75 20 som
798 1739 178 30 erfordras
1003 1738 55 30 för
1083 1737 79 30 dess
1189 1734 224 40 användning
1439 1734 55 30 för
1521 1732 86 31 vård

427 1805 42 20 av
488 1795 93 30 vissa
599 1794 163 40 psykiskt
780 1792 218 34 efterblivna,
1018 1791 113 30 tillika
1149 1788 207 41 höggradigt
1375 1787 156 34 vanföra,
1552 1786 55 30 för

427 1858 43 20 en
494 1848 178 30 beräknad
697 1846 151 30 kostnad
874 1855 42 20 av
940 1845 63 29 950
1018 1844 62 30 000
1105 1844 146 33 kronor;

473 1946 41 30 II.
536 1945 210 39 bemyndiga
769 1942 125 40 Kungl.
918 1942 107 39 Maj:t
1047 1943 50 28 att
1120 1940 185 39 godkänna
1328 1938 92 31 avtal
1442 1937 80 30 med

473 2008 35 34 a)
539 2007 111 40 Växjö
676 2006 78 31 stad
779 2004 178 40 angående
982 2003 171 30 villkoren
1179 2002 54 29 för
1257 1999 204 40 anslutning
1486 2008 42 21 av
1554 1999 54 29 S:t

429 2061 147 40 Sigfrids
604 2060 152 40 sjukhus
783 2059 50 30 till
863 2058 142 30 stadens
1032 2056 277 40 avloppssystem
1335 2063 47 21 m.
1409 2062 62 26 m.;

472 2115 38 33 b)
537 2114 129 30 Örebro
688 2113 77 29 stad
786 2122 56 20 om
863 2110 204 31 överlåtelse
1087 2109 52 30 till
1162 2108 126 39 Kungl.
1310 2107 106 39 Maj:t
1437 2106 65 30 och
1524 2105 85 30 Kro-

429 2177 69 21 nan
524 2177 42 20 av
589 2165 246 31 markområde
860 2164 55 30 för
941 2165 77 38 nytt
1043 2161 273 40 sinnessjukhus
1342 2170 45 21 m.
1413 2168 61 26 m.;

474 2222 34 33 c)
533 2220 141 30 Bollnäs
694 2219 275 29 landskommun
988 2216 65 30 och
1072 2215 140 29 Bollnäs
1233 2214 77 30 stad
1330 2222 57 21 om
1407 2211 203 31 överlåtelse

432 2274 50 29 till
505 2272 126 39 Kungl.
654 2271 105 39 Maj:t
783 2271 64 29 och
869 2270 143 29 Kronan
1035 2277 42 21 av
1098 2265 244 31 markområde
1365 2265 55 30 för
1443 2266 76 38 nytt
1542 2264 69 29 sin-

432 2326 216 39 nessjukhus
674 2334 46 20 m.
746 2333 61 25 m.;

475 2380 38 34 d)
545 2379 77 31 Sala
643 2378 76 30 stad
740 2377 82 30 eller
842 2376 156 39 Köpings
1018 2374 76 30 stad
1114 2383 56 21 om
1191 2372 202 31 överlåtelse
1413 2371 52 30 till
1485 2370 125 39 Kungl.

432 2433 106 40 Maj:t
567 2432 65 30 och
662 2431 143 30 Kronan
835 2439 41 20 av
905 2427 247 32 markområde
1183 2426 54 30 för
1267 2427 77 38 nytt
1374 2424 152 40 sjukhus
1557 2423 54 29 för

432 2486 85 31 vård
539 2495 41 21 av
601 2484 206 40 höggradigt
827 2482 163 41 psykiskt
1011 2480 206 32 efterblivna
1238 2488 45 21 m.
1305 2487 61 26 m.;
