1882 2780
478 171 286 32 Statsutskottets
787 169 179 31 utlåtande
986 177 44 21 nr
1052 168 59 30 121
1135 168 40 30 år
1198 167 84 29 1963
1587 163 36 29 11

140 256 92 40 ligen
259 254 235 40 understryka
520 252 201 41 betydelsen
748 260 42 21 av
816 252 51 28 att
893 249 188 30 distrikten
1108 255 58 32 ges
1194 246 133 31 sådana
1353 244 197 41 personella
1575 252 53 21 re-

139 318 120 21 surser
280 310 51 29 att
351 308 59 30 det
431 305 226 32 deklarerade
681 304 106 40 syftet
808 305 51 29 att
881 302 246 31 åstadkomma
1148 310 44 20 en
1215 299 147 39 kraftigt
1382 297 93 31 ökad
1497 297 131 39 delege-

140 363 79 39 ring
230 371 43 21 av
284 360 248 41 befogenheter
544 359 66 30 och
622 357 277 32 beslutanderätt
912 356 55 30 får
979 364 44 21 en
1036 354 82 31 reell
1133 352 181 32 innebörd.

186 416 137 30 Statens
346 414 191 41 järnvägar
559 413 66 30 har
649 421 44 21 en
717 409 288 39 utomordentligt
1029 410 73 28 stor
1127 406 175 40 betydelse
1328 405 55 30 för
1408 403 185 31 samhället
1618 402 11 30 i

140 469 95 30 olika
255 467 206 32 avseenden.
482 466 164 31 Framför
665 465 63 30 allt
749 464 107 40 gäller
875 463 95 30 detta
990 462 12 29 i
1023 461 100 39 fråga
1143 470 59 20 om
1223 458 244 40 näringslivets
1490 456 140 30 utveck-

141 523 73 39 ling
233 522 66 30 och
318 520 226 39 lokalisering
565 521 92 28 samt
678 518 155 30 servicen
854 517 175 39 gentemot
1049 514 248 31 allmänheten.
1320 510 239 32 Strävandena
1579 512 51 28 att

139 575 121 41 uppnå
279 577 48 28 ett
348 574 81 31 från
449 571 384 41 företagsekonomiska
855 569 218 41 synpunkter
1094 569 73 38 gott
1188 565 235 31 driftresultat
1443 564 63 30 bör
1526 563 105 40 själv-

143 630 99 30 fallet
266 638 85 21 vara
377 638 44 20 en
447 627 187 40 riktpunkt
662 626 56 29 för
743 623 365 42 järnvägsledningen.
1137 619 355 38 Statsbaneföretaget
1520 616 110 30 måste

144 682 195 31 emellertid
364 681 169 30 inordnas
560 680 11 29 i
598 679 69 30 den
693 678 179 31 allmänna
900 674 281 41 trafikpolitiken
1210 682 76 21 som
1312 672 11 29 i
1352 671 55 30 sin
1434 673 58 28 tur
1519 670 111 30 måste

144 735 206 32 samordnas
375 734 80 30 med
480 732 292 32 statsmakternas
797 729 269 39 målsättningar
1088 737 44 21 av
1154 727 45 30 bl.
1224 736 30 20 a.
1279 725 168 39 närings-,
1472 723 160 30 lokalise-

143 790 113 39 rings-
275 789 66 30 och
361 786 302 40 försvarspolitisk
683 787 64 28 art.
771 783 82 31 1953
874 783 57 30 års
952 780 301 39 trafikutredning
1271 779 66 30 har
1357 779 72 38 lagt
1450 777 92 30 fram
1563 776 69 30 för-

145 843 75 40 slag
239 842 150 30 rörande
408 840 178 40 riktlinjer
607 840 55 29 för
682 838 68 30 den
770 836 140 40 statliga
928 833 283 42 trafikpolitiken
1231 833 65 29 och
1318 831 121 30 därvid
1461 830 44 30 bl.
1526 840 30 20 a.
1577 829 56 30 be-

144 896 147 30 handlat
313 894 274 39 målsättningen
610 893 56 29 för
689 893 131 29 statens
842 889 198 41 järnvägar.
1064 887 180 39 Förslaget
1266 886 64 30 har
1354 882 280 32 remissbehand-

144 950 68 30 lats
232 949 66 30 och
316 958 43 20 en
379 947 218 41 proposition
617 946 12 29 i
648 944 144 31 ärendet
811 943 98 31 torde
928 960 44 4 —
991 941 107 40 enligt
1117 940 68 30 vad
1206 939 170 30 utskottet
1396 937 175 30 inhämtat
1591 953 44 5 —

146 1003 144 30 komma
312 1003 51 29 att
387 1001 194 39 föreläggas
605 997 279 40 höstriksdagen.
910 995 117 40 Enligt
1050 994 190 30 utskottets
1265 991 143 39 mening
1430 991 40 29 är
1493 990 57 29 det
1574 998 60 21 an-

146 1056 134 40 geläget
293 1057 51 28 att
358 1054 58 30 det
430 1054 165 29 fortsatta
608 1049 391 42 organisationsarbetet
1013 1047 57 31 vid
1086 1048 133 29 statens
1232 1045 190 40 järnvägar
1435 1043 45 30 bl.
1494 1053 30 20 a.
1539 1044 97 38 tager

147 1110 92 29 sikte
257 1109 44 40 på
319 1117 44 21 en
382 1106 249 41 organisation,
652 1114 77 21 som
747 1104 70 30 kan
836 1110 169 32 anpassas
1024 1101 53 30 till
1097 1100 43 30 de
1159 1100 87 29 krav
1266 1107 76 21 som
1362 1096 272 31 statsmakterna

150 1163 71 30 kan
247 1162 142 30 komma
415 1162 51 29 att
493 1160 102 30 ställa
621 1158 45 41 på
693 1156 349 38 statsbaneföretaget
1070 1162 42 21 ur
1138 1152 112 31 andra
1276 1150 220 41 synpunkter
1521 1149 47 29 än
1594 1148 41 30 de

147 1218 79 29 rent
243 1212 395 43 företagsekonomiska.

193 1269 117 40 Enligt
333 1265 406 43 departementschefens
763 1263 131 40 förslag
916 1262 160 30 kommer
1098 1260 58 30 vid
1179 1259 58 30 det
1262 1257 141 40 slutliga
1426 1255 211 41 avgörandet

149 1332 43 22 av
210 1322 165 40 frågorna
394 1330 60 21 om
472 1318 308 40 distriktsgränser
798 1317 66 29 och
882 1314 281 32 huvudorternas
1184 1311 177 42 placering
1380 1309 258 39 lokaliserings-

149 1376 67 30 och
237 1373 378 40 försvarssynpunkter
635 1373 53 29 att
708 1370 143 30 beaktas
874 1369 65 30 och
960 1368 105 39 vägas
1087 1368 73 28 mot
1183 1374 97 21 mera
1300 1363 137 31 direkta
1457 1362 181 40 järnvägs-

151 1429 184 30 intressen.
355 1427 69 30 För
443 1428 51 29 att
514 1426 110 39 skapa
644 1423 175 41 garantier
838 1423 56 29 för
913 1430 43 21 en
976 1419 139 40 allsidig
1134 1417 195 41 avvägning
1350 1416 160 30 förordas
1529 1415 12 30 i
1561 1423 78 31 pro-

151 1481 198 41 positionen
366 1482 52 29 att
435 1479 68 30 den
519 1478 142 39 slutliga
678 1476 216 40 prövningen
912 1474 171 39 förlägges
1101 1472 53 31 till
1173 1470 126 40 Kungl.
1318 1470 107 39 Maj:t
1442 1469 11 29 i
1471 1468 68 30 den
1556 1467 82 30 mån

151 1534 148 31 berörda
315 1533 156 31 centrala
488 1531 243 40 myndigheter
748 1529 30 40 ej
799 1529 72 29 kan
887 1527 47 31 nå
950 1526 150 40 enighet.
1118 1525 187 32 Utskottet,
1324 1532 77 20 som
1419 1521 133 31 således
1570 1521 70 29 för-

152 1589 150 29 utsätter
326 1588 51 30 att
402 1584 268 41 ifrågavarande
695 1581 171 41 spörsmål
892 1581 67 29 blir
983 1578 147 31 föremål
1156 1578 57 30 för
1236 1574 171 42 ingående
1432 1574 209 39 övervägan-

152 1642 79 34 den,
249 1649 103 22 anser
369 1640 52 39 sig
439 1638 78 31 med
534 1638 139 39 hänsyn
690 1635 118 31 härtill
826 1635 122 29 kunna
965 1633 104 40 godta
1087 1631 126 40 Kungl.
1231 1630 124 40 Maj:ts
1374 1628 131 39 förslag
1522 1627 11 30 i
1552 1627 89 30 före-

151 1694 154 31 varande
323 1692 206 32 avseenden.

198 1749 14 29 I
236 1745 348 32 överensstämmelse
609 1743 80 30 med
713 1742 67 30 vad
804 1740 149 31 sålunda
977 1739 137 31 anförts
1139 1736 183 41 avstyrker
1347 1735 171 30 utskottet
1542 1733 99 30 bifall

154 1801 53 30 till
225 1800 219 30 motionerna
461 1798 30 30 I:
508 1798 61 29 728
587 1797 66 30 och
670 1796 46 30 II:
731 1795 74 30 883.
824 1794 39 40 Ej
884 1793 109 30 heller
1010 1792 118 30 finner
1145 1790 171 30 utskottet
1334 1788 42 30 de
1401 1788 4 29 i
1423 1787 219 30 motionerna

154 1855 31 29 I:
202 1853 60 31 727
283 1853 65 30 och
367 1852 46 29 II:
429 1851 63 31 882
513 1852 91 28 samt
623 1849 30 30 I:
671 1849 61 29 729
752 1848 65 29 och
837 1847 46 29 II:
898 1845 64 31 884
982 1844 197 31 framförda
1197 1842 206 41 yrkandena
1422 1841 84 29 böra
1526 1840 117 29 föran-

154 1907 78 30 leda
248 1906 113 40 någon
376 1904 206 39 riksdagens
600 1901 174 31 särskilda
789 1899 133 40 åtgärd.

201 1960 52 29 Då
271 1958 126 40 Kungl.
417 1957 124 39 Maj:ts
562 1955 131 39 förslag
712 1954 11 30 i
742 1953 111 39 övrigt
871 1952 30 40 ej
925 1950 83 41 givit
1028 1949 190 39 anledning
1236 1947 53 30 till
1309 1947 141 30 erinran
1470 1945 83 30 eller
1573 1945 71 29 sär-

157 2013 84 30 skilt
254 2010 181 32 uttalande
448 2009 204 31 hemställer
665 2007 180 33 utskottet,

512 2072 24 29 I.
556 2072 52 29 att
628 2069 188 39 riksdagen
837 2067 67 34 må,
926 2066 79 30 med
1025 2065 99 30 bifall
1146 2064 53 30 till
1221 2062 125 40 Kungl.
1368 2061 125 40 Maj:ts
1514 2060 131 38 förslag

467 2126 90 29 samt
571 2123 80 30 med
666 2122 118 39 avslag
798 2121 20 30 å
831 2120 219 30 motionerna
1065 2118 29 29 I:
1112 2117 62 30 728
1189 2116 67 31 och
1270 2116 45 29 II:
1331 2115 75 34 883,

513 2177 36 34 a)
572 2176 187 40 godkänna
777 2175 10 29 i
805 2171 383 40 statsrådsprotokollet
1207 2170 80 29 över
1305 2166 342 32 kommunikations-

470 2230 152 30 ärenden
643 2229 55 29 för
717 2228 66 29 den
803 2227 40 29 22
865 2234 93 22 mars
982 2224 81 30 1963
1085 2223 198 38 föreslagna
1303 2220 178 39 riktlinjer
1501 2219 55 29 för
1575 2227 72 21 om-

469 2281 239 41 organisation
724 2289 42 21 av
783 2281 131 28 statens
930 2277 203 40 järnvägar;

515 2335 38 33 b)
573 2333 210 39 bemyndiga
798 2331 126 39 Kungl.
940 2329 105 39 Maj:t
1061 2330 51 28 att
1128 2327 140 39 vidtaga
1283 2326 41 30 de
1340 2325 191 38 ändringar
1545 2323 11 30 i
1573 2332 75 31 per-

472 2385 367 39 sonalförteckningen
863 2384 55 28 för
940 2384 133 28 statens
1095 2380 189 40 järnvägar
1307 2387 76 21 som
1406 2376 177 31 föranleds
1607 2385 41 21 av

472 2440 66 31 vad
552 2449 75 21 som
641 2437 196 39 föreslagits
858 2436 3 29 i
874 2435 153 30 nämnda
1041 2431 364 40 statsrådsprotokoll;
