1904 2792
327 163 189 33 Allmänna
538 163 400 40 beredningsutskottets
961 163 179 30 utlåtande
1160 171 44 21 nr
1224 162 41 30 28
1285 162 40 30 år
1347 162 85 30 1960
1585 160 37 31 17

135 246 230 40 vudsakligen
387 253 126 32 genom
533 244 301 40 hemsjukvården
856 244 65 30 och
944 251 125 32 genom
1090 243 335 29 hemsamariternas
1447 242 177 30 verksam-

135 301 71 29 het.
224 299 94 31 Även
334 300 66 30 här
418 298 185 40 föreligger
621 297 214 40 svårigheter
852 298 52 29 att
923 297 107 40 draga
1048 306 43 21 en
1108 296 79 30 klar
1206 296 104 40 gräns
1328 295 131 32 mellan
1477 295 41 30 de
1538 303 85 32 upp-

136 353 106 40 gifter
257 362 75 21 som
346 353 73 30 kan
435 361 102 21 anses
553 351 91 31 åvila
658 351 178 39 landsting
852 350 196 40 respektive
1063 350 317 40 primärkommun.
1398 348 66 30 Det
1480 349 38 29 är
1534 348 11 29 i
1563 346 62 31 allt

136 406 64 31 fall
220 406 206 41 uppenbart,
448 407 52 29 att
519 405 119 31 därest
659 404 67 30 den
747 403 179 41 pågående
947 404 64 29 och
1033 403 147 30 allmänt
1202 401 155 32 önskade
1378 401 247 39 utvecklingen

135 462 74 28 mot
231 460 176 39 ökningen
431 468 42 21 av
494 458 69 31 den
584 459 119 40 öppna
723 457 132 31 vården
878 457 90 30 skall
990 456 204 40 befrämjas,
1218 455 111 31 måste
1352 455 273 40 möjligheterna

135 515 53 29 att
205 514 119 29 lämna
341 512 172 41 sjukvård
531 512 55 30 för
605 511 178 40 åldringar
800 511 12 29 i
830 510 103 31 deras
951 511 82 29 hem
1051 519 84 21 vara
1153 509 179 30 effektiva.
1352 509 83 30 Som
1454 507 170 40 åldrings-

136 566 340 40 vårdsutredningen
495 565 196 30 framhållit
710 565 62 30 bör
791 564 194 31 emellertid
1005 562 179 40 samtidigt
1203 562 79 30 med
1301 562 162 40 åtgärder
1483 560 55 31 för
1557 560 69 31 den

135 621 118 40 öppna
273 618 375 41 åldringssjukvården
670 618 127 39 skapas
819 617 112 30 ökade
951 626 157 21 resurser
1129 616 56 30 för
1207 614 290 41 genomförandet
1518 623 43 21 av
1581 622 45 22 en

138 673 176 31 rationellt
338 672 227 40 organiserad
590 671 116 31 sluten
730 670 338 40 åldringssjukvård.
1094 669 177 31 Utskottet
1293 668 61 30 vill
1378 667 13 31 i
1414 668 96 29 detta
1535 676 91 21 sam-

136 727 178 39 manhang
338 726 143 30 särskilt
503 725 118 30 erinra
643 734 59 21 om
725 726 50 29 att
797 724 235 39 utredningen
1053 722 182 40 föreslagit
1256 720 201 31 inrättande
1479 720 58 30 vid
1561 728 65 22 un-

136 780 423 40 dertvisningssjukhusen
589 788 43 21 av
663 778 209 40 geriatriska
903 777 226 39 avdelningar
1161 775 56 31 för
1247 774 186 40 forskning
1465 774 64 30 och
1560 782 65 20 un-

138 833 200 40 dervisning
359 833 66 30 och
445 832 59 31 vid
523 831 99 40 varje
643 831 279 31 centrallasarett
944 840 42 20 av
1008 830 132 30 sådana
1163 828 225 40 avdelningar
1410 827 56 30 för
1487 826 140 40 långva-

139 887 68 39 rigt
221 885 251 40 kroppssjuka.
485 885 166 30 Däremot
664 884 107 30 borde
785 893 93 26 man,
894 882 206 30 framhåller
1113 881 243 39 utredningen,
1372 879 150 31 avvakta
1537 878 90 30 erfa-

140 940 208 30 renheterna
372 939 82 29 från
479 936 473 40 undervisningssjukhusen
977 936 109 29 innan
1112 934 165 39 ställning
1302 936 96 37 tages
1423 932 53 31 till
1502 931 125 40 frågan

139 1003 58 20 om
221 993 209 39 geriatriska
454 991 228 39 avdelningar
704 990 59 30 vid
786 989 324 30 centrallasaretten
1134 987 56 30 för
1213 986 179 40 åldringar
1414 985 81 30 med
1519 985 109 30 akuta

140 1045 358 41 sjukdomstillstånd.

184 1100 80 30 Som
287 1109 90 21 ovan
399 1100 65 29 och
486 1099 13 30 i
520 1099 94 30 vissa
636 1096 316 41 remissyttranden
976 1097 93 38 sagts
1091 1096 66 29 har
1180 1093 262 42 uppdelningen
1463 1093 46 40 på
1532 1092 96 31 olika

137 1154 208 30 huvudmän
366 1162 43 21 av
431 1153 162 30 ansvaret
616 1151 56 31 för
695 1151 244 39 åldringarnas
962 1149 170 40 sjukvård
1155 1147 195 41 respektive
1372 1147 103 29 deras
1499 1145 130 31 sociala

139 1207 87 31 vård
243 1208 64 29 och
325 1206 68 31 den
411 1206 161 31 oklarhet
590 1214 77 21 som
684 1205 72 30 kan
774 1204 221 30 förekomma
1012 1203 12 29 i
1043 1202 100 40 fråga
1160 1210 58 21 om
1237 1200 245 39 fördelningen
1498 1198 131 31 mellan

140 1260 277 31 huvudmännen
441 1269 43 21 av
506 1258 297 41 arbetsuppgifter
825 1258 66 29 och
914 1256 190 31 kostnader
1128 1253 253 32 åstadkommit
1405 1252 224 40 svårigheter.

142 1314 66 30 Det
230 1315 39 29 är
289 1313 224 40 naturligtvis
535 1313 12 30 i
567 1311 139 41 princip
729 1311 166 30 tänkbart
917 1310 80 30 med
1019 1318 45 22 en
1084 1308 139 40 lösning
1246 1316 42 22 av
1308 1307 105 30 dessa
1434 1305 196 40 komplika-

141 1367 116 30 tioner
278 1375 126 32 genom
425 1375 46 22 en
493 1366 39 30 så
553 1365 138 30 radikal
714 1364 122 40 åtgärd
859 1373 77 21 som
959 1365 51 29 att
1033 1360 240 33 sammanföra
1294 1360 81 30 hela
1397 1358 234 40 åldringsvår-

143 1420 78 35 den,
247 1420 176 30 inklusive
450 1417 385 41 åldringssjukvården,
862 1416 114 31 under
1002 1425 43 21 en
1072 1416 65 30 och
1166 1422 135 22 samma
1326 1412 218 31 huvudman.
1572 1411 60 30 Ut-

142 1474 130 30 skottet
289 1474 66 30 har
373 1472 195 31 emellertid
586 1472 77 30 icke
683 1473 115 28 ansett
817 1469 53 41 sig
887 1470 124 30 kunna
1030 1469 42 40 gå
1091 1469 162 29 närmare
1272 1467 37 29 in
1328 1466 47 41 på
1393 1465 117 30 denna
1529 1464 101 39 fråga

141 1529 88 28 utan
248 1527 60 30 vill
330 1526 126 31 endast
478 1525 114 31 starkt
614 1524 235 40 understryka
871 1521 306 41 nödvändigheten
1199 1529 43 22 av
1264 1521 50 29 att
1337 1518 204 41 sjukvårds-
1564 1515 66 32 och

143 1578 507 41 socialvårdsmyndigheterna
667 1577 112 31 håller
797 1577 66 40 god
882 1575 151 31 kontakt
1051 1574 80 31 med
1149 1573 175 31 varandra
1342 1572 66 30 och
1427 1571 67 30 har
1511 1572 49 28 ett
1578 1569 52 30 in-

143 1634 82 30 timt
242 1633 205 31 samarbete.

190 1687 75 30 Den
284 1687 40 30 år
345 1685 84 31 1954
449 1685 193 31 tillkallade
661 1684 212 30 kommittén
892 1683 57 31 för
968 1683 148 39 översyn
1136 1690 42 21 av
1196 1680 115 30 hälso-
1330 1678 66 30 och
1416 1676 217 41 sjukvården

144 1739 12 30 i
176 1739 90 30 riket
286 1739 65 30 har
371 1738 191 40 självfallet
582 1739 52 29 att
653 1739 81 37 taga
754 1736 198 39 befattning
973 1736 85 29 även
1078 1734 80 30 med
1179 1733 119 40 frågor
1318 1742 42 21 av
1379 1731 177 42 betydelse
1576 1730 57 31 för

141 1791 387 41 åldringssjukvården.
552 1791 66 30 Det
643 1791 39 29 är
704 1790 77 30 icke
805 1789 95 30 klart
923 1789 12 29 i
959 1788 117 30 vilken
1100 1786 246 40 utsträckning
1370 1794 90 22 ovan
1482 1783 150 32 berörda

144 1845 171 40 spörsmål
339 1845 45 40 på
407 1844 159 31 området
588 1844 161 29 kommer
772 1845 50 28 att
845 1841 193 31 behandlas
1061 1850 42 20 av
1126 1839 220 36 kommittén,
1371 1838 66 30 och
1459 1837 173 31 utskottet

146 1899 66 30 har
230 1899 120 30 därför
367 1898 78 30 icke
465 1898 108 39 några
593 1897 105 30 säkra
715 1896 229 40 hållpunkter
963 1895 54 30 för
1037 1904 42 21 en
1098 1894 212 39 bedömning
1330 1902 43 21 av
1392 1892 126 40 frågan
1536 1892 11 29 i
1566 1890 68 31 vad

147 1952 83 30 mån
245 1951 173 32 särskilda
433 1951 161 40 åtgärder
609 1950 177 30 erfordras
802 1949 56 30 för
872 1950 52 28 att
938 1948 246 30 åstadkomma
1198 1956 43 20 en
1255 1946 173 40 prövning
1444 1954 42 21 av
1500 1944 135 41 proble-

148 2014 91 21 men.
257 2004 224 41 Spörsmålen
499 2004 62 30 bör
579 2003 193 30 emellertid
789 2002 145 30 beaktas
952 2000 58 31 vid
1028 2001 68 29 den
1112 1998 246 41 kartläggning
1377 2007 43 22 av
1437 1998 199 30 vårdbehov

148 2059 65 29 och
232 2057 309 40 vårdmöjligheter
562 2065 75 21 som
657 2056 171 30 utskottet
846 2064 93 21 ovan
958 2054 167 30 förordat.

189 2111 13 29 I
222 2111 219 29 motionerna
461 2110 29 29 I:
506 2109 62 30 490
589 2110 65 29 och
674 2109 45 29 II:
736 2108 62 30 412
817 2109 66 29 har
901 2108 46 29 bl.
967 2116 30 21 a.
1016 2107 122 39 yrkats
1157 2105 147 39 höjning
1325 2114 42 21 av
1387 2103 244 39 statsbidrags-

148 2164 124 30 skalan
290 2164 52 29 till
363 2162 282 31 ålderdomshem
666 2162 64 29 och
751 2160 223 40 uppräkning
995 2169 41 20 av
1055 2158 347 39 bidragsunderlaget
1422 2157 52 29 till
1496 2156 41 30 de
1558 2156 76 29 fak-

148 2217 93 29 tiska
267 2215 328 41 byggkostnaderna
622 2224 62 30 per
710 2213 190 40 vårdplats.
929 2213 176 29 Utskottet
1132 2212 60 29 vill
1219 2211 11 29 i
1258 2211 115 29 denna
1401 2210 99 38 fråga
1528 2209 107 29 fram-

150 2269 103 34 hålla,
272 2271 49 28 att
338 2268 375 32 ålderdomshemmen,
733 2276 74 20 som
826 2266 97 29 torde
943 2265 135 38 framgå
1097 2273 42 21 av
1156 2263 66 30 vad
1240 2264 64 29 här
1323 2263 147 38 tidigare
1489 2262 146 32 anförts,

151 2330 145 21 numera
314 2321 111 29 måste
445 2329 169 30 anpassas
634 2319 55 30 för
709 2321 48 27 ett
776 2327 97 20 mera
891 2316 265 31 vårdkrävande
1175 2315 142 29 klientel
1338 2315 64 29 och
1424 2316 50 28 att
1493 2313 143 40 ansprå-

150 2375 68 29 ken
242 2375 42 39 på
307 2374 131 29 vården
463 2374 80 28 över
566 2373 121 28 huvud
712 2373 91 37 taget
828 2380 47 20 nu
903 2372 38 28 är
967 2371 108 28 större
1102 2370 44 28 än
1171 2368 155 29 tidigare.
1352 2367 283 29 Kommunernas

151 2427 188 30 kostnader
359 2426 54 29 för
432 2425 364 30 ålderdomshemmen
815 2425 37 28 är
872 2433 48 19 nu
940 2422 137 40 mycket
1097 2422 110 29 större
1227 2422 45 28 än
1290 2429 83 20 man
1393 2419 145 39 tidigare
1559 2419 79 29 räk-
