1900 2794
311 171 186 30 Allmänna
520 168 399 40 beredningsutskottets
942 165 179 31 utlåtande
1142 174 43 20 nr
1204 165 42 29 28
1268 164 39 29 år
1331 163 82 29 1960
1590 161 12 28 1

796 396 66 40 Nr
883 396 56 40 28

319 511 186 30 Allmänna
532 507 398 40 beredningsutskottets
958 503 178 31 utlåtande
1163 503 10 29 i
1197 502 190 39 anledning
1412 510 43 22 av
1481 499 124 31 väckta

518 571 171 30 motioner
713 580 55 20 om
796 568 227 39 utredningar
1047 566 146 30 rörande
1218 562 298 41 åldringsvården.

166 684 186 30 Allmänna
377 679 381 40 beredningsutskottet
784 678 63 29 har
874 675 51 31 till
951 674 163 39 samtidig
1139 672 212 39 behandling
1378 668 153 32 förehaft
1558 668 48 30 tio

123 737 50 30 till
197 736 171 30 utskottet
391 733 191 31 hänvisade
607 731 180 33 motioner,
813 729 175 39 nämligen

167 791 39 30 de
227 788 223 41 likalydande
471 786 220 31 motionerna
712 784 85 30 1:50
821 793 42 21 av
882 783 80 30 herr
983 780 162 36 Ohlsson,
1166 779 105 37 Ebbe,
1292 788 46 21 m.
1358 777 38 41 fl.
1417 777 65 30 och
1504 776 46 30 II:
1565 775 41 30 58

123 855 41 20 av
184 845 79 29 herr
285 844 248 37 Svenungsson
556 849 45 21 m.
624 839 48 39 fl.,
694 838 74 30 vari
790 837 107 40 yrkas
919 838 50 28 att
990 834 187 40 riksdagen
1199 832 109 31 måtte
1330 831 12 30 i
1364 830 167 31 skrivelse
1553 827 52 32 till

123 897 122 40 Kungl.
265 897 107 39 Maj:t
390 894 185 31 hemställa
595 902 56 21 om
670 902 42 20 en
732 891 192 39 skyndsam
944 888 186 39 utredning
1149 886 149 31 rörande
1318 882 287 42 åldringsvården

124 952 77 30 med
229 950 140 41 speciell
396 948 196 38 inriktning
619 946 44 41 på
689 946 68 29 den
785 943 197 42 personliga
1010 940 281 32 omvårdnadens
1318 938 157 41 problem
1503 936 65 30 och
1596 935 11 29 i

123 1005 109 40 övrigt
250 1004 81 31 med
348 1002 196 31 beaktande
563 1010 42 21 av
623 1000 65 30 vad
706 999 10 29 i
735 998 220 30 motionerna
974 996 146 32 anförts,

167 1059 40 30 de
228 1056 224 41 likalydande
475 1053 219 31 motionerna
717 1052 29 29 I:
765 1051 61 30 142
850 1061 40 19 av
913 1051 79 28 herr
1014 1048 162 30 Edström
1200 1056 45 21 m.
1268 1046 39 39 fl.
1330 1046 63 29 och
1417 1044 45 30 II:
1480 1043 62 30 172
1566 1051 40 21 av

123 1114 80 28 herr
218 1111 123 41 Rydén
359 1120 45 20 m.
421 1109 48 40 fl.,
487 1108 76 30 vari
580 1106 201 31 hemställes
799 1107 51 27 att
866 1103 187 39 riksdagen
1070 1101 107 30 måtte
1195 1100 11 29 i
1224 1097 168 32 skrivelse
1408 1097 53 30 till
1479 1095 127 40 Kungl.

124 1166 104 40 Maj:t
243 1166 128 38 begära
388 1162 136 40 allsidig
541 1160 186 39 utredning
743 1168 57 21 om
818 1157 94 31 olika
928 1156 117 40 frågor
1062 1155 94 30 inom
1173 1151 300 41 åldringsvården,
1491 1149 116 31 såsom

170 1220 26 29 1.
222 1217 243 32 fastställande
486 1225 43 21 av
549 1214 94 31 olika
663 1213 129 40 yrkens
813 1212 65 30 och
899 1210 161 30 arbetens
1081 1209 85 29 krav
1186 1206 45 41 på
1252 1205 115 31 skilda
1388 1203 220 40 åldersgrup-

123 1283 59 31 per
206 1274 64 30 och
296 1273 11 29 i
333 1270 168 32 samband
526 1268 144 31 därmed
694 1276 43 21 en
762 1264 230 42 omprövning
1017 1272 42 21 av
1084 1260 219 41 lämpligaste
1328 1256 279 43 pensionerings-

122 1327 109 34 ålder;

166 1381 29 30 92.
211 1377 244 33 fastställande
471 1386 41 21 av
531 1374 213 31 förbättrade
761 1369 326 41 arbetsbetingelser
1104 1367 77 30 från
1198 1366 95 31 olika
1310 1363 229 42 synpunkter,
1556 1361 53 30 så-

122 1435 53 29 väl
196 1432 228 42 fysiologiska
444 1439 75 21 som
540 1427 259 41 psykologiska,
821 1425 56 30 för
897 1422 187 31 ernåendet
1105 1430 40 21 av
1167 1420 90 30 ökad
1280 1415 329 33 arbetseffektivitet

124 1491 62 29 hos
205 1489 110 33 äldre;

170 1544 28 30 3.
224 1538 402 41 skattelagstiftningens
643 1533 215 43 anpassning
876 1532 47 34 så,
941 1533 50 29 att
1009 1528 183 33 samhället
1211 1526 199 32 stimulerar
1427 1524 53 31 till
1498 1522 111 32 ökade

126 1595 268 32 arbetsinsatser
419 1592 78 30 från
526 1590 106 34 äldre,
659 1588 93 31 vilka
779 1586 137 41 uppbär
941 1583 147 42 pension
1115 1590 78 22 men
1221 1589 76 22 som
1324 1587 123 32 genom
1477 1578 132 29 >extra-

125 1650 146 34 arbete»,
291 1645 268 40 halvtidstjänst
579 1645 62 28 etc.
662 1642 69 30 kan
752 1639 246 40 tillgodogöras
1020 1632 351 36 arbetsmarknaden;

170 1703 29 30 4.
225 1699 262 40 undersökning
514 1695 252 39 (inventering)
793 1704 42 20 av
856 1692 93 31 vilka
970 1687 340 41 arbetsmöjligheter
1331 1686 54 30 för
1406 1684 107 34 äldre,
1535 1691 74 22 som

127 1758 112 29 finnes
262 1756 97 29 inom
383 1752 140 31 svenskt
547 1749 206 39 näringsliv;

171 1811 28 29 5.
225 1807 244 33 fastställande
500 1814 42 21 av
571 1803 94 30 vilka
694 1801 222 40 möjligheter
947 1808 81 20 man
1058 1798 65 28 har
1153 1797 49 28 att
1232 1802 125 32 genom
1387 1785 223 50 omskolning

129 1863 199 40 sysselsätta
358 1860 94 30 äldre
481 1856 213 32 arbetskraft
723 1857 91 27 samt
841 1852 193 38 beräkning
1063 1860 41 20 av
1131 1847 237 31 kostnaderna
1396 1844 121 30 härför
1546 1842 63 30 och

126 1917 99 29 dessa
246 1914 126 31 ställda
392 1914 11 29 i
423 1911 149 30 relation
592 1910 52 30 till
664 1909 41 29 de
725 1907 148 30 resultat
895 1914 73 21 som
988 1904 72 29 kan
1080 1903 73 33 nås,

171 1970 40 29 de
231 1966 223 41 likalydande
476 1963 220 30 motionerna
717 1962 29 28 1:
762 1960 64 30 329
849 1969 41 20 av
910 1959 79 29 herr
1012 1955 177 32 Wirmark
1209 1963 46 21 m.
1277 1953 38 40 fl.
1337 1953 64 29 och
1423 1951 46 30 II:
1484 1950 61 30 411
1570 1959 41 20 av

129 2024 54 28 fru
204 2021 179 38 Lindskog
402 2029 44 20 m.
467 2018 49 39 fl.,
540 2017 9 29 i
571 2016 93 30 vilka
684 2014 172 30 motioner
876 2011 105 40 yrkas
1003 2012 50 28 att
1074 2008 187 39 riksdagen
1281 2006 108 30 måtte
1411 2005 10 29 i
1443 2002 167 32 skrivelse

127 2076 51 30 till
200 2075 126 38 Kungl.
349 2073 104 39 Maj:t
475 2069 186 31 hemställa
682 2077 56 21 om
760 2077 43 20 en
826 2065 191 40 skyndsam
1039 2061 186 40 utredning
1247 2058 150 32 rörande
1418 2057 193 39 åldringar-

130 2139 60 20 nas
216 2129 110 29 behov
353 2136 40 20 av
419 2126 61 29 och
510 2123 182 39 möjlighet
718 2121 50 29 till
796 2119 86 30 vård
907 2119 95 29 inom
1028 2116 95 31 olika
1148 2113 220 31 vårdformer
1394 2111 64 30 och
1484 2119 58 21 om
1568 2117 42 21 en

130 2181 225 38 samordning
386 2188 39 20 av
456 2177 209 38 åtgärderna
696 2174 76 30 med
806 2171 149 31 särskild
984 2171 138 37 hänsyn
1153 2167 50 30 till
1234 2166 150 30 vårdens
1413 2162 198 42 personliga

130 2235 174 32 karaktär,
975 2229 3 3 i

174 2288 39 29 de
230 2277 221 48 likalydande
469 2282 218 31 motionerna
704 2281 28 28 1:
749 2279 64 30 490
829 2288 41 21 av
886 2279 79 28 herr
981 2276 190 33 Elowsson,
1187 2272 85 36 Nils,
1290 2281 45 20 m.
1352 2270 37 39 fl.
1405 2270 64 30 och
1486 2268 47 30 II:
1549 2267 62 30 412

130 2350 39 20 av
191 2341 54 29 fru
266 2340 173 27 Svensson
461 2346 45 20 m.
528 2334 49 40 fl.,
599 2334 70 30 vari
690 2331 203 31 hemställes
914 2331 49 29 att
984 2328 186 38 riksdagen
1191 2326 10 29 i
1224 2323 166 32 skrivelse
1411 2322 51 30 till
1485 2320 126 39 Kungl.

131 2393 100 39 Maj:t
252 2392 80 29 ville
352 2389 138 31 anhålla
511 2398 56 20 om
588 2386 184 38 utredning
792 2395 42 20 av
854 2384 90 29 huru
965 2381 132 39 statligt
1117 2379 76 30 stöd
1212 2378 63 30 bör
1295 2376 172 31 utformas
1488 2374 55 30 för
1563 2374 50 28 att

129 2447 42 39 på
188 2446 99 30 bästa
307 2444 69 29 sätt
394 2441 115 40 stödja
527 2441 66 29 den
614 2440 114 39 öppna
746 2434 287 41 åldringsvården
1053 2433 10 30 i
1083 2433 257 29 kommunerna
1360 2429 90 28 samt
1468 2435 56 21 om
1545 2425 69 29 för-

129 2500 71 39 slag
220 2499 50 30 till
297 2498 79 30 1961
401 2496 54 30 års
477 2494 143 38 riksdag
642 2501 54 21 om
716 2490 151 40 höjning
887 2498 41 21 av
949 2483 356 41 statsbidragsskalan
1328 2482 50 29 till
1401 2479 213 31 ålderdoms-

135 2564 12 28 1
170 2581 19 2 —
219 2561 136 38 Bihang
376 2559 50 29 till
445 2556 205 39 riksdagens
668 2552 177 43 protokoll
866 2551 92 30 1960.
981 2550 36 29 11
1039 2548 99 31 saml.
1157 2547 48 29 Nr
1224 2547 42 28 28
