1886 2782
474 171 298 36 Statsutskottets
787 169 187 36 utlåtande
990 181 43 22 nr
1048 171 22 31 8
1086 168 39 34 år
1142 169 90 32 1958
1559 166 42 31 69

474 257 55 29 att
549 252 186 42 riksdagen
756 251 61 34 må
838 250 53 34 till
912 248 208 42 Ersättning
1143 247 52 35 till
1217 245 274 37 domänverkets
1511 244 89 41 fond

428 308 55 42 för
504 306 171 43 upplåten
695 304 103 35 mark
820 304 54 34 för
895 302 211 43 budgetåret
1129 300 157 43 1958/59
1309 299 123 34 anvisa
1454 303 54 29 ett
1530 297 69 35 för-

430 360 214 43 slagsanslag
661 371 45 22 av
725 362 42 30 24
783 361 66 31 000
866 358 140 33 kronor.

160 442 113 43 181:0)
302 442 184 43 Sveriges
504 440 232 43 anslutning
752 439 62 35 till
830 439 111 34 vissa
958 434 323 38 internationella
1297 432 304 43 vetenskapliga

113 496 421 42 sammanslutningar.
560 494 18 34 I
605 493 154 43 enlighet
784 493 82 34 med
892 491 133 43 Kungl.
1051 489 128 43 Maj:ts
1206 488 130 42 förslag
1365 487 131 43 (punkt
1523 489 78 34 348,

114 562 27 22 s.
161 550 95 43 780),
275 550 111 34 vilket
404 549 147 34 innebär
569 547 193 34 anvisande
782 559 46 21 av
847 557 137 23 samma
1003 543 267 43 anslagsbelopp
1290 553 76 23 som
1384 540 54 35 för
1457 540 144 34 inneva-

114 604 107 33 rande
239 603 185 43 budgetår,
441 601 202 35 hemställer
660 601 191 38 utskottet,

479 660 56 29 att
553 654 186 43 riksdagen
757 653 61 34 må
836 652 54 35 till
909 651 158 43 Sveriges
1087 649 203 42 anslutning
1312 648 52 35 till
1383 647 95 34 vissa
1496 647 106 34 inter-

432 708 192 35 nationella
645 706 268 43 vetenskapliga
934 703 360 42 sammanslutningar
1316 701 54 35 för
1392 700 212 43 budgetåret

435 762 157 43 1958/59
611 761 123 34 anvisa
751 765 55 29 ett
823 758 270 44 förslagsanslag
1111 769 45 22 av
1174 759 44 31 37
1232 759 66 31 000
1316 756 141 33 kronor.

164 844 114 43 182:0)
305 844 152 42 Bidrag
481 843 62 34 till
567 842 173 35 svenska
765 840 206 35 institutet
1006 839 3 34 i
1033 839 101 33 Rom
1157 847 52 24 m.
1223 846 52 25 m.
1301 835 19 34 I
1345 834 154 43 enlighet
1523 834 82 34 med

117 898 132 42 Kungl.
268 897 129 43 Maj:ts
417 896 130 43 förslag
568 895 131 44 (punkt
718 898 78 36 349,
816 906 27 22 s.
863 892 209 43 780—782),
1092 891 111 34 vilket
1221 890 147 34 innebär
1388 900 43 23 en
1452 888 152 41 anslags-

118 952 147 43 höjning
284 951 81 34 med
385 954 21 31 4
421 954 66 30 000
507 950 140 39 kronor,
668 948 202 35 hemställer
890 947 190 38 utskottet,

483 1008 56 29 att
555 1002 186 43 riksdagen
757 1001 60 35 må
833 1001 53 34 till
903 1000 131 42 Bidrag
1052 999 52 35 till
1120 997 152 35 svenska
1287 996 183 35 institutet
1494 996 3 34 i
1512 996 95 34 Rom

436 1070 108 21 m.m.
562 1056 54 34 för
634 1055 212 43 budgetåret
866 1053 156 43 1958/59
1042 1052 123 34 anvisa
1182 1056 55 29 ett
1255 1050 122 43 anslag
1395 1061 46 23 av
1461 1052 65 31 110
1540 1052 66 31 000

435 1111 140 34 kronor.

168 1192 113 43 183:0)
310 1191 296 36 Skandinavisk
636 1188 278 36 bibliotekarie
944 1187 68 34 vid
1042 1185 191 35 nordiska
1264 1183 263 43 avdelningen
1558 1192 50 25 av

121 1247 88 52 S:te
230 1244 455 37 Genevieévebiblioteket
705 1244 13 33 i
738 1243 117 34 Paris
874 1252 52 24 m.
940 1251 51 24 m.
1012 1240 20 34 I
1051 1239 154 43 enlighet
1224 1238 82 35 med
1326 1237 133 43 Kungl.
1478 1235 130 41 Maj:ts

120 1300 130 42 förslag
276 1299 131 43 (punkt
431 1301 77 37 350,
531 1310 27 21 s.
583 1297 95 42 782),
702 1296 112 34 vilket
837 1295 146 35 innebär
1008 1293 191 34 anvisande
1225 1304 46 22 av
1295 1303 137 22 samma
1456 1290 152 40 anslags-

121 1353 128 43 belopp
266 1365 75 22 som
359 1352 54 34 för
429 1351 238 34 innevarande
684 1349 186 43 budgetår,
887 1347 201 35 hemställer
1106 1346 190 39 utskottet,

486 1409 55 29 att
559 1403 187 42 riksdagen
763 1403 60 33 må
840 1402 54 34 till
912 1399 261 37 Skandinavisk
1192 1396 241 37 bibliotekarie
1452 1397 63 34 vid
1531 1408 79 22 nor-

441 1457 101 35 diska
575 1456 233 42 avdelningen
841 1467 45 22 av
919 1454 73 35 S:te
1027 1450 411 37 Genevieévebiblioteket
1468 1450 13 33 i
1511 1448 100 35 Paris

440 1523 107 22 m.m.
572 1509 53 34 för
649 1508 213 44 budgetåret
888 1506 155 44 1958/59
1069 1505 123 35 anvisa
1216 1509 55 30 ett
1295 1503 121 43 anslag
1440 1515 46 22 av
1511 1505 100 31 7000

441 1564 140 34 kronor.

172 1648 113 42 184:0)
313 1647 151 43 Bidrag
484 1646 63 35 till
568 1645 187 42 avlöning
777 1654 50 24 av
849 1639 280 38 föreståndare
1151 1640 67 34 för
1238 1638 174 36 svenska
1434 1636 179 36 student-

125 1703 175 34 hemmet
315 1702 13 33 i
343 1701 128 34 Paris.
487 1700 19 33 I
522 1699 154 43 enlighet
691 1699 82 33 med
788 1697 133 42 Kungl.
938 1694 129 44 Maj:ts
1083 1694 130 42 förslag
1232 1692 131 44 (punkt
1379 1694 78 37 351,
1474 1703 27 22 s.
1518 1690 95 39 782),

125 1755 110 34 vilket
262 1755 148 34 innebär
437 1753 192 34 anvisande
657 1764 46 22 av
730 1763 137 22 samma
895 1749 267 42 anslagsbelopp
1190 1759 77 22 som
1294 1745 55 34 för
1376 1743 239 36 innevarande

127 1809 184 42 budgetår,
330 1807 203 35 hemställer
551 1806 190 39 utskottet,

491 1865 56 29 att
562 1859 187 42 riksdagen
765 1858 60 34 må
841 1858 53 33 till
911 1856 130 42 Bidrag
1059 1855 53 34 till
1128 1853 166 42 avlöning
1312 1864 44 22 av
1373 1850 242 44 föreståndare

444 1914 56 42 för
517 1912 151 35 svenska
686 1911 305 35 studenthemmet
1009 1909 12 34 i
1037 1908 99 34 Paris
1154 1907 55 34 för
1227 1906 212 42 budgetåret
1459 1903 156 40 1958/59

447 1966 124 35 anvisa
587 1970 53 30 ett
657 1965 122 43 anslag
796 1977 45 21 av
860 1967 42 31 10
917 1966 65 31 500
999 1963 139 33 kronor.

175 2048 115 43 185:0)
317 2047 242 44 Främjande
579 2056 51 24 av
650 2041 543 39 internationellt-kulturellt
1213 2039 238 37 samarbete.
1472 2038 19 34 I
1512 2037 106 41 enlig-

129 2103 61 33 het
209 2103 81 33 med
308 2101 134 42 Kungl.
460 2100 129 42 Maj:ts
608 2099 130 42 förslag
759 2099 132 43 (punkt
910 2100 78 37 352,
1008 2109 26 21 s.
1055 2099 64 31 782
1140 2095 66 34 och
1226 2094 96 42 783),
1342 2093 111 33 vilket
1471 2091 147 34 innebär

129 2155 193 34 anvisande
347 2167 46 21 av
416 2166 136 22 samma
577 2152 268 43 anslagsbelopp
871 2163 75 22 som
970 2150 55 33 för
1049 2148 238 34 innevarande
1313 2145 184 43 budgetår,
1522 2145 97 33 hem-

130 2209 119 33 ställer
267 2209 190 37 utskottet,

494 2264 55 29 att
573 2258 185 42 riksdagen
782 2258 60 33 må
865 2257 53 34 till
942 2255 212 42 Främjande
1180 2266 45 22 av
1249 2250 371 37 internationellt-kul-

450 2313 120 33 turellt
590 2311 198 34 samarbete
809 2311 55 33 för
884 2309 211 42 budgetåret
1118 2307 156 42 1958/59
1297 2305 123 34 anvisa
1441 2309 53 29 ett
1515 2315 106 22 reser-

451 2365 264 42 vationsanslag
734 2376 44 21 av
800 2367 65 30 375
881 2367 65 30 000
966 2363 140 33 kronor.

180 2448 113 43 186:0)
322 2446 241 44 Främjande
581 2456 50 24 av
648 2442 412 37 nordiskt-kulturellt
1077 2440 238 36 samarbete.
1334 2438 18 34 I
1371 2437 154 43 enlighet
1542 2436 81 35 med

133 2502 133 42 Kungl.
282 2501 129 43 Maj:ts
428 2500 129 42 förslag
576 2499 129 43 (punkt
723 2501 78 36 353,
818 2510 27 21 s.
863 2500 65 30 783
945 2495 66 35 och
1028 2495 95 42 784),
1140 2493 111 34 vilket
1267 2492 146 34 innebär
1430 2490 193 34 anvisande
