1896 2840
310 170 104 28 Andra
436 170 199 28 kammarens
657 167 104 40 första
783 170 155 35 tillfälliga
961 170 133 27 utskotts
1118 169 157 29 utlåtande
1299 170 42 27 Nr
1366 171 24 27 7.
1577 171 20 28 3

109 284 131 27 KUNGL.
262 282 413 30 SKOLÖVERSTYRELSEN.

139 503 98 30 Till
275 502 302 40 riksdagens
616 503 153 31 andra
808 503 268 31 kammares
1115 503 151 31 första
1305 502 258 39 tillfälliga

751 557 207 31 utskott.

153 646 49 30 Av
224 645 123 40 Kungl.
370 646 98 38 Maj:t
488 646 177 31 anbefalld
686 649 48 28 att
755 647 283 38 skyndsammast
1057 647 66 29 och
1144 656 57 21 om
1222 646 134 39 möjligt
1377 645 72 32 före
1469 646 66 30 den
1556 646 39 30 21

108 690 154 31 februari
290 692 83 29 1939
400 691 50 30 till
474 691 203 39 riksdagens
703 692 109 29 andra
838 692 198 30 kammares
1060 691 111 31 första
1196 691 171 39 tillfälliga
1392 691 131 30 utskott
1548 690 50 30 in-

108 736 142 30 komma
271 736 80 30 med
370 736 158 38 yttrande
548 737 82 30 över
651 737 65 29 den
737 736 95 30 inom
853 736 108 30 andra
981 737 205 29 kammaren
1206 736 124 30 väckta
1351 735 185 35 motionen,
1558 744 41 20 ar

109 781 52 35 35,
184 780 178 40 angående
384 781 320 39 sammanslagning
724 790 43 21 av
789 780 216 31 skoldistrikt
1026 781 51 29 till
1100 782 107 29 större
1229 780 370 38 förvaltningsenheter

110 824 54 31 får
186 826 324 38 skolöverstyrelsen
531 826 126 30 anföra
676 825 165 39 följande.

156 869 135 40 Frågan
316 880 58 21 om
398 869 159 40 åtgärder
580 870 11 31 i
616 870 88 39 syfte
729 873 49 27 att
803 870 164 38 antingen
992 878 124 31 genom
1142 870 191 30 samarbete
1358 869 126 31 mellan
1509 869 89 30 skol-

110 915 137 30 distrikt
277 915 4 30 i
306 925 95 20 mera
425 915 193 39 begränsad
643 914 211 40 omfattning
879 915 79 30 eller
983 923 124 31 genom
1133 914 317 38 sammanslagning
1475 924 42 20 av
1542 912 58 32 två

109 960 82 30 eller
214 959 85 31 flera
325 959 213 31 skoldistrikt
563 960 50 30 till
639 961 106 30 större
770 959 371 39 förvaltningsenheter
1165 959 163 39 avhjälpa
1353 958 89 31 vissa
1466 958 132 35 brister,

112 1014 74 20 som
224 1004 139 30 vidlåda
402 1005 65 29 den
496 1005 201 30 nuvarande
724 1004 279 39 organisationen
1031 1014 43 19 av
1102 1004 241 30 skolväsendet
1371 1003 9 30 i
1408 1002 73 31 små
1509 1003 89 30 skol-

111 1049 145 36 distrikt,
283 1049 65 30 har
373 1049 56 29 vid
454 1049 85 30 flera
566 1048 158 31 tillfällen
750 1049 88 30 varit
863 1048 146 31 föremål
1034 1048 55 30 för
1114 1048 193 38 utredning.
1335 1047 110 39 Något
1470 1047 129 38 förslag

110 1093 51 30 till
182 1103 41 21 en
245 1093 164 39 slutgiltig
430 1093 135 39 lösning
586 1094 64 30 har
672 1093 88 30 dock
782 1093 120 30 hittills
924 1093 75 31 icke
1020 1094 136 29 kunnat
1176 1093 219 38 framläggas.

156 1132 258 44 Överstyrelsen
436 1138 62 30 har
521 1141 114 27 senast
657 1138 9 30 i
688 1138 57 30 sitt
766 1137 238 39 underdåniga
1025 1137 159 38 yttrande
1206 1138 66 29 den
1297 1138 38 29 13
1356 1136 136 39 januari
1518 1136 82 30 1939

112 1184 8 28 i
144 1183 187 38 anledning
353 1192 42 20 av
419 1183 201 38 riksdagens
643 1182 184 31 revisorers
850 1183 188 34 berättelse,
1063 1182 9 30 i
1096 1183 66 29 vad
1186 1182 65 30 den
1274 1180 105 40 avsåg
1401 1181 91 30 vissa
1513 1181 87 30 iakt-

111 1228 145 38 tagelser
283 1227 149 30 rörande
460 1228 251 35 skolväsendet,
740 1227 77 30 haft
846 1227 186 38 anledning
1061 1230 49 27 att
1138 1227 108 30 uttala
1275 1226 50 38 sig
1354 1226 10 29 i
1393 1225 207 31 hithörande

112 1271 177 40 spörsmål.
312 1272 82 30 Däri
415 1271 162 31 framhöll
597 1272 249 38 överstyrelsen
865 1272 105 29 bland
989 1274 117 32 annat,
1127 1274 58 32 att,
1206 1271 138 30 särskilt
1364 1271 65 29 vad
1448 1270 152 30 fortsätt-

111 1317 343 39 ningsskolväsendet
472 1316 179 38 beträffar,
671 1316 92 30 tiden
783 1317 63 29 när
865 1326 74 20 som
957 1316 88 30 helst
1063 1325 81 21 vore
1163 1323 123 31 mogen
1305 1315 54 30 för
1377 1314 224 31 utfärdandet

111 1371 42 21 av
171 1361 493 39 författningsbestämmelser,
684 1370 74 21 som
775 1361 118 30 kunde
910 1361 196 30 underlätta
1124 1370 41 20 en
1183 1359 257 39 centralisering
1457 1369 42 20 av
1517 1359 83 30 fort-

112 1406 411 39 sättningsskolväsendet
546 1406 193 30 oberoende
762 1415 42 20 av
828 1405 276 31 skoldistriktens
1128 1405 202 30 nuvarande
1354 1405 147 37 gränser.

157 1451 56 29 Ett
231 1454 70 35 steg
319 1450 11 30 i
348 1451 112 29 denna
478 1450 154 38 riktning
649 1450 167 30 innebure
834 1449 293 38 förverkligandet
1144 1459 41 20 av
1204 1449 55 30 det
1276 1449 130 37 förslag
1423 1447 178 39 angående

111 1494 225 39 obligatorisk
359 1494 247 39 undervisning
630 1494 10 30 i
663 1492 315 40 hushållsgöromål
1001 1493 54 30 för
1079 1493 134 35 flickor,
1238 1502 74 20 som
1335 1502 42 20 av
1401 1492 200 38 överstyrel-

113 1549 59 20 sen
190 1540 65 29 den
274 1540 41 28 26
334 1539 74 38 juni
429 1539 81 29 1938
529 1538 191 39 framlagts.
742 1538 390 38 Organisationsplanen
1151 1537 180 30 förutsatte
1350 1537 183 38 nämligen,
1552 1539 50 27 att

113 1584 206 30 samverkan
338 1584 110 29 skulle
466 1585 63 37 äga
548 1593 79 20 rum
645 1583 127 30 mellan
791 1583 135 30 mindre
946 1582 223 35 skoldistrikt,
1190 1591 74 21 som
1283 1582 135 30 tänktes
1437 1581 165 30 förenade

111 1628 10 29 i
142 1638 24 20 s.
189 1629 31 29 k.
243 1628 309 30 skolkökskretsar.
575 1628 13 29 I
611 1627 92 30 detta
725 1627 252 38 sammanhang
998 1627 154 30 uttalade
1173 1626 247 38 överstyrelsen
1441 1626 85 29 även
1549 1624 51 31 så-

112 1683 75 20 som
204 1673 53 29 sin
272 1672 150 39 mening,
440 1675 49 28 att
507 1675 46 27 ett
569 1672 245 30 motsvarande
832 1672 191 30 samarbete
1040 1670 109 31 måste
1167 1671 9 30 i
1194 1670 187 31 framtiden
1399 1673 82 27 utan
1499 1669 99 31 tvivel

113 1718 142 30 komma
279 1717 50 31 till
353 1716 101 31 stånd
478 1718 86 29 även
589 1717 58 30 vid
671 1717 194 30 ordnandet
888 1726 42 21 av
955 1724 182 30 gossarnas
1162 1715 159 30 fortsatta
1345 1714 257 39 undervisning,

113 1762 9 29 i
148 1762 46 30 all
219 1762 187 38 synnerhet
431 1771 73 20 som
530 1762 56 30 det
611 1762 117 30 kunde
753 1761 160 35 förutses,
939 1763 48 28 att
1013 1760 365 39 fortsättningsskolan
1403 1759 85 31 efter
1513 1758 88 31 infö-

113 1807 121 30 randet
256 1816 41 21 av
322 1805 129 39 sjuårig
474 1806 158 30 lärokurs
655 1806 10 29 i
688 1805 200 30 folkskolan
911 1806 139 29 komme
1073 1808 50 27 att
1145 1805 10 29 i
1178 1804 90 39 regel
1290 1804 173 30 anordnas
1487 1803 115 30 såsom

113 1850 130 39 ettårig.

154 1895 78 30 Men
251 1896 87 29 även
358 1894 123 39 frågan
500 1904 57 21 om
578 1904 43 21 en
641 1894 257 38 centralisering
918 1893 44 39 på
983 1894 55 29 det
1058 1893 169 38 egentliga
1246 1892 354 31 folkskoleväsendets

114 1939 141 31 område
280 1939 110 30 måste
415 1939 104 38 enligt
544 1939 267 37 överstyrelsens
837 1938 138 38 mening
1000 1938 92 29 bliva
1119 1936 145 31 föremål
1290 1937 55 30 för
1370 1937 233 30 statsmakter-

115 1993 62 20 nas
198 1983 195 39 synnerliga
414 1983 318 39 uppmärksamhet.
755 1983 56 30 Ett
831 1993 42 19 ur
892 1982 204 30 ekonomisk
1117 1982 177 38 synpunkt
1313 1981 181 30 välordnat
1514 1980 89 30 skol-

115 2029 103 29 väsen
238 2028 88 30 lärer
347 2027 75 30 icke
441 2028 120 30 kunna
581 2028 213 38 uppbyggas,
816 2030 84 27 utan
920 2029 48 28 att
988 2036 41 20 en
1051 2027 154 30 starkare
1225 2025 263 30 koncentration
1508 2025 96 30 inom

116 2073 55 30 det
189 2073 114 29 lokala
322 2072 338 31 folkskoleväsendet
679 2073 157 29 kommer
858 2071 47 30 lill
925 2070 108 31 stånd.
1055 2071 12 29 I
1088 2071 108 38 själva
1215 2071 117 29 verket
1351 2071 37 29 är
1407 2070 90 30 detta
1517 2070 87 29 även

114 2127 42 20 en
178 2127 41 20 av
241 2116 335 39 förutsättningarna
597 2116 54 31 för
673 2119 47 27 att
742 2124 142 30 svagare
906 2116 207 30 skolformer
1135 2115 95 30 skola
1252 2115 120 30 kunna
1393 2115 11 29 i
1425 2115 106 29 större
1551 2116 52 28 ut-

115 2162 200 37 sträckning
336 2162 142 29 ersättas
498 2162 78 29 med
597 2171 41 20 ur
657 2160 310 38 undervisningens
987 2161 178 37 synpunkt
1185 2159 217 37 fullvärdiga.
1423 2158 47 30 På
1491 2159 112 29 denna

114 2207 112 37 punkt
245 2205 101 30 råder
367 2205 144 30 sålunda
532 2205 102 38 ingen
655 2205 225 37 motsättning
900 2205 126 29 mellan
1047 2205 41 29 de
1109 2203 226 31 ekonomiska
1357 2203 63 30 och
1441 2203 40 30 de
1501 2203 103 38 peda-

115 2250 142 38 gogiska
281 2250 189 30 intressena
495 2250 10 29 i
531 2249 99 38 fråga
656 2259 56 20 om
738 2248 258 30 skolväsendets
1021 2247 205 38 anordning.

161 2295 120 29 Därest
299 2303 42 20 en
361 2294 142 29 effektiv
522 2293 264 30 koncentration
806 2302 42 20 av
868 2293 241 29 skolväsendet
1128 2293 87 29 skall
1234 2293 120 29 kunna
1374 2292 229 37 genomföras,

115 2339 84 29 böra
227 2338 88 29 dock
345 2337 287 38 förutsättningar
660 2337 117 29 därför
805 2337 126 37 skapas
960 2344 123 29 genom
1114 2336 490 37 författningsbestämmelser,

116 2392 75 20 som
210 2382 194 29 underlätta
423 2391 39 19 en
483 2382 206 29 samverkan
708 2381 127 29 mellan
855 2380 91 30 olika
966 2380 214 30 skoldistrikt
1259 2381 86 29 även
1365 2380 9 29 i
1392 2380 91 30 form
1502 2390 42 20 av
1563 2389 40 20 en

116 2426 319 37 sammanslagning
453 2436 41 20 av
513 2425 138 30 distrikt
668 2443 43 3 —
730 2425 61 30 där
810 2425 91 29 detta
920 2424 157 30 befinnes
1097 2423 297 39 ändamålsenligt.
1415 2424 11 29 I
1446 2424 160 38 yttrande

116 2472 81 28 över
214 2469 580 39 skatteutjämningsberedningens
813 2469 127 37 förslag
958 2469 62 29 har
1037 2469 247 37 överstyrelsen
1303 2467 41 39 på
1365 2468 51 30 sin
1434 2468 47 30 tid
1500 2469 105 30 fram-

116 2514 106 37 hållit,
244 2518 49 27 att
314 2515 41 30 de
377 2514 200 31 nuvarande
599 2513 224 36 skoldistrikt,
846 2523 74 20 som
942 2513 52 30 för
1015 2512 174 31 vinnande
1211 2523 40 19 av
1273 2522 41 21 en
1337 2512 155 31 rationell
1515 2513 88 30 skol-
