2228 2644
421 125 38 29 12
892 122 244 41 Lagutskottets
1158 121 171 32 utlåtande
1351 121 52 33 Nr
1425 122 53 31 29.

378 201 147 38 kunnat
565 201 257 48 konstateras,
862 200 181 50 slutligen
1071 200 123 48 blivit,
1223 200 180 38 stundom
1431 214 143 36 genom
1598 199 350 51 efterforskningar
1974 202 12 37 i

379 253 214 46 hemorten,
618 252 197 47 avslöjade
841 266 82 23 som
943 252 236 37 simularter.

511 303 61 37 Nu
613 303 161 38 berörda
815 303 186 50 spörsmål
1043 302 408 50 uppmärksammades
1492 302 11 36 i
1546 302 66 37 det
1653 302 207 47 utlåtande,
1902 316 82 24 som

379 354 173 47 lagrådet
586 368 126 34 avgav
739 354 74 36 den
844 357 18 33 7
892 353 166 38 februari
1089 355 96 35 1914
1213 358 91 32 över
1332 353 64 36 det
1424 353 48 36 då
1498 353 268 48 föreliggande
1800 353 185 49 förslaget

378 405 57 36 till
475 405 180 49 strafflag
693 404 57 37 för
772 404 278 50 krigsmakten.
1104 404 281 37 Erfarenheten
1413 403 99 37 hade
1539 404 103 37 visat
1666 423 49 5 —
1742 404 110 37 heter
1880 404 65 37 det
1972 405 12 37 i

379 455 121 47 sagda
527 455 197 37 utlåtande
751 476 50 3 —
828 461 55 31 att
909 455 11 37 i
939 456 158 49 mycket
1117 460 79 32 stor
1215 455 268 46 utsträckning
1500 454 199 48 krigsmän
1718 455 95 36 söka
1832 455 152 38 komma

379 506 81 37 från
510 506 510 49 tjänstgöringsskyldighet
1070 519 140 36 genom
1255 511 55 31 att
1349 506 172 47 föregiva
1563 505 180 50 sjukdom
1786 506 92 37 eller
1918 506 65 48 fel,

379 570 80 24 som
489 557 124 36 skulle
643 557 254 49 omöjliggöra
925 557 129 37 sådan.
1109 556 313 38 Understundom
1451 561 141 43 antoge
1612 556 128 46 dylika
1759 556 226 38 företeelser

379 621 46 24 en
465 613 86 31 rent
591 621 48 23 av
679 608 215 49 epidemisk
934 607 191 37 karaktär.
1191 606 112 38 Olika
1342 607 200 48 meningar
1574 606 109 38 torde
1719 608 91 37 råda
1838 607 145 49 därom,

378 658 187 37 huruvida
589 658 84 38 med
701 658 181 49 gällande
909 658 360 49 lagbestämmelser
1302 658 118 37 sådan
1448 657 222 37 simulation
1697 658 124 37 skulle
1854 658 130 39 kunna

378 708 210 38 bestraffas.
642 709 74 37 Det
744 715 134 44 syntes
906 709 238 37 fördenskull
1171 708 175 48 lagrådet
1372 708 179 49 lämpligt
1578 714 55 31 att
1659 728 50 5 —
1735 712 127 33 såsom
1879 714 24 31 t.
1923 723 59 24 ex.

378 760 101 37 skett
505 759 13 37 i
546 759 76 37 den
663 761 141 36 norska
844 760 114 48 lagen
995 779 50 5 —
1088 765 55 32 ett
1182 759 213 48 stadgande
1423 758 183 44 infördes,
1635 772 83 23 som
1745 758 238 39 omedelbart

378 813 139 45 avsåge
545 809 107 38 detta
679 810 76 37 fall.
812 810 83 37 Och
922 810 131 38 tillade
1081 810 184 49 lagrådet,
1286 815 55 31 att
1360 810 120 48 högre
1500 809 113 37 straff
1628 814 48 32 än
1693 809 294 50 disciplinstraff

376 861 84 37 icke
500 866 134 44 syntes
670 861 92 38 böra
789 861 234 37 bestämmas
1051 861 74 37 och
1153 866 54 32 att
1235 861 74 37 mål
1337 874 61 24 om
1427 859 219 38 simulation
1674 860 212 50 lämpligen
1914 861 68 37 all-

376 911 55 38 tid
458 911 120 37 borde
607 914 50 46 gå
683 912 58 37 till
769 912 175 37 domstol.

508 962 152 48 Frågan
688 963 189 37 huruvida
905 962 122 49 enligt
1050 962 76 37 den
1154 975 73 36 nya
1256 961 226 49 strafflagen
1510 961 57 37 för
1583 961 266 48 kriggmakten
1866 962 115 37 simu-

376 1012 117 37 lation
520 1013 123 36 under
669 1013 337 49 tjänstgöringstid
1026 1013 75 37 kan
1121 1013 212 46 bestraffas,
1353 1013 108 36 torde
1481 1013 130 36 kunna
1629 1012 100 37 bliva
1748 1013 154 37 föremål
1922 1013 60 38 för

376 1063 100 37 olika
514 1063 214 49 meningar.
781 1064 18 36 I
835 1064 64 37 det
926 1064 143 47 förslag
1096 1063 59 37 till
1182 1063 126 37 denna
1336 1063 187 47 strafflag,
1552 1076 82 24 som
1663 1063 190 38 förelades
1884 1066 96 35 1914

377 1116 59 34 års
475 1114 173 48 riksdag,
687 1114 112 37 fanns
836 1114 12 37 i
880 1112 20 49 $
931 1116 69 35 116
1040 1119 198 45 upptagen
1279 1127 48 23 en
1368 1113 284 47 bestämmelse,
1694 1127 81 24 som
1820 1115 161 37 otvivel-

376 1164 123 50 aktigt
526 1165 124 36 skulle
673 1165 182 37 kunnat
840 1160 19 59 i
883 1165 123 50 dylikt
1033 1165 68 37 fall
1142 1165 190 49 tillämpas
1361 1165 71 36 och
1460 1178 83 23 som
1572 1165 188 48 stadgade
1789 1166 112 36 straff
1924 1165 57 38 för

376 1215 85 47 den,
490 1228 83 24 som
601 1215 13 37 i
641 1215 293 49 angelägenhet,
958 1229 82 24 som
1069 1215 112 38 rörde
1209 1216 184 48 tjänsten,
1420 1229 140 34 genom
1580 1229 119 24 osann
1717 1216 154 50 uppgift
1887 1216 93 38 eller

376 1266 227 37 annorledes
642 1267 108 37 sökte
791 1266 188 38 vilseleda
1019 1266 242 37 överordnad
1303 1266 93 37 eller
1423 1279 137 35 annan,
1586 1279 82 25 som
1696 1280 91 24 vore
1817 1265 183 51 behörig

375 1322 55 31 att
455 1316 172 38 infordra
650 1317 92 37 eller
769 1323 171 42 mottaga
959 1317 255 37 meddelande
1233 1317 12 36 i
1265 1316 118 38 sådan
1400 1317 295 49 angelägenhet.
1748 1318 89 37 Men
1854 1318 126 38 denna

374 1367 272 37 bestämmelse
685 1367 81 38 blef
786 1381 48 24 av
862 1368 209 48 riksdagen
1095 1368 204 37 utesluten.
1351 1367 75 38 Vid
1454 1368 138 37 sådant
1618 1368 238 38 förhållande
1880 1369 100 37 lärer

374 1418 229 49 spörgemålet
631 1432 59 23 om
710 1418 289 38 simulationens
1020 1419 249 37 straffbarhet
1282 1418 104 38 bliva
1402 1418 194 38 beroende
1616 1432 48 24 av
1682 1419 297 50 uppfattningen

375 1481 60 25 om
458 1468 240 38 innebörden
725 1483 47 23 av
803 1471 69 35 129
902 1467 21 49 $
950 1469 12 37 i
990 1469 181 48 gällande
1198 1470 74 47 lag.
1327 1469 134 37 Denna
1487 1469 185 50 paragraf
1695 1470 156 48 stadgar
1874 1471 110 37 straff

373 1518 58 38 för
471 1520 211 48 krigsman,
720 1532 83 24 som
837 1520 260 49 uppsåtligen,
1139 1522 47 46 på
1223 1525 116 31 annat
1367 1525 75 32 sätt
1469 1525 48 32 än
1546 1521 251 38 annorstädes
1824 1521 13 37 i
1864 1522 115 47 lagen

374 1574 102 44 sägs,
515 1571 124 47 begår
676 1570 232 50 förbrytelse
936 1569 11 38 i
975 1570 68 37 sitt
1083 1570 151 37 ämbete
1274 1570 93 37 eller
1405 1570 59 37 sin
1496 1571 120 48 tjänst
1643 1571 59 37 för
1729 1584 102 35 egen
1858 1572 121 37 fördel

373 1620 92 38 eller
497 1621 60 37 för
590 1625 55 33 att
672 1634 126 24 annan
825 1634 131 35 gynna
984 1620 93 38 eller
1106 1621 117 37 skada
1251 1621 92 37 eller
1366 1621 112 48 eljest
1504 1621 59 36 till
1591 1621 220 49 kränkning
1838 1635 47 25 av
1912 1622 67 38 all-

373 1676 87 32 män
497 1672 93 37 eller
627 1671 150 38 enskild
817 1677 76 32 rätt
933 1671 93 39 eller
1067 1672 181 37 säkerhet
1288 1671 93 38 eller
1412 1671 249 50 uppsåtligen
1687 1672 13 37 i
1728 1673 138 48 avsikt,
1895 1687 82 24 som

373 1722 96 47 sagd
509 1727 54 43 är,
604 1722 218 38 underlåter
857 1723 58 36 sin
942 1722 165 38 ämbets-
1138 1722 93 38 eller
1258 1723 257 49 tjänsteplikt;
1545 1723 71 37 och
1645 1722 75 38 den
1743 1724 135 48 frågan
1902 1725 77 37 kan

372 1773 222 49 uppkastas,
636 1773 187 37 huruvida
864 1773 65 37 vid
969 1773 66 38 fall
1077 1786 48 24 av
1163 1773 219 38 simulation
1415 1787 48 24 en
1489 1774 271 48 »förbrytelsev
1788 1775 11 36 i
1827 1776 151 36 ämbete

372 1823 94 37 eller
506 1824 124 49 tjänst
669 1823 219 49 föreligger.
938 1824 74 37 Det
1052 1824 110 37 torde
1201 1825 33 49 ej
1279 1838 90 24 vara
1396 1824 197 49 uteslutet,
1622 1829 54 33 att
1708 1826 167 37 nämnda
1897 1826 83 49 lag-

371 1887 82 24 rum
488 1875 128 37 skulle
648 1874 152 38 komma
829 1880 54 32 att
910 1874 11 37 i
950 1874 107 50 regel
1084 1888 112 24 anses
1224 1875 221 50 tillämpligt
1473 1878 20 35 å
1521 1875 219 38 simulation
1768 1877 74 37 och
1871 1878 111 36 straff

371 1925 59 37 för
470 1926 121 48 sagda
632 1925 209 50 åtgörande
883 1925 110 38 alltså
1032 1930 166 33 utmätas
1239 1926 121 48 enligt
1391 1939 145 24 samma
1577 1926 160 49 lagrum.
1801 1927 75 37 Vid
1904 1927 75 37 till-

371 1976 201 49 lämpning
610 1989 47 24 av
691 1976 99 38 förut
827 1976 179 48 gällande
1055 1976 173 48 strafflag
1265 1977 59 37 för
1365 1977 265 48 krigsmakten
1668 1978 69 37 har
1780 1978 197 48 nämligen

373 2027 108 36 straff
505 2026 57 37 för
586 2026 219 38 simulation
833 2027 109 37 blivit
969 2040 47 24 av
1044 2027 314 48 krigshovrätten
1387 2028 128 37 ådömt
1539 2028 122 48 enligt
1681 2030 69 35 143
1771 2025 21 50 8
1812 2028 165 37 nämnda

373 2077 75 47 lag,
480 2077 132 37 vilken
639 2077 205 50 paragrafi
859 2077 107 48 fråga
995 2091 61 23 om
1081 2078 425 49 brottsbeskrivningen
1524 2083 346 33 överensstämmer
1889 2079 88 37 med

373 2127 268 38 förutnämnda
683 2130 69 35 129
792 2125 21 50 $
854 2128 11 37 i
892 2142 75 35 nya
994 2128 126 49 lagen.
1161 2129 87 37 Men
1289 2129 173 37 kommer
1492 2132 70 35 129
1591 2127 20 49 $
1639 2129 11 37 i
1678 2143 73 36 nya
1778 2130 116 49 lagen
1922 2136 54 32 att

373 2177 192 49 tillämpas
593 2178 64 38 vid
684 2178 66 38 fall
774 2192 47 24 av
849 2178 229 49 simulation,
1108 2182 41 34 så
1175 2179 108 38 torde
1312 2180 147 37 straffet
1487 2180 103 38 bliva
1614 2185 199 44 strängare
1833 2186 47 33 än
1894 2194 81 24 som
