2232 2654
773 217 243 42 Lagutskottets
1039 220 172 31 utlåtande
1235 221 50 31 Nr
1306 223 52 29 29.
1805 224 18 29 3

254 296 221 47 därigenom
514 302 56 31 att
603 296 63 38 det
693 297 127 48 dåliga
848 297 193 50 exemplet
1069 298 162 49 menligt
1258 298 178 38 inverkar
1464 302 47 46 på
1539 299 227 38 karaktären
1795 300 69 37 hos

255 347 46 37 de
330 347 277 38 simulerandes
635 348 203 37 kamrater.

388 398 225 37 Simulation
642 403 41 32 är
710 398 147 38 således
886 404 54 32 att
967 412 92 24 anse
1089 402 122 35 såsom
1237 405 53 32 ett
1320 400 199 38 moraliskt
1542 400 91 49 lyte,
1653 414 81 24 som
1754 401 12 37 i
1786 401 79 48 hög

252 448 96 48 grad
392 449 192 37 försvårar
625 449 317 37 militärläkarnas
987 450 258 49 mönstrings-
1288 450 69 38 och
1398 451 468 38 visitationsverksamhet

253 504 99 33 samt
389 500 12 36 i
442 501 186 36 avsevärd
668 503 87 34 mån
788 500 139 37 skadar
954 501 128 37 armén
1113 506 97 32 även
1239 502 11 36 i
1279 501 104 37 vissa
1410 502 165 36 militära
1603 502 260 45 hänseenden.

388 550 408 49 Sjukvårdsstyrelsen
836 551 122 36 finner
985 551 120 48 älltså,
1135 557 55 31 att
1217 552 125 37 denna
1369 551 205 39 företeelse
1603 557 41 32 är
1671 566 47 23 av
1746 553 118 37 sådan

253 601 211 48 betydelse,
506 607 56 31 att
602 602 222 37 densamma
864 602 138 36 kräver
1029 602 189 37 särskilda
1246 603 180 47 åtgärder
1453 603 59 36 för
1539 608 56 31 att
1618 603 128 37 kunna
1775 604 88 45 med

252 652 202 47 framgång
494 652 221 50 bekämpas.
770 652 242 45 Visserligen
1052 653 125 36 finnas
1209 653 117 37 redan
1355 667 51 23 nu
1435 653 238 38 föreskrifter
1700 654 12 36 i
1741 655 122 36 straff-

251 703 112 49 lagen
406 704 57 35 för
504 703 265 47 krigsmakten
810 699 35 50 ($
876 700 98 51 143),
1002 704 223 47 varigenom
1256 704 198 49 avslöjade
1483 704 225 38 simulanter
1734 705 129 37 kunna

250 753 200 38 befordras
476 753 59 37 till
563 754 118 47 straff,
709 766 101 34 men,
830 756 125 34 såsom
977 754 238 37 motionären
1232 760 98 31 även
1352 760 136 43 antytt,
1510 755 88 36 med
1618 755 246 50 tillämpniovg

250 818 46 23 äv
325 804 451 37 straffbestämmelserna
800 804 162 37 drabbar
981 818 84 23 man
1088 804 136 38 endast
1243 805 159 37 enstaka
1423 806 193 49 yttringar
1636 806 69 37 och
1726 806 137 49 följder

250 869 47 23 av
329 855 216 37 simulation
575 855 72 37 och
676 855 294 37 närbesläktade
999 855 234 45 företeelser,
1261 869 87 24 men
1377 859 112 34 ernår
1515 857 85 36 icke
1629 862 54 31 att
1710 856 153 38 hämma

250 906 120 49 själva
398 905 127 37 källan
553 905 57 37 till
637 905 302 49 olägenheterna
966 906 11 35 i
1006 905 109 49 fråga
1142 925 47 5 —
1218 906 47 37 de
1294 920 49 23 nu
1372 907 12 36 i
1412 906 65 37 det
1496 911 192 33 närmaste
1709 907 153 38 riskfria

249 956 295 50 möjligheterna
572 961 54 32 att
652 969 139 35 genom
820 956 226 48 bedrägliga
1074 957 198 49 uppgifter
1299 960 90 33 ernå
1417 957 210 37 frikallelse
1648 957 81 38 från
1749 963 112 33 värn-

248 1007 167 50 pliktens
444 1006 254 48 fullgörande.
727 1006 140 37 Härtill
895 1007 171 37 kommer
1091 1007 159 50 jämväl,
1276 1012 54 32 att
1350 1008 157 37 läkarna
1528 1007 82 38 dels
1628 1021 47 24 av
1693 1008 168 38 humana

250 1058 96 47 skäl,
371 1057 81 38 dels
472 1071 47 23 av
538 1057 173 37 formella
730 1058 166 47 orsaker,
918 1060 123 35 såsom
1063 1058 47 37 de
1130 1058 224 37 invecklade
1370 1058 176 48 rättsliga
1565 1059 295 50 procedurerna,

249 1109 134 37 endast
405 1109 14 36 i
445 1108 289 49 undantagsfall
757 1108 93 49 vilja
879 1108 92 37 eller
999 1109 129 37 kunna
1147 1109 159 48 bidraga
1324 1109 56 37 till
1401 1109 195 49 avslöjade
1616 1109 243 38 simulanters

248 1159 264 49 bestraffning.

382 1210 52 36 På
474 1209 126 48 grund
642 1222 47 24 av
724 1209 72 37 vad
825 1222 98 24 ovan
952 1209 158 48 anförts,
1140 1209 122 36 finner
1291 1209 59 48 sig
1374 1209 191 48 styrelsen
1588 1210 91 37 böra
1708 1210 151 37 förorda

250 1260 74 38 den
366 1274 46 23 av
449 1260 239 37 motionären
719 1259 219 48 föreslagna
965 1259 258 48 utredningen
1253 1263 125 34 såsom
1404 1260 264 37 innebärande
1695 1260 164 37 utsikter

249 1311 57 37 till
334 1310 289 37 simulationens
651 1310 209 48 kraftigare
889 1309 287 50 bekämpande.
1349 1325 2 2 |

383 1360 187 38 Gällande
599 1360 239 38 föreskrifter
867 1360 6 36 i
900 1365 130 32 ämnet
1056 1360 222 37 innefattas:

384 1411 81 37 dels
506 1412 12 36 i
560 1411 223 48 strafflagen
824 1410 57 37 för
919 1410 265 48 krigsmakten
1223 1411 74 37 den
1336 1413 46 34 23
1411 1411 161 38 oktober
1602 1413 108 46 1914,
1738 1408 44 51 $$
1812 1413 45 36 59

250 1462 70 37 och
364 1464 81 45 129,
483 1462 81 37 dels
598 1462 12 36 i
638 1461 327 51 värpvpliktslagen
994 1461 74 37 den
1099 1462 46 35 14
1173 1461 218 49 september
1420 1463 108 45 1914,
1557 1459 20 48 $
1604 1464 56 44 16,
1685 1476 112 23 mom.
1825 1465 33 45 1,

250 1513 83 38 dels
360 1513 12 36 i
400 1512 141 50 Kungl.
571 1513 129 48 Maj:ts
723 1512 139 49 nådiga
885 1511 232 49 kungörelse
1142 1511 198 48 angående
1364 1512 423 49 läkareundersökning
1811 1527 47 23 av

251 1564 99 46 dem,
391 1577 81 23 som
514 1564 93 36 söka
639 1563 76 37 fast
742 1562 231 48 anställning
999 1562 65 37 vid
1093 1562 275 48 krigsmakten,
1397 1568 100 31 samt
1524 1576 47 23 av
1599 1563 259 49 värnpliktiga

251 1615 73 37 den
366 1617 45 34 22
447 1615 152 48 januari
640 1615 107 47 1915,
786 1610 44 51 $$
867 1615 56 46 17,
959 1615 45 34 18
1032 1613 70 37 och
1130 1615 59 46 20,
1219 1613 81 37 dels
1329 1613 180 49 slutligen
1536 1614 13 36 i
1577 1614 130 47 kungl.
1737 1615 121 36 armé-

251 1665 303 48 förvaltningens
583 1664 387 49 sjukvårdsstyrelses
999 1664 97 36 efter
1126 1665 94 35 1915
1240 1667 60 33 års
1319 1664 159 48 riksdag
1505 1664 201 37 utfärdade
1733 1665 124 46 regle-

251 1721 128 30 mente
410 1715 54 36 till
492 1715 159 47 ledning
678 1714 64 36 vid
766 1713 422 47 läkareundersökning
1207 1726 45 24 av
1271 1714 97 47 dem,
1390 1727 80 23 som
1491 1714 94 36 söka
1606 1714 74 36 fast
1700 1715 156 36 anställ-

251 1765 95 48 ning
372 1765 64 47 vid
463 1765 278 48 kriggmakten,
770 1769 97 32 samt
895 1777 45 23 av
969 1763 258 49 värnpliktiga
1255 1761 525 52 (besiktningsreglemente).

422 1815 284 37 nskvärdheten
746 1828 47 22 av
821 1827 46 23 en
895 1814 167 37 revision
1089 1819 91 31 utav
1207 1813 178 48 gällande
1413 1814 247 49 lagstiftning
1687 1815 12 36 i
1727 1820 131 32 ämnet

252 1866 68 37 har
347 1866 117 37 redan
494 1865 81 37 före
607 1867 94 35 1915
730 1868 59 34 års
815 1864 158 47 riksdag
1001 1864 82 36 från
1112 1864 167 37 officiellt
1307 1864 74 36 håll
1407 1864 237 38 framhållits.
1692 1865 165 37 Sålunda

250 1916 152 50 yttrade
442 1916 74 37 den
557 1930 48 22 av
645 1915 140 47 Kuögl.
826 1915 107 49 Maj:t
961 1914 73 38 den
1064 1916 17 35 1
1113 1915 95 49 april
1239 1916 92 36 1901
1361 1915 158 37 tillsatta
1543 1916 227 36 kommittén
1799 1916 58 36 för

250 1966 164 38 revision
439 1980 46 24 av
506 1966 221 48 strafflagen
748 1966 57 36 för
824 1966 259 47 krigsmakten
1105 1979 47 23 m.
1173 1979 48 23 m.
1242 1965 12 36 i
1274 1966 168 36 motiven
1458 1966 56 36 till
1532 1966 66 36 sitt
1615 1966 241 37 betänkande

252 2018 72 36 och
362 2017 144 48 förslag
543 2017 63 36 vid
634 2014 21 49 8
684 2018 46 35 60
758 2030 46 23 av
832 2016 182 48 förslaget
1041 2016 56 36 till
1127 2016 172 48 strafflag
1326 2015 57 37 för
1410 2016 265 47 krigsmakten
1704 2013 35 50 ($
1769 2018 46 35 59
1844 2017 10 35 i

251 2081 50 22 nu
329 2067 178 48 gällande
535 2065 77 49 lag)
642 2066 182 48 följande:

385 2116 306 48 ”Ifrågavarande
734 2113 20 49 $
792 2115 121 48 gäller
953 2114 136 37 endast
1129 2114 205 47 krigsman.
1390 2114 126 37 Sådan
1557 2115 178 48 gärning,
1776 2129 79 23 som

253 2167 68 36 där
357 2167 172 47 omtalas,
559 2178 116 37 synes
703 2165 212 37 emellertid
943 2164 91 37 böra
1062 2164 171 37 medföra
1260 2177 149 34 ansvar,
1437 2169 97 32 även
1559 2166 48 35 då
1634 2165 74 36 den
1739 2166 117 47 begås

252 2231 47 23 av
341 2230 123 23 annan
495 2217 13 36 i
540 2219 140 46 uppsåt
707 2221 54 31 att
788 2221 94 42 göra
909 2215 61 47 sig
997 2214 160 49 oduglig
1183 2215 54 35 till
1268 2215 238 47 fullgörande
1535 2228 47 23 av
1610 2215 95 36 hans
1734 2216 123 47 krigs-

252 2266 358 52 tjänstskyldighet,
649 2279 88 23 vare
765 2267 60 46 sig
853 2266 124 36 denna
1004 2265 112 51 lyder
1142 2264 119 37 under
1288 2264 165 38 nämnda
1481 2265 65 49 lag
1574 2265 94 37 eller
1695 2265 46 49 ej.
1791 2265 66 37 Ett
