2198 2606
608 156 357 30 Jordbrukswtiskottets
989 155 173 30 utlåtande
1188 155 49 29 Nr
1262 155 50 28 96.
1759 152 19 28 d

908 580 55 38 Nr
991 579 63 39 96.

781 737 116 28 Ankom
919 737 46 28 till
986 737 177 36 riksdagens
1183 736 98 29 kansli
1301 737 57 27 den
1382 738 31 26 16
1433 736 57 35 maj
1514 737 69 26 1918
1602 736 39 27 kl.
1661 736 17 27 4
1699 744 23 18 e.
1744 744 36 19 m.

406 881 203 37 Utlåtande
644 883 16 35 i
688 882 205 46 anledning
922 894 47 24 av
1026 881 111 47 Kungl.
1172 881 131 46 Maj:ts
1325 881 234 47 proposition
1590 879 192 47 ungående

608 952 135 47 förhöjt
786 952 440 48 utflyttningsunderstöd
1268 952 102 38 inom
1413 951 44 37 de
1495 963 93 24 ovan
1619 951 161 46 odlings-

607 1026 162 45 gränsen
800 1024 154 47 belägna
984 1023 157 37 delarna
1171 1035 47 25 av
1256 1022 273 37 Västerbottens
1557 1023 75 36 län.

1464 1094 75 47 (2:a
1568 1093 105 47 avd.)

291 1256 19 36 I
353 1268 49 25 en
446 1257 77 37 den
567 1259 49 35 30
652 1257 103 48 april
787 1257 101 40 1918
917 1257 63 37 till
1009 1256 216 48 riksdagen
1255 1255 171 44 avlåten,
1457 1255 63 37 till
1548 1254 234 48 jordbruks-

184 1310 198 37 utskottet
425 1310 199 37 hänvisad
669 1310 260 48 proposition,
974 1322 48 24 nr
1064 1310 88 45 379,
1197 1310 74 35 har
1314 1308 148 47 Kungl.
1494 1308 129 48 Maj:t,
1654 1307 129 37 under

185 1363 255 47 åberopande
461 1376 51 24 av
531 1364 306 47 propositionen
858 1363 125 48 bilagt
1001 1363 146 47 utdrag
1162 1375 51 24 av
1229 1361 443 48 statsrådsprotokollet
1687 1364 97 34 över

183 1415 400 48 jordbruksärenden
621 1418 64 36 för
714 1429 155 25 samma
898 1416 88 48 dag,
1017 1416 207 48 föreslagit
1253 1415 215 48 riksdagen
1497 1414 198 48 medgiva,
1726 1416 58 35 att

184 1482 51 24 av
265 1469 67 38 det
365 1469 129 38 under
522 1470 150 38 nionde
701 1469 260 38 huvudtiteln
985 1469 205 49 uppförda
1209 1468 200 38 ordinarie
1429 1467 355 49 förslagsanslaget

184 1522 63 38 till
289 1524 375 48 utflyttningshjälp
694 1524 103 38 efter
826 1524 151 37 skiften
1006 1522 244 48 statsbidrag
1280 1525 66 35 må
1374 1521 61 38 till
1464 1522 102 46 dem,
1597 1534 87 25 som
1714 1520 70 38 vid

184 1577 274 48 avvittringen
488 1590 106 24 ovan
622 1577 332 49 odlingsgränsen
983 1578 109 36 inom
1121 1576 308 38 Västerbottens
1457 1575 89 38 läns
1569 1574 215 49 lappmark

185 1630 128 48 ålagts
356 1631 505 49 utflyttningsskyldighet,
906 1634 144 35 utöver
1092 1630 68 37 det
1191 1629 164 49 jämlikt
1382 1629 292 49 förordningen
1705 1628 78 38 den

185 1684 23 36 8
237 1684 91 48 juni
359 1684 103 38 1906
492 1685 206 48 angående
727 1684 221 38 understöd
968 1697 52 24 av
1040 1684 205 37 allmänna
1266 1683 131 38 medel
1416 1683 62 37 till
1497 1683 288 48 utflyttningar

184 1738 13 36 i
226 1737 105 49 följd
360 1750 52 25 av
440 1738 89 48 laga
558 1739 151 37 skiften
739 1738 200 49 utgående
967 1736 496 51 utflyttningsunderstöd,
1495 1739 97 46 utgå
1612 1736 92 37 med
1723 1736 61 37 be-

184 1790 109 49 lopp,
324 1803 87 25 som
441 1792 148 48 Kungl.
622 1792 139 48 Maj:ts
789 1791 432 49 befallningshavande
1249 1791 13 36 i
1292 1790 178 38 nämnda
1498 1790 68 37 län
1596 1793 93 45 äger
1713 1792 69 42 att,

185 1844 103 37 efter
329 1845 218 49 utredning
589 1845 172 38 rörande
805 1845 70 37 vid
903 1845 108 38 tiden
1044 1846 63 36 för
1136 1844 318 48 statsbidragens
1483 1843 260 38 utbetalande
1772 1843 12 36 i

185 1897 50 38 de
264 1898 109 37 olika
401 1899 361 49 avvittringslagen
793 1899 184 49 gällande
1006 1898 379 48 prisförhållanden,
1417 1898 224 37 bestämma
1670 1897 77 37 och
1771 1896 13 37 i

185 1951 79 38 den
292 1952 65 37 för
386 1952 486 49 utflyttningsunderstöd
891 1953 257 37 föreskrivna
1169 1951 174 48 ordning
1363 1951 189 46 utbetala,
1575 1950 91 38 med
1685 1951 100 37 iakt-

185 2006 172 48 tagande
386 2009 59 34 att
474 2007 124 47 sagda
626 2006 244 48 statsbidrag
898 2007 87 37 icke
1015 2009 64 34 må
1099 2006 202 47 överstiga
1321 2005 47 37 de
1388 2005 169 47 tidigare
1578 2004 208 38 bestämda

186 2059 560 49 utflyttningsunderstödens
776 2060 145 48 belopp
952 2059 91 38 med
1073 2071 84 26 mer
1187 2062 52 34 än
1270 2059 75 37 180
1375 2061 168 45 procent
1562 2059 111 37 inom
1695 2058 89 37 Sor-

186 2112 91 46 sele,
314 2114 76 36 140
419 2116 167 45 procent
615 2114 111 37 inom
756 2113 187 45 Dorotea,
976 2114 76 36 135
1081 2115 167 46 procent
1276 2113 109 37 inom
1416 2111 370 39 Stensele—Tärna

186 2166 78 38 och
294 2168 76 36 115
399 2170 168 45 procent
595 2168 111 37 inom
737 2167 251 37 Vilhelmina
1015 2166 322 48 avvittringslag.

293 2220 261 38 Beträffande
595 2220 270 49 utredningen
907 2221 13 36 i
962 2220 165 38 ärendet
1161 2220 193 37 hänvisas
1382 2219 62 37 till
1475 2219 167 38 berörda
1672 2221 114 35 stats-

186 2273 310 49 rådsprotokoll.

222 2344 139 36 Bihang”
369 2346 48 27 till
435 2345 184 35 riksdagens
633 2346 150 34 protokoll
802 2346 78 27 1918.
918 2347 35 26 10
970 2346 88 27 saml.
1096 2346 35 26 45
1150 2345 77 34 häft.
1265 2345 57 33 (Nr
1340 2345 130 33 95—96.)
1734 2343 17 27 2
