<?xml version="1.0" encoding="UTF-8"?>
<alto xmlns="http://www.loc.gov/standards/alto/ns-v3#" xmlns:xlink="http://www.w3.org/1999/xlink" xmlns:xsi="http://www.w3.org/2001/XMLSchema-instance" xsi:schemaLocation="http://www.loc.gov/standards/alto/ns-v3# http://www.loc.gov/alto/v3/alto-3-0.xsd">
	<Description>
		<MeasurementUnit>pixel</MeasurementUnit>
		<sourceImageInformation>
			<fileName>/tmp/tess__y3978qp_input.PNG</fileName>
		</sourceImageInformation>
		<OCRProcessing ID="OCR_0">
			<ocrProcessingStep>
				<processingSoftware>
					<softwareName>tesseract 5.3.0</softwareName>
				</processingSoftware>
			</ocrProcessingStep>
		</OCRProcessing>
	</Description>
	<Layout>
		<Page WIDTH="1907" HEIGHT="2825" PHYSICAL_IMG_NR="0" ID="page_0">
			<PrintSpace HPOS="0" VPOS="0" WIDTH="1907" HEIGHT="2825">
				<ComposedBlock ID="cblock_0" HPOS="267" VPOS="142" WIDTH="1155" HEIGHT="42">
					<TextBlock ID="block_0" HPOS="267" VPOS="142" WIDTH="1155" HEIGHT="42">
						<TextLine ID="line_0" HPOS="267" VPOS="142" WIDTH="1155" HEIGHT="42">
							<String ID="string_0" HPOS="267" VPOS="150" WIDTH="18" HEIGHT="30" WC="0.85" CONTENT="6"/><SP WIDTH="320" VPOS="150" HPOS="285"/>
							<String ID="string_1" HPOS="605" VPOS="145" WIDTH="119" HEIGHT="30" WC="0.93" CONTENT="Andra"/><SP WIDTH="16" VPOS="145" HPOS="724"/>
							<String ID="string_2" HPOS="740" VPOS="144" WIDTH="245" HEIGHT="40" WC="0.89" CONTENT="lagutskottets"/><SP WIDTH="16" VPOS="144" HPOS="985"/>
							<String ID="string_3" HPOS="1001" VPOS="142" WIDTH="178" HEIGHT="33" WC="0.96" CONTENT="utlåtande"/><SP WIDTH="15" VPOS="142" HPOS="1179"/>
							<String ID="string_4" HPOS="1194" VPOS="151" WIDTH="43" HEIGHT="21" WC="0.95" CONTENT="nr"/><SP WIDTH="13" VPOS="151" HPOS="1237"/>
							<String ID="string_5" HPOS="1250" VPOS="142" WIDTH="19" HEIGHT="30" WC="0.96" CONTENT="9"/><SP WIDTH="15" VPOS="142" HPOS="1269"/>
							<String ID="string_6" HPOS="1284" VPOS="142" WIDTH="39" HEIGHT="31" WC="0.96" CONTENT="år"/><SP WIDTH="15" VPOS="142" HPOS="1323"/>
							<String ID="string_7" HPOS="1338" VPOS="142" WIDTH="84" HEIGHT="30" WC="0.96" CONTENT="1968"/>
						</TextLine>
					</TextBlock>
				</ComposedBlock>
				<ComposedBlock ID="cblock_1" HPOS="269" VPOS="222" WIDTH="1489" HEIGHT="923">
					<TextBlock ID="block_1" HPOS="269" VPOS="222" WIDTH="1484" HEIGHT="101">
						<TextLine ID="line_1" HPOS="271" VPOS="222" WIDTH="1482" HEIGHT="47">
							<String ID="string_8" HPOS="271" VPOS="239" WIDTH="42" HEIGHT="20" WC="0.96" CONTENT="en"/><SP WIDTH="20" VPOS="239" HPOS="313"/>
							<String ID="string_9" HPOS="333" VPOS="229" WIDTH="206" HEIGHT="40" WC="0.96" CONTENT="lagändring"/><SP WIDTH="19" VPOS="229" HPOS="539"/>
							<String ID="string_10" HPOS="558" VPOS="228" WIDTH="143" HEIGHT="30" WC="0.96" CONTENT="komma"/><SP WIDTH="18" VPOS="228" HPOS="701"/>
							<String ID="string_11" HPOS="719" VPOS="227" WIDTH="53" HEIGHT="30" WC="0.96" CONTENT="till"/><SP WIDTH="21" VPOS="227" HPOS="772"/>
							<String ID="string_12" HPOS="793" VPOS="226" WIDTH="112" HEIGHT="35" WC="0.96" CONTENT="stånd,"/><SP WIDTH="20" VPOS="226" HPOS="905"/>
							<String ID="string_13" HPOS="925" VPOS="225" WIDTH="201" HEIGHT="41" WC="0.96" CONTENT="varigenom"/><SP WIDTH="21" VPOS="225" HPOS="1126"/>
							<String ID="string_14" HPOS="1147" VPOS="225" WIDTH="158" HEIGHT="40" WC="0.95" CONTENT="givarens"/><SP WIDTH="20" VPOS="225" HPOS="1305"/>
							<String ID="string_15" HPOS="1325" VPOS="224" WIDTH="70" HEIGHT="30" WC="0.95" CONTENT="rätt"/><SP WIDTH="19" VPOS="224" HPOS="1395"/>
							<String ID="string_16" HPOS="1414" VPOS="223" WIDTH="53" HEIGHT="31" WC="0.96" CONTENT="till"/><SP WIDTH="21" VPOS="223" HPOS="1467"/>
							<String ID="string_17" HPOS="1488" VPOS="223" WIDTH="234" HEIGHT="39" WC="0.96" CONTENT="ersättningar"/><SP WIDTH="20" VPOS="223" HPOS="1722"/>
							<String ID="string_18" HPOS="1742" VPOS="222" WIDTH="11" HEIGHT="30" WC="0.95" CONTENT="i"/>
						</TextLine>
						<TextLine ID="line_2" HPOS="269" VPOS="281" WIDTH="869" HEIGHT="42">
							<String ID="string_19" HPOS="269" VPOS="284" WIDTH="131" HEIGHT="37" WC="0.96" CONTENT="jämväl"/><SP WIDTH="15" VPOS="284" HPOS="400"/>
							<String ID="string_20" HPOS="415" VPOS="284" WIDTH="101" HEIGHT="30" WC="0.96" CONTENT="dessa"/><SP WIDTH="15" VPOS="284" HPOS="516"/>
							<String ID="string_21" HPOS="531" VPOS="283" WIDTH="62" HEIGHT="30" WC="0.96" CONTENT="fall"/><SP WIDTH="14" VPOS="283" HPOS="593"/>
							<String ID="string_22" HPOS="607" VPOS="281" WIDTH="234" HEIGHT="42" WC="0.96" CONTENT="uttryckligen"/><SP WIDTH="14" VPOS="281" HPOS="841"/>
							<String ID="string_23" HPOS="855" VPOS="281" WIDTH="67" HEIGHT="30" WC="0.93" CONTENT="blir"/><SP WIDTH="14" VPOS="281" HPOS="922"/>
							<String ID="string_24" HPOS="936" VPOS="281" WIDTH="202" HEIGHT="39" WC="0.92" CONTENT="fastslagen."/>
						</TextLine>
					</TextBlock>
					<TextBlock ID="block_2" HPOS="270" VPOS="332" WIDTH="1484" HEIGHT="101">
						<TextLine ID="line_3" HPOS="314" VPOS="332" WIDTH="1440" HEIGHT="41">
							<String ID="string_25" HPOS="314" VPOS="339" WIDTH="51" HEIGHT="29" WC="0.96" CONTENT="Av"/><SP WIDTH="13" VPOS="339" HPOS="365"/>
							<String ID="string_26" HPOS="378" VPOS="338" WIDTH="67" HEIGHT="30" WC="0.96" CONTENT="vad"/><SP WIDTH="14" VPOS="338" HPOS="445"/>
							<String ID="string_27" HPOS="459" VPOS="347" WIDTH="74" HEIGHT="21" WC="0.96" CONTENT="som"/><SP WIDTH="15" VPOS="347" HPOS="533"/>
							<String ID="string_28" HPOS="548" VPOS="336" WIDTH="243" HEIGHT="31" WC="0.96" CONTENT="framkommit"/><SP WIDTH="13" VPOS="336" HPOS="791"/>
							<String ID="string_29" HPOS="804" VPOS="336" WIDTH="58" HEIGHT="30" WC="0.93" CONTENT="vid"/><SP WIDTH="14" VPOS="336" HPOS="862"/>
							<String ID="string_30" HPOS="876" VPOS="334" WIDTH="382" HEIGHT="39" WC="0.91" CONTENT="remissbehandlingen"/><SP WIDTH="16" VPOS="334" HPOS="1258"/>
							<String ID="string_31" HPOS="1274" VPOS="344" WIDTH="42" HEIGHT="20" WC="0.96" CONTENT="av"/><SP WIDTH="14" VPOS="344" HPOS="1316"/>
							<String ID="string_32" HPOS="1330" VPOS="334" WIDTH="294" HEIGHT="39" WC="0.92" CONTENT="arbetsgruppens"/><SP WIDTH="14" VPOS="334" HPOS="1624"/>
							<String ID="string_33" HPOS="1638" VPOS="332" WIDTH="116" HEIGHT="30" WC="0.92" CONTENT="utred-"/>
						</TextLine>
						<TextLine ID="line_4" HPOS="270" VPOS="391" WIDTH="606" HEIGHT="42">
							<String ID="string_34" HPOS="270" VPOS="393" WIDTH="84" HEIGHT="40" WC="0.95" CONTENT="ning"/><SP WIDTH="14" VPOS="393" HPOS="354"/>
							<String ID="string_35" HPOS="368" VPOS="392" WIDTH="58" HEIGHT="31" WC="0.96" CONTENT="må"/><SP WIDTH="13" VPOS="392" HPOS="426"/>
							<String ID="string_36" HPOS="439" VPOS="393" WIDTH="64" HEIGHT="29" WC="0.96" CONTENT="här"/><SP WIDTH="14" VPOS="393" HPOS="503"/>
							<String ID="string_37" HPOS="517" VPOS="392" WIDTH="177" HEIGHT="30" WC="0.96" CONTENT="redovisas"/><SP WIDTH="14" VPOS="392" HPOS="694"/>
							<String ID="string_38" HPOS="708" VPOS="391" WIDTH="168" HEIGHT="38" WC="0.95" CONTENT="följande."/>
						</TextLine>
					</TextBlock>
					<TextBlock ID="block_3" HPOS="269" VPOS="441" WIDTH="1485" HEIGHT="101">
						<TextLine ID="line_5" HPOS="314" VPOS="441" WIDTH="1440" HEIGHT="45">
							<String ID="string_39" HPOS="314" VPOS="446" WIDTH="430" HEIGHT="40" WC="0.91" CONTENT="Riksförsäkringsverket"/><SP WIDTH="16" VPOS="446" HPOS="744"/>
							<String ID="string_40" HPOS="760" VPOS="464" WIDTH="45" HEIGHT="3" WC="0.92" CONTENT="—"/><SP WIDTH="17" VPOS="464" HPOS="805"/>
							<String ID="string_41" HPOS="822" VPOS="454" WIDTH="74" HEIGHT="21" WC="0.96" CONTENT="som"/><SP WIDTH="18" VPOS="454" HPOS="896"/>
							<String ID="string_42" HPOS="914" VPOS="444" WIDTH="106" HEIGHT="40" WC="0.96" CONTENT="enligt"/><SP WIDTH="18" VPOS="444" HPOS="1020"/>
							<String ID="string_43" HPOS="1038" VPOS="444" WIDTH="57" HEIGHT="30" WC="0.96" CONTENT="det"/><SP WIDTH="18" VPOS="444" HPOS="1095"/>
							<String ID="string_44" HPOS="1113" VPOS="452" WIDTH="89" HEIGHT="22" WC="0.96" CONTENT="ovan"/><SP WIDTH="18" VPOS="452" HPOS="1202"/>
							<String ID="string_45" HPOS="1220" VPOS="443" WIDTH="107" HEIGHT="40" WC="0.96" CONTENT="sagda"/><SP WIDTH="17" VPOS="443" HPOS="1327"/>
							<String ID="string_46" HPOS="1344" VPOS="443" WIDTH="86" HEIGHT="30" WC="0.96" CONTENT="även"/><SP WIDTH="17" VPOS="443" HPOS="1430"/>
							<String ID="string_47" HPOS="1447" VPOS="443" WIDTH="109" HEIGHT="39" WC="0.96" CONTENT="yttrat"/><SP WIDTH="19" VPOS="443" HPOS="1556"/>
							<String ID="string_48" HPOS="1575" VPOS="442" WIDTH="50" HEIGHT="39" WC="0.96" CONTENT="sig"/><SP WIDTH="18" VPOS="442" HPOS="1625"/>
							<String ID="string_49" HPOS="1643" VPOS="441" WIDTH="111" HEIGHT="30" WC="0.96" CONTENT="under"/>
						</TextLine>
						<TextLine ID="line_6" HPOS="269" VPOS="497" WIDTH="1135" HEIGHT="45">
							<String ID="string_50" HPOS="269" VPOS="501" WIDTH="179" HEIGHT="41" WC="0.95" CONTENT="pågående"/><SP WIDTH="14" VPOS="501" HPOS="448"/>
							<String ID="string_51" HPOS="462" VPOS="501" WIDTH="116" HEIGHT="30" WC="0.96" CONTENT="arbete"/><SP WIDTH="14" VPOS="501" HPOS="578"/>
							<String ID="string_52" HPOS="592" VPOS="500" WIDTH="63" HEIGHT="30" WC="0.96" CONTENT="hos"/><SP WIDTH="16" VPOS="500" HPOS="655"/>
							<String ID="string_53" HPOS="671" VPOS="500" WIDTH="274" HEIGHT="40" WC="0.93" CONTENT="arbetsgruppen"/><SP WIDTH="13" VPOS="500" HPOS="945"/>
							<String ID="string_54" HPOS="958" VPOS="517" WIDTH="45" HEIGHT="3" WC="0.92" CONTENT="—"/><SP WIDTH="13" VPOS="517" HPOS="1003"/>
							<String ID="string_55" HPOS="1016" VPOS="498" WIDTH="102" HEIGHT="31" WC="0.96" CONTENT="anför"/><SP WIDTH="14" VPOS="498" HPOS="1118"/>
							<String ID="string_56" HPOS="1132" VPOS="498" WIDTH="44" HEIGHT="30" WC="0.94" CONTENT="bl."/><SP WIDTH="16" VPOS="498" HPOS="1176"/>
							<String ID="string_57" HPOS="1192" VPOS="507" WIDTH="30" HEIGHT="21" WC="0.96" CONTENT="a."/><SP WIDTH="14" VPOS="507" HPOS="1222"/>
							<String ID="string_58" HPOS="1236" VPOS="497" WIDTH="168" HEIGHT="38" WC="0.96" CONTENT="följande."/>
						</TextLine>
					</TextBlock>
					<TextBlock ID="block_4" HPOS="271" VPOS="558" WIDTH="1487" HEIGHT="587">
						<TextLine ID="line_7" HPOS="316" VPOS="558" WIDTH="1438" HEIGHT="45">
							<String ID="string_59" HPOS="316" VPOS="565" WIDTH="142" HEIGHT="30" WC="0.96" CONTENT="Oavsett"/><SP WIDTH="17" VPOS="565" HPOS="458"/>
							<String ID="string_60" HPOS="475" VPOS="564" WIDTH="117" HEIGHT="31" WC="0.96" CONTENT="vilken"/><SP WIDTH="18" VPOS="564" HPOS="592"/>
							<String ID="string_61" HPOS="610" VPOS="563" WIDTH="219" HEIGHT="40" WC="0.96" CONTENT="ståndpunkt"/><SP WIDTH="16" VPOS="563" HPOS="829"/>
							<String ID="string_62" HPOS="845" VPOS="562" WIDTH="118" HEIGHT="41" WC="0.96" CONTENT="praxis"/><SP WIDTH="17" VPOS="562" HPOS="963"/>
							<String ID="string_63" HPOS="980" VPOS="562" WIDTH="159" HEIGHT="30" WC="0.96" CONTENT="kommer"/><SP WIDTH="17" VPOS="562" HPOS="1139"/>
							<String ID="string_64" HPOS="1156" VPOS="563" WIDTH="51" HEIGHT="28" WC="0.96" CONTENT="att"/><SP WIDTH="16" VPOS="563" HPOS="1207"/>
							<String ID="string_65" HPOS="1223" VPOS="560" WIDTH="75" HEIGHT="31" WC="0.96" CONTENT="inta"/><SP WIDTH="16" VPOS="560" HPOS="1298"/>
							<String ID="string_66" HPOS="1314" VPOS="561" WIDTH="11" HEIGHT="30" WC="0.96" CONTENT="i"/><SP WIDTH="17" VPOS="561" HPOS="1325"/>
							<String ID="string_67" HPOS="1342" VPOS="560" WIDTH="100" HEIGHT="39" WC="0.96" CONTENT="fråga"/><SP WIDTH="17" VPOS="560" HPOS="1442"/>
							<String ID="string_68" HPOS="1459" VPOS="569" WIDTH="56" HEIGHT="20" WC="0.96" CONTENT="om"/><SP WIDTH="17" VPOS="569" HPOS="1515"/>
							<String ID="string_69" HPOS="1532" VPOS="558" WIDTH="195" HEIGHT="40" WC="0.96" CONTENT="ersättning"/><SP WIDTH="16" VPOS="558" HPOS="1727"/>
							<String ID="string_70" HPOS="1743" VPOS="559" WIDTH="11" HEIGHT="29" WC="0.96" CONTENT="i"/>
						</TextLine>
						<TextLine ID="line_8" HPOS="273" VPOS="604" WIDTH="1483" HEIGHT="45">
							<String ID="string_71" HPOS="273" VPOS="610" WIDTH="170" HEIGHT="31" WC="0.96" CONTENT="samband"/><SP WIDTH="19" VPOS="610" HPOS="443"/>
							<String ID="string_72" HPOS="462" VPOS="610" WIDTH="81" HEIGHT="30" WC="0.95" CONTENT="med"/><SP WIDTH="18" VPOS="610" HPOS="543"/>
							<String ID="string_73" HPOS="561" VPOS="609" WIDTH="65" HEIGHT="30" WC="0.96" CONTENT="och"/><SP WIDTH="19" VPOS="609" HPOS="626"/>
							<String ID="string_74" HPOS="645" VPOS="609" WIDTH="88" HEIGHT="30" WC="0.96" CONTENT="efter"/><SP WIDTH="20" VPOS="609" HPOS="733"/>
							<String ID="string_75" HPOS="753" VPOS="608" WIDTH="180" HEIGHT="41" WC="0.96" CONTENT="operation"/><SP WIDTH="19" VPOS="608" HPOS="933"/>
							<String ID="string_76" HPOS="952" VPOS="608" WIDTH="55" HEIGHT="30" WC="0.97" CONTENT="för"/><SP WIDTH="20" VPOS="608" HPOS="1007"/>
							<String ID="string_77" HPOS="1027" VPOS="606" WIDTH="297" HEIGHT="41" WC="0.96" CONTENT="transplantation"/><SP WIDTH="20" VPOS="606" HPOS="1324"/>
							<String ID="string_78" HPOS="1344" VPOS="606" WIDTH="39" HEIGHT="29" WC="0.97" CONTENT="är"/><SP WIDTH="20" VPOS="606" HPOS="1383"/>
							<String ID="string_79" HPOS="1403" VPOS="605" WIDTH="57" HEIGHT="30" WC="0.96" CONTENT="det"/><SP WIDTH="19" VPOS="605" HPOS="1460"/>
							<String ID="string_80" HPOS="1479" VPOS="605" WIDTH="93" HEIGHT="30" WC="0.96" CONTENT="klart"/><SP WIDTH="20" VPOS="605" HPOS="1572"/>
							<String ID="string_81" HPOS="1592" VPOS="606" WIDTH="50" HEIGHT="28" WC="0.92" CONTENT="att"/><SP WIDTH="19" VPOS="606" HPOS="1642"/>
							<String ID="string_82" HPOS="1661" VPOS="604" WIDTH="95" HEIGHT="29" WC="0.91" CONTENT="kost-"/>
						</TextLine>
						<TextLine ID="line_9" HPOS="272" VPOS="650" WIDTH="1483" HEIGHT="44">
							<String ID="string_83" HPOS="272" VPOS="657" WIDTH="108" HEIGHT="30" WC="0.96" CONTENT="nader"/><SP WIDTH="14" VPOS="657" HPOS="380"/>
							<String ID="string_84" HPOS="394" VPOS="656" WIDTH="79" HEIGHT="30" WC="0.96" CONTENT="med"/><SP WIDTH="15" VPOS="656" HPOS="473"/>
							<String ID="string_85" HPOS="488" VPOS="655" WIDTH="188" HEIGHT="39" WC="0.96" CONTENT="anledning"/><SP WIDTH="15" VPOS="655" HPOS="676"/>
							<String ID="string_86" HPOS="691" VPOS="664" WIDTH="42" HEIGHT="21" WC="0.96" CONTENT="av"/><SP WIDTH="15" VPOS="664" HPOS="733"/>
							<String ID="string_87" HPOS="748" VPOS="655" WIDTH="158" HEIGHT="39" WC="0.93" CONTENT="givarens"/><SP WIDTH="17" VPOS="655" HPOS="906"/>
							<String ID="string_88" HPOS="923" VPOS="652" WIDTH="293" HEIGHT="39" WC="0.91" CONTENT="sjukhusvistelse"/><SP WIDTH="15" VPOS="652" HPOS="1216"/>
							<String ID="string_89" HPOS="1231" VPOS="661" WIDTH="45" HEIGHT="20" WC="0.92" CONTENT="m."/><SP WIDTH="15" VPOS="661" HPOS="1276"/>
							<String ID="string_90" HPOS="1291" VPOS="661" WIDTH="46" HEIGHT="20" WC="0.91" CONTENT="m."/><SP WIDTH="16" VPOS="661" HPOS="1337"/>
							<String ID="string_91" HPOS="1353" VPOS="651" WIDTH="76" HEIGHT="30" WC="0.96" CONTENT="före"/><SP WIDTH="14" VPOS="651" HPOS="1429"/>
							<String ID="string_92" HPOS="1443" VPOS="650" WIDTH="226" HEIGHT="40" WC="0.95" CONTENT="operationen"/><SP WIDTH="14" VPOS="650" HPOS="1669"/>
							<String ID="string_93" HPOS="1683" VPOS="650" WIDTH="72" HEIGHT="29" WC="0.96" CONTENT="inte"/>
						</TextLine>
						<TextLine ID="line_10" HPOS="272" VPOS="694" WIDTH="1484" HEIGHT="60">
							<String ID="string_94" HPOS="272" VPOS="703" WIDTH="146" HEIGHT="29" WC="0.96" CONTENT="ersättes"/><SP WIDTH="25" VPOS="703" HPOS="418"/>
							<String ID="string_95" HPOS="443" VPOS="711" WIDTH="42" HEIGHT="20" WC="0.96" CONTENT="av"/><SP WIDTH="25" VPOS="711" HPOS="485"/>
							<String ID="string_96" HPOS="510" VPOS="701" WIDTH="67" HEIGHT="30" WC="0.96" CONTENT="den"/><SP WIDTH="25" VPOS="701" HPOS="577"/>
							<String ID="string_97" HPOS="602" VPOS="700" WIDTH="179" HEIGHT="30" WC="0.96" CONTENT="allmänna"/><SP WIDTH="23" VPOS="700" HPOS="781"/>
							<String ID="string_98" HPOS="804" VPOS="698" WIDTH="256" HEIGHT="41" WC="0.96" CONTENT="försäkringen."/><SP WIDTH="24" VPOS="698" HPOS="1060"/>
							<String ID="string_99" HPOS="1084" VPOS="694" WIDTH="119" HEIGHT="60" WC="0.95" CONTENT="Enligt"/><SP WIDTH="23" VPOS="694" HPOS="1203"/>
							<String ID="string_100" HPOS="1226" VPOS="696" WIDTH="436" HEIGHT="51" WC="0.90" CONTENT="riksförsäkringsverkets"/><SP WIDTH="24" VPOS="696" HPOS="1662"/>
							<String ID="string_101" HPOS="1686" VPOS="704" WIDTH="70" HEIGHT="20" WC="0.92" CONTENT="me-"/>
						</TextLine>
						<TextLine ID="line_11" HPOS="272" VPOS="740" WIDTH="1483" HEIGHT="47">
							<String ID="string_102" HPOS="272" VPOS="748" WIDTH="84" HEIGHT="39" WC="0.96" CONTENT="ning"/><SP WIDTH="15" VPOS="748" HPOS="356"/>
							<String ID="string_103" HPOS="371" VPOS="748" WIDTH="63" HEIGHT="29" WC="0.96" CONTENT="bör"/><SP WIDTH="16" VPOS="748" HPOS="434"/>
							<String ID="string_104" HPOS="450" VPOS="746" WIDTH="217" HEIGHT="39" WC="0.96" CONTENT="ersättning"/><SP WIDTH="-8" VPOS="746" HPOS="667"/>
							<String ID="string_105" HPOS="659" VPOS="736" WIDTH="22" HEIGHT="55" WC="0.96" CONTENT="i"/><SP WIDTH="6" VPOS="736" HPOS="681"/>
							<String ID="string_106" HPOS="687" VPOS="745" WIDTH="115" HEIGHT="40" WC="0.96" CONTENT="någon"/><SP WIDTH="16" VPOS="745" HPOS="802"/>
							<String ID="string_107" HPOS="818" VPOS="745" WIDTH="92" HEIGHT="30" WC="0.96" CONTENT="form"/><SP WIDTH="17" VPOS="745" HPOS="910"/>
							<String ID="string_108" HPOS="927" VPOS="745" WIDTH="137" HEIGHT="30" WC="0.96" CONTENT="lämnas"/><SP WIDTH="17" VPOS="745" HPOS="1064"/>
							<String ID="string_109" HPOS="1081" VPOS="744" WIDTH="87" HEIGHT="30" WC="0.96" CONTENT="även"/><SP WIDTH="15" VPOS="744" HPOS="1168"/>
							<String ID="string_110" HPOS="1183" VPOS="744" WIDTH="11" HEIGHT="30" WC="0.96" CONTENT="i"/><SP WIDTH="18" VPOS="744" HPOS="1194"/>
							<String ID="string_111" HPOS="1212" VPOS="743" WIDTH="41" HEIGHT="30" WC="0.96" CONTENT="de"/><SP WIDTH="18" VPOS="743" HPOS="1253"/>
							<String ID="string_112" HPOS="1271" VPOS="741" WIDTH="206" HEIGHT="32" WC="0.96" CONTENT="situationer"/><SP WIDTH="17" VPOS="741" HPOS="1477"/>
							<String ID="string_113" HPOS="1494" VPOS="750" WIDTH="75" HEIGHT="21" WC="0.96" CONTENT="som"/><SP WIDTH="18" VPOS="750" HPOS="1569"/>
							<String ID="string_114" HPOS="1587" VPOS="740" WIDTH="29" HEIGHT="38" WC="0.93" CONTENT="ej"/><SP WIDTH="21" VPOS="740" HPOS="1616"/>
							<String ID="string_115" HPOS="1637" VPOS="740" WIDTH="118" HEIGHT="30" WC="0.91" CONTENT="täckes"/>
						</TextLine>
						<TextLine ID="line_12" HPOS="272" VPOS="786" WIDTH="1484" HEIGHT="44">
							<String ID="string_116" HPOS="272" VPOS="803" WIDTH="42" HEIGHT="20" WC="0.96" CONTENT="av"/><SP WIDTH="16" VPOS="803" HPOS="314"/>
							<String ID="string_117" HPOS="330" VPOS="793" WIDTH="67" HEIGHT="30" WC="0.96" CONTENT="den"/><SP WIDTH="17" VPOS="793" HPOS="397"/>
							<String ID="string_118" HPOS="414" VPOS="792" WIDTH="178" HEIGHT="30" WC="0.95" CONTENT="allmänna"/><SP WIDTH="15" VPOS="792" HPOS="592"/>
							<String ID="string_119" HPOS="607" VPOS="791" WIDTH="257" HEIGHT="39" WC="0.95" CONTENT="försäkringen."/><SP WIDTH="16" VPOS="791" HPOS="864"/>
							<String ID="string_120" HPOS="880" VPOS="789" WIDTH="132" HEIGHT="31" WC="0.96" CONTENT="Härvid"/><SP WIDTH="17" VPOS="789" HPOS="1012"/>
							<String ID="string_121" HPOS="1029" VPOS="798" WIDTH="103" HEIGHT="31" WC="0.96" CONTENT="synes"/><SP WIDTH="16" VPOS="798" HPOS="1132"/>
							<String ID="string_122" HPOS="1148" VPOS="789" WIDTH="123" HEIGHT="29" WC="0.96" CONTENT="kunna"/><SP WIDTH="16" VPOS="789" HPOS="1271"/>
							<String ID="string_123" HPOS="1287" VPOS="788" WIDTH="166" HEIGHT="29" WC="0.96" CONTENT="komma"/><SP WIDTH="-19" VPOS="788" HPOS="1453"/>
							<String ID="string_124" HPOS="1434" VPOS="782" WIDTH="21" HEIGHT="52" WC="0.96" CONTENT="i"/><SP WIDTH="18" VPOS="782" HPOS="1455"/>
							<String ID="string_125" HPOS="1473" VPOS="786" WIDTH="101" HEIGHT="40" WC="0.96" CONTENT="fråga"/><SP WIDTH="16" VPOS="786" HPOS="1574"/>
							<String ID="string_126" HPOS="1590" VPOS="786" WIDTH="166" HEIGHT="39" WC="0.96" CONTENT="antingen"/>
						</TextLine>
						<TextLine ID="line_13" HPOS="272" VPOS="809" WIDTH="1485" HEIGHT="59">
							<String ID="string_127" HPOS="272" VPOS="840" WIDTH="51" HEIGHT="28" WC="0.96" CONTENT="att"/><SP WIDTH="18" VPOS="840" HPOS="323"/>
							<String ID="string_128" HPOS="341" VPOS="838" WIDTH="162" HEIGHT="30" WC="0.96" CONTENT="betrakta"/><SP WIDTH="18" VPOS="838" HPOS="503"/>
							<String ID="string_129" HPOS="521" VPOS="836" WIDTH="238" HEIGHT="30" WC="0.93" CONTENT="kostnaderna"/><SP WIDTH="17" VPOS="836" HPOS="759"/>
							<String ID="string_130" HPOS="776" VPOS="854" WIDTH="45" HEIGHT="3" WC="0.92" CONTENT="—"/><SP WIDTH="16" VPOS="854" HPOS="821"/>
							<String ID="string_131" HPOS="837" VPOS="834" WIDTH="210" HEIGHT="31" WC="0.92" CONTENT="inberäknat"/><SP WIDTH="19" VPOS="834" HPOS="1047"/>
							<String ID="string_132" HPOS="1066" VPOS="833" WIDTH="217" HEIGHT="31" WC="0.96" CONTENT="kostnader"/><SP WIDTH="-8" VPOS="833" HPOS="1283"/>
							<String ID="string_133" HPOS="1275" VPOS="827" WIDTH="20" HEIGHT="52" WC="0.96" CONTENT="i"/><SP WIDTH="10" VPOS="827" HPOS="1295"/>
							<String ID="string_134" HPOS="1305" VPOS="833" WIDTH="93" HEIGHT="30" WC="0.96" CONTENT="form"/><SP WIDTH="19" VPOS="833" HPOS="1398"/>
							<String ID="string_135" HPOS="1417" VPOS="841" WIDTH="43" HEIGHT="22" WC="0.93" CONTENT="av"/><SP WIDTH="18" VPOS="841" HPOS="1460"/>
							<String ID="string_136" HPOS="1478" VPOS="831" WIDTH="129" HEIGHT="31" WC="0.93" CONTENT="mistad"/><SP WIDTH="20" VPOS="831" HPOS="1607"/>
							<String ID="string_137" HPOS="1627" VPOS="809" WIDTH="130" HEIGHT="52" WC="0.92" CONTENT="arbets-"/>
						</TextLine>
						<TextLine ID="line_14" HPOS="272" VPOS="876" WIDTH="1485" HEIGHT="45">
							<String ID="string_138" HPOS="272" VPOS="882" WIDTH="169" HEIGHT="37" WC="0.92" CONTENT="förtjänst"/><SP WIDTH="20" VPOS="882" HPOS="441"/>
							<String ID="string_139" HPOS="461" VPOS="890" WIDTH="29" HEIGHT="21" WC="0.89" CONTENT="o."/><SP WIDTH="22" VPOS="890" HPOS="490"/>
							<String ID="string_140" HPOS="512" VPOS="881" WIDTH="68" HEIGHT="40" WC="0.93" CONTENT="dyl."/><SP WIDTH="18" VPOS="881" HPOS="580"/>
							<String ID="string_141" HPOS="598" VPOS="898" WIDTH="45" HEIGHT="3" WC="0.92" CONTENT="—"/><SP WIDTH="20" VPOS="898" HPOS="643"/>
							<String ID="string_142" HPOS="663" VPOS="889" WIDTH="75" HEIGHT="20" WC="0.96" CONTENT="som"/><SP WIDTH="21" VPOS="889" HPOS="738"/>
							<String ID="string_143" HPOS="759" VPOS="880" WIDTH="132" HEIGHT="29" WC="0.93" CONTENT="sådana"/><SP WIDTH="20" VPOS="880" HPOS="891"/>
							<String ID="string_144" HPOS="911" VPOS="878" WIDTH="381" HEIGHT="37" WC="0.92" CONTENT="sjukvårdskostnader"/><SP WIDTH="20" VPOS="878" HPOS="1292"/>
							<String ID="string_145" HPOS="1312" VPOS="878" WIDTH="55" HEIGHT="29" WC="0.96" CONTENT="för"/><SP WIDTH="19" VPOS="878" HPOS="1367"/>
							<String ID="string_146" HPOS="1386" VPOS="877" WIDTH="96" HEIGHT="29" WC="0.92" CONTENT="vilka"/><SP WIDTH="20" VPOS="877" HPOS="1482"/>
							<String ID="string_147" HPOS="1502" VPOS="876" WIDTH="255" HEIGHT="36" WC="0.91" CONTENT="sjukvårdshu-"/>
						</TextLine>
						<TextLine ID="line_15" HPOS="272" VPOS="920" WIDTH="1486" HEIGHT="43">
							<String ID="string_148" HPOS="272" VPOS="927" WIDTH="227" HEIGHT="31" WC="0.92" CONTENT="vudmännen"/><SP WIDTH="19" VPOS="927" HPOS="499"/>
							<String ID="string_149" HPOS="518" VPOS="926" WIDTH="65" HEIGHT="30" WC="0.96" CONTENT="har"/><SP WIDTH="20" VPOS="926" HPOS="583"/>
							<String ID="string_150" HPOS="603" VPOS="927" WIDTH="50" HEIGHT="29" WC="0.96" CONTENT="att"/><SP WIDTH="20" VPOS="927" HPOS="653"/>
							<String ID="string_151" HPOS="673" VPOS="934" WIDTH="102" HEIGHT="21" WC="0.96" CONTENT="svara"/><SP WIDTH="19" VPOS="934" HPOS="775"/>
							<String ID="string_152" HPOS="794" VPOS="925" WIDTH="82" HEIGHT="30" WC="0.96" CONTENT="eller"/><SP WIDTH="20" VPOS="925" HPOS="876"/>
							<String ID="string_153" HPOS="896" VPOS="925" WIDTH="50" HEIGHT="29" WC="0.96" CONTENT="att"/><SP WIDTH="21" VPOS="925" HPOS="946"/>
							<String ID="string_154" HPOS="967" VPOS="931" WIDTH="123" HEIGHT="32" WC="0.96" CONTENT="genom"/><SP WIDTH="20" VPOS="931" HPOS="1090"/>
							<String ID="string_155" HPOS="1110" VPOS="922" WIDTH="207" HEIGHT="41" WC="0.96" CONTENT="lagändring"/><SP WIDTH="18" VPOS="922" HPOS="1317"/>
							<String ID="string_156" HPOS="1335" VPOS="921" WIDTH="118" HEIGHT="31" WC="0.96" CONTENT="införa"/><SP WIDTH="19" VPOS="921" HPOS="1453"/>
							<String ID="string_157" HPOS="1472" VPOS="921" WIDTH="70" HEIGHT="30" WC="0.96" CONTENT="rätt"/><SP WIDTH="19" VPOS="921" HPOS="1542"/>
							<String ID="string_158" HPOS="1561" VPOS="920" WIDTH="54" HEIGHT="31" WC="0.93" CONTENT="till"/><SP WIDTH="20" VPOS="920" HPOS="1615"/>
							<String ID="string_159" HPOS="1635" VPOS="920" WIDTH="123" HEIGHT="31" WC="0.91" CONTENT="ersätt-"/>
						</TextLine>
						<TextLine ID="line_16" HPOS="273" VPOS="965" WIDTH="1485" HEIGHT="56">
							<String ID="string_160" HPOS="273" VPOS="974" WIDTH="84" HEIGHT="38" WC="0.96" CONTENT="ning"/><SP WIDTH="39" VPOS="974" HPOS="357"/>
							<String ID="string_161" HPOS="396" VPOS="972" WIDTH="81" HEIGHT="30" WC="0.96" CONTENT="från"/><SP WIDTH="22" VPOS="972" HPOS="477"/>
							<String ID="string_162" HPOS="499" VPOS="971" WIDTH="66" HEIGHT="31" WC="0.96" CONTENT="den"/><SP WIDTH="22" VPOS="971" HPOS="565"/>
							<String ID="string_163" HPOS="587" VPOS="971" WIDTH="181" HEIGHT="30" WC="0.96" CONTENT="allmänna"/><SP WIDTH="19" VPOS="971" HPOS="768"/>
							<String ID="string_164" HPOS="787" VPOS="969" WIDTH="257" HEIGHT="40" WC="0.96" CONTENT="försäkringen."/><SP WIDTH="22" VPOS="969" HPOS="1044"/>
							<String ID="string_165" HPOS="1066" VPOS="968" WIDTH="52" HEIGHT="30" WC="0.96" CONTENT="Då"/><SP WIDTH="21" VPOS="968" HPOS="1118"/>
							<String ID="string_166" HPOS="1139" VPOS="968" WIDTH="125" HEIGHT="53" WC="0.96" CONTENT="frågan"/><SP WIDTH="23" VPOS="968" HPOS="1264"/>
							<String ID="string_167" HPOS="1287" VPOS="976" WIDTH="103" HEIGHT="31" WC="0.96" CONTENT="synes"/><SP WIDTH="21" VPOS="976" HPOS="1390"/>
							<String ID="string_168" HPOS="1411" VPOS="967" WIDTH="46" HEIGHT="30" WC="0.96" CONTENT="ha"/><SP WIDTH="20" VPOS="967" HPOS="1457"/>
							<String ID="string_169" HPOS="1477" VPOS="965" WIDTH="87" HEIGHT="31" WC="0.96" CONTENT="visst"/><SP WIDTH="23" VPOS="965" HPOS="1564"/>
							<String ID="string_170" HPOS="1587" VPOS="965" WIDTH="171" HEIGHT="31" WC="0.96" CONTENT="samband"/>
						</TextLine>
						<TextLine ID="line_17" HPOS="271" VPOS="995" WIDTH="1484" HEIGHT="62">
							<String ID="string_171" HPOS="271" VPOS="995" WIDTH="86" HEIGHT="53" WC="0.96" CONTENT="med"/><SP WIDTH="17" VPOS="995" HPOS="357"/>
							<String ID="string_172" HPOS="374" VPOS="1018" WIDTH="41" HEIGHT="29" WC="0.96" CONTENT="de"/><SP WIDTH="24" VPOS="1018" HPOS="415"/>
							<String ID="string_173" HPOS="439" VPOS="1016" WIDTH="172" HEIGHT="41" WC="0.96" CONTENT="spörsmål"/><SP WIDTH="23" VPOS="1016" HPOS="611"/>
							<String ID="string_174" HPOS="634" VPOS="1025" WIDTH="75" HEIGHT="20" WC="0.92" CONTENT="som"/><SP WIDTH="21" VPOS="1025" HPOS="709"/>
							<String ID="string_175" HPOS="730" VPOS="1016" WIDTH="25" HEIGHT="29" WC="0.91" CONTENT="f."/><SP WIDTH="23" VPOS="1016" HPOS="755"/>
							<String ID="string_176" HPOS="778" VPOS="1024" WIDTH="34" HEIGHT="21" WC="0.92" CONTENT="n."/><SP WIDTH="23" VPOS="1024" HPOS="812"/>
							<String ID="string_177" HPOS="835" VPOS="1014" WIDTH="139" HEIGHT="30" WC="0.93" CONTENT="utredes"/><SP WIDTH="23" VPOS="1014" HPOS="974"/>
							<String ID="string_178" HPOS="997" VPOS="1023" WIDTH="42" HEIGHT="21" WC="0.96" CONTENT="av"/><SP WIDTH="24" VPOS="1023" HPOS="1039"/>
							<String ID="string_179" HPOS="1063" VPOS="1013" WIDTH="82" HEIGHT="30" WC="0.96" CONTENT="1961"/><SP WIDTH="26" VPOS="1013" HPOS="1145"/>
							<String ID="string_180" HPOS="1171" VPOS="1013" WIDTH="56" HEIGHT="30" WC="0.93" CONTENT="års"/><SP WIDTH="24" VPOS="1013" HPOS="1227"/>
							<String ID="string_181" HPOS="1251" VPOS="1010" WIDTH="504" HEIGHT="41" WC="0.92" CONTENT="sjukförsäkringsutredning,"/>
						</TextLine>
						<TextLine ID="line_18" HPOS="274" VPOS="1055" WIDTH="1484" HEIGHT="47">
							<String ID="string_182" HPOS="274" VPOS="1072" WIDTH="102" HEIGHT="21" WC="0.96" CONTENT="anser"/><SP WIDTH="17" VPOS="1072" HPOS="376"/>
							<String ID="string_183" HPOS="393" VPOS="1063" WIDTH="51" HEIGHT="39" WC="0.92" CONTENT="sig"/><SP WIDTH="17" VPOS="1063" HPOS="444"/>
							<String ID="string_184" HPOS="461" VPOS="1060" WIDTH="417" HEIGHT="41" WC="0.91" CONTENT="riksförsäkringsverket"/><SP WIDTH="16" VPOS="1060" HPOS="878"/>
							<String ID="string_185" HPOS="894" VPOS="1060" WIDTH="73" HEIGHT="30" WC="0.93" CONTENT="inte"/><SP WIDTH="16" VPOS="1060" HPOS="967"/>
							<String ID="string_186" HPOS="983" VPOS="1059" WIDTH="25" HEIGHT="30" WC="0.92" CONTENT="f."/><SP WIDTH="18" VPOS="1059" HPOS="1008"/>
							<String ID="string_187" HPOS="1026" VPOS="1068" WIDTH="34" HEIGHT="21" WC="0.88" CONTENT="n."/><SP WIDTH="16" VPOS="1068" HPOS="1060"/>
							<String ID="string_188" HPOS="1076" VPOS="1059" WIDTH="86" HEIGHT="30" WC="0.96" CONTENT="böra"/><SP WIDTH="16" VPOS="1059" HPOS="1162"/>
							<String ID="string_189" HPOS="1178" VPOS="1060" WIDTH="36" HEIGHT="28" WC="0.96" CONTENT="ta"/><SP WIDTH="18" VPOS="1060" HPOS="1214"/>
							<String ID="string_190" HPOS="1232" VPOS="1057" WIDTH="166" HEIGHT="40" WC="0.96" CONTENT="ställning"/><SP WIDTH="16" VPOS="1057" HPOS="1398"/>
							<String ID="string_191" HPOS="1414" VPOS="1057" WIDTH="53" HEIGHT="30" WC="0.96" CONTENT="till"/><SP WIDTH="17" VPOS="1057" HPOS="1467"/>
							<String ID="string_192" HPOS="1484" VPOS="1056" WIDTH="118" HEIGHT="31" WC="0.96" CONTENT="vilken"/><SP WIDTH="17" VPOS="1056" HPOS="1602"/>
							<String ID="string_193" HPOS="1619" VPOS="1055" WIDTH="139" HEIGHT="39" WC="0.95" CONTENT="lösning"/>
						</TextLine>
						<TextLine ID="line_19" HPOS="273" VPOS="1107" WIDTH="288" HEIGHT="38">
							<String ID="string_194" HPOS="273" VPOS="1118" WIDTH="74" HEIGHT="21" WC="0.95" CONTENT="som"/><SP WIDTH="15" VPOS="1118" HPOS="347"/>
							<String ID="string_195" HPOS="362" VPOS="1109" WIDTH="62" HEIGHT="29" WC="0.96" CONTENT="bör"/><SP WIDTH="14" VPOS="1109" HPOS="424"/>
							<String ID="string_196" HPOS="438" VPOS="1107" WIDTH="123" HEIGHT="38" WC="0.96" CONTENT="väljas."/>
						</TextLine>
					</TextBlock>
				</ComposedBlock>
				<ComposedBlock ID="cblock_2" HPOS="274" VPOS="1182" WIDTH="1488" HEIGHT="1179">
					<TextBlock ID="block_5" HPOS="274" VPOS="1182" WIDTH="1487" HEIGHT="584">
						<TextLine ID="line_20" HPOS="313" VPOS="1182" WIDTH="1447" HEIGHT="45">
							<String ID="string_197" HPOS="313" VPOS="1188" WIDTH="157" HEIGHT="31" WC="0.90" CONTENT="Svenska"/><SP WIDTH="28" VPOS="1188" HPOS="470"/>
							<String ID="string_198" HPOS="498" VPOS="1185" WIDTH="388" HEIGHT="42" WC="0.90" CONTENT="livförsäkringsbolags"/><SP WIDTH="27" VPOS="1185" HPOS="886"/>
							<String ID="string_199" HPOS="913" VPOS="1184" WIDTH="163" HEIGHT="40" WC="0.96" CONTENT="förening"/><SP WIDTH="27" VPOS="1184" HPOS="1076"/>
							<String ID="string_200" HPOS="1103" VPOS="1185" WIDTH="111" HEIGHT="34" WC="0.96" CONTENT="anför,"/><SP WIDTH="30" VPOS="1185" HPOS="1214"/>
							<String ID="string_201" HPOS="1244" VPOS="1184" WIDTH="104" HEIGHT="30" WC="0.96" CONTENT="såvitt"/><SP WIDTH="26" VPOS="1184" HPOS="1348"/>
							<String ID="string_202" HPOS="1374" VPOS="1184" WIDTH="65" HEIGHT="29" WC="0.96" CONTENT="här"/><SP WIDTH="28" VPOS="1184" HPOS="1439"/>
							<String ID="string_203" HPOS="1467" VPOS="1184" WIDTH="38" HEIGHT="29" WC="0.96" CONTENT="är"/><SP WIDTH="27" VPOS="1184" HPOS="1505"/>
							<String ID="string_204" HPOS="1532" VPOS="1184" WIDTH="12" HEIGHT="30" WC="0.96" CONTENT="i"/><SP WIDTH="27" VPOS="1184" HPOS="1544"/>
							<String ID="string_205" HPOS="1571" VPOS="1182" WIDTH="109" HEIGHT="40" WC="0.96" CONTENT="fråga,"/><SP WIDTH="30" VPOS="1182" HPOS="1680"/>
							<String ID="string_206" HPOS="1710" VPOS="1183" WIDTH="50" HEIGHT="29" WC="0.95" CONTENT="att"/>
						</TextLine>
						<TextLine ID="line_21" HPOS="274" VPOS="1237" WIDTH="1484" HEIGHT="43">
							<String ID="string_207" HPOS="274" VPOS="1244" WIDTH="56" HEIGHT="30" WC="0.96" CONTENT="det"/><SP WIDTH="14" VPOS="1244" HPOS="330"/>
							<String ID="string_208" HPOS="344" VPOS="1243" WIDTH="111" HEIGHT="30" WC="0.96" CONTENT="måste"/><SP WIDTH="15" VPOS="1243" HPOS="455"/>
							<String ID="string_209" HPOS="470" VPOS="1242" WIDTH="149" HEIGHT="30" WC="0.96" CONTENT="framstå"/><SP WIDTH="15" VPOS="1242" HPOS="619"/>
							<String ID="string_210" HPOS="634" VPOS="1251" WIDTH="74" HEIGHT="20" WC="0.96" CONTENT="som"/><SP WIDTH="16" VPOS="1251" HPOS="708"/>
							<String ID="string_211" HPOS="724" VPOS="1241" WIDTH="179" HEIGHT="39" WC="0.96" CONTENT="angeläget"/><SP WIDTH="14" VPOS="1241" HPOS="903"/>
							<String ID="string_212" HPOS="917" VPOS="1240" WIDTH="65" HEIGHT="29" WC="0.96" CONTENT="och"/><SP WIDTH="15" VPOS="1240" HPOS="982"/>
							<String ID="string_213" HPOS="997" VPOS="1239" WIDTH="169" HEIGHT="39" WC="0.96" CONTENT="naturligt"/><SP WIDTH="15" VPOS="1239" HPOS="1166"/>
							<String ID="string_214" HPOS="1181" VPOS="1240" WIDTH="49" HEIGHT="28" WC="0.96" CONTENT="att"/><SP WIDTH="16" VPOS="1240" HPOS="1230"/>
							<String ID="string_215" HPOS="1246" VPOS="1238" WIDTH="57" HEIGHT="30" WC="0.96" CONTENT="det"/><SP WIDTH="16" VPOS="1238" HPOS="1303"/>
							<String ID="string_216" HPOS="1319" VPOS="1238" WIDTH="196" HEIGHT="30" WC="0.93" CONTENT="allmännas"/><SP WIDTH="16" VPOS="1238" HPOS="1515"/>
							<String ID="string_217" HPOS="1531" VPOS="1237" WIDTH="227" HEIGHT="38" WC="0.91" CONTENT="ersättnings-"/>
						</TextLine>
						<TextLine ID="line_22" HPOS="275" VPOS="1290" WIDTH="1485" HEIGHT="48">
							<String ID="string_218" HPOS="275" VPOS="1297" WIDTH="197" HEIGHT="41" WC="0.96" CONTENT="skyldighet"/><SP WIDTH="28" VPOS="1297" HPOS="472"/>
							<String ID="string_219" HPOS="500" VPOS="1298" WIDTH="138" HEIGHT="28" WC="0.96" CONTENT="snarast"/><SP WIDTH="27" VPOS="1298" HPOS="638"/>
							<String ID="string_220" HPOS="665" VPOS="1295" WIDTH="131" HEIGHT="40" WC="0.96" CONTENT="vidgas."/><SP WIDTH="28" VPOS="1295" HPOS="796"/>
							<String ID="string_221" HPOS="824" VPOS="1294" WIDTH="244" HEIGHT="30" WC="0.96" CONTENT="Kostnaderna"/><SP WIDTH="27" VPOS="1294" HPOS="1068"/>
							<String ID="string_222" HPOS="1095" VPOS="1293" WIDTH="56" HEIGHT="30" WC="0.95" CONTENT="för"/><SP WIDTH="27" VPOS="1293" HPOS="1151"/>
							<String ID="string_223" HPOS="1178" VPOS="1292" WIDTH="203" HEIGHT="40" WC="0.95" CONTENT="ersättning,"/><SP WIDTH="30" VPOS="1292" HPOS="1381"/>
							<String ID="string_224" HPOS="1411" VPOS="1300" WIDTH="74" HEIGHT="22" WC="0.96" CONTENT="som"/><SP WIDTH="28" VPOS="1300" HPOS="1485"/>
							<String ID="string_225" HPOS="1513" VPOS="1291" WIDTH="173" HEIGHT="30" WC="0.94" CONTENT="utbetalas"/><SP WIDTH="28" VPOS="1291" HPOS="1686"/>
							<String ID="string_226" HPOS="1714" VPOS="1290" WIDTH="46" HEIGHT="40" WC="0.96" CONTENT="på"/>
						</TextLine>
						<TextLine ID="line_23" HPOS="275" VPOS="1344" WIDTH="1485" HEIGHT="47">
							<String ID="string_227" HPOS="275" VPOS="1352" WIDTH="113" HEIGHT="39" WC="0.96" CONTENT="grund"/><SP WIDTH="19" VPOS="1352" HPOS="388"/>
							<String ID="string_228" HPOS="407" VPOS="1361" WIDTH="42" HEIGHT="20" WC="0.96" CONTENT="av"/><SP WIDTH="17" VPOS="1361" HPOS="449"/>
							<String ID="string_229" HPOS="466" VPOS="1351" WIDTH="166" HEIGHT="38" WC="0.96" CONTENT="vidtagna"/><SP WIDTH="18" VPOS="1351" HPOS="632"/>
							<String ID="string_230" HPOS="650" VPOS="1348" WIDTH="226" HEIGHT="39" WC="0.96" CONTENT="erforderliga"/><SP WIDTH="19" VPOS="1348" HPOS="876"/>
							<String ID="string_231" HPOS="895" VPOS="1347" WIDTH="237" HEIGHT="39" WC="0.96" CONTENT="utredningar,"/><SP WIDTH="21" VPOS="1347" HPOS="1132"/>
							<String ID="string_232" HPOS="1153" VPOS="1347" WIDTH="98" HEIGHT="29" WC="0.96" CONTENT="torde"/><SP WIDTH="19" VPOS="1347" HPOS="1251"/>
							<String ID="string_233" HPOS="1270" VPOS="1346" WIDTH="123" HEIGHT="30" WC="0.96" CONTENT="endast"/><SP WIDTH="19" VPOS="1346" HPOS="1393"/>
							<String ID="string_234" HPOS="1412" VPOS="1346" WIDTH="143" HEIGHT="29" WC="0.96" CONTENT="komma"/><SP WIDTH="19" VPOS="1346" HPOS="1555"/>
							<String ID="string_235" HPOS="1574" VPOS="1347" WIDTH="50" HEIGHT="27" WC="0.95" CONTENT="att"/><SP WIDTH="19" VPOS="1347" HPOS="1624"/>
							<String ID="string_236" HPOS="1643" VPOS="1344" WIDTH="117" HEIGHT="40" WC="0.96" CONTENT="uppgå"/>
						</TextLine>
						<TextLine ID="line_24" HPOS="275" VPOS="1398" WIDTH="1484" HEIGHT="45">
							<String ID="string_237" HPOS="275" VPOS="1407" WIDTH="52" HEIGHT="29" WC="0.95" CONTENT="till"/><SP WIDTH="15" VPOS="1407" HPOS="327"/>
							<String ID="string_238" HPOS="342" VPOS="1404" WIDTH="257" HEIGHT="39" WC="0.95" CONTENT="jämförelsevis"/><SP WIDTH="15" VPOS="1404" HPOS="599"/>
							<String ID="string_239" HPOS="614" VPOS="1404" WIDTH="219" HEIGHT="39" WC="0.95" CONTENT="blygsamma"/><SP WIDTH="14" VPOS="1404" HPOS="833"/>
							<String ID="string_240" HPOS="847" VPOS="1402" WIDTH="124" HEIGHT="40" WC="0.96" CONTENT="belopp"/><SP WIDTH="17" VPOS="1402" HPOS="971"/>
							<String ID="string_241" HPOS="988" VPOS="1402" WIDTH="86" HEIGHT="29" WC="0.96" CONTENT="även"/><SP WIDTH="16" VPOS="1402" HPOS="1074"/>
							<String ID="string_242" HPOS="1090" VPOS="1409" WIDTH="56" HEIGHT="21" WC="0.96" CONTENT="om"/><SP WIDTH="16" VPOS="1409" HPOS="1146"/>
							<String ID="string_243" HPOS="1162" VPOS="1409" WIDTH="83" HEIGHT="21" WC="0.96" CONTENT="man"/><SP WIDTH="15" VPOS="1409" HPOS="1245"/>
							<String ID="string_244" HPOS="1260" VPOS="1400" WIDTH="62" HEIGHT="30" WC="0.96" CONTENT="bör"/><SP WIDTH="16" VPOS="1400" HPOS="1322"/>
							<String ID="string_245" HPOS="1338" VPOS="1400" WIDTH="112" HEIGHT="29" WC="0.96" CONTENT="räkna"/><SP WIDTH="15" VPOS="1400" HPOS="1450"/>
							<String ID="string_246" HPOS="1465" VPOS="1399" WIDTH="80" HEIGHT="30" WC="0.96" CONTENT="med"/><SP WIDTH="16" VPOS="1399" HPOS="1545"/>
							<String ID="string_247" HPOS="1561" VPOS="1400" WIDTH="51" HEIGHT="28" WC="0.96" CONTENT="att"/><SP WIDTH="16" VPOS="1400" HPOS="1612"/>
							<String ID="string_248" HPOS="1628" VPOS="1398" WIDTH="131" HEIGHT="30" WC="0.96" CONTENT="antalet"/>
						</TextLine>
						<TextLine ID="line_25" HPOS="274" VPOS="1452" WIDTH="1485" HEIGHT="47">
							<String ID="string_249" HPOS="274" VPOS="1457" WIDTH="538" HEIGHT="42" WC="0.91" CONTENT="transplantationsoperationer"/><SP WIDTH="19" VPOS="1457" HPOS="812"/>
							<String ID="string_250" HPOS="831" VPOS="1456" WIDTH="159" HEIGHT="29" WC="0.96" CONTENT="kommer"/><SP WIDTH="20" VPOS="1456" HPOS="990"/>
							<String ID="string_251" HPOS="1010" VPOS="1457" WIDTH="51" HEIGHT="28" WC="0.96" CONTENT="att"/><SP WIDTH="19" VPOS="1457" HPOS="1061"/>
							<String ID="string_252" HPOS="1080" VPOS="1455" WIDTH="77" HEIGHT="30" WC="0.93" CONTENT="öka."/><SP WIDTH="21" VPOS="1455" HPOS="1157"/>
							<String ID="string_253" HPOS="1178" VPOS="1453" WIDTH="200" HEIGHT="31" WC="0.87" CONTENT="Ärendenas"/><SP WIDTH="20" VPOS="1453" HPOS="1378"/>
							<String ID="string_254" HPOS="1398" VPOS="1453" WIDTH="75" HEIGHT="31" WC="0.96" CONTENT="vikt"/><SP WIDTH="20" VPOS="1453" HPOS="1473"/>
							<String ID="string_255" HPOS="1493" VPOS="1453" WIDTH="55" HEIGHT="30" WC="0.96" CONTENT="för"/><SP WIDTH="21" VPOS="1453" HPOS="1548"/>
							<String ID="string_256" HPOS="1569" VPOS="1453" WIDTH="66" HEIGHT="30" WC="0.96" CONTENT="den"/><SP WIDTH="22" VPOS="1453" HPOS="1635"/>
							<String ID="string_257" HPOS="1657" VPOS="1452" WIDTH="102" HEIGHT="37" WC="0.96" CONTENT="sjuke"/>
						</TextLine>
						<TextLine ID="line_26" HPOS="275" VPOS="1506" WIDTH="1485" HEIGHT="43">
							<String ID="string_258" HPOS="275" VPOS="1513" WIDTH="187" HEIGHT="30" WC="0.96" CONTENT="motiverar"/><SP WIDTH="25" VPOS="1513" HPOS="462"/>
							<String ID="string_259" HPOS="487" VPOS="1514" WIDTH="50" HEIGHT="28" WC="0.96" CONTENT="att"/><SP WIDTH="26" VPOS="1514" HPOS="537"/>
							<String ID="string_260" HPOS="563" VPOS="1511" WIDTH="229" HEIGHT="31" WC="0.95" CONTENT="ekonomiska"/><SP WIDTH="23" VPOS="1511" HPOS="792"/>
							<String ID="string_261" HPOS="815" VPOS="1509" WIDTH="277" HEIGHT="40" WC="0.95" CONTENT="betänkligheter"/><SP WIDTH="25" VPOS="1509" HPOS="1092"/>
							<String ID="string_262" HPOS="1117" VPOS="1508" WIDTH="81" HEIGHT="30" WC="0.93" CONTENT="från"/><SP WIDTH="25" VPOS="1508" HPOS="1198"/>
							<String ID="string_263" HPOS="1223" VPOS="1508" WIDTH="191" HEIGHT="30" WC="0.91" CONTENT="donatorns"/><SP WIDTH="26" VPOS="1508" HPOS="1414"/>
							<String ID="string_264" HPOS="1440" VPOS="1507" WIDTH="76" HEIGHT="30" WC="0.96" CONTENT="sida"/><SP WIDTH="24" VPOS="1507" HPOS="1516"/>
							<String ID="string_265" HPOS="1540" VPOS="1516" WIDTH="56" HEIGHT="20" WC="0.96" CONTENT="om"/><SP WIDTH="26" VPOS="1516" HPOS="1596"/>
							<String ID="string_266" HPOS="1622" VPOS="1506" WIDTH="138" HEIGHT="39" WC="0.96" CONTENT="möjligt"/>
						</TextLine>
						<TextLine ID="line_27" HPOS="274" VPOS="1560" WIDTH="1486" HEIGHT="43">
							<String ID="string_267" HPOS="274" VPOS="1567" WIDTH="227" HEIGHT="36" WC="0.90" CONTENT="undanröjes."/><SP WIDTH="17" VPOS="1567" HPOS="501"/>
							<String ID="string_268" HPOS="518" VPOS="1566" WIDTH="186" HEIGHT="29" WC="0.95" CONTENT="Dessutom"/><SP WIDTH="17" VPOS="1566" HPOS="704"/>
							<String ID="string_269" HPOS="721" VPOS="1564" WIDTH="97" HEIGHT="30" WC="0.96" CONTENT="torde"/><SP WIDTH="16" VPOS="1564" HPOS="818"/>
							<String ID="string_270" HPOS="834" VPOS="1563" WIDTH="184" HEIGHT="40" WC="0.96" CONTENT="möjlighet"/><SP WIDTH="15" VPOS="1563" HPOS="1018"/>
							<String ID="string_271" HPOS="1033" VPOS="1563" WIDTH="53" HEIGHT="30" WC="0.96" CONTENT="till"/><SP WIDTH="16" VPOS="1563" HPOS="1086"/>
							<String ID="string_272" HPOS="1102" VPOS="1562" WIDTH="179" HEIGHT="30" WC="0.96" CONTENT="missbruk"/><SP WIDTH="16" VPOS="1562" HPOS="1281"/>
							<String ID="string_273" HPOS="1297" VPOS="1561" WIDTH="29" HEIGHT="37" WC="0.96" CONTENT="ej"/><SP WIDTH="20" VPOS="1561" HPOS="1326"/>
							<String ID="string_274" HPOS="1346" VPOS="1561" WIDTH="178" HEIGHT="39" WC="0.96" CONTENT="föreligga."/><SP WIDTH="16" VPOS="1561" HPOS="1524"/>
							<String ID="string_275" HPOS="1540" VPOS="1560" WIDTH="220" HEIGHT="39" WC="0.96" CONTENT="Föreningen"/>
						</TextLine>
						<TextLine ID="line_28" HPOS="274" VPOS="1615" WIDTH="1486" HEIGHT="43">
							<String ID="string_276" HPOS="274" VPOS="1622" WIDTH="208" HEIGHT="29" WC="0.96" CONTENT="instämmer"/><SP WIDTH="27" VPOS="1622" HPOS="482"/>
							<String ID="string_277" HPOS="509" VPOS="1621" WIDTH="11" HEIGHT="29" WC="0.96" CONTENT="i"/><SP WIDTH="29" VPOS="1621" HPOS="520"/>
							<String ID="string_278" HPOS="549" VPOS="1619" WIDTH="294" HEIGHT="39" WC="0.95" CONTENT="arbetsgruppens"/><SP WIDTH="28" VPOS="1619" HPOS="843"/>
							<String ID="string_279" HPOS="871" VPOS="1618" WIDTH="132" HEIGHT="38" WC="0.96" CONTENT="förslag"/><SP WIDTH="27" VPOS="1618" HPOS="1003"/>
							<String ID="string_280" HPOS="1030" VPOS="1626" WIDTH="58" HEIGHT="20" WC="0.96" CONTENT="om"/><SP WIDTH="28" VPOS="1626" HPOS="1088"/>
							<String ID="string_281" HPOS="1116" VPOS="1616" WIDTH="207" HEIGHT="39" WC="0.96" CONTENT="utvidgning"/><SP WIDTH="28" VPOS="1616" HPOS="1323"/>
							<String ID="string_282" HPOS="1351" VPOS="1625" WIDTH="42" HEIGHT="20" WC="0.95" CONTENT="av"/><SP WIDTH="27" VPOS="1625" HPOS="1393"/>
							<String ID="string_283" HPOS="1420" VPOS="1615" WIDTH="269" HEIGHT="39" WC="0.95" CONTENT="tillämpningen"/><SP WIDTH="30" VPOS="1615" HPOS="1689"/>
							<String ID="string_284" HPOS="1719" VPOS="1623" WIDTH="41" HEIGHT="20" WC="0.95" CONTENT="av"/>
						</TextLine>
						<TextLine ID="line_29" HPOS="276" VPOS="1668" WIDTH="1485" HEIGHT="46">
							<String ID="string_285" HPOS="276" VPOS="1676" WIDTH="99" HEIGHT="38" WC="0.96" CONTENT="lagen"/><SP WIDTH="24" VPOS="1676" HPOS="375"/>
							<String ID="string_286" HPOS="399" VPOS="1683" WIDTH="56" HEIGHT="21" WC="0.96" CONTENT="om"/><SP WIDTH="23" VPOS="1683" HPOS="455"/>
							<String ID="string_287" HPOS="478" VPOS="1674" WIDTH="131" HEIGHT="30" WC="0.95" CONTENT="allmän"/><SP WIDTH="23" VPOS="1674" HPOS="609"/>
							<String ID="string_288" HPOS="632" VPOS="1672" WIDTH="201" HEIGHT="39" WC="0.95" CONTENT="försäkring"/><SP WIDTH="22" VPOS="1672" HPOS="833"/>
							<String ID="string_289" HPOS="855" VPOS="1671" WIDTH="53" HEIGHT="30" WC="0.96" CONTENT="till"/><SP WIDTH="23" VPOS="1671" HPOS="908"/>
							<String ID="string_290" HPOS="931" VPOS="1673" WIDTH="51" HEIGHT="28" WC="0.96" CONTENT="att"/><SP WIDTH="23" VPOS="1673" HPOS="982"/>
							<String ID="string_291" HPOS="1005" VPOS="1680" WIDTH="79" HEIGHT="21" WC="0.96" CONTENT="avse"/><SP WIDTH="24" VPOS="1680" HPOS="1084"/>
							<String ID="string_292" HPOS="1108" VPOS="1671" WIDTH="87" HEIGHT="29" WC="0.96" CONTENT="även"/><SP WIDTH="23" VPOS="1671" HPOS="1195"/>
							<String ID="string_293" HPOS="1218" VPOS="1669" WIDTH="195" HEIGHT="40" WC="0.96" CONTENT="ersättning"/><SP WIDTH="23" VPOS="1669" HPOS="1413"/>
							<String ID="string_294" HPOS="1436" VPOS="1668" WIDTH="96" HEIGHT="31" WC="0.96" CONTENT="såväl"/><SP WIDTH="21" VPOS="1668" HPOS="1532"/>
							<String ID="string_295" HPOS="1553" VPOS="1669" WIDTH="12" HEIGHT="30" WC="0.96" CONTENT="i"/><SP WIDTH="25" VPOS="1669" HPOS="1565"/>
							<String ID="string_296" HPOS="1590" VPOS="1668" WIDTH="171" HEIGHT="30" WC="0.96" CONTENT="samband"/>
						</TextLine>
						<TextLine ID="line_30" HPOS="275" VPOS="1722" WIDTH="1485" HEIGHT="44">
							<String ID="string_297" HPOS="275" VPOS="1729" WIDTH="80" HEIGHT="29" WC="0.96" CONTENT="med"/><SP WIDTH="17" VPOS="1729" HPOS="355"/>
							<String ID="string_298" HPOS="372" VPOS="1728" WIDTH="188" HEIGHT="38" WC="0.96" CONTENT="utredning"/><SP WIDTH="17" VPOS="1728" HPOS="560"/>
							<String ID="string_299" HPOS="577" VPOS="1727" WIDTH="75" HEIGHT="30" WC="0.96" CONTENT="före"/><SP WIDTH="20" VPOS="1727" HPOS="652"/>
							<String ID="string_300" HPOS="672" VPOS="1725" WIDTH="294" HEIGHT="40" WC="0.96" CONTENT="transplantation"/><SP WIDTH="18" VPOS="1725" HPOS="966"/>
							<String ID="string_301" HPOS="984" VPOS="1734" WIDTH="75" HEIGHT="20" WC="0.96" CONTENT="som"/><SP WIDTH="18" VPOS="1734" HPOS="1059"/>
							<String ID="string_302" HPOS="1077" VPOS="1724" WIDTH="88" HEIGHT="30" WC="0.96" CONTENT="efter"/><SP WIDTH="19" VPOS="1724" HPOS="1165"/>
							<String ID="string_303" HPOS="1184" VPOS="1723" WIDTH="56" HEIGHT="30" WC="0.93" CONTENT="det"/><SP WIDTH="18" VPOS="1723" HPOS="1240"/>
							<String ID="string_304" HPOS="1258" VPOS="1723" WIDTH="343" HEIGHT="39" WC="0.91" CONTENT="transplantationen"/><SP WIDTH="18" VPOS="1723" HPOS="1601"/>
							<String ID="string_305" HPOS="1619" VPOS="1722" WIDTH="141" HEIGHT="29" WC="0.96" CONTENT="utförts."/>
						</TextLine>
					</TextBlock>
					<TextBlock ID="block_6" HPOS="275" VPOS="1775" WIDTH="1487" HEIGHT="586">
						<TextLine ID="line_31" HPOS="318" VPOS="1775" WIDTH="1443" HEIGHT="45">
							<String ID="string_306" HPOS="318" VPOS="1778" WIDTH="529" HEIGHT="42" WC="0.91" CONTENT="Försäkringskasseförbundet"/><SP WIDTH="25" VPOS="1778" HPOS="847"/>
							<String ID="string_307" HPOS="872" VPOS="1788" WIDTH="102" HEIGHT="21" WC="0.96" CONTENT="anser"/><SP WIDTH="25" VPOS="1788" HPOS="974"/>
							<String ID="string_308" HPOS="999" VPOS="1778" WIDTH="57" HEIGHT="30" WC="0.96" CONTENT="det"/><SP WIDTH="24" VPOS="1778" HPOS="1056"/>
							<String ID="string_309" HPOS="1080" VPOS="1787" WIDTH="43" HEIGHT="20" WC="0.95" CONTENT="ur"/><SP WIDTH="25" VPOS="1787" HPOS="1123"/>
							<String ID="string_310" HPOS="1148" VPOS="1779" WIDTH="77" HEIGHT="28" WC="0.96" CONTENT="rent"/><SP WIDTH="25" VPOS="1779" HPOS="1225"/>
							<String ID="string_311" HPOS="1250" VPOS="1776" WIDTH="197" HEIGHT="41" WC="0.95" CONTENT="principiell"/><SP WIDTH="26" VPOS="1776" HPOS="1447"/>
							<String ID="string_312" HPOS="1473" VPOS="1775" WIDTH="180" HEIGHT="41" WC="0.96" CONTENT="synpunkt"/><SP WIDTH="24" VPOS="1775" HPOS="1653"/>
							<String ID="string_313" HPOS="1677" VPOS="1785" WIDTH="84" HEIGHT="20" WC="0.96" CONTENT="vara"/>
						</TextLine>
						<TextLine ID="line_32" HPOS="277" VPOS="1829" WIDTH="1484" HEIGHT="47">
							<String ID="string_314" HPOS="277" VPOS="1836" WIDTH="179" HEIGHT="40" WC="0.96" CONTENT="angeläget"/><SP WIDTH="18" VPOS="1836" HPOS="456"/>
							<String ID="string_315" HPOS="474" VPOS="1837" WIDTH="50" HEIGHT="28" WC="0.96" CONTENT="att"/><SP WIDTH="17" VPOS="1837" HPOS="524"/>
							<String ID="string_316" HPOS="541" VPOS="1835" WIDTH="115" HEIGHT="39" WC="0.96" CONTENT="givare"/><SP WIDTH="18" VPOS="1835" HPOS="656"/>
							<String ID="string_317" HPOS="674" VPOS="1844" WIDTH="42" HEIGHT="20" WC="0.96" CONTENT="av"/><SP WIDTH="16" VPOS="1844" HPOS="716"/>
							<String ID="string_318" HPOS="732" VPOS="1833" WIDTH="94" HEIGHT="30" WC="0.93" CONTENT="olika"/><SP WIDTH="16" VPOS="1833" HPOS="826"/>
							<String ID="string_319" HPOS="842" VPOS="1833" WIDTH="241" HEIGHT="39" WC="0.91" CONTENT="kroppsorgan"/><SP WIDTH="19" VPOS="1833" HPOS="1083"/>
							<String ID="string_320" HPOS="1102" VPOS="1831" WIDTH="37" HEIGHT="30" WC="0.96" CONTENT="så"/><SP WIDTH="17" VPOS="1831" HPOS="1139"/>
							<String ID="string_321" HPOS="1156" VPOS="1831" WIDTH="96" HEIGHT="40" WC="0.96" CONTENT="långt"/><SP WIDTH="18" VPOS="1831" HPOS="1252"/>
							<String ID="string_322" HPOS="1270" VPOS="1831" WIDTH="56" HEIGHT="30" WC="0.96" CONTENT="det"/><SP WIDTH="18" VPOS="1831" HPOS="1326"/>
							<String ID="string_323" HPOS="1344" VPOS="1831" WIDTH="37" HEIGHT="29" WC="0.96" CONTENT="är"/><SP WIDTH="18" VPOS="1831" HPOS="1381"/>
							<String ID="string_324" HPOS="1399" VPOS="1830" WIDTH="138" HEIGHT="39" WC="0.96" CONTENT="möjligt"/><SP WIDTH="17" VPOS="1830" HPOS="1537"/>
							<String ID="string_325" HPOS="1554" VPOS="1829" WIDTH="110" HEIGHT="30" WC="0.93" CONTENT="hålles"/><SP WIDTH="18" VPOS="1829" HPOS="1664"/>
							<String ID="string_326" HPOS="1682" VPOS="1829" WIDTH="79" HEIGHT="30" WC="0.91" CONTENT="eko-"/>
						</TextLine>
						<TextLine ID="line_33" HPOS="277" VPOS="1884" WIDTH="1483" HEIGHT="40">
							<String ID="string_327" HPOS="277" VPOS="1890" WIDTH="154" HEIGHT="30" WC="0.91" CONTENT="nomiskt"/><SP WIDTH="16" VPOS="1890" HPOS="431"/>
							<String ID="string_328" HPOS="447" VPOS="1889" WIDTH="202" HEIGHT="30" WC="0.92" CONTENT="skadeslösa"/><SP WIDTH="16" VPOS="1889" HPOS="649"/>
							<String ID="string_329" HPOS="665" VPOS="1888" WIDTH="72" HEIGHT="30" WC="0.95" CONTENT="dels"/><SP WIDTH="16" VPOS="1888" HPOS="737"/>
							<String ID="string_330" HPOS="753" VPOS="1889" WIDTH="11" HEIGHT="29" WC="0.96" CONTENT="i"/><SP WIDTH="16" VPOS="1889" HPOS="764"/>
							<String ID="string_331" HPOS="780" VPOS="1887" WIDTH="170" HEIGHT="30" WC="0.96" CONTENT="samband"/><SP WIDTH="15" VPOS="1887" HPOS="950"/>
							<String ID="string_332" HPOS="965" VPOS="1886" WIDTH="80" HEIGHT="30" WC="0.96" CONTENT="med"/><SP WIDTH="14" VPOS="1886" HPOS="1045"/>
							<String ID="string_333" HPOS="1059" VPOS="1884" WIDTH="189" HEIGHT="40" WC="0.96" CONTENT="utredning"/><SP WIDTH="14" VPOS="1884" HPOS="1248"/>
							<String ID="string_334" HPOS="1262" VPOS="1894" WIDTH="57" HEIGHT="20" WC="0.96" CONTENT="om"/><SP WIDTH="15" VPOS="1894" HPOS="1319"/>
							<String ID="string_335" HPOS="1334" VPOS="1884" WIDTH="205" HEIGHT="40" WC="0.95" CONTENT="lämplighet"/><SP WIDTH="16" VPOS="1884" HPOS="1539"/>
							<String ID="string_336" HPOS="1555" VPOS="1893" WIDTH="74" HEIGHT="21" WC="0.96" CONTENT="som"/><SP WIDTH="17" VPOS="1893" HPOS="1629"/>
							<String ID="string_337" HPOS="1646" VPOS="1884" WIDTH="114" HEIGHT="39" WC="0.96" CONTENT="givare"/>
						</TextLine>
						<TextLine ID="line_34" HPOS="276" VPOS="1938" WIDTH="1484" HEIGHT="43">
							<String ID="string_338" HPOS="276" VPOS="1945" WIDTH="65" HEIGHT="29" WC="0.96" CONTENT="och"/><SP WIDTH="18" VPOS="1945" HPOS="341"/>
							<String ID="string_339" HPOS="359" VPOS="1944" WIDTH="72" HEIGHT="30" WC="0.96" CONTENT="dels"/><SP WIDTH="18" VPOS="1944" HPOS="431"/>
							<String ID="string_340" HPOS="449" VPOS="1943" WIDTH="110" HEIGHT="30" WC="0.96" CONTENT="under"/><SP WIDTH="19" VPOS="1943" HPOS="559"/>
							<String ID="string_341" HPOS="578" VPOS="1943" WIDTH="64" HEIGHT="29" WC="0.96" CONTENT="och"/><SP WIDTH="18" VPOS="1943" HPOS="642"/>
							<String ID="string_342" HPOS="660" VPOS="1942" WIDTH="87" HEIGHT="30" WC="0.96" CONTENT="efter"/><SP WIDTH="16" VPOS="1942" HPOS="747"/>
							<String ID="string_343" HPOS="763" VPOS="1942" WIDTH="146" HEIGHT="39" WC="0.96" CONTENT="ingrepp"/><SP WIDTH="17" VPOS="1942" HPOS="909"/>
							<String ID="string_344" HPOS="926" VPOS="1940" WIDTH="58" HEIGHT="30" WC="0.93" CONTENT="vid"/><SP WIDTH="16" VPOS="1940" HPOS="984"/>
							<String ID="string_345" HPOS="1000" VPOS="1939" WIDTH="353" HEIGHT="40" WC="0.91" CONTENT="transplantationen."/><SP WIDTH="18" VPOS="1939" HPOS="1353"/>
							<String ID="string_346" HPOS="1371" VPOS="1938" WIDTH="202" HEIGHT="30" WC="0.96" CONTENT="Förbundet"/><SP WIDTH="18" VPOS="1938" HPOS="1573"/>
							<String ID="string_347" HPOS="1591" VPOS="1947" WIDTH="102" HEIGHT="20" WC="0.95" CONTENT="anser"/><SP WIDTH="18" VPOS="1947" HPOS="1693"/>
							<String ID="string_348" HPOS="1711" VPOS="1939" WIDTH="49" HEIGHT="28" WC="0.95" CONTENT="att"/>
						</TextLine>
						<TextLine ID="line_35" HPOS="277" VPOS="1992" WIDTH="1485" HEIGHT="43">
							<String ID="string_349" HPOS="277" VPOS="1999" WIDTH="66" HEIGHT="29" WC="0.96" CONTENT="den"/><SP WIDTH="19" VPOS="1999" HPOS="343"/>
							<String ID="string_350" HPOS="362" VPOS="1997" WIDTH="230" HEIGHT="31" WC="0.96" CONTENT="ekonomiska"/><SP WIDTH="18" VPOS="1997" HPOS="592"/>
							<String ID="string_351" HPOS="610" VPOS="1996" WIDTH="195" HEIGHT="39" WC="0.96" CONTENT="ersättning"/><SP WIDTH="19" VPOS="1996" HPOS="805"/>
							<String ID="string_352" HPOS="824" VPOS="2004" WIDTH="75" HEIGHT="21" WC="0.96" CONTENT="som"/><SP WIDTH="18" VPOS="2004" HPOS="899"/>
							<String ID="string_353" HPOS="917" VPOS="1995" WIDTH="11" HEIGHT="29" WC="0.96" CONTENT="i"/><SP WIDTH="21" VPOS="1995" HPOS="928"/>
							<String ID="string_354" HPOS="949" VPOS="1994" WIDTH="169" HEIGHT="30" WC="0.96" CONTENT="samband"/><SP WIDTH="20" VPOS="1994" HPOS="1118"/>
							<String ID="string_355" HPOS="1138" VPOS="1993" WIDTH="144" HEIGHT="30" WC="0.96" CONTENT="därmed"/><SP WIDTH="18" VPOS="1993" HPOS="1282"/>
							<String ID="string_356" HPOS="1300" VPOS="1993" WIDTH="67" HEIGHT="29" WC="0.96" CONTENT="blir"/><SP WIDTH="20" VPOS="1993" HPOS="1367"/>
							<String ID="string_357" HPOS="1387" VPOS="1993" WIDTH="132" HEIGHT="29" WC="0.96" CONTENT="aktuell"/><SP WIDTH="18" VPOS="1993" HPOS="1519"/>
							<String ID="string_358" HPOS="1537" VPOS="1992" WIDTH="65" HEIGHT="29" WC="0.96" CONTENT="hör"/><SP WIDTH="19" VPOS="1992" HPOS="1602"/>
							<String ID="string_359" HPOS="1621" VPOS="1992" WIDTH="141" HEIGHT="29" WC="0.96" CONTENT="hemma"/>
						</TextLine>
						<TextLine ID="line_36" HPOS="276" VPOS="2045" WIDTH="1485" HEIGHT="43">
							<String ID="string_360" HPOS="276" VPOS="2053" WIDTH="95" HEIGHT="29" WC="0.96" CONTENT="inom"/><SP WIDTH="25" VPOS="2053" HPOS="371"/>
							<String ID="string_361" HPOS="396" VPOS="2052" WIDTH="65" HEIGHT="29" WC="0.96" CONTENT="den"/><SP WIDTH="25" VPOS="2052" HPOS="461"/>
							<String ID="string_362" HPOS="486" VPOS="2051" WIDTH="178" HEIGHT="30" WC="0.96" CONTENT="allmänna"/><SP WIDTH="23" VPOS="2051" HPOS="664"/>
							<String ID="string_363" HPOS="687" VPOS="2049" WIDTH="264" HEIGHT="39" WC="0.96" CONTENT="försäkringens"/><SP WIDTH="24" VPOS="2049" HPOS="951"/>
							<String ID="string_364" HPOS="975" VPOS="2058" WIDTH="85" HEIGHT="20" WC="0.96" CONTENT="ram."/><SP WIDTH="25" VPOS="2058" HPOS="1060"/>
							<String ID="string_365" HPOS="1085" VPOS="2048" WIDTH="120" HEIGHT="29" WC="0.96" CONTENT="Redan"/><SP WIDTH="22" VPOS="2048" HPOS="1205"/>
							<String ID="string_366" HPOS="1227" VPOS="2056" WIDTH="48" HEIGHT="20" WC="0.96" CONTENT="nu"/><SP WIDTH="24" VPOS="2056" HPOS="1275"/>
							<String ID="string_367" HPOS="1299" VPOS="2047" WIDTH="236" HEIGHT="29" WC="0.96" CONTENT="förekommer"/><SP WIDTH="23" VPOS="2047" HPOS="1535"/>
							<String ID="string_368" HPOS="1558" VPOS="2045" WIDTH="203" HEIGHT="39" WC="0.96" CONTENT="visserligen"/>
						</TextLine>
						<TextLine ID="line_37" HPOS="275" VPOS="2098" WIDTH="1486" HEIGHT="46">
							<String ID="string_369" HPOS="275" VPOS="2107" WIDTH="71" HEIGHT="29" WC="0.95" CONTENT="viss"/><SP WIDTH="20" VPOS="2107" HPOS="346"/>
							<String ID="string_370" HPOS="366" VPOS="2105" WIDTH="193" HEIGHT="39" WC="0.74" CONTENT="ersättning"/><SP WIDTH="18" VPOS="2105" HPOS="559"/>
							<String ID="string_371" HPOS="577" VPOS="2104" WIDTH="80" HEIGHT="30" WC="0.93" CONTENT="från"/><SP WIDTH="18" VPOS="2104" HPOS="657"/>
							<String ID="string_372" HPOS="675" VPOS="2103" WIDTH="393" HEIGHT="39" WC="0.92" CONTENT="försäkringskassorna"/><SP WIDTH="17" VPOS="2103" HPOS="1068"/>
							<String ID="string_373" HPOS="1085" VPOS="2102" WIDTH="11" HEIGHT="29" WC="0.96" CONTENT="i"/><SP WIDTH="18" VPOS="2102" HPOS="1096"/>
							<String ID="string_374" HPOS="1114" VPOS="2101" WIDTH="41" HEIGHT="30" WC="0.96" CONTENT="de"/><SP WIDTH="19" VPOS="2101" HPOS="1155"/>
							<String ID="string_375" HPOS="1174" VPOS="2101" WIDTH="159" HEIGHT="39" WC="0.96" CONTENT="åsyftade"/><SP WIDTH="18" VPOS="2101" HPOS="1333"/>
							<String ID="string_376" HPOS="1351" VPOS="2101" WIDTH="108" HEIGHT="29" WC="0.96" CONTENT="fallen"/><SP WIDTH="18" VPOS="2101" HPOS="1459"/>
							<String ID="string_377" HPOS="1477" VPOS="2109" WIDTH="80" HEIGHT="20" WC="0.96" CONTENT="men"/><SP WIDTH="18" VPOS="2109" HPOS="1557"/>
							<String ID="string_378" HPOS="1575" VPOS="2100" WIDTH="115" HEIGHT="29" WC="0.96" CONTENT="rätten"/><SP WIDTH="19" VPOS="2100" HPOS="1690"/>
							<String ID="string_379" HPOS="1709" VPOS="2098" WIDTH="52" HEIGHT="30" WC="0.96" CONTENT="till"/>
						</TextLine>
						<TextLine ID="line_38" HPOS="278" VPOS="2152" WIDTH="1481" HEIGHT="46">
							<String ID="string_380" HPOS="278" VPOS="2160" WIDTH="193" HEIGHT="38" WC="0.96" CONTENT="ersättning"/><SP WIDTH="17" VPOS="2160" HPOS="471"/>
							<String ID="string_381" HPOS="488" VPOS="2159" WIDTH="62" HEIGHT="29" WC="0.96" CONTENT="bör"/><SP WIDTH="18" VPOS="2159" HPOS="550"/>
							<String ID="string_382" HPOS="568" VPOS="2158" WIDTH="142" HEIGHT="30" WC="0.96" CONTENT="fastslås"/><SP WIDTH="19" VPOS="2158" HPOS="710"/>
							<String ID="string_383" HPOS="729" VPOS="2165" WIDTH="122" HEIGHT="32" WC="0.96" CONTENT="genom"/><SP WIDTH="20" VPOS="2165" HPOS="851"/>
							<String ID="string_384" HPOS="871" VPOS="2156" WIDTH="113" HEIGHT="30" WC="0.96" CONTENT="direkt"/><SP WIDTH="19" VPOS="2156" HPOS="984"/>
							<String ID="string_385" HPOS="1003" VPOS="2155" WIDTH="201" HEIGHT="40" WC="0.96" CONTENT="stadgande."/><SP WIDTH="18" VPOS="2155" HPOS="1204"/>
							<String ID="string_386" HPOS="1222" VPOS="2154" WIDTH="202" HEIGHT="31" WC="0.96" CONTENT="Förbundet"/><SP WIDTH="17" VPOS="2154" HPOS="1424"/>
							<String ID="string_387" HPOS="1441" VPOS="2153" WIDTH="148" HEIGHT="31" WC="0.96" CONTENT="föreslår"/><SP WIDTH="19" VPOS="2153" HPOS="1589"/>
							<String ID="string_388" HPOS="1608" VPOS="2155" WIDTH="50" HEIGHT="28" WC="0.96" CONTENT="att"/><SP WIDTH="20" VPOS="2155" HPOS="1658"/>
							<String ID="string_389" HPOS="1678" VPOS="2152" WIDTH="81" HEIGHT="31" WC="0.96" CONTENT="1961"/>
						</TextLine>
						<TextLine ID="line_39" HPOS="278" VPOS="2206" WIDTH="1484" HEIGHT="45">
							<String ID="string_390" HPOS="278" VPOS="2214" WIDTH="56" HEIGHT="30" WC="0.93" CONTENT="års"/><SP WIDTH="20" VPOS="2214" HPOS="334"/>
							<String ID="string_391" HPOS="354" VPOS="2211" WIDTH="495" HEIGHT="40" WC="0.91" CONTENT="sjukförsäkringsutredning"/><SP WIDTH="18" VPOS="2211" HPOS="849"/>
							<String ID="string_392" HPOS="867" VPOS="2210" WIDTH="54" HEIGHT="30" WC="0.96" CONTENT="får"/><SP WIDTH="18" VPOS="2210" HPOS="921"/>
							<String ID="string_393" HPOS="939" VPOS="2210" WIDTH="12" HEIGHT="30" WC="0.96" CONTENT="i"/><SP WIDTH="19" VPOS="2210" HPOS="951"/>
							<String ID="string_394" HPOS="970" VPOS="2209" WIDTH="159" HEIGHT="40" WC="0.96" CONTENT="uppdrag"/><SP WIDTH="18" VPOS="2209" HPOS="1129"/>
							<String ID="string_395" HPOS="1147" VPOS="2210" WIDTH="50" HEIGHT="29" WC="0.96" CONTENT="att"/><SP WIDTH="18" VPOS="2210" HPOS="1197"/>
							<String ID="string_396" HPOS="1215" VPOS="2210" WIDTH="183" HEIGHT="38" WC="0.95" CONTENT="penetrera"/><SP WIDTH="18" VPOS="2210" HPOS="1398"/>
							<String ID="string_397" HPOS="1416" VPOS="2207" WIDTH="125" HEIGHT="40" WC="0.96" CONTENT="frågan"/><SP WIDTH="19" VPOS="2207" HPOS="1541"/>
							<String ID="string_398" HPOS="1560" VPOS="2216" WIDTH="55" HEIGHT="20" WC="0.93" CONTENT="om"/><SP WIDTH="19" VPOS="2216" HPOS="1615"/>
							<String ID="string_399" HPOS="1634" VPOS="2206" WIDTH="128" HEIGHT="40" WC="0.92" CONTENT="princi-"/>
						</TextLine>
						<TextLine ID="line_40" HPOS="277" VPOS="2261" WIDTH="1485" HEIGHT="47">
							<String ID="string_400" HPOS="277" VPOS="2277" WIDTH="108" HEIGHT="31" WC="0.95" CONTENT="perna"/><SP WIDTH="19" VPOS="2277" HPOS="385"/>
							<String ID="string_401" HPOS="404" VPOS="2267" WIDTH="54" HEIGHT="30" WC="0.96" CONTENT="för"/><SP WIDTH="19" VPOS="2267" HPOS="458"/>
							<String ID="string_402" HPOS="477" VPOS="2267" WIDTH="69" HEIGHT="29" WC="0.96" CONTENT="rätt"/><SP WIDTH="21" VPOS="2267" HPOS="546"/>
							<String ID="string_403" HPOS="567" VPOS="2266" WIDTH="50" HEIGHT="29" WC="0.96" CONTENT="till"/><SP WIDTH="19" VPOS="2266" HPOS="617"/>
							<String ID="string_404" HPOS="636" VPOS="2265" WIDTH="195" HEIGHT="39" WC="0.96" CONTENT="ersättning"/><SP WIDTH="17" VPOS="2265" HPOS="831"/>
							<String ID="string_405" HPOS="848" VPOS="2265" WIDTH="10" HEIGHT="29" WC="0.96" CONTENT="i"/><SP WIDTH="19" VPOS="2265" HPOS="858"/>
							<String ID="string_406" HPOS="877" VPOS="2264" WIDTH="65" HEIGHT="29" WC="0.96" CONTENT="här"/><SP WIDTH="18" VPOS="2264" HPOS="942"/>
							<String ID="string_407" HPOS="960" VPOS="2263" WIDTH="151" HEIGHT="30" WC="0.96" CONTENT="avsedda"/><SP WIDTH="18" VPOS="2263" HPOS="1111"/>
							<String ID="string_408" HPOS="1129" VPOS="2263" WIDTH="62" HEIGHT="29" WC="0.96" CONTENT="fall"/><SP WIDTH="19" VPOS="2263" HPOS="1191"/>
							<String ID="string_409" HPOS="1210" VPOS="2263" WIDTH="65" HEIGHT="29" WC="0.96" CONTENT="och"/><SP WIDTH="19" VPOS="2263" HPOS="1275"/>
							<String ID="string_410" HPOS="1294" VPOS="2262" WIDTH="129" HEIGHT="30" WC="0.96" CONTENT="föreslå"/><SP WIDTH="19" VPOS="2262" HPOS="1423"/>
							<String ID="string_411" HPOS="1442" VPOS="2261" WIDTH="204" HEIGHT="39" WC="0.93" CONTENT="erforderlig"/><SP WIDTH="18" VPOS="2261" HPOS="1646"/>
							<String ID="string_412" HPOS="1664" VPOS="2261" WIDTH="98" HEIGHT="28" WC="0.92" CONTENT="kom-"/>
						</TextLine>
						<TextLine ID="line_41" HPOS="276" VPOS="2319" WIDTH="461" HEIGHT="42">
							<String ID="string_413" HPOS="276" VPOS="2321" WIDTH="216" HEIGHT="40" WC="0.92" CONTENT="pletterande"/><SP WIDTH="15" VPOS="2321" HPOS="492"/>
							<String ID="string_414" HPOS="507" VPOS="2319" WIDTH="230" HEIGHT="40" WC="0.96" CONTENT="lagstiftning."/>
						</TextLine>
					</TextBlock>
				</ComposedBlock>
			</PrintSpace>
		</Page>
	</Layout>
</alto>
