2204 2620
395 177 19 31 2
617 175 121 33 Andra
766 176 203 32 kammarens
987 175 127 38 femte
1139 175 174 41 tillfälliga
1336 175 136 32 utskotts
1495 175 170 33 utlåtande
1690 176 53 32 Nr
1767 177 30 30 2.

395 258 306 49 lagstiftningens
746 258 190 49 betydelse
975 271 79 23 som
1093 265 89 29 värn
1223 263 77 31 mot
1339 257 71 37 den
1450 257 235 44 blodsterror,
1725 257 61 36 för
1815 258 123 36 vilken
1968 257 45 35 de

397 313 116 35 uttala
551 313 70 43 sin,
660 312 79 35 helt
779 312 121 35 säkert
939 324 43 23 av
1021 313 72 34 alla
1122 313 163 35 normalt
1314 310 196 37 kännande
1539 310 230 36 civiliserade
1800 310 213 37 människor

396 365 128 37 delade
568 365 125 49 avsky.
753 363 85 38 Som
882 369 53 31 ett
978 366 150 48 uttryck
1171 364 58 37 för
1271 366 58 34 sin
1367 365 218 47 anslutning
1620 364 59 35 till
1717 364 195 48 principen
1951 376 61 24 om

395 420 109 35 livets
543 418 275 37 okränkbarhet
855 418 92 36 hava
987 419 274 35 motionärerna
1299 418 155 48 påyrkat
1493 416 255 36 dödsstraffets
1783 417 230 48 utplånande

397 486 43 22 ur
483 477 181 31 staternas
708 470 347 50 straftlagstiftning
1097 472 69 35 och
1209 472 49 36 ha
1299 473 12 33 i
1354 471 130 36 sådant
1527 469 96 50 syfte
1666 471 164 48 påkallat
1863 471 150 34 svenskt

396 527 364 47 regeringsinitiativ.
819 524 191 37 Utskottet
1049 524 56 36 får
1144 524 207 45 framhålla,
1392 530 54 30 att
1475 537 45 23 en
1551 537 43 23 av
1623 522 116 37 första
1769 523 244 49 lagutskottet

397 579 85 36 med
520 578 205 49 anledning
754 592 43 23 av
826 591 46 23 en
902 591 124 23 annan
1055 591 44 24 av
1128 579 87 36 herr
1244 578 219 48 Lindhagen
1493 577 106 36 väckt
1629 578 143 35 motion
1802 576 209 49 föreslagen

397 633 204 48 utredning
643 645 61 23 om
749 631 256 37 dödsstraffets
1047 632 247 49 borttagande
1337 644 78 23 som
1459 629 163 38 straffart
1660 632 12 34 i
1712 630 72 36 den
1824 631 189 35 allmänna

396 685 216 50 strafflagen
653 699 48 22 m.
742 699 48 22 m.
832 699 134 35 genom
1007 685 116 37 första
1160 687 233 35 kammarens
1423 686 122 35 beslut
1573 685 12 34 i
1616 689 125 31 ämnet
1770 684 80 35 icke
1878 684 136 35 vunnit

396 739 216 50 riksdagens
651 739 118 37 bifall.
828 739 56 36 Då
923 739 158 36 sålunda
1119 739 131 49 frågan
1289 751 60 23 om
1380 737 255 37 dödsstraffets
1665 736 238 37 avskaffande
1931 737 81 36 icke

397 794 107 36 blivit
542 793 58 36 för
638 793 133 36 svensk
810 792 59 36 del
908 793 165 48 avgjord,
1113 793 104 36 torde
1257 792 148 36 svenskt
1442 792 162 35 initiativ
1637 792 57 35 till
1725 791 116 36 andra
1869 791 144 35 makter

395 848 11 34 i
437 846 122 36 denna
587 847 64 35 sak
679 847 81 35 icke
789 847 128 35 kunna
943 847 149 35 komma
1110 847 12 34 i
1140 845 115 50 fråga.
1301 845 56 37 Då
1376 846 184 47 härjämte
1581 845 179 35 utskottet
1781 844 117 36 håller
1919 843 91 44 före,

395 904 55 31 att
487 912 46 24 en
572 898 278 49 framställning
886 900 58 35 till
982 899 145 37 förmån
1167 899 58 36 för
1262 900 292 35 motionärernas
1583 898 235 48 principiella
1846 896 165 50 yrkande

395 953 79 36 icke
504 966 51 23 nu
585 954 71 35 kan
685 953 84 36 leda
797 953 59 35 till
886 956 123 46 någon
1039 953 165 49 praktisk
1233 952 155 49 påföljd,
1418 952 68 36 har
1507 952 179 36 utskottet
1706 956 122 31 ansett
1848 952 56 47 sig
1922 951 90 35 böra

396 1008 172 48 avstyrka
596 1005 107 37 bifall
732 1007 59 36 till
820 1008 201 35 motionen.

530 1059 189 37 Utskottet
747 1060 225 43 hemställer,

963 1164 54 31 att
1054 1159 281 50 ifrågavarande
1373 1160 140 35 motion
1547 1160 79 36 icke
1657 1163 113 35 måtte
1800 1164 57 35 till
1887 1167 122 45 någon

828 1213 114 36 andra
971 1213 235 36 kammarens
1236 1212 129 48 åtgärd
1395 1210 202 38 föranleda.

531 1319 212 38 Stockholm
776 1321 68 36 den
879 1323 18 32 7
932 1333 97 23 mars
1064 1322 110 34 1919.

970 1427 52 36 På
1052 1428 197 35 utskottets
1279 1434 153 43 vägnar:

977 1514 120 38 IVAR
1126 1514 302 39 SWARTLING.

394 1789 210 31 Närvarande:
624 1790 122 43 herrar
775 1790 179 40 Swartling,
981 1791 194 40 Ljungberg,
1201 1791 179 39 Bengtsson
1405 1792 10 30 i
1439 1793 131 37 Kullen,
1595 1793 171 40 Sjöström,
1791 1794 184 32 Andersson
1999 1797 10 29 i

638 1835 155 37 Prästbol,
819 1835 182 31 Johansson
1024 1836 11 30 i
1061 1836 143 36 Hässlås,
1230 1836 173 39 Svanberg,
1428 1837 181 32 Johansson
1634 1838 10 30 i
1669 1839 139 40 Olstorp,
1834 1840 176 39 Smedberg

638 1880 60 30 och
724 1880 114 30 Olsson
863 1880 9 29 i
898 1880 210 31 Morastrand.
