1886 2776
273 169 39 28 16
651 168 126 29 Första
799 166 248 40 lagutskottets
1069 166 180 30 utlåtande
1271 176 43 19 nr
1335 166 51 29 23.

270 255 76 21 som
384 247 107 39 enligt
530 246 543 39 civilförsvarsförfattningarna
1113 245 98 30 skola
1251 245 159 29 anordna
1448 244 200 40 verkskydd
1688 244 83 29 eller

271 300 197 39 tjänstgöra
494 300 96 29 inom
617 300 135 33 sådant,
780 300 51 29 att
857 300 164 29 förvärva
1047 299 64 29 och
1137 298 130 30 inneha
1293 307 113 30 vapen
1433 298 65 29 och
1525 297 246 30 ammunition.

314 353 220 29 Motionären
555 353 64 29 har
639 353 87 39 tagit
747 353 42 29 de
811 353 10 29 i
843 353 264 39 propositionen
1129 352 200 38 föreslagna
1352 351 239 38 ändringarna
1612 351 11 28 i
1644 359 128 30 vapen-

270 407 254 38 förordningen
547 406 52 29 till
625 406 266 39 utgångspunkt
914 405 55 30 för
994 406 75 29 sina
1094 405 194 40 yrkanden,
1313 405 12 28 i
1349 404 112 29 första
1485 404 95 29 hand
1605 405 50 28 att
1680 403 58 29 det
1762 402 11 28 i

271 459 367 40 vapenförordningen
664 459 109 29 måtte
799 459 94 29 klart
920 459 178 28 utskrivas
1125 460 50 27 att
1202 457 300 39 licensgivningen
1529 457 89 28 skall
1645 457 128 38 prövas

271 513 124 29 endast
414 513 79 29 med
512 513 138 39 hänsyn
668 512 52 30 till
740 513 68 28 den
828 512 174 29 sökandes
1021 511 205 39 lämplighet
1246 512 50 28 att
1315 510 130 29 inneha
1464 519 112 29 vapen
1595 519 41 19 ur
1656 510 118 28 demo-

270 566 137 29 kratisk
431 566 341 39 försvarssynpunkt
796 565 65 29 och
885 565 76 30 icke
985 574 80 20 avse
1088 564 77 39 jakt
1190 564 65 29 och
1279 564 11 28 i
1315 564 110 28 andra
1448 563 106 33 hand,
1580 564 50 28 att
1655 563 117 28 därest

271 619 367 40 vapenförordningen
664 620 88 28 även
778 619 11 28 i
815 618 275 39 fortsättningen
1117 626 98 21 avses
1243 616 150 30 omfatta
1418 615 192 40 jaktlagen,
1637 615 137 29 förord-

272 672 128 39 ningen
421 672 109 29 måtte
552 672 192 39 upphävas.

316 726 74 29 Vad
420 725 90 29 först
541 725 107 39 angår
679 725 240 29 motionärens
950 723 213 30 hemställan
1192 722 60 30 vill
1284 723 172 29 utskottet
1486 722 116 29 erinra
1633 730 58 20 om
1722 722 51 28 att

271 778 367 40 vapenförordningen
666 787 100 21 avser
794 777 68 30 alla
891 779 130 28 sorters
1048 786 113 30 vapen
1188 776 80 29 med
1296 776 95 29 vilka
1418 775 113 33 kulor,
1560 774 101 39 hagel
1690 774 83 29 eller

271 832 111 30 andra
406 831 206 39 projektiler
635 831 124 29 kunna
783 831 182 38 utskjutas
989 830 148 29 medelst
1160 829 258 38 krutladdning
1441 828 83 29 eller
1550 829 109 28 annat
1683 826 92 30 driv-

272 885 112 29 medel
404 884 129 30 liksom
553 885 131 29 sådana
703 885 187 38 apparater
910 883 83 30 eller
1014 883 248 38 anordningar,
1283 882 95 30 vilka
1398 881 223 30 beträffande
1641 880 133 29 verkan

270 938 66 29 och
360 938 165 29 ändamål
550 939 59 28 äro
632 937 206 39 jämförliga
862 937 79 29 med
966 936 243 39 nyssnämnda
1232 944 124 30 vapen.
1382 935 120 28 Redan
1527 934 68 29 den
1619 933 156 28 omstän-

272 992 165 39 digheten
464 993 51 28 att
542 990 368 40 vapenförordningen
939 999 100 20 avser
1066 990 111 28 andra
1202 998 115 29 vapen
1345 997 29 20 o.
1403 988 32 29 d.
1464 988 45 28 än
1538 987 132 29 sådana
1699 994 76 21 som

271 1045 180 29 användas
473 1045 55 29 för
548 1044 78 39 jakt
648 1052 58 31 ger
725 1044 59 29 vid
804 1044 142 29 handen
967 1045 51 27 att
1040 1042 253 38 förordningen
1314 1041 77 29 icke
1414 1041 116 29 såsom
1552 1039 222 29 motionären

272 1097 119 30 anfört
412 1097 90 30 skall
522 1098 180 29 betraktas
724 1106 76 20 som
820 1098 49 28 ett
888 1095 241 40 komplement
1150 1095 52 29 till
1223 1094 193 39 jaktlagen.
1450 1093 51 29 Av
1521 1092 254 38 förordningen

271 1151 157 39 framgår
447 1151 79 29 med
546 1151 44 29 all
609 1150 178 30 önskvärd
806 1149 171 41 tydlighet
996 1151 51 27 att
1066 1149 78 28 dess
1163 1147 217 40 huvudsyfte
1400 1148 37 28 är
1457 1148 50 27 att
1525 1146 129 29 hindra
1673 1145 101 28 miss-

272 1204 91 29 bruk
393 1213 42 21 av
466 1204 222 39 skjutvapen.
732 1203 104 29 Detta
866 1203 64 29 har
961 1202 108 29 också
1099 1199 390 41 departementschefen
1520 1197 255 40 inledningsvis

272 1257 245 29 understrukit
544 1257 12 29 i
582 1256 276 40 propositionen.
898 1256 99 29 Ovan
1025 1255 147 29 berörda
1200 1253 225 30 föreskrifter
1453 1253 65 29 och
1547 1251 228 39 anvisningar

272 1311 148 29 rörande
440 1310 271 39 tillämpningen
731 1319 43 20 av
792 1308 369 40 vapenförordningen
1182 1315 107 31 anger
1309 1306 93 30 klart
1424 1308 50 27 att
1494 1304 218 40 prövningen
1733 1313 43 20 av

272 1363 240 39 ansökningar
532 1372 57 20 om
608 1362 160 30 tillstånd
788 1364 51 27 att
858 1362 130 29 inneha
1009 1361 213 39 skjutvapen
1241 1361 11 28 i
1272 1360 113 29 första
1404 1359 95 29 hand
1520 1358 89 29 skall
1628 1359 35 28 ta
1685 1357 89 29 sikte

271 1417 46 39 på
336 1417 67 29 den
423 1416 174 30 sökandes
616 1416 201 39 personliga
835 1414 298 33 kvalifikationer,
1153 1414 11 29 i
1184 1414 58 29 det
1262 1415 51 27 att
1333 1413 112 29 denne
1467 1411 88 30 skall
1575 1420 85 20 vara
1679 1409 95 30 känd

271 1470 57 29 för
348 1469 197 40 pålitlighet
567 1469 64 30 och
652 1469 190 39 laglydnad
865 1470 91 27 samt
976 1477 84 20 vara
1081 1466 243 39 omdömesgill
1347 1465 64 30 och
1434 1465 101 38 eljest
1557 1463 146 39 lämplig
1724 1464 51 27 att

272 1522 179 30 anförtros
470 1522 154 29 innehav
642 1531 43 20 av
705 1521 224 39 skjutvapen.
961 1521 69 29 För
1050 1520 111 39 övrigt
1182 1528 103 21 anser
1306 1519 171 29 utskottet
1498 1519 50 27 att
1568 1518 68 31 det,
1659 1516 116 29 såsom

272 1577 119 28 vidare
419 1584 107 31 anges
553 1576 11 28 i
591 1575 156 30 nämnda
775 1574 223 30 föreskrifter
1027 1573 65 30 och
1120 1573 238 38 anvisningar,
1388 1573 37 28 är
1454 1570 159 39 lämpligt
1642 1571 51 28 att
1720 1569 55 29 för

273 1629 152 30 innehav
444 1638 43 21 av
505 1629 192 39 jaktvapen
718 1637 76 20 som
814 1628 91 39 regel
925 1626 141 30 fordras
1087 1628 49 27 att
1158 1626 181 29 sökanden
1359 1625 65 29 har
1444 1623 147 39 tillgång
1609 1623 53 29 till
1683 1622 93 39 jakt-

273 1683 150 29 marker.

318 1736 13 28 I
353 1735 101 39 fråga
475 1744 58 20 om
555 1735 67 29 den
644 1734 202 39 föreslagna
868 1732 356 39 decentraliseringen
1247 1741 42 20 av
1312 1731 153 29 ärenden
1489 1739 57 20 om
1568 1729 208 39 hagelgevär

273 1789 65 29 har
367 1787 172 31 utskottet
567 1788 31 39 ej
630 1788 120 29 funnit
780 1787 190 38 anledning
998 1786 53 29 till
1081 1785 141 29 erinran
1253 1784 144 30 särskilt
1427 1793 75 20 som
1531 1781 246 31 decentralise-

272 1842 134 39 ringen,
438 1841 117 30 såsom
584 1840 444 40 besparingsutredningen
1058 1839 64 29 och
1152 1836 390 41 departementschefen
1573 1835 129 33 anfört,
1733 1842 42 21 ur

274 1894 367 40 säkerhetssynpunkt
659 1894 77 29 icke
754 1893 73 29 kan
846 1902 102 20 anses
967 1892 170 29 innebära
1155 1891 116 39 någon
1290 1889 215 39 försämring
1523 1889 11 28 i
1553 1887 223 31 förhållande

272 1948 53 29 till
346 1948 66 29 vad
435 1957 75 20 som
531 1956 48 20 nu
601 1947 118 39 gäller.

318 2000 281 30 Vidkommande
622 1999 258 40 verkskyddets
903 2007 114 30 vapen
1041 1998 64 29 och
1130 1997 237 29 ammunition
1391 1996 64 29 har
1477 1996 11 28 i
1512 1993 265 40 propositionen

274 2054 143 30 särskilt
435 2054 162 29 betonats
615 2053 121 29 vikten
755 2062 42 20 av
816 2054 50 28 att
885 2061 138 30 vapnen
1042 2051 159 29 förvaras
1220 2050 45 39 på
1284 2048 235 40 betryggande
1540 2049 78 32 sätt,
1639 2048 51 28 att
1709 2047 67 29 den

273 2108 181 29 allmänna
486 2106 278 39 medborgerliga
796 2105 244 40 pålitligheten
1072 2104 64 29 hos
1169 2104 68 29 den
1269 2100 397 40 verkskyddspersonal,
1701 2107 76 22 som

273 2170 100 20 avses
396 2160 99 30 skola
518 2160 161 29 använda
699 2168 125 30 vapen,
847 2157 244 40 omsorgsfullt
1114 2157 126 39 prövas
1264 2156 65 29 och
1352 2157 60 32 att,
1437 2156 64 28 när
1523 2153 255 30 civilförsvars-

272 2214 196 39 beredskap
493 2213 30 39 ej
550 2213 111 34 råder,
685 2221 140 30 vapnen
849 2212 76 29 icke
949 2210 179 30 utlämnas
1152 2211 109 27 annat
1285 2210 46 28 än
1355 2208 55 30 för
1432 2208 72 29 viss
1528 2207 129 38 övning
1680 2206 97 29 inom

272 2267 258 40 verkskyddets
555 2275 86 20 ram.
680 2263 399 41 Departementschefen
1105 2263 64 29 har
1197 2262 151 30 sålunda
1374 2261 137 33 uttalat,
1540 2262 50 28 att
1617 2254 160 48 tillstånd

274 2322 52 28 att
346 2320 130 30 inneha
497 2329 112 30 vapen
631 2319 55 29 för
707 2316 390 42 verkskyddsändamål
1117 2316 62 29 bör
1201 2315 124 29 kunna
1347 2315 101 39 göras
1469 2313 172 30 beroende
1664 2321 42 21 av
1728 2312 50 28 att

274 2374 205 30 materielen
504 2373 160 30 förvaras
690 2372 66 29 hos
783 2368 377 34 civilförsvarschefen,
1188 2369 44 29 då
1259 2368 42 29 de
1328 2367 31 39 ej
1390 2367 180 30 användas
1596 2365 56 30 för
1678 2364 101 30 verk-

275 2426 311 41 skyddsändamål,
607 2425 65 30 och
693 2426 62 32 att,
777 2433 58 21 om
855 2432 138 30 vapnen
1015 2422 98 30 skola
1133 2420 262 31 omhänderhas
1417 2429 42 21 av
1479 2428 118 21 annan
1618 2420 46 28 än
1684 2416 95 31 civil-

274 2479 251 34 försvarschef,
549 2479 57 29 det
629 2478 119 29 kunde
773 2486 84 21 vara
881 2476 161 39 lämpligt
1066 2476 50 28 att
1142 2475 123 39 stadga
1289 2474 59 29 det
1371 2473 162 30 villkoret
1557 2474 51 28 att
1633 2471 42 29 de
1700 2470 79 29 när-
