1880 2814
308 157 38 29 16
654 152 403 40 Bevillningsutskottets
1083 149 218 31 betänkande
1326 158 43 20 nr
1395 149 49 29 18.

305 235 221 38 verkningar,
566 243 75 20 som
666 235 71 37 steg
764 232 55 30 för
845 234 72 36 steg
940 232 122 28 kunna
1088 230 207 39 möjliggöra
1320 238 43 20 en
1389 228 142 30 fortsatt
1557 226 173 39 sänkning
1756 234 43 21 av

307 287 263 39 skattetrycket.
592 287 14 29 I
627 286 41 30 de
687 285 223 39 likalydande
930 285 220 29 motionerna
1171 283 28 29 I:
1218 282 61 30 149
1308 282 58 33 (av
1387 281 80 29 herr
1488 280 78 30 Carl
1587 279 78 30 Eric
1686 279 113 29 Erics-

307 349 64 20 son
395 350 44 19 m.
464 340 55 33 fl.)
548 340 66 29 och
639 339 43 29 II:
702 339 59 29 186
792 338 59 33 (av
872 338 80 29 herr
976 338 149 29 Werner
1148 346 45 19 m.
1217 335 54 33 fl.)
1301 334 212 33 hemställes,
1537 335 51 27 att
1612 332 186 38 riksdagen

306 393 81 30 ville
403 393 134 29 besluta
556 392 109 30 sådan
682 392 148 38 ändring
846 391 11 29 i
875 391 250 37 förordningen
1143 398 55 20 om
1217 388 116 39 statlig
1350 386 253 30 inkomstskatt
1622 387 49 27 att
1690 385 109 29 skatt-

308 446 136 39 skyldig
463 446 190 38 berättigas
671 447 49 27 att
738 445 57 28 vid
814 444 156 38 taxering
989 443 52 29 till
1061 443 97 38 dylik
1177 442 93 29 skatt
1289 441 139 38 åtnjuta
1446 439 129 39 avdrag
1595 438 54 29 för
1669 438 129 29 honom

306 499 127 38 påförd
459 498 116 39 statlig
602 497 366 39 förmögenhetsskatt.
995 496 76 29 Vad
1098 495 107 38 angår
1230 492 435 39 kvarlåtenskapsskatten
1692 490 107 29 fram-

308 552 120 29 ställas
454 551 184 39 yrkanden
664 560 55 20 om
745 549 231 30 avskaffande
1001 558 42 20 av
1068 548 115 29 denna
1208 548 94 28 skatt
1326 547 11 28 i
1362 546 41 29 de
1429 544 223 40 likalydande
1676 542 124 30 motio-

308 613 109 20 nerna
437 604 28 29 1:
484 604 38 29 12
547 603 59 33 (av
623 604 79 28 herr
720 603 112 29 Domö
850 612 45 19 m.
914 602 54 33 fl.)
992 602 65 29 och
1076 601 46 29 II:
1141 600 37 30 10
1202 600 59 33 (av
1278 600 81 29 herr
1377 598 108 30 andre
1502 598 74 29 vice
1595 597 203 29 talmannen

308 656 178 39 Skoglund
506 666 46 20 m.
575 656 55 32 fl.)
656 658 88 27 samt
763 656 11 29 i
793 656 42 29 de
856 655 222 39 likalydande
1099 653 219 29 motionerna
1338 652 28 29 I:
1386 652 57 29 101
1472 651 59 33 (av
1550 651 81 28 herr
1651 649 148 38 Heiding

307 719 47 20 m.
371 710 54 33 f1.)
445 710 65 29 och
528 709 46 29 II:
594 709 59 29 116
676 709 57 32 (av
748 709 81 28 herr
845 708 118 39 Norup
979 717 45 19 m.
1042 706 71 34 f1.).
1132 706 124 30 Vidare
1272 705 202 29 hemställes
1489 704 12 29 i
1517 704 41 29 de
1576 701 222 40 likalydande

307 762 219 29 motionerna
548 762 29 29 I:
595 762 62 29 216
683 761 58 33 (av
760 761 81 29 herr
862 760 155 39 Bergvall
1038 769 46 20 m.
1105 759 54 34 fl.)
1183 759 64 29 och
1267 759 45 28 II:
1330 758 62 29 270
1420 757 57 33 (av
1496 757 82 29 herr
1599 756 106 29 förste
1725 754 73 30 vice

307 816 204 28 talmannen
527 815 190 29 Carlström
734 824 45 19 m.
796 814 71 33 fl1.),
884 815 49 28 att
949 813 187 38 riksdagen
1151 812 107 29 måtte
1274 812 11 28 i
1302 811 165 30 skrivelse
1483 810 52 29 till
1551 808 125 39 Kungl.
1692 807 106 39 Maj:t

307 868 142 29 anhålla
465 877 56 20 om
539 867 187 39 utredning
741 867 150 29 rörande
907 876 43 19 en
965 866 159 29 moderat
1140 865 147 38 höjning
1305 873 41 20 av
1363 861 435 38 arvslottsbeskattningen

308 923 92 27 samt
418 920 261 39 framläggande
698 920 53 30 för
769 920 187 38 riksdagen
974 928 42 20 av
1033 919 75 29 dels
1127 918 40 29 de
1187 918 140 38 förslag,
1346 916 114 30 vartill
1479 915 232 37 utredningen
1727 913 72 29 kan

308 973 190 34 föranleda,
522 973 76 30 dels
622 973 64 29 ock
710 973 11 29 i
745 973 170 29 samband
940 972 144 29 därmed
1110 971 129 38 förslag
1263 980 57 20 om
1347 967 452 39 kvarlåtenskapsskattens

308 1026 242 29 avskaffande.

355 1133 119 29 Såsom
491 1132 157 38 framgår
665 1141 41 20 av
723 1132 67 29 den
806 1140 90 21 ovan
913 1131 162 29 lämnade
1092 1129 243 39 redogörelsen
1353 1128 141 29 väcktes
1512 1126 110 30 redan
1638 1125 57 29 vid
1715 1123 84 31 1948

309 1185 57 30 års
393 1185 140 39 riksdag
559 1185 95 29 vissa
678 1184 182 33 motioner,
889 1184 73 28 vari
986 1183 151 39 yrkades
1165 1182 165 29 skrivelse
1357 1181 52 29 till
1435 1179 126 39 Kungl.
1589 1178 104 39 Maj:t
1719 1177 81 29 med

311 1238 208 29 hemställan
546 1247 58 20 om
633 1247 43 20 en
704 1237 186 38 utredning
919 1236 148 30 rörande
1097 1236 57 28 det
1182 1235 159 38 gällande
1372 1233 300 38 skattesystemets
1700 1230 100 30 verk-

312 1290 121 39 ningar
452 1291 11 28 i
483 1291 93 29 vissa
597 1290 203 29 avseenden.
821 1289 108 30 Dessa
948 1289 173 29 motioner
1140 1287 180 30 lämnades
1340 1296 42 20 av
1400 1286 189 38 riksdagen
1607 1284 43 40 på
1669 1283 131 38 förslag

310 1352 42 21 av
378 1353 132 20 samma
535 1343 58 29 års
619 1342 344 39 bevillningsutskott
989 1344 86 27 utan
1100 1341 131 38 åtgärd.
1263 1339 83 30 1948
1372 1339 56 30 års
1454 1337 346 39 bevillningsutskott

310 1396 164 29 framhöll
492 1396 204 33 emellertid,
714 1398 50 27 att
781 1396 58 29 det
857 1404 68 30 nya
943 1395 282 38 skattesystemet
1242 1393 11 29 i
1270 1392 176 39 åtskilliga
1463 1390 225 30 hänseenden
1703 1390 98 28 inne-

307 1448 86 30 bure
414 1448 266 39 betydelsefulla
700 1448 246 38 förändringar
966 1448 11 28 i
997 1447 204 39 jämförelse
1220 1446 79 29 med
1322 1446 57 29 det
1400 1443 249 31 förutvarande
1673 1442 128 30 skatte-

310 1504 175 36 systemet,
504 1502 66 29 och
589 1502 80 29 sade
687 1502 49 38 sig
752 1502 76 29 icke
847 1501 84 38 vilja
947 1500 164 33 bestrida,
1129 1501 49 28 att
1195 1499 78 29 med
1289 1499 138 38 hänsyn
1444 1497 118 30 därtill
1578 1506 44 19 en
1638 1496 162 29 närmare

307 1554 183 39 belysning
514 1564 43 20 av
582 1554 58 30 det
665 1564 66 29 nya
757 1554 301 38 skattesystemets
1083 1552 210 39 verkningar
1319 1552 55 29 för
1398 1551 76 29 vårt
1500 1548 230 31 ekonomiska
1754 1547 47 29 liv

310 1607 113 30 skulle
448 1608 121 28 kunna
595 1616 100 20 anses
721 1607 186 29 önskvärd.
934 1607 67 28 För
1026 1605 314 30 åstadkommande
1366 1613 42 20 av
1433 1613 43 20 en
1499 1602 187 38 utredning
1712 1601 89 29 efter

308 1660 178 39 objektiva
514 1660 153 39 grunder
695 1660 106 38 ansåg
831 1660 88 28 dock
947 1659 171 29 utskottet
1148 1657 262 38 ofrånkomligt,
1439 1658 50 27 att
1518 1654 283 40 skattesystemet

309 1713 90 29 först
424 1713 109 30 under
560 1713 115 38 någon
699 1713 49 29 tid
774 1712 111 30 måste
910 1712 87 29 hava
1022 1712 90 29 varit
1136 1711 11 29 i
1171 1710 233 39 tillämpning.
1430 1709 48 29 På
1502 1708 114 40 grund
1640 1717 41 20 av
1705 1707 97 29 inom

308 1766 261 38 produktionen
592 1766 152 29 rådande
769 1765 180 30 onormala
975 1764 244 30 förhållanden
1242 1764 80 29 med
1346 1763 87 29 brist
1457 1762 45 39 på
1524 1762 45 29 bl.
1594 1770 29 20 a.
1648 1760 153 32 råvaror,

308 1819 168 29 elektrisk
498 1819 97 29 kraft
620 1819 64 29 och
707 1819 138 29 bränsle
870 1818 110 29 skulle
1003 1818 108 38 enligt
1133 1817 188 29 utskottets
1344 1816 141 38 mening
1508 1824 44 20 en
1574 1814 45 29 då
1641 1812 161 30 beslutad

310 1872 263 38 undersökning
595 1872 147 29 rörande
764 1872 58 29 det
845 1881 64 29 nya
934 1871 299 38 skattesystemets
1255 1869 212 38 verkningar
1488 1867 80 30 med
1592 1866 167 30 avseende
1782 1865 20 29 å

309 1925 260 38 produktionen
595 1925 120 29 kunna
740 1925 77 38 giva
841 1926 49 27 ett
914 1923 231 30 missvisande
1170 1922 156 30 resultat.
1352 1922 48 29 På
1425 1921 113 39 grund
1564 1920 107 29 därav
1694 1918 107 38 ansåg

311 1978 51 38 sig
382 1978 169 29 utskottet
569 1995 46 3 —
632 1980 86 27 trots
738 1978 53 29 sin
809 1977 218 39 principiella
1046 1975 202 39 anslutning
1267 1976 53 28 till
1340 1975 130 29 tanken
1489 1973 46 39 på
1553 1982 43 20 en
1615 1972 187 37 utredning

309 2030 11 29 i
343 2030 94 30 detta
458 2031 101 29 ämne
581 2030 58 29 vid
660 2030 141 39 lämplig
823 2029 165 39 tidpunkt
1008 2047 44 3 —
1071 2029 76 29 icke
1166 2028 120 32 kunna
1307 2027 175 39 tillstyrka
1503 2026 100 30 bifall
1623 2026 51 29 till
1695 2025 41 29 de
1757 2023 45 30 då

309 2084 126 29 väckta
455 2083 230 29 motionerna.

356 2137 78 29 Med
452 2136 170 30 avseende
643 2136 18 29 å
681 2136 40 29 de
743 2135 254 33 förhållanden,
1020 2144 74 20 som
1115 2135 38 29 år
1176 2134 82 29 1948
1277 2133 213 39 åberopades
1510 2132 52 30 till
1585 2131 76 30 stöd
1680 2130 54 30 för
1753 2131 49 28 ett

310 2189 265 39 uppskjutande
601 2198 41 20 av
667 2189 113 29 denna
805 2188 229 39 omprövning
1061 2188 71 28 kan
1157 2187 113 39 någon
1298 2187 110 29 större
1433 2186 149 37 ändring
1606 2185 71 29 inte
1702 2184 100 38 sägas

310 2242 46 30 ha
382 2243 132 29 inträtt.
552 2241 13 30 Å
591 2241 108 29 andra
725 2241 101 30 sidan
850 2241 44 29 ha
918 2240 297 39 omständigheter
1239 2239 204 30 tillkommit
1467 2248 74 20 som
1566 2238 167 29 motivera
1759 2245 44 21 en

309 2295 149 39 översyn
482 2304 42 20 av
548 2295 42 29 de
615 2295 92 29 olika
734 2294 293 29 skatteformerna
1052 2293 11 29 i
1087 2295 49 27 ett
1161 2292 264 39 sammanhang.
1449 2292 81 29 Som
1555 2291 76 29 stöd
1656 2290 54 29 för
1734 2289 69 30 den

311 2348 229 30 ekonomiska
582 2347 422 39 stabiliseringspolitiken
1039 2346 64 29 har
1133 2355 42 20 en
1204 2345 194 39 betydande
1428 2343 303 38 överbalansering
1761 2351 42 20 av

309 2400 174 39 budgeten
507 2402 135 27 ansetts
666 2399 208 39 nödvändig,
898 2399 62 29 och
985 2399 66 29 den
1076 2399 63 28 har
1163 2398 270 30 åstadkommits
1457 2404 124 32 genom
1606 2406 43 20 en
1671 2395 132 38 kraftig
