1872 2784
561 167 325 36 Bankoutskottets
908 166 181 35 memorial
1111 178 43 22 nr
1177 168 31 32 1.
1611 167 21 30 3

141 403 277 42 Berättelse
455 402 78 41 till
569 399 416 43 bankoutskottet
1013 397 259 52 angående
1300 395 334 42 riksbankens

422 473 240 49 tillstånd,
690 471 188 42 rörelse
908 470 92 42 och
1029 468 323 52 förvaltning.

192 610 148 34 Jämlikt
355 609 180 35 föreskrift
550 609 11 34 i
577 613 43 30 37
638 608 14 39 $
671 608 100 42 lagen
787 607 55 35 för
857 606 157 43 Sveriges
1030 604 187 36 Riksbank
1232 604 37 34 få
1284 602 221 43 fullmäktige
1522 601 10 35 i
1549 601 87 35 riks-

146 663 138 34 banken
300 663 147 34 härmed
465 662 52 34 till
536 661 299 35 bankoutskottet
852 660 129 42 avgiva
999 659 188 34 berättelse
1205 657 181 43 angående
1404 655 231 36 riksbankens

145 716 170 40 tillstånd,
333 716 125 34 rörelse
476 715 66 34 och
559 714 217 43 förvaltning
793 713 112 35 under
923 714 38 33 år
981 716 99 30 1953.

464 829 412 36 Överenskommelserna
896 828 82 34 med
997 827 316 35 kreditinstituten.

194 903 19 33 I
232 902 214 35 berättelsen
466 902 53 34 till
541 905 87 31 1953
650 902 55 33 års
726 900 158 43 riksdags
905 898 262 36 bankoutskott
1187 896 206 44 redogjorde
1415 895 221 43 fullmäktige

147 955 54 35 för
217 956 42 34 de
274 955 368 39 överenskommelser,
658 966 76 22 som
749 954 11 33 i
777 953 126 43 början
920 965 46 22 av
984 955 87 31 1952
1089 950 170 35 träffades
1276 950 130 34 mellan
1422 948 216 36 riksbanken

149 1008 65 35 och
236 1008 307 34 kreditinstituten
567 1007 180 43 angående
771 1006 94 35 vissa
888 1004 284 45 kreditpolitiska
1196 1003 175 44 åtgärder,
1396 1015 75 22 som
1496 1001 142 44 syftade

149 1062 53 34 till
217 1074 43 22 en
276 1061 235 42 stabilisering
527 1073 46 22 av
588 1059 294 45 penningvärdet.

195 1117 101 34 Vissa
315 1115 161 45 problem
495 1115 11 34 i
526 1113 174 36 samband
720 1113 81 34 med
822 1111 270 43 finansieringen
1114 1123 46 22 av
1180 1109 213 35 framförallt
1415 1108 223 35 Stockholms

149 1170 97 35 stads
265 1182 82 22 men
367 1172 90 31 även
477 1167 111 35 andra
606 1167 227 34 kommuners
853 1165 207 39 lånebehov,
1081 1164 168 34 fortsatta
1269 1162 217 43 svårigheter
1507 1160 132 36 beträf-

149 1223 105 34 fande
272 1235 43 22 en
331 1220 327 37 tillfredsställande
675 1219 228 43 finansiering
920 1231 46 21 av
984 1216 351 44 bostadsbyggandet
1354 1220 93 30 samt
1466 1215 60 34 det
1545 1215 94 34 olika

151 1275 242 43 mottagande,
415 1287 76 22 som
511 1273 232 35 kommunlån
764 1272 66 35 och
851 1271 212 35 industrilån
1085 1273 113 31 mötte
1219 1270 47 43 på
1287 1268 230 40 marknaden,
1539 1267 67 35 och
1628 1267 11 34 i

150 1328 171 35 samband
345 1327 146 35 därmed
515 1326 236 35 diskussioner
775 1325 149 35 rörande
948 1322 422 43 räntedifferentieringen
1394 1322 127 34 mellan
1546 1321 94 34 olika

152 1383 184 42 lånetyper
354 1381 66 34 och
440 1380 132 34 dennas
592 1379 171 34 inverkan
782 1379 48 43 på
848 1377 269 43 möjligheterna
1137 1381 55 29 att
1211 1376 140 43 placera
1371 1375 43 34 de
1433 1375 93 34 olika
1545 1375 95 33 låne-

152 1440 150 38 typerna
323 1434 48 43 på
393 1432 218 35 marknaden
635 1444 48 22 m.
696 1431 37 34 fl.
756 1430 301 43 omständigheter
1080 1429 203 34 föranledde
1306 1428 114 34 under
1442 1428 108 34 våren
1575 1426 67 35 och

152 1488 254 34 försommaren
425 1490 86 30 1953
528 1485 221 42 fullmäktige
765 1489 56 29 att
837 1485 54 33 till
908 1483 214 42 behandling
1138 1486 158 39 upptaga
1312 1481 80 34 hela
1410 1479 234 36 kreditmark-

152 1540 271 43 nadspolitiken.
439 1539 112 42 Läget
568 1538 186 43 påkallade
772 1537 109 43 enligt
899 1536 238 42 fullmäktiges
1156 1534 232 40 bedömande,
1407 1539 55 29 att
1480 1537 162 31 överens-

151 1593 255 35 kommelserna
424 1592 80 34 med
521 1591 364 42 försäkringsbolagen
902 1610 47 5 —
966 1602 75 21 som
1059 1589 54 33 till
1131 1588 150 35 skillnad
1298 1587 80 34 från
1396 1586 246 35 överenskom-

151 1647 170 34 melserna
336 1645 82 34 med
433 1645 121 43 övriga
569 1644 262 34 kreditinstitut
847 1642 175 35 innehöllo
1039 1655 42 22 en
1097 1640 379 45 uppsägningsklausul
1492 1660 46 5 —
1552 1652 90 31 upp-

155 1700 111 34 sades.
289 1699 47 34 Så
358 1698 132 34 skedde
514 1698 68 34 den
608 1701 39 30 11
673 1697 87 43 juni,
784 1697 67 34 och
874 1695 364 43 försäkringsbolagen
1262 1694 67 34 och
1353 1694 121 42 övriga
1497 1693 146 34 institut

152 1752 161 43 inbjödos
332 1752 54 34 till
405 1764 71 30 nya
494 1751 290 42 överläggningar
802 1750 55 34 för
875 1749 144 34 lösande
1039 1761 46 22 av
1104 1747 157 35 nämnda
1280 1747 171 44 problem.

200 1807 114 34 Sedan
334 1805 338 42 överläggningarna
693 1803 186 39 avslutats,
900 1801 283 43 offentliggjorde
1204 1800 222 43 fullmäktige
1448 1799 67 34 den
1538 1803 20 30 9
1578 1799 65 43 juli

158 1864 85 30 1953
271 1858 231 35 riksbankens
529 1857 131 42 förslag
685 1856 52 33 till
764 1855 276 43 komplettering
1066 1854 66 34 och
1160 1853 149 42 ändring
1336 1866 46 21 av
1410 1853 46 33 då
1481 1852 162 43 gällande

153 1911 356 36 överenskommelser
526 1909 82 34 med
627 1909 132 34 banker
777 1908 66 34 och
862 1907 330 42 försäkringsbolag.

201 1965 231 36 Riksbanken
452 1964 141 43 syftade
612 1963 81 34 med
712 1963 63 33 sitt
795 1962 131 42 förslag
944 1960 126 34 främst
1089 1960 53 33 till
1163 1972 41 21 en
1225 1958 111 35 sådan
1356 1958 222 43 prioritering
1599 1970 45 22 av

154 2019 270 42 finansieringen
448 2030 45 21 av
518 2015 420 44 bostadsproduktionen,
963 2018 55 29 att
1043 2013 60 34 det
1127 2012 188 43 planerade
1341 2011 304 43 bostadsbyggan-

158 2073 59 34 det
237 2072 110 34 skulle
367 2071 122 33 kunna
510 2069 169 42 fullföljas
700 2073 88 29 utan
809 2072 56 30 att
886 2066 334 42 kreditsvårigheter
1241 2065 79 34 lade
1341 2064 124 34 hinder
1486 2064 11 33 i
1519 2067 125 39 vägen.

155 2126 112 33 Detta
286 2125 114 33 måste
420 2124 144 32 komma
585 2127 55 29 att
660 2121 159 34 medföra
840 2133 43 22 en
903 2120 204 43 ytterligare
1129 2118 237 42 åtstramning
1387 2130 44 21 av
1452 2117 192 42 kreditgiv-

158 2178 126 42 ningen
310 2177 47 42 på
383 2176 110 34 andra
519 2175 180 34 områden.
725 2173 237 42 Fullmäktige
988 2171 232 35 underströko
1249 2170 91 34 dock
1367 2170 194 42 samtidigt,
1590 2174 55 29 att

157 2230 113 34 denna
285 2228 223 44 prioritering
524 2228 10 33 i
550 2226 317 35 kredithänseende
885 2238 45 21 av
951 2223 404 43 bostadsproduktionen
1373 2223 75 33 icke
1466 2222 93 42 finge
1576 2222 69 33 för-

159 2282 135 38 anleda,
321 2286 56 29 att
403 2281 205 33 densamma
634 2279 140 33 komme
802 2283 56 29 att
884 2277 175 42 överstiga
1086 2276 43 34 de
1155 2275 117 35 härför
1298 2275 217 42 tillgängliga
1543 2275 102 33 reella

157 2346 208 22 resurserna.

203 2387 231 35 Beträffande
462 2384 270 42 finansieringen
760 2396 44 21 av
834 2381 350 43 bostadsbyggandet
1211 2380 147 34 innebar
1386 2380 176 41 förslaget,
1590 2384 56 29 att

157 2441 178 35 bankerna
350 2440 10 33 i
375 2439 136 43 princip
526 2438 110 34 skulle
652 2437 102 34 ställa
769 2435 223 41 erforderliga
1009 2433 337 44 byggnadskreditiv
1361 2433 52 33 till
1429 2432 217 43 förfogande.

161 2496 111 33 Detta
299 2493 111 34 skulle
439 2491 133 43 betyda
600 2503 41 21 en
671 2490 168 41 återgång
868 2489 49 33 till
949 2488 145 42 tidigare
1124 2486 159 43 gällande
1312 2485 243 34 förhållanden
1586 2485 60 34 vid
