2210 2638
407 139 19 31 S
822 138 343 31 Jordbruksutskottlets
1188 137 163 31 utlåtande
1376 137 52 30 Nr
1450 138 50 31 40.

363 217 105 36 torde
500 217 120 47 enligt
649 216 204 36 utskottets
882 216 245 36 förmenande
1156 216 189 48 knappast
1372 228 89 22 vara
1488 215 162 49 möjligt.
1707 214 84 36 Med
1819 214 144 36 visshet

363 269 106 36 torde
509 268 97 36 dock
646 268 128 35 kunna
815 272 122 43 sägas,
976 272 53 31 att
1057 280 46 22 en
1133 267 103 49 dylik
1266 266 135 48 åtgärd
1430 266 118 37 skulle
1577 266 245 49 synnerligen
1850 271 113 42 tungt

364 320 143 37 drabba
535 325 54 31 ett
616 320 84 36 icke
726 320 110 47 ringa
864 319 100 36 antal
991 331 180 36 personer
1198 332 43 22 ur
1269 330 47 24 en
1345 317 360 50 befolkningsklass,
1734 330 85 24 vars
1848 317 116 36 hårda

365 372 70 36 och
476 376 248 32 strävsamma
765 371 128 36 arbete
929 371 11 35 i
970 370 199 48 odlingens
1198 370 115 48 tjänst
1341 369 62 35 väl
1431 382 112 36 synes
1573 370 165 49 förtjäna
1766 370 72 36 den
1867 382 95 35 upp-

365 429 189 37 muntran,
585 436 81 23 som
695 423 125 47 ligger
846 422 13 36 i
886 421 247 50 möjligheten
1162 427 54 30 att
1243 427 79 30 mot
1341 434 47 23 en
1408 421 81 36 icke
1510 421 127 36 alltför
1656 422 79 48 hög
1749 421 216 47 ersättning

364 475 130 36 kunna
527 474 175 36 förvärva
735 474 270 48 äganderätten
1034 473 56 36 till
1120 473 72 36 den
1220 476 37 33 åt
1286 473 85 36 dem
1400 472 180 49 upplåtna
1609 474 166 36 marken.
1831 472 132 37 Ehuru

365 527 182 35 utskottet
587 525 206 48 ingalunda
835 525 160 37 förbiser
1022 525 46 36 de
1097 525 256 49 olägenheter,
1383 537 80 23 som
1491 529 62 31 äro
1581 524 179 37 förenade
1788 525 84 36 med
1902 523 62 36 det

365 591 52 22 nu
445 577 218 49 tillämpade
692 583 195 42 systemet,
917 590 107 23 anser
1053 577 62 48 sig
1141 576 184 36 utskottet
1354 575 155 36 sålunda
1536 575 96 47 icke,
1653 576 174 36 försåvitt
1846 578 118 46 angår

365 629 142 36 sådana
550 629 222 46 kronoåbor,
818 628 104 36 vilka
967 629 128 35 kunna
1142 634 157 42 antagas
1347 627 118 48 själva
1505 627 121 36 bruka
1669 627 72 36 den
1781 629 184 48 upplåtna

367 681 167 46 marken,
563 681 129 35 kunna
720 680 188 49 tillstyrka
935 680 251 49 upphävande
1214 693 46 22 av
1288 680 72 36 den
1389 679 114 36 sedan
1523 678 264 37 århundraden
1807 680 158 36 tillbaka

366 732 230 49 förefintliga
632 736 123 32 rätten
788 737 55 30 att
866 735 49 45 på
942 732 95 36 visst
1065 736 77 31 sätt
1170 731 68 36 och
1267 731 120 36 under
1414 730 102 36 vissa
1543 730 138 36 villkor
1710 730 35 36 få
1773 731 73 36 den
1876 731 86 36 bru-

366 784 97 36 kade
488 784 137 48 jorden
654 784 93 48 köpt
774 784 90 35 eller
892 783 146 36 omförd
1066 783 58 36 till
1152 783 135 36 skatte.

496 835 248 36 Annorlunda
772 835 128 36 ställer
928 835 62 48 sig
1016 835 172 36 däremot
1215 834 128 47 saken,
1374 834 47 36 då
1448 834 108 49 fråga
1584 839 42 30 är
1650 847 60 22 om
1739 833 115 48 bolag
1874 834 91 36 eller

368 888 114 35 andra
523 887 83 36 icke
648 886 245 37 individuella
921 886 259 49 rättssubjekt.
1236 886 86 36 Alla
1352 886 46 36 de
1432 886 80 35 skäl
1541 899 47 23 av
1618 885 117 36 social
1763 885 89 35 eller
1879 893 86 28 rent

366 939 195 48 personlig
601 944 69 41 art,
714 951 81 23 som
834 938 46 36 då
908 938 63 36 det
999 938 121 47 gäller
1148 937 168 37 enskilda
1344 950 179 36 personer
1550 937 84 36 icke
1664 937 127 35 kunna
1818 937 147 36 lämnas

367 986 219 56 obeaktade,
629 967 176 59 bortfalla
846 990 67 36 här
954 967 251 70 fullständigt.
1260 989 61 36 Av
1362 989 339 48 författningarnas
1729 988 236 48 ordalydelse

367 1042 105 36 torde
500 1042 71 36 ock
598 1041 87 37 med
715 1041 189 37 önskvärd
937 1041 187 49 tydlighet
1152 1014 158 80 framgå,
1342 1046 53 31 att
1422 1018 240 71 lagstiftaren
1690 1040 83 36 med
1801 1040 165 36 bestäm-

367 1094 186 36 melserna
582 1106 60 23 om
672 1093 199 48 skatteköp
900 1093 68 36 och
996 1093 315 48 skatteomföring
1338 1092 237 37 uteslutande
1594 1092 142 48 åsyftat
1755 1097 55 30 att
1828 1091 138 36 bereda

367 1158 48 23 en
455 1146 148 35 förmån
645 1147 37 34 åt
724 1144 140 37 sådana
896 1145 212 36 kronoåbor
1145 1144 69 36 och
1252 1144 236 49 nybyggare,
1517 1144 104 36 vilka
1650 1144 119 49 själva
1795 1143 171 36 bebodde

367 1197 72 36 och
479 1196 169 37 brukade
689 1196 72 37 den
803 1197 181 49 upplåtna
1012 1196 169 36 marken.
1236 1197 68 35 Att
1332 1209 143 23 samma
1502 1196 147 36 förmån
1673 1195 143 49 jämväl
1845 1194 121 36 skulle

366 1248 212 37 tillkomma
619 1248 115 48 bolag
774 1249 70 35 och
887 1248 115 36 andra
1042 1247 129 49 dylika
1211 1248 155 36 särskilt
1407 1247 148 36 bildade
1582 1246 251 48 rättssubjekt
1861 1247 105 35 torde

369 1300 168 36 däremot
566 1300 215 47 säkerligen
808 1300 99 35 hava
934 1300 95 36 varit
1056 1299 240 47 lagstiftaren
1326 1299 232 48 fullkomligt
1586 1299 154 48 fjärran.

498 1352 56 35 Då
583 1354 124 33 såsom
736 1352 277 36 motionärerna
1040 1351 166 49 påpekat
1234 1351 62 36 det
1324 1364 49 22 nu
1403 1351 214 49 tillämpade
1641 1350 235 48 skatteköps-
1897 1350 69 36 och

370 1402 569 49 skatteomföringsförfarandet
980 1403 81 36 icke
1105 1403 118 36 sällan
1260 1416 79 23 mer
1367 1403 89 36 eller
1483 1403 146 35 mindre
1659 1402 56 36 får
1741 1401 226 36 karaktären

370 1468 47 22 av
446 1468 44 23 en
520 1457 99 46 gåva
648 1456 82 35 från
759 1460 143 31 statens
930 1455 91 46 sida,
1051 1455 70 35 och
1150 1454 61 36 det
1239 1455 80 36 icke
1347 1455 95 35 lärer
1469 1454 128 36 kunna
1627 1466 108 23 anses
1763 1466 89 22 vara
1881 1453 85 36 med

371 1512 142 31 statens
555 1506 121 36 fördel
718 1506 193 49 förenligt,
949 1511 54 31 att
1031 1506 142 36 sådana
1201 1506 113 36 oftast
1342 1506 238 36 ekonomiskt
1609 1504 244 50 synnerligen
1882 1504 84 36 bär-

370 1559 166 47 kraftiga
564 1558 387 48 sammanslutningar
978 1571 81 23 som
1087 1558 116 48 bolag
1231 1558 69 36 och
1330 1558 220 47 föreningar
1577 1557 87 36 med
1685 1556 84 37 stöd
1790 1569 46 22 av
1857 1556 111 36 dessa

369 1610 128 47 gamla
533 1609 272 49 författningar
843 1614 117 31 sättas
988 1610 10 35 1
1028 1609 150 37 tillfälle
1208 1615 51 30 att
1288 1609 55 36 till
1371 1609 197 49 underpris
1599 1609 176 36 förvärva
1802 1608 164 48 ägande-

369 1666 124 32 rätten
531 1661 56 36 till
625 1667 143 30 statens
790 1661 100 48 jord,
921 1674 107 23 anser
1055 1662 187 35 utskottet
1270 1662 11 35 i
1309 1660 120 37 likhet
1457 1661 83 36 med
1569 1661 281 35 motionärerna
1879 1672 88 36 syn-

371 1714 170 47 nerligen
584 1713 214 48 angeläget,
841 1719 55 30 att
934 1713 81 35 från
1056 1713 312 35 statsmakternas
1397 1712 79 36 sida
1505 1712 179 49 åtgärder
1711 1716 147 31 snarast
1885 1711 82 36 vid-

371 1772 110 41 tagas
509 1764 56 36 till
594 1764 309 37 förekommande
932 1777 46 23 av
1006 1770 54 30 att
1089 1764 120 49 dylikt
1237 1764 58 36 för
1324 1764 199 36 framtiden
1542 1764 132 36 vidare
1695 1765 59 34 må
1773 1768 73 42 äga
1860 1763 106 35 rum.”

499 1816 206 46 Utskottet,
734 1829 80 23 som
844 1816 102 36 delar
973 1816 72 36 den
1074 1816 260 48 uppfattning,
1365 1829 80 22 som
1474 1829 45 22 av
1549 1818 98 34 1912
1674 1818 58 33 års
1747 1814 223 49 jordbruks-

371 1868 146 36 utskott
546 1867 157 37 sålunda
731 1868 166 47 uttalats,
926 1867 217 37 hemställer
1172 1868 119 47 alltså,

903 1976 54 31 att
983 1971 204 49 riksdagen
1214 1972 12 35 1
1255 1971 206 48 anledning
1493 1984 46 22 av
1561 1970 244 37 förevarande
1825 1970 142 36 motion

773 2026 60 33 må
873 2024 12 35 i
926 2023 182 36 skrivelse
1150 2023 56 36 till
1238 2023 142 48 Kungl.
1410 2023 104 49 Maj:t
1542 2022 162 47 anhålla,
1734 2021 60 37 det
1822 2021 146 36 täcktes

773 2075 141 48 Kungl.
956 2074 120 49 Maj:t,
1118 2074 114 37 sedan
1273 2079 171 32 närmare
1483 2074 109 36 blivit
1632 2078 127 42 utrett,
1801 2074 11 35 i
1841 2073 126 36 vilken

773 2126 230 49 omfattning
1030 2126 217 49 kronojord,
1267 2140 81 22 som
1367 2126 74 36 kan
1462 2126 98 36 bliva
1580 2125 156 37 föremål
1755 2125 58 36 för
1828 2125 140 36 skatte-

773 2178 74 49 köp
889 2178 88 37 eller
1019 2178 327 49 skatteomföring,
1388 2177 205 37 innehaves
1639 2191 48 22 av
1729 2177 124 48 bolag,
1901 2176 67 36 för-

773 2230 158 48 eningar
972 2230 90 36 eller
1104 2229 117 36 andra
1262 2230 127 49 dylika
1429 2229 258 49 rättssubjekt,
1728 2234 89 43 taga
1849 2228 120 36 under
