1895 2823
415 165 450 33 Konstilutionsutskottets
888 169 218 31 betänkande
1127 180 43 20 nr
1190 171 41 29 20
1252 171 39 30 år
1313 172 84 29 1968
1609 171 40 30 45

167 243 100 30 träda
287 253 74 21 som
383 246 177 29 ersättare.
583 247 64 29 Det
669 248 106 38 gäller
796 250 50 28 att
866 250 75 29 lösa
962 250 274 39 ersättarfrågan
1257 251 44 39 på
1322 251 56 30 det
1402 252 68 29 sätt
1492 261 75 20 som
1588 252 63 29 har

166 296 40 30 de
232 298 129 30 största
384 298 293 42 förutsättningar
703 303 49 28 att
777 304 77 28 rent
880 303 175 39 praktiskt
1081 304 147 40 fungera
1253 304 110 30 under
1389 305 41 30 de
1456 305 101 30 svåra
1583 305 69 30 för-

166 350 189 31 hållanden
373 352 56 30 det
449 353 38 29 är
505 353 99 41 fråga
622 364 67 20 om.
709 355 75 30 Den
803 356 80 30 från
902 356 115 31 denna
1036 358 180 39 synpunkt
1234 359 98 30 bästa
1352 359 183 40 lösningen
1552 359 99 30 torde

163 414 83 21 vara
274 407 49 28 att
349 407 71 29 låta
446 407 336 41 krigsdelegationen
809 410 90 39 själv
925 411 167 31 förordna
1117 421 116 20 annan
1259 412 315 40 riksdagsledamot
1601 415 50 28 att

164 459 140 30 inträda
323 460 11 29 i
356 461 114 30 stället
492 462 54 29 för
567 462 151 30 ledamot
740 472 74 21 som
835 464 130 30 avlider
986 465 82 30 eller
1089 465 54 31 får
1163 466 174 40 varaktigt
1359 466 129 31 förfall.
1510 467 140 40 Delega-

163 513 121 30 tionen
303 514 64 29 har
389 515 44 29 då
453 515 62 30 300
539 516 10 29 i
572 517 113 29 stället
707 517 53 30 för
781 518 41 29 50
844 518 190 30 ledamöter
1056 521 49 28 att
1125 520 95 39 välja
1240 520 116 30 bland.
1379 521 198 40 Uppdraget
1601 523 49 28 att

163 567 81 40 ingå
264 568 12 29 i
296 568 239 40 delegationen
555 570 158 30 kommer
733 572 105 30 också
858 574 49 28 att
926 582 84 21 vara
1028 573 124 30 knutet
1172 574 52 29 till
1245 574 65 30 den
1331 584 42 20 en
1394 575 89 40 gång
1503 575 147 30 utsedda

162 621 259 39 delegationens
446 623 123 34 beslut,
597 626 84 28 utan
706 625 182 39 möjlighet
914 628 49 27 att
989 627 103 39 legalt
1118 627 152 30 etablera
1294 637 43 20 en
1361 628 289 30 konkurrerande

164 674 119 31 sådan.
302 676 65 29 Det
385 676 54 30 får
458 677 206 31 förutsättas
684 680 49 28 att
752 679 337 41 krigsdelegationen
1107 681 12 29 i
1137 681 108 40 görlig
1264 682 82 29 mån
1364 682 144 30 beaktar
1526 683 123 29 intres-

163 730 52 28 set
232 739 43 20 av
291 739 42 19 en
350 730 107 40 riktig
473 731 301 40 partifördelning.
794 733 178 31 Särskilda
990 734 219 30 föreskrifter
1228 735 124 30 härom
1369 736 71 29 kan
1457 737 193 30 emellertid

162 782 73 30 inte
252 783 145 30 införas.
418 785 174 29 Utskottet
612 785 146 30 föreslår
778 789 49 27 att
849 787 37 29 73
909 788 15 36 3
944 788 354 40 riksdagsordningen
1320 789 128 30 ändras
1467 790 11 29 i
1497 791 151 39 enlighet

162 836 80 29 med
266 837 56 29 det
348 837 115 40 sagda.

206 890 49 30 De
280 890 197 41 föreslagna
501 892 236 40 ändringarna
759 894 62 30 bör
845 895 221 39 genomföras
1090 896 108 29 redan
1224 896 93 30 1969.
1343 897 174 30 Utskottet
1542 898 106 29 fram-

164 943 115 40 lägger
297 944 120 30 därför
436 945 129 30 dubbla
584 947 139 39 förslag,
743 949 47 28 ett
810 957 73 20 som
902 949 112 30 införs
1032 949 11 29 i
1062 949 42 30 de
1121 952 110 27 texter
1250 959 75 21 som
1344 951 89 29 skall
1452 952 90 39 gälla
1561 952 88 30 efter

163 999 404 31 enkammarreformens
590 1001 279 31 ikraftträdande
893 1004 65 28 och
981 1005 47 28 ett
1052 1003 56 30 för
1129 1004 406 41 tvåkammarsystemets
1561 1006 86 30 åter-

162 1051 142 31 stående
326 1052 61 30 tid.

205 1105 67 30 Vid
293 1106 76 29 sina
390 1107 262 40 överväganden
672 1109 148 30 rörande
841 1110 337 40 krigsdelegationen
1198 1111 65 30 har
1283 1112 169 30 utskottet
1474 1112 66 30 fått
1562 1122 85 30 upp-

161 1159 207 40 fattningen,
405 1162 50 28 att
490 1162 407 41 grundlagberedningen
930 1164 62 30 bör
1028 1165 118 30 överse
1180 1165 311 31 bestämmelserna
1525 1167 122 29 därom

161 1214 120 29 oaktat
301 1214 41 29 de
360 1215 38 29 är
416 1215 273 31 förhållandevis
707 1226 78 30 nya.
804 1217 92 30 Även
915 1218 110 30 andra
1042 1219 117 39 frågor
1177 1220 44 28 än
1239 1219 42 30 de
1298 1220 64 29 här
1381 1222 178 37 upptagna
1577 1221 71 29 kan

160 1276 106 21 resas.
286 1267 432 42 Grundlagberedningens
737 1271 171 40 prövning
929 1272 88 29 skall
1037 1272 188 39 självfallet
1244 1274 149 29 omfatta
1412 1275 86 28 även
1518 1275 41 29 de
1578 1274 69 30 frå-

161 1328 60 32 gor
242 1330 74 21 som
336 1323 169 29 utskottet
526 1323 11 29 i
557 1323 96 30 detta
673 1325 254 40 sammanhang
946 1326 198 30 behandlat.

204 1375 175 30 Utskottet
404 1377 141 39 övergår
569 1377 153 30 härefter
745 1378 52 30 till
822 1379 40 30 de
888 1379 252 31 förutnämnda
1163 1380 228 31 motionerna.
1415 1381 110 30 Dessa
1548 1391 98 21 avser

160 1428 355 40 krigsdelegationens
540 1431 176 39 uppgifter
740 1432 11 28 i
772 1432 158 39 fredstid.
954 1434 117 38 Enligt
1095 1434 258 39 grundlagarna
1376 1435 64 30 har
1463 1436 183 39 delegatio-

161 1491 67 20 nen
250 1483 82 39 inga
355 1483 131 30 sådana
509 1487 85 26 utan
619 1485 37 29 är
680 1487 47 27 ett
750 1494 107 31 organ
882 1495 75 21 som
981 1487 123 30 endast
1129 1488 88 29 skall
1241 1488 148 39 fungera
1412 1489 109 29 under
1546 1490 100 29 svåra

159 1535 354 40 krigsförhållanden.
537 1538 74 30 Inte
635 1539 108 29 heller
764 1539 11 29 i
798 1539 221 31 förarbetena
1041 1541 208 39 övervägdes
1272 1544 50 27 att
1345 1550 39 32 ge
1407 1542 239 40 delegationen

160 1589 110 30 andra
288 1590 214 30 funktioner.
522 1592 173 30 Utskottet
714 1592 165 30 hänvisar
897 1594 52 29 till
968 1594 65 29 vad
1053 1603 73 21 som
1147 1597 92 37 sagts
1257 1595 11 29 i
1287 1596 56 29 det
1363 1596 206 39 föregående
1588 1606 57 20 om

161 1643 184 39 krigsfara.
370 1644 5 29 I
392 1645 169 29 samband
576 1646 79 29 med
671 1646 278 40 framläggandet
964 1657 43 20 av
1021 1648 56 29 det
1094 1648 79 30 från
1191 1648 82 30 1964
1288 1649 138 30 vilande
1442 1650 203 41 grundlags-

161 1696 165 40 förslaget
343 1698 55 29 för
417 1698 81 30 1965
519 1699 55 29 års
591 1700 144 39 riksdag
749 1702 58 37 tog
825 1701 192 29 emellertid
1034 1702 170 30 utskottet
1220 1702 151 30 initiativ
1387 1703 53 30 till
1457 1705 50 28 att
1525 1704 121 40 ålägga

159 1750 241 39 delegationen
419 1752 93 29 vissa
533 1753 176 38 uppgifter
730 1754 87 29 även
838 1754 9 29 i
869 1754 157 30 fredstid.
1049 1755 193 30 Utskottets
1263 1756 131 40 förslag
1415 1757 160 39 åsyftade
1595 1760 50 28 att

159 1803 240 40 delegationen
415 1806 111 29 skulle
543 1815 100 21 svara
658 1807 53 29 för
726 1807 205 40 riksdagens
946 1808 341 40 beredskapsarbete.
1303 1810 102 30 Detta
1420 1811 113 30 skulle
1547 1811 98 30 kom-

159 1867 57 20 ma
234 1858 53 29 till
306 1860 141 38 uttryck
467 1867 123 32 genom
610 1869 40 20 en
671 1861 243 30 bestämmelse
934 1862 11 29 i
967 1862 37 30 13
1027 1862 15 37 $
1062 1862 320 41 riksdagsstadgan,
1403 1865 106 39 enligt
1528 1865 117 30 vilken

158 1911 57 29 det
234 1912 112 29 skulle
364 1913 189 30 ankomma
571 1914 45 39 på
633 1915 258 38 delegationens
908 1916 190 38 presidium
1118 1918 50 28 att
1187 1917 183 30 förbereda
1387 1918 257 39 delegationens

159 1966 222 29 verksamhet
403 1966 54 30 för
479 1967 67 29 den
566 1968 166 30 händelse
754 1968 67 30 den
843 1969 111 30 skulle
976 1970 36 29 få
1032 1970 101 30 träda
1153 1970 11 29 i
1185 1971 205 39 riksdagens
1413 1973 108 29 ställe.
1544 1973 100 29 Riks-

158 2019 111 39 dagen
295 2020 183 39 godkände
501 2021 187 30 utskottets
712 2022 160 30 initiativ.

202 2073 64 30 Det
287 2074 63 29 bör
371 2075 161 29 närmare
553 2075 190 39 preciseras
765 2076 95 30 vilka
879 2077 177 39 uppgifter
1078 2077 56 30 det
1156 2078 38 29 är
1216 2078 100 40 fråga
1336 2088 67 21 om.
1426 2080 217 40 Riksdagens

157 2127 291 40 krigsberedskap
476 2129 69 28 kan
572 2130 385 39 sammanfattningsvis
985 2132 99 37 sägas
1108 2131 174 31 innefatta
1306 2135 52 27 tre
1383 2136 169 28 moment:
1586 2135 53 34 (1)

158 2180 113 40 någon
294 2181 88 30 skall
405 2191 83 20 vara
510 2182 228 30 underrättad
759 2192 57 21 om
839 2183 41 30 de
903 2185 95 29 stora
1019 2185 129 39 dragen
1170 2185 10 30 i
1202 2186 441 42 beredskapsplaneringen

158 2233 54 30 för
233 2234 256 39 riksstyrelsen,
512 2236 121 29 kunna
656 2236 161 30 samråda
839 2238 79 29 med
939 2238 202 39 regeringen
1163 2239 124 30 härom
1309 2241 64 28 och
1396 2240 148 31 sålunda
1567 2243 77 29 veta

157 2288 67 29 vad
245 2297 74 20 som
339 2289 88 29 skall
447 2289 117 30 hända
583 2299 56 20 om
659 2290 56 29 det
734 2290 68 30 blir
822 2291 90 39 krig;
940 2292 53 33 (2)
1018 2292 337 40 krigsdelegationen
1375 2295 88 29 skall
1483 2295 46 30 ha
1549 2296 94 29 över-

156 2342 80 38 vägt
256 2341 76 30 sina
352 2342 257 36 arbetsformer,
628 2344 95 29 vilka
740 2344 11 29 i
770 2344 70 30 viss
859 2344 83 30 mån
961 2345 170 39 påverkar
1150 2346 66 30 den
1236 2347 162 31 närmare
1416 2348 227 41 beredskaps-

156 2395 241 40 planeringen;
430 2396 52 34 (3)
511 2397 113 38 någon
649 2398 88 28 skall
759 2400 78 27 veta
859 2399 116 29 vilken
999 2400 201 39 utrustning
1224 2409 45 21 m.
1293 2411 44 20 m.
1362 2402 281 40 krigsdelegatio-

157 2458 67 20 nen
247 2449 65 29 och
336 2449 78 30 dess
436 2450 190 30 ledamöter
651 2451 148 30 behöver
822 2452 57 29 vid
903 2454 204 38 utrymning
1130 2463 41 20 av
1193 2454 206 39 riksdagens
1422 2456 132 30 lokaler
1578 2457 65 29 och

158 2511 101 21 svara
280 2503 55 30 för
358 2505 49 28 att
430 2504 113 30 denna
567 2505 202 40 utrustning
793 2505 95 31 finns
911 2506 52 30 till
986 2507 123 34 hands,
1133 2507 54 30 för
1211 2510 49 27 att
1283 2508 207 41 riksdagens
1511 2511 131 29 lokaler
