<?xml version="1.0" encoding="UTF-8"?>
<alto xmlns="http://www.loc.gov/standards/alto/ns-v3#" xmlns:xlink="http://www.w3.org/1999/xlink" xmlns:xsi="http://www.w3.org/2001/XMLSchema-instance" xsi:schemaLocation="http://www.loc.gov/standards/alto/ns-v3# http://www.loc.gov/alto/v3/alto-3-0.xsd">
	<Description>
		<MeasurementUnit>pixel</MeasurementUnit>
		<sourceImageInformation>
			<fileName>/tmp/tess_jaq3e1xm_input.PNG</fileName>
		</sourceImageInformation>
		<OCRProcessing ID="OCR_0">
			<ocrProcessingStep>
				<processingSoftware>
					<softwareName>tesseract 5.3.0</softwareName>
				</processingSoftware>
			</ocrProcessingStep>
		</OCRProcessing>
	</Description>
	<Layout>
		<Page WIDTH="1894" HEIGHT="2830" PHYSICAL_IMG_NR="0" ID="page_0">
			<PrintSpace HPOS="0" VPOS="0" WIDTH="1894" HEIGHT="2830">
				<ComposedBlock ID="cblock_0" HPOS="242" VPOS="179" WIDTH="60" HEIGHT="31">
					<TextBlock ID="block_0" HPOS="242" VPOS="179" WIDTH="60" HEIGHT="31">
						<TextLine ID="line_0" HPOS="242" VPOS="179" WIDTH="60" HEIGHT="31">
							<String ID="string_0" HPOS="242" VPOS="179" WIDTH="60" HEIGHT="31" WC="0.96" CONTENT="192"/>
						</TextLine>
					</TextBlock>
				</ComposedBlock>
				<ComposedBlock ID="cblock_1" HPOS="236" VPOS="261" WIDTH="717" HEIGHT="320">
					<TextBlock ID="block_1" HPOS="236" VPOS="261" WIDTH="717" HEIGHT="320">
						<TextLine ID="line_1" HPOS="401" VPOS="261" WIDTH="390" HEIGHT="40">
							<String ID="string_1" HPOS="401" VPOS="261" WIDTH="226" HEIGHT="34" WC="0.95" CONTENT="(Nuvarande"/><SP WIDTH="17" VPOS="261" HPOS="627"/>
							<String ID="string_2" HPOS="644" VPOS="261" WIDTH="147" HEIGHT="40" WC="0.92" CONTENT="lydelse)"/>
						</TextLine>
						<TextLine ID="line_2" HPOS="282" VPOS="323" WIDTH="671" HEIGHT="41">
							<String ID="string_3" HPOS="282" VPOS="323" WIDTH="229" HEIGHT="31" WC="0.92" CONTENT="Valsedlarna"/><SP WIDTH="42" VPOS="323" HPOS="511"/>
							<String ID="string_4" HPOS="553" VPOS="325" WIDTH="95" HEIGHT="29" WC="0.96" CONTENT="inom"/><SP WIDTH="43" VPOS="325" HPOS="648"/>
							<String ID="string_5" HPOS="691" VPOS="324" WIDTH="97" HEIGHT="40" WC="0.93" CONTENT="varje"/><SP WIDTH="42" VPOS="324" HPOS="788"/>
							<String ID="string_6" HPOS="830" VPOS="334" WIDTH="123" HEIGHT="21" WC="0.91" CONTENT="namn-"/>
						</TextLine>
						<TextLine ID="line_3" HPOS="236" VPOS="378" WIDTH="716" HEIGHT="41">
							<String ID="string_7" HPOS="236" VPOS="387" WIDTH="114" HEIGHT="30" WC="0.96" CONTENT="grupp"/><SP WIDTH="19" VPOS="387" HPOS="350"/>
							<String ID="string_8" HPOS="369" VPOS="378" WIDTH="140" HEIGHT="35" WC="0.96" CONTENT="räknas,"/><SP WIDTH="21" VPOS="378" HPOS="509"/>
							<String ID="string_9" HPOS="530" VPOS="379" WIDTH="65" HEIGHT="29" WC="0.96" CONTENT="och"/><SP WIDTH="20" VPOS="379" HPOS="595"/>
							<String ID="string_10" HPOS="615" VPOS="379" WIDTH="101" HEIGHT="30" WC="0.96" CONTENT="deras"/><SP WIDTH="20" VPOS="379" HPOS="716"/>
							<String ID="string_11" HPOS="736" VPOS="380" WIDTH="95" HEIGHT="29" WC="0.96" CONTENT="antal"/><SP WIDTH="20" VPOS="380" HPOS="831"/>
							<String ID="string_12" HPOS="851" VPOS="380" WIDTH="101" HEIGHT="39" WC="0.96" CONTENT="utgör"/>
						</TextLine>
						<TextLine ID="line_4" HPOS="236" VPOS="433" WIDTH="716" HEIGHT="39">
							<String ID="string_13" HPOS="236" VPOS="441" WIDTH="287" HEIGHT="31" WC="0.90" CONTENT="namngruppens"/><SP WIDTH="17" VPOS="441" HPOS="523"/>
							<String ID="string_14" HPOS="540" VPOS="433" WIDTH="133" HEIGHT="30" WC="0.91" CONTENT="rösttal."/><SP WIDTH="19" VPOS="433" HPOS="673"/>
							<String ID="string_15" HPOS="692" VPOS="433" WIDTH="140" HEIGHT="30" WC="0.96" CONTENT="Samma"/><SP WIDTH="16" VPOS="433" HPOS="832"/>
							<String ID="string_16" HPOS="848" VPOS="434" WIDTH="49" HEIGHT="29" WC="0.95" CONTENT="tal"/><SP WIDTH="17" VPOS="434" HPOS="897"/>
							<String ID="string_17" HPOS="914" VPOS="434" WIDTH="38" HEIGHT="29" WC="0.96" CONTENT="är"/>
						</TextLine>
						<TextLine ID="line_5" HPOS="236" VPOS="485" WIDTH="714" HEIGHT="41">
							<String ID="string_18" HPOS="236" VPOS="485" WIDTH="106" HEIGHT="31" WC="0.96" CONTENT="också"/><SP WIDTH="30" VPOS="485" HPOS="342"/>
							<String ID="string_19" HPOS="372" VPOS="486" WIDTH="254" HEIGHT="40" WC="0.96" CONTENT="jämförelsetal"/><SP WIDTH="32" VPOS="486" HPOS="626"/>
							<String ID="string_20" HPOS="658" VPOS="487" WIDTH="54" HEIGHT="30" WC="0.96" CONTENT="för"/><SP WIDTH="32" VPOS="487" HPOS="712"/>
							<String ID="string_21" HPOS="744" VPOS="487" WIDTH="57" HEIGHT="30" WC="0.96" CONTENT="det"/><SP WIDTH="31" VPOS="487" HPOS="801"/>
							<String ID="string_22" HPOS="832" VPOS="496" WIDTH="118" HEIGHT="26" WC="0.95" CONTENT="namn,"/>
						</TextLine>
						<TextLine ID="line_6" HPOS="237" VPOS="540" WIDTH="713" HEIGHT="41">
							<String ID="string_23" HPOS="237" VPOS="549" WIDTH="74" HEIGHT="21" WC="0.96" CONTENT="som"/><SP WIDTH="17" VPOS="549" HPOS="311"/>
							<String ID="string_24" HPOS="328" VPOS="540" WIDTH="71" HEIGHT="30" WC="0.96" CONTENT="står"/><SP WIDTH="16" VPOS="540" HPOS="399"/>
							<String ID="string_25" HPOS="415" VPOS="540" WIDTH="88" HEIGHT="30" WC="0.96" CONTENT="först"/><SP WIDTH="16" VPOS="540" HPOS="503"/>
							<String ID="string_26" HPOS="519" VPOS="541" WIDTH="44" HEIGHT="39" WC="0.93" CONTENT="på"/><SP WIDTH="15" VPOS="541" HPOS="563"/>
							<String ID="string_27" HPOS="578" VPOS="550" WIDTH="287" HEIGHT="31" WC="0.90" CONTENT="namngruppens"/><SP WIDTH="16" VPOS="550" HPOS="865"/>
							<String ID="string_28" HPOS="881" VPOS="542" WIDTH="69" HEIGHT="29" WC="0.91" CONTENT="val-"/>
						</TextLine>
					</TextBlock>
				</ComposedBlock>
				<ComposedBlock ID="cblock_2" HPOS="236" VPOS="594" WIDTH="123" HEIGHT="30">
					<TextBlock ID="block_2" HPOS="236" VPOS="594" WIDTH="123" HEIGHT="30">
						<TextLine ID="line_7" HPOS="236" VPOS="594" WIDTH="123" HEIGHT="30">
							<String ID="string_29" HPOS="236" VPOS="594" WIDTH="123" HEIGHT="30" WC="0.96" CONTENT="sedlar."/>
						</TextLine>
					</TextBlock>
				</ComposedBlock>
				<ComposedBlock ID="cblock_3" HPOS="223" VPOS="757" WIDTH="725" HEIGHT="1115">
					<TextBlock ID="block_3" HPOS="233" VPOS="757" WIDTH="715" HEIGHT="146">
						<TextLine ID="line_8" HPOS="277" VPOS="757" WIDTH="671" HEIGHT="40">
							<String ID="string_30" HPOS="277" VPOS="757" WIDTH="64" HEIGHT="29" WC="0.96" CONTENT="Det"/><SP WIDTH="30" VPOS="757" HPOS="341"/>
							<String ID="string_31" HPOS="371" VPOS="766" WIDTH="118" HEIGHT="26" WC="0.96" CONTENT="namn,"/><SP WIDTH="31" VPOS="766" HPOS="489"/>
							<String ID="string_32" HPOS="520" VPOS="767" WIDTH="78" HEIGHT="21" WC="0.96" CONTENT="vars"/><SP WIDTH="28" VPOS="767" HPOS="598"/>
							<String ID="string_33" HPOS="626" VPOS="758" WIDTH="254" HEIGHT="39" WC="0.95" CONTENT="jämförelsetal"/><SP WIDTH="31" VPOS="758" HPOS="880"/>
							<String ID="string_34" HPOS="911" VPOS="760" WIDTH="37" HEIGHT="28" WC="0.96" CONTENT="är"/>
						</TextLine>
						<TextLine ID="line_9" HPOS="234" VPOS="811" WIDTH="714" HEIGHT="41">
							<String ID="string_35" HPOS="234" VPOS="812" WIDTH="114" HEIGHT="34" WC="0.96" CONTENT="störst,"/><SP WIDTH="25" VPOS="812" HPOS="348"/>
							<String ID="string_36" HPOS="373" VPOS="811" WIDTH="147" HEIGHT="30" WC="0.96" CONTENT="erhåller"/><SP WIDTH="25" VPOS="811" HPOS="520"/>
							<String ID="string_37" HPOS="545" VPOS="812" WIDTH="110" HEIGHT="30" WC="0.96" CONTENT="första"/><SP WIDTH="23" VPOS="812" HPOS="655"/>
							<String ID="string_38" HPOS="678" VPOS="813" WIDTH="136" HEIGHT="39" WC="0.96" CONTENT="platsen"/><SP WIDTH="24" VPOS="813" HPOS="814"/>
							<String ID="string_39" HPOS="838" VPOS="813" WIDTH="10" HEIGHT="29" WC="0.93" CONTENT="i"/><SP WIDTH="23" VPOS="813" HPOS="848"/>
							<String ID="string_40" HPOS="871" VPOS="813" WIDTH="77" HEIGHT="29" WC="0.91" CONTENT="ord-"/>
						</TextLine>
						<TextLine ID="line_10" HPOS="233" VPOS="865" WIDTH="138" HEIGHT="38">
							<String ID="string_41" HPOS="233" VPOS="865" WIDTH="138" HEIGHT="38" WC="0.95" CONTENT="ningen."/>
						</TextLine>
					</TextBlock>
					<TextBlock ID="block_4" HPOS="230" VPOS="917" WIDTH="716" HEIGHT="246">
						<TextLine ID="line_11" HPOS="276" VPOS="917" WIDTH="670" HEIGHT="41">
							<String ID="string_42" HPOS="276" VPOS="919" WIDTH="35" HEIGHT="33" WC="0.92" CONTENT="c)"/><SP WIDTH="22" VPOS="919" HPOS="311"/>
							<String ID="string_43" HPOS="333" VPOS="917" WIDTH="65" HEIGHT="31" WC="0.96" CONTENT="Vid"/><SP WIDTH="17" VPOS="917" HPOS="398"/>
							<String ID="string_44" HPOS="415" VPOS="918" WIDTH="97" HEIGHT="40" WC="0.96" CONTENT="varje"/><SP WIDTH="18" VPOS="918" HPOS="512"/>
							<String ID="string_45" HPOS="530" VPOS="918" WIDTH="157" HEIGHT="40" WC="0.93" CONTENT="följande"/><SP WIDTH="19" VPOS="918" HPOS="687"/>
							<String ID="string_46" HPOS="706" VPOS="919" WIDTH="240" HEIGHT="30" WC="0.91" CONTENT="sammanräk-"/>
						</TextLine>
						<TextLine ID="line_12" HPOS="231" VPOS="972" WIDTH="713" HEIGHT="40">
							<String ID="string_47" HPOS="231" VPOS="973" WIDTH="84" HEIGHT="39" WC="0.95" CONTENT="ning"/><SP WIDTH="28" VPOS="973" HPOS="315"/>
							<String ID="string_48" HPOS="343" VPOS="972" WIDTH="106" HEIGHT="39" WC="0.95" CONTENT="gäller"/><SP WIDTH="29" VPOS="972" HPOS="449"/>
							<String ID="string_49" HPOS="478" VPOS="973" WIDTH="151" HEIGHT="29" WC="0.96" CONTENT="valsedel"/><SP WIDTH="29" VPOS="973" HPOS="629"/>
							<String ID="string_50" HPOS="658" VPOS="973" WIDTH="54" HEIGHT="30" WC="0.96" CONTENT="för"/><SP WIDTH="30" VPOS="973" HPOS="712"/>
							<String ID="string_51" HPOS="742" VPOS="973" WIDTH="56" HEIGHT="30" WC="0.90" CONTENT="det"/><SP WIDTH="29" VPOS="973" HPOS="798"/>
							<String ID="string_52" HPOS="827" VPOS="983" WIDTH="117" HEIGHT="25" WC="0.96" CONTENT="namn,"/>
						</TextLine>
						<TextLine ID="line_13" HPOS="230" VPOS="1026" WIDTH="715" HEIGHT="35">
							<String ID="string_53" HPOS="230" VPOS="1026" WIDTH="116" HEIGHT="34" WC="0.96" CONTENT="vilket,"/><SP WIDTH="26" VPOS="1026" HPOS="346"/>
							<String ID="string_54" HPOS="372" VPOS="1026" WIDTH="147" HEIGHT="30" WC="0.96" CONTENT="bortsett"/><SP WIDTH="26" VPOS="1026" HPOS="519"/>
							<String ID="string_55" HPOS="545" VPOS="1026" WIDTH="80" HEIGHT="29" WC="0.96" CONTENT="från"/><SP WIDTH="25" VPOS="1026" HPOS="625"/>
							<String ID="string_56" HPOS="650" VPOS="1036" WIDTH="117" HEIGHT="25" WC="0.96" CONTENT="namn,"/><SP WIDTH="28" VPOS="1036" HPOS="767"/>
							<String ID="string_57" HPOS="795" VPOS="1036" WIDTH="74" HEIGHT="21" WC="0.93" CONTENT="som"/><SP WIDTH="25" VPOS="1036" HPOS="869"/>
							<String ID="string_58" HPOS="894" VPOS="1037" WIDTH="51" HEIGHT="20" WC="0.91" CONTENT="re-"/>
						</TextLine>
						<TextLine ID="line_14" HPOS="230" VPOS="1079" WIDTH="715" HEIGHT="42">
							<String ID="string_59" HPOS="230" VPOS="1079" WIDTH="69" HEIGHT="30" WC="0.96" CONTENT="dan"/><SP WIDTH="26" VPOS="1079" HPOS="299"/>
							<String ID="string_60" HPOS="325" VPOS="1079" WIDTH="138" HEIGHT="31" WC="0.96" CONTENT="erhållit"/><SP WIDTH="26" VPOS="1079" HPOS="463"/>
							<String ID="string_61" HPOS="489" VPOS="1081" WIDTH="91" HEIGHT="39" WC="0.96" CONTENT="plats"/><SP WIDTH="27" VPOS="1081" HPOS="580"/>
							<String ID="string_62" HPOS="607" VPOS="1080" WIDTH="10" HEIGHT="30" WC="0.96" CONTENT="i"/><SP WIDTH="25" VPOS="1080" HPOS="617"/>
							<String ID="string_63" HPOS="642" VPOS="1080" WIDTH="203" HEIGHT="41" WC="0.96" CONTENT="ordningen,"/><SP WIDTH="29" VPOS="1080" HPOS="845"/>
							<String ID="string_64" HPOS="874" VPOS="1081" WIDTH="71" HEIGHT="31" WC="0.96" CONTENT="står"/>
						</TextLine>
						<TextLine ID="line_15" HPOS="230" VPOS="1134" WIDTH="309" HEIGHT="29">
							<String ID="string_65" HPOS="230" VPOS="1134" WIDTH="126" HEIGHT="29" WC="0.93" CONTENT="främst"/><SP WIDTH="17" VPOS="1134" HPOS="356"/>
							<String ID="string_66" HPOS="373" VPOS="1134" WIDTH="20" HEIGHT="29" WC="0.90" CONTENT="å"/><SP WIDTH="18" VPOS="1134" HPOS="393"/>
							<String ID="string_67" HPOS="411" VPOS="1134" WIDTH="128" HEIGHT="29" WC="0.96" CONTENT="sedeln."/>
						</TextLine>
					</TextBlock>
					<TextBlock ID="block_5" HPOS="223" VPOS="1187" WIDTH="721" HEIGHT="685">
						<TextLine ID="line_16" HPOS="273" VPOS="1187" WIDTH="671" HEIGHT="41">
							<String ID="string_68" HPOS="273" VPOS="1187" WIDTH="75" HEIGHT="30" WC="0.96" CONTENT="Den"/><SP WIDTH="22" VPOS="1187" HPOS="348"/>
							<String ID="string_69" HPOS="370" VPOS="1188" WIDTH="82" HEIGHT="29" WC="0.96" CONTENT="eller"/><SP WIDTH="22" VPOS="1188" HPOS="452"/>
							<String ID="string_70" HPOS="474" VPOS="1188" WIDTH="41" HEIGHT="29" WC="0.93" CONTENT="de"/><SP WIDTH="22" VPOS="1188" HPOS="515"/>
							<String ID="string_71" HPOS="537" VPOS="1197" WIDTH="271" HEIGHT="31" WC="0.91" CONTENT="namngrupper,"/><SP WIDTH="24" VPOS="1197" HPOS="808"/>
							<String ID="string_72" HPOS="832" VPOS="1189" WIDTH="112" HEIGHT="30" WC="0.96" CONTENT="vilkas"/>
						</TextLine>
						<TextLine ID="line_17" HPOS="227" VPOS="1241" WIDTH="716" HEIGHT="41">
							<String ID="string_73" HPOS="227" VPOS="1241" WIDTH="173" HEIGHT="30" WC="0.96" CONTENT="valsedlar"/><SP WIDTH="39" VPOS="1241" HPOS="400"/>
							<String ID="string_74" HPOS="439" VPOS="1242" WIDTH="58" HEIGHT="29" WC="0.96" CONTENT="vid"/><SP WIDTH="41" VPOS="1242" HPOS="497"/>
							<String ID="string_75" HPOS="538" VPOS="1243" WIDTH="156" HEIGHT="29" WC="0.94" CONTENT="närmast"/><SP WIDTH="42" VPOS="1243" HPOS="694"/>
							<String ID="string_76" HPOS="736" VPOS="1243" WIDTH="207" HEIGHT="39" WC="0.95" CONTENT="föregående"/>
						</TextLine>
						<TextLine ID="line_18" HPOS="229" VPOS="1295" WIDTH="713" HEIGHT="40">
							<String ID="string_77" HPOS="229" VPOS="1296" WIDTH="313" HEIGHT="39" WC="0.91" CONTENT="sammanräkning"/><SP WIDTH="14" VPOS="1296" HPOS="542"/>
							<String ID="string_78" HPOS="556" VPOS="1295" WIDTH="112" HEIGHT="40" WC="0.95" CONTENT="gällde"/><SP WIDTH="15" VPOS="1295" HPOS="668"/>
							<String ID="string_79" HPOS="683" VPOS="1296" WIDTH="54" HEIGHT="30" WC="0.96" CONTENT="för"/><SP WIDTH="16" VPOS="1296" HPOS="737"/>
							<String ID="string_80" HPOS="753" VPOS="1296" WIDTH="56" HEIGHT="30" WC="0.96" CONTENT="det"/><SP WIDTH="16" VPOS="1296" HPOS="809"/>
							<String ID="string_81" HPOS="825" VPOS="1306" WIDTH="117" HEIGHT="26" WC="0.96" CONTENT="namn,"/>
						</TextLine>
						<TextLine ID="line_19" HPOS="229" VPOS="1349" WIDTH="713" HEIGHT="41">
							<String ID="string_82" HPOS="229" VPOS="1358" WIDTH="74" HEIGHT="19" WC="0.96" CONTENT="som"/><SP WIDTH="28" VPOS="1358" HPOS="303"/>
							<String ID="string_83" HPOS="331" VPOS="1349" WIDTH="109" HEIGHT="29" WC="0.96" CONTENT="erhöll"/><SP WIDTH="27" VPOS="1349" HPOS="440"/>
							<String ID="string_84" HPOS="467" VPOS="1350" WIDTH="92" HEIGHT="38" WC="0.96" CONTENT="plats"/><SP WIDTH="28" VPOS="1350" HPOS="559"/>
							<String ID="string_85" HPOS="587" VPOS="1350" WIDTH="11" HEIGHT="28" WC="0.96" CONTENT="i"/><SP WIDTH="26" VPOS="1350" HPOS="598"/>
							<String ID="string_86" HPOS="624" VPOS="1350" WIDTH="204" HEIGHT="39" WC="0.93" CONTENT="ordningen,"/><SP WIDTH="29" VPOS="1350" HPOS="828"/>
							<String ID="string_87" HPOS="857" VPOS="1360" WIDTH="85" HEIGHT="30" WC="0.91" CONTENT="upp-"/>
						</TextLine>
						<TextLine ID="line_20" HPOS="226" VPOS="1402" WIDTH="715" HEIGHT="35">
							<String ID="string_88" HPOS="226" VPOS="1402" WIDTH="102" HEIGHT="35" WC="0.96" CONTENT="lösas,"/><SP WIDTH="19" VPOS="1402" HPOS="328"/>
							<String ID="string_89" HPOS="347" VPOS="1403" WIDTH="65" HEIGHT="29" WC="0.96" CONTENT="och"/><SP WIDTH="16" VPOS="1403" HPOS="412"/>
							<String ID="string_90" HPOS="428" VPOS="1403" WIDTH="155" HEIGHT="30" WC="0.96" CONTENT="nämnda"/><SP WIDTH="15" VPOS="1403" HPOS="583"/>
							<String ID="string_91" HPOS="598" VPOS="1404" WIDTH="172" HEIGHT="30" WC="0.96" CONTENT="valsedlar"/><SP WIDTH="16" VPOS="1404" HPOS="770"/>
							<String ID="string_92" HPOS="786" VPOS="1404" WIDTH="129" HEIGHT="31" WC="0.96" CONTENT="ordnas"/><SP WIDTH="16" VPOS="1404" HPOS="915"/>
							<String ID="string_93" HPOS="931" VPOS="1405" WIDTH="10" HEIGHT="29" WC="0.96" CONTENT="i"/>
						</TextLine>
						<TextLine ID="line_21" HPOS="226" VPOS="1457" WIDTH="716" HEIGHT="39">
							<String ID="string_94" HPOS="226" VPOS="1466" WIDTH="69" HEIGHT="29" WC="0.93" CONTENT="nya"/><SP WIDTH="17" VPOS="1466" HPOS="295"/>
							<String ID="string_95" HPOS="312" VPOS="1464" WIDTH="260" HEIGHT="32" WC="0.88" CONTENT="namngrupper"/><SP WIDTH="19" VPOS="1464" HPOS="572"/>
							<String ID="string_96" HPOS="591" VPOS="1457" WIDTH="47" HEIGHT="35" WC="0.96" CONTENT="så,"/><SP WIDTH="19" VPOS="1457" HPOS="638"/>
							<String ID="string_97" HPOS="657" VPOS="1459" WIDTH="50" HEIGHT="28" WC="0.96" CONTENT="att"/><SP WIDTH="18" VPOS="1459" HPOS="707"/>
							<String ID="string_98" HPOS="725" VPOS="1458" WIDTH="122" HEIGHT="35" WC="0.95" CONTENT="sedlar,"/><SP WIDTH="20" VPOS="1458" HPOS="847"/>
							<String ID="string_99" HPOS="867" VPOS="1467" WIDTH="75" HEIGHT="21" WC="0.96" CONTENT="som"/>
						</TextLine>
						<TextLine ID="line_22" HPOS="225" VPOS="1509" WIDTH="716" HEIGHT="42">
							<String ID="string_100" HPOS="225" VPOS="1509" WIDTH="58" HEIGHT="30" WC="0.96" CONTENT="vid"/><SP WIDTH="18" VPOS="1509" HPOS="283"/>
							<String ID="string_101" HPOS="301" VPOS="1510" WIDTH="66" HEIGHT="30" WC="0.96" CONTENT="den"/><SP WIDTH="19" VPOS="1510" HPOS="367"/>
							<String ID="string_102" HPOS="386" VPOS="1510" WIDTH="178" HEIGHT="40" WC="0.93" CONTENT="pågående"/><SP WIDTH="20" VPOS="1510" HPOS="564"/>
							<String ID="string_103" HPOS="584" VPOS="1512" WIDTH="357" HEIGHT="39" WC="0.90" CONTENT="sammanräkningen"/>
						</TextLine>
						<TextLine ID="line_23" HPOS="226" VPOS="1563" WIDTH="716" HEIGHT="39">
							<String ID="string_104" HPOS="226" VPOS="1563" WIDTH="90" HEIGHT="39" WC="0.96" CONTENT="gälla"/><SP WIDTH="18" VPOS="1563" HPOS="316"/>
							<String ID="string_105" HPOS="334" VPOS="1564" WIDTH="54" HEIGHT="29" WC="0.96" CONTENT="för"/><SP WIDTH="19" VPOS="1564" HPOS="388"/>
							<String ID="string_106" HPOS="407" VPOS="1566" WIDTH="49" HEIGHT="27" WC="0.95" CONTENT="ett"/><SP WIDTH="17" VPOS="1566" HPOS="456"/>
							<String ID="string_107" HPOS="473" VPOS="1565" WIDTH="65" HEIGHT="28" WC="0.96" CONTENT="och"/><SP WIDTH="19" VPOS="1565" HPOS="538"/>
							<String ID="string_108" HPOS="557" VPOS="1574" WIDTH="135" HEIGHT="21" WC="0.96" CONTENT="samma"/><SP WIDTH="17" VPOS="1574" HPOS="692"/>
							<String ID="string_109" HPOS="709" VPOS="1574" WIDTH="118" HEIGHT="26" WC="0.96" CONTENT="namn,"/><SP WIDTH="20" VPOS="1574" HPOS="827"/>
							<String ID="string_110" HPOS="847" VPOS="1565" WIDTH="95" HEIGHT="30" WC="0.96" CONTENT="bilda"/>
						</TextLine>
						<TextLine ID="line_24" HPOS="225" VPOS="1619" WIDTH="715" HEIGHT="38">
							<String ID="string_111" HPOS="225" VPOS="1626" WIDTH="43" HEIGHT="20" WC="0.93" CONTENT="en"/><SP WIDTH="26" VPOS="1626" HPOS="268"/>
							<String ID="string_112" HPOS="294" VPOS="1626" WIDTH="240" HEIGHT="31" WC="0.89" CONTENT="namngrupp;"/><SP WIDTH="30" VPOS="1626" HPOS="534"/>
							<String ID="string_113" HPOS="564" VPOS="1619" WIDTH="157" HEIGHT="29" WC="0.96" CONTENT="däremot"/><SP WIDTH="27" VPOS="1619" HPOS="721"/>
							<String ID="string_114" HPOS="748" VPOS="1619" WIDTH="192" HEIGHT="30" WC="0.96" CONTENT="bibehållas"/>
						</TextLine>
						<TextLine ID="line_25" HPOS="224" VPOS="1671" WIDTH="716" HEIGHT="41">
							<String ID="string_115" HPOS="224" VPOS="1671" WIDTH="118" HEIGHT="40" WC="0.96" CONTENT="övriga"/><SP WIDTH="20" VPOS="1671" HPOS="342"/>
							<String ID="string_116" HPOS="362" VPOS="1671" WIDTH="183" HEIGHT="40" WC="0.93" CONTENT="befintliga"/><SP WIDTH="20" VPOS="1671" HPOS="545"/>
							<String ID="string_117" HPOS="565" VPOS="1682" WIDTH="262" HEIGHT="30" WC="0.90" CONTENT="namngrupper"/><SP WIDTH="22" VPOS="1682" HPOS="827"/>
							<String ID="string_118" HPOS="849" VPOS="1673" WIDTH="91" HEIGHT="30" WC="0.92" CONTENT="oför-"/>
						</TextLine>
						<TextLine ID="line_26" HPOS="224" VPOS="1725" WIDTH="715" HEIGHT="42">
							<String ID="string_119" HPOS="224" VPOS="1725" WIDTH="164" HEIGHT="30" WC="0.88" CONTENT="ändrade."/><SP WIDTH="18" VPOS="1725" HPOS="388"/>
							<String ID="string_120" HPOS="406" VPOS="1726" WIDTH="229" HEIGHT="30" WC="0.91" CONTENT="Valsedlarna"/><SP WIDTH="16" VPOS="1726" HPOS="635"/>
							<String ID="string_121" HPOS="651" VPOS="1727" WIDTH="96" HEIGHT="29" WC="0.96" CONTENT="inom"/><SP WIDTH="17" VPOS="1727" HPOS="747"/>
							<String ID="string_122" HPOS="764" VPOS="1727" WIDTH="97" HEIGHT="39" WC="0.93" CONTENT="varje"/><SP WIDTH="18" VPOS="1727" HPOS="861"/>
							<String ID="string_123" HPOS="879" VPOS="1737" WIDTH="60" HEIGHT="30" WC="0.91" CONTENT="ny-"/>
						</TextLine>
						<TextLine ID="line_27" HPOS="223" VPOS="1777" WIDTH="715" HEIGHT="42">
							<String ID="string_124" HPOS="223" VPOS="1777" WIDTH="118" HEIGHT="31" WC="0.91" CONTENT="bildad"/><SP WIDTH="16" VPOS="1777" HPOS="341"/>
							<String ID="string_125" HPOS="357" VPOS="1787" WIDTH="224" HEIGHT="32" WC="0.91" CONTENT="namngrupp"/><SP WIDTH="16" VPOS="1787" HPOS="581"/>
							<String ID="string_126" HPOS="597" VPOS="1779" WIDTH="140" HEIGHT="36" WC="0.96" CONTENT="räknas,"/><SP WIDTH="19" VPOS="1779" HPOS="737"/>
							<String ID="string_127" HPOS="756" VPOS="1780" WIDTH="64" HEIGHT="30" WC="0.97" CONTENT="och"/><SP WIDTH="18" VPOS="1780" HPOS="820"/>
							<String ID="string_128" HPOS="838" VPOS="1780" WIDTH="100" HEIGHT="30" WC="0.96" CONTENT="deras"/>
						</TextLine>
						<TextLine ID="line_28" HPOS="223" VPOS="1832" WIDTH="675" HEIGHT="40">
							<String ID="string_129" HPOS="223" VPOS="1832" WIDTH="95" HEIGHT="29" WC="0.96" CONTENT="antal"/><SP WIDTH="20" VPOS="1832" HPOS="318"/>
							<String ID="string_130" HPOS="338" VPOS="1833" WIDTH="101" HEIGHT="38" WC="0.93" CONTENT="utgör"/><SP WIDTH="19" VPOS="1833" HPOS="439"/>
							<String ID="string_131" HPOS="458" VPOS="1841" WIDTH="287" HEIGHT="31" WC="0.82" CONTENT="namngruppens"/><SP WIDTH="20" VPOS="1841" HPOS="745"/>
							<String ID="string_132" HPOS="765" VPOS="1835" WIDTH="133" HEIGHT="29" WC="0.91" CONTENT="rösttal."/>
						</TextLine>
					</TextBlock>
				</ComposedBlock>
				<ComposedBlock ID="cblock_4" HPOS="216" VPOS="1939" WIDTH="721" HEIGHT="630">
					<TextBlock ID="block_6" HPOS="220" VPOS="1939" WIDTH="717" HEIGHT="146">
						<TextLine ID="line_29" HPOS="266" VPOS="1939" WIDTH="671" HEIGHT="42">
							<String ID="string_133" HPOS="266" VPOS="1939" WIDTH="67" HEIGHT="29" WC="0.96" CONTENT="För"/><SP WIDTH="18" VPOS="1939" HPOS="333"/>
							<String ID="string_134" HPOS="351" VPOS="1939" WIDTH="41" HEIGHT="30" WC="0.96" CONTENT="de"/><SP WIDTH="18" VPOS="1939" HPOS="392"/>
							<String ID="string_135" HPOS="410" VPOS="1949" WIDTH="118" HEIGHT="26" WC="0.96" CONTENT="namn,"/><SP WIDTH="20" VPOS="1949" HPOS="528"/>
							<String ID="string_136" HPOS="548" VPOS="1941" WIDTH="53" HEIGHT="29" WC="0.95" CONTENT="för"/><SP WIDTH="18" VPOS="1941" HPOS="601"/>
							<String ID="string_137" HPOS="619" VPOS="1941" WIDTH="94" HEIGHT="30" WC="0.95" CONTENT="vilka"/><SP WIDTH="18" VPOS="1941" HPOS="713"/>
							<String ID="string_138" HPOS="731" VPOS="1941" WIDTH="118" HEIGHT="30" WC="0.93" CONTENT="finnas"/><SP WIDTH="19" VPOS="1941" HPOS="849"/>
							<String ID="string_139" HPOS="868" VPOS="1942" WIDTH="69" HEIGHT="39" WC="0.91" CONTENT="gäl-"/>
						</TextLine>
						<TextLine ID="line_30" HPOS="222" VPOS="1992" WIDTH="715" HEIGHT="36">
							<String ID="string_140" HPOS="222" VPOS="1992" WIDTH="102" HEIGHT="30" WC="0.95" CONTENT="lande"/><SP WIDTH="17" VPOS="1992" HPOS="324"/>
							<String ID="string_141" HPOS="341" VPOS="1993" WIDTH="181" HEIGHT="35" WC="0.95" CONTENT="valsedlar,"/><SP WIDTH="19" VPOS="1993" HPOS="522"/>
							<String ID="string_142" HPOS="541" VPOS="1994" WIDTH="173" HEIGHT="30" WC="0.93" CONTENT="beräknas"/><SP WIDTH="17" VPOS="1994" HPOS="714"/>
							<String ID="string_143" HPOS="731" VPOS="1996" WIDTH="122" HEIGHT="29" WC="0.91" CONTENT="rösttal"/><SP WIDTH="19" VPOS="1996" HPOS="853"/>
							<String ID="string_144" HPOS="872" VPOS="1996" WIDTH="65" HEIGHT="29" WC="0.96" CONTENT="och"/>
						</TextLine>
						<TextLine ID="line_31" HPOS="220" VPOS="2046" WIDTH="265" HEIGHT="39">
							<String ID="string_145" HPOS="220" VPOS="2046" WIDTH="265" HEIGHT="39" WC="0.94" CONTENT="jämförelsetal."/>
						</TextLine>
					</TextBlock>
					<TextBlock ID="block_7" HPOS="216" VPOS="2101" WIDTH="719" HEIGHT="468">
						<TextLine ID="line_32" HPOS="266" VPOS="2101" WIDTH="669" HEIGHT="31">
							<String ID="string_146" HPOS="266" VPOS="2101" WIDTH="169" HEIGHT="29" WC="0.92" CONTENT="Rösttalet"/><SP WIDTH="18" VPOS="2101" HPOS="435"/>
							<String ID="string_147" HPOS="453" VPOS="2101" WIDTH="53" HEIGHT="29" WC="0.95" CONTENT="för"/><SP WIDTH="18" VPOS="2101" HPOS="506"/>
							<String ID="string_148" HPOS="524" VPOS="2103" WIDTH="47" HEIGHT="28" WC="0.96" CONTENT="ett"/><SP WIDTH="17" VPOS="2103" HPOS="571"/>
							<String ID="string_149" HPOS="588" VPOS="2110" WIDTH="108" HEIGHT="21" WC="0.95" CONTENT="namn"/><SP WIDTH="18" VPOS="2110" HPOS="696"/>
							<String ID="string_150" HPOS="714" VPOS="2103" WIDTH="37" HEIGHT="28" WC="0.96" CONTENT="är"/><SP WIDTH="17" VPOS="2103" HPOS="751"/>
							<String ID="string_151" HPOS="768" VPOS="2102" WIDTH="71" HEIGHT="30" WC="0.96" CONTENT="lika"/><SP WIDTH="17" VPOS="2102" HPOS="839"/>
							<String ID="string_152" HPOS="856" VPOS="2103" WIDTH="79" HEIGHT="29" WC="0.96" CONTENT="med"/>
						</TextLine>
						<TextLine ID="line_33" HPOS="219" VPOS="2154" WIDTH="716" HEIGHT="41">
							<String ID="string_153" HPOS="219" VPOS="2154" WIDTH="159" HEIGHT="30" WC="0.91" CONTENT="rösttalet"/><SP WIDTH="18" VPOS="2154" HPOS="378"/>
							<String ID="string_154" HPOS="396" VPOS="2155" WIDTH="81" HEIGHT="29" WC="0.96" CONTENT="eller"/><SP WIDTH="19" VPOS="2155" HPOS="477"/>
							<String ID="string_155" HPOS="496" VPOS="2155" WIDTH="263" HEIGHT="40" WC="0.93" CONTENT="sammanlagda"/><SP WIDTH="18" VPOS="2155" HPOS="759"/>
							<String ID="string_156" HPOS="777" VPOS="2157" WIDTH="158" HEIGHT="29" WC="0.90" CONTENT="rösttalet"/>
						</TextLine>
						<TextLine ID="line_34" HPOS="220" VPOS="2207" WIDTH="714" HEIGHT="42">
							<String ID="string_157" HPOS="220" VPOS="2207" WIDTH="54" HEIGHT="30" WC="0.96" CONTENT="för"/><SP WIDTH="17" VPOS="2207" HPOS="274"/>
							<String ID="string_158" HPOS="291" VPOS="2207" WIDTH="66" HEIGHT="30" WC="0.96" CONTENT="den"/><SP WIDTH="18" VPOS="2207" HPOS="357"/>
							<String ID="string_159" HPOS="375" VPOS="2208" WIDTH="82" HEIGHT="29" WC="0.96" CONTENT="eller"/><SP WIDTH="18" VPOS="2208" HPOS="457"/>
							<String ID="string_160" HPOS="475" VPOS="2208" WIDTH="40" HEIGHT="29" WC="0.92" CONTENT="de"/><SP WIDTH="17" VPOS="2208" HPOS="515"/>
							<String ID="string_161" HPOS="532" VPOS="2217" WIDTH="272" HEIGHT="32" WC="0.91" CONTENT="namngrupper,"/><SP WIDTH="18" VPOS="2217" HPOS="804"/>
							<String ID="string_162" HPOS="822" VPOS="2210" WIDTH="112" HEIGHT="30" WC="0.96" CONTENT="vilkas"/>
						</TextLine>
						<TextLine ID="line_35" HPOS="218" VPOS="2261" WIDTH="716" HEIGHT="40">
							<String ID="string_163" HPOS="218" VPOS="2261" WIDTH="172" HEIGHT="30" WC="0.95" CONTENT="valsedlar"/><SP WIDTH="16" VPOS="2261" HPOS="390"/>
							<String ID="string_164" HPOS="406" VPOS="2262" WIDTH="91" HEIGHT="39" WC="0.96" CONTENT="gälla"/><SP WIDTH="15" VPOS="2262" HPOS="497"/>
							<String ID="string_165" HPOS="512" VPOS="2263" WIDTH="54" HEIGHT="29" WC="0.96" CONTENT="för"/><SP WIDTH="15" VPOS="2263" HPOS="566"/>
							<String ID="string_166" HPOS="581" VPOS="2265" WIDTH="153" HEIGHT="28" WC="0.92" CONTENT="namnet."/><SP WIDTH="16" VPOS="2265" HPOS="734"/>
							<String ID="string_167" HPOS="750" VPOS="2264" WIDTH="184" HEIGHT="29" WC="0.92" CONTENT="Jämförel-"/>
						</TextLine>
						<TextLine ID="line_36" HPOS="221" VPOS="2316" WIDTH="712" HEIGHT="32">
							<String ID="string_168" HPOS="221" VPOS="2316" WIDTH="120" HEIGHT="29" WC="0.91" CONTENT="setalet"/><SP WIDTH="17" VPOS="2316" HPOS="341"/>
							<String ID="string_169" HPOS="358" VPOS="2316" WIDTH="54" HEIGHT="29" WC="0.96" CONTENT="för"/><SP WIDTH="17" VPOS="2316" HPOS="412"/>
							<String ID="string_170" HPOS="429" VPOS="2318" WIDTH="47" HEIGHT="27" WC="0.96" CONTENT="ett"/><SP WIDTH="17" VPOS="2318" HPOS="476"/>
							<String ID="string_171" HPOS="493" VPOS="2326" WIDTH="108" HEIGHT="20" WC="0.96" CONTENT="namn"/><SP WIDTH="17" VPOS="2326" HPOS="601"/>
							<String ID="string_172" HPOS="618" VPOS="2318" WIDTH="37" HEIGHT="29" WC="0.96" CONTENT="är"/><SP WIDTH="17" VPOS="2318" HPOS="655"/>
							<String ID="string_173" HPOS="672" VPOS="2317" WIDTH="72" HEIGHT="30" WC="0.96" CONTENT="lika"/><SP WIDTH="15" VPOS="2317" HPOS="744"/>
							<String ID="string_174" HPOS="759" VPOS="2318" WIDTH="79" HEIGHT="29" WC="0.96" CONTENT="med"/><SP WIDTH="17" VPOS="2318" HPOS="838"/>
							<String ID="string_175" HPOS="855" VPOS="2318" WIDTH="78" HEIGHT="30" WC="0.96" CONTENT="dess"/>
						</TextLine>
						<TextLine ID="line_37" HPOS="218" VPOS="2370" WIDTH="715" HEIGHT="41">
							<String ID="string_176" HPOS="218" VPOS="2370" WIDTH="132" HEIGHT="34" WC="0.90" CONTENT="rösttal,"/><SP WIDTH="24" VPOS="2370" HPOS="350"/>
							<String ID="string_177" HPOS="374" VPOS="2370" WIDTH="62" HEIGHT="31" WC="0.96" CONTENT="där"/><SP WIDTH="22" VPOS="2370" HPOS="436"/>
							<String ID="string_178" HPOS="458" VPOS="2370" WIDTH="75" HEIGHT="31" WC="0.92" CONTENT="icke"/><SP WIDTH="23" VPOS="2370" HPOS="533"/>
							<String ID="string_179" HPOS="556" VPOS="2380" WIDTH="222" HEIGHT="31" WC="0.89" CONTENT="namngrupp"/><SP WIDTH="23" VPOS="2380" HPOS="778"/>
							<String ID="string_180" HPOS="801" VPOS="2381" WIDTH="42" HEIGHT="20" WC="0.93" CONTENT="av"/><SP WIDTH="21" VPOS="2381" HPOS="843"/>
							<String ID="string_181" HPOS="864" VPOS="2372" WIDTH="69" HEIGHT="30" WC="0.89" CONTENT="val-"/>
						</TextLine>
						<TextLine ID="line_38" HPOS="220" VPOS="2423" WIDTH="712" HEIGHT="41">
							<String ID="string_182" HPOS="220" VPOS="2423" WIDTH="122" HEIGHT="35" WC="0.96" CONTENT="sedlar,"/><SP WIDTH="32" VPOS="2423" HPOS="342"/>
							<String ID="string_183" HPOS="374" VPOS="2433" WIDTH="74" HEIGHT="20" WC="0.96" CONTENT="som"/><SP WIDTH="30" VPOS="2433" HPOS="448"/>
							<String ID="string_184" HPOS="478" VPOS="2425" WIDTH="90" HEIGHT="39" WC="0.94" CONTENT="gälla"/><SP WIDTH="29" VPOS="2425" HPOS="568"/>
							<String ID="string_185" HPOS="597" VPOS="2425" WIDTH="55" HEIGHT="29" WC="0.96" CONTENT="för"/><SP WIDTH="29" VPOS="2425" HPOS="652"/>
							<String ID="string_186" HPOS="681" VPOS="2427" WIDTH="152" HEIGHT="33" WC="0.93" CONTENT="namnet,"/><SP WIDTH="31" VPOS="2427" HPOS="833"/>
							<String ID="string_187" HPOS="864" VPOS="2426" WIDTH="68" HEIGHT="29" WC="0.92" CONTENT="del-"/>
						</TextLine>
						<TextLine ID="line_39" HPOS="217" VPOS="2476" WIDTH="714" HEIGHT="39">
							<String ID="string_188" HPOS="217" VPOS="2476" WIDTH="85" HEIGHT="39" WC="0.96" CONTENT="tagit"/><SP WIDTH="25" VPOS="2476" HPOS="302"/>
							<String ID="string_189" HPOS="327" VPOS="2477" WIDTH="11" HEIGHT="28" WC="0.93" CONTENT="i"/><SP WIDTH="23" VPOS="2477" HPOS="338"/>
							<String ID="string_190" HPOS="361" VPOS="2477" WIDTH="219" HEIGHT="30" WC="0.92" CONTENT="besättandet"/><SP WIDTH="25" VPOS="2477" HPOS="580"/>
							<String ID="string_191" HPOS="605" VPOS="2487" WIDTH="42" HEIGHT="20" WC="0.96" CONTENT="av"/><SP WIDTH="24" VPOS="2487" HPOS="647"/>
							<String ID="string_192" HPOS="671" VPOS="2478" WIDTH="94" HEIGHT="30" WC="0.96" CONTENT="förut"/><SP WIDTH="26" VPOS="2478" HPOS="765"/>
							<String ID="string_193" HPOS="791" VPOS="2479" WIDTH="140" HEIGHT="29" WC="0.96" CONTENT="utdelad"/>
						</TextLine>
						<TextLine ID="line_40" HPOS="216" VPOS="2530" WIDTH="716" HEIGHT="39">
							<String ID="string_194" HPOS="216" VPOS="2530" WIDTH="102" HEIGHT="39" WC="0.96" CONTENT="plats."/><SP WIDTH="20" VPOS="2530" HPOS="318"/>
							<String ID="string_195" HPOS="338" VPOS="2530" WIDTH="70" HEIGHT="29" WC="0.96" CONTENT="Har"/><SP WIDTH="20" VPOS="2530" HPOS="408"/>
							<String ID="string_196" HPOS="428" VPOS="2531" WIDTH="37" HEIGHT="29" WC="0.96" CONTENT="så"/><SP WIDTH="19" VPOS="2531" HPOS="465"/>
							<String ID="string_197" HPOS="484" VPOS="2531" WIDTH="100" HEIGHT="34" WC="0.84" CONTENT="skett,"/><SP WIDTH="20" VPOS="2531" HPOS="584"/>
							<String ID="string_198" HPOS="604" VPOS="2531" WIDTH="148" HEIGHT="30" WC="0.96" CONTENT="erhålles"/><SP WIDTH="18" VPOS="2531" HPOS="752"/>
							<String ID="string_199" HPOS="770" VPOS="2535" WIDTH="162" HEIGHT="27" WC="0.94" CONTENT="namnets"/>
						</TextLine>
					</TextBlock>
				</ComposedBlock>
				<ComposedBlock ID="cblock_5" HPOS="489" VPOS="180" WIDTH="983" HEIGHT="32">
					<TextBlock ID="block_8" HPOS="489" VPOS="180" WIDTH="983" HEIGHT="32">
						<TextLine ID="line_41" HPOS="489" VPOS="180" WIDTH="983" HEIGHT="32">
							<String ID="string_200" HPOS="489" VPOS="180" WIDTH="451" HEIGHT="31" WC="0.90" CONTENT="Konstitutionsutskottets"/><SP WIDTH="22" VPOS="180" HPOS="940"/>
							<String ID="string_201" HPOS="962" VPOS="181" WIDTH="219" HEIGHT="31" WC="0.95" CONTENT="betänkande"/><SP WIDTH="21" VPOS="181" HPOS="1181"/>
							<String ID="string_202" HPOS="1202" VPOS="191" WIDTH="42" HEIGHT="21" WC="0.96" CONTENT="nr"/><SP WIDTH="21" VPOS="191" HPOS="1244"/>
							<String ID="string_203" HPOS="1265" VPOS="181" WIDTH="42" HEIGHT="30" WC="0.96" CONTENT="20"/><SP WIDTH="19" VPOS="181" HPOS="1307"/>
							<String ID="string_204" HPOS="1326" VPOS="182" WIDTH="39" HEIGHT="30" WC="0.96" CONTENT="år"/><SP WIDTH="23" VPOS="182" HPOS="1365"/>
							<String ID="string_205" HPOS="1388" VPOS="181" WIDTH="84" HEIGHT="31" WC="0.96" CONTENT="1968"/>
						</TextLine>
					</TextBlock>
				</ComposedBlock>
				<ComposedBlock ID="cblock_6" HPOS="1172" VPOS="261" WIDTH="391" HEIGHT="41">
					<TextBlock ID="block_9" HPOS="1172" VPOS="261" WIDTH="391" HEIGHT="41">
						<TextLine ID="line_42" HPOS="1172" VPOS="261" WIDTH="391" HEIGHT="41">
							<String ID="string_206" HPOS="1172" VPOS="261" WIDTH="226" HEIGHT="40" WC="0.96" CONTENT="(Föreslagen"/><SP WIDTH="17" VPOS="261" HPOS="1398"/>
							<String ID="string_207" HPOS="1415" VPOS="262" WIDTH="148" HEIGHT="40" WC="0.96" CONTENT="lydelse)"/>
						</TextLine>
					</TextBlock>
				</ComposedBlock>
				<ComposedBlock ID="cblock_7" HPOS="987" VPOS="324" WIDTH="737" HEIGHT="2249">
					<TextBlock ID="block_10" HPOS="1004" VPOS="324" WIDTH="720" HEIGHT="150">
						<TextLine ID="line_43" HPOS="1048" VPOS="324" WIDTH="676" HEIGHT="41">
							<String ID="string_208" HPOS="1048" VPOS="324" WIDTH="150" HEIGHT="30" WC="0.95" CONTENT="Partiets"/><SP WIDTH="27" VPOS="324" HPOS="1198"/>
							<String ID="string_209" HPOS="1225" VPOS="325" WIDTH="172" HEIGHT="30" WC="0.96" CONTENT="valsedlar"/><SP WIDTH="29" VPOS="325" HPOS="1397"/>
							<String ID="string_210" HPOS="1426" VPOS="325" WIDTH="128" HEIGHT="30" WC="0.96" CONTENT="ordnas"/><SP WIDTH="30" VPOS="325" HPOS="1554"/>
							<String ID="string_211" HPOS="1584" VPOS="326" WIDTH="10" HEIGHT="29" WC="0.93" CONTENT="i"/><SP WIDTH="26" VPOS="326" HPOS="1594"/>
							<String ID="string_212" HPOS="1620" VPOS="334" WIDTH="104" HEIGHT="31" WC="0.92" CONTENT="grup-"/>
						</TextLine>
						<TextLine ID="line_44" HPOS="1004" VPOS="379" WIDTH="719" HEIGHT="40">
							<String ID="string_213" HPOS="1004" VPOS="388" WIDTH="62" HEIGHT="31" WC="0.96" CONTENT="per"/><SP WIDTH="20" VPOS="388" HPOS="1066"/>
							<String ID="string_214" HPOS="1086" VPOS="379" WIDTH="46" HEIGHT="35" WC="0.96" CONTENT="så,"/><SP WIDTH="22" VPOS="379" HPOS="1132"/>
							<String ID="string_215" HPOS="1154" VPOS="381" WIDTH="49" HEIGHT="29" WC="0.96" CONTENT="att"/><SP WIDTH="21" VPOS="381" HPOS="1203"/>
							<String ID="string_216" HPOS="1224" VPOS="379" WIDTH="112" HEIGHT="31" WC="0.96" CONTENT="sedlar"/><SP WIDTH="21" VPOS="379" HPOS="1336"/>
							<String ID="string_217" HPOS="1357" VPOS="380" WIDTH="79" HEIGHT="30" WC="0.95" CONTENT="med"/><SP WIDTH="22" VPOS="380" HPOS="1436"/>
							<String ID="string_218" HPOS="1458" VPOS="389" WIDTH="135" HEIGHT="21" WC="0.96" CONTENT="samma"/><SP WIDTH="19" VPOS="389" HPOS="1593"/>
							<String ID="string_219" HPOS="1612" VPOS="380" WIDTH="111" HEIGHT="30" WC="0.96" CONTENT="första"/>
						</TextLine>
						<TextLine ID="line_45" HPOS="1009" VPOS="433" WIDTH="415" HEIGHT="41">
							<String ID="string_220" HPOS="1009" VPOS="442" WIDTH="107" HEIGHT="21" WC="0.95" CONTENT="namn"/><SP WIDTH="16" VPOS="442" HPOS="1116"/>
							<String ID="string_221" HPOS="1132" VPOS="433" WIDTH="94" HEIGHT="31" WC="0.96" CONTENT="bilda"/><SP WIDTH="17" VPOS="433" HPOS="1226"/>
							<String ID="string_222" HPOS="1243" VPOS="443" WIDTH="43" HEIGHT="20" WC="0.95" CONTENT="en"/><SP WIDTH="15" VPOS="443" HPOS="1286"/>
							<String ID="string_223" HPOS="1301" VPOS="443" WIDTH="123" HEIGHT="31" WC="0.96" CONTENT="grupp."/>
						</TextLine>
					</TextBlock>
					<TextBlock ID="block_11" HPOS="1005" VPOS="487" WIDTH="718" HEIGHT="257">
						<TextLine ID="line_46" HPOS="1052" VPOS="487" WIDTH="671" HEIGHT="41">
							<String ID="string_224" HPOS="1052" VPOS="487" WIDTH="227" HEIGHT="31" WC="0.90" CONTENT="Valsedlarna"/><SP WIDTH="16" VPOS="487" HPOS="1279"/>
							<String ID="string_225" HPOS="1295" VPOS="488" WIDTH="95" HEIGHT="29" WC="0.95" CONTENT="inom"/><SP WIDTH="16" VPOS="488" HPOS="1390"/>
							<String ID="string_226" HPOS="1406" VPOS="488" WIDTH="96" HEIGHT="39" WC="0.95" CONTENT="varje"/><SP WIDTH="14" VPOS="488" HPOS="1502"/>
							<String ID="string_227" HPOS="1516" VPOS="497" WIDTH="113" HEIGHT="31" WC="0.93" CONTENT="grupp"/><SP WIDTH="15" VPOS="497" HPOS="1629"/>
							<String ID="string_228" HPOS="1644" VPOS="488" WIDTH="79" HEIGHT="29" WC="0.92" CONTENT="räk-"/>
						</TextLine>
						<TextLine ID="line_47" HPOS="1007" VPOS="541" WIDTH="714" HEIGHT="41">
							<String ID="string_229" HPOS="1007" VPOS="551" WIDTH="73" HEIGHT="25" WC="0.96" CONTENT="nas,"/><SP WIDTH="21" VPOS="551" HPOS="1080"/>
							<String ID="string_230" HPOS="1101" VPOS="541" WIDTH="65" HEIGHT="30" WC="0.96" CONTENT="och"/><SP WIDTH="21" VPOS="541" HPOS="1166"/>
							<String ID="string_231" HPOS="1187" VPOS="541" WIDTH="101" HEIGHT="31" WC="0.96" CONTENT="deras"/><SP WIDTH="21" VPOS="541" HPOS="1288"/>
							<String ID="string_232" HPOS="1309" VPOS="542" WIDTH="95" HEIGHT="30" WC="0.96" CONTENT="antal"/><SP WIDTH="20" VPOS="542" HPOS="1404"/>
							<String ID="string_233" HPOS="1424" VPOS="543" WIDTH="101" HEIGHT="38" WC="0.96" CONTENT="utgör"/><SP WIDTH="20" VPOS="543" HPOS="1525"/>
							<String ID="string_234" HPOS="1545" VPOS="551" WIDTH="176" HEIGHT="31" WC="0.95" CONTENT="gruppens"/>
						</TextLine>
						<TextLine ID="line_48" HPOS="1006" VPOS="595" WIDTH="715" HEIGHT="40">
							<String ID="string_235" HPOS="1006" VPOS="596" WIDTH="133" HEIGHT="30" WC="0.91" CONTENT="rösttal."/><SP WIDTH="27" VPOS="596" HPOS="1139"/>
							<String ID="string_236" HPOS="1166" VPOS="595" WIDTH="140" HEIGHT="31" WC="0.95" CONTENT="Samma"/><SP WIDTH="24" VPOS="595" HPOS="1306"/>
							<String ID="string_237" HPOS="1330" VPOS="596" WIDTH="49" HEIGHT="30" WC="0.96" CONTENT="tal"/><SP WIDTH="24" VPOS="596" HPOS="1379"/>
							<String ID="string_238" HPOS="1403" VPOS="596" WIDTH="38" HEIGHT="30" WC="0.96" CONTENT="är"/><SP WIDTH="24" VPOS="596" HPOS="1441"/>
							<String ID="string_239" HPOS="1465" VPOS="595" WIDTH="106" HEIGHT="31" WC="0.92" CONTENT="också"/><SP WIDTH="23" VPOS="595" HPOS="1571"/>
							<String ID="string_240" HPOS="1594" VPOS="595" WIDTH="127" HEIGHT="40" WC="0.89" CONTENT="jämfö-"/>
						</TextLine>
						<TextLine ID="line_49" HPOS="1006" VPOS="650" WIDTH="715" HEIGHT="35">
							<String ID="string_241" HPOS="1006" VPOS="650" WIDTH="138" HEIGHT="30" WC="0.92" CONTENT="relsetal"/><SP WIDTH="19" VPOS="650" HPOS="1144"/>
							<String ID="string_242" HPOS="1163" VPOS="650" WIDTH="54" HEIGHT="30" WC="0.96" CONTENT="för"/><SP WIDTH="18" VPOS="650" HPOS="1217"/>
							<String ID="string_243" HPOS="1235" VPOS="650" WIDTH="56" HEIGHT="30" WC="0.96" CONTENT="det"/><SP WIDTH="19" VPOS="650" HPOS="1291"/>
							<String ID="string_244" HPOS="1310" VPOS="659" WIDTH="118" HEIGHT="26" WC="0.96" CONTENT="namn,"/><SP WIDTH="21" VPOS="659" HPOS="1428"/>
							<String ID="string_245" HPOS="1449" VPOS="659" WIDTH="74" HEIGHT="21" WC="0.96" CONTENT="som"/><SP WIDTH="20" VPOS="659" HPOS="1523"/>
							<String ID="string_246" HPOS="1543" VPOS="650" WIDTH="71" HEIGHT="30" WC="0.96" CONTENT="står"/><SP WIDTH="19" VPOS="650" HPOS="1614"/>
							<String ID="string_247" HPOS="1633" VPOS="650" WIDTH="88" HEIGHT="30" WC="0.96" CONTENT="först"/>
						</TextLine>
						<TextLine ID="line_50" HPOS="1005" VPOS="704" WIDTH="441" HEIGHT="40">
							<String ID="string_248" HPOS="1005" VPOS="704" WIDTH="44" HEIGHT="40" WC="0.96" CONTENT="på"/><SP WIDTH="19" VPOS="704" HPOS="1049"/>
							<String ID="string_249" HPOS="1068" VPOS="713" WIDTH="176" HEIGHT="31" WC="0.96" CONTENT="gruppens"/><SP WIDTH="20" VPOS="713" HPOS="1244"/>
							<String ID="string_250" HPOS="1264" VPOS="704" WIDTH="182" HEIGHT="30" WC="0.95" CONTENT="valsedlar."/>
						</TextLine>
					</TextBlock>
					<TextBlock ID="block_12" HPOS="1004" VPOS="758" WIDTH="716" HEIGHT="147">
						<TextLine ID="line_51" HPOS="1049" VPOS="758" WIDTH="671" HEIGHT="40">
							<String ID="string_251" HPOS="1049" VPOS="759" WIDTH="64" HEIGHT="29" WC="0.96" CONTENT="Det"/><SP WIDTH="29" VPOS="759" HPOS="1113"/>
							<String ID="string_252" HPOS="1142" VPOS="767" WIDTH="118" HEIGHT="26" WC="0.95" CONTENT="namn,"/><SP WIDTH="29" VPOS="767" HPOS="1260"/>
							<String ID="string_253" HPOS="1289" VPOS="768" WIDTH="80" HEIGHT="20" WC="0.96" CONTENT="vars"/><SP WIDTH="28" VPOS="768" HPOS="1369"/>
							<String ID="string_254" HPOS="1397" VPOS="758" WIDTH="255" HEIGHT="40" WC="0.96" CONTENT="jämförelsetal"/><SP WIDTH="31" VPOS="758" HPOS="1652"/>
							<String ID="string_255" HPOS="1683" VPOS="758" WIDTH="37" HEIGHT="29" WC="0.89" CONTENT="år"/>
						</TextLine>
						<TextLine ID="line_52" HPOS="1006" VPOS="812" WIDTH="713" HEIGHT="40">
							<String ID="string_256" HPOS="1006" VPOS="813" WIDTH="113" HEIGHT="34" WC="0.96" CONTENT="störst,"/><SP WIDTH="25" VPOS="813" HPOS="1119"/>
							<String ID="string_257" HPOS="1144" VPOS="812" WIDTH="148" HEIGHT="30" WC="0.96" CONTENT="erhåller"/><SP WIDTH="25" VPOS="812" HPOS="1292"/>
							<String ID="string_258" HPOS="1317" VPOS="813" WIDTH="110" HEIGHT="29" WC="0.96" CONTENT="första"/><SP WIDTH="22" VPOS="813" HPOS="1427"/>
							<String ID="string_259" HPOS="1449" VPOS="812" WIDTH="137" HEIGHT="40" WC="0.96" CONTENT="platsen"/><SP WIDTH="23" VPOS="812" HPOS="1586"/>
							<String ID="string_260" HPOS="1609" VPOS="812" WIDTH="11" HEIGHT="29" WC="0.92" CONTENT="i"/><SP WIDTH="23" VPOS="812" HPOS="1620"/>
							<String ID="string_261" HPOS="1643" VPOS="812" WIDTH="76" HEIGHT="29" WC="0.92" CONTENT="ord-"/>
						</TextLine>
						<TextLine ID="line_53" HPOS="1004" VPOS="867" WIDTH="139" HEIGHT="38">
							<String ID="string_262" HPOS="1004" VPOS="867" WIDTH="139" HEIGHT="38" WC="0.95" CONTENT="ningen."/>
						</TextLine>
					</TextBlock>
					<TextBlock ID="block_13" HPOS="999" VPOS="918" WIDTH="720" HEIGHT="247">
						<TextLine ID="line_54" HPOS="1047" VPOS="918" WIDTH="672" HEIGHT="41">
							<String ID="string_263" HPOS="1047" VPOS="919" WIDTH="66" HEIGHT="29" WC="0.95" CONTENT="Vid"/><SP WIDTH="36" VPOS="919" HPOS="1113"/>
							<String ID="string_264" HPOS="1149" VPOS="919" WIDTH="97" HEIGHT="40" WC="0.95" CONTENT="varje"/><SP WIDTH="37" VPOS="919" HPOS="1246"/>
							<String ID="string_265" HPOS="1283" VPOS="918" WIDTH="157" HEIGHT="41" WC="0.93" CONTENT="följande"/><SP WIDTH="38" VPOS="918" HPOS="1440"/>
							<String ID="string_266" HPOS="1478" VPOS="918" WIDTH="241" HEIGHT="30" WC="0.92" CONTENT="sammanräk-"/>
						</TextLine>
						<TextLine ID="line_55" HPOS="1003" VPOS="973" WIDTH="713" HEIGHT="40">
							<String ID="string_267" HPOS="1003" VPOS="974" WIDTH="83" HEIGHT="39" WC="0.96" CONTENT="ning"/><SP WIDTH="29" VPOS="974" HPOS="1086"/>
							<String ID="string_268" HPOS="1115" VPOS="974" WIDTH="106" HEIGHT="39" WC="0.90" CONTENT="gäller"/><SP WIDTH="29" VPOS="974" HPOS="1221"/>
							<String ID="string_269" HPOS="1250" VPOS="973" WIDTH="151" HEIGHT="30" WC="0.95" CONTENT="valsedel"/><SP WIDTH="30" VPOS="973" HPOS="1401"/>
							<String ID="string_270" HPOS="1431" VPOS="973" WIDTH="54" HEIGHT="30" WC="0.96" CONTENT="för"/><SP WIDTH="29" VPOS="973" HPOS="1485"/>
							<String ID="string_271" HPOS="1514" VPOS="973" WIDTH="56" HEIGHT="29" WC="0.96" CONTENT="det"/><SP WIDTH="29" VPOS="973" HPOS="1570"/>
							<String ID="string_272" HPOS="1599" VPOS="982" WIDTH="117" HEIGHT="25" WC="0.96" CONTENT="namn,"/>
						</TextLine>
						<TextLine ID="line_56" HPOS="999" VPOS="1026" WIDTH="716" HEIGHT="36">
							<String ID="string_273" HPOS="999" VPOS="1028" WIDTH="116" HEIGHT="34" WC="0.96" CONTENT="vilket,"/><SP WIDTH="15" VPOS="1028" HPOS="1115"/>
							<String ID="string_274" HPOS="1130" VPOS="1028" WIDTH="146" HEIGHT="29" WC="0.96" CONTENT="bortsett"/><SP WIDTH="16" VPOS="1028" HPOS="1276"/>
							<String ID="string_275" HPOS="1292" VPOS="1027" WIDTH="79" HEIGHT="30" WC="0.96" CONTENT="från"/><SP WIDTH="15" VPOS="1027" HPOS="1371"/>
							<String ID="string_276" HPOS="1386" VPOS="1036" WIDTH="117" HEIGHT="25" WC="0.96" CONTENT="namn,"/><SP WIDTH="17" VPOS="1036" HPOS="1503"/>
							<String ID="string_277" HPOS="1520" VPOS="1036" WIDTH="73" HEIGHT="21" WC="0.96" CONTENT="som"/><SP WIDTH="16" VPOS="1036" HPOS="1593"/>
							<String ID="string_278" HPOS="1609" VPOS="1026" WIDTH="106" HEIGHT="29" WC="0.95" CONTENT="redan"/>
						</TextLine>
						<TextLine ID="line_57" HPOS="1002" VPOS="1080" WIDTH="714" HEIGHT="41">
							<String ID="string_279" HPOS="1002" VPOS="1081" WIDTH="138" HEIGHT="30" WC="0.96" CONTENT="erhållit"/><SP WIDTH="14" VPOS="1081" HPOS="1140"/>
							<String ID="string_280" HPOS="1154" VPOS="1082" WIDTH="91" HEIGHT="39" WC="0.96" CONTENT="plats"/><SP WIDTH="15" VPOS="1082" HPOS="1245"/>
							<String ID="string_281" HPOS="1260" VPOS="1081" WIDTH="10" HEIGHT="29" WC="0.96" CONTENT="i"/><SP WIDTH="14" VPOS="1081" HPOS="1270"/>
							<String ID="string_282" HPOS="1284" VPOS="1081" WIDTH="204" HEIGHT="39" WC="0.96" CONTENT="ordningen,"/><SP WIDTH="17" VPOS="1081" HPOS="1488"/>
							<String ID="string_283" HPOS="1505" VPOS="1080" WIDTH="71" HEIGHT="30" WC="0.97" CONTENT="står"/><SP WIDTH="16" VPOS="1080" HPOS="1576"/>
							<String ID="string_284" HPOS="1592" VPOS="1080" WIDTH="124" HEIGHT="30" WC="0.96" CONTENT="främst"/>
						</TextLine>
						<TextLine ID="line_58" HPOS="1001" VPOS="1129" WIDTH="613" HEIGHT="36">
							<String ID="string_285" HPOS="1001" VPOS="1135" WIDTH="20" HEIGHT="29" WC="0.93" CONTENT="å"/><SP WIDTH="21" VPOS="1135" HPOS="1021"/>
							<String ID="string_286" HPOS="1042" VPOS="1135" WIDTH="127" HEIGHT="30" WC="0.96" CONTENT="sedeln."/><SP WIDTH="433" VPOS="1135" HPOS="1169"/>
							<String ID="string_287" HPOS="1602" VPOS="1129" WIDTH="12" HEIGHT="5" WC="0.0" CONTENT="-"/>
						</TextLine>
					</TextBlock>
					<TextBlock ID="block_14" HPOS="996" VPOS="1190" WIDTH="719" HEIGHT="523">
						<TextLine ID="line_59" HPOS="1045" VPOS="1190" WIDTH="670" HEIGHT="40">
							<String ID="string_288" HPOS="1045" VPOS="1190" WIDTH="74" HEIGHT="28" WC="0.96" CONTENT="Den"/><SP WIDTH="27" VPOS="1190" HPOS="1119"/>
							<String ID="string_289" HPOS="1146" VPOS="1190" WIDTH="81" HEIGHT="29" WC="0.95" CONTENT="eller"/><SP WIDTH="27" VPOS="1190" HPOS="1227"/>
							<String ID="string_290" HPOS="1254" VPOS="1190" WIDTH="41" HEIGHT="29" WC="0.96" CONTENT="de"/><SP WIDTH="25" VPOS="1190" HPOS="1295"/>
							<String ID="string_291" HPOS="1320" VPOS="1199" WIDTH="162" HEIGHT="31" WC="0.96" CONTENT="grupper,"/><SP WIDTH="27" VPOS="1199" HPOS="1482"/>
							<String ID="string_292" HPOS="1509" VPOS="1191" WIDTH="112" HEIGHT="29" WC="0.93" CONTENT="vilkas"/><SP WIDTH="25" VPOS="1191" HPOS="1621"/>
							<String ID="string_293" HPOS="1646" VPOS="1191" WIDTH="69" HEIGHT="29" WC="0.90" CONTENT="val-"/>
						</TextLine>
						<TextLine ID="line_60" HPOS="1001" VPOS="1243" WIDTH="714" HEIGHT="41">
							<String ID="string_294" HPOS="1001" VPOS="1243" WIDTH="113" HEIGHT="30" WC="0.96" CONTENT="sedlar"/><SP WIDTH="22" VPOS="1243" HPOS="1114"/>
							<String ID="string_295" HPOS="1136" VPOS="1244" WIDTH="57" HEIGHT="29" WC="0.96" CONTENT="vid"/><SP WIDTH="22" VPOS="1244" HPOS="1193"/>
							<String ID="string_296" HPOS="1215" VPOS="1245" WIDTH="157" HEIGHT="29" WC="0.96" CONTENT="närmast"/><SP WIDTH="23" VPOS="1245" HPOS="1372"/>
							<String ID="string_297" HPOS="1395" VPOS="1244" WIDTH="208" HEIGHT="40" WC="0.93" CONTENT="föregående"/><SP WIDTH="24" VPOS="1244" HPOS="1603"/>
							<String ID="string_298" HPOS="1627" VPOS="1254" WIDTH="88" HEIGHT="20" WC="0.90" CONTENT="sam-"/>
						</TextLine>
						<TextLine ID="line_61" HPOS="1000" VPOS="1297" WIDTH="714" HEIGHT="40">
							<String ID="string_299" HPOS="1000" VPOS="1297" WIDTH="235" HEIGHT="40" WC="0.90" CONTENT="manräkning"/><SP WIDTH="34" VPOS="1297" HPOS="1235"/>
							<String ID="string_300" HPOS="1269" VPOS="1298" WIDTH="112" HEIGHT="39" WC="0.95" CONTENT="gällde"/><SP WIDTH="35" VPOS="1298" HPOS="1381"/>
							<String ID="string_301" HPOS="1416" VPOS="1298" WIDTH="54" HEIGHT="29" WC="0.96" CONTENT="för"/><SP WIDTH="35" VPOS="1298" HPOS="1470"/>
							<String ID="string_302" HPOS="1505" VPOS="1298" WIDTH="56" HEIGHT="29" WC="0.96" CONTENT="det"/><SP WIDTH="35" VPOS="1298" HPOS="1561"/>
							<String ID="string_303" HPOS="1596" VPOS="1307" WIDTH="118" HEIGHT="26" WC="0.96" CONTENT="namn,"/>
						</TextLine>
						<TextLine ID="line_62" HPOS="1001" VPOS="1351" WIDTH="713" HEIGHT="40">
							<String ID="string_304" HPOS="1001" VPOS="1360" WIDTH="74" HEIGHT="20" WC="0.96" CONTENT="som"/><SP WIDTH="20" VPOS="1360" HPOS="1075"/>
							<String ID="string_305" HPOS="1095" VPOS="1351" WIDTH="110" HEIGHT="29" WC="0.96" CONTENT="erhöll"/><SP WIDTH="20" VPOS="1351" HPOS="1205"/>
							<String ID="string_306" HPOS="1225" VPOS="1352" WIDTH="91" HEIGHT="38" WC="0.96" CONTENT="plats"/><SP WIDTH="21" VPOS="1352" HPOS="1316"/>
							<String ID="string_307" HPOS="1337" VPOS="1352" WIDTH="10" HEIGHT="28" WC="0.96" CONTENT="i"/><SP WIDTH="20" VPOS="1352" HPOS="1347"/>
							<String ID="string_308" HPOS="1367" VPOS="1352" WIDTH="204" HEIGHT="39" WC="0.92" CONTENT="ordningen,"/><SP WIDTH="22" VPOS="1352" HPOS="1571"/>
							<String ID="string_309" HPOS="1593" VPOS="1352" WIDTH="121" HEIGHT="39" WC="0.92" CONTENT="upplö-"/>
						</TextLine>
						<TextLine ID="line_63" HPOS="1000" VPOS="1404" WIDTH="714" HEIGHT="34">
							<String ID="string_310" HPOS="1000" VPOS="1413" WIDTH="65" HEIGHT="25" WC="0.96" CONTENT="sas,"/><SP WIDTH="25" VPOS="1413" HPOS="1065"/>
							<String ID="string_311" HPOS="1090" VPOS="1404" WIDTH="64" HEIGHT="29" WC="0.96" CONTENT="och"/><SP WIDTH="24" VPOS="1404" HPOS="1154"/>
							<String ID="string_312" HPOS="1178" VPOS="1404" WIDTH="154" HEIGHT="30" WC="0.96" CONTENT="nämnda"/><SP WIDTH="23" VPOS="1404" HPOS="1332"/>
							<String ID="string_313" HPOS="1355" VPOS="1404" WIDTH="173" HEIGHT="30" WC="0.95" CONTENT="valsedlar"/><SP WIDTH="23" VPOS="1404" HPOS="1528"/>
							<String ID="string_314" HPOS="1551" VPOS="1405" WIDTH="128" HEIGHT="29" WC="0.96" CONTENT="ordnas"/><SP WIDTH="24" VPOS="1405" HPOS="1679"/>
							<String ID="string_315" HPOS="1703" VPOS="1405" WIDTH="11" HEIGHT="29" WC="0.96" CONTENT="i"/>
						</TextLine>
						<TextLine ID="line_64" HPOS="999" VPOS="1458" WIDTH="714" HEIGHT="40">
							<String ID="string_316" HPOS="999" VPOS="1467" WIDTH="69" HEIGHT="30" WC="0.96" CONTENT="nya"/><SP WIDTH="22" VPOS="1467" HPOS="1068"/>
							<String ID="string_317" HPOS="1090" VPOS="1466" WIDTH="150" HEIGHT="32" WC="0.96" CONTENT="grupper"/><SP WIDTH="25" VPOS="1466" HPOS="1240"/>
							<String ID="string_318" HPOS="1265" VPOS="1458" WIDTH="47" HEIGHT="35" WC="0.96" CONTENT="så,"/><SP WIDTH="24" VPOS="1458" HPOS="1312"/>
							<String ID="string_319" HPOS="1336" VPOS="1460" WIDTH="50" HEIGHT="28" WC="0.96" CONTENT="att"/><SP WIDTH="25" VPOS="1460" HPOS="1386"/>
							<String ID="string_320" HPOS="1411" VPOS="1458" WIDTH="122" HEIGHT="35" WC="0.95" CONTENT="sedlar,"/><SP WIDTH="26" VPOS="1458" HPOS="1533"/>
							<String ID="string_321" HPOS="1559" VPOS="1468" WIDTH="74" HEIGHT="20" WC="0.96" CONTENT="som"/><SP WIDTH="23" VPOS="1468" HPOS="1633"/>
							<String ID="string_322" HPOS="1656" VPOS="1458" WIDTH="57" HEIGHT="30" WC="0.96" CONTENT="vid"/>
						</TextLine>
						<TextLine ID="line_65" HPOS="998" VPOS="1511" WIDTH="715" HEIGHT="41">
							<String ID="string_323" HPOS="998" VPOS="1511" WIDTH="66" HEIGHT="30" WC="0.96" CONTENT="den"/><SP WIDTH="15" VPOS="1511" HPOS="1064"/>
							<String ID="string_324" HPOS="1079" VPOS="1511" WIDTH="177" HEIGHT="40" WC="0.93" CONTENT="pågående"/><SP WIDTH="16" VPOS="1511" HPOS="1256"/>
							<String ID="string_325" HPOS="1272" VPOS="1512" WIDTH="358" HEIGHT="40" WC="0.87" CONTENT="sammanräkningen"/><SP WIDTH="15" VPOS="1512" HPOS="1630"/>
							<String ID="string_326" HPOS="1645" VPOS="1513" WIDTH="68" HEIGHT="39" WC="0.92" CONTENT="gäl-"/>
						</TextLine>
						<TextLine ID="line_66" HPOS="998" VPOS="1565" WIDTH="714" HEIGHT="35">
							<String ID="string_327" HPOS="998" VPOS="1566" WIDTH="32" HEIGHT="29" WC="0.95" CONTENT="la"/><SP WIDTH="19" VPOS="1566" HPOS="1030"/>
							<String ID="string_328" HPOS="1049" VPOS="1565" WIDTH="53" HEIGHT="30" WC="0.96" CONTENT="för"/><SP WIDTH="18" VPOS="1565" HPOS="1102"/>
							<String ID="string_329" HPOS="1120" VPOS="1567" WIDTH="48" HEIGHT="28" WC="0.96" CONTENT="ett"/><SP WIDTH="18" VPOS="1567" HPOS="1168"/>
							<String ID="string_330" HPOS="1186" VPOS="1565" WIDTH="65" HEIGHT="30" WC="0.96" CONTENT="och"/><SP WIDTH="19" VPOS="1565" HPOS="1251"/>
							<String ID="string_331" HPOS="1270" VPOS="1575" WIDTH="135" HEIGHT="20" WC="0.96" CONTENT="samma"/><SP WIDTH="17" VPOS="1575" HPOS="1405"/>
							<String ID="string_332" HPOS="1422" VPOS="1575" WIDTH="117" HEIGHT="25" WC="0.95" CONTENT="namn,"/><SP WIDTH="19" VPOS="1575" HPOS="1539"/>
							<String ID="string_333" HPOS="1558" VPOS="1565" WIDTH="95" HEIGHT="30" WC="0.96" CONTENT="bilda"/><SP WIDTH="17" VPOS="1565" HPOS="1653"/>
							<String ID="string_334" HPOS="1670" VPOS="1575" WIDTH="42" HEIGHT="20" WC="0.96" CONTENT="en"/>
						</TextLine>
						<TextLine ID="line_67" HPOS="996" VPOS="1619" WIDTH="716" HEIGHT="40">
							<String ID="string_335" HPOS="996" VPOS="1628" WIDTH="129" HEIGHT="31" WC="0.96" CONTENT="grupp;"/><SP WIDTH="18" VPOS="1628" HPOS="1125"/>
							<String ID="string_336" HPOS="1143" VPOS="1619" WIDTH="156" HEIGHT="30" WC="0.96" CONTENT="däremot"/><SP WIDTH="16" VPOS="1619" HPOS="1299"/>
							<String ID="string_337" HPOS="1315" VPOS="1619" WIDTH="193" HEIGHT="30" WC="0.96" CONTENT="bibehållas"/><SP WIDTH="17" VPOS="1619" HPOS="1508"/>
							<String ID="string_338" HPOS="1525" VPOS="1620" WIDTH="117" HEIGHT="39" WC="0.93" CONTENT="övriga"/><SP WIDTH="14" VPOS="1620" HPOS="1642"/>
							<String ID="string_339" HPOS="1656" VPOS="1620" WIDTH="56" HEIGHT="29" WC="0.90" CONTENT="be-"/>
						</TextLine>
						<TextLine ID="line_68" HPOS="998" VPOS="1673" WIDTH="570" HEIGHT="40">
							<String ID="string_340" HPOS="998" VPOS="1673" WIDTH="137" HEIGHT="40" WC="0.91" CONTENT="fintliga"/><SP WIDTH="18" VPOS="1673" HPOS="1135"/>
							<String ID="string_341" HPOS="1153" VPOS="1682" WIDTH="152" HEIGHT="31" WC="0.96" CONTENT="grupper"/><SP WIDTH="18" VPOS="1682" HPOS="1305"/>
							<String ID="string_342" HPOS="1323" VPOS="1673" WIDTH="245" HEIGHT="30" WC="0.96" CONTENT="oförändrade."/>
						</TextLine>
					</TextBlock>
					<TextBlock ID="block_15" HPOS="994" VPOS="1727" WIDTH="716" HEIGHT="147">
						<TextLine ID="line_69" HPOS="1040" VPOS="1727" WIDTH="670" HEIGHT="40">
							<String ID="string_343" HPOS="1040" VPOS="1727" WIDTH="228" HEIGHT="30" WC="0.90" CONTENT="Valsedlarna"/><SP WIDTH="29" VPOS="1727" HPOS="1268"/>
							<String ID="string_344" HPOS="1297" VPOS="1727" WIDTH="95" HEIGHT="29" WC="0.95" CONTENT="inom"/><SP WIDTH="28" VPOS="1727" HPOS="1392"/>
							<String ID="string_345" HPOS="1420" VPOS="1727" WIDTH="97" HEIGHT="39" WC="0.95" CONTENT="varje"/><SP WIDTH="28" VPOS="1727" HPOS="1517"/>
							<String ID="string_346" HPOS="1545" VPOS="1727" WIDTH="165" HEIGHT="40" WC="0.96" CONTENT="nybildad"/>
						</TextLine>
						<TextLine ID="line_70" HPOS="994" VPOS="1780" WIDTH="716" HEIGHT="41">
							<String ID="string_347" HPOS="994" VPOS="1790" WIDTH="114" HEIGHT="31" WC="0.96" CONTENT="grupp"/><SP WIDTH="19" VPOS="1790" HPOS="1108"/>
							<String ID="string_348" HPOS="1127" VPOS="1781" WIDTH="140" HEIGHT="35" WC="0.95" CONTENT="räknas,"/><SP WIDTH="21" VPOS="1781" HPOS="1267"/>
							<String ID="string_349" HPOS="1288" VPOS="1780" WIDTH="64" HEIGHT="30" WC="0.96" CONTENT="och"/><SP WIDTH="21" VPOS="1780" HPOS="1352"/>
							<String ID="string_350" HPOS="1373" VPOS="1780" WIDTH="101" HEIGHT="30" WC="0.96" CONTENT="deras"/><SP WIDTH="21" VPOS="1780" HPOS="1474"/>
							<String ID="string_351" HPOS="1495" VPOS="1781" WIDTH="94" HEIGHT="29" WC="0.96" CONTENT="antal"/><SP WIDTH="21" VPOS="1781" HPOS="1589"/>
							<String ID="string_352" HPOS="1610" VPOS="1781" WIDTH="100" HEIGHT="39" WC="0.96" CONTENT="utgör"/>
						</TextLine>
						<TextLine ID="line_71" HPOS="994" VPOS="1835" WIDTH="326" HEIGHT="39">
							<String ID="string_353" HPOS="994" VPOS="1844" WIDTH="176" HEIGHT="30" WC="0.92" CONTENT="gruppens"/><SP WIDTH="18" VPOS="1844" HPOS="1170"/>
							<String ID="string_354" HPOS="1188" VPOS="1835" WIDTH="132" HEIGHT="29" WC="0.92" CONTENT="rösttal."/>
						</TextLine>
					</TextBlock>
					<TextBlock ID="block_16" HPOS="992" VPOS="1890" WIDTH="717" HEIGHT="146">
						<TextLine ID="line_72" HPOS="1038" VPOS="1890" WIDTH="671" HEIGHT="39">
							<String ID="string_355" HPOS="1038" VPOS="1890" WIDTH="68" HEIGHT="29" WC="0.96" CONTENT="För"/><SP WIDTH="18" VPOS="1890" HPOS="1106"/>
							<String ID="string_356" HPOS="1124" VPOS="1890" WIDTH="41" HEIGHT="29" WC="0.96" CONTENT="de"/><SP WIDTH="18" VPOS="1890" HPOS="1165"/>
							<String ID="string_357" HPOS="1183" VPOS="1900" WIDTH="117" HEIGHT="25" WC="0.96" CONTENT="namn,"/><SP WIDTH="20" VPOS="1900" HPOS="1300"/>
							<String ID="string_358" HPOS="1320" VPOS="1891" WIDTH="54" HEIGHT="29" WC="0.96" CONTENT="för"/><SP WIDTH="18" VPOS="1891" HPOS="1374"/>
							<String ID="string_359" HPOS="1392" VPOS="1891" WIDTH="94" HEIGHT="29" WC="0.96" CONTENT="vilka"/><SP WIDTH="18" VPOS="1891" HPOS="1486"/>
							<String ID="string_360" HPOS="1504" VPOS="1891" WIDTH="118" HEIGHT="29" WC="0.91" CONTENT="finnas"/><SP WIDTH="18" VPOS="1891" HPOS="1622"/>
							<String ID="string_361" HPOS="1640" VPOS="1890" WIDTH="69" HEIGHT="39" WC="0.91" CONTENT="gäl-"/>
						</TextLine>
						<TextLine ID="line_73" HPOS="994" VPOS="1943" WIDTH="715" HEIGHT="36">
							<String ID="string_362" HPOS="994" VPOS="1944" WIDTH="102" HEIGHT="30" WC="0.96" CONTENT="lande"/><SP WIDTH="16" VPOS="1944" HPOS="1096"/>
							<String ID="string_363" HPOS="1112" VPOS="1944" WIDTH="182" HEIGHT="35" WC="0.96" CONTENT="valsedlar,"/><SP WIDTH="19" VPOS="1944" HPOS="1294"/>
							<String ID="string_364" HPOS="1313" VPOS="1944" WIDTH="173" HEIGHT="30" WC="0.93" CONTENT="beräknas"/><SP WIDTH="17" VPOS="1944" HPOS="1486"/>
							<String ID="string_365" HPOS="1503" VPOS="1944" WIDTH="123" HEIGHT="30" WC="0.90" CONTENT="rösttal"/><SP WIDTH="18" VPOS="1944" HPOS="1626"/>
							<String ID="string_366" HPOS="1644" VPOS="1943" WIDTH="65" HEIGHT="30" WC="0.96" CONTENT="och"/>
						</TextLine>
						<TextLine ID="line_74" HPOS="992" VPOS="1997" WIDTH="265" HEIGHT="39">
							<String ID="string_367" HPOS="992" VPOS="1997" WIDTH="265" HEIGHT="39" WC="0.95" CONTENT="jämförelsetal."/>
						</TextLine>
					</TextBlock>
					<TextBlock ID="block_17" HPOS="992" VPOS="2050" WIDTH="715" HEIGHT="202">
						<TextLine ID="line_75" HPOS="1038" VPOS="2050" WIDTH="669" HEIGHT="31">
							<String ID="string_368" HPOS="1038" VPOS="2051" WIDTH="169" HEIGHT="29" WC="0.91" CONTENT="Rösttalet"/><SP WIDTH="18" VPOS="2051" HPOS="1207"/>
							<String ID="string_369" HPOS="1225" VPOS="2051" WIDTH="55" HEIGHT="30" WC="0.96" CONTENT="för"/><SP WIDTH="16" VPOS="2051" HPOS="1280"/>
							<String ID="string_370" HPOS="1296" VPOS="2053" WIDTH="47" HEIGHT="27" WC="0.95" CONTENT="ett"/><SP WIDTH="18" VPOS="2053" HPOS="1343"/>
							<String ID="string_371" HPOS="1361" VPOS="2060" WIDTH="108" HEIGHT="21" WC="0.96" CONTENT="namn"/><SP WIDTH="17" VPOS="2060" HPOS="1469"/>
							<String ID="string_372" HPOS="1486" VPOS="2052" WIDTH="37" HEIGHT="28" WC="0.96" CONTENT="är"/><SP WIDTH="18" VPOS="2052" HPOS="1523"/>
							<String ID="string_373" HPOS="1541" VPOS="2051" WIDTH="72" HEIGHT="30" WC="0.95" CONTENT="lika"/><SP WIDTH="15" VPOS="2051" HPOS="1613"/>
							<String ID="string_374" HPOS="1628" VPOS="2050" WIDTH="79" HEIGHT="30" WC="0.95" CONTENT="med"/>
						</TextLine>
						<TextLine ID="line_76" HPOS="992" VPOS="2105" WIDTH="710" HEIGHT="39">
							<String ID="string_375" HPOS="992" VPOS="2105" WIDTH="158" HEIGHT="29" WC="0.91" CONTENT="rösttalet"/><SP WIDTH="27" VPOS="2105" HPOS="1150"/>
							<String ID="string_376" HPOS="1177" VPOS="2105" WIDTH="57" HEIGHT="39" WC="0.96" CONTENT="för"/><SP WIDTH="27" VPOS="2105" HPOS="1234"/>
							<String ID="string_377" HPOS="1261" VPOS="2105" WIDTH="65" HEIGHT="29" WC="0.96" CONTENT="den"/><SP WIDTH="28" VPOS="2105" HPOS="1326"/>
							<String ID="string_378" HPOS="1354" VPOS="2114" WIDTH="123" HEIGHT="30" WC="0.96" CONTENT="grupp,"/><SP WIDTH="30" VPOS="2114" HPOS="1477"/>
							<String ID="string_379" HPOS="1507" VPOS="2105" WIDTH="82" HEIGHT="29" WC="0.95" CONTENT="eller"/><SP WIDTH="29" VPOS="2105" HPOS="1589"/>
							<String ID="string_380" HPOS="1618" VPOS="2114" WIDTH="84" HEIGHT="20" WC="0.12" CONTENT="sam:"/>
						</TextLine>
						<TextLine ID="line_77" HPOS="992" VPOS="2158" WIDTH="712" HEIGHT="41">
							<String ID="string_381" HPOS="992" VPOS="2158" WIDTH="185" HEIGHT="39" WC="0.91" CONTENT="manlagda"/><SP WIDTH="28" VPOS="2158" HPOS="1177"/>
							<String ID="string_382" HPOS="1205" VPOS="2159" WIDTH="159" HEIGHT="29" WC="0.92" CONTENT="rösttalet"/><SP WIDTH="29" VPOS="2159" HPOS="1364"/>
							<String ID="string_383" HPOS="1393" VPOS="2159" WIDTH="53" HEIGHT="30" WC="0.96" CONTENT="för"/><SP WIDTH="29" VPOS="2159" HPOS="1446"/>
							<String ID="string_384" HPOS="1475" VPOS="2159" WIDTH="42" HEIGHT="30" WC="0.95" CONTENT="de"/><SP WIDTH="27" VPOS="2159" HPOS="1517"/>
							<String ID="string_385" HPOS="1544" VPOS="2169" WIDTH="160" HEIGHT="30" WC="0.95" CONTENT="grupper,"/>
						</TextLine>
						<TextLine ID="line_78" HPOS="992" VPOS="2211" WIDTH="653" HEIGHT="41">
							<String ID="string_386" HPOS="992" VPOS="2211" WIDTH="111" HEIGHT="30" WC="0.96" CONTENT="vilkas"/><SP WIDTH="18" VPOS="2211" HPOS="1103"/>
							<String ID="string_387" HPOS="1121" VPOS="2211" WIDTH="173" HEIGHT="30" WC="0.95" CONTENT="valsedlar"/><SP WIDTH="17" VPOS="2211" HPOS="1294"/>
							<String ID="string_388" HPOS="1311" VPOS="2212" WIDTH="90" HEIGHT="40" WC="0.96" CONTENT="gälla"/><SP WIDTH="19" VPOS="2212" HPOS="1401"/>
							<String ID="string_389" HPOS="1420" VPOS="2212" WIDTH="54" HEIGHT="30" WC="0.96" CONTENT="för"/><SP WIDTH="18" VPOS="2212" HPOS="1474"/>
							<String ID="string_390" HPOS="1492" VPOS="2215" WIDTH="153" HEIGHT="28" WC="0.94" CONTENT="namnet."/>
						</TextLine>
					</TextBlock>
					<TextBlock ID="block_18" HPOS="987" VPOS="2265" WIDTH="718" HEIGHT="308">
						<TextLine ID="line_79" HPOS="1035" VPOS="2265" WIDTH="670" HEIGHT="31">
							<String ID="string_391" HPOS="1035" VPOS="2265" WIDTH="294" HEIGHT="30" WC="0.91" CONTENT="Jämförelsetalet"/><SP WIDTH="33" VPOS="2265" HPOS="1329"/>
							<String ID="string_392" HPOS="1362" VPOS="2266" WIDTH="54" HEIGHT="29" WC="0.96" CONTENT="för"/><SP WIDTH="32" VPOS="2266" HPOS="1416"/>
							<String ID="string_393" HPOS="1448" VPOS="2268" WIDTH="48" HEIGHT="27" WC="0.96" CONTENT="ett"/><SP WIDTH="32" VPOS="2268" HPOS="1496"/>
							<String ID="string_394" HPOS="1528" VPOS="2275" WIDTH="108" HEIGHT="21" WC="0.95" CONTENT="namn"/><SP WIDTH="32" VPOS="2275" HPOS="1636"/>
							<String ID="string_395" HPOS="1668" VPOS="2268" WIDTH="37" HEIGHT="28" WC="0.96" CONTENT="är"/>
						</TextLine>
						<TextLine ID="line_80" HPOS="991" VPOS="2319" WIDTH="714" HEIGHT="40">
							<String ID="string_396" HPOS="991" VPOS="2319" WIDTH="71" HEIGHT="29" WC="0.96" CONTENT="lika"/><SP WIDTH="17" VPOS="2319" HPOS="1062"/>
							<String ID="string_397" HPOS="1079" VPOS="2319" WIDTH="79" HEIGHT="29" WC="0.96" CONTENT="med"/><SP WIDTH="17" VPOS="2319" HPOS="1158"/>
							<String ID="string_398" HPOS="1175" VPOS="2319" WIDTH="78" HEIGHT="30" WC="0.92" CONTENT="dess"/><SP WIDTH="17" VPOS="2319" HPOS="1253"/>
							<String ID="string_399" HPOS="1270" VPOS="2320" WIDTH="133" HEIGHT="33" WC="0.92" CONTENT="rösttal,"/><SP WIDTH="19" VPOS="2320" HPOS="1403"/>
							<String ID="string_400" HPOS="1422" VPOS="2320" WIDTH="62" HEIGHT="29" WC="0.96" CONTENT="där"/><SP WIDTH="17" VPOS="2320" HPOS="1484"/>
							<String ID="string_401" HPOS="1501" VPOS="2320" WIDTH="76" HEIGHT="29" WC="0.96" CONTENT="icke"/><SP WIDTH="15" VPOS="2320" HPOS="1577"/>
							<String ID="string_402" HPOS="1592" VPOS="2327" WIDTH="113" HEIGHT="32" WC="0.96" CONTENT="grupp"/>
						</TextLine>
						<TextLine ID="line_81" HPOS="991" VPOS="2371" WIDTH="712" HEIGHT="41">
							<String ID="string_403" HPOS="991" VPOS="2381" WIDTH="41" HEIGHT="20" WC="0.96" CONTENT="av"/><SP WIDTH="22" VPOS="2381" HPOS="1032"/>
							<String ID="string_404" HPOS="1054" VPOS="2371" WIDTH="182" HEIGHT="36" WC="0.96" CONTENT="valsedlar,"/><SP WIDTH="26" VPOS="2371" HPOS="1236"/>
							<String ID="string_405" HPOS="1262" VPOS="2382" WIDTH="74" HEIGHT="20" WC="0.96" CONTENT="som"/><SP WIDTH="24" VPOS="2382" HPOS="1336"/>
							<String ID="string_406" HPOS="1360" VPOS="2373" WIDTH="90" HEIGHT="39" WC="0.96" CONTENT="gälla"/><SP WIDTH="24" VPOS="2373" HPOS="1450"/>
							<String ID="string_407" HPOS="1474" VPOS="2374" WIDTH="53" HEIGHT="29" WC="0.96" CONTENT="för"/><SP WIDTH="25" VPOS="2374" HPOS="1527"/>
							<String ID="string_408" HPOS="1552" VPOS="2376" WIDTH="151" HEIGHT="31" WC="0.95" CONTENT="namnet,"/>
						</TextLine>
						<TextLine ID="line_82" HPOS="990" VPOS="2425" WIDTH="708" HEIGHT="40">
							<String ID="string_409" HPOS="990" VPOS="2425" WIDTH="142" HEIGHT="40" WC="0.96" CONTENT="deltagit"/><SP WIDTH="22" VPOS="2425" HPOS="1132"/>
							<String ID="string_410" HPOS="1154" VPOS="2426" WIDTH="11" HEIGHT="29" WC="0.93" CONTENT="i"/><SP WIDTH="21" VPOS="2426" HPOS="1165"/>
							<String ID="string_411" HPOS="1186" VPOS="2426" WIDTH="219" HEIGHT="30" WC="0.91" CONTENT="besättandet"/><SP WIDTH="22" VPOS="2426" HPOS="1405"/>
							<String ID="string_412" HPOS="1427" VPOS="2436" WIDTH="43" HEIGHT="20" WC="0.96" CONTENT="av"/><SP WIDTH="21" VPOS="2436" HPOS="1470"/>
							<String ID="string_413" HPOS="1491" VPOS="2427" WIDTH="95" HEIGHT="30" WC="0.93" CONTENT="förut"/><SP WIDTH="22" VPOS="2427" HPOS="1586"/>
							<String ID="string_414" HPOS="1608" VPOS="2428" WIDTH="90" HEIGHT="29" WC="0.91" CONTENT="utde-"/>
						</TextLine>
						<TextLine ID="line_83" HPOS="989" VPOS="2479" WIDTH="714" HEIGHT="40">
							<String ID="string_415" HPOS="989" VPOS="2479" WIDTH="57" HEIGHT="29" WC="0.96" CONTENT="lad"/><SP WIDTH="17" VPOS="2479" HPOS="1046"/>
							<String ID="string_416" HPOS="1063" VPOS="2480" WIDTH="100" HEIGHT="39" WC="0.95" CONTENT="plats."/><SP WIDTH="18" VPOS="2480" HPOS="1163"/>
							<String ID="string_417" HPOS="1181" VPOS="2480" WIDTH="71" HEIGHT="29" WC="0.96" CONTENT="Har"/><SP WIDTH="18" VPOS="2480" HPOS="1252"/>
							<String ID="string_418" HPOS="1270" VPOS="2480" WIDTH="36" HEIGHT="29" WC="0.96" CONTENT="så"/><SP WIDTH="18" VPOS="2480" HPOS="1306"/>
							<String ID="string_419" HPOS="1324" VPOS="2480" WIDTH="100" HEIGHT="34" WC="0.96" CONTENT="skett,"/><SP WIDTH="19" VPOS="2480" HPOS="1424"/>
							<String ID="string_420" HPOS="1443" VPOS="2481" WIDTH="148" HEIGHT="30" WC="0.93" CONTENT="erhålles"/><SP WIDTH="16" VPOS="2481" HPOS="1591"/>
							<String ID="string_421" HPOS="1607" VPOS="2490" WIDTH="96" HEIGHT="21" WC="0.91" CONTENT="nam-"/>
						</TextLine>
						<TextLine ID="line_84" HPOS="987" VPOS="2533" WIDTH="714" HEIGHT="40">
							<String ID="string_422" HPOS="987" VPOS="2535" WIDTH="75" HEIGHT="28" WC="0.96" CONTENT="nets"/><SP WIDTH="33" VPOS="2535" HPOS="1062"/>
							<String ID="string_423" HPOS="1095" VPOS="2533" WIDTH="253" HEIGHT="39" WC="0.96" CONTENT="jämförelsetal"/><SP WIDTH="35" VPOS="2533" HPOS="1348"/>
							<String ID="string_424" HPOS="1383" VPOS="2542" WIDTH="123" HEIGHT="31" WC="0.96" CONTENT="genom"/><SP WIDTH="35" VPOS="2542" HPOS="1506"/>
							<String ID="string_425" HPOS="1541" VPOS="2537" WIDTH="49" HEIGHT="27" WC="0.96" CONTENT="att"/><SP WIDTH="34" VPOS="2537" HPOS="1590"/>
							<String ID="string_426" HPOS="1624" VPOS="2534" WIDTH="77" HEIGHT="30" WC="0.96" CONTENT="dess"/>
						</TextLine>
					</TextBlock>
				</ComposedBlock>
			</PrintSpace>
		</Page>
	</Layout>
</alto>
