1897 2825
413 188 451 32 Konstitutionsutskottets
886 189 218 31 betänkande
1126 200 42 20 nr
1188 190 42 30 20
1250 190 39 31 år
1311 190 83 30 1968
1608 189 40 31 39

165 270 82 29 eller
267 270 138 30 vistelse
426 269 211 30 utomlands.
659 270 169 39 Reglerna
848 270 146 30 innebär
1015 272 50 28 att
1085 270 247 39 riksstyrelsen
1353 272 11 29 i
1386 270 85 30 sista
1492 271 95 29 hand
1606 288 45 3 —

165 333 56 20 om
240 326 120 37 regent
379 324 72 30 inte
471 323 96 31 finns
586 342 44 2 —
649 324 89 29 skall
759 324 95 30 föras
875 334 42 20 av
937 324 197 31 statsrådet.
1154 324 269 31 Bestämmelser
1444 325 128 30 saknas
1593 334 57 20 om

165 378 67 29 hur
254 378 237 40 expeditioner
514 378 87 30 skall
624 378 250 30 underskrivas
896 379 10 29 i
928 378 94 30 detta
1044 378 72 30 fall.
1139 379 64 29 Det
1225 378 127 40 riktiga
1374 379 98 30 torde
1494 389 84 20 vara
1600 380 50 29 att

165 441 93 26 anse,
278 434 49 27 att
347 432 41 29 de
408 432 88 30 skall
514 432 190 40 påtecknas
723 442 42 20 av
783 432 161 40 samtliga
963 432 151 30 statsråd
1134 441 74 21 som
1228 433 141 39 deltagit
1388 433 11 29 i
1417 433 149 30 beslutet
1586 433 65 29 och

166 487 49 29 att
239 486 212 40 anteckning
473 495 57 20 om
552 495 76 20 vem
654 495 74 21 som
752 486 189 40 föredragit
965 486 141 30 ärendet
1131 487 78 39 görs
1233 486 56 30 vid
1313 487 130 30 dennes
1466 496 118 20 namn.

211 540 12 29 I
246 539 216 41 proposition
485 549 41 20 nr
549 539 40 30 92
613 540 146 30 föreslås
782 540 110 30 under
914 540 160 39 punkten
1096 540 35 34 5)
1158 540 263 30 bestämmelser
1443 550 57 20 om
1523 543 50 28 att
1596 550 54 20 ex-

164 594 196 39 peditioner
382 595 12 29 i
417 594 154 30 nämnda
597 595 61 29 fall
684 594 89 30 skall
798 594 248 30 underskrivas
1071 604 43 20 av
1138 594 274 30 statsministern
1436 595 81 29 eller
1543 597 107 28 annat

167 647 153 30 statsråd
350 656 76 22 som
454 647 112 31 denne
596 648 194 34 förordnar,
821 648 79 30 med
929 648 303 39 kontrasignation
1262 658 42 20 av
1332 648 279 40 föredraganden
1640 649 11 29 i

166 702 117 39 vanlig
309 702 159 39 ordning.

211 756 176 29 Utskottet
410 755 63 30 har
496 756 104 39 ingen
623 756 140 30 erinran
786 759 72 27 mot
881 756 165 39 förslaget
1069 756 111 30 under
1204 756 114 30 denna
1341 756 112 40 punkt
1478 766 80 20 men
1581 756 69 35 vill,

167 810 80 29 med
264 810 138 39 hänsyn
419 810 52 29 till
491 810 53 30 sin
562 809 215 41 granskning
795 820 41 20 av
855 810 400 40 statsrådsprotokollen,
1275 810 189 30 framhålla
1482 812 50 28 att
1551 812 101 28 stats-

167 863 203 31 ministerns
390 863 236 30 förordnande
646 873 42 20 av
707 866 107 27 annat
836 864 151 30 statsråd
1007 866 50 27 att
1076 864 240 29 underteckna
1335 864 235 39 expeditioner
1590 865 62 29 bör

167 917 137 40 infogas
323 918 12 29 i
355 918 228 39 protokollen,
604 917 189 40 lämpligen
812 919 11 29 i
845 927 134 21 samma
999 918 86 30 serie
1108 927 74 20 som
1203 918 117 39 övriga
1340 918 113 30 beslut
1474 918 178 39 angående

167 972 257 39 riksstyrelsen.

211 1114 171 34 Riksdagens
395 1114 218 34 lönedelegation

214 1177 218 40 Riksdagens
452 1177 285 40 lönedelegation,
761 1186 74 21 som
857 1176 138 30 tillkom
1017 1185 124 31 genom
1161 1177 114 30 beslut
1295 1177 59 30 vid
1377 1176 83 30 1964
1482 1177 66 30 och
1570 1176 82 30 1965

171 1232 56 30 års
244 1232 194 39 riksdagar,
457 1232 64 29 har
538 1231 53 30 till
608 1231 139 40 uppgift
765 1233 50 28 att
832 1231 168 39 rådpläga
1017 1231 80 29 med
1116 1231 325 29 statsrådsledamot
1459 1231 11 29 i
1488 1231 166 29 förhand-

172 1286 211 39 lingsfrågor
413 1285 149 30 rörande
594 1285 359 40 anställningsvillkor
985 1284 54 30 för
1072 1286 131 28 statens
1236 1285 234 39 arbetstagare
1503 1285 65 29 och
1599 1285 54 29 för

169 1340 94 30 vissa
287 1340 118 34 andra,
431 1339 12 29 i
466 1339 186 30 huvudsak
676 1340 229 29 kommunala
929 1339 234 40 arbetstagare
1190 1341 89 28 samt
1305 1340 50 28 att
1379 1338 46 40 på
1447 1338 206 40 riksdagens

171 1394 130 39 vägnar
317 1394 187 39 godkänna
518 1393 357 30 överenskommelser
891 1401 75 21 som
980 1393 128 29 träffas
1123 1393 12 29 i
1151 1392 132 30 sådana
1298 1392 128 40 frågor.

216 1447 266 40 Delegationens
510 1446 350 40 kompetensområde
888 1447 64 29 har
980 1446 104 30 alltså
1110 1447 170 30 bestämts
1307 1447 53 29 till
1389 1449 49 27 att
1467 1447 91 39 gälla
1585 1447 69 30 för-

171 1501 317 40 handlingsfrågor,
513 1501 72 30 dvs.
610 1500 117 40 frågor
750 1510 56 20 om
831 1500 131 31 sådana
984 1500 244 30 arbetsvillkor
1251 1510 75 20 som
1349 1501 70 29 kan
1442 1501 212 30 bestämmas

171 1564 125 31 genom
320 1555 103 30 avtal.
448 1555 181 29 Alltsedan
653 1555 57 29 det
734 1564 69 30 nya
827 1554 520 40 förhandlingsrättssystemets
1372 1554 172 30 tillkomst
1572 1554 82 30 1966

171 1609 64 29 har
257 1609 45 39 på
323 1609 115 39 grund
459 1618 43 20 av
522 1608 337 30 överenskommelse
881 1608 130 29 mellan
1032 1608 42 29 de
1096 1608 256 30 förhandlande
1374 1610 166 37 parterna
1561 1608 93 39 gällt,

173 1664 51 28 att
242 1662 363 40 lönegradsplacering
624 1662 65 30 och
709 1661 152 31 arvoden
879 1661 55 30 för
952 1661 211 30 innehavare
1183 1671 43 20 av
1244 1671 43 20 en
1307 1661 54 30 del
1380 1661 106 40 högre
1505 1661 151 40 tjänster

172 1717 12 28 i
206 1716 357 30 statsverksamheten
584 1716 89 30 skall
693 1716 213 29 bestämmas
928 1715 148 39 ensidigt
1098 1725 42 20 av
1162 1717 122 28 staten.
1306 1715 227 29 Beträffande
1555 1715 102 30 dessa

172 1770 361 38 anställningsvillkor
554 1769 127 29 träffas
705 1769 134 30 således
859 1769 72 29 inte
954 1769 593 38 förhandlingsöverenskommelse,
1570 1770 87 27 utan

172 1823 406 39 anställningsvillkoren
598 1822 153 30 bestäms
772 1830 124 31 genom
917 1822 221 30 föreskrifter
1160 1831 74 21 som
1257 1822 257 39 arbetsgivaren
1536 1831 121 20 ensam

174 1877 188 30 meddelar.
380 1877 103 29 Detta
501 1876 55 30 får
575 1876 52 29 till
646 1876 220 30 konsekvens
885 1877 49 29 att
954 1875 404 40 anställningsvillkoren
1376 1893 45 3 —
1437 1877 89 28 trots
1546 1877 49 27 att
1615 1876 42 29 de

175 1932 37 28 är
232 1941 42 19 av
292 1930 245 30 beskaffenhet
557 1932 50 27 att
626 1931 122 29 kunna
765 1930 48 29 bli
833 1929 146 30 föremål
999 1930 55 29 för
1074 1929 583 39 förhandlingsöverenskommelse

174 2003 44 2 —
231 1985 72 29 inte
319 1985 71 29 kan
405 1984 204 40 godkännas
625 1993 43 20 av
681 1983 322 40 lönedelegationen
1017 1985 87 28 utan
1120 1983 110 30 måste
1246 1983 125 39 prövas
1387 1992 42 20 av
1444 1982 187 40 riksdagen
1646 1982 12 30 i

174 2039 117 39 vanlig
307 2038 159 39 ordning.

217 2093 494 40 Förhandlingsutredningen
731 2093 65 30 har
818 2092 179 40 föreslagit
1020 2094 49 28 att
1092 2093 339 39 lönedelegationens
1452 2094 206 38 kompetens

176 2148 89 29 skall
291 2147 161 40 utvidgas
477 2147 53 30 till
557 2148 49 29 att
633 2147 147 30 omfatta
808 2147 87 30 även
921 2146 132 31 sådana
1077 2147 198 29 avtalsbara
1300 2146 358 40 anställningsvillkor

178 2211 75 20 som
288 2201 228 40 undantagits
551 2201 81 30 från
667 2201 594 39 förhandlingsöverenskommelse.
1298 2201 212 39 Härigenom
1547 2201 111 29 skulle

177 2264 83 20 man
278 2255 118 39 uppnå
417 2257 50 28 att
484 2255 208 39 riksdagens
709 2254 172 40 prövning
899 2264 43 20 av
959 2254 292 39 löneställningen
1271 2254 55 30 för
1346 2254 161 39 samtliga
1527 2256 132 28 statens

177 2309 235 39 arbetstagare
437 2309 12 29 i
473 2308 136 40 princip
636 2308 129 30 ankom
790 2308 46 40 på
860 2309 49 28 ett
934 2308 66 29 och
1025 2317 134 21 samma
1184 2316 117 31 organ,
1328 2307 330 40 lönedelegationen.

177 2362 126 30 Vidare
323 2363 112 29 skulle
453 2371 83 20 man
553 2362 143 29 komma
713 2362 94 29 ifrån
825 2361 228 40 olägenheten
1071 2363 50 28 att
1139 2362 41 29 de
1198 2361 125 39 högsta
1341 2361 318 39 statstjänstemän-

177 2425 69 21 nen
265 2416 55 30 får
338 2416 105 30 vänta
462 2416 45 39 på
525 2416 264 38 utbetalningen
807 2425 43 20 av
867 2415 269 39 lönehöjningar
1154 2415 53 29 till
1227 2415 78 29 dess
1325 2415 216 39 proposition
1560 2415 11 29 i
1591 2415 68 29 frå-

178 2477 68 33 gan
261 2470 129 29 hunnit
405 2469 193 30 behandlas
614 2469 11 30 i
641 2469 198 40 riksdagen.

221 2524 257 39 Utredningens
498 2523 131 40 förslag
646 2524 64 29 har
728 2523 81 29 med
826 2523 109 39 några
952 2522 181 40 undantag
1152 2522 171 39 godtagits
1343 2532 42 20 av
1402 2522 259 29 remissinstan-
