1896 2823
430 162 450 33 Konstitutionsutskottets
903 159 218 31 betänkande
1143 168 41 20 nr
1205 159 41 28 20
1267 158 39 30 år
1328 157 83 29 1968

359 247 211 34 (Utskottets
593 244 149 41 förslag)

183 313 60 28 nat
259 311 66 30 den
343 310 151 30 valkrets
511 309 62 30 där
588 306 127 42 partiet
730 307 55 41 för
802 306 95 39 varje

183 366 90 40 gång
308 364 165 40 uppvisar
506 363 106 30 störst
645 360 253 42 jämförelsetal

186 419 56 30 vid
272 419 143 41 fortsatt
448 416 221 40 tillämpning
699 425 42 20 av
772 414 127 41 fördel-

184 473 221 40 ningsregeln
425 472 10 30 i
464 472 3 29 I
486 480 104 21 mom.
606 470 45 40 på
666 468 145 42 partiets
828 468 69 30 rös-

187 528 82 30 tetal
290 528 10 29 i
319 526 250 30 valkretsarna.

886 611 15 37 8

232 681 73 29 Har
328 680 93 39 parti
445 680 10 29 i
478 679 114 38 någon
617 677 151 30 valkrets
794 674 110 30 erhål-

190 735 39 30 lit
253 735 88 40 flera
366 733 145 30 mandat
535 733 45 29 än
604 731 131 30 antalet
758 730 44 40 på
827 737 77 32 par-

190 789 78 30 tiets
293 787 170 31 valsedlar
488 788 175 38 upptagna
686 793 118 27 namn,
828 792 75 20 som

191 852 80 20 avse
297 842 113 39 själva
437 841 89 29 valet
552 840 64 29 och
644 839 34 39 ej
704 838 123 30 endast
854 838 52 27 ut-

190 896 125 31 seende
338 905 42 20 av
403 893 227 42 efterträdare
655 892 51 30 till
728 892 177 39 avgången

192 951 160 35 ledamot,
374 949 122 40 flyttas
517 944 272 41 överskjutande
811 953 96 21 man-

193 1005 68 36 dat,
277 1003 80 30 med
371 1000 244 32 motsvarande
631 999 220 40 tillämpning
866 1007 41 20 av

196 1058 38 29 17
252 1057 21 36 $
289 1058 19 29 3
326 1066 115 27 mom.,
461 1055 52 30 till
530 1063 117 21 annan
666 1053 161 36 valkrets,
846 1051 62 30 där

193 1111 127 40 partiet
356 1110 153 39 deltager
544 1108 11 29 i
589 1106 242 41 fördelningen
868 1114 41 20 av

194 1166 93 39 fasta
308 1162 308 32 valkretsmandat.

239 1219 78 30 Kan
357 1217 144 30 mandat
541 1216 34 40 ej
614 1215 151 30 besättas
805 1212 106 40 enligt

196 1274 111 40 första
334 1272 145 39 stycket,
507 1269 91 31 skall
624 1268 179 31 mandatet
831 1275 80 22 vara

197 1328 135 29 obesatt
353 1325 110 30 under
484 1325 66 29 den
573 1323 50 30 tid
642 1323 56 40 för
720 1322 114 30 vilken
857 1330 56 20 va-

199 1383 45 29 let
262 1381 117 40 gäller.

898 1471 16 38 $

246 1543 220 39 Uppkomma
480 1540 70 29 lika
565 1539 47 29 tal
625 1538 56 30 vid
695 1536 221 40 tillämpning

201 1606 42 20 av
269 1595 39 30 17
333 1595 82 30 eller
441 1594 40 29 18
505 1592 29 39 $,
559 1593 142 39 avgöres
725 1589 190 42 företrädet

200 1659 124 32 genom
349 1648 158 39 lottning.

903 1740 15 37 8

248 1811 129 29 Besvär
399 1810 80 29 över
502 1808 54 30 val
579 1807 51 30 till
652 1805 186 39 riksdagen
861 1813 60 20 an-

205 1866 96 40 föras
319 1865 64 29 hos
401 1863 195 39 Konungen
616 1859 106 40 enligt
739 1856 182 44 föreskrif-

209 1922 50 27 ter
289 1920 10 28 i
329 1918 166 39 vallagen.
524 1916 173 29 Besvären
725 1913 126 40 prövas
880 1920 41 21 av

207 1972 304 41 regeringsrätten.

252 2027 97 30 Skall
366 2026 44 40 på
426 2024 115 41 grund
558 2033 42 20 av
619 2023 173 39 utgången
809 2030 42 20 av
870 2020 54 30 be-

209 2083 79 29 svär
309 2082 80 29 över
408 2081 55 29 val
483 2080 52 29 till
553 2079 186 39 riksdagen
761 2078 89 29 valet
867 2077 58 40 gö-

212 2145 55 21 ras
297 2145 56 20 om
384 2135 10 30 i
423 2144 41 21 en
494 2134 82 30 eller
603 2133 89 40 flera
722 2131 202 36 valkretsar,

210 2190 91 40 gälla
320 2190 107 30 likväl
443 2189 41 31 de
501 2189 206 41 fullmakter
723 2198 74 21 som
817 2188 109 40 utfär-

213 2244 77 29 dats
323 2244 56 40 för
412 2243 206 39 riksdagens
653 2243 188 29 ledamöter
876 2242 51 28 till

213 2298 78 30 dess
311 2307 67 29 nya
399 2297 190 30 ledamöter
609 2296 97 31 blivit
727 2296 156 29 utsedda.

1602 155 60 29 231

1069 240 305 35 (Reservationens
1401 236 149 42 förslag)

930 611 49 29 18.

1009 674 139 34 (Denna
1172 671 164 40 paragraf
1361 669 129 40 ulgår.)

942 1471 50 30 19.

1022 1534 139 34 (Denna
1185 1531 165 41 paragraf
1375 1530 128 40 utgår.)

945 1740 51 30 22.

1019 1802 47 28 Är
1095 1801 115 39 någon
1240 1799 174 39 missnöjd
1443 1798 80 30 med
1553 1797 55 30 val
1639 1797 51 29 till

977 1855 196 40 riksdagen,
1218 1854 58 30 må
1321 1854 70 29 han
1437 1852 146 31 däröver
1627 1852 63 29 hos

976 1910 195 39 Konungen
1190 1909 124 39 anföra
1333 1907 131 30 besvär.
1481 1906 68 30 För
1566 1905 125 31 sådant

978 1962 165 31 ändamål
1212 1962 81 40 äger
1327 1955 17 51 =
1362 1959 196 41 klaganden
1589 1955 17 51 =
1628 1959 64 29 hos

978 2018 213 39 Konungens
1216 2014 368 42 befallningshavande
1608 2013 85 30 äska

980 2070 156 40 behörigt
1159 2069 329 41 protokollsutdrag,
1515 2066 105 31 vilket
1644 2067 51 28 in-

980 2135 56 20 om
1059 2126 102 39 högst
1184 2126 50 28 tre
1257 2123 106 40 dagar
1385 2122 152 40 därefter
1560 2121 61 31 bör
1643 2120 52 30 till

981 2178 196 40 klaganden
1202 2177 191 36 utlämnas;
1416 2176 64 29 och
1502 2175 92 30 skall
1614 2175 80 36 han,

985 2233 56 29 vid
1069 2233 128 39 förlust
1226 2242 41 19 av
1299 2233 103 35 talan,
1431 2231 65 29 sist
1525 2231 93 30 inom
1650 2230 46 30 tio

984 2286 107 40 dagar
1130 2286 88 40 efter
1257 2285 331 40 valförrättningens
1627 2285 71 29 slut

984 2339 81 31 med
1090 2339 76 30 sina
1194 2339 51 30 till
1269 2339 195 39 Konungen
1490 2339 126 29 ställda
1644 2339 55 29 be-

985 2395 80 29 svär
1100 2394 179 29 inkomma
1314 2394 52 29 till
1396 2393 214 39 Konungens
1646 2394 54 28 be-

986 2447 338 41 fallningshavande,
1342 2456 86 28 som,
1445 2447 45 40 på
1507 2447 70 30 sätt
1594 2447 11 30 i
1623 2447 37 29 11
1680 2446 21 37 $

988 2501 150 40 stadgas,
1174 2501 135 29 lämnar
1344 2499 256 31 vederbörande
1636 2500 66 29 till-
