1894 2824
420 182 451 32 Konstitutionsutskottets
893 179 218 32 betänkande
1132 189 43 20 nr
1195 178 42 30 20
1258 178 38 31 år
1318 177 84 30 1968

335 263 226 35 (Nuvarande
578 262 147 41 lydelse)

172 329 128 40 partiet
317 328 82 30 eller
414 328 56 40 för
486 327 67 30 den
569 325 319 41 meningsriktning

171 383 128 40 partiet
318 382 196 41 företräder
537 379 350 42 (partibeteckning).

222 436 29 30 2.
274 435 168 30 Ansökan
463 444 58 20 om

222 489 29 30 3.
274 488 305 39 Partibeteckning
600 488 57 30 må

217 543 30 30 4.
308 541 221 41 Registrerad
588 540 301 41 partibeteckning

174 597 91 30 skall
282 596 140 30 avföras
437 605 42 20 ur
494 595 160 39 registret
670 594 45 40 på
731 594 158 30 ansökan

174 660 43 21 av
234 650 57 30 det
307 650 101 40 parti,
427 649 54 30 för
497 649 107 30 vilket
620 647 270 41 registreringen

175 705 102 34 skett,
299 704 82 29 eller
400 703 66 30 ock
485 703 87 30 efter
592 702 158 30 ansökan
770 711 42 20 av
830 710 60 21 an-

176 760 61 28 nat
267 757 101 40 parti,
401 757 63 29 där
495 756 56 30 det
582 756 92 29 visas
706 757 50 28 att
788 755 102 30 först-

175 811 157 30 nämnda
349 811 92 40 parti
458 810 98 30 blivit
574 810 141 39 upplöst
733 809 82 29 eller
833 808 57 30 vid

174 865 60 30 två
257 865 44 40 på
323 864 174 30 varandra
520 863 158 40 följande
700 863 56 29 val
779 863 11 29 i
812 862 79 30 hela

175 919 92 29 riket
285 919 53 29 till
356 918 110 30 andra
485 918 205 29 kammaren
709 916 76 30 icke
803 916 11 29 i
831 916 60 29 nå-

175 981 69 31 gon
270 972 154 30 valkrets
452 971 133 30 anmält
611 970 209 30 kandidater
847 970 44 39 på

177 1027 70 29 sätt
265 1026 11 29 i
294 1025 42 30 56
357 1025 15 37 $
394 1026 88 38 sägs.

223 1079 30 30 5.
272 1079 52 30 Då
342 1078 301 40 partibeteckning

226 1133 28 29 6.
277 1133 105 34 Parti,
405 1141 74 21 som

224 1186 28 30 7.
278 1186 70 29 När
372 1186 55 29 val
452 1186 12 29 i
487 1185 79 30 hela
589 1184 91 30 riket
704 1184 54 29 till
782 1183 109 30 andra

178 1240 206 29 kammaren
414 1239 99 29 skola
543 1239 64 39 äga
634 1247 90 25 rum,
755 1237 99 30 skola
883 1237 10 29 i

179 1295 66 40 god
265 1295 52 29 tid
338 1295 74 29 före
434 1293 98 30 valen
554 1293 82 30 från
656 1292 239 41 departemen-

181 1351 47 28 tet
258 1349 52 29 till
342 1348 161 40 samtliga
531 1347 214 40 Konungens
773 1346 122 30 befall-

180 1402 262 41 ningshavande
468 1401 210 31 översändas
703 1400 126 40 utdrag
853 1409 41 20 ur

176 1457 172 40 registret,
376 1456 223 40 upptagande
623 1455 99 39 varje
746 1454 149 40 partibe-

181 1511 164 40 teckning
360 1520 75 21 som
450 1511 37 29 är
501 1509 210 41 registrerad
723 1509 45 40 på
782 1504 113 44 grund

179 1575 44 20 av
245 1565 167 34 ansökan,
435 1565 118 29 vilken
574 1564 119 39 gjorts,
716 1572 57 20 om
796 1562 98 30 valen

178 1619 169 40 förrättas
368 1619 44 39 på
431 1618 115 40 grund
565 1626 42 21 av
629 1616 266 31 bestämmelsen

183 1673 11 29 i
225 1671 40 31 17
294 1672 21 36 $
346 1672 14 29 1
393 1681 105 20 mom.
527 1670 367 40 riksdagsordningen,

182 1728 117 28 senast
322 1726 67 29 den
412 1725 40 30 20
474 1725 67 40 juli
563 1726 158 28 närmast
743 1723 75 31 före
841 1732 55 21 va-

180 1780 56 29 len
251 1781 99 32 samt,
365 1788 57 20 om
435 1779 98 29 valen
547 1778 166 30 förrättas
726 1778 46 39 på
784 1776 114 41 grund

180 1843 44 20 av
250 1833 214 39 Konungens
493 1831 237 31 förordnande
756 1830 141 41 jämlikt

184 1886 40 30 17
246 1886 20 37 $
287 1887 20 29 2
330 1895 105 21 mom.
457 1884 366 41 riksdagsordningen,
848 1893 51 21 se-

183 1943 79 28 nast
291 1941 106 29 femte
425 1940 111 40 dagen
563 1939 88 30 efter
679 1939 58 29 det
765 1938 133 30 förord-

180 1995 133 29 nandet
340 1994 111 40 givits.
478 1993 66 31 Vid
569 1993 97 39 varje
691 1992 207 39 beteckning

183 2049 91 30 skall
308 2048 142 40 angivas
483 2048 56 30 det
571 2047 100 40 parti,
706 2046 54 31 för
791 2046 107 30 vilket

182 2102 273 40 registreringen
491 2102 100 34 skett,
629 2103 89 28 samt
754 2100 145 40 partiets

182 2156 108 40 enligt
324 2156 9 30 6
357 2165 104 21 mom.
485 2154 165 31 anmälda
672 2154 139 30 ombud.

234 2209 164 30 Anmäles
421 2209 52 29 till

1595 175 58 30 157

1106 258 225 39 (Föreslagen
1347 256 148 41 lydelse)

921 432 11 30 i
952 430 349 40 riksgäldskontoret.

926 502 45 4 —
990 502 44 4 -—
1055 483 30 41 ej
1109 483 151 40 prövats.

988 537 30 30 4,
1078 535 222 41 Registrerad
1358 533 302 41 partibeteckning

947 592 89 30 skall
1053 591 140 30 avföras
1208 599 41 20 ur
1264 589 161 39 registret
1440 588 45 40 på
1501 587 159 30 ansökan

947 655 42 21 av
1004 645 57 30 det
1078 644 100 41 parti,
1197 643 54 30 för
1267 643 107 29 vilket
1390 641 270 41 registreringen

948 700 100 33 skett,
1069 699 83 29 eller
1170 698 66 29 ock
1255 697 88 30 efter
1363 696 158 30 ansökan
1540 704 43 21 av
1601 703 59 21 an-

948 755 59 28 nat
1038 753 101 40 parti,
1172 752 62 29 där
1265 751 56 29 det
1352 750 93 30 visas
1476 751 50 28 att
1558 749 102 29 först-

947 806 156 31 nämnda
1119 805 92 41 parti
1227 805 99 30 blivit
1344 804 141 40 upplöst
1503 803 83 29 eller
1603 802 56 29 vid

947 861 58 30 två
1028 861 44 40 på
1094 859 174 31 varandra
1291 857 157 41 följande
1470 857 56 30 val
1549 857 11 29 i
1582 856 80 30 hela

948 915 90 30 riket
1057 915 53 29 till
1128 913 187 39 riksdagen
1334 912 76 30 icke
1429 911 11 30 i
1459 911 114 39 någon
1591 910 70 29 val-

947 970 96 28 krets
1074 967 133 31 anmält
1237 966 209 30 kandidater
1476 965 44 39 på
1552 965 67 29 sätt
1651 964 11 29 i

949 1021 41 31 56
1004 1022 15 37 8
1042 1022 87 39 sägs.

1013 1076 179 30 allmänna
1208 1074 235 39 tidningarna.

876 1129 41 30 56
940 1129 15 37 8
979 1131 88 38 sägs.

996 1183 27 29 7.
1045 1182 70 30 När
1135 1182 56 29 val
1212 1181 12 29 i
1243 1181 81 30 hela
1343 1180 91 30 riket
1454 1179 53 30 till
1529 1177 134 31 riksda-

950 1245 65 31 gen
1041 1235 91 30 skall
1157 1236 64 38 äga
1245 1243 89 25 rum,
1362 1233 100 30 skola
1486 1233 11 29 i
1522 1232 66 39 god
1612 1231 51 30 tid

951 1291 74 30 före
1061 1290 89 30 valet
1186 1290 80 29 från
1303 1288 275 40 departementet
1611 1286 54 29 till

951 1345 162 40 samtliga
1145 1344 214 39 Konungens
1393 1340 272 41 befallningsha-

950 1399 112 31 vande
1089 1398 212 31 översändas
1326 1397 127 39 utdrag
1478 1404 41 21 ur
1545 1395 121 40 regist-

951 1454 61 32 ret,
1048 1450 223 41 upptagande
1304 1449 98 39 varje
1436 1447 229 41 partibeteck-

952 1506 84 40 ning
1055 1514 74 21 som
1148 1505 38 29 är
1203 1502 210 42 registrerad
1430 1502 45 40 på
1493 1501 113 41 grund
1624 1510 42 21 av

953 1562 167 34 ansökan,
1139 1560 119 30 vilken
1276 1559 120 40 gjorts,
1417 1557 57 31 vid
1493 1556 172 31 ordinarie

951 1614 55 30 val
1029 1616 116 28 senast
1168 1612 68 30 den
1258 1612 42 30 20
1321 1611 67 40 juli
1411 1611 156 29 närmast
1590 1609 74 30 före

952 1667 89 30 valet
1057 1669 90 28 samt
1163 1666 57 30 vid
1232 1665 105 40 nyval
1351 1664 44 40 på
1410 1664 115 40 grund
1538 1672 42 21 av
1595 1662 70 40 för-

953 1721 178 31 ordnande
1157 1720 106 40 enligt
1289 1719 62 30 108
1376 1718 21 37 $
1420 1717 247 41 regeringsfor-

951 1784 80 20 men
1063 1776 118 28 senast
1211 1773 106 30 femte
1347 1772 111 39 dagen
1490 1771 87 29 efter
1609 1770 57 29 det

955 1829 252 30 förordnandet
1219 1828 112 41 givits.
1345 1828 66 30 Vid
1423 1827 97 40 varje
1532 1827 136 30 beteck-

955 1884 84 39 ning
1060 1883 88 30 skall
1169 1883 143 39 angivas
1332 1882 56 30 det
1409 1882 101 40 parti,
1533 1881 54 30 för
1607 1881 62 30 vil-

955 1937 58 29 ket
1041 1936 270 40 registreringen
1341 1936 100 34 skett,
1472 1936 90 29 samt
1591 1943 78 31 par-

955 1991 81 30 tiets
1055 1991 106 39 enligt
1194 1990 5 30 6
1219 1999 105 20 mom.
1345 1989 165 30 anmälda
1528 1988 140 30 ombud.

875 2207 11 29 i
906 2205 328 40 registerutdragen.

882 2294 40 31 dd
950 2294 27 38 8.

234 2363 27 28 1.
289 2362 61 29 Val
370 2361 11 29 i
398 2361 78 29 hela
494 2360 91 30 riket
605 2360 51 30 till
674 2359 110 30 andra
803 2360 97 29 kam-

186 2425 121 20 maren
341 2415 177 40 förrättas,
553 2414 44 31 då
630 2414 99 29 valen
762 2414 61 29 ske
855 2413 46 39 på

183 2469 118 40 grund
322 2478 43 21 av
388 2467 39 31 17
450 2467 21 38 $
494 2468 15 30 1
534 2476 105 22 mom.
662 2466 240 41 riksdagsord-

184 2523 141 40 ningen,
349 2524 19 29 å
392 2523 109 39 tredje
523 2522 176 39 söndagen
723 2521 11 29 i
754 2522 148 38 septem-

1005 2359 26 29 1.
1058 2357 182 30 Ordinarie
1259 2357 54 30 val
1330 2356 52 30 till
1397 2356 187 39 riksdagen
1601 2356 70 39 för-

954 2411 109 30 rättas
1091 2410 110 40 tredje
1226 2410 176 39 söndagen
1430 2409 11 29 i
1463 2408 205 40 september.

954 2465 111 39 Nyval
1086 2464 44 40 på
1152 2464 115 40 grund
1288 2472 42 21 av
1352 2462 237 41 förordnande
1613 2470 57 21 en-

957 2519 60 39 ligt
1052 2519 61 29 108
1144 2518 21 36 $
1195 2516 316 41 regeringsformen
1544 2516 127 39 förrät-
