1896 2824
408 172 450 31 Konstitutionsutskottets
881 170 218 31 betänkande
1121 180 42 20 nr
1183 170 42 29 20
1245 170 39 29 år
1306 169 83 29 1968
1603 167 41 29 83

859 252 15 37 8
903 252 49 30 15.

209 310 27 29 1.
262 309 14 29 I
294 308 97 40 varje
409 308 155 30 valkrets
581 307 120 39 väljes,
721 306 88 30 efter
828 304 250 41 folkmängden
1097 304 59 31 vid
1174 303 126 40 början
1319 313 43 20 av
1380 303 73 30 året
1473 302 79 30 näst
1572 302 71 30 före

160 355 70 30 den
247 353 269 41 fyraårsperiod,
536 353 54 29 för
608 352 116 30 vilken
740 351 101 30 valen
859 351 99 40 gälla,
977 359 43 20 en
1036 349 247 40 riksdagsman
1301 348 54 30 för
1373 347 97 40 varje
1488 347 82 30 fullt
1586 347 59 34 tal,

162 398 245 31 motsvarande
429 407 44 20 en
494 397 248 30 trehundradel
765 406 42 20 av
827 395 110 31 rikets
958 394 216 40 folkmängd.

207 445 28 29 2.
261 444 125 29 Därest
414 443 57 29 det
500 442 94 30 antal
623 441 254 40 riksdagsmän,
909 449 74 21 som
1011 440 80 29 med
1118 438 224 40 tillämpning
1369 448 43 20 av
1441 437 204 40 stadgandet

161 490 11 28 i
203 490 5 28 I
229 498 105 20 mom.
353 489 62 29 bör
433 489 105 33 utses,
558 487 75 30 icke
652 486 134 40 uppgår
804 485 52 30 till
875 484 203 35 trehundra,
1099 484 107 35 skola,
1226 484 55 29 för
1300 482 172 31 ernående
1492 492 42 20 av
1552 481 92 30 detta

162 533 105 35 antal,
290 534 41 29 de
353 533 204 34 valkretsar,
579 532 113 29 vilkas
715 530 205 39 folkmängd
942 531 90 28 mest
1054 529 220 39 överskjuter
1296 528 42 29 de
1360 528 58 34 tal,
1442 536 76 20 som
1540 526 105 39 enligt

163 588 134 20 samma
321 587 105 20 mom.
451 577 59 29 äro
534 575 263 32 bestämmande
822 575 54 30 för
899 574 336 39 riksdagsmännens
1259 572 95 30 antal
1378 572 95 29 inom
1497 571 149 30 valkret-

163 632 113 25 sarna,
298 631 61 21 var
381 622 54 29 för
458 622 50 38 sig
529 622 11 28 i
562 621 149 39 ordning
733 620 88 30 efter
842 620 241 29 överskottens
1106 618 129 29 storlek
1256 626 83 21 vara
1360 616 214 39 berättigade
1596 616 49 29 att

162 668 95 39 välja
273 667 200 40 ytterligare
491 675 43 21 en
551 665 256 39 riksdagsman.
827 663 67 31 Äro
912 662 291 32 överskottstalen
1221 661 71 30 lika
1311 661 54 30 för
1383 660 58 30 två
1458 660 82 30 eller
1559 659 86 30 flera

161 713 205 33 valkretsar,
391 712 151 38 avgöres,
567 710 62 30 där
654 710 38 29 så
715 710 37 29 är
775 709 130 39 nödigt,
929 707 191 31 företrädet
1143 715 124 31 genom
1289 706 160 38 lottning.

207 757 29 30 3.
262 757 65 29 Det
355 757 94 29 antal
477 755 255 39 riksdagsmän,
761 754 97 39 varje
885 753 154 30 valkrets
1067 752 106 39 enligt
1201 760 89 21 ovan
1318 751 150 39 angivna
1495 749 152 40 grunder

163 803 81 39 äger
266 803 86 33 utse,
377 800 191 30 fastställes
591 800 54 29 för
667 799 97 39 varje
788 797 259 41 fyraårsperiod
1071 806 41 21 av
1135 797 205 38 Konungen.

859 888 16 38 8
903 888 51 31 17.

209 947 28 29 1.
262 946 64 30 Val
348 946 53 29 till
423 944 247 40 riksdagsmän
692 943 205 30 verkställes
921 942 74 30 året
1017 941 79 29 näst
1120 940 74 30 före
1216 939 127 40 början
1366 948 42 21 av
1431 938 42 30 de
1496 938 79 39 fyra
1598 937 47 34 år,

164 992 55 29 för
241 991 94 29 vilka
358 990 100 30 valen
482 990 99 39 gälla,
606 989 20 29 å
649 989 67 29 den
739 988 75 39 dag,
838 987 112 29 under
974 986 195 39 september
1192 984 138 34 månad,
1357 993 74 20 som
1455 983 12 29 i
1489 983 159 39 vallagen

164 1037 88 38 sägs.

208 1081 29 29 2.
261 1079 199 31 Förordnar
483 1079 196 38 Konungen
699 1095 45 3 —
764 1095 45 3 —
829 1094 45 4 —
896 1086 42 20 av
960 1074 314 41 fyraårsperioden.

208 1125 29 29 3.
263 1125 113 39 Avgår
403 1124 246 39 riksdagsman
674 1140 45 3 —
743 1140 45 3 —
812 1139 45 3 —
884 1119 218 31 återstående
1130 1119 106 30 tiden.

861 1210 15 38 8
904 1210 50 31 18.

208 1268 109 31 Valen
336 1268 53 29 till
409 1266 187 40 riksdagen
617 1267 60 29 äro
697 1264 220 31 omedelbara
936 1263 74 35 och,
1032 1263 62 29 där
1113 1262 60 29 två
1192 1261 82 30 eller
1294 1261 88 29 flera
1401 1259 247 39 riksdagsmän

165 1313 99 30 skola
288 1315 106 32 utses,
420 1311 282 40 proportionella.
727 1309 67 31 Vid
820 1309 102 30 dessa
945 1308 55 29 val
1025 1307 214 30 tillkommer
1264 1304 99 40 varje
1386 1303 164 31 röstande
1576 1303 73 29 lika

163 1359 84 29 röst.

209 1403 167 28 Närmare
395 1400 262 31 bestämmelser
675 1417 45 3 —
735 1416 46 4 —
796 1416 45 3 —
858 1398 12 29 i
888 1397 168 39 vallagen.

784 1487 58 36 (19
869 1487 15 37 $
909 1487 119 39 utgår)

861 1542 15 37 8
903 1542 51 30 20.

208 1599 68 30 För
299 1608 43 20 en
363 1608 70 25 var,
459 1607 74 21 som
554 1597 99 30 blivit
675 1596 125 30 utsedd
822 1595 53 30 till
897 1594 153 30 ledamot
1073 1603 42 20 av
1135 1591 196 40 riksdagen,
1357 1590 98 35 skall,
1479 1589 45 40 på
1547 1589 68 30 sätt
1637 1588 12 29 i

164 1645 158 38 vallagen
344 1644 161 29 närmare
530 1642 148 39 stadgas,
703 1641 165 30 fullmakt
891 1639 252 39 ofördröjligen
1165 1637 161 30 utfärdas
1348 1637 11 30 i
1381 1636 58 30 två
1462 1635 185 40 exemplar,

166 1699 42 20 av
230 1690 94 29 vilka
346 1688 57 30 det
426 1697 64 20 ena
514 1687 218 30 överlämnas
756 1686 34 29 åt
814 1685 66 30 den
903 1684 100 30 valde
1027 1684 64 30 och
1114 1683 57 30 det
1195 1682 111 30 andra
1327 1681 166 31 insändes
1514 1680 54 30 till
1592 1679 56 30 det

166 1735 249 38 departement,
438 1733 52 29 till
511 1732 107 29 vilket
638 1729 315 42 justitieärendena
973 1729 96 29 höra.

862 1819 15 37 8
904 1819 52 31 21.

210 1877 68 30 Vill
298 1876 153 29 ledamot
470 1885 42 20 av
530 1874 187 39 riksdagen
736 1872 242 39 befattningen
998 1871 51 40 sig
1068 1871 135 39 avsäga,
1225 1870 79 39 äger
1323 1869 71 29 han
1414 1868 57 30 det
1491 1868 82 39 göra
1591 1866 59 36 vid

165 1921 212 31 valtillfället
399 1920 81 30 eller
503 1919 205 34 sedermera,
730 1918 111 29 under
863 1917 51 29 tid
935 1916 45 30 då
1002 1916 133 30 session
1156 1915 30 39 ej
1211 1915 116 39 pågår,
1350 1915 65 29 hos
1436 1913 213 39 Konungens

165 1964 382 40 befallningshavande.

863 2051 15 37 8
906 2051 50 30 22.

211 2109 128 29 Besvär
359 2109 79 28 över
457 2108 56 29 val
531 2106 53 30 till
603 2106 188 38 riksdagen
811 2104 142 30 anföras
973 2104 64 30 hos
1056 2102 196 39 Konungen
1272 2101 106 40 enligt
1398 2100 221 31 föreskrifter
1638 2100 12 29 i

167 2153 167 40 vallagen.
357 2151 173 31 Besvären
552 2151 126 40 prövas
700 2159 42 21 av
763 2148 303 41 regeringsrätten.

214 2198 93 30 Skall
327 2198 45 39 på
391 2197 113 39 grund
525 2206 42 20 av
586 2195 175 39 utgången
781 2204 41 20 av
842 2194 122 29 besvär
985 2194 79 29 över
1084 2193 54 30 val
1159 2192 52 29 till
1231 2192 188 39 riksdagen
1439 2192 90 29 valet
1550 2191 100 39 göras

168 2253 57 20 om
227 2231 24 51 i
277 2252 43 21 en
341 2242 81 29 eller
444 2241 88 30 flera
551 2240 203 34 valkretsar,
778 2238 89 40 gälla
888 2238 106 30 likväl
1016 2238 41 29 de
1079 2237 204 30 fullmakter
1305 2245 75 22 som
1400 2235 178 31 utfärdats
1597 2235 53 29 till

168 2288 80 30 dess
266 2297 70 29 nya
352 2287 191 29 ledamöter
561 2285 98 30 blivit
677 2283 158 31 utsedda.

863 2373 15 37 8
906 2372 51 31 24.

213 2431 156 29 Rösträtt
388 2429 59 30 må
465 2429 30 40 ej
518 2429 123 29 utövas
661 2437 42 21 av
723 2436 117 21 annan
860 2427 43 29 än
924 2425 67 30 den
1012 2434 73 22 som
1104 2424 159 31 inställer
1283 2424 51 40 sig
1353 2423 221 40 personligen
1593 2423 59 30 vid

166 2474 282 39 valförrättning.
473 2474 14 28 I
510 2473 159 39 vallagen
692 2472 59 29 må
774 2471 90 30 dock
888 2471 55 29 för
968 2470 174 30 särskilda
1166 2469 61 30 fall
1251 2469 215 30 bestämmas
1490 2470 49 27 att
1563 2469 87 29 röst-

167 2521 116 29 rätten
304 2519 59 30 må
382 2520 123 28 utövas
527 2519 10 29 i
559 2527 117 20 annan
698 2516 157 39 ordning.
