<?xml version="1.0" encoding="UTF-8"?>
<alto xmlns="http://www.loc.gov/standards/alto/ns-v3#" xmlns:xlink="http://www.w3.org/1999/xlink" xmlns:xsi="http://www.w3.org/2001/XMLSchema-instance" xsi:schemaLocation="http://www.loc.gov/standards/alto/ns-v3# http://www.loc.gov/alto/v3/alto-3-0.xsd">
	<Description>
		<MeasurementUnit>pixel</MeasurementUnit>
		<sourceImageInformation>
			<fileName>/tmp/tess_hz0h07zb_input.PNG</fileName>
		</sourceImageInformation>
		<OCRProcessing ID="OCR_0">
			<ocrProcessingStep>
				<processingSoftware>
					<softwareName>tesseract 5.3.0</softwareName>
				</processingSoftware>
			</ocrProcessingStep>
		</OCRProcessing>
	</Description>
	<Layout>
		<Page WIDTH="1896" HEIGHT="2830" PHYSICAL_IMG_NR="0" ID="page_0">
			<PrintSpace HPOS="0" VPOS="0" WIDTH="1896" HEIGHT="2830">
				<ComposedBlock ID="cblock_0" HPOS="288" VPOS="161" WIDTH="554" HEIGHT="126">
					<TextBlock ID="block_0" HPOS="288" VPOS="161" WIDTH="554" HEIGHT="126">
						<TextLine ID="line_0" HPOS="288" VPOS="161" WIDTH="61" HEIGHT="31">
							<String ID="string_0" HPOS="288" VPOS="161" WIDTH="61" HEIGHT="31" WC="0.96" CONTENT="102"/>
						</TextLine>
						<TextLine ID="line_1" HPOS="443" VPOS="243" WIDTH="399" HEIGHT="44">
							<String ID="string_1" HPOS="443" VPOS="243" WIDTH="225" HEIGHT="36" WC="0.96" CONTENT="(Nuvarande"/><SP WIDTH="27" VPOS="243" HPOS="668"/>
							<String ID="string_2" HPOS="695" VPOS="246" WIDTH="147" HEIGHT="41" WC="0.95" CONTENT="lydelse)"/>
						</TextLine>
					</TextBlock>
				</ComposedBlock>
				<ComposedBlock ID="cblock_1" HPOS="265" VPOS="304" WIDTH="734" HEIGHT="1671">
					<TextBlock ID="block_1" HPOS="273" VPOS="304" WIDTH="726" HEIGHT="859">
						<TextLine ID="line_2" HPOS="284" VPOS="304" WIDTH="715" HEIGHT="49">
							<String ID="string_3" HPOS="284" VPOS="304" WIDTH="82" HEIGHT="31" WC="0.96" CONTENT="eller"/><SP WIDTH="19" VPOS="304" HPOS="366"/>
							<String ID="string_4" HPOS="385" VPOS="306" WIDTH="89" HEIGHT="36" WC="0.93" CONTENT="civil,"/><SP WIDTH="21" VPOS="306" HPOS="474"/>
							<String ID="string_5" HPOS="495" VPOS="308" WIDTH="81" HEIGHT="30" WC="0.57" CONTENT="eHer"/><SP WIDTH="20" VPOS="308" HPOS="576"/>
							<String ID="string_6" HPOS="596" VPOS="310" WIDTH="64" HEIGHT="30" WC="0.96" CONTENT="ock"/><SP WIDTH="21" VPOS="310" HPOS="660"/>
							<String ID="string_7" HPOS="681" VPOS="311" WIDTH="113" HEIGHT="40" WC="0.93" CONTENT="någon"/><SP WIDTH="21" VPOS="311" HPOS="794"/>
							<String ID="string_8" HPOS="815" VPOS="314" WIDTH="184" HEIGHT="39" WC="0.91" CONTENT="menighet,"/>
						</TextLine>
						<TextLine ID="line_3" HPOS="284" VPOS="360" WIDTH="715" HEIGHT="48">
							<String ID="string_9" HPOS="284" VPOS="368" WIDTH="42" HEIGHT="21" WC="0.96" CONTENT="av"/><SP WIDTH="14" VPOS="368" HPOS="326"/>
							<String ID="string_10" HPOS="340" VPOS="360" WIDTH="65" HEIGHT="30" WC="0.96" CONTENT="vad"/><SP WIDTH="16" VPOS="360" HPOS="405"/>
							<String ID="string_11" HPOS="421" VPOS="371" WIDTH="105" HEIGHT="21" WC="0.96" CONTENT="namn"/><SP WIDTH="17" VPOS="371" HPOS="526"/>
							<String ID="string_12" HPOS="543" VPOS="363" WIDTH="40" HEIGHT="30" WC="0.96" CONTENT="de"/><SP WIDTH="15" VPOS="363" HPOS="583"/>
							<String ID="string_13" HPOS="598" VPOS="374" WIDTH="83" HEIGHT="20" WC="0.96" CONTENT="vara"/><SP WIDTH="14" VPOS="374" HPOS="681"/>
							<String ID="string_14" HPOS="695" VPOS="366" WIDTH="66" HEIGHT="35" WC="0.96" CONTENT="må,"/><SP WIDTH="18" VPOS="366" HPOS="761"/>
							<String ID="string_15" HPOS="779" VPOS="368" WIDTH="163" HEIGHT="40" WC="0.96" CONTENT="antingen"/><SP WIDTH="17" VPOS="368" HPOS="942"/>
							<String ID="string_16" HPOS="959" VPOS="378" WIDTH="40" HEIGHT="21" WC="0.96" CONTENT="av"/>
						</TextLine>
						<TextLine ID="line_4" HPOS="283" VPOS="415" WIDTH="716" HEIGHT="46">
							<String ID="string_17" HPOS="283" VPOS="422" WIDTH="83" HEIGHT="31" WC="0.96" CONTENT="egen"/><SP WIDTH="17" VPOS="422" HPOS="366"/>
							<String ID="string_18" HPOS="383" VPOS="415" WIDTH="85" HEIGHT="31" WC="0.96" CONTENT="drift"/><SP WIDTH="18" VPOS="415" HPOS="468"/>
							<String ID="string_19" HPOS="486" VPOS="417" WIDTH="82" HEIGHT="30" WC="0.96" CONTENT="eller"/><SP WIDTH="17" VPOS="417" HPOS="568"/>
							<String ID="string_20" HPOS="585" VPOS="419" WIDTH="78" HEIGHT="29" WC="0.96" CONTENT="med"/><SP WIDTH="18" VPOS="419" HPOS="663"/>
							<String ID="string_21" HPOS="681" VPOS="420" WIDTH="188" HEIGHT="41" WC="0.96" CONTENT="anledning"/><SP WIDTH="17" VPOS="420" HPOS="869"/>
							<String ID="string_22" HPOS="886" VPOS="432" WIDTH="41" HEIGHT="20" WC="0.93" CONTENT="av"/><SP WIDTH="18" VPOS="432" HPOS="927"/>
							<String ID="string_23" HPOS="945" VPOS="423" WIDTH="54" HEIGHT="30" WC="0.91" CONTENT="be-"/>
						</TextLine>
						<TextLine ID="line_5" HPOS="282" VPOS="468" WIDTH="716" HEIGHT="47">
							<String ID="string_24" HPOS="282" VPOS="468" WIDTH="157" HEIGHT="42" WC="0.91" CONTENT="fallning,"/><SP WIDTH="46" VPOS="468" HPOS="439"/>
							<String ID="string_25" HPOS="485" VPOS="471" WIDTH="159" HEIGHT="31" WC="0.90" CONTENT="våldföra"/><SP WIDTH="45" VPOS="471" HPOS="644"/>
							<String ID="string_26" HPOS="689" VPOS="474" WIDTH="195" HEIGHT="41" WC="0.95" CONTENT="riksdagen,"/><SP WIDTH="37" VPOS="474" HPOS="884"/>
							<String ID="string_27" HPOS="921" VPOS="477" WIDTH="77" HEIGHT="30" WC="0.95" CONTENT="dess"/>
						</TextLine>
						<TextLine ID="line_6" HPOS="281" VPOS="522" WIDTH="714" HEIGHT="48">
							<String ID="string_28" HPOS="281" VPOS="522" WIDTH="142" HEIGHT="31" WC="0.95" CONTENT="kamrar"/><SP WIDTH="21" VPOS="522" HPOS="423"/>
							<String ID="string_29" HPOS="444" VPOS="525" WIDTH="82" HEIGHT="30" WC="0.96" CONTENT="eller"/><SP WIDTH="22" VPOS="525" HPOS="526"/>
							<String ID="string_30" HPOS="548" VPOS="527" WIDTH="133" HEIGHT="31" WC="0.96" CONTENT="utskott"/><SP WIDTH="22" VPOS="527" HPOS="681"/>
							<String ID="string_31" HPOS="703" VPOS="529" WIDTH="81" HEIGHT="30" WC="0.96" CONTENT="eller"/><SP WIDTH="23" VPOS="529" HPOS="784"/>
							<String ID="string_32" HPOS="807" VPOS="530" WIDTH="113" HEIGHT="40" WC="0.93" CONTENT="någon"/><SP WIDTH="21" VPOS="530" HPOS="920"/>
							<String ID="string_33" HPOS="941" VPOS="541" WIDTH="54" HEIGHT="21" WC="0.92" CONTENT="en-"/>
						</TextLine>
						<TextLine ID="line_7" HPOS="282" VPOS="577" WIDTH="715" HEIGHT="43">
							<String ID="string_34" HPOS="282" VPOS="577" WIDTH="89" HEIGHT="31" WC="0.96" CONTENT="skild"/><SP WIDTH="23" VPOS="577" HPOS="371"/>
							<String ID="string_35" HPOS="394" VPOS="579" WIDTH="254" HEIGHT="41" WC="0.96" CONTENT="riksdagsman,"/><SP WIDTH="25" VPOS="579" HPOS="648"/>
							<String ID="string_36" HPOS="673" VPOS="583" WIDTH="81" HEIGHT="30" WC="0.96" CONTENT="eller"/><SP WIDTH="23" VPOS="583" HPOS="754"/>
							<String ID="string_37" HPOS="777" VPOS="585" WIDTH="92" HEIGHT="30" WC="0.93" CONTENT="störa"/><SP WIDTH="24" VPOS="585" HPOS="869"/>
							<String ID="string_38" HPOS="893" VPOS="586" WIDTH="104" HEIGHT="30" WC="0.92" CONTENT="frihe-"/>
						</TextLine>
						<TextLine ID="line_8" HPOS="279" VPOS="633" WIDTH="715" HEIGHT="45">
							<String ID="string_39" HPOS="279" VPOS="633" WIDTH="56" HEIGHT="28" WC="0.96" CONTENT="ten"/><SP WIDTH="17" VPOS="633" HPOS="335"/>
							<String ID="string_40" HPOS="352" VPOS="633" WIDTH="10" HEIGHT="29" WC="0.96" CONTENT="i"/><SP WIDTH="16" VPOS="633" HPOS="362"/>
							<String ID="string_41" HPOS="378" VPOS="633" WIDTH="100" HEIGHT="31" WC="0.96" CONTENT="deras"/><SP WIDTH="15" VPOS="633" HPOS="478"/>
							<String ID="string_42" HPOS="493" VPOS="635" WIDTH="286" HEIGHT="43" WC="0.96" CONTENT="överläggningar"/><SP WIDTH="15" VPOS="635" HPOS="779"/>
							<String ID="string_43" HPOS="794" VPOS="640" WIDTH="64" HEIGHT="29" WC="0.96" CONTENT="och"/><SP WIDTH="14" VPOS="640" HPOS="858"/>
							<String ID="string_44" HPOS="872" VPOS="640" WIDTH="122" HEIGHT="35" WC="0.96" CONTENT="beslut,"/>
						</TextLine>
						<TextLine ID="line_9" HPOS="281" VPOS="688" WIDTH="715" HEIGHT="46">
							<String ID="string_45" HPOS="281" VPOS="696" WIDTH="79" HEIGHT="21" WC="0.96" CONTENT="vare"/><SP WIDTH="30" VPOS="696" HPOS="360"/>
							<String ID="string_46" HPOS="390" VPOS="688" WIDTH="133" HEIGHT="36" WC="0.96" CONTENT="sådant,"/><SP WIDTH="30" VPOS="688" HPOS="523"/>
							<String ID="string_47" HPOS="553" VPOS="690" WIDTH="62" HEIGHT="30" WC="0.96" CONTENT="där"/><SP WIDTH="29" VPOS="690" HPOS="615"/>
							<String ID="string_48" HPOS="644" VPOS="691" WIDTH="56" HEIGHT="30" WC="0.96" CONTENT="det"/><SP WIDTH="29" VPOS="691" HPOS="700"/>
							<String ID="string_49" HPOS="729" VPOS="693" WIDTH="30" HEIGHT="40" WC="0.96" CONTENT="ej"/><SP WIDTH="33" VPOS="693" HPOS="759"/>
							<String ID="string_50" HPOS="792" VPOS="694" WIDTH="37" HEIGHT="29" WC="0.93" CONTENT="är"/><SP WIDTH="29" VPOS="694" HPOS="829"/>
							<String ID="string_51" HPOS="858" VPOS="694" WIDTH="138" HEIGHT="40" WC="0.91" CONTENT="högför-"/>
						</TextLine>
						<TextLine ID="line_10" HPOS="279" VPOS="741" WIDTH="715" HEIGHT="45">
							<String ID="string_52" HPOS="279" VPOS="741" WIDTH="124" HEIGHT="35" WC="0.92" CONTENT="räderi,"/><SP WIDTH="28" VPOS="741" HPOS="403"/>
							<String ID="string_53" HPOS="431" VPOS="746" WIDTH="113" HEIGHT="28" WC="0.96" CONTENT="ansett"/><SP WIDTH="28" VPOS="746" HPOS="544"/>
							<String ID="string_54" HPOS="572" VPOS="754" WIDTH="73" HEIGHT="21" WC="0.96" CONTENT="som"/><SP WIDTH="28" VPOS="754" HPOS="645"/>
							<String ID="string_55" HPOS="673" VPOS="756" WIDTH="144" HEIGHT="30" WC="0.96" CONTENT="uppror;"/><SP WIDTH="29" VPOS="756" HPOS="817"/>
							<String ID="string_56" HPOS="846" VPOS="749" WIDTH="65" HEIGHT="30" WC="0.96" CONTENT="vad"/><SP WIDTH="27" VPOS="749" HPOS="911"/>
							<String ID="string_57" HPOS="938" VPOS="759" WIDTH="56" HEIGHT="20" WC="0.96" CONTENT="om"/>
						</TextLine>
						<TextLine ID="line_11" HPOS="279" VPOS="795" WIDTH="714" HEIGHT="49">
							<String ID="string_58" HPOS="279" VPOS="795" WIDTH="129" HEIGHT="36" WC="0.95" CONTENT="försök,"/><SP WIDTH="30" VPOS="795" HPOS="408"/>
							<String ID="string_59" HPOS="438" VPOS="797" WIDTH="230" HEIGHT="34" WC="0.96" CONTENT="förberedelse"/><SP WIDTH="29" VPOS="797" HPOS="668"/>
							<String ID="string_60" HPOS="697" VPOS="801" WIDTH="81" HEIGHT="30" WC="0.95" CONTENT="eller"/><SP WIDTH="29" VPOS="801" HPOS="778"/>
							<String ID="string_61" HPOS="807" VPOS="804" WIDTH="186" HEIGHT="40" WC="0.96" CONTENT="stämpling"/>
						</TextLine>
						<TextLine ID="line_12" HPOS="278" VPOS="850" WIDTH="715" HEIGHT="40">
							<String ID="string_62" HPOS="278" VPOS="850" WIDTH="51" HEIGHT="29" WC="0.95" CONTENT="till"/><SP WIDTH="36" VPOS="850" HPOS="329"/>
							<String ID="string_63" HPOS="365" VPOS="860" WIDTH="129" HEIGHT="30" WC="0.95" CONTENT="uppror"/><SP WIDTH="34" VPOS="860" HPOS="494"/>
							<String ID="string_64" HPOS="528" VPOS="854" WIDTH="82" HEIGHT="29" WC="0.95" CONTENT="eller"/><SP WIDTH="34" VPOS="854" HPOS="610"/>
							<String ID="string_65" HPOS="644" VPOS="856" WIDTH="265" HEIGHT="31" WC="0.96" CONTENT="underlåtenhet"/><SP WIDTH="35" VPOS="856" HPOS="909"/>
							<String ID="string_66" HPOS="944" VPOS="861" WIDTH="49" HEIGHT="26" WC="0.96" CONTENT="att"/>
						</TextLine>
						<TextLine ID="line_13" HPOS="277" VPOS="903" WIDTH="715" HEIGHT="48">
							<String ID="string_67" HPOS="277" VPOS="903" WIDTH="135" HEIGHT="39" WC="0.96" CONTENT="avslöja"/><SP WIDTH="26" VPOS="903" HPOS="412"/>
							<String ID="string_68" HPOS="438" VPOS="905" WIDTH="123" HEIGHT="30" WC="0.96" CONTENT="sådant"/><SP WIDTH="26" VPOS="905" HPOS="561"/>
							<String ID="string_69" HPOS="587" VPOS="907" WIDTH="92" HEIGHT="30" WC="0.96" CONTENT="brott"/><SP WIDTH="27" VPOS="907" HPOS="679"/>
							<String ID="string_70" HPOS="706" VPOS="909" WIDTH="37" HEIGHT="29" WC="0.96" CONTENT="är"/><SP WIDTH="27" VPOS="909" HPOS="743"/>
							<String ID="string_71" HPOS="770" VPOS="909" WIDTH="135" HEIGHT="41" WC="0.92" CONTENT="stadgat"/><SP WIDTH="28" VPOS="909" HPOS="905"/>
							<String ID="string_72" HPOS="933" VPOS="912" WIDTH="59" HEIGHT="39" WC="0.92" CONTENT="äge"/>
						</TextLine>
						<TextLine ID="line_14" HPOS="274" VPOS="956" WIDTH="717" HEIGHT="49">
							<String ID="string_73" HPOS="274" VPOS="956" WIDTH="132" HEIGHT="40" WC="0.95" CONTENT="jämväl"/><SP WIDTH="61" VPOS="956" HPOS="406"/>
							<String ID="string_74" HPOS="467" VPOS="962" WIDTH="243" HEIGHT="30" WC="0.82" CONTENT="motsvarande"/><SP WIDTH="50" VPOS="962" HPOS="710"/>
							<String ID="string_75" HPOS="760" VPOS="964" WIDTH="231" HEIGHT="41" WC="0.91" CONTENT="tillämpning."/>
						</TextLine>
						<TextLine ID="line_15" HPOS="276" VPOS="1011" WIDTH="715" HEIGHT="47">
							<String ID="string_76" HPOS="276" VPOS="1011" WIDTH="64" HEIGHT="30" WC="0.96" CONTENT="Det"/><SP WIDTH="32" VPOS="1011" HPOS="340"/>
							<String ID="string_77" HPOS="372" VPOS="1013" WIDTH="204" HEIGHT="30" WC="0.96" CONTENT="ankommer"/><SP WIDTH="32" VPOS="1013" HPOS="576"/>
							<String ID="string_78" HPOS="608" VPOS="1016" WIDTH="43" HEIGHT="39" WC="0.96" CONTENT="på"/><SP WIDTH="33" VPOS="1016" HPOS="651"/>
							<String ID="string_79" HPOS="684" VPOS="1017" WIDTH="183" HEIGHT="41" WC="0.96" CONTENT="riksdagen"/><SP WIDTH="34" VPOS="1017" HPOS="867"/>
							<String ID="string_80" HPOS="901" VPOS="1022" WIDTH="48" HEIGHT="27" WC="0.95" CONTENT="att"/><SP WIDTH="33" VPOS="1022" HPOS="949"/>
							<String ID="string_81" HPOS="982" VPOS="1021" WIDTH="9" HEIGHT="28" WC="0.96" CONTENT="i"/>
						</TextLine>
						<TextLine ID="line_16" HPOS="273" VPOS="1065" WIDTH="717" HEIGHT="47">
							<String ID="string_82" HPOS="273" VPOS="1065" WIDTH="77" HEIGHT="40" WC="0.96" CONTENT="laga"/><SP WIDTH="18" VPOS="1065" HPOS="350"/>
							<String ID="string_83" HPOS="368" VPOS="1066" WIDTH="149" HEIGHT="42" WC="0.96" CONTENT="ordning"/><SP WIDTH="18" VPOS="1066" HPOS="517"/>
							<String ID="string_84" HPOS="535" VPOS="1069" WIDTH="68" HEIGHT="30" WC="0.95" CONTENT="låta"/><SP WIDTH="18" VPOS="1069" HPOS="603"/>
							<String ID="string_85" HPOS="621" VPOS="1070" WIDTH="116" HEIGHT="30" WC="0.95" CONTENT="beivra"/><SP WIDTH="19" VPOS="1070" HPOS="737"/>
							<String ID="string_86" HPOS="756" VPOS="1072" WIDTH="234" HEIGHT="40" WC="0.96" CONTENT="förbrytelser,"/>
						</TextLine>
						<TextLine ID="line_17" HPOS="273" VPOS="1121" WIDTH="387" HEIGHT="42">
							<String ID="string_87" HPOS="273" VPOS="1129" WIDTH="119" HEIGHT="21" WC="0.96" CONTENT="varom"/><SP WIDTH="20" VPOS="1129" HPOS="392"/>
							<String ID="string_88" HPOS="412" VPOS="1121" WIDTH="63" HEIGHT="30" WC="0.96" CONTENT="här"/><SP WIDTH="20" VPOS="1121" HPOS="475"/>
							<String ID="string_89" HPOS="495" VPOS="1123" WIDTH="37" HEIGHT="29" WC="0.96" CONTENT="är"/><SP WIDTH="20" VPOS="1123" HPOS="532"/>
							<String ID="string_90" HPOS="552" VPOS="1123" WIDTH="108" HEIGHT="40" WC="0.96" CONTENT="fråga."/>
						</TextLine>
					</TextBlock>
					<TextBlock ID="block_2" HPOS="265" VPOS="1174" WIDTH="725" HEIGHT="801">
						<TextLine ID="line_18" HPOS="318" VPOS="1174" WIDTH="672" HEIGHT="43">
							<String ID="string_91" HPOS="318" VPOS="1174" WIDTH="112" HEIGHT="30" WC="0.92" CONTENT="Bliver"/><SP WIDTH="25" VPOS="1174" HPOS="430"/>
							<String ID="string_92" HPOS="455" VPOS="1176" WIDTH="254" HEIGHT="41" WC="0.96" CONTENT="riksdagsman,"/><SP WIDTH="28" VPOS="1176" HPOS="709"/>
							<String ID="string_93" HPOS="737" VPOS="1180" WIDTH="110" HEIGHT="30" WC="0.96" CONTENT="under"/><SP WIDTH="24" VPOS="1180" HPOS="847"/>
							<String ID="string_94" HPOS="871" VPOS="1181" WIDTH="49" HEIGHT="30" WC="0.96" CONTENT="tid"/><SP WIDTH="27" VPOS="1181" HPOS="920"/>
							<String ID="string_95" HPOS="947" VPOS="1182" WIDTH="43" HEIGHT="30" WC="0.96" CONTENT="då"/>
						</TextLine>
						<TextLine ID="line_19" HPOS="274" VPOS="1228" WIDTH="712" HEIGHT="42">
							<String ID="string_96" HPOS="274" VPOS="1228" WIDTH="131" HEIGHT="30" WC="0.96" CONTENT="session"/><SP WIDTH="31" VPOS="1228" HPOS="405"/>
							<String ID="string_97" HPOS="436" VPOS="1230" WIDTH="115" HEIGHT="40" WC="0.96" CONTENT="pågår,"/><SP WIDTH="30" VPOS="1230" HPOS="551"/>
							<String ID="string_98" HPOS="581" VPOS="1232" WIDTH="82" HEIGHT="30" WC="0.96" CONTENT="eller"/><SP WIDTH="29" VPOS="1232" HPOS="663"/>
							<String ID="string_99" HPOS="692" VPOS="1234" WIDTH="111" HEIGHT="30" WC="0.95" CONTENT="under"/><SP WIDTH="28" VPOS="1234" HPOS="803"/>
							<String ID="string_100" HPOS="831" VPOS="1244" WIDTH="77" HEIGHT="21" WC="0.95" CONTENT="resa"/><SP WIDTH="28" VPOS="1244" HPOS="908"/>
							<String ID="string_101" HPOS="936" VPOS="1237" WIDTH="50" HEIGHT="29" WC="0.96" CONTENT="till"/>
						</TextLine>
						<TextLine ID="line_20" HPOS="272" VPOS="1282" WIDTH="716" HEIGHT="44">
							<String ID="string_102" HPOS="272" VPOS="1282" WIDTH="83" HEIGHT="29" WC="0.96" CONTENT="eller"/><SP WIDTH="28" VPOS="1282" HPOS="355"/>
							<String ID="string_103" HPOS="383" VPOS="1283" WIDTH="92" HEIGHT="30" WC="0.96" CONTENT="ifrån"/><SP WIDTH="29" VPOS="1283" HPOS="475"/>
							<String ID="string_104" HPOS="504" VPOS="1285" WIDTH="197" HEIGHT="41" WC="0.96" CONTENT="riksdagen,"/><SP WIDTH="31" VPOS="1285" HPOS="701"/>
							<String ID="string_105" HPOS="732" VPOS="1288" WIDTH="62" HEIGHT="30" WC="0.96" CONTENT="när"/><SP WIDTH="29" VPOS="1288" HPOS="794"/>
							<String ID="string_106" HPOS="823" VPOS="1298" WIDTH="80" HEIGHT="21" WC="0.96" CONTENT="man"/><SP WIDTH="31" VPOS="1298" HPOS="903"/>
							<String ID="string_107" HPOS="934" VPOS="1292" WIDTH="54" HEIGHT="28" WC="0.95" CONTENT="vet"/>
						</TextLine>
						<TextLine ID="line_21" HPOS="272" VPOS="1336" WIDTH="714" HEIGHT="43">
							<String ID="string_108" HPOS="272" VPOS="1336" WIDTH="128" HEIGHT="30" WC="0.96" CONTENT="honom"/><SP WIDTH="27" VPOS="1336" HPOS="400"/>
							<String ID="string_109" HPOS="427" VPOS="1338" WIDTH="9" HEIGHT="29" WC="0.95" CONTENT="i"/><SP WIDTH="28" VPOS="1338" HPOS="436"/>
							<String ID="string_110" HPOS="464" VPOS="1338" WIDTH="123" HEIGHT="31" WC="0.96" CONTENT="sådant"/><SP WIDTH="28" VPOS="1338" HPOS="587"/>
							<String ID="string_111" HPOS="615" VPOS="1341" WIDTH="125" HEIGHT="30" WC="0.96" CONTENT="ärende"/><SP WIDTH="28" VPOS="1341" HPOS="740"/>
							<String ID="string_112" HPOS="768" VPOS="1343" WIDTH="99" HEIGHT="29" WC="0.96" CONTENT="stadd"/><SP WIDTH="27" VPOS="1343" HPOS="867"/>
							<String ID="string_113" HPOS="894" VPOS="1354" WIDTH="92" HEIGHT="25" WC="0.96" CONTENT="vara,"/>
						</TextLine>
						<TextLine ID="line_22" HPOS="270" VPOS="1390" WIDTH="717" HEIGHT="47">
							<String ID="string_114" HPOS="270" VPOS="1390" WIDTH="79" HEIGHT="29" WC="0.96" CONTENT="med"/><SP WIDTH="21" VPOS="1390" HPOS="349"/>
							<String ID="string_115" HPOS="370" VPOS="1391" WIDTH="60" HEIGHT="29" WC="0.95" CONTENT="ord"/><SP WIDTH="23" VPOS="1391" HPOS="430"/>
							<String ID="string_116" HPOS="453" VPOS="1392" WIDTH="82" HEIGHT="30" WC="0.96" CONTENT="eller"/><SP WIDTH="22" VPOS="1392" HPOS="535"/>
							<String ID="string_117" HPOS="557" VPOS="1394" WIDTH="145" HEIGHT="41" WC="0.96" CONTENT="gärning"/><SP WIDTH="21" VPOS="1394" HPOS="702"/>
							<String ID="string_118" HPOS="723" VPOS="1395" WIDTH="153" HEIGHT="36" WC="0.93" CONTENT="ofredad,"/><SP WIDTH="24" VPOS="1395" HPOS="876"/>
							<String ID="string_119" HPOS="900" VPOS="1399" WIDTH="87" HEIGHT="38" WC="0.92" CONTENT="gälle"/>
						</TextLine>
						<TextLine ID="line_23" HPOS="270" VPOS="1443" WIDTH="717" HEIGHT="44">
							<String ID="string_120" HPOS="270" VPOS="1443" WIDTH="122" HEIGHT="31" WC="0.96" CONTENT="därom"/><SP WIDTH="25" VPOS="1443" HPOS="392"/>
							<String ID="string_121" HPOS="417" VPOS="1446" WIDTH="64" HEIGHT="29" WC="0.96" CONTENT="vad"/><SP WIDTH="26" VPOS="1446" HPOS="481"/>
							<String ID="string_122" HPOS="507" VPOS="1448" WIDTH="177" HEIGHT="39" WC="0.95" CONTENT="angående"/><SP WIDTH="24" VPOS="1448" HPOS="684"/>
							<String ID="string_123" HPOS="708" VPOS="1450" WIDTH="78" HEIGHT="29" WC="0.95" CONTENT="våld"/><SP WIDTH="26" VPOS="1450" HPOS="786"/>
							<String ID="string_124" HPOS="812" VPOS="1452" WIDTH="81" HEIGHT="29" WC="0.93" CONTENT="eller"/><SP WIDTH="25" VPOS="1452" HPOS="893"/>
							<String ID="string_125" HPOS="918" VPOS="1452" WIDTH="69" HEIGHT="30" WC="0.93" CONTENT="för-"/>
						</TextLine>
						<TextLine ID="line_24" HPOS="269" VPOS="1497" WIDTH="717" HEIGHT="46">
							<String ID="string_126" HPOS="269" VPOS="1497" WIDTH="203" HEIGHT="42" WC="0.92" CONTENT="olämpning"/><SP WIDTH="20" VPOS="1497" HPOS="472"/>
							<String ID="string_127" HPOS="492" VPOS="1504" WIDTH="91" HEIGHT="26" WC="0.96" CONTENT="emot"/><SP WIDTH="22" VPOS="1504" HPOS="583"/>
							<String ID="string_128" HPOS="605" VPOS="1502" WIDTH="212" HEIGHT="41" WC="0.93" CONTENT="Konungens"/><SP WIDTH="22" VPOS="1502" HPOS="817"/>
							<String ID="string_129" HPOS="839" VPOS="1506" WIDTH="147" HEIGHT="29" WC="0.91" CONTENT="ämbets-"/>
						</TextLine>
						<TextLine ID="line_25" HPOS="268" VPOS="1552" WIDTH="717" HEIGHT="48">
							<String ID="string_130" HPOS="268" VPOS="1552" WIDTH="92" HEIGHT="34" WC="0.95" CONTENT="män,"/><SP WIDTH="21" VPOS="1552" HPOS="360"/>
							<String ID="string_131" HPOS="381" VPOS="1553" WIDTH="9" HEIGHT="29" WC="0.96" CONTENT="i"/><SP WIDTH="20" VPOS="1553" HPOS="390"/>
							<String ID="string_132" HPOS="410" VPOS="1554" WIDTH="82" HEIGHT="29" WC="0.96" CONTENT="eller"/><SP WIDTH="21" VPOS="1554" HPOS="492"/>
							<String ID="string_133" HPOS="513" VPOS="1554" WIDTH="53" HEIGHT="30" WC="0.96" CONTENT="för"/><SP WIDTH="20" VPOS="1554" HPOS="566"/>
							<String ID="string_134" HPOS="586" VPOS="1556" WIDTH="144" HEIGHT="35" WC="0.96" CONTENT="ämbete,"/><SP WIDTH="20" VPOS="1556" HPOS="730"/>
							<String ID="string_135" HPOS="750" VPOS="1558" WIDTH="10" HEIGHT="29" WC="0.96" CONTENT="i"/><SP WIDTH="21" VPOS="1558" HPOS="760"/>
							<String ID="string_136" HPOS="781" VPOS="1559" WIDTH="130" HEIGHT="30" WC="0.96" CONTENT="allmän"/><SP WIDTH="20" VPOS="1559" HPOS="911"/>
							<String ID="string_137" HPOS="931" VPOS="1560" WIDTH="54" HEIGHT="40" WC="0.96" CONTENT="lag"/>
						</TextLine>
						<TextLine ID="line_26" HPOS="269" VPOS="1605" WIDTH="716" HEIGHT="45">
							<String ID="string_138" HPOS="269" VPOS="1605" WIDTH="135" HEIGHT="40" WC="0.96" CONTENT="stadgat"/><SP WIDTH="18" VPOS="1605" HPOS="404"/>
							<String ID="string_139" HPOS="422" VPOS="1608" WIDTH="47" HEIGHT="29" WC="0.96" CONTENT="är."/><SP WIDTH="19" VPOS="1608" HPOS="469"/>
							<String ID="string_140" HPOS="488" VPOS="1608" WIDTH="138" HEIGHT="31" WC="0.96" CONTENT="Samma"/><SP WIDTH="19" VPOS="1608" HPOS="626"/>
							<String ID="string_141" HPOS="645" VPOS="1610" WIDTH="54" HEIGHT="40" WC="0.96" CONTENT="lag"/><SP WIDTH="17" VPOS="1610" HPOS="699"/>
							<String ID="string_142" HPOS="716" VPOS="1621" WIDTH="89" HEIGHT="25" WC="0.96" CONTENT="vare,"/><SP WIDTH="18" VPOS="1621" HPOS="805"/>
							<String ID="string_143" HPOS="823" VPOS="1621" WIDTH="56" HEIGHT="21" WC="0.93" CONTENT="om"/><SP WIDTH="18" VPOS="1621" HPOS="879"/>
							<String ID="string_144" HPOS="897" VPOS="1614" WIDTH="88" HEIGHT="29" WC="0.90" CONTENT="riks-"/>
						</TextLine>
						<TextLine ID="line_27" HPOS="268" VPOS="1658" WIDTH="716" HEIGHT="45">
							<String ID="string_145" HPOS="268" VPOS="1658" WIDTH="128" HEIGHT="41" WC="0.96" CONTENT="dagens"/><SP WIDTH="36" VPOS="1658" HPOS="396"/>
							<String ID="string_146" HPOS="432" VPOS="1661" WIDTH="230" HEIGHT="42" WC="0.96" CONTENT="fullmäktige,"/><SP WIDTH="37" VPOS="1661" HPOS="662"/>
							<String ID="string_147" HPOS="699" VPOS="1666" WIDTH="169" HEIGHT="30" WC="0.96" CONTENT="revisorer"/><SP WIDTH="34" VPOS="1666" HPOS="868"/>
							<String ID="string_148" HPOS="902" VPOS="1668" WIDTH="82" HEIGHT="29" WC="0.93" CONTENT="eller"/>
						</TextLine>
						<TextLine ID="line_28" HPOS="268" VPOS="1714" WIDTH="715" HEIGHT="37">
							<String ID="string_149" HPOS="268" VPOS="1714" WIDTH="242" HEIGHT="36" WC="0.95" CONTENT="ombudsmän,"/><SP WIDTH="33" VPOS="1714" HPOS="510"/>
							<String ID="string_150" HPOS="543" VPOS="1717" WIDTH="82" HEIGHT="29" WC="0.95" CONTENT="eller"/><SP WIDTH="32" VPOS="1717" HPOS="625"/>
							<String ID="string_151" HPOS="657" VPOS="1719" WIDTH="213" HEIGHT="31" WC="0.94" CONTENT="sekreterare"/><SP WIDTH="31" VPOS="1719" HPOS="870"/>
							<String ID="string_152" HPOS="901" VPOS="1722" WIDTH="82" HEIGHT="29" WC="0.94" CONTENT="eller"/>
						</TextLine>
						<TextLine ID="line_29" HPOS="266" VPOS="1766" WIDTH="716" HEIGHT="48">
							<String ID="string_153" HPOS="266" VPOS="1766" WIDTH="272" HEIGHT="42" WC="0.91" CONTENT="kanslibetjänte"/><SP WIDTH="18" VPOS="1766" HPOS="538"/>
							<String ID="string_154" HPOS="556" VPOS="1771" WIDTH="10" HEIGHT="29" WC="0.96" CONTENT="i"/><SP WIDTH="20" VPOS="1771" HPOS="566"/>
							<String ID="string_155" HPOS="586" VPOS="1771" WIDTH="111" HEIGHT="39" WC="0.96" CONTENT="någon"/><SP WIDTH="20" VPOS="1771" HPOS="697"/>
							<String ID="string_156" HPOS="717" VPOS="1782" WIDTH="42" HEIGHT="20" WC="0.96" CONTENT="av"/><SP WIDTH="18" VPOS="1782" HPOS="759"/>
							<String ID="string_157" HPOS="777" VPOS="1773" WIDTH="205" HEIGHT="41" WC="0.96" CONTENT="riksdagens"/>
						</TextLine>
						<TextLine ID="line_30" HPOS="266" VPOS="1821" WIDTH="715" HEIGHT="43">
							<String ID="string_158" HPOS="266" VPOS="1821" WIDTH="142" HEIGHT="30" WC="0.96" CONTENT="kamrar"/><SP WIDTH="23" VPOS="1821" HPOS="408"/>
							<String ID="string_159" HPOS="431" VPOS="1823" WIDTH="82" HEIGHT="29" WC="0.96" CONTENT="eller"/><SP WIDTH="24" VPOS="1823" HPOS="513"/>
							<String ID="string_160" HPOS="537" VPOS="1824" WIDTH="10" HEIGHT="29" WC="0.96" CONTENT="i"/><SP WIDTH="25" VPOS="1824" HPOS="547"/>
							<String ID="string_161" HPOS="572" VPOS="1825" WIDTH="103" HEIGHT="39" WC="0.96" CONTENT="något"/><SP WIDTH="25" VPOS="1825" HPOS="675"/>
							<String ID="string_162" HPOS="700" VPOS="1826" WIDTH="78" HEIGHT="31" WC="0.96" CONTENT="dess"/><SP WIDTH="25" VPOS="1826" HPOS="778"/>
							<String ID="string_163" HPOS="803" VPOS="1829" WIDTH="144" HEIGHT="35" WC="0.95" CONTENT="utskott,"/><SP WIDTH="25" VPOS="1829" HPOS="947"/>
							<String ID="string_164" HPOS="972" VPOS="1830" WIDTH="9" HEIGHT="29" WC="0.96" CONTENT="i"/>
						</TextLine>
						<TextLine ID="line_31" HPOS="266" VPOS="1875" WIDTH="716" HEIGHT="43">
							<String ID="string_165" HPOS="266" VPOS="1875" WIDTH="82" HEIGHT="29" WC="0.96" CONTENT="eller"/><SP WIDTH="28" VPOS="1875" HPOS="348"/>
							<String ID="string_166" HPOS="376" VPOS="1875" WIDTH="54" HEIGHT="30" WC="0.96" CONTENT="för"/><SP WIDTH="27" VPOS="1875" HPOS="430"/>
							<String ID="string_167" HPOS="457" VPOS="1878" WIDTH="168" HEIGHT="40" WC="0.96" CONTENT="utövning"/><SP WIDTH="27" VPOS="1878" HPOS="625"/>
							<String ID="string_168" HPOS="652" VPOS="1889" WIDTH="42" HEIGHT="20" WC="0.96" CONTENT="av"/><SP WIDTH="28" VPOS="1889" HPOS="694"/>
							<String ID="string_169" HPOS="722" VPOS="1880" WIDTH="107" HEIGHT="30" WC="0.92" CONTENT="sådan"/><SP WIDTH="28" VPOS="1880" HPOS="829"/>
							<String ID="string_170" HPOS="857" VPOS="1883" WIDTH="125" HEIGHT="29" WC="0.92" CONTENT="befatt-"/>
						</TextLine>
						<TextLine ID="line_32" HPOS="265" VPOS="1928" WIDTH="632" HEIGHT="47">
							<String ID="string_171" HPOS="265" VPOS="1928" WIDTH="91" HEIGHT="40" WC="0.91" CONTENT="ning,"/><SP WIDTH="21" VPOS="1928" HPOS="356"/>
							<String ID="string_172" HPOS="377" VPOS="1929" WIDTH="175" HEIGHT="32" WC="0.91" CONTENT="våldföres"/><SP WIDTH="19" VPOS="1929" HPOS="552"/>
							<String ID="string_173" HPOS="571" VPOS="1932" WIDTH="82" HEIGHT="30" WC="0.93" CONTENT="eller"/><SP WIDTH="20" VPOS="1932" HPOS="653"/>
							<String ID="string_174" HPOS="673" VPOS="1933" WIDTH="224" HEIGHT="42" WC="0.91" CONTENT="förolämpas."/>
						</TextLine>
					</TextBlock>
				</ComposedBlock>
				<ComposedBlock ID="cblock_2" HPOS="535" VPOS="165" WIDTH="982" HEIGHT="43">
					<TextBlock ID="block_3" HPOS="535" VPOS="165" WIDTH="982" HEIGHT="43">
						<TextLine ID="line_33" HPOS="535" VPOS="165" WIDTH="982" HEIGHT="43">
							<String ID="string_175" HPOS="535" VPOS="165" WIDTH="451" HEIGHT="36" WC="0.91" CONTENT="Konstitutionsutskottets"/><SP WIDTH="22" VPOS="165" HPOS="986"/>
							<String ID="string_176" HPOS="1008" VPOS="172" WIDTH="218" HEIGHT="32" WC="0.96" CONTENT="betänkande"/><SP WIDTH="22" VPOS="172" HPOS="1226"/>
							<String ID="string_177" HPOS="1248" VPOS="185" WIDTH="42" HEIGHT="20" WC="0.96" CONTENT="nr"/><SP WIDTH="20" VPOS="185" HPOS="1290"/>
							<String ID="string_178" HPOS="1310" VPOS="176" WIDTH="42" HEIGHT="30" WC="0.96" CONTENT="20"/><SP WIDTH="20" VPOS="176" HPOS="1352"/>
							<String ID="string_179" HPOS="1372" VPOS="177" WIDTH="40" HEIGHT="30" WC="0.96" CONTENT="år"/><SP WIDTH="21" VPOS="177" HPOS="1412"/>
							<String ID="string_180" HPOS="1433" VPOS="178" WIDTH="84" HEIGHT="30" WC="0.96" CONTENT="1968"/>
						</TextLine>
					</TextBlock>
				</ComposedBlock>
				<ComposedBlock ID="cblock_3" HPOS="1045" VPOS="254" WIDTH="726" HEIGHT="862">
					<TextBlock ID="block_4" HPOS="1045" VPOS="254" WIDTH="726" HEIGHT="862">
						<TextLine ID="line_34" HPOS="1214" VPOS="254" WIDTH="398" HEIGHT="44">
							<String ID="string_181" HPOS="1214" VPOS="254" WIDTH="225" HEIGHT="42" WC="0.96" CONTENT="(Föreslagen"/><SP WIDTH="26" VPOS="254" HPOS="1439"/>
							<String ID="string_182" HPOS="1465" VPOS="258" WIDTH="147" HEIGHT="40" WC="0.93" CONTENT="lydelse)"/>
						</TextLine>
						<TextLine ID="line_35" HPOS="1055" VPOS="316" WIDTH="716" HEIGHT="40">
							<String ID="string_183" HPOS="1055" VPOS="316" WIDTH="184" HEIGHT="40" WC="0.92" CONTENT="menighet,"/><SP WIDTH="23" VPOS="316" HPOS="1239"/>
							<String ID="string_184" HPOS="1262" VPOS="326" WIDTH="42" HEIGHT="21" WC="0.96" CONTENT="av"/><SP WIDTH="20" VPOS="326" HPOS="1304"/>
							<String ID="string_185" HPOS="1324" VPOS="317" WIDTH="65" HEIGHT="30" WC="0.96" CONTENT="vad"/><SP WIDTH="23" VPOS="317" HPOS="1389"/>
							<String ID="string_186" HPOS="1412" VPOS="327" WIDTH="104" HEIGHT="21" WC="0.96" CONTENT="namn"/><SP WIDTH="23" VPOS="327" HPOS="1516"/>
							<String ID="string_187" HPOS="1539" VPOS="319" WIDTH="42" HEIGHT="30" WC="0.96" CONTENT="de"/><SP WIDTH="20" VPOS="319" HPOS="1581"/>
							<String ID="string_188" HPOS="1601" VPOS="329" WIDTH="82" HEIGHT="21" WC="0.96" CONTENT="vara"/><SP WIDTH="21" VPOS="329" HPOS="1683"/>
							<String ID="string_189" HPOS="1704" VPOS="320" WIDTH="67" HEIGHT="35" WC="0.95" CONTENT="må,"/>
						</TextLine>
						<TextLine ID="line_36" HPOS="1054" VPOS="370" WIDTH="717" HEIGHT="42">
							<String ID="string_190" HPOS="1054" VPOS="370" WIDTH="165" HEIGHT="41" WC="0.96" CONTENT="antingen"/><SP WIDTH="20" VPOS="370" HPOS="1219"/>
							<String ID="string_191" HPOS="1239" VPOS="381" WIDTH="42" HEIGHT="20" WC="0.96" CONTENT="av"/><SP WIDTH="20" VPOS="381" HPOS="1281"/>
							<String ID="string_192" HPOS="1301" VPOS="380" WIDTH="83" HEIGHT="32" WC="0.96" CONTENT="egen"/><SP WIDTH="22" VPOS="380" HPOS="1384"/>
							<String ID="string_193" HPOS="1406" VPOS="372" WIDTH="84" HEIGHT="31" WC="0.96" CONTENT="drift"/><SP WIDTH="21" VPOS="372" HPOS="1490"/>
							<String ID="string_194" HPOS="1511" VPOS="374" WIDTH="82" HEIGHT="30" WC="0.96" CONTENT="eller"/><SP WIDTH="20" VPOS="374" HPOS="1593"/>
							<String ID="string_195" HPOS="1613" VPOS="374" WIDTH="78" HEIGHT="30" WC="0.93" CONTENT="med"/><SP WIDTH="22" VPOS="374" HPOS="1691"/>
							<String ID="string_196" HPOS="1713" VPOS="384" WIDTH="58" HEIGHT="21" WC="0.92" CONTENT="an-"/>
						</TextLine>
						<TextLine ID="line_37" HPOS="1052" VPOS="424" WIDTH="719" HEIGHT="43">
							<String ID="string_197" HPOS="1052" VPOS="424" WIDTH="141" HEIGHT="41" WC="0.96" CONTENT="ledning"/><SP WIDTH="23" VPOS="424" HPOS="1193"/>
							<String ID="string_198" HPOS="1216" VPOS="435" WIDTH="42" HEIGHT="20" WC="0.96" CONTENT="av"/><SP WIDTH="20" VPOS="435" HPOS="1258"/>
							<String ID="string_199" HPOS="1278" VPOS="426" WIDTH="201" HEIGHT="41" WC="0.93" CONTENT="befallning,"/><SP WIDTH="23" VPOS="426" HPOS="1479"/>
							<String ID="string_200" HPOS="1502" VPOS="428" WIDTH="160" HEIGHT="30" WC="0.91" CONTENT="våldföra"/><SP WIDTH="20" VPOS="428" HPOS="1662"/>
							<String ID="string_201" HPOS="1682" VPOS="429" WIDTH="89" HEIGHT="30" WC="0.91" CONTENT="riks-"/>
						</TextLine>
						<TextLine ID="line_38" HPOS="1054" VPOS="478" WIDTH="716" HEIGHT="44">
							<String ID="string_202" HPOS="1054" VPOS="478" WIDTH="120" HEIGHT="41" WC="0.96" CONTENT="dagen,"/><SP WIDTH="27" VPOS="478" HPOS="1174"/>
							<String ID="string_203" HPOS="1201" VPOS="479" WIDTH="78" HEIGHT="31" WC="0.96" CONTENT="dess"/><SP WIDTH="26" VPOS="479" HPOS="1279"/>
							<String ID="string_204" HPOS="1305" VPOS="481" WIDTH="134" HEIGHT="30" WC="0.96" CONTENT="utskott"/><SP WIDTH="26" VPOS="481" HPOS="1439"/>
							<String ID="string_205" HPOS="1465" VPOS="482" WIDTH="82" HEIGHT="30" WC="0.95" CONTENT="eller"/><SP WIDTH="26" VPOS="482" HPOS="1547"/>
							<String ID="string_206" HPOS="1573" VPOS="482" WIDTH="113" HEIGHT="40" WC="0.91" CONTENT="någon"/><SP WIDTH="26" VPOS="482" HPOS="1686"/>
							<String ID="string_207" HPOS="1712" VPOS="493" WIDTH="58" HEIGHT="20" WC="0.91" CONTENT="en-"/>
						</TextLine>
						<TextLine ID="line_39" HPOS="1053" VPOS="533" WIDTH="716" HEIGHT="42">
							<String ID="string_208" HPOS="1053" VPOS="533" WIDTH="90" HEIGHT="30" WC="0.96" CONTENT="skild"/><SP WIDTH="23" VPOS="533" HPOS="1143"/>
							<String ID="string_209" HPOS="1166" VPOS="534" WIDTH="254" HEIGHT="41" WC="0.96" CONTENT="riksdagsman,"/><SP WIDTH="23" VPOS="534" HPOS="1420"/>
							<String ID="string_210" HPOS="1443" VPOS="536" WIDTH="82" HEIGHT="30" WC="0.95" CONTENT="eller"/><SP WIDTH="24" VPOS="536" HPOS="1525"/>
							<String ID="string_211" HPOS="1549" VPOS="538" WIDTH="93" HEIGHT="29" WC="0.93" CONTENT="störa"/><SP WIDTH="22" VPOS="538" HPOS="1642"/>
							<String ID="string_212" HPOS="1664" VPOS="538" WIDTH="105" HEIGHT="30" WC="0.92" CONTENT="frihe-"/>
						</TextLine>
						<TextLine ID="line_40" HPOS="1051" VPOS="588" WIDTH="715" HEIGHT="43">
							<String ID="string_213" HPOS="1051" VPOS="590" WIDTH="57" HEIGHT="27" WC="0.95" CONTENT="ten"/><SP WIDTH="15" VPOS="590" HPOS="1108"/>
							<String ID="string_214" HPOS="1123" VPOS="589" WIDTH="10" HEIGHT="29" WC="0.95" CONTENT="i"/><SP WIDTH="16" VPOS="589" HPOS="1133"/>
							<String ID="string_215" HPOS="1149" VPOS="588" WIDTH="100" HEIGHT="31" WC="0.96" CONTENT="deras"/><SP WIDTH="16" VPOS="588" HPOS="1249"/>
							<String ID="string_216" HPOS="1265" VPOS="590" WIDTH="285" HEIGHT="41" WC="0.96" CONTENT="överläggningar"/><SP WIDTH="15" VPOS="590" HPOS="1550"/>
							<String ID="string_217" HPOS="1565" VPOS="592" WIDTH="64" HEIGHT="29" WC="0.96" CONTENT="och"/><SP WIDTH="15" VPOS="592" HPOS="1629"/>
							<String ID="string_218" HPOS="1644" VPOS="592" WIDTH="122" HEIGHT="35" WC="0.95" CONTENT="beslut,"/>
						</TextLine>
						<TextLine ID="line_41" HPOS="1051" VPOS="643" WIDTH="716" HEIGHT="43">
							<String ID="string_219" HPOS="1051" VPOS="652" WIDTH="80" HEIGHT="20" WC="0.96" CONTENT="vare"/><SP WIDTH="30" VPOS="652" HPOS="1131"/>
							<String ID="string_220" HPOS="1161" VPOS="643" WIDTH="133" HEIGHT="36" WC="0.96" CONTENT="sådant,"/><SP WIDTH="31" VPOS="643" HPOS="1294"/>
							<String ID="string_221" HPOS="1325" VPOS="644" WIDTH="62" HEIGHT="30" WC="0.96" CONTENT="där"/><SP WIDTH="28" VPOS="644" HPOS="1387"/>
							<String ID="string_222" HPOS="1415" VPOS="645" WIDTH="55" HEIGHT="30" WC="0.96" CONTENT="det"/><SP WIDTH="30" VPOS="645" HPOS="1470"/>
							<String ID="string_223" HPOS="1500" VPOS="645" WIDTH="30" HEIGHT="40" WC="0.96" CONTENT="ej"/><SP WIDTH="33" VPOS="645" HPOS="1530"/>
							<String ID="string_224" HPOS="1563" VPOS="646" WIDTH="37" HEIGHT="30" WC="0.93" CONTENT="är"/><SP WIDTH="29" VPOS="646" HPOS="1600"/>
							<String ID="string_225" HPOS="1629" VPOS="646" WIDTH="138" HEIGHT="40" WC="0.87" CONTENT="högför-"/>
						</TextLine>
						<TextLine ID="line_42" HPOS="1050" VPOS="697" WIDTH="716" HEIGHT="43">
							<String ID="string_226" HPOS="1050" VPOS="697" WIDTH="124" HEIGHT="35" WC="0.91" CONTENT="räderi,"/><SP WIDTH="29" VPOS="697" HPOS="1174"/>
							<String ID="string_227" HPOS="1203" VPOS="700" WIDTH="113" HEIGHT="28" WC="0.95" CONTENT="ansett"/><SP WIDTH="28" VPOS="700" HPOS="1316"/>
							<String ID="string_228" HPOS="1344" VPOS="708" WIDTH="73" HEIGHT="21" WC="0.95" CONTENT="som"/><SP WIDTH="28" VPOS="708" HPOS="1417"/>
							<String ID="string_229" HPOS="1445" VPOS="709" WIDTH="145" HEIGHT="31" WC="0.96" CONTENT="uppror;"/><SP WIDTH="28" VPOS="709" HPOS="1590"/>
							<String ID="string_230" HPOS="1618" VPOS="701" WIDTH="64" HEIGHT="30" WC="0.96" CONTENT="vad"/><SP WIDTH="28" VPOS="701" HPOS="1682"/>
							<String ID="string_231" HPOS="1710" VPOS="710" WIDTH="56" HEIGHT="21" WC="0.96" CONTENT="om"/>
						</TextLine>
						<TextLine ID="line_43" HPOS="1051" VPOS="751" WIDTH="716" HEIGHT="45">
							<String ID="string_232" HPOS="1051" VPOS="751" WIDTH="129" HEIGHT="35" WC="0.96" CONTENT="försök,"/><SP WIDTH="31" VPOS="751" HPOS="1180"/>
							<String ID="string_233" HPOS="1211" VPOS="753" WIDTH="229" HEIGHT="31" WC="0.96" CONTENT="förberedelse"/><SP WIDTH="28" VPOS="753" HPOS="1440"/>
							<String ID="string_234" HPOS="1468" VPOS="754" WIDTH="82" HEIGHT="30" WC="0.96" CONTENT="eller"/><SP WIDTH="29" VPOS="754" HPOS="1550"/>
							<String ID="string_235" HPOS="1579" VPOS="756" WIDTH="188" HEIGHT="40" WC="0.95" CONTENT="stämpling"/>
						</TextLine>
						<TextLine ID="line_44" HPOS="1049" VPOS="806" WIDTH="716" HEIGHT="40">
							<String ID="string_236" HPOS="1049" VPOS="806" WIDTH="51" HEIGHT="29" WC="0.96" CONTENT="till"/><SP WIDTH="17" VPOS="806" HPOS="1100"/>
							<String ID="string_237" HPOS="1117" VPOS="815" WIDTH="130" HEIGHT="31" WC="0.96" CONTENT="uppror"/><SP WIDTH="16" VPOS="815" HPOS="1247"/>
							<String ID="string_238" HPOS="1263" VPOS="808" WIDTH="82" HEIGHT="30" WC="0.96" CONTENT="eller"/><SP WIDTH="17" VPOS="808" HPOS="1345"/>
							<String ID="string_239" HPOS="1362" VPOS="808" WIDTH="266" HEIGHT="31" WC="0.96" CONTENT="underlåtenhet"/><SP WIDTH="16" VPOS="808" HPOS="1628"/>
							<String ID="string_240" HPOS="1644" VPOS="812" WIDTH="50" HEIGHT="28" WC="0.93" CONTENT="att"/><SP WIDTH="16" VPOS="812" HPOS="1694"/>
							<String ID="string_241" HPOS="1710" VPOS="820" WIDTH="55" HEIGHT="20" WC="0.90" CONTENT="av-"/>
						</TextLine>
						<TextLine ID="line_45" HPOS="1050" VPOS="860" WIDTH="715" HEIGHT="42">
							<String ID="string_242" HPOS="1050" VPOS="860" WIDTH="88" HEIGHT="38" WC="0.96" CONTENT="slöja"/><SP WIDTH="15" VPOS="860" HPOS="1138"/>
							<String ID="string_243" HPOS="1153" VPOS="861" WIDTH="124" HEIGHT="29" WC="0.96" CONTENT="sådant"/><SP WIDTH="14" VPOS="861" HPOS="1277"/>
							<String ID="string_244" HPOS="1291" VPOS="862" WIDTH="92" HEIGHT="29" WC="0.96" CONTENT="brott"/><SP WIDTH="15" VPOS="862" HPOS="1383"/>
							<String ID="string_245" HPOS="1398" VPOS="863" WIDTH="38" HEIGHT="28" WC="0.96" CONTENT="är"/><SP WIDTH="16" VPOS="863" HPOS="1436"/>
							<String ID="string_246" HPOS="1452" VPOS="863" WIDTH="135" HEIGHT="38" WC="0.93" CONTENT="stadgat"/><SP WIDTH="15" VPOS="863" HPOS="1587"/>
							<String ID="string_247" HPOS="1602" VPOS="864" WIDTH="60" HEIGHT="38" WC="0.92" CONTENT="äge"/><SP WIDTH="14" VPOS="864" HPOS="1662"/>
							<String ID="string_248" HPOS="1676" VPOS="864" WIDTH="89" HEIGHT="38" WC="0.91" CONTENT="jäm-"/>
						</TextLine>
						<TextLine ID="line_46" HPOS="1047" VPOS="913" WIDTH="718" HEIGHT="43">
							<String ID="string_249" HPOS="1047" VPOS="913" WIDTH="54" HEIGHT="29" WC="0.95" CONTENT="väl"/><SP WIDTH="17" VPOS="913" HPOS="1101"/>
							<String ID="string_250" HPOS="1118" VPOS="914" WIDTH="244" HEIGHT="30" WC="0.95" CONTENT="motsvarande"/><SP WIDTH="16" VPOS="914" HPOS="1362"/>
							<String ID="string_251" HPOS="1378" VPOS="914" WIDTH="232" HEIGHT="42" WC="0.95" CONTENT="tillämpning."/><SP WIDTH="18" VPOS="914" HPOS="1610"/>
							<String ID="string_252" HPOS="1628" VPOS="916" WIDTH="63" HEIGHT="30" WC="0.93" CONTENT="Det"/><SP WIDTH="15" VPOS="916" HPOS="1691"/>
							<String ID="string_253" HPOS="1706" VPOS="926" WIDTH="59" HEIGHT="20" WC="0.92" CONTENT="an-"/>
						</TextLine>
						<TextLine ID="line_47" HPOS="1048" VPOS="967" WIDTH="717" HEIGHT="43">
							<String ID="string_254" HPOS="1048" VPOS="967" WIDTH="157" HEIGHT="30" WC="0.96" CONTENT="kommer"/><SP WIDTH="19" VPOS="967" HPOS="1205"/>
							<String ID="string_255" HPOS="1224" VPOS="968" WIDTH="44" HEIGHT="40" WC="0.96" CONTENT="på"/><SP WIDTH="18" VPOS="968" HPOS="1268"/>
							<String ID="string_256" HPOS="1286" VPOS="969" WIDTH="187" HEIGHT="40" WC="0.96" CONTENT="riksdagen"/><SP WIDTH="21" VPOS="969" HPOS="1473"/>
							<String ID="string_257" HPOS="1494" VPOS="972" WIDTH="48" HEIGHT="28" WC="0.96" CONTENT="att"/><SP WIDTH="21" VPOS="972" HPOS="1542"/>
							<String ID="string_258" HPOS="1563" VPOS="971" WIDTH="8" HEIGHT="29" WC="0.96" CONTENT="i"/><SP WIDTH="21" VPOS="971" HPOS="1571"/>
							<String ID="string_259" HPOS="1592" VPOS="971" WIDTH="76" HEIGHT="39" WC="0.93" CONTENT="laga"/><SP WIDTH="20" VPOS="971" HPOS="1668"/>
							<String ID="string_260" HPOS="1688" VPOS="972" WIDTH="77" HEIGHT="29" WC="0.91" CONTENT="ord-"/>
						</TextLine>
						<TextLine ID="line_48" HPOS="1046" VPOS="1021" WIDTH="718" HEIGHT="42">
							<String ID="string_261" HPOS="1046" VPOS="1021" WIDTH="83" HEIGHT="40" WC="0.96" CONTENT="ning"/><SP WIDTH="23" VPOS="1021" HPOS="1129"/>
							<String ID="string_262" HPOS="1152" VPOS="1022" WIDTH="70" HEIGHT="29" WC="0.96" CONTENT="låta"/><SP WIDTH="22" VPOS="1022" HPOS="1222"/>
							<String ID="string_263" HPOS="1244" VPOS="1022" WIDTH="117" HEIGHT="30" WC="0.96" CONTENT="beivra"/><SP WIDTH="23" VPOS="1022" HPOS="1361"/>
							<String ID="string_264" HPOS="1384" VPOS="1023" WIDTH="234" HEIGHT="40" WC="0.96" CONTENT="förbrytelser,"/><SP WIDTH="26" VPOS="1023" HPOS="1618"/>
							<String ID="string_265" HPOS="1644" VPOS="1034" WIDTH="120" HEIGHT="21" WC="0.96" CONTENT="varom"/>
						</TextLine>
						<TextLine ID="line_49" HPOS="1045" VPOS="1075" WIDTH="252" HEIGHT="41">
							<String ID="string_266" HPOS="1045" VPOS="1075" WIDTH="64" HEIGHT="30" WC="0.96" CONTENT="här"/><SP WIDTH="22" VPOS="1075" HPOS="1109"/>
							<String ID="string_267" HPOS="1131" VPOS="1076" WIDTH="37" HEIGHT="29" WC="0.96" CONTENT="är"/><SP WIDTH="22" VPOS="1076" HPOS="1168"/>
							<String ID="string_268" HPOS="1190" VPOS="1076" WIDTH="107" HEIGHT="40" WC="0.96" CONTENT="fråga."/>
						</TextLine>
					</TextBlock>
				</ComposedBlock>
				<ComposedBlock ID="cblock_4" HPOS="1036" VPOS="1183" WIDTH="726" HEIGHT="796">
					<TextBlock ID="block_5" HPOS="1036" VPOS="1183" WIDTH="726" HEIGHT="796">
						<TextLine ID="line_50" HPOS="1089" VPOS="1183" WIDTH="673" HEIGHT="42">
							<String ID="string_269" HPOS="1089" VPOS="1183" WIDTH="112" HEIGHT="30" WC="0.92" CONTENT="Bliver"/><SP WIDTH="25" VPOS="1183" HPOS="1201"/>
							<String ID="string_270" HPOS="1226" VPOS="1184" WIDTH="255" HEIGHT="41" WC="0.96" CONTENT="riksdagsman,"/><SP WIDTH="27" VPOS="1184" HPOS="1481"/>
							<String ID="string_271" HPOS="1508" VPOS="1186" WIDTH="111" HEIGHT="30" WC="0.96" CONTENT="under"/><SP WIDTH="24" VPOS="1186" HPOS="1619"/>
							<String ID="string_272" HPOS="1643" VPOS="1187" WIDTH="50" HEIGHT="29" WC="0.96" CONTENT="tid"/><SP WIDTH="25" VPOS="1187" HPOS="1693"/>
							<String ID="string_273" HPOS="1718" VPOS="1187" WIDTH="44" HEIGHT="30" WC="0.96" CONTENT="då"/>
						</TextLine>
						<TextLine ID="line_51" HPOS="1046" VPOS="1238" WIDTH="714" HEIGHT="40">
							<String ID="string_274" HPOS="1046" VPOS="1238" WIDTH="131" HEIGHT="29" WC="0.96" CONTENT="session"/><SP WIDTH="30" VPOS="1238" HPOS="1177"/>
							<String ID="string_275" HPOS="1207" VPOS="1238" WIDTH="116" HEIGHT="40" WC="0.96" CONTENT="pågår,"/><SP WIDTH="30" VPOS="1238" HPOS="1323"/>
							<String ID="string_276" HPOS="1353" VPOS="1240" WIDTH="82" HEIGHT="29" WC="0.96" CONTENT="eller"/><SP WIDTH="29" VPOS="1240" HPOS="1435"/>
							<String ID="string_277" HPOS="1464" VPOS="1240" WIDTH="111" HEIGHT="30" WC="0.96" CONTENT="under"/><SP WIDTH="28" VPOS="1240" HPOS="1575"/>
							<String ID="string_278" HPOS="1603" VPOS="1250" WIDTH="76" HEIGHT="20" WC="0.95" CONTENT="resa"/><SP WIDTH="30" VPOS="1250" HPOS="1679"/>
							<String ID="string_279" HPOS="1709" VPOS="1242" WIDTH="51" HEIGHT="29" WC="0.96" CONTENT="till"/>
						</TextLine>
						<TextLine ID="line_52" HPOS="1044" VPOS="1291" WIDTH="715" HEIGHT="42">
							<String ID="string_280" HPOS="1044" VPOS="1291" WIDTH="82" HEIGHT="30" WC="0.96" CONTENT="eller"/><SP WIDTH="28" VPOS="1291" HPOS="1126"/>
							<String ID="string_281" HPOS="1154" VPOS="1292" WIDTH="93" HEIGHT="30" WC="0.96" CONTENT="ifrån"/><SP WIDTH="29" VPOS="1292" HPOS="1247"/>
							<String ID="string_282" HPOS="1276" VPOS="1293" WIDTH="196" HEIGHT="40" WC="0.96" CONTENT="riksdagen,"/><SP WIDTH="32" VPOS="1293" HPOS="1472"/>
							<String ID="string_283" HPOS="1504" VPOS="1295" WIDTH="62" HEIGHT="29" WC="0.96" CONTENT="när"/><SP WIDTH="29" VPOS="1295" HPOS="1566"/>
							<String ID="string_284" HPOS="1595" VPOS="1304" WIDTH="80" HEIGHT="20" WC="0.96" CONTENT="man"/><SP WIDTH="30" VPOS="1304" HPOS="1675"/>
							<String ID="string_285" HPOS="1705" VPOS="1298" WIDTH="54" HEIGHT="27" WC="0.96" CONTENT="vet"/>
						</TextLine>
						<TextLine ID="line_53" HPOS="1043" VPOS="1346" WIDTH="714" HEIGHT="37">
							<String ID="string_286" HPOS="1043" VPOS="1346" WIDTH="128" HEIGHT="29" WC="0.96" CONTENT="honom"/><SP WIDTH="27" VPOS="1346" HPOS="1171"/>
							<String ID="string_287" HPOS="1198" VPOS="1347" WIDTH="10" HEIGHT="28" WC="0.95" CONTENT="i"/><SP WIDTH="28" VPOS="1347" HPOS="1208"/>
							<String ID="string_288" HPOS="1236" VPOS="1347" WIDTH="122" HEIGHT="29" WC="0.96" CONTENT="sådant"/><SP WIDTH="28" VPOS="1347" HPOS="1358"/>
							<String ID="string_289" HPOS="1386" VPOS="1348" WIDTH="126" HEIGHT="29" WC="0.96" CONTENT="ärende"/><SP WIDTH="28" VPOS="1348" HPOS="1512"/>
							<String ID="string_290" HPOS="1540" VPOS="1349" WIDTH="99" HEIGHT="29" WC="0.96" CONTENT="stadd"/><SP WIDTH="27" VPOS="1349" HPOS="1639"/>
							<String ID="string_291" HPOS="1666" VPOS="1359" WIDTH="91" HEIGHT="24" WC="0.96" CONTENT="vara,"/>
						</TextLine>
						<TextLine ID="line_54" HPOS="1042" VPOS="1399" WIDTH="717" HEIGHT="44">
							<String ID="string_292" HPOS="1042" VPOS="1399" WIDTH="78" HEIGHT="30" WC="0.96" CONTENT="med"/><SP WIDTH="21" VPOS="1399" HPOS="1120"/>
							<String ID="string_293" HPOS="1141" VPOS="1400" WIDTH="62" HEIGHT="30" WC="0.95" CONTENT="ord"/><SP WIDTH="22" VPOS="1400" HPOS="1203"/>
							<String ID="string_294" HPOS="1225" VPOS="1401" WIDTH="81" HEIGHT="29" WC="0.95" CONTENT="eller"/><SP WIDTH="22" VPOS="1401" HPOS="1306"/>
							<String ID="string_295" HPOS="1328" VPOS="1402" WIDTH="146" HEIGHT="40" WC="0.96" CONTENT="gärning"/><SP WIDTH="20" VPOS="1402" HPOS="1474"/>
							<String ID="string_296" HPOS="1494" VPOS="1402" WIDTH="154" HEIGHT="35" WC="0.93" CONTENT="ofredad,"/><SP WIDTH="24" VPOS="1402" HPOS="1648"/>
							<String ID="string_297" HPOS="1672" VPOS="1404" WIDTH="87" HEIGHT="39" WC="0.89" CONTENT="gälle"/>
						</TextLine>
						<TextLine ID="line_55" HPOS="1042" VPOS="1453" WIDTH="714" HEIGHT="42">
							<String ID="string_298" HPOS="1042" VPOS="1453" WIDTH="120" HEIGHT="30" WC="0.96" CONTENT="därom"/><SP WIDTH="25" VPOS="1453" HPOS="1162"/>
							<String ID="string_299" HPOS="1187" VPOS="1454" WIDTH="66" HEIGHT="30" WC="0.96" CONTENT="vad"/><SP WIDTH="25" VPOS="1454" HPOS="1253"/>
							<String ID="string_300" HPOS="1278" VPOS="1455" WIDTH="177" HEIGHT="40" WC="0.96" CONTENT="angående"/><SP WIDTH="24" VPOS="1455" HPOS="1455"/>
							<String ID="string_301" HPOS="1479" VPOS="1456" WIDTH="79" HEIGHT="30" WC="0.96" CONTENT="våld"/><SP WIDTH="25" VPOS="1456" HPOS="1558"/>
							<String ID="string_302" HPOS="1583" VPOS="1457" WIDTH="82" HEIGHT="29" WC="0.93" CONTENT="eller"/><SP WIDTH="25" VPOS="1457" HPOS="1665"/>
							<String ID="string_303" HPOS="1690" VPOS="1457" WIDTH="66" HEIGHT="30" WC="0.91" CONTENT="för-"/>
						</TextLine>
						<TextLine ID="line_56" HPOS="1041" VPOS="1507" WIDTH="716" HEIGHT="42">
							<String ID="string_304" HPOS="1041" VPOS="1507" WIDTH="202" HEIGHT="40" WC="0.80" CONTENT="olämpning"/><SP WIDTH="21" VPOS="1507" HPOS="1243"/>
							<String ID="string_305" HPOS="1264" VPOS="1511" WIDTH="90" HEIGHT="27" WC="0.96" CONTENT="emot"/><SP WIDTH="22" VPOS="1511" HPOS="1354"/>
							<String ID="string_306" HPOS="1376" VPOS="1509" WIDTH="212" HEIGHT="40" WC="0.93" CONTENT="Konungens"/><SP WIDTH="22" VPOS="1509" HPOS="1588"/>
							<String ID="string_307" HPOS="1610" VPOS="1511" WIDTH="147" HEIGHT="30" WC="0.92" CONTENT="ämbets-"/>
						</TextLine>
						<TextLine ID="line_57" HPOS="1040" VPOS="1562" WIDTH="717" HEIGHT="43">
							<String ID="string_308" HPOS="1040" VPOS="1562" WIDTH="91" HEIGHT="34" WC="0.96" CONTENT="män,"/><SP WIDTH="21" VPOS="1562" HPOS="1131"/>
							<String ID="string_309" HPOS="1152" VPOS="1562" WIDTH="10" HEIGHT="29" WC="0.96" CONTENT="i"/><SP WIDTH="20" VPOS="1562" HPOS="1162"/>
							<String ID="string_310" HPOS="1182" VPOS="1562" WIDTH="81" HEIGHT="29" WC="0.96" CONTENT="eller"/><SP WIDTH="21" VPOS="1562" HPOS="1263"/>
							<String ID="string_311" HPOS="1284" VPOS="1562" WIDTH="53" HEIGHT="30" WC="0.96" CONTENT="för"/><SP WIDTH="21" VPOS="1562" HPOS="1337"/>
							<String ID="string_312" HPOS="1358" VPOS="1563" WIDTH="143" HEIGHT="35" WC="0.96" CONTENT="ämbete,"/><SP WIDTH="21" VPOS="1563" HPOS="1501"/>
							<String ID="string_313" HPOS="1522" VPOS="1565" WIDTH="10" HEIGHT="29" WC="0.96" CONTENT="i"/><SP WIDTH="20" VPOS="1565" HPOS="1532"/>
							<String ID="string_314" HPOS="1552" VPOS="1564" WIDTH="131" HEIGHT="30" WC="0.96" CONTENT="allmän"/><SP WIDTH="19" VPOS="1564" HPOS="1683"/>
							<String ID="string_315" HPOS="1702" VPOS="1565" WIDTH="55" HEIGHT="40" WC="0.96" CONTENT="lag"/>
						</TextLine>
						<TextLine ID="line_58" HPOS="1041" VPOS="1615" WIDTH="716" HEIGHT="41">
							<String ID="string_316" HPOS="1041" VPOS="1615" WIDTH="135" HEIGHT="40" WC="0.96" CONTENT="stadgat"/><SP WIDTH="18" VPOS="1615" HPOS="1176"/>
							<String ID="string_317" HPOS="1194" VPOS="1617" WIDTH="47" HEIGHT="28" WC="0.96" CONTENT="är."/><SP WIDTH="19" VPOS="1617" HPOS="1241"/>
							<String ID="string_318" HPOS="1260" VPOS="1616" WIDTH="138" HEIGHT="30" WC="0.95" CONTENT="Samma"/><SP WIDTH="18" VPOS="1616" HPOS="1398"/>
							<String ID="string_319" HPOS="1416" VPOS="1617" WIDTH="55" HEIGHT="39" WC="0.96" CONTENT="lag"/><SP WIDTH="17" VPOS="1617" HPOS="1471"/>
							<String ID="string_320" HPOS="1488" VPOS="1627" WIDTH="89" HEIGHT="25" WC="0.96" CONTENT="vare,"/><SP WIDTH="18" VPOS="1627" HPOS="1577"/>
							<String ID="string_321" HPOS="1595" VPOS="1627" WIDTH="57" HEIGHT="21" WC="0.92" CONTENT="om"/><SP WIDTH="17" VPOS="1627" HPOS="1652"/>
							<String ID="string_322" HPOS="1669" VPOS="1619" WIDTH="88" HEIGHT="29" WC="0.91" CONTENT="riks-"/>
						</TextLine>
						<TextLine ID="line_59" HPOS="1039" VPOS="1669" WIDTH="717" HEIGHT="41">
							<String ID="string_323" HPOS="1039" VPOS="1669" WIDTH="129" HEIGHT="39" WC="0.96" CONTENT="dagens"/><SP WIDTH="36" VPOS="1669" HPOS="1168"/>
							<String ID="string_324" HPOS="1204" VPOS="1670" WIDTH="230" HEIGHT="40" WC="0.95" CONTENT="fullmäktige,"/><SP WIDTH="37" VPOS="1670" HPOS="1434"/>
							<String ID="string_325" HPOS="1471" VPOS="1672" WIDTH="168" HEIGHT="30" WC="0.96" CONTENT="revisorer"/><SP WIDTH="35" VPOS="1672" HPOS="1639"/>
							<String ID="string_326" HPOS="1674" VPOS="1673" WIDTH="82" HEIGHT="29" WC="0.95" CONTENT="eller"/>
						</TextLine>
						<TextLine ID="line_60" HPOS="1039" VPOS="1724" WIDTH="716" HEIGHT="35">
							<String ID="string_327" HPOS="1039" VPOS="1724" WIDTH="242" HEIGHT="35" WC="0.96" CONTENT="ombudsmän,"/><SP WIDTH="34" VPOS="1724" HPOS="1281"/>
							<String ID="string_328" HPOS="1315" VPOS="1726" WIDTH="81" HEIGHT="30" WC="0.90" CONTENT="eller"/><SP WIDTH="33" VPOS="1726" HPOS="1396"/>
							<String ID="string_329" HPOS="1429" VPOS="1728" WIDTH="212" HEIGHT="30" WC="0.96" CONTENT="sekreterare"/><SP WIDTH="32" VPOS="1728" HPOS="1641"/>
							<String ID="string_330" HPOS="1673" VPOS="1730" WIDTH="82" HEIGHT="29" WC="0.95" CONTENT="eller"/>
						</TextLine>
						<TextLine ID="line_61" HPOS="1037" VPOS="1776" WIDTH="716" HEIGHT="45">
							<String ID="string_331" HPOS="1037" VPOS="1776" WIDTH="272" HEIGHT="42" WC="0.90" CONTENT="kanslibetjänte"/><SP WIDTH="20" VPOS="1776" HPOS="1309"/>
							<String ID="string_332" HPOS="1329" VPOS="1780" WIDTH="10" HEIGHT="29" WC="0.96" CONTENT="i"/><SP WIDTH="19" VPOS="1780" HPOS="1339"/>
							<String ID="string_333" HPOS="1358" VPOS="1780" WIDTH="185" HEIGHT="41" WC="0.96" CONTENT="riksdagen"/><SP WIDTH="21" VPOS="1780" HPOS="1543"/>
							<String ID="string_334" HPOS="1564" VPOS="1783" WIDTH="82" HEIGHT="29" WC="0.95" CONTENT="eller"/><SP WIDTH="19" VPOS="1783" HPOS="1646"/>
							<String ID="string_335" HPOS="1665" VPOS="1784" WIDTH="11" HEIGHT="29" WC="0.93" CONTENT="i"/><SP WIDTH="19" VPOS="1784" HPOS="1676"/>
							<String ID="string_336" HPOS="1695" VPOS="1784" WIDTH="58" HEIGHT="29" WC="0.92" CONTENT="nå-"/>
						</TextLine>
						<TextLine ID="line_62" HPOS="1037" VPOS="1831" WIDTH="716" HEIGHT="46">
							<String ID="string_337" HPOS="1037" VPOS="1833" WIDTH="56" HEIGHT="36" WC="0.96" CONTENT="got"/><SP WIDTH="21" VPOS="1833" HPOS="1093"/>
							<String ID="string_338" HPOS="1114" VPOS="1831" WIDTH="78" HEIGHT="30" WC="0.95" CONTENT="dess"/><SP WIDTH="21" VPOS="1831" HPOS="1192"/>
							<String ID="string_339" HPOS="1213" VPOS="1833" WIDTH="143" HEIGHT="35" WC="0.96" CONTENT="utskott,"/><SP WIDTH="22" VPOS="1833" HPOS="1356"/>
							<String ID="string_340" HPOS="1378" VPOS="1835" WIDTH="9" HEIGHT="28" WC="0.96" CONTENT="i"/><SP WIDTH="22" VPOS="1835" HPOS="1387"/>
							<String ID="string_341" HPOS="1409" VPOS="1835" WIDTH="82" HEIGHT="29" WC="0.96" CONTENT="eller"/><SP WIDTH="20" VPOS="1835" HPOS="1491"/>
							<String ID="string_342" HPOS="1511" VPOS="1836" WIDTH="54" HEIGHT="29" WC="0.96" CONTENT="för"/><SP WIDTH="21" VPOS="1836" HPOS="1565"/>
							<String ID="string_343" HPOS="1586" VPOS="1837" WIDTH="167" HEIGHT="40" WC="0.96" CONTENT="utövning"/>
						</TextLine>
						<TextLine ID="line_63" HPOS="1038" VPOS="1885" WIDTH="715" HEIGHT="42">
							<String ID="string_344" HPOS="1038" VPOS="1893" WIDTH="41" HEIGHT="20" WC="0.95" CONTENT="av"/><SP WIDTH="26" VPOS="1893" HPOS="1079"/>
							<String ID="string_345" HPOS="1105" VPOS="1885" WIDTH="109" HEIGHT="29" WC="0.96" CONTENT="sådan"/><SP WIDTH="25" VPOS="1885" HPOS="1214"/>
							<String ID="string_346" HPOS="1239" VPOS="1887" WIDTH="205" HEIGHT="40" WC="0.93" CONTENT="befattning,"/><SP WIDTH="26" VPOS="1887" HPOS="1444"/>
							<String ID="string_347" HPOS="1470" VPOS="1889" WIDTH="175" HEIGHT="31" WC="0.92" CONTENT="våldföres"/><SP WIDTH="26" VPOS="1889" HPOS="1645"/>
							<String ID="string_348" HPOS="1671" VPOS="1891" WIDTH="82" HEIGHT="30" WC="0.96" CONTENT="eller"/>
						</TextLine>
						<TextLine ID="line_64" HPOS="1036" VPOS="1938" WIDTH="224" HEIGHT="41">
							<String ID="string_349" HPOS="1036" VPOS="1938" WIDTH="224" HEIGHT="41" WC="0.91" CONTENT="förolämpas."/>
						</TextLine>
					</TextBlock>
				</ComposedBlock>
				<ComposedBlock ID="cblock_5" HPOS="823" VPOS="2066" WIDTH="362" HEIGHT="41">
					<TextBlock ID="block_6" HPOS="823" VPOS="2066" WIDTH="362" HEIGHT="41">
						<TextLine ID="line_65" HPOS="823" VPOS="2066" WIDTH="362" HEIGHT="41">
							<String ID="string_350" HPOS="823" VPOS="2066" WIDTH="362" HEIGHT="41" WC="0.91" CONTENT="Övergångsbestämmelser"/>
						</TextLine>
					</TextBlock>
				</ComposedBlock>
				<ComposedBlock ID="cblock_6" HPOS="306" VPOS="2137" WIDTH="1439" HEIGHT="51">
					<TextBlock ID="block_7" HPOS="306" VPOS="2137" WIDTH="1439" HEIGHT="51">
						<TextLine ID="line_66" HPOS="306" VPOS="2137" WIDTH="1439" HEIGHT="51">
							<String ID="string_351" HPOS="306" VPOS="2137" WIDTH="328" HEIGHT="42" WC="0.95" CONTENT="Regeringsformen"/><SP WIDTH="26" VPOS="2137" HPOS="634"/>
							<String ID="string_352" HPOS="660" VPOS="2143" WIDTH="88" HEIGHT="30" WC="0.95" CONTENT="skall"/><SP WIDTH="25" VPOS="2143" HPOS="748"/>
							<String ID="string_353" HPOS="773" VPOS="2144" WIDTH="178" HEIGHT="40" WC="0.96" CONTENT="tillämpas"/><SP WIDTH="25" VPOS="2144" HPOS="951"/>
							<String ID="string_354" HPOS="976" VPOS="2146" WIDTH="10" HEIGHT="30" WC="0.96" CONTENT="i"/><SP WIDTH="26" VPOS="2146" HPOS="986"/>
							<String ID="string_355" HPOS="1012" VPOS="2147" WIDTH="54" HEIGHT="29" WC="0.96" CONTENT="sin"/><SP WIDTH="24" VPOS="2147" HPOS="1066"/>
							<String ID="string_356" HPOS="1090" VPOS="2156" WIDTH="68" HEIGHT="31" WC="0.96" CONTENT="nya"/><SP WIDTH="25" VPOS="2156" HPOS="1158"/>
							<String ID="string_357" HPOS="1183" VPOS="2148" WIDTH="130" HEIGHT="40" WC="0.96" CONTENT="lydelse"/><SP WIDTH="25" VPOS="2148" HPOS="1313"/>
							<String ID="string_358" HPOS="1338" VPOS="2150" WIDTH="80" HEIGHT="30" WC="0.96" CONTENT="från"/><SP WIDTH="25" VPOS="2150" HPOS="1418"/>
							<String ID="string_359" HPOS="1443" VPOS="2152" WIDTH="65" HEIGHT="29" WC="0.96" CONTENT="och"/><SP WIDTH="25" VPOS="2152" HPOS="1508"/>
							<String ID="string_360" HPOS="1533" VPOS="2152" WIDTH="78" HEIGHT="30" WC="0.95" CONTENT="med"/><SP WIDTH="26" VPOS="2152" HPOS="1611"/>
							<String ID="string_361" HPOS="1637" VPOS="2153" WIDTH="67" HEIGHT="30" WC="0.95" CONTENT="den"/><SP WIDTH="27" VPOS="2153" HPOS="1704"/>
							<String ID="string_362" HPOS="1731" VPOS="2154" WIDTH="14" HEIGHT="29" WC="0.96" CONTENT="1"/>
						</TextLine>
					</TextBlock>
				</ComposedBlock>
				<ComposedBlock ID="cblock_7" HPOS="260" VPOS="2189" WIDTH="256" HEIGHT="38">
					<TextBlock ID="block_8" HPOS="260" VPOS="2189" WIDTH="256" HEIGHT="38">
						<TextLine ID="line_67" HPOS="260" VPOS="2189" WIDTH="256" HEIGHT="38">
							<String ID="string_363" HPOS="260" VPOS="2189" WIDTH="141" HEIGHT="38" WC="0.96" CONTENT="januari"/><SP WIDTH="23" VPOS="2189" HPOS="401"/>
							<String ID="string_364" HPOS="424" VPOS="2192" WIDTH="92" HEIGHT="30" WC="0.96" CONTENT="1971."/>
						</TextLine>
					</TextBlock>
				</ComposedBlock>
				<ComposedBlock ID="cblock_8" HPOS="258" VPOS="2244" WIDTH="1489" HEIGHT="219">
					<TextBlock ID="block_9" HPOS="258" VPOS="2244" WIDTH="1489" HEIGHT="219">
						<TextLine ID="line_68" HPOS="303" VPOS="2244" WIDTH="1443" HEIGHT="52">
							<String ID="string_365" HPOS="303" VPOS="2244" WIDTH="175" HEIGHT="32" WC="0.96" CONTENT="Meddelas"/><SP WIDTH="15" VPOS="2244" HPOS="478"/>
							<String ID="string_366" HPOS="493" VPOS="2247" WIDTH="113" HEIGHT="30" WC="0.96" CONTENT="beslut"/><SP WIDTH="16" VPOS="2247" HPOS="606"/>
							<String ID="string_367" HPOS="622" VPOS="2249" WIDTH="106" HEIGHT="40" WC="0.96" CONTENT="enligt"/><SP WIDTH="17" VPOS="2249" HPOS="728"/>
							<String ID="string_368" HPOS="745" VPOS="2249" WIDTH="40" HEIGHT="31" WC="0.93" CONTENT="30"/><SP WIDTH="19" VPOS="2249" HPOS="785"/>
							<String ID="string_369" HPOS="804" VPOS="2250" WIDTH="15" HEIGHT="37" WC="0.74" CONTENT="$"/><SP WIDTH="17" VPOS="2250" HPOS="819"/>
							<String ID="string_370" HPOS="836" VPOS="2251" WIDTH="357" HEIGHT="43" WC="0.91" CONTENT="riksdagsordningen"/><SP WIDTH="16" VPOS="2251" HPOS="1193"/>
							<String ID="string_371" HPOS="1209" VPOS="2264" WIDTH="56" HEIGHT="21" WC="0.96" CONTENT="om"/><SP WIDTH="17" VPOS="2264" HPOS="1265"/>
							<String ID="string_372" HPOS="1282" VPOS="2257" WIDTH="160" HEIGHT="39" WC="0.96" CONTENT="uppskov"/><SP WIDTH="15" VPOS="2257" HPOS="1442"/>
							<String ID="string_373" HPOS="1457" VPOS="2258" WIDTH="79" HEIGHT="29" WC="0.96" CONTENT="med"/><SP WIDTH="16" VPOS="2258" HPOS="1536"/>
							<String ID="string_374" HPOS="1552" VPOS="2259" WIDTH="56" HEIGHT="29" WC="0.96" CONTENT="det"/><SP WIDTH="17" VPOS="2259" HPOS="1608"/>
							<String ID="string_375" HPOS="1625" VPOS="2260" WIDTH="53" HEIGHT="29" WC="0.96" CONTENT="val"/><SP WIDTH="16" VPOS="2260" HPOS="1678"/>
							<String ID="string_376" HPOS="1694" VPOS="2261" WIDTH="52" HEIGHT="28" WC="0.96" CONTENT="till"/>
						</TextLine>
						<TextLine ID="line_69" HPOS="258" VPOS="2297" WIDTH="1488" HEIGHT="54">
							<String ID="string_377" HPOS="258" VPOS="2297" WIDTH="186" HEIGHT="40" WC="0.96" CONTENT="riksdagen"/><SP WIDTH="19" VPOS="2297" HPOS="444"/>
							<String ID="string_378" HPOS="463" VPOS="2309" WIDTH="74" HEIGHT="20" WC="0.96" CONTENT="som"/><SP WIDTH="18" VPOS="2309" HPOS="537"/>
							<String ID="string_379" HPOS="555" VPOS="2301" WIDTH="88" HEIGHT="30" WC="0.96" CONTENT="skall"/><SP WIDTH="18" VPOS="2301" HPOS="643"/>
							<String ID="string_380" HPOS="661" VPOS="2303" WIDTH="62" HEIGHT="39" WC="0.96" CONTENT="äga"/><SP WIDTH="17" VPOS="2303" HPOS="723"/>
							<String ID="string_381" HPOS="740" VPOS="2312" WIDTH="79" HEIGHT="21" WC="0.96" CONTENT="rum"/><SP WIDTH="18" VPOS="2312" HPOS="819"/>
							<String ID="string_382" HPOS="837" VPOS="2305" WIDTH="10" HEIGHT="29" WC="0.96" CONTENT="i"/><SP WIDTH="17" VPOS="2305" HPOS="847"/>
							<String ID="string_383" HPOS="864" VPOS="2307" WIDTH="194" HEIGHT="38" WC="0.96" CONTENT="september"/><SP WIDTH="19" VPOS="2307" HPOS="1058"/>
							<String ID="string_384" HPOS="1077" VPOS="2307" WIDTH="82" HEIGHT="31" WC="0.96" CONTENT="1970"/><SP WIDTH="18" VPOS="2307" HPOS="1159"/>
							<String ID="string_385" HPOS="1177" VPOS="2309" WIDTH="65" HEIGHT="29" WC="0.96" CONTENT="och"/><SP WIDTH="17" VPOS="2309" HPOS="1242"/>
							<String ID="string_386" HPOS="1259" VPOS="2319" WIDTH="56" HEIGHT="20" WC="0.96" CONTENT="om"/><SP WIDTH="18" VPOS="2319" HPOS="1315"/>
							<String ID="string_387" HPOS="1333" VPOS="2310" WIDTH="223" HEIGHT="41" WC="0.96" CONTENT="förlängning"/><SP WIDTH="18" VPOS="2310" HPOS="1556"/>
							<String ID="string_388" HPOS="1574" VPOS="2322" WIDTH="41" HEIGHT="20" WC="0.96" CONTENT="av"/><SP WIDTH="17" VPOS="2322" HPOS="1615"/>
							<String ID="string_389" HPOS="1632" VPOS="2313" WIDTH="41" HEIGHT="29" WC="0.96" CONTENT="de"/><SP WIDTH="16" VPOS="2313" HPOS="1673"/>
							<String ID="string_390" HPOS="1689" VPOS="2314" WIDTH="57" HEIGHT="29" WC="0.96" CONTENT="vid"/>
						</TextLine>
						<TextLine ID="line_70" HPOS="260" VPOS="2352" WIDTH="1487" HEIGHT="49">
							<String ID="string_391" HPOS="260" VPOS="2352" WIDTH="172" HEIGHT="40" WC="0.96" CONTENT="utgången"/><SP WIDTH="26" VPOS="2352" HPOS="432"/>
							<String ID="string_392" HPOS="458" VPOS="2363" WIDTH="41" HEIGHT="21" WC="0.96" CONTENT="av"/><SP WIDTH="26" VPOS="2363" HPOS="499"/>
							<String ID="string_393" HPOS="525" VPOS="2364" WIDTH="135" HEIGHT="22" WC="0.96" CONTENT="samma"/><SP WIDTH="24" VPOS="2364" HPOS="660"/>
							<String ID="string_394" HPOS="684" VPOS="2357" WIDTH="39" HEIGHT="30" WC="0.93" CONTENT="år"/><SP WIDTH="24" VPOS="2357" HPOS="723"/>
							<String ID="string_395" HPOS="747" VPOS="2359" WIDTH="189" HEIGHT="40" WC="0.91" CONTENT="utlöpande"/><SP WIDTH="25" VPOS="2359" HPOS="936"/>
							<String ID="string_396" HPOS="961" VPOS="2361" WIDTH="272" HEIGHT="40" WC="0.90" CONTENT="valperioderna,"/><SP WIDTH="27" VPOS="2361" HPOS="1233"/>
							<String ID="string_397" HPOS="1260" VPOS="2365" WIDTH="136" HEIGHT="32" WC="0.96" CONTENT="medför"/><SP WIDTH="25" VPOS="2365" HPOS="1396"/>
							<String ID="string_398" HPOS="1421" VPOS="2367" WIDTH="149" HEIGHT="32" WC="0.93" CONTENT="beslutet"/><SP WIDTH="26" VPOS="2367" HPOS="1570"/>
							<String ID="string_399" HPOS="1596" VPOS="2373" WIDTH="151" HEIGHT="28" WC="0.91" CONTENT="motsva-"/>
						</TextLine>
						<TextLine ID="line_71" HPOS="258" VPOS="2406" WIDTH="1440" HEIGHT="57">
							<String ID="string_400" HPOS="258" VPOS="2406" WIDTH="108" HEIGHT="30" WC="0.96" CONTENT="rande"/><SP WIDTH="21" VPOS="2406" HPOS="366"/>
							<String ID="string_401" HPOS="387" VPOS="2409" WIDTH="159" HEIGHT="38" WC="0.96" CONTENT="uppskov"/><SP WIDTH="18" VPOS="2409" HPOS="546"/>
							<String ID="string_402" HPOS="564" VPOS="2410" WIDTH="78" HEIGHT="30" WC="0.96" CONTENT="med"/><SP WIDTH="19" VPOS="2410" HPOS="642"/>
							<String ID="string_403" HPOS="661" VPOS="2411" WIDTH="268" HEIGHT="42" WC="0.96" CONTENT="tillämpningen"/><SP WIDTH="20" VPOS="2411" HPOS="929"/>
							<String ID="string_404" HPOS="949" VPOS="2424" WIDTH="42" HEIGHT="20" WC="0.96" CONTENT="av"/><SP WIDTH="18" VPOS="2424" HPOS="991"/>
							<String ID="string_405" HPOS="1009" VPOS="2417" WIDTH="316" HEIGHT="40" WC="0.95" CONTENT="regeringsformen"/><SP WIDTH="19" VPOS="2417" HPOS="1325"/>
							<String ID="string_406" HPOS="1344" VPOS="2421" WIDTH="10" HEIGHT="29" WC="0.96" CONTENT="i"/><SP WIDTH="21" VPOS="2421" HPOS="1354"/>
							<String ID="string_407" HPOS="1375" VPOS="2421" WIDTH="78" HEIGHT="30" WC="0.96" CONTENT="dess"/><SP WIDTH="20" VPOS="2421" HPOS="1453"/>
							<String ID="string_408" HPOS="1473" VPOS="2432" WIDTH="68" HEIGHT="30" WC="0.96" CONTENT="nya"/><SP WIDTH="19" VPOS="2432" HPOS="1541"/>
							<String ID="string_409" HPOS="1560" VPOS="2424" WIDTH="138" HEIGHT="39" WC="0.95" CONTENT="lydelse."/>
						</TextLine>
					</TextBlock>
				</ComposedBlock>
			</PrintSpace>
		</Page>
	</Layout>
</alto>
