2202 2634
687 164 248 33 Statsutskottets
965 164 166 31 Utlåtande
1154 164 61 32 N:o
1245 164 49 31 11.
1698 162 57 30 141

332 244 71 35 Till
433 244 428 46 statsrådsprotokollet
891 244 105 35 öfver
1019 242 608 48 justitiedepartementsärenden
1654 241 73 35 den
1753 243 43 32 13

199 294 155 46 Januari
382 296 260 35 innevarande
671 298 43 32 år
741 296 71 34 har
840 295 425 47 departementschefen
1294 294 129 35 anfört
1451 293 188 45 följande:

337 348 73 34 »På
452 347 241 46 underdånig
734 348 218 45 ansökning
993 347 41 34 af
1071 347 138 35 aflidne
1247 344 330 46 vaktkonstapeln
1608 344 62 35 vid
1698 345 102 33 läns-

203 397 187 47 fängelset
434 400 12 34 i
480 399 227 35 Härnösand
739 399 127 35 Johan
894 400 132 34 Petter
1054 400 192 34 Hanssons
1275 398 103 34 änka
1406 396 144 35 Helena
1579 396 223 45 Margareta

205 450 173 35 Hansson
406 451 198 34 tilldelade
632 451 140 45 Kungl.
802 450 111 46 Maj:t
942 450 122 46 enligt
1091 451 138 45 nådigt
1256 449 88 35 bref
1369 449 73 33 den
1473 451 17 31 7
1514 447 166 35 oktober
1703 450 99 32 1904

207 501 128 35 änkan
377 502 173 34 Hansson
593 504 57 32 ett
678 502 210 34 understöd
916 501 60 35 för
1004 514 46 22 en
1078 505 104 41 gång
1211 500 40 35 af
1279 503 70 32 300
1379 499 146 34 kronor
1553 501 60 32 att
1641 501 94 42 utgå
1765 498 43 34 af

209 553 119 34 andra
356 553 283 35 hufvudtitelns
669 553 133 46 anslag
830 552 61 35 till
916 555 109 32 extra
1045 552 175 46 utgifter.
1263 552 52 33 På
1334 550 185 45 förnyade
1539 549 265 46 underdåniga

208 604 262 47 ansökningar
510 604 72 35 har
623 604 138 46 Kungl.
805 604 111 45 Maj:t
945 604 214 34 sedermera
1188 603 121 45 enligt
1338 601 186 35 särskilda
1553 600 140 46 nådiga
1720 600 89 35 bref

206 655 73 34 den
309 658 45 32 27
387 656 99 46 april
518 658 95 32 1906
645 656 72 34 och
745 656 74 34 den
850 658 18 32 3
899 655 75 46 maj
1008 658 95 32 1907
1134 654 170 36 tilldelat
1332 652 131 36 änkan
1490 652 173 35 Hansson
1682 654 121 43 ytter-

205 707 121 46 ligare
355 707 246 46 nådegåfvor,
632 707 191 35 hvardera
851 710 153 43 gången
1032 707 61 35 till
1121 706 141 46 belopp
1292 705 42 35 af
1359 707 71 32 200
1460 704 156 35 kronor.

335 754 114 41 Öfver
478 759 181 47 samtliga
688 759 107 35 dessa
823 759 264 46 ansökningar
1114 758 114 35 hafva
1252 757 227 35 utlåtanden
1494 755 209 36 infordrats
1718 754 85 35 från

205 809 396 48 fångvårdsstyrelsen
639 811 71 35 och
739 810 293 45 statskontoret,
1063 810 136 35 därvid
1228 808 316 46 ansökningarna
1572 807 41 34 af
1637 807 166 34 ämbets-

206 862 144 35 verken
378 863 221 45 tillstyrkts.
648 863 129 34 Redan
802 863 12 34 i
843 862 68 35 sitt
940 862 203 35 utlåtande
1173 861 106 35 öfver
1307 861 74 34 den
1399 859 122 35 första
1536 858 267 46 ansökningen

205 914 155 44 yttrade
390 914 214 35 emellertid
633 914 296 41 statskontoret,
968 916 59 32 att
1056 914 45 34 de
1121 913 13 34 i
1150 913 159 34 ärendet
1323 911 229 35 förekomna
1568 909 235 46 omständig-

206 964 174 46 heterna,
424 965 122 46 enligt
574 965 301 35 statskontorets
904 964 115 46 åsikt,
1049 976 90 23 vore
1169 964 41 35 af
1235 964 73 34 den
1337 965 72 41 art,
1440 964 70 42 att,
1540 961 128 35 därest
1695 960 109 47 fråga

208 1016 137 36 väckts
379 1029 62 23 om
470 1019 59 33 att
556 1016 70 36 hos
654 1016 221 47 Riksdagen
902 1017 144 46 begära
1076 1016 98 46 årlig
1202 1015 162 47 pension
1393 1016 40 32 åt
1462 1013 128 35 änkan
1617 1012 186 44 Hansson,

207 1068 285 37 statskontoret
519 1068 86 36 icke
634 1068 122 35 skulle
785 1068 115 36 hafva
927 1069 89 45 hyst
1032 1070 128 44 någon
1176 1067 145 36 tvekan
1337 1068 60 33 att
1411 1064 196 47 tillstyrka
1624 1076 47 23 en
1686 1064 119 35 sådan

207 1119 297 48 framställning.
552 1121 16 34 I
597 1120 280 47 sammanhang
904 1121 88 35 med
1020 1119 293 47 tillstyrkandet
1343 1117 41 36 af
1409 1118 73 34 den
1497 1118 172 34 närmast
1684 1116 121 46 därpå

206 1171 170 47 följande
410 1173 268 46 ansökningen
706 1173 176 35 erinrade
912 1172 294 44 statskontoret,
1238 1173 70 43 att,
1339 1171 13 34 i
1380 1169 68 35 fall
1477 1168 128 36 änkan
1632 1168 174 35 Hansson

207 1222 136 38 funnes
383 1226 96 34 böra
520 1224 238 36 fortfarande
800 1224 154 47 åtnjuta
995 1224 211 35 understöd
1248 1222 86 36 från
1362 1222 66 35 det
1457 1221 204 43 allmänna,
1692 1223 113 32 stats-

207 1275 187 37 kontoret
436 1279 139 43 ansåge
607 1276 196 46 riktigast,
835 1288 62 24 om
926 1277 108 34 detta
1063 1275 142 36 skedde
1233 1275 12 34 i
1273 1274 100 35 form
1402 1272 41 35 af
1465 1272 171 46 pension.
1691 1272 18 33 TI
1736 1271 69 36 sitt

207 1328 74 34 den
324 1331 47 32 23
415 1328 99 46 april
558 1330 96 33 1907
698 1327 145 47 afgifna
887 1328 202 35 utlåtande
1125 1326 106 36 öfver
1259 1326 74 35 den
1362 1327 149 33 senaste
1540 1323 266 46 ansökningen

208 1380 155 44 yttrade
391 1380 284 35 statskontoret
703 1380 194 45 slutligen,
928 1381 59 33 att
1016 1379 48 35 då
1094 1378 128 35 änkan
1250 1378 194 34 Hanssons
1472 1374 119 37 behof
1611 1375 41 35 af
1667 1375 139 35 under-

208 1431 87 35 stöd
324 1432 32 45 ej
386 1432 112 35 torde
526 1443 93 23 vara
648 1430 41 36 af
712 1431 104 36 blott
843 1431 172 46 tillfällig
1045 1433 128 42 natur,
1204 1430 65 34 det
1298 1431 128 43 syntes
1446 1427 148 35 mindre
1613 1426 192 47 lämpligt,

209 1485 60 33 att
311 1486 43 32 år
395 1483 97 36 efter
534 1485 42 33 år
603 1483 213 36 understöd
842 1481 196 37 lämnades
1066 1482 125 35 henne
1220 1481 13 35 i
1260 1480 101 36 form
1390 1479 41 36 af
1455 1477 225 48 nådegåfva,
1710 1481 96 32 utan

210 1538 141 44 ansåge
380 1535 295 45 statskontoret,
705 1537 70 39 att,
806 1547 63 23 om
898 1534 97 36 efter
1023 1534 119 35 skedd
1171 1532 211 46 utredning
1411 1531 127 35 änkan
1552 1530 176 36 Hansson
1741 1530 65 35 be-

209 1586 136 36 funnes
372 1600 94 23 vara
494 1588 12 34 i
534 1586 121 36 behof
680 1586 40 36 af
743 1587 160 36 fortsatt
931 1586 213 36 understöd
1171 1585 42 36 af
1237 1585 195 35 allmänna
1447 1582 136 46 medel,
1599 1581 207 37 framställ-

209 1639 94 47 ning
343 1639 121 36 borde
505 1643 113 42 göras
658 1638 68 36 hos
760 1639 221 46 Riksdagen
1010 1651 62 23 om
1099 1637 218 36 beredande
1347 1635 42 36 af
1412 1634 160 47 pension
1601 1637 40 32 åt
1668 1634 136 35 henne.

339 1692 16 34 I
385 1691 208 46 anledning
622 1690 41 36 af
687 1691 73 35 den
789 1690 42 36 af
854 1690 286 36 statskontoret
1169 1689 160 35 sålunda
1356 1687 143 36 väckta
1525 1686 109 46 fråga
1661 1698 63 23 om
1742 1686 65 35 be-

209 1743 168 36 redande
420 1743 41 35 af
497 1743 161 46 pension
700 1745 40 33 åt
773 1743 131 35 änkan
930 1743 176 34 Hansson
1135 1740 236 36 anbefalldes
1398 1738 407 47 fångvårdsstyrelsen,

210 1794 123 47 enligt
361 1795 118 45 nådig
506 1794 132 36 remiss
667 1795 72 35 den
770 1798 19 32 3
819 1794 75 47 maj
929 1796 110 43 1907,
1069 1796 60 33 att
1157 1792 97 36 efter
1281 1790 214 37 verkställd
1519 1790 208 46 utredning
1746 1789 62 35 till

209 1847 140 46 Kungl.
392 1846 111 46 Maj:t
543 1846 199 36 inkomma
783 1846 87 36 med
904 1847 64 34 det
1000 1845 194 47 yttrande,
1224 1843 160 36 hvartill
1412 1841 396 47 fångvårdsstyrelsen

209 1898 119 36 funne
358 1898 381 46 omständigheterna
766 1898 211 36 föranleda.

341 1951 122 36 Sedan
503 1949 394 48 fångvårdsstyrelsen
925 1950 62 35 till
1015 1949 185 46 åtlydnad
1228 1947 114 36 häraf
1367 1946 192 36 infordrat
1584 1945 183 47 yttrande
1795 1944 14 35 i

212 2003 161 36 ärendet
400 2002 87 36 från
514 2002 119 36 Eders
661 2003 139 47 Kungl.
830 2002 130 47 Maj:ts
987 1999 424 48 befallningshafvande
1435 1999 13 34 i
1467 1996 342 37 Västernorrlands

212 2054 76 46 län,
318 2055 72 35 har
417 2054 394 48 fångvårdsstyrelsen
839 2054 13 35 i
881 2053 242 46 underdånig
1152 2051 198 37 skrifvelse
1370 2051 74 35 den
1460 2053 46 32 29
1525 2049 154 47 augusti
1697 2050 109 42 1907,

211 2107 88 35 med
340 2106 312 36 öfverlämnande
694 2107 41 35 af
772 2107 108 35 detta
921 2105 182 47 yttrande
1141 2104 122 46 jämte
1299 2102 236 36 tillhörande
1562 2100 244 47 handlingar,

210 2158 210 46 hemställt,
451 2161 70 42 att,
550 2157 60 36 för
638 2160 73 35 den
738 2158 182 36 händelse
948 2157 159 36 fortsatt
1134 2155 217 46 beviljande
1381 2153 42 36 af
1444 2153 210 36 understöd
1672 2152 13 35 i
1705 2152 100 35 form

212 2210 42 36 af
276 2209 216 48 nådegåfva
519 2209 86 36 icke
634 2211 122 36 skulle
785 2221 107 24 anses
920 2209 191 47 lämpligt,
1142 2206 286 46 framställning
1455 2207 121 34 måtte
1605 2208 112 43 göras
1741 2203 70 36 hos

212 2262 220 48 Riksdagen
462 2274 61 24 om
550 2262 216 37 beredande
796 2261 42 36 af
856 2261 162 47 pension
1047 2263 41 34 åt
1117 2260 128 36 änkan
1273 2259 185 35 Hansson.
