1898 2808
490 164 398 32 Jordbruksutskottets
922 163 188 33 utlåtande
1145 164 51 31 Nr
1230 164 47 29 15.
1573 164 17 29 7

170 243 66 30 För
273 243 264 35 ifrågavarande
572 242 119 31 kurser
715 242 63 30 har
801 242 205 36 reglemente
1030 242 181 30 fastställts
1234 241 63 31 den
1323 242 38 29 28
1386 242 136 35 augusti
1549 242 83 30 1917

124 296 58 35 (nr
217 295 86 36 590).
350 295 69 30 Till
444 294 301 36 utbildningskurs
770 312 39 3 —
834 294 118 31 vilken
975 294 88 30 skall
1088 304 82 20 vara
1194 294 134 35 förlagd
1351 294 54 30 till
1430 294 203 32 lantbruks-,

126 347 216 30 lantmanna-
366 347 82 30 eller
471 346 327 31 lanthushållsskola
821 346 81 31 eller
925 356 115 20 annan
1063 346 98 36 dylik
1184 346 128 30 anstalt
1335 346 60 30 och
1417 346 75 30 vari
1514 346 10 29 i
1543 346 88 35 regel

125 399 108 30 minst
257 399 17 30 3
299 399 111 31 elever
433 399 96 30 skola
551 398 138 36 åtnjuta
713 398 251 37 undervisning
989 416 39 3 —
1054 399 101 35 utgår
1179 398 181 31 understöd
1377 409 42 20 av
1437 398 193 31 statsmedel

124 452 77 30 med
236 451 71 31 dels
342 453 47 29 ett
413 451 235 37 grundanslag
676 452 20 29 å
721 450 62 31 300
809 451 126 30 kronor
959 451 51 30 för
1034 451 96 36 varje
1156 451 90 35 kurs,
1271 450 70 31 dels
1364 451 59 30 ock
1448 450 184 32 därutöver

124 504 42 30 40
191 504 126 31 kronor
340 504 53 30 för
417 504 96 36 varje
536 504 83 30 elev.

169 608 255 31 Motionärerna
459 608 90 30 hava
583 608 159 35 upptagit
770 609 48 29 ett
841 618 43 20 av
910 608 344 36 lantbruksstyrelsen
1280 608 195 34 framställt,
1500 608 10 30 i
1536 610 96 28 stats-

125 660 281 36 rådsprotokollet
441 660 167 36 återgivet
643 660 128 35 förslag
806 669 55 21 om
895 660 263 36 ifrågavarande
1181 660 137 36 anslags
1341 660 213 30 beräknande
1578 660 53 30 för

121 712 203 36 budgetåret
360 712 226 34 1926—1927,
622 712 54 30 till
712 713 95 35 6,000
844 712 135 30 kronor.
1025 712 361 36 Lantbruksstyrelsen
1420 712 62 30 har
1506 712 122 30 härvid

123 763 206 36 framhållit,
364 765 50 29 att
448 764 44 30 då
526 764 119 30 kurser
671 774 45 20 av
746 763 262 36 ifrågavarande
1030 764 74 35 slag
1129 764 88 30 visat
1240 765 52 34 sig
1316 774 81 20 vara
1420 774 45 20 av
1489 766 67 28 stor
1580 765 51 29 be-

123 816 129 36 tydelse
285 816 52 30 för
362 815 195 37 främjande
580 825 44 20 av
648 816 315 30 kreatursskötseln
982 816 10 29 i
1017 815 181 36 Norrland,
1222 817 47 29 ett
1292 816 79 30 ökat
1393 816 92 30 antal
1512 816 116 35 dylika

123 869 120 30 kurser
267 868 102 31 borde
392 867 171 32 anordnas
587 867 106 31 under
717 867 199 36 budgetåret
941 868 224 31 1926—1927.

167 920 379 37 Departementschefen
581 920 62 31 har
667 920 189 31 emellertid
880 922 110 29 ansett
1014 921 50 35 sig
1089 921 73 30 icke
1188 921 116 31 kunna
1328 921 173 36 tillstyrka
1527 921 103 35 högre

122 974 121 35 anslag
266 975 45 30 än
336 974 54 30 för
413 973 57 31 det
493 983 47 20 nu
565 972 144 37 löpande
733 972 208 37 budgetåret.

167 1026 55 30 Av
266 1035 41 20 en
348 1026 164 30 utskottet
546 1025 79 30 från
660 1025 346 36 lantbruksstyrelsen
1041 1025 330 31 tillhandakommen
1405 1027 223 34 promemoria

122 1078 184 35 inhämtas,
341 1078 52 30 att
416 1077 57 31 det
495 1077 202 31 nuvarande
720 1076 293 37 anslagsbeloppet
1037 1078 73 30 icke
1133 1078 174 36 medgiver
1330 1078 230 36 fullföljandet
1584 1089 43 20 av

122 1130 245 36 utbildningen
403 1139 60 21 ens
487 1130 52 30 för
562 1129 56 31 det
641 1129 172 31 elevantal
838 1129 61 30 och
923 1129 41 30 de
987 1129 128 36 kurser,
1141 1140 118 20 varom
1285 1130 343 36 lantbruksstyrelsen

121 1182 118 31 träffat
262 1182 105 35 avtal,
398 1183 84 29 utan
510 1182 51 30 att
584 1181 166 37 styrelsen
774 1183 89 29 måst
887 1181 155 31 inhibera
1066 1191 41 21 en
1131 1181 53 31 del
1208 1193 44 19 av
1276 1183 95 30 dessa
1393 1184 87 29 samt
1502 1185 59 33 att,
1586 1183 42 30 då

120 1235 281 35 ansökningarna
425 1234 55 31 till
504 1234 93 31 dessa
621 1234 120 30 kurser
765 1244 81 20 vore
869 1234 137 35 talrika,
1031 1234 55 30 det
1110 1244 80 21 vore
1214 1234 135 36 tydligt,
1373 1237 49 29 att
1446 1235 54 31 det
1524 1245 105 21 nuva-

121 1286 106 32 rande
251 1286 154 36 anslaget
429 1287 31 35 ej
485 1286 113 31 kunde
623 1286 102 30 räcka
749 1286 55 31 till
828 1287 52 30 för
905 1286 64 30 den
993 1286 260 37 undervisning,
1277 1297 71 20 som
1370 1287 257 31 förhållandena

121 1339 192 36 påkallade.

165 1452 68 31 Vid
256 1452 161 37 upplysta
441 1452 229 31 förhållandet
692 1452 61 31 och
778 1452 44 31 då
838 1453 162 30 utskottet
1015 1462 99 21 anser
1132 1452 261 36 ifrågavarande
1410 1453 118 31 kurser
1545 1464 83 21 vara

122 1504 55 31 till
213 1505 84 30 stort
331 1513 91 27 gagn
446 1505 54 30 för
527 1504 195 36 främjande
745 1514 44 21 av
814 1504 65 31 den
902 1504 223 31 norrländska
1150 1505 316 35 kreatursskötseln,
1492 1506 62 30 vill
1578 1508 50 28 ut-

119 1556 134 35 skottet,
278 1557 108 29 såsom
410 1557 12 29 i
447 1557 209 30 motionerna
682 1557 202 35 föreslagits,
908 1556 174 36 tillstyrka
1106 1558 47 29 ett
1177 1557 54 30 till
1249 1557 94 35 6,000
1361 1557 123 30 kronor
1500 1558 128 35 förhöjt

117 1608 123 36 anslag
265 1607 54 31 för
342 1608 204 31 ändamålet.

165 1659 117 32 Under
306 1659 209 37 åberopande
538 1670 44 20 av
606 1660 56 31 det
685 1660 144 31 anförda
853 1660 198 31 hemställer
1075 1662 172 33 utskottet,

565 1749 52 29 att
645 1747 182 37 riksdagen
851 1749 57 30 må
932 1749 12 29 i
967 1749 186 36 anledning
1178 1760 43 19 av
1247 1749 129 36 Kungl.
1402 1750 116 36 Maj:ts
1543 1750 83 30 före-

523 1799 151 32 varande
697 1800 258 36 framställning
978 1801 61 31 och
1063 1801 40 31 de
1120 1802 11 29 i
1147 1803 116 29 ämnet
1280 1802 121 31 väckta
1414 1803 210 30 motionerna

522 1852 81 31 1:62
639 1852 61 31 och
736 1852 121 31 TII:131
894 1853 55 31 till
982 1854 220 31 anordnande
1225 1865 43 20 av
1292 1855 334 36 utbildningskurser

520 1904 52 31 för
605 1905 185 36 kvinnliga
814 1905 321 36 ladugårdsskötare
1158 1907 11 30 i
1194 1907 172 31 Norrland
1390 1907 60 30 och
1475 1907 149 31 Dalarna

519 1957 124 30 anvisa
667 1957 54 30 för
745 1957 200 36 budgetåret
969 1958 214 32 1926—1927
1208 1961 47 28 ett
1274 1961 97 28 extra
1388 1960 236 30 reservations-

519 2009 120 36 anslag
663 2020 45 20 av
732 2010 96 36 6,000
852 2010 133 31 kronor.

160 2162 65 36 7:0)
264 2164 80 32 Med
380 2165 249 37 tillstyrkande
654 2176 44 20 av
723 2166 103 31 bifall
851 2167 56 30 till
932 2167 68 32 vad
1025 2167 133 37 Kungl.
1183 2168 102 35 Maj:t
1310 2168 110 31 under
1444 2168 112 36 punkt
1582 2169 39 30 25

115 2216 184 36 föreslagit
324 2217 203 31 hemställer
551 2218 181 36 utskottet,

562 2314 53 29 att
650 2313 190 37 riksdagen
872 2315 58 29 må
961 2314 126 31 liksom
1112 2315 54 30 för
1191 2315 236 31 innevarande
1452 2316 171 35 budgetår

519 2365 57 30 till
601 2365 227 32 anordnande
851 2376 45 20 av
921 2366 350 36 utbildningskurser
1296 2368 11 30 i
1324 2367 218 31 beteskultur
1559 2368 62 31 och

518 2417 218 35 ängsskötsel
760 2418 127 30 anvisa
910 2418 54 31 för
986 2418 209 36 budgetåret
1220 2420 209 30 1926—1927
1454 2421 48 30 ett
1523 2422 99 29 extra

519 2470 362 36 reservationsanslag
906 2480 44 20 av
975 2470 95 35 3,500
1095 2470 138 32 kronor.

1683 1458 134 23 Utskottet.

1661 2170 175 30 Utbudnings-

1687 2206 90 22 kurser
1798 2206 9 21 i

1669 2240 158 23 beteskultur

1677 2275 44 21 och
1740 2278 72 25 ängs-

1695 2310 100 22 skötsel.

1642 2362 82 28 (extra
1743 2361 105 29 anslag.)

1709 2398 72 42 [25.]
