1938 2830
573 127 379 30 Jordbruksutskottets
977 127 176 30 utlåtande
1174 127 49 30 Nr
1246 128 27 29 1.
1664 122 17 30 vd

169 212 318 37 sonalförteckning
507 213 65 29 och
592 212 255 37 godkännande
865 222 42 20 av
926 212 133 31 ändrad
1079 212 249 36 avlöningsstat
1346 212 55 30 för
1418 212 258 30 centralanstal-

169 265 57 28 ten
243 262 56 30 för
314 262 304 31 försöksväsendet
634 262 45 37 på
695 262 347 37 jordbruksområdet
1057 281 45 3 —
1117 262 323 36 anslagsanvisning
1456 261 50 31 till
1522 260 154 32 avlönin-

168 321 61 28 gar
249 312 80 30 med
345 312 117 35 82,600
483 313 139 36 kronor,
641 312 104 31 vilket
763 313 124 35 belopp
908 313 80 29 med
1008 312 119 35 55,800
1146 312 129 30 kronor
1294 311 216 36 understiger
1528 313 148 28 motsva-

169 362 108 31 rande
297 362 181 37 anvisning
497 361 56 31 för
570 362 234 30 innevarande
821 361 178 37 budgetår.

217 412 63 31 Vid
307 413 81 29 1931
412 412 54 30 års
488 412 140 36 riksdag
655 410 109 38 (prop.
787 422 42 20 nr
855 412 75 33 143;
957 412 36 30 R.
1018 412 67 29 skr.
1108 420 41 21 nr
1172 408 74 39 296)
1274 411 137 36 beslöts,
1435 413 48 28 att
1505 410 173 31 verksam-

172 463 102 30 heten
299 462 57 31 vid
381 462 304 31 centralanstalten
711 462 109 31 skulle
845 462 228 30 underkastas
1100 471 42 21 en
1168 461 293 37 genomgripande
1486 460 193 37 omorgani-

172 513 122 30 sation.
344 512 73 31 Den
445 513 44 30 då
514 512 193 31 fastställda
732 512 380 37 organisationsplanen
1138 512 90 31 hade
1254 513 58 30 vid
1336 508 234 36 innevarande
1594 511 85 30 bud-

172 563 110 37 getårs
301 563 124 37 början
443 563 161 38 fullföljts
625 563 37 30 så
678 563 103 37 långt,
800 566 49 27 att
865 563 321 31 centralanstaltens
1206 562 183 37 avdelning
1409 563 55 30 för
1484 561 194 32 lantbruks-

172 614 208 37 entomologi
403 614 231 30 tillsammans
658 614 77 30 med
758 613 67 31 viss
850 614 54 30 del
928 623 41 20 av
991 614 188 29 anstaltens
1204 613 182 37 avdelning
1409 612 53 32 för
1484 613 195 30 lantbruks-

172 664 144 30 botanik
342 664 186 30 ombildats
554 664 52 30 till
633 673 42 21 en
700 664 51 30 till
779 663 358 37 Experimentalfältet
1165 663 135 37 förlagd
1328 663 351 37 växtskyddsanstalt,

169 717 50 27 att
238 714 66 30 den
325 714 51 30 till
398 712 396 38 husdjursavdelningen
818 714 156 31 hörande
995 714 341 36 underavdelningen
1359 714 56 30 för
1437 713 241 37 mejerihante-

169 764 77 38 ring
264 765 201 30 omändrats
482 765 52 30 till
551 775 42 20 en
613 764 225 37 självständig
853 764 193 37 avdelning,
1066 774 75 21 som
1163 773 119 22 senare
1300 764 180 31 inordnats
1500 765 10 29 i
1530 764 147 37 Alnarps

170 815 206 36 lantbruks-,
402 815 134 36 mejeri-
564 816 65 29 och
657 814 327 37 trädgårdsinstitut,
1012 819 91 27 samt
1129 817 49 28 att
1206 815 68 30 viss
1302 815 54 30 del
1383 824 42 21 av
1450 815 228 36 avdelningen

170 865 54 31 för
256 866 277 30 lantbrukskemi
569 864 453 41 (forskningsavdelningen)
1060 866 165 29 ävensom
1255 865 229 37 avdelningen
1513 865 55 30 för
1591 865 87 30 lant-

168 915 337 37 bruksbakteriologi
532 917 65 29 och
623 914 214 32 återstående
863 915 53 31 del
944 924 43 22 av
1012 915 228 37 avdelningen
1267 916 55 30 för
1348 915 330 31 lantbruksbotanik

175 966 265 39 (växtfysiologi)
471 966 181 31 inordnats
677 967 9 30 i
710 966 388 36 lantbrukshögskolan.
1146 966 50 30 Av
1219 967 43 30 de
1284 966 294 36 ursprungligen
1563 962 21 47 i
1602 975 76 21 cen-

168 1018 239 30 tralanstalten
428 1016 168 38 ingående
616 1025 168 29 grenarna
803 1027 42 20 av
866 1017 405 30 försöksverksamheten
1291 1016 127 31 återstå
1436 1026 48 20 nu
1500 1016 177 30 avdelnin-

168 1075 108 28 garna
297 1067 55 31 för
371 1065 170 38 jordbruk
562 1068 65 30 och
648 1066 294 37 husdjursskötsel
964 1067 165 30 ävensom
1146 1067 66 30 den
1233 1067 54 30 del
1308 1076 42 21 av
1373 1066 228 36 avdelningen
1624 1065 54 31 för

168 1117 287 37 lantbrukskemi,
494 1128 75 21 som
607 1117 150 37 alltjämt
791 1118 38 30 är
865 1117 138 38 förlagd
1039 1117 51 30 till
1119 1116 358 37 Experimentalfältet
1509 1115 169 40 (kemiska

170 1168 352 40 driftslaboratoriet).

215 1219 79 31 Med
317 1219 167 31 avseende
505 1218 21 31 å
548 1218 319 31 centralanstaltens
891 1218 225 36 avdelningar
1141 1218 54 30 för
1219 1217 171 38 jordbruk
1412 1217 65 31 och
1500 1216 178 37 husdjurs-

172 1270 127 31 skötsel
320 1269 59 31 må
399 1269 141 37 erinras,
564 1272 49 28 att
636 1269 121 37 Kungl.
781 1267 102 38 Maj:t
903 1268 46 37 på
969 1268 170 37 grundval
1161 1277 42 21 av
1225 1268 10 30 i
1258 1269 116 29 ämnet
1396 1267 210 31 verkställda
1629 1269 50 27 ut-

171 1320 185 37 redningar
379 1320 53 30 för
458 1321 84 29 1936
564 1319 55 31 års
642 1319 139 37 riksdag
804 1319 163 36 framlagt
988 1318 217 37 proposition
1232 1314 54 41 (nr
1312 1315 72 40 167)
1413 1317 177 37 angående
1613 1316 66 31 för-

172 1371 346 30 söksverksamheten
538 1369 46 37 på
605 1369 221 37 jordbrukets
849 1368 142 34 område
1013 1379 45 20 m.
1081 1379 44 21 m.
1164 1368 265 37 Propositionen
1450 1367 116 32 bifölls
1587 1368 11 30 i
1618 1367 62 30 hu-

170 1421 134 30 vudsak
328 1429 41 21 av
392 1419 185 36 riksdagen
604 1418 140 39 (jordbr.
764 1419 91 30 utsk.
878 1420 61 29 utl.
961 1429 43 20 nr
1025 1420 55 35 83;
1103 1419 37 30 R.
1163 1419 68 30 skr.
1252 1429 41 20 nr
1314 1417 92 40 320).
1451 1418 227 37 Riksdagsbe-

169 1471 102 31 slutet
288 1470 145 30 innebär
454 1471 107 29 bland
583 1472 117 34 annat,
723 1472 49 28 att
796 1468 114 31 såsom
933 1469 240 35 centralorgan
1198 1469 55 30 för
1275 1469 404 30 försöksverksamheten

171 1521 97 31 skola
283 1521 58 30 vid
355 1521 377 36 lantbrukshögskolan
747 1520 144 30 inrättas
907 1519 58 31 två
979 1537 45 3 —
1039 1529 42 21 av
1098 1519 203 37 jordbruks-
1317 1519 65 30 och
1397 1518 282 37 husdjursavdel-

169 1570 172 37 ningarna
362 1570 139 31 bildade
522 1588 45 4 —
587 1570 171 31 särskilda
780 1570 242 37 institutioner,
1045 1570 238 30 underställda
1305 1570 211 35 högskolans
1539 1569 142 37 styrelse

170 1631 79 21 men
271 1622 79 30 med
371 1622 214 35 avgränsade
602 1620 183 36 uppgifter,
809 1620 66 30 den
895 1630 65 21 ena
984 1621 55 30 för
1060 1619 322 37 jordbruksförsök,
1407 1620 65 30 den
1495 1620 110 29 andra
1626 1619 54 30 för

170 1671 298 37 husdjursförsök.
511 1670 296 37 Avdelningarnas
829 1670 247 37 överflyttning
1097 1670 50 31 till
1171 1670 129 31 Ultuna
1321 1669 216 31 beräknades
1561 1670 119 29 kunna

170 1724 64 36 äga
256 1732 79 21 rum
361 1722 160 37 omkring
545 1722 64 30 den
637 1723 14 28 1
676 1720 138 37 januari
841 1722 93 29 1939.

212 1772 125 38 Kungl.
357 1773 118 36 Maj:ts
492 1773 111 30 under
621 1772 227 30 förevarande
864 1772 114 36 punkt
995 1772 196 36 framlagda
1207 1771 130 36 förslag
1355 1771 154 36 innebär,
1525 1773 49 28 att
1593 1770 11 29 i
1622 1779 56 21 en-

171 1824 105 36 lighet
294 1825 79 29 med
392 1824 66 29 den
477 1833 42 20 av
540 1823 268 30 statsmakterna
828 1822 145 36 tidigare
992 1822 186 35 godkända
1197 1821 126 36 planen
1344 1820 182 36 ledningen
1548 1830 42 20 av
1610 1820 66 29 den

169 1873 136 37 statliga
328 1873 404 30 försöksverksamheten
752 1872 47 37 på
818 1872 223 36 jordbrukets
1063 1873 65 29 och
1150 1871 340 36 husdjursskötselns
1512 1869 167 32 områden

173 1923 87 31 skall
281 1925 177 33 övertagas
479 1932 43 20 av
541 1922 376 36 lantbrukshögskolan
938 1921 80 30 från
1035 1921 66 29 och
1120 1921 79 30 med
1220 1921 66 29 den
1308 1921 13 29 1
1345 1920 139 36 januari
1505 1920 93 35 1939,
1619 1919 57 30 vid

169 1974 115 30 vilken
305 1973 164 36 tidpunkt
496 1972 320 31 centralanstaltens
843 1971 221 30 verksamhet
1089 1970 46 37 på
1160 1970 154 31 nämnda
1340 1969 167 31 områden
1533 1969 146 32 sålunda

171 2024 87 30 skall
276 2024 160 36 upphöra
452 2025 49 28 att
515 2023 100 36 gälla.
653 2022 66 30 Till
734 2021 89 36 följd
839 2023 108 29 härav
963 2021 91 30 hava
1071 2020 54 31 för
1141 2022 100 29 nästa
1258 2020 168 36 budgetår
1440 2019 111 31 under
1566 2019 112 30 ansla-

169 2081 64 28 gen
254 2072 55 31 för
329 2073 303 30 centralanstalten
653 2072 120 30 endast
794 2071 188 30 beräknats
1003 2071 111 30 medel
1138 2071 54 30 för
1208 2071 283 29 verksamhetens
1512 2068 166 38 uppehål-

171 2122 102 31 lande
289 2122 111 30 under
418 2122 94 30 tiden
531 2122 66 30 den
619 2123 13 28 1
652 2121 176 36 juli-den
847 2121 38 29 31
906 2120 181 31 december
1107 2120 93 30 1938.
1241 2119 74 30 Den
1333 2119 55 31 för
1408 2128 119 22 senare
1545 2119 134 30 hälften

171 2180 42 22 av
234 2171 201 37 budgetåret
456 2171 226 36 erforderliga
703 2170 358 35 medelsanvisningen
1081 2170 51 29 till
1151 2168 267 37 ifrågavarande
1441 2168 236 30 försöksverk-

172 2223 135 29 samhet
322 2221 143 31 föreslås
481 2232 42 20 av
542 2221 123 36 Kungl.
681 2220 100 36 Maj:t
796 2222 97 29 skola
909 2221 60 30 ske
983 2220 21 31 å
1019 2220 211 36 högskolans
1246 2222 76 28 stat.

215 2271 225 30 Beträffande
457 2271 336 35 avlöningsanslaget
810 2271 174 29 beräknas
1001 2269 10 29 i
1031 2271 89 34 regel
1135 2270 133 29 hälften
1286 2279 42 20 av
1346 2269 41 29 de
1406 2269 55 30 för
1479 2267 201 37 budgetåret

174 2317 187 33 1937/1938
385 2321 180 29 bestämda
595 2320 180 35 beloppen.
831 2319 13 29 I
875 2319 157 35 följande
1063 2319 221 29 hänseenden
1314 2317 144 30 föreslås
1490 2317 189 30 emellertid

172 2370 254 35 förändringar:
448 2370 12 29 I
479 2370 340 29 överensstämmelse
836 2370 79 29 med
935 2369 81 29 1937
1034 2367 56 31 års
1108 2368 157 35 riksdags
1281 2368 112 29 beslut
1414 2362 109 41 (prop.
1544 2377 41 20 nr
1601 2367 77 34 249;

172 2419 36 31 R.
226 2420 68 30 skr.
312 2430 41 20 nr
372 2415 76 39 289)
470 2420 90 29 hava
578 2417 264 32 föreståndarna
859 2418 57 30 vid
936 2419 41 29 de
995 2417 135 35 statliga
1145 2415 312 37 försöksgårdarna
1474 2416 121 31 Lanna
1614 2416 63 30 och
