1912 2830
521 105 379 34 Jordbruksutskottets
924 101 177 33 utlåtande
1121 101 48 31 Nr
1192 101 28 30 1.
1587 94 39 30 T3

519 188 33 41 a)
574 187 152 31 Arvoden
749 185 50 30 till
814 188 50 27 tre
878 184 181 30 ledamöter

582 239 19 29 å
626 236 91 38 1,000
740 237 120 29 kronor
881 259 174 7 .........
1083 233 120 30 kronor
1248 230 93 38 3,000

520 289 35 40 b)
578 287 227 40 Dagarvoden,
830 284 176 41 förslagsvis
1025 309 27 7 ..
1134 296 9 13 >
1247 281 92 37 1.600

522 340 29 40 c)
578 338 130 31 Arvode
740 337 35 30 åt
806 346 39 20 en
868 335 183 39 byggnads-

584 388 204 31 kontrollant
816 413 46 6 ..:
878 412 49 6 «ee
941 408 111 10 swse>>
1135 397 10 14 >
1246 381 94 37 4,800
1364 391 120 29 kronor
1527 388 92 38 9,400

422 450 28 31 3.
475 449 199 38 Avlöningar
696 447 50 30 till
770 446 91 39 övrig
883 444 171 31 icke-ordi-

523 500 89 30 narie
634 498 165 40 personal:

524 551 32 40 a)
579 549 305 38 Grundavlöningar
906 556 41 21 m.
972 556 79 20 m...
1081 546 120 29 kronor
1235 543 113 38 15,100

524 602 36 40 b)
583 599 402 40 Avlöningsförhöjningar

587 662 42 20 m.
653 661 54 27 m.,
730 649 177 41 förslagsvis
947 673 111 8 ......
1077 658 74 35 0
1252 644 93 38 2,500
1420 664 11 15 >
1509 649 112 40 17,600

424 714 29 29 4.
478 711 164 32 Särskilda
663 709 239 31 löneförmåner
924 708 49 29 till
992 705 249 32 icke-ordinarie
1257 704 82 38 tjän-

526 763 137 35 stemän,
687 759 177 41 förslagsvis.
872 777 465 13 ........ssseseser
1247 755 93 49 ett?
1419 765 12 15 »
1531 750 93 37 2,800

1210 807 134 46 Summa
1366 821 121 30 kronor
1508 818 124 39 71,300;

481 918 31 40 2)
542 919 50 30 till
617 914 370 40 Egnahemsbildning:
1013 914 135 30 Statens
1171 908 343 41 egnahemsstyrelse:
1537 906 99 32 Avlö-

437 970 123 36 ningar
598 968 56 31 för
689 965 202 39 budgetåret
930 959 183 43 1938/1939
1150 962 121 31 anvisa
1297 963 47 29 ett
1370 957 267 41 förslagsanslag

441 1031 42 21 av
506 1020 117 36 71,300
644 1020 140 29 kronor.

176 1157 111 40 137:0)
313 1153 375 40 Egnahemsbildning:
723 1153 139 31 Statens
883 1149 353 39 egnahemsstyrelse:
1271 1145 272 36 Omkostnader,
1565 1144 69 38 för-

133 1208 222 38 slagsanslag.
379 1206 79 31 Med
479 1205 243 37 tillstyrkande
747 1213 42 21 av
811 1202 101 31 bifall
936 1201 52 31 till
1012 1200 123 36 Kungl.
1160 1197 121 38 Maj:ts
1304 1197 112 31 under
1439 1196 112 36 punkt
1578 1193 60 31 137

134 1260 123 36 gjorda
273 1257 258 36 framställning
544 1275 45 4 —
603 1254 237 32 innebärande
856 1250 323 38 anslagsanvisning
1194 1249 56 31 för
1265 1246 199 33 ändamålet
1481 1246 51 31 till
1547 1244 92 32 oför-

133 1311 126 30 ändrat
280 1310 126 35 belopp
427 1326 45 3 —
492 1307 199 31 hemställer
710 1306 177 33 utskottet,

490 1386 49 28 att
555 1382 184 36 riksdagen
757 1380 59 31 må
832 1380 51 30 till
899 1376 371 40 Egnahemsbildning:
1289 1375 135 31 Statens
1441 1371 199 39 egnahems-

445 1433 154 38 styrelse:
639 1430 255 33 Omkostnader
928 1429 57 30 för
1019 1426 203 37 budgetåret
1247 1420 183 42 1938/1939
1453 1422 120 32 anvisa
1594 1424 48 28 ett

446 1483 270 39 förslagsanslag
738 1491 42 21 av
802 1480 117 36 26,200
941 1480 140 29 kronor.

181 1611 110 40 138:o)
320 1608 374 39 Egnahemsbildning:
739 1603 374 38 Förvaltningsbidrag
1135 1602 53 31 till
1212 1597 427 41 egnahemslåneförmed-

135 1665 86 35 lare,
248 1660 279 40 förslagsanslag.
580 1659 79 31 Med
686 1657 242 37 tillstyrkande
956 1665 43 21 av
1028 1654 100 31 bifall
1153 1653 52 30 till
1236 1652 123 36 Kungl.
1388 1649 118 38 Maj:ts
1534 1649 104 30 fram-

139 1713 164 36 ställning
320 1713 111 29 under
451 1711 113 36 punkt
586 1710 61 30 138
665 1726 46 4 —
728 1707 238 31 innebärande
986 1715 42 20 en
1048 1703 212 32 automatisk
1280 1701 129 36 ökning
1431 1710 42 21 av
1493 1699 150 36 anslags-

139 1765 137 30 medlen
300 1763 79 30 med
403 1762 97 36 8,000
524 1762 130 29 kronor
676 1778 44 4 —
742 1758 201 31 hemställer
964 1756 176 34 utskottet,

495 1849 49 27 att
573 1845 185 35 riksdagen
786 1842 59 31 må
872 1842 51 30 till
952 1838 371 39 Egnahemsbildning:
1353 1833 292 38 Förvaltningsbi-

451 1897 85 35 drag
562 1895 50 30 till
641 1890 479 41 egnahemslåneförmedlare
1148 1889 56 30 för
1232 1886 203 38 budgetåret
1465 1879 182 43 1938/1939

451 1946 121 31 anvisa
592 1948 47 27 ett
659 1942 271 40 förslagsanslag
950 1951 42 21 av
1017 1940 172 36 1,298,000
1209 1940 139 29 kronor.

187 2074 110 40 139:o)
329 2071 374 39 Egnahemsbildning:
752 2069 129 36 Bidrag
909 2069 53 30 till
989 2065 403 37 hushållningssällskap
1422 2063 56 30 för
1503 2061 141 37 jordan-

141 2123 440 37 skaffningsverksamhet,
605 2120 279 39 förslagsanslag.
930 2120 14 29 1
968 2118 150 36 enlighet
1141 2117 80 29 med
1247 2114 122 36 Kungl.
1396 2112 119 37 Maj:ts
1536 2111 111 31 under

144 2177 112 36 punkt
283 2176 60 29 139
368 2174 122 36 gjorda
513 2171 257 36 framställning
791 2187 45 4 —
858 2168 236 31 innebärande
1118 2164 322 37 anslagsanvisning
1465 2163 55 30 för
1544 2161 105 31 ända-

145 2226 104 31 målet
268 2226 51 30 till
339 2224 205 31 oförändrat
562 2223 126 35 belopp
707 2238 45 4 —
769 2219 200 32 hemställer
987 2218 176 34 utskottet,

500 2310 49 28 att
572 2306 184 35 riksdagen
781 2304 58 30 må
862 2304 51 29 till
939 2300 370 38 Egnahemsbildning:
1346 2297 126 36 Bidrag
1498 2296 50 30 till
1572 2296 79 29 hus-

456 2355 329 37 hållningssällskap
822 2354 54 37 för
912 2348 551 41 jordanskaffningsverksamhet
1487 2346 56 31 för
1567 2346 85 30 bud-

457 2407 128 36 getåret
607 2403 183 38 1938/1939
808 2404 120 30 anvisa
945 2405 47 27 ett
1009 2400 270 39 förslagsanslag
1299 2408 41 21 av
1362 2398 94 36 1,000
1475 2398 139 29 kronor.
