1930 2830
551 112 380 30 Jordbruksutskottets
956 111 176 31 utlåtande
1152 111 49 31 Nr
1224 111 27 30 1.
1599 104 59 31 113

195 197 109 41 196:0)
335 197 270 30 Merkostnader
632 196 58 30 vid
717 195 229 37 användning
970 205 43 21 av
1039 195 179 30 inhemskt
1243 195 210 30 vedbränsle
1478 193 59 31 vid
1561 193 93 31 vissa

148 249 232 30 kommunala
408 248 67 30 och
504 245 163 32 enskilda
697 245 265 37 anläggningar,
991 244 362 36 reservationsanslag.
1397 244 116 30 Under
1542 244 112 37 punkt

150 299 61 31 196
227 300 65 29 har
305 298 125 37 Kungl.
448 298 101 36 Maj:t
566 297 176 36 föreslagit
758 296 185 37 riksdagen
960 298 49 28 att
1027 296 55 31 för
1100 294 203 38 budgetåret
1322 291 187 34 1938/1939
1526 295 56 30 för
1597 295 58 30 än-

147 348 151 32 damålet
318 348 121 31 anvisa
457 350 46 28 ett
522 347 350 36 reservationsanslag
890 355 43 21 av
955 345 117 36 10,000
1093 345 139 30 kronor.

192 400 14 30 I
228 398 188 37 anledning
439 407 42 21 av
501 397 216 37 proposition
739 407 42 20 nr
804 397 62 30 189
887 396 58 30 vid
969 396 83 30 1933
1070 394 55 32 års
1148 395 141 38 riksdag
1309 396 66 30 och
1396 395 92 31 vissa
1508 394 11 30 i
1541 396 116 29 ämnet

148 450 124 29 väckta
288 449 172 30 motioner
476 448 109 30 beslöt
602 447 185 36 riksdagen
807 446 183 38 (särskilda
1003 446 183 30 utskottets
1199 446 60 29 utl.
1274 454 42 21 nr
1329 445 33 32 3;
1377 444 38 31 R.
1430 445 68 29 skr.
1512 454 41 20 nr
1567 442 92 35 283),

147 500 106 31 bland
275 502 118 34 annat,
418 502 49 28 att
489 498 55 31 för
565 497 204 37 budgetåret
793 494 188 34 1933/1934
1004 497 20 31 å
1046 496 128 31 nionde
1195 496 221 31 huvudtiteln
1437 495 153 37 uppföra
1611 497 48 29 ett

147 553 96 28 extra
260 549 352 37 reservationsanslag
630 558 42 21 av
694 547 139 37 170,000
853 548 131 30 kronor
1000 547 50 31 till
1069 547 172 31 täckande
1258 556 42 22 av
1319 546 262 31 merkostnader
1601 545 57 31 vid

148 599 224 37 användning
395 609 42 21 av
460 599 176 30 inhemskt
654 598 205 30 vedbränsle
882 597 57 31 vid
965 598 91 30 vissa
1079 597 229 31 kommunala
1330 598 66 29 och
1419 596 156 31 enskilda
1599 605 59 21 an-

148 649 211 37 läggningar.
404 649 68 31 För
493 647 202 38 budgetåret
719 644 187 34 1934/1935
927 647 192 37 uppfördes
1140 647 121 38 anslag
1282 647 56 31 för
1360 645 198 32 ändamålet
1579 646 79 31 med

149 700 119 36 70,000
291 700 140 30 kronor.
477 699 67 31 För
568 696 213 38 budgetåren
806 693 424 35 1935/1936—1937/1938
1254 697 74 36 har,
1353 696 51 30 till
1429 695 89 37 följd
1542 706 42 21 av
1602 696 56 30 be-

148 750 155 37 hållning
323 749 21 31 å
362 750 42 30 de
422 749 145 37 tidigare
587 749 174 38 anslagen,
780 747 114 37 någon
913 748 183 36 anvisning
1114 747 30 37 ej
1165 747 89 31 skett
1275 747 56 30 för
1348 745 208 32 ändamålet.

193 799 123 37 Kungl.
336 799 119 37 Maj:ts
475 798 256 37 framställning
749 799 39 30 är
806 797 185 31 föranledd
1007 807 43 21 av
1069 800 50 28 att
1137 797 65 30 den
1221 796 20 31 å
1259 793 187 34 1934/1935
1463 796 56 31 års
1539 797 121 36 anslag

148 849 214 37 förefintliga
383 848 245 38 behållningen
648 849 159 29 kommer
830 851 49 28 att
901 848 65 30 den
994 849 15 29 1
1033 847 65 37 juli
1123 848 83 29 1938
1229 846 140 37 jämlikt
1393 846 123 37 Kungl.
1540 845 119 38 Maj:ts

149 901 205 36 kungörelse
368 900 67 31 den
456 901 39 29 14
512 899 76 37 juni
608 899 83 30 1928
716 894 54 41 (nr
786 894 78 41 209)
887 898 80 31 med
984 898 90 30 vissa
1091 898 260 30 bestämmelser
1368 907 57 21 om
1442 897 95 31 äldre
1553 905 105 22 reser-

148 950 258 36 vationsanslag
423 949 153 32 omföras
594 950 51 30 till
663 949 226 30 inkomsttitel
908 948 55 30 för
981 949 11 30 i
1010 947 153 37 anspråk
1179 950 105 34 tagna
1302 947 257 30 reservationer.
1579 946 80 31 Som

149 1000 88 37 följd
258 1001 110 30 härav
387 1000 174 30 erfordras
581 999 231 36 nyanvisning
832 998 52 30 till
903 998 172 30 täckande
1095 1007 42 21 av
1156 998 56 29 det
1232 998 56 30 för
1307 998 100 30 nästa
1426 996 168 37 budgetår
1609 996 50 30 till

152 1051 117 36 10,000
287 1051 130 29 kronor
433 1050 198 30 beräknade
648 1048 280 31 medelsbehovet
944 1048 56 31 för
1017 1046 207 32 ändamålet.

194 1151 15 30 I
228 1150 150 37 enlighet
397 1150 78 30 med
495 1149 123 36 Kungl.
639 1147 119 38 Maj:ts
778 1148 258 37 framställning
1055 1147 198 31 hemställer
1272 1147 176 36 utskottet,

505 1236 48 28 att
576 1233 185 37 riksdagen
779 1232 59 32 må
859 1233 51 30 till
933 1232 262 31 Merkostnader
1221 1231 56 31 vid
1299 1231 225 37 användning
1544 1241 43 21 av
1610 1232 49 30 in-

460 1284 138 31 hemskt
614 1283 203 31 vedbränsle
835 1282 57 32 vid
911 1283 90 31 vissa
1018 1282 228 31 kommunala
1263 1283 66 30 och
1347 1281 157 32 enskilda
1521 1282 138 36 anlägg-

459 1335 124 36 ningar
602 1333 54 31 för
674 1332 203 37 budgetåret
899 1329 188 34 1938/1939
1106 1332 121 31 anvisa
1246 1335 47 27 ett
1310 1330 349 37 reservationsanslag

462 1393 42 22 av
527 1384 116 36 10,000
665 1384 139 30 kronor.

198 1517 110 40 197:0)
339 1516 354 37 Riksskogstaxering
749 1517 68 29 och
855 1515 403 37 avverkningsstatistik,
1298 1514 359 36 reservationsanslag.

153 1568 115 30 Under
295 1568 112 37 punkt
437 1568 58 29 197
524 1568 64 29 har
614 1567 122 36 Kungl.
763 1565 101 37 Maj:t
890 1566 177 36 föreslagit
1092 1566 185 36 riksdagen
1305 1567 50 28 att
1381 1565 55 30 för
1461 1564 202 37 budgetåret

155 1613 183 43 1938/1939
368 1618 55 30 för
450 1616 198 32 ändamålet
676 1617 120 30 anvisa
825 1619 46 28 ett
900 1616 350 37 reservationsanslag
1281 1625 42 21 av
1353 1616 139 35 200,000
1522 1616 139 29 kronor.

196 1669 65 30 Vid
282 1670 81 29 1937
384 1668 55 31 års
456 1668 141 37 riksdag
620 1667 108 39 (prop.
747 1677 41 20 nr
810 1668 73 34 148;
903 1666 131 37 jordbr.
1053 1667 90 29 utsk.
1162 1666 60 30 utl.
1242 1676 42 20 nr
1301 1667 55 34 46;
1376 1666 38 30 R.
1434 1666 68 30 skr.
1522 1675 41 21 nr
1583 1664 72 40 158)

152 1720 136 36 beslöts,
311 1722 50 28 att
382 1729 47 27 ny
450 1718 334 37 riksskogstaxering
806 1720 135 27 snarast
963 1716 134 37 möjligt
1118 1717 110 30 skulle
1251 1717 175 30 anordnas
1448 1717 104 36 enligt
1573 1717 10 29 i
1600 1717 62 29 hu-

152 1771 134 29 vudsak
310 1771 42 29 de
374 1768 181 37 riktlinjer,
580 1778 74 21 som
677 1768 174 30 förordats
875 1777 43 21 av
941 1767 382 37 departementschefen
1346 1768 10 29 i
1381 1766 281 38 statsrådsproto-

153 1821 105 30 kollet
276 1821 51 29 till
347 1819 259 38 propositionen
625 1829 41 20 nr
687 1820 72 29 148.
801 1818 197 37 Riksdagen
1017 1818 110 30 beslöt
1147 1818 127 35 vidare,
1295 1821 49 27 att
1371 1818 3 30 i
1394 1818 170 30 samband
1584 1818 79 30 med

156 1872 82 29 1938
258 1870 56 31 års
335 1870 270 35 virkestaxering
624 1869 50 30 till
695 1869 194 36 skogsaccis
910 1869 110 29 skulle
1040 1869 10 29 i
1070 1868 232 36 huvudsaklig
1323 1869 341 29 överensstämmelse

154 1922 78 29 med
259 1930 43 20 av
329 1919 380 38 departementschefen
736 1919 165 36 tillstyrkt
929 1918 130 37 förslag
1086 1919 202 29 verkställas
1316 1928 43 20 en
1388 1919 274 36 provundersök-

154 1971 82 36 ning
262 1970 178 37 angående
465 1969 264 36 möjligheterna
756 1972 49 26 att
832 1968 244 30 åstadkomma
1104 1978 42 20 en
1173 1968 220 36 fortlöpande
1420 1969 242 36 avverknings-

154 2020 159 30 statistik.
357 2020 66 29 Till
442 2019 220 30 bestridande
682 2028 42 20 av
743 2018 235 30 kostnaderna
999 2018 54 30 för
1073 2018 395 36 riksskogstaxeringens
1489 2019 174 36 planlägg-

156 2071 79 35 ning
257 2073 90 27 samt
369 2070 54 30 för
446 2069 270 37 genomförande
739 2078 42 21 av
803 2069 392 35 provundersökningen
1217 2069 164 30 anvisade
1403 2069 184 37 riksdagen
1610 2069 54 30 för

155 2120 201 37 budgetåret
380 2114 181 43 1937/1938
582 2122 46 27 ett
648 2118 350 38 reservationsanslag
1018 2129 43 20 av
1084 2119 137 35 100,000
1243 2120 139 29 kronor.
1426 2119 49 30 Av
1496 2120 92 30 detta
1608 2121 55 29 be-

154 2171 81 36 lopp
260 2180 83 20 voro
367 2171 118 34 50,000
509 2170 130 29 kronor
660 2169 152 30 avsedda
837 2169 55 30 för
915 2170 160 29 vartdera
1100 2179 42 20 av
1166 2169 234 30 omförmälda
1424 2169 173 31 ändamål.

201 2221 144 30 Jämlikt
370 2221 122 34 Kungl.
517 2219 118 36 Maj:ts
659 2219 279 37 bemyndigande
962 2220 66 28 den
1056 2220 36 28 11
1120 2220 193 36 september
1342 2221 80 29 1937
1451 2221 64 29 har
1541 2220 123 30 chefen

157 2271 54 30 för
233 2271 462 36 jordbruksdepartementet
718 2270 66 29 den
811 2270 39 29 18
876 2270 192 35 september
1091 2278 133 21 samma
1249 2269 39 30 år
1310 2270 160 30 tillkallat
1495 2270 70 30 fem
1588 2271 76 29 sak-

157 2321 154 36 kunniga
335 2324 49 27 att
406 2321 94 29 inom
525 2321 270 35 departementet
816 2319 137 30 biträda
977 2320 79 29 med
1081 2320 303 35 handläggningen
1406 2329 43 21 av
1474 2320 115 37 frågor
1612 2322 52 28 rö-

157 2371 106 30 rande
288 2369 333 37 riksskogstaxering
646 2370 65 28 och
735 2368 391 36 avverkningsstatistik.
1163 2369 49 29 De
1236 2370 229 35 sakkunniga,
1490 2370 93 30 vilka
1606 2380 58 20 an-

202 2436 110 30 Bihang
333 2434 42 25 till
395 2435 166 29 riksdagens
583 2434 144 30 protokoll
750 2434 74 24 1938.
866 2433 30 24 10
914 2433 74 22 saml.
1026 2433 39 23 Nr
1083 2433 22 23 1.
1617 2433 16 25 8

1707 1162 129 26 Utskottet.
