1874 2782
133 175 49 30 Nr
193 176 130 31 34-—36
481 177 286 31 Statsutskottets
789 178 179 31 utlåtande
993 189 43 20 nr
1057 180 42 31 34
1119 180 40 30 år
1182 180 90 32 1961
1601 182 22 29 r

805 447 63 39 Nr
888 448 64 39 34

310 551 184 31 Utlåtande
514 552 12 30 i
545 552 191 38 anledning
755 561 42 22 av
820 553 123 31 väckta
964 554 174 31 motioner
1158 564 55 22 om
1237 555 134 31 ändrad
1393 556 149 38 ordning
1562 556 57 38 för

528 606 219 38 uppförande
768 606 12 30 i
798 607 263 38 statsbudgeten
1081 617 44 22 av
1145 609 122 37 anslag
1287 609 53 30 till
1359 609 213 38 avlöningar.

1426 663 74 35 (5:e
1519 663 94 35 avd.)

176 765 13 30 I
206 765 56 31 två
278 765 223 38 likalydande
517 767 182 35 motioner,
715 767 125 31 väckta
855 767 66 31 den
938 777 65 21 ena
1019 769 94 31 inom
1132 769 110 32 första
1257 770 206 31 kammaren
1480 780 42 21 av
1538 770 79 31 herr

131 819 140 37 Ragnar
287 819 111 38 Bergh
422 820 46 35 (1:
485 820 81 35 246)
589 821 64 30 och
672 821 65 30 den
756 821 109 30 andra
884 822 95 30 inom
999 823 108 30 andra
1126 823 204 31 kammaren
1350 834 41 20 av
1409 825 80 30 herr
1506 824 111 30 Heck-

131 872 100 30 scher
242 881 44 21 m.
300 872 38 39 fl.
356 874 63 34 (11:
436 874 95 35 357),
544 874 64 30 har
621 874 206 38 föreslagits,
841 877 50 29 att
904 876 186 37 riksdagen
1103 877 107 30 måtte
1223 878 10 29 i
1247 877 165 31 skrivelse
1426 878 51 29 till
1491 878 125 37 Kungl.

132 926 104 37 Maj:t
253 926 194 36 hemställa,
467 929 50 29 att
536 928 124 36 Kungl.
678 928 106 37 Maj:t
801 929 107 30 måtte
926 929 74 30 dels
1018 929 56 31 vid
1093 930 239 38 uppgörandet
1350 941 43 20 av
1411 931 205 31 statsverks-

132 980 260 37 propositionen
412 980 55 30 för
486 981 204 37 budgetåret
712 982 149 35 1962/63
881 983 65 30 och
967 983 157 37 följande
1142 984 168 37 budgetår
1331 985 54 30 för
1405 985 211 37 ifrågakom-

133 1033 123 31 mande
275 1033 60 30 fall
353 1034 150 37 uppföra
520 1035 19 30 å
558 1034 272 39 förslagsanslag
847 1036 205 37 avlöningar
1069 1037 51 30 till
1138 1038 175 30 ordinarie
1330 1038 64 30 och
1410 1040 98 29 extra
1526 1038 90 31 ordi-

132 1087 96 30 narie
244 1087 215 37 tjänstemän
475 1105 46 5 —
536 1089 111 29 under
664 1089 185 37 bifogande
868 1099 42 21 av
926 1090 237 38 vederbörliga
1182 1091 176 38 uppgifter
1376 1092 148 31 rörande
1542 1101 74 29 per-

131 1140 366 38 sonalförteckningen
519 1142 169 31 avseende
711 1143 160 37 samtliga
893 1143 178 31 ordinarie
1089 1144 66 31 och
1177 1147 96 28 extra
1295 1146 174 31 ordinarie
1491 1146 125 31 befatt-

131 1193 122 38 ningar
269 1211 45 5 —
332 1196 90 28 samt
439 1195 20 30 å
477 1195 207 31 obetecknat
703 1196 120 38 anslag
841 1196 205 38 avlöningar
1065 1198 50 31 till
1136 1200 96 29 extra
1250 1198 225 38 tjänstemän,
1495 1199 118 31 varvid

132 1247 137 37 uppgift
286 1247 62 30 bör
367 1248 136 30 lämnas
521 1258 58 21 om
597 1249 145 31 behovet
761 1259 43 21 av
822 1252 96 29 extra
936 1251 238 38 befattningar
1192 1252 12 30 i
1223 1252 78 31 20:e
1322 1253 209 37 lönegraden
1551 1253 63 31 och

129 1301 153 35 däröver,
299 1301 73 30 dels
387 1302 65 30 ock
467 1303 10 29 i
493 1302 288 32 förekommande
797 1304 61 30 fall
874 1304 78 30 med
970 1304 185 38 sakanslag
1172 1306 238 30 sammanföra
1426 1307 120 37 anslag
1563 1307 50 30 till

129 1354 204 38 avlöningar
350 1355 35 30 åt
403 1357 96 29 extra
519 1356 215 37 tjänstemän
753 1357 9 30 i
782 1357 100 37 högst
904 1358 77 30 19:e
999 1358 209 37 lönegraden
1229 1361 89 28 samt
1338 1360 51 30 till
1409 1361 151 29 arvoden
1579 1361 35 30 åt

130 1407 174 38 tillfälliga
322 1408 355 38 befattningshavare.

174 1487 12 29 I
206 1487 98 37 fråga
323 1495 56 22 om
398 1488 253 37 motiveringen
672 1489 53 30 för
744 1489 266 37 ifrågavarande
1028 1491 157 37 yrkande
1205 1492 54 30 får
1278 1492 170 31 utskottet
1468 1493 145 29 hänvisa

129 1540 52 29 till
199 1541 177 29 motionen
396 1541 44 29 II:
458 1541 74 31 357.

173 1647 174 31 Utskottet
374 1648 55 29 får
453 1649 115 30 erinra
594 1658 57 21 om
677 1652 51 28 att
753 1650 335 38 motionsyrkanden
1115 1662 41 21 av
1183 1661 132 22 samma
1342 1652 169 31 innebörd
1539 1661 73 23 som

128 1700 41 30 de
192 1710 48 21 nu
264 1701 220 31 framställda
510 1702 130 38 förelåg
662 1704 57 29 vid
745 1704 93 30 såväl
865 1705 83 29 1959
974 1714 73 21 som
1075 1706 82 30 1960
1178 1706 57 30 års
1259 1706 151 37 riksdag.
1435 1706 65 31 Vid
1523 1707 89 30 båda

128 1753 100 31 dessa
249 1754 163 31 tillfällen
433 1755 179 38 avstyrkte
634 1756 169 32 utskottet
825 1757 40 30 de
887 1758 123 37 gjorda
1032 1758 204 38 yrkandena
1262 1759 67 37 (jfr
1350 1760 188 30 utskottets
1561 1761 52 29 ut-

128 1806 164 31 låtanden
315 1808 97 30 1959:
428 1808 41 30 93
489 1810 64 29 och
576 1810 97 30 1960:
690 1810 58 34 31)
772 1811 65 29 och
857 1811 186 37 riksdagen
1064 1812 109 30 beslöt
1192 1813 10 29 i
1223 1813 151 37 enlighet
1395 1813 155 31 härmed.

172 1860 50 30 Då
244 1861 41 30 de
306 1870 47 20 nu
375 1861 235 38 föreliggande
630 1863 203 37 yrkandena
855 1864 10 30 i
887 1864 63 30 sak
971 1865 312 31 överensstämmer
1304 1866 78 30 med
1404 1866 41 30 de
1467 1867 145 37 tidigare

127 1913 148 30 anförda
292 1915 85 29 utan
395 1916 49 28 att
462 1915 106 37 några
587 1924 66 28 nya
673 1916 73 30 skäl
766 1917 135 30 anförts
920 1918 51 29 till
991 1918 76 30 stöd
1087 1918 54 30 för
1158 1919 178 29 desamma
1354 1919 70 30 kan
1444 1920 168 30 utskottet

128 1966 193 31 inskränka
341 1967 51 37 sig
411 1967 52 30 till
484 1970 51 29 att
556 1969 148 38 åberopa
727 1970 204 37 riksdagens
954 1971 145 37 tidigare
1121 1972 113 30 beslut
1255 1973 10 28 i
1287 1972 127 30 ämnet.
1437 1973 175 30 Utskottet

126 2019 201 31 hemställer
345 2021 10 29 i
374 2021 152 37 enlighet
545 2022 153 35 härmed,

489 2077 51 28 att
563 2077 217 30 motionerna
805 2078 27 29 I:
849 2077 61 30 246
935 2078 65 29 och
1025 2079 43 28 II:
1086 2079 60 30 357
1170 2079 76 29 icke
1268 2079 57 29 må
1350 2079 179 31 föranleda
1553 2080 58 30 nå-

445 2135 66 29 gon
532 2129 204 37 riksdagens
754 2130 132 37 åtgärd.

171 2206 200 30 Stockholm
390 2206 66 30 den
476 2207 41 30 28
538 2207 151 31 februari
712 2209 78 30 1961

611 2289 47 30 På
679 2290 277 30 statsutskottets
975 2290 145 36 vägnar:

647 2342 143 30 ERNST
811 2342 38 30 V.
871 2342 202 30 STAXÄNG

169 2473 238 31 Närvarande:
430 2483 35 21 se
484 2474 111 31 under
614 2474 194 31 utlåtandet
829 2484 40 20 nr
889 2474 51 30 36.

126 2580 135 37 Bihang
281 2580 52 30 till
354 2580 205 37 riksdagens
580 2580 173 37 protokoll
777 2581 92 29 1961.
901 2581 9 29 6
930 2581 101 30 saml.
1053 2581 49 30 Nr
1122 2581 129 30 34—36
