1886 2822
544 149 113 27 Första
678 148 220 33 lagulskollels
919 147 162 29 utlåtande
1104 148 46 27 Nr
1171 151 49 25 37.
1595 146 18 28 öd

151 236 120 37 Enligt
289 235 96 38 lagen
407 236 59 31 den
487 236 38 31 12
545 246 88 20 mars
655 235 83 31 1886
757 246 50 19 om
826 233 216 37 ansvarighet
1063 233 52 31 för
1134 232 105 32 skada
1258 233 11 31 i
1289 232 84 37 följd
1391 244 42 19 av
1451 231 159 38 järnvägs

107 286 85 32 drift
214 297 118 21 svarar
354 285 159 38 järnvägs
535 284 201 32 innehavare
757 285 11 31 i
792 284 89 38 regel
906 285 52 31 för
979 284 57 32 vid
1059 283 201 38 järnvägens
1283 282 85 33 drift
1389 282 220 38 uppkommen

108 336 104 32 skada
230 338 19 31 å
269 336 140 32 betande
428 336 151 37 hemdjur
598 335 143 32 allenast
760 335 111 32 därest
888 334 156 32 vållande
1063 333 53 33 till
1136 333 128 32 skadan
1282 334 109 37 ligger
1410 333 199 37 järnvägens

109 387 208 37 förvaltning
334 387 81 31 eller
434 386 171 38 betjäning
622 386 53 31 till
695 386 76 32 last.
813 386 18 31 I
849 384 258 38 undantagsfall
1126 384 65 32 kan
1210 384 84 32 dock
1311 384 223 31 innehavaren
1551 383 58 31 bli-

108 449 41 20 va
170 437 160 37 ansvarig
355 438 52 31 för
429 437 96 37 dylik
548 437 114 38 skada,
685 443 81 24 utan
789 439 51 28 att
861 436 102 37 något
986 435 120 32 sådant
1128 434 155 32 vållande
1307 434 193 38 föreligger,
1522 438 87 26 näm-

109 488 88 37 ligen
216 488 112 31 därest
345 487 127 32 skadan
488 487 155 37 uppstått
659 486 203 38 därigenom,
881 489 50 28 alt
947 485 53 32 eld
1018 485 140 31 kommit
1174 484 48 32 lös
1241 484 76 31 från
1336 484 180 31 lokomotiv
1532 483 79 31 eller

109 537 130 32 eldstad
257 538 11 31 i
286 541 104 27 annat
407 536 297 38 järnvägsfordon;
724 535 184 38 stadgande
925 536 114 31 härom
1059 535 109 31 finnes
1184 537 165 35 upptaget
1365 534 10 30 i
1403 535 8 30 5
1433 533 17 38 $
1469 533 142 31 nämnda

109 589 66 37 lag.
204 588 391 38 Järnvägsinnehavares
613 587 216 37 ansvarighet
848 587 52 30 för
917 586 54 31 vid
991 585 290 38 järnvägsdriften
1299 584 221 38 uppkommen
1538 583 72 32 ska-

110 639 40 32 da
180 639 19 31 å
230 650 97 20 renar
355 643 38 27 är
422 639 10 31 i
464 638 89 32 vissa
584 637 63 32 fall
679 640 174 34 strängare
885 641 40 27 än
956 637 11 30 i
999 636 99 37 fråga
1130 647 50 19 om
1212 634 96 38 dylik
1340 634 104 32 skada
1475 635 19 30 å
1525 634 86 31 hem-

109 688 86 37 djur.
236 688 18 32 I
275 689 17 31 6
314 688 18 39 8
351 688 104 32 andra
475 687 132 39 stycket
625 699 126 20 samma
770 687 56 38 lag
846 687 137 37 stadgas
1001 686 11 31 i
1033 686 91 32 detta
1144 684 171 39 avseende,
1335 688 61 35 att,
1417 684 110 32 därest
1546 695 66 25 ren,

109 738 152 39 tillhörig
277 739 72 38 den,
368 750 67 21 som
452 739 61 31 har
530 741 67 29 rätt
613 738 53 32 till
683 737 130 33 renbete
830 736 106 39 enligt
951 737 99 37 lagen
1066 748 50 20 om
1134 736 38 32 de
1189 735 142 33 svenska
1348 735 179 38 lapparnas
1545 737 67 29 rätt

109 789 54 32 till
182 789 130 32 renbete
331 790 11 31 i
364 789 146 39 Sverige,
530 789 98 32 blivit
646 788 194 32 annorledes
862 792 40 27 än
921 788 11 31 i
954 789 17 31 5
992 787 18 39 8
1032 791 78 34 sägs
1135 786 49 40 (d.
1203 798 32 21 v.
1255 798 25 21 s.
1300 786 43 38 på
1362 789 101 28 annat
1484 788 68 29 sätt
1571 789 41 27 än

109 852 116 26 genom
245 840 63 38 eld,
329 851 69 21 som
417 839 139 32 kommit
576 839 48 32 lös
645 839 77 32 från
742 838 181 32 lokomotiv
942 838 81 32 eller
1042 838 76 31 från
1137 837 130 32 eldstad
1287 837 12 31 i
1317 840 102 28 annat
1438 836 174 37 järnvägs-

110 889 136 40 fordon)
272 889 127 33 skadad
422 890 79 32 eller
522 890 105 31 dödad
648 890 11 31 i
681 889 86 37 följd
788 901 42 19 av
851 888 160 38 järnvägs
1035 888 85 32 drift
1140 890 86 29 samt
1249 887 91 32 detta
1361 886 89 32 skett
1471 887 20 31 å
1509 885 103 38 trakt,

110 941 59 31 där
189 941 163 38 lapparna
372 940 57 32 vid
448 940 90 32 tiden
559 940 53 31 för
634 939 145 32 skadans
799 939 145 31 timande
967 942 59 34 ägt
1044 937 181 39 uppehålla
1245 937 53 38 sig
1319 937 72 32 med
1413 936 72 33 sina
1507 948 106 25 renar,

112 991 201 38 järnvägens
333 990 199 32 innehavare
553 995 37 27 är
611 990 137 38 skyldig
769 992 126 30 ersätta
917 989 138 38 skadan,
1078 989 85 31 ändå
1182 991 51 29 att
1254 988 201 37 järnvägens
1477 986 138 33 förvalt-

109 1041 81 39 ning
214 1042 80 32 eller
317 1041 173 39 betjäning
513 1041 30 38 ej
565 1041 89 32 varit
676 1039 156 34 vållande
854 1040 54 31 till
932 1040 116 32 denna.
1093 1039 77 32 Vad
1192 1038 141 33 sålunda
1357 1038 153 38 stadgats
1534 1042 80 33 äger

109 1093 83 32 dock
215 1093 30 39 ej
270 1092 227 40 tillämpning,
522 1092 60 32 där
605 1092 71 39 den,
701 1091 113 32 vilken
839 1091 82 32 vård
946 1102 51 20 om
1023 1102 98 20 renen
1146 1089 123 40 ålegat,
1295 1088 216 39 uppsåtligen
1534 1088 80 32 eller

109 1155 116 26 genom
249 1155 83 27 grov
355 1143 209 32 vårdslöshet
585 1143 56 32 vid
664 1142 229 38 bevakningen
916 1141 89 33 varit
1027 1141 153 32 vållande
1203 1140 53 33 till
1280 1140 138 33 skadan.

154 1220 101 32 Efter
279 1219 56 33 det
358 1219 178 38 utredning
559 1219 12 31 i
597 1218 179 38 anledning
801 1230 43 20 av
871 1218 196 38 riksdagens
1092 1216 217 33 förenämnda
1336 1216 160 32 skrivelse
1520 1215 92 32 verk-

111 1271 123 39 ställts,
260 1270 143 33 föreslås
429 1282 44 20 nu
496 1270 13 31 i
533 1269 247 39 propositionen
808 1268 104 33 sådan
937 1268 133 38 lösning
1096 1280 43 20 av
1164 1267 38 33 de
1226 1268 12 31 i
1266 1266 183 33 skrivelsen
1475 1266 138 32 berörda

111 1321 173 38 spörsmål,
306 1324 51 29 att
378 1321 20 31 å
420 1332 59 20 ena
501 1320 95 32 sidan
618 1320 223 38 djurägarnas
861 1319 163 32 intressen
1046 1317 194 39 tillgodoses
1261 1329 116 26 genom
1400 1317 184 38 stadgande
1603 1316 11 31 i

111 1371 56 39 lag
191 1383 42 20 av
255 1371 147 38 generell
426 1370 211 39 förpliktelse
662 1370 53 32 för
738 1369 144 38 järnväg
903 1373 51 28 att
976 1372 127 29 ersätta
1126 1380 115 27 genom
1266 1368 125 32 driften
1416 1366 198 33 förorsakad

112 1421 104 33 skada
232 1423 20 31 å
269 1425 106 29 större
393 1421 152 38 hemdjur
562 1424 85 29 samt
666 1424 51 28 att
733 1421 20 31 å
770 1420 103 33 andra
892 1419 95 33 sidan
1004 1419 244 38 järnvägarnas
1266 1417 213 34 ekonomiska
1497 1418 116 31 intres-

112 1484 55 21 sen
189 1472 139 33 beaktas
351 1484 116 27 genom
489 1471 255 33 överlämnande
766 1471 35 32 åt
824 1470 167 39 reglering
1013 1470 12 32 i
1048 1469 249 33 administrativ
1320 1469 140 38 ordning
1483 1480 42 20 av
1548 1468 66 32 frå-

115 1535 76 28 gan,
208 1523 166 33 huruvida
391 1523 59 33 och
466 1523 12 32 i
492 1522 112 32 vilken
622 1522 205 38 omfattning
842 1522 226 38 järnvägarna
1085 1521 94 32 skola
1196 1520 91 32 hålla
1303 1519 171 39 hägnader
1487 1523 67 28 mot
1568 1520 49 31 så-

113 1575 86 32 dana
223 1575 87 38 djur.

155 1625 73 32 Den
248 1625 142 33 sålunda
409 1624 191 38 föreslagna
619 1624 227 38 skärpningen
864 1635 42 21 av
925 1623 160 38 järnvägs
1106 1621 403 39 ersättningsskyldighet
1528 1621 86 32 stlad-

112 1687 60 27 gas
197 1676 10 32 1
234 1677 18 31 6
278 1676 18 39 $&
319 1675 105 32 andra
447 1675 143 38 stycket.
635 1674 301 33 Bestämmelserna
959 1674 11 32 i
994 1673 191 32 nuvarande
1208 1673 104 32 andra
1337 1672 132 39 stycket
1493 1684 51 20 om
1568 1683 46 20 er-

112 1726 151 39 sättning
284 1726 55 32 för
358 1726 105 33 skada
483 1727 19 32 å
521 1738 56 20 ren
597 1729 168 34 upptagas
784 1725 12 32 i
817 1725 106 37 tredje
943 1724 143 38 stycket.
1129 1725 17 31 I
1167 1723 240 38 sammanhang
1427 1723 73 32 med
1521 1722 95 32 dessa

113 1777 183 38 ändringar
315 1777 62 32 har
395 1789 39 20 en
454 1775 219 33 redaktionell
691 1775 176 39 jämkning
887 1775 164 38 vidtagits
1071 1775 12 31 i
1106 1776 37 31 11
1167 1774 29 39 $.

156 1827 74 33 Den
250 1827 183 39 utvidgade
456 1826 443 39 ersättningsskyldigheten
921 1838 97 20 avser
1040 1825 143 33 allenast
1204 1824 196 33 nötkreatur
1421 1824 60 32 och
1502 1824 115 32 hästar

112 1890 73 20 men
209 1878 149 32 däremot
380 1878 73 32 icke
476 1878 126 32 mindre
625 1877 162 38 hemdjur.
833 1877 117 32 Denna
975 1876 227 39 begränsning
1224 1876 88 32 vilar
1336 1876 43 38 på
1401 1875 215 38 antagandet,

112 1932 51 29 att
184 1929 61 33 den
266 1929 87 39 fara,
374 1929 116 32 varför
510 1928 126 33 mindre
658 1928 152 38 hemdjur
830 1931 147 29 utsättas
999 1939 116 26 genom
1137 1926 244 39 järnvägarnas
1404 1926 95 40 drift,
1519 1923 97 35 beak-

113 1983 67 29 tats
205 1980 58 33 vid
286 1979 244 39 järnvägarnas
557 1979 222 40 anläggande,
806 1979 37 32 så
868 1982 60 35 att,
956 1979 60 32 där
1043 1978 30 38 ej
1099 1978 228 39 järnvägarna
1354 1977 109 38 åtagit
1488 1977 52 37 sig
1566 1979 51 29 alt

112 2030 91 33 hålla
225 2031 172 38 hägnader
417 2034 68 29 mot
506 2030 127 39 djuren,
655 2029 245 33 vederbörande
923 2029 285 38 fastighetsägare
1231 2028 57 33 vid
1310 2027 306 39 markupplåtelsen

113 2081 191 33 tillerkänts
324 2081 187 39 ersättning
531 2081 54 32 för
605 2081 134 38 djurens
759 2080 243 38 utestängande
1024 2080 77 32 från
1121 2079 322 38 järnvägsområdet.
1485 2074 131 36 Ersätt-

114 2131 297 40 ningsskyldighet
432 2132 148 32 inträder
601 2131 153 39 allenast,
777 2143 51 20 om
851 2130 128 33 skadan
1003 2130 141 33 drabbat
1165 2129 111 39 djuret
1298 2129 105 33 under
1425 2129 192 38 betesgång.

116 2183 60 32 Om
203 2184 72 38 den,
302 2195 68 20 som
395 2183 76 32 haft
495 2186 51 29 att
570 2182 91 33 tillse
685 2182 54 33 det
763 2182 146 33 skadade
933 2181 197 39 hemdjuret,
1156 2180 216 39 uppsåtligen
1397 2180 79 32 eller
1502 2191 115 27 genom

115 2246 82 26 grov
217 2233 210 33 vårdslöshet
446 2233 57 33 vid
525 2232 230 39 bevakningen
776 2232 90 33 varit
886 2232 156 33 vållande
1063 2232 54 32 till
1140 2231 139 40 skadan,
1302 2235 79 34 äger
1401 2230 217 38 ersättnings-

116 2284 195 39 skyldighet
326 2285 30 38 ej
374 2296 82 21 rum.
495 2284 66 33 För
576 2288 51 28 att
644 2284 103 32 sådan
763 2283 211 33 vårdslöshet
989 2283 88 33 skall
1095 2283 179 39 föreligga,
1290 2282 92 32 torde
1398 2282 11 31 i
1426 2281 191 38 allmänhet,

117 2335 198 33 framhåller
342 2335 373 40 departementschefen,
742 2335 80 32 böra
849 2335 211 39 förutsättas,
1087 2334 159 38 antingen
1273 2336 51 29 att
1351 2333 61 32 den
1438 2332 180 32 vårdnads-

116 2386 144 40 pliktige
286 2386 265 40 uppenbarligen
578 2386 200 33 försummat
806 2389 80 35 taga
913 2385 103 33 sådan
1044 2385 83 32 vård
1155 2396 52 21 om
1233 2384 190 39 kreaturen,
1450 2395 68 21 som
1546 2383 72 32 med

116 2437 131 39 hänsyn
264 2438 55 32 till
334 2437 121 33 bruket
471 2439 43 37 på
531 2440 92 29 orten
640 2437 11 32 i
670 2437 91 32 detta
777 2437 160 32 avseende
954 2436 74 33 bort
1046 2435 68 41 ske,
1131 2435 80 33 eller
1228 2434 61 34 ock
1305 2432 193 42 underlåtit,
1514 2434 103 32 ehuru

1651 1224 155 31 Propositio-

1627 1266 61 16 nens
1705 1256 121 26 innehåll.

1654 1631 152 30 Föreslagna

1628 1665 193 30 lagändringar.
