2216 2638
441 180 64 31 210

586 254 241 44 (Nuvarande
851 254 162 43 lydelse.)

397 347 71 38 äga
503 353 91 22 rum.
641 341 144 42 Köping
820 341 88 33 eller
942 344 112 30 annat
1075 352 93 22 sam-

397 386 107 38 hälle,
544 397 75 22 som
656 385 161 33 erhåller
853 384 316 43 stadsprivilegier,

398 430 136 33 räknas
558 430 12 32 i
590 429 112 42 fråga
729 440 56 21 om
809 428 364 42 riksdagsmannaval

396 473 233 41 fortfarande
664 472 54 33 till
753 472 129 39 landet,
921 471 53 33 till
1010 471 79 33 dess
1124 482 48 32 ny

399 516 314 42 valkretsordning
738 515 133 34 varder
895 515 190 38 fastställd.

463 562 29 31 5.
547 559 148 44 Uppgår
733 559 188 33 städernas
956 559 215 42 folkmängd

399 604 54 33 till
488 614 78 23 mer
590 607 46 29 än
660 603 84 32 åttio
770 602 405 34 tvåhundratrettionde-

398 648 107 33 delar
538 648 48 42 af
612 646 258 43 folkmängden
903 647 12 32 i
948 646 83 34 hela
1070 646 99 39 riket,

397 692 96 33 skall
530 691 59 34 det
621 690 69 33 här
724 691 110 42 ofvan
865 690 225 41 föreskrifna
1113 701 57 21 an-

399 736 85 33 talet
506 735 254 42 riksdagsmän
784 734 320 33 tvåhundratrettio
1128 736 46 30 ut-

397 791 55 21 ses
474 779 73 43 för
577 778 122 33 landet
721 777 64 33 och
808 778 61 41 för
891 777 172 34 städerna
1087 777 87 43 efter

395 822 252 42 förhållandet
684 821 134 33 mellan
854 820 258 44 folkmängden
1151 820 22 32 å

399 867 123 33 landet
545 866 63 33 och
632 865 12 32 i
659 865 179 33 städerna.
885 865 70 32 Det
967 863 101 34 antal
1080 864 89 33 riks-

398 912 187 41 dagsmän,
620 920 75 22 som
733 908 156 33 sålunda
913 908 64 33 bör
1002 911 90 29 utses
1112 907 62 43 för

398 954 124 33 landet
543 953 64 33 och
618 953 72 42 för
713 952 180 40 städerna,
911 951 209 34 bestämmes
1132 950 46 42 af

397 997 203 42 Konungen
633 995 60 34 vid
711 995 263 43 fastställande
1004 995 48 43 af
1069 994 68 34 den
1161 994 12 32 i

398 1052 105 21 mom.
534 1042 21 30 4
584 1039 242 40 omförmälda
850 1039 164 42 ordning,
1040 1038 131 33 därvid

398 1084 12 32 i
444 1084 112 42 öfrigt
583 1082 248 44 stadgandena
855 1083 12 32 i
890 1094 103 21 mom.
1018 1085 24 29 2
1067 1082 61 33 och
1150 1083 22 30 3

398 1127 102 33 skola
533 1128 12 32 i
575 1127 215 42 tillämpliga
828 1126 105 33 delar
966 1125 112 33 lända
1119 1125 53 33 till

398 1170 244 36 efterrättelse.

743 1240 23 41 $
789 1240 48 32 14.

738 1326 24 42 $
788 1327 52 32 15.

736 1413 24 41 $
786 1414 48 31 16.

467 1501 28 32 1.
542 1502 30 30 A
619 1499 122 33 landet
780 1499 111 43 väljes
919 1497 253 43 riksdagsman

400 1543 150 34 medelst
566 1543 184 34 elektorer.
776 1543 74 33 För
862 1541 128 43 hvarje
1007 1541 168 33 kommun

400 1590 93 30 utses
516 1587 98 43 inför
637 1586 407 33 kommunalstämmans
1060 1584 117 40 ordfö-

399 1630 117 34 rande
539 1641 40 22 en
603 1630 134 33 elektor
760 1630 63 33 och
845 1629 222 43 därutöfver,
1084 1628 91 40 efter

399 1673 262 43 folkmängden,
687 1685 41 22 en
752 1674 60 38 för
835 1672 127 43 hvarje
977 1671 87 40 fullt
1076 1671 49 33 tal
1137 1671 46 44 af

400 1721 45 30 ett
455 1721 108 30 tusen.
588 1717 111 33 Desse
712 1717 176 33 elektorer
899 1714 273 35 sammanträda

400 1761 54 33 till
488 1760 366 43 riksdagsmannaval
886 1760 97 42 inför
1013 1758 160 39 domhaf-

401 1805 142 33 vanden
565 1805 12 32 i
600 1804 68 33 den
686 1804 182 43 domsaga,
880 1803 53 33 till
945 1802 146 34 hvilken
1104 1801 69 35 val-

400 1849 141 33 kretsen
564 1848 119 37 hörer,
708 1848 99 37 eller,
832 1859 56 22 om
912 1846 59 34 två
984 1846 190 42 domsagor

399 1895 66 30 äro
497 1891 176 42 förenade
706 1891 54 33 till
795 1902 42 22 en
874 1890 167 36 valkrets,
1077 1889 97 36 inför

400 1935 295 44 domhafvanden
730 1938 13 29 i
776 1934 68 34 den
877 1935 45 40 af
946 1934 106 33 dessa
1082 1932 91 33 dom-

400 1989 120 33 sagor,
551 1978 144 34 hvilken
726 1978 69 33 den
825 1981 129 30 största
978 1976 197 43 folkmäng-

400 2023 68 33 den
492 2026 97 40 äger.

464 2068 31 31 2.
542 2067 24 32 I
595 2064 44 35 de
675 2065 210 39 valkretsar,
918 2075 76 22 som
1019 2063 96 34 bestå
1138 2064 44 40 af

400 2109 59 33 två
483 2109 90 34 eller
595 2109 93 43 flera
703 2108 132 39 städer,
853 2111 91 30 utses
960 2107 98 41 inför
1068 2106 106 43 magt-

399 2156 135 30 straten
557 2164 43 22 en
623 2152 135 34 elektor
778 2154 61 39 för
862 2151 127 42 hvarje
1012 2150 81 34 stad
1111 2150 64 33 och

400 2197 220 41 därutöfver,
646 2197 90 43 efter
755 2195 270 43 folkmängden,
1052 2205 42 22 en
1108 2195 67 40 för

531 2292 30 41 +)
586 2291 83 32 Lika
691 2291 75 32 med
788 2291 180 32 utskottets
990 2290 134 40 förslag.

532 2334 47 41 +)
603 2335 83 32 Lika
709 2335 75 32 med
805 2334 117 41 Kungl.
946 2333 113 42 Maj:ts
1081 2333 132 41 förslag.

814 180 422 29 Konstilutionsutskottets
1265 179 176 31 Utlåtande
1463 180 63 29 N:o
1551 182 28 27 5.

1387 254 235 43 (Föreslagen
1646 254 161 43 lydelse.)

1215 341 65 33 kas
1301 341 228 43 folkmängd
1564 345 87 29 mest
1677 340 240 43 öfverskjuter
1947 342 46 32 de

1217 384 59 38 tal,
1300 395 86 30 som,
1412 385 92 38 efter
1520 385 96 33 hvad
1632 395 86 32 nyss
1735 387 44 30 är
1794 384 113 42 sagdt,
1926 388 66 29 äro

1220 428 266 34 bestämmande
1497 429 64 41 för
1577 428 341 43 riksdagsmännens
1934 439 59 21 an-

1219 471 50 33 tal
1299 473 94 32 inom
1424 471 262 37 valkretsarna,
1706 472 93 33 hvar
1821 473 59 38 för
1902 471 56 43 sig
1983 472 11 31 i

1218 515 154 43 ordning
1386 516 91 43 efter
1490 515 255 44 öfverskottens
1757 514 132 34 storlek
1902 525 91 23 vara

1217 559 220 43 berättigade
1478 562 64 38 att,
1568 559 97 42 välja
1704 559 211 43 ytterligare
1950 569 43 22 en

1221 602 262 43 riksdagsman.
1508 604 77 32 Aro
1599 602 306 43 öfverskottstalen
1919 602 75 33 lika

1216 646 61 38 för
1301 646 57 33 två
1382 646 90 33 eller
1487 647 101 43 flera
1609 646 211 39 valkretsar,
1836 646 157 43 afgöres,

1216 689 70 34 där
1319 690 41 32 så
1393 693 43 29 är
1469 690 133 42 nödigt,
1625 690 210 43 företrädet
1862 700 130 32 genom

1221 733 148 43 lottning
1387 734 52 42 på
1462 737 70 30 sätt
1553 734 11 32 i
1586 734 23 41 $
1632 736 21 30 6
1676 745 104 21 mom.
1805 736 20 30 7
1848 736 41 29 är
1902 734 91 32 stad-

1217 777 97 42 gadt.

1281 824 30 30 2.
1357 821 71 32 Det
1454 820 100 33 antal
1577 820 262 42 riksdagsmän,
1865 819 129 43 hvarje

1217 863 156 34 valkrets
1397 863 111 43 enligt
1531 864 108 41 ofoan
1664 863 151 43 angifna
1829 866 165 40 grunder

1219 910 88 40 äger
1331 912 80 34 utse,
1425 907 205 43 fastställes
1653 907 47 43 af
1717 907 208 43 Konungen.

1528 1235 23 41 &
1574 1235 85 32 17.=

1531 1322 24 40 $
1580 1322 79 31 18.=

1533 1409 23 41 8
1579 1409 97 32 19.72

1291 1495 111 33 Valen
1438 1495 54 33 till
1525 1494 125 34 Andra
1682 1495 221 32 Kammaren
1928 1497 66 30 äro

1215 1538 286 43 proportionella
1512 1539 63 32 och
1588 1538 240 33 omedelbara.
1852 1537 143 43 Hvarje

1223 1582 166 33 röstande
1411 1585 67 40 äge
1502 1582 132 33 därvid
1658 1592 42 23 en
1724 1584 78 30 röst.

1285 1626 186 33 Närmare
1506 1624 265 34 bestämmelser
1804 1636 56 22 om
1890 1625 105 33 valen

1222 1669 185 33 meddelas
1429 1669 13 32 i
1466 1668 177 43 vallagen.
