2214 2640
623 190 424 31 Konstilutionsutskottels
1077 188 175 30 Utlåtande
1276 187 60 30 N:o
1360 188 29 28 5.
1716 183 62 31 173

223 270 163 36 varande
420 269 10 36 i
465 269 130 36 Andra
637 267 222 36 Kammaren
898 266 132 36 utöfva
1058 264 71 37 och
1157 265 115 47 länge
1300 263 150 36 utöfvat
1478 275 47 23 en
1554 261 267 49 betydelsefull

221 321 250 36 verksamhet.

351 373 68 35 Ett
446 372 94 48 godt
567 370 197 37 korrektiv
793 375 79 30 mot
899 368 164 37 nämnda
1091 367 81 36 fara
1200 379 115 36 synes
1343 366 64 36 det
1427 365 298 50 proportionella
1745 365 77 35 val-

224 429 117 32 sättet
369 423 169 48 erbjuda.
593 422 86 36 Med
708 421 104 36 detta
855 421 125 35 valsätt
1007 420 100 35 afses
1134 418 194 48 nämligen
1359 422 56 31 att
1438 416 232 37 tillförsäkra
1689 416 134 49 hvarje

223 489 79 23 mer
330 474 216 49 betydande
573 486 127 36 grupp
730 473 41 36 af
796 472 147 35 valmän
974 471 73 36 den
1076 470 111 36 andel
1207 470 12 35 i
1238 468 373 49 representationens
1635 481 187 22 samman-

223 527 184 46 sättning,
441 539 81 22 som
557 526 41 34 af
623 524 87 36 dess
739 523 215 36 numeriska
982 521 131 49 styrka
1141 521 188 47 betingas,
1359 519 70 36 och
1457 520 85 34 från
1571 523 142 31 statens
1733 532 91 35 syn-

221 578 124 48 punkt
385 579 120 33 måste
547 576 64 35 det
642 575 13 35 i
692 575 71 35 och
805 574 59 36 för
904 573 61 48 sig
1000 572 192 37 betraktas
1230 574 123 33 såsom
1389 583 47 23 en
1469 570 193 47 väsentlig
1690 570 131 46 fördel,

222 634 55 31 att
317 627 352 50 representationen
710 630 116 44 utgör
868 630 54 31 ett
953 624 12 35 i
993 623 217 49 möjligaste
1255 625 87 33 mån
1383 621 245 48 fullständigt
1669 621 154 47 uttryck

222 681 59 35 för
309 680 47 36 de
384 678 121 38 skilda
533 678 179 50 politiska
740 676 250 49 meningarna
1018 675 71 37 och
1118 674 308 48 åskådningarna
1446 673 101 36 inom
1567 672 139 37 landet.
1749 671 74 37 Vid

221 731 244 50 tillämpning
493 731 40 35 af
557 730 74 37 den
659 728 297 50 proportionella
983 726 242 37 valmetoden
1253 725 254 37 öfverlämnas
1535 727 38 34 åt
1596 724 226 36 valmännen

222 789 56 31 att
318 783 137 49 själfva
487 783 59 36 för
574 781 135 49 hvarje
738 781 62 35 val
828 791 193 37 gruppera
1048 778 61 48 sig
1137 780 52 45 så,
1219 790 81 23 som
1329 789 112 36 synes
1470 776 83 36 dem
1583 781 98 31 mest
1709 775 115 36 ända-

222 835 233 47 målsenligt;
499 833 222 49 härigenom
765 831 135 36 vinnas
942 830 157 36 sålunda
1130 830 47 36 de
1210 829 201 45 förmåner,
1441 841 81 22 som
1551 832 65 32 äro
1645 827 181 36 förenade

223 887 85 35 med
349 885 225 46 klassvalen,
617 897 88 23 men
747 883 187 36 undvikas
975 880 198 49 samtidigt
1213 880 47 36 de
1302 879 239 48 svårigheter
1573 879 12 35 i
1618 878 110 48 fråga
1762 891 60 22 om

225 938 211 36 klassernas
478 935 260 50 särskiljande,
768 947 81 24 som
877 932 120 37 under
1025 932 218 36 nuvarande
1271 929 459 38 samfundsförhållanden
1759 934 64 31 äro

223 987 248 51 förknippade
513 987 86 37 med
641 985 237 38 sistnämnda
919 983 199 38 valmetod.
1188 983 73 36 Det
1301 981 294 50 proportionella
1644 982 180 35 valsättet

223 1054 114 36 synes
369 1040 71 37 ock
468 1052 89 24 vara
585 1038 145 50 ägnadt
758 1042 56 32 att
840 1037 70 36 hos
937 1036 229 36 valmännen
1194 1033 198 37 framkalla
1419 1032 219 50 lifaktighet
1666 1032 71 37 och
1765 1032 57 36 in-

223 1099 119 30 tresse
382 1092 60 36 för
483 1092 122 46 valen,
648 1090 47 37 då
732 1090 62 36 det
821 1088 183 49 gifvetvis
1032 1088 59 36 för
1119 1086 132 49 hvarje
1278 1085 110 51 parti,
1417 1098 81 23 som
1526 1084 67 37 har
1620 1084 122 36 utsikt
1769 1089 55 31 att

223 1145 149 36 besätta
398 1146 129 46 någon
554 1143 113 49 plats,
697 1142 121 49 gäller
841 1145 56 32 att
916 1153 138 36 genom
1075 1138 142 38 ordnad
1237 1136 262 50 organisation
1519 1137 71 36 och
1609 1149 214 35 mangrann

223 1196 165 48 samling
429 1194 265 49 genomdrifva
727 1194 60 35 val
815 1193 40 36 af
879 1193 63 36 det
970 1192 103 36 antal
1100 1194 318 46 representanter,
1448 1202 80 23 som
1555 1190 49 48 på
1632 1186 127 50 grund
1787 1187 44 37 af

224 1248 85 37 dess
336 1252 178 32 numerär
540 1247 71 36 bör
637 1245 214 37 tillkomma
878 1244 223 44 detsamma;
1132 1242 69 37 och
1229 1240 188 48 naturligt
1445 1253 114 36 synes
1579 1252 102 35 vara,
1701 1244 55 31 att
1776 1239 46 36 de

222 1300 100 36 olika
362 1299 203 49 partierna,
603 1298 59 36 för
696 1302 55 31 att
778 1297 13 35 i
819 1301 139 31 största
984 1294 159 49 möjliga
1170 1296 88 34 mån
1286 1293 128 36 kunna
1441 1291 158 37 inverka
1625 1294 49 46 på
1702 1291 120 36 valets

220 1354 162 45 utgång,
412 1353 21 33 å
462 1350 83 36 sina
584 1349 109 36 listor
724 1348 161 49 uppföra
913 1347 140 36 sådana
1079 1345 236 46 kandidater,
1345 1357 80 24 som
1454 1344 59 35 för
1540 1347 281 45 representant-

223 1402 116 37 kallet
367 1403 130 35 kunna
525 1414 108 24 anses
660 1405 100 31 mest
788 1399 184 49 lämpliga
1000 1398 70 36 och
1097 1396 170 49 dugliga.

351 1453 157 37 Tanken
536 1456 48 46 på
611 1451 248 50 tillämpning
885 1450 65 36 vid
978 1450 111 36 valen
1117 1449 59 36 till
1203 1446 240 49 Riksdagens
1471 1446 129 36 Andra
1619 1446 204 36 Kammare

222 1507 40 35 af
300 1511 54 31 ett
393 1504 293 51 proportionellt
726 1504 140 36 valsätt
908 1502 184 36 framkom
1126 1500 117 37 redan
1271 1499 64 37 vid
1364 1500 99 35 1892
1492 1501 60 33 års
1579 1497 168 49 riksdag,
1776 1497 47 36 då

222 1557 192 49 åtskilliga
432 1557 207 36 ledamöter
659 1556 41 36 af
715 1553 460 39 konstitutionsutskottet
1194 1551 12 36 i
1225 1565 48 23 en
1291 1550 234 38 reservation
1544 1549 58 37 till
1616 1549 208 37 utskottets

221 1609 196 37 utlåtande
446 1609 12 36 i
488 1609 107 48 fråga
621 1621 61 24 om
702 1607 167 37 ändrade
888 1604 287 39 bestämmelser
1193 1603 161 37 rörande
1373 1602 188 37 valrätten
1581 1601 59 36 till
1659 1600 166 37 nämnda

224 1662 190 35 kammare
443 1660 217 37 alternativt
687 1659 169 37 uttalade
886 1658 61 48 sig
966 1659 59 35 för
1045 1670 47 23 en
1111 1656 117 36 sådan
1248 1654 218 48 anordning
1485 1656 124 34 såsom
1625 1657 56 32 ett
1700 1652 125 37 medel

224 1719 54 30 att
319 1712 260 37 åstadkomma
621 1725 47 23 en
697 1709 300 49 ändamålsenlig
1025 1707 347 48 sammansättning
1400 1706 40 36 af
1463 1704 362 50 representationen.

221 1765 18 36 I
267 1764 142 37 motion
438 1764 57 36 till
525 1765 97 35 1893
653 1766 61 33 års
741 1762 157 49 riksdag
924 1759 223 38 hemställde
1176 1759 164 36 därefter
1358 1758 88 36 herr
1464 1757 155 48 Billing,
1640 1761 56 32 att
1715 1756 112 37 Riks-

224 1817 124 48 dagen
367 1819 118 33 måtte
505 1815 69 37 hos
592 1814 144 49 Kungl.
758 1814 108 49 Maj:t
885 1812 148 37 anhålla
1053 1825 60 23 om
1133 1811 208 48 utredning
1359 1810 41 36 af
1410 1809 138 48 frågan
1564 1822 61 23 om
1641 1808 183 37 behofvet

225 1869 40 36 af
281 1868 187 37 utsträckt
487 1867 141 37 valrätt
647 1866 58 37 till
724 1866 129 37 Andra
871 1866 226 35 Kammaren
1113 1863 70 37 och
1200 1876 61 23 om
1277 1863 46 36 de
1338 1861 206 49 garantier,
1559 1860 122 37 under
1695 1859 130 37 hvilka

224 1926 47 30 en
313 1920 115 37 sådan
468 1917 451 48 rösträttsutsträckning
958 1916 116 37 borde
1116 1914 228 50 medgifvas,
1386 1925 88 24 vare
1516 1912 61 49 sig
1618 1916 57 32 att
1716 1911 110 37 dessa

225 1972 193 49 garantier
454 1971 121 37 skulle
603 1971 113 36 sökas
744 1970 12 36 i
784 1970 63 36 väl
875 1968 162 49 afvägda
1064 1966 119 38 klass-
1212 1967 90 36 eller
1329 1964 305 50 proportionsval
1662 1963 90 37 eller
1778 1965 49 47 på

227 2037 125 23 annan
379 2028 88 44 väg.
523 2023 135 36 Denna
686 2022 145 37 motion
858 2020 221 38 föranledde
1104 2018 211 37 emellertid
1333 2017 84 37 icke
1436 2019 129 46 någon
1585 2015 137 49 åtgärd
1741 2015 85 37 från

225 2075 241 49 Riksdagens
495 2074 91 37 sida.
631 2074 124 37 Sedan
783 2074 134 47 frågan
946 2085 61 24 om
1034 2070 250 38 användande
1304 2070 40 36 af
1359 2074 56 32 ett
1433 2067 294 50 proportionellt
1746 2067 79 36 val-

227 2133 76 31 sätt
331 2127 158 37 sålunda
516 2125 127 38 blifvit
673 2125 110 49 bragt
810 2128 21 34 å
851 2125 107 46 bane,
979 2123 168 48 föreslog
1165 2122 145 48 Kungl.
1330 2121 108 48 Maj:t
1455 2120 12 36 i
1487 2120 59 36 sin
1565 2119 59 37 till
1646 2119 97 37 1896
1765 2121 61 34 års

226 2180 158 48 riksdag
424 2179 141 37 aflåtna
605 2177 239 50 proposition
885 2190 59 23 om
983 2175 164 37 ändrade
1176 2173 287 38 bestämmelser
1490 2170 161 38 rörande
1679 2170 61 37 val
1768 2170 59 37 till

227 2232 132 36 Andra
376 2231 244 47 Kammaren,
641 2234 67 43 att,
728 2229 68 37 där
810 2229 91 36 flera
916 2227 268 48 riksdagsmän
1200 2225 120 37 skulle
1339 2224 132 49 väljas,
1488 2237 47 23 en
1549 2222 278 51 proportionell

226 2283 202 47 valmetod,
472 2282 57 37 för
570 2281 156 38 hvilken
768 2283 124 35 såsom
934 2279 161 37 förebild
1136 2278 122 49 tjänat
1298 2277 63 36 det
1392 2275 151 48 valsätt,
1573 2288 81 24 som
1682 2274 13 37 i
1723 2274 103 36 Dan-

227 2336 108 36 mark
375 2335 110 49 följes
526 2333 64 37 vid
630 2334 63 36 val
736 2334 41 35 af
814 2332 256 37 ledamöterna
1104 2329 13 38 i
1151 2329 247 49 landstinget,
1433 2327 121 38 skulle
1590 2327 153 36 komma
1770 2325 57 36 till
