2222 2644
665 193 403 33 Konstitutionsutskottets
1099 191 170 33 Utlåtande
1294 190 62 32 N:o
1380 191 29 30 5.
1755 186 38 31 61

241 273 275 49 folkmängden
552 273 11 35 i
597 272 117 36 sådan
741 271 84 37 stad
855 272 33 48 ej
918 270 134 49 längre
1082 273 150 47 uppgår
1261 269 59 36 till
1349 281 47 23 en
1425 266 203 37 nittiondel
1658 266 40 36 af
1722 264 118 37 rikets

243 325 235 48 folkmängd,
508 324 99 36 skall
635 323 73 37 den
737 323 84 37 stad
849 323 82 36 icke
960 322 131 37 vidare
1120 321 102 37 bilda
1252 333 98 36 egen
1379 319 181 36 valkrets.

372 378 33 34 3.
460 376 78 36 Där
579 380 55 31 ett
674 375 63 36 län
778 374 104 47 eller,
920 387 60 23 om
1009 387 46 24 en
1085 374 91 36 eller
1203 372 94 37 flera
1326 372 42 35 af
1391 375 54 32 ett
1473 370 84 36 läns
1586 369 124 36 städer
1737 367 103 37 bilda

243 441 101 35 egna
383 426 223 48 valkretsar,
648 426 123 48 öfriga
809 426 111 36 delen
949 426 40 35 af
1015 425 135 37 sådant
1176 424 64 36 län
1269 423 59 36 till
1355 422 96 49 följd
1481 422 41 35 af
1546 420 187 38 särskilda
1761 432 79 23 om-

243 478 276 48 ständigheter,
562 481 123 33 såsom
725 476 296 48 folkmängdens
1058 476 141 36 storlek
1229 475 93 36 eller
1349 470 490 47 samfärdsförhållandena,

243 531 123 35 finnes
406 528 210 50 lämpligen
655 528 94 37 böra
789 528 117 47 delas,
939 530 62 34 må
1029 527 124 49 dylikt
1180 527 64 35 län
1273 525 91 37 eller
1393 524 106 49 dylik
1527 523 146 36 länsdel
1701 526 140 44 utgöra

242 582 116 47 högst
384 583 65 34 två
477 580 223 37 valkretsar.

372 634 32 34 4.
459 631 133 37 Rikets
633 630 200 48 indelning
869 629 13 36 i
918 630 215 36 valkretsar
1172 627 214 38 innehålles
1418 627 12 36 i
1458 626 116 48 lagen
1603 638 61 23 om
1692 623 61 37 val
1781 623 59 36 till

242 684 279 48 riksdagsmän.

993 801 20 49 $
1043 803 57 34 15.

376 891 31 34 1.
463 889 109 36 Inom
600 889 132 48 hvarje
759 888 170 36 valkrets
957 888 133 48 väljes,
1120 887 96 36 efter
1244 885 276 48 folkmängden
1547 883 65 37 vid
1640 883 135 49 början
1804 883 42 36 af

245 944 82 34 året
354 945 86 32 näst
468 941 82 36 före
579 940 74 36 den
680 938 267 50 treårsperiod,
976 939 60 36 för
1064 938 157 36 hvilken
1241 938 110 36 valen
1371 936 114 49 gälla,
1506 948 49 24 en
1573 935 268 48 riksdagsman

244 993 60 36 för
331 992 133 49 hvarje
492 991 88 37 fullt
608 990 65 48 tal,
701 990 266 37 motsvarande
996 1003 47 24 en
1071 987 439 39 tvåhundratrettiondel
1539 987 40 36 af
1601 986 119 37 rikets
1743 985 98 37 folk-

244 1044 159 49 mängd;
433 1043 71 37 och
533 1043 106 37 skola
666 1043 59 36 för
745 1042 190 37 ernående
955 1042 42 36 af
1012 1041 87 38 hela
1119 1040 144 38 antalet
1283 1038 345 39 tvåhundratrettio
1648 1037 193 49 riksdags-

244 1100 89 32 män
374 1096 45 36 de
460 1095 224 47 valkretsar,
725 1094 148 37 hvilkas
906 1093 225 49 folkmängd
1158 1098 99 31 mest
1290 1091 259 49 öfverskjuter
1577 1090 45 37 de
1650 1090 67 46 tal,
1747 1102 96 34 som,

245 1148 98 37 efter
373 1147 101 37 hvad
505 1160 93 36 nyss
626 1151 41 32 är
695 1146 124 49 sagdt,
849 1151 64 31 äro
941 1145 288 37 bestämmande
1257 1144 60 37 för
1344 1143 366 48 riksdagsmännens
1740 1141 102 36 antal

244 1200 104 36 inom
390 1199 278 47 valkretsarna,
710 1199 97 36 hvar
846 1198 59 37 för
937 1197 62 49 sig
1026 1197 13 36 i
1066 1196 165 49 ordning
1259 1196 97 37 efter
1384 1194 285 53 öfverskottens
1697 1192 145 38 storlek

244 1265 93 23 vara
363 1250 241 49 berättigade
633 1255 54 32 att
713 1250 101 49 välja
840 1249 225 50 ytterligare
1094 1262 48 23 en
1165 1248 282 48 riksdagsman.
1493 1249 78 33 Åro
1592 1244 250 38 öfverskotts-

244 1304 103 36 talen
373 1302 77 37 lika
478 1302 60 37 för
565 1305 64 33 två
657 1302 91 36 eller
773 1301 92 37 flera
892 1300 223 47 valkretsar,
1145 1300 164 48 afgöres,
1338 1299 68 36 där
1434 1301 41 34 så
1503 1303 42 31 är
1572 1297 149 49 nödigt,
1741 1296 100 37 före-

245 1354 125 37 trädet
397 1367 142 36 genom
566 1353 169 49 lottning
762 1355 48 47 på
837 1357 75 32 sätt
946 1352 6 36 i
992 1352 8 50 $
1031 1354 19 33 7
1079 1365 113 23 mom.
1226 1353 18 34 1
1276 1356 42 31 är
1346 1349 190 49 stadgadt.
1834 1345 6 11 |

374 1408 34 34 2.
463 1406 76 36 Det
575 1405 103 37 antal
715 1404 280 49 riksdagsmän,
1029 1404 132 48 hvarje
1191 1402 170 37 valkrets
1390 1401 123 49 enligt
1541 1400 115 37 ofvan
1685 1399 159 49 angifna

245 1457 167 50 grunder
440 1462 95 44 äger
561 1462 97 42 utse,
687 1456 206 37 fastställes
920 1456 43 37 af
987 1455 232 49 Konungen.

987 1576 22 50 $
1040 1578 58 35 16.

375 1663 149 38 Valrätt
564 1663 232 37 tillkommer
837 1663 145 36 enhvar
1015 1662 213 50 välfrejdad
1258 1662 142 37 svensk
1427 1674 89 23 man
1544 1660 84 36 från
1656 1659 71 37 och
1755 1658 87 37 med

244 1716 50 88 AR
324 1715 187 37 rdnatet
537 1720 88 32 näst
652 1715 97 37 efter
776 1714 76 48 det,
881 1714 218 37 hvarunder
1126 1714 75 36 han
1229 1716 163 48 uppnått
1419 1712 201 50 tjugufyra
1646 1714 60 34 års
1726 1710 116 48 ålder,

272 1767 70 37 ock
370 1767 33 49 ej
1256 1787 2 2 |

376 1818 33 50 a)
440 1818 88 49 den,
557 1831 80 24 som
665 1821 78 34 står
769 1818 122 37 under
917 1817 318 51 förmynderskap
1265 1816 92 38 eller
1384 1820 42 33 är
1454 1816 137 37 försatt
1618 1815 13 36 1
1654 1813 189 38 konkurs-

245 1870 188 46 tillstånd;

373 1922 39 50 b)
455 1922 86 48 den,
584 1935 81 24 som
705 1924 49 47 på
785 1922 127 49 grund
941 1922 41 37 af
1006 1921 180 49 gällande
1214 1919 242 39 föreskrifter
1484 1918 196 49 angående
1707 1916 136 50 fattig-

244 1974 145 38 vården
417 1977 79 34 står
522 1974 123 37 under
671 1973 416 50 fattigvårdsstyrelses
1114 1973 225 37 målsmans-
1368 1971 94 38 eller
1489 1970 295 44 husbonderätt;

374 2025 33 50 c)
436 2026 86 48 den,
552 2039 81 24 som
660 2025 83 38 icke
772 2025 123 50 erlagt
922 2026 47 36 de
997 2026 141 36 honom
1166 2024 161 50 påförda
1353 2023 202 50 utskylder
1581 2022 59 36 till
1667 2025 77 33 stat
1771 2020 73 38 och

245 2078 193 48 kommun,
467 2078 132 37 hvilka
617 2077 157 37 förfallit
792 2077 59 49 till
869 2077 201 49 betalning
1088 2076 121 37 under
1228 2077 48 36 de
1295 2080 58 33 tre
1374 2075 250 38 sistförflutna
1643 2072 201 38 kalender-

246 2143 105 32 åren;

375 2181 37 50 d)
466 2180 247 51 värnpliktig,
743 2194 80 24 som
850 2180 84 37 icke
953 2180 176 49 fullgjort
1148 2180 46 37 de
1213 2179 140 37 honom
1372 2178 57 38 till
1448 2179 72 37 och
1538 2178 86 38 med
1642 2179 201 47 utgången

247 2234 41 37 af
312 2233 251 38 sistförflutna
590 2233 261 37 kalenderåret
879 2231 206 51 åliggande
1113 2231 408 51 värnpliktsöfningar.
