2230 2638
423 181 63 31 124
790 178 402 33 Konstitutionsutskottets
1222 178 171 33 Utlåtande
1416 180 62 31 N:o
1500 182 30 30 5.

585 259 46 37 C:
664 257 126 40 630
805 257 136 39 +10—+3

583 311 49 36 D:
669 311 69 36 380
762 309 129 40 +30+
920 310 45 35 10

582 363 49 36 E:
663 361 302 40 330
761 357 24 60 +
803 357 49 60 37
870 357 27 60 +
919 357 49 60 80

502 413 34 36 A
573 414 69 37 har
683 412 158 38 sålunda
882 417 56 32 att
977 412 120 36 räkna
1137 411 61 50 sig
1224 412 161 49 tillgodo
1417 413 71 35 750
1515 417 135 42 röster,
1678 412 29 36 B
1739 413 73 35 740
1838 417 136 42 röster,

376 462 29 36 C
442 465 71 35 643
547 471 133 42 röster,
729 465 16 36 D
780 465 75 35 420
883 468 121 32 röster
1032 464 71 36 och
1130 463 31 37 E
1190 465 72 35 447
1292 469 135 43 röster,
1455 464 151 36 hvadan
1634 464 45 48 A,
1707 464 44 48 B,
1781 464 29 37 C
1841 464 72 36 och
1942 464 33 36 E

375 519 66 32 äro
469 516 123 37 valda.

504 568 77 49 Jag
614 568 119 49 väljer
761 567 169 37 härefter
958 572 55 31 ett
1040 567 185 49 exempel,
1255 567 68 37 där
1350 567 269 48 fördelningen
1649 567 40 36 af
1712 572 175 32 rösterna
1915 572 60 31 ut-

374 618 111 38 faller
521 619 248 37 annorlunda.
824 619 17 36 I
878 632 48 23 en
957 618 169 38 valkrets
1160 618 106 38 skola
1297 619 161 37 likasom
1485 619 13 36 1
1525 619 104 36 förra
1655 619 108 36 fallet
1791 619 184 37 tillsättas

373 671 24 35 4
426 670 145 49 platser
598 671 72 37 och
698 671 88 37 hela
814 670 144 37 antalet
985 671 150 48 afgifna
1161 676 122 31 röster
1310 673 151 47 uppgår
1487 670 57 37 till
1573 672 125 47 3,000.
1754 671 220 36 Valkvoten

373 727 117 43 utgör
528 723 147 37 således
720 724 82 35 750.
860 722 69 50 Sju
969 723 224 36 kandidater
1233 723 115 36 hafva
1390 723 150 36 erhållit
1580 723 159 36 röstetal
1766 723 59 36 till
1854 723 119 36 första

373 780 165 31 rummet
565 775 12 36 i
605 775 169 49 följande
803 774 182 49 ordning:

622 857 6 6 :
660 828 74 35 810

578 827 52 346 TIPS

661 984 22 33 Oo

688 983 20 35 on

713 982 23 35 Oo

502 1187 288 37 Kandidaterna
823 1186 34 36 A
886 1186 70 36 och
983 1185 29 36 B
1041 1190 65 31 äro
1134 1184 111 37 valda
1271 1184 12 36 i
1312 1184 121 37 första
1459 1184 113 36 hand.
1629 1184 104 36 Hvar
1761 1184 73 37 och
1863 1197 46 24 en
1939 1186 41 35 af

373 1239 47 36 de
462 1240 166 48 valmän,
670 1253 81 23 som
792 1242 155 44 uppsatt
987 1236 34 37 A
1053 1236 13 36 i
1098 1236 120 37 första
1254 1241 177 42 rummet,
1464 1236 58 36 får
1549 1235 121 37 räkna
1697 1236 61 49 sig
1786 1236 59 36 till
1873 1236 101 48 godo

374 1290 84 41 60/s,9
485 1296 91 31 röst.
633 1291 132 38 Under
793 1288 229 50 antagande,
1052 1293 54 31 att
1135 1288 40 36 af
1200 1288 110 37 dessa
1338 1287 153 37 valmän
1520 1289 74 35 600
1622 1287 115 37 hafva
1764 1293 161 44 uppsatt
1944 1288 30 36 C

374 1343 71 36 och
475 1344 73 35 210
578 1343 35 36 G
641 1344 13 35 i
683 1343 118 36 andra
828 1345 175 42 rummet,
1033 1340 160 36 erhåller
1221 1339 159 37 sålunda
1409 1339 29 37 C
1466 1339 225 50 ytterligare
1720 1339 101 41 44"/;
1847 1340 73 36 och
1940 1339 35 37 G

375 1393 99 42 157/,
502 1399 133 32 röster.
691 1394 56 37 De
775 1392 154 37 valmän
957 1395 91 44 åter,
1077 1405 81 23 som
1185 1396 159 45 uppsatt
1370 1391 31 36 B
1425 1392 13 35 i
1464 1392 119 36 första
1606 1396 175 40 rummet,
1802 1391 36 36 få
1857 1392 120 35 räkna

373 1446 62 49 sig
462 1446 161 48 tillgodo
653 1445 84 42 ?”/:so
764 1449 91 32 röst.
910 1443 88 37 Med
1026 1443 228 49 antagande,
1284 1448 55 31 att
1367 1443 42 36 af
1439 1443 107 37 dessa
1574 1443 154 36 valmän
1758 1444 73 36 510
1861 1443 115 48 gifvit

371 1498 34 36 D
439 1498 71 36 och
543 1499 75 35 270
655 1497 114 50 gifvit
800 1496 32 36 E
866 1495 117 37 andra
1009 1500 173 43 rummet,
1212 1494 165 38 erhåller
1403 1495 33 36 D
1464 1495 224 49 ytterligare
1718 1494 129 42 19'"/ss
1877 1500 99 31 samt

371 1549 32 36 E
435 1548 127 42 10775;
591 1555 135 31 röster.
781 1547 211 37 Röstlistan
1018 1547 59 36 får
1100 1547 170 36 härefter
1298 1546 170 49 följande
1495 1546 201 37 utseende:

622 1615 7 22 :
661 1602 74 36 750

660 1654 72 35 750

658 1705 74 35 630
749 1703 39 40 +
805 1704 50 35 44
870 1702 40 41 "/9

658 1757 74 35 350
748 1755 40 40 +
808 1756 45 35 19
871 1753 69 42 '"/s6

621 1822 7 22 :
659 1809 75 35 330
751 1807 39 40 +
808 1807 47 35 10
872 1806 70 41 !/36

682 1861 47 35 63

579 1910 50 38 G:
686 1913 46 34 37
750 1910 164 41 —+15”"/9

498 1963 77 48 Jag
604 1968 160 43 antager
792 1976 51 23 nu
870 1961 144 46 vidare,
1043 1964 55 31 att
1125 1959 41 36 af
1190 1959 47 37 de
1265 1961 46 35 37
1342 1959 164 47 valmän,
1535 1972 82 23 som
1637 1959 13 36 i
1669 1959 119 36 första
1807 1964 168 31 rummet

370 2018 120 32 röstat
517 2018 49 46 på
595 2014 48 48 G,
678 2017 45 34 21
745 2015 115 36 hafva
878 2016 155 47 uppsatt
1051 2011 33 37 D
1105 2011 77 37 och
1197 2012 45 35 16
1262 2011 117 36 hafva
1397 2015 156 45 uppsatt
1570 2011 33 36 E
1622 2007 13 39 i
1655 2011 118 36 andra
1792 2016 182 41 rummet,

370 2066 198 37 äfvensom
597 2071 56 32 att
682 2067 41 36 af
753 2066 47 37 de
829 2067 74 35 210
931 2063 165 48 valmän,
1126 2076 80 23 som
1232 2063 14 36 i
1273 2063 122 36 första
1421 2067 165 32 rummet
1613 2067 158 45 uppsatt
1798 2062 35 37 A
1861 2062 75 37 och
1963 2063 12 35 i

371 2117 117 37 andra
528 2123 166 32 rummet
735 2117 47 49 G,
827 2119 71 35 135
940 2115 116 37 hafva
1096 2114 112 49 gifvit
1250 2114 33 37 D
1325 2114 72 37 och
1426 2116 46 35 75
1501 2114 116 36 hafva
1645 2114 115 48 gifvit
1788 2114 31 36 E
1848 2114 127 49 tredje

369 2174 175 32 rummet.
600 2168 210 38 Röstlistan
837 2170 60 36 får
924 2168 13 37 i
963 2166 95 50 följd
1086 2166 111 37 häraf
1220 2166 171 49 följande
1419 2166 198 37 utseende:

575 2221 51 36 A:
659 2222 73 35 750

575 2272 48 37 B:
655 2274 74 35 750

577 2323 45 38 C:
655 2326 73 35 630
745 2324 39 40 +
799 2326 51 35 44
865 2324 41 41 "/,

576 1757 50 139 av
572 1602 74 132 Oovr
