2184 2638
622 170 367 29 Konstitutionsutskottets
1032 168 137 28 Utlåtande
1192 168 57 27 N:o
1272 169 28 26 5.
1730 164 37 28 21

158 257 115 37 öppna
302 252 133 33 dörrar.
490 251 125 33 Såsom
642 250 135 33 vittnen
805 250 86 32 böra
918 248 122 33 därvid
1060 248 139 41 deltaga
1218 247 42 32 de
1279 257 180 32 personer,
1481 246 212 41 Konungens
1713 245 56 32 be-

157 302 341 42 fallningshafvande
526 301 116 33 därtill
670 301 107 32 utser.

912 433 45 32 56
986 429 32 42 $.

261 519 224 33 Protokollen
521 519 99 32 öfver
655 517 203 41 röstningen
892 516 173 41 granskas
1098 515 88 32 hvar
1218 514 54 32 för
1304 514 64 41 sig,
1398 513 64 32 och
1490 512 136 41 sigillen
1653 513 21 31 å
1701 522 70 22 om-

161 571 113 41 slaget
308 569 52 33 till
401 569 42 32 de
477 569 58 31 vid
571 567 123 42 hvarje
721 566 174 43 protokoll
924 566 125 40 fogade
1074 564 193 33 röstsedlar
1291 563 171 42 jämföras
1490 562 80 33 med
1597 562 43 32 de
1668 561 102 41 sigill,

162 631 77 22 som
267 625 59 27 äro
356 621 19 31 å
402 618 213 43 protokollet
642 617 185 42 aftryckta.
882 616 249 33 Förekommer
1159 614 122 32 därvid
1310 613 29 42 ej
1370 613 114 41 skälig
1503 612 197 40 anledning,
1721 612 52 32 att

162 670 171 41 omslaget
361 669 88 33 efter
480 668 252 41 tillslutningen
759 666 114 33 blifvit
900 665 165 43 öppnadt,
1092 665 120 41 brytes
1240 663 247 42 förseglingen.
1537 662 14 33 I
1579 662 106 33 annat
1712 661 61 33 fall

160 722 136 32 lämnas
337 720 173 41 omslaget
550 718 184 39 orubbadt,
776 717 64 33 och
881 717 43 32 de
965 716 75 33 däri
1080 715 201 33 inneslutna
1320 713 196 34 röstsedlar
1556 712 148 33 inverka
1740 712 30 42 ej

162 773 46 41 på
234 771 105 33 valet.

915 884 42 32 57
989 880 32 42 $.

263 971 37 42 Ej
338 972 58 31 må
430 970 113 33 valets
580 968 198 34 afslutande
813 967 208 43 uppehållas
1057 965 110 40 däraf,
1203 966 51 32 att
1285 964 176 44 protokoll
1488 964 65 33 och
1580 963 195 34 röstsedlar

160 1022 78 34 icke
265 1021 186 33 inkommit
478 1021 79 32 från
584 1019 71 33 alla
680 1018 214 34 valdistrikt.

916 1135 45 33 58
989 1132 33 42 $.

264 1223 95 33 Efter
395 1223 58 32 det
486 1221 241 34 röstsedlarna
753 1220 77 33 från
858 1219 43 33 de
929 1219 176 33 särskilda
1131 1217 246 34 valdistrikten
1405 1216 150 43 öppnats
1583 1214 65 34 och
1675 1224 100 32 gran-

164 1275 110 38 skats,
303 1273 180 33 meddelar
509 1272 215 41 Konungens
752 1269 385 42 befallningshafvande
1165 1269 42 32 de
1228 1268 126 39 beslut,
1375 1266 140 33 hvartill
1534 1265 242 34 röstsedlarna

163 1325 66 33 och
256 1323 221 44 protokollen
504 1324 58 31 må
588 1322 96 42 gifva
711 1321 197 41 anledning.

917 1454 45 32 59
991 1450 33 43 $.

265 1542 129 42 Ogiltig
421 1546 39 28 är
486 1540 189 34 röstsedel:

264 1593 143 33 hvilken
434 1592 76 33 icke
538 1596 39 28 är
603 1590 142 34 försedd
772 1589 81 33 med
881 1589 112 33 sådan
1021 1587 160 43 stämpel,
1211 1597 77 23 som
1315 1586 11 33 i
1355 1586 45 32 45
1430 1582 21 43 $
1479 1590 97 37 sägs;

265 1645 21 31 å
312 1643 144 33 hvilken
482 1640 260 35 understrukits
769 1640 86 33 flera
880 1650 117 29 namn,
1027 1644 45 28 än
1099 1638 95 33 valet
1221 1638 94 32 afser
1341 1637 149 42 platser;

265 1696 22 31 å
313 1693 143 33 hvilken
483 1693 87 32 intet
596 1702 108 22 namn
730 1690 193 39 utmärkts;

265 1746 22 31 å
313 1744 143 33 hvilken
477 1743 132 41 tillagts
634 1742 65 33 och
718 1740 260 34 understrukits
997 1739 107 42 något
1122 1748 117 29 namn,
1260 1748 77 23 som
1357 1737 29 42 ej
1408 1742 39 28 är
1466 1739 21 31 å
1505 1736 120 33 sedeln
1643 1735 133 42 tryckt;

266 1796 21 32 å
313 1794 144 33 hvilken
483 1795 46 41 på
556 1793 108 33 annat
691 1793 80 39 sätt,
801 1796 45 28 än
874 1791 46 32 46
949 1787 22 43 $
999 1790 168 42 angifver,
1196 1788 175 33 utmärkts
1399 1788 90 32 huru
1517 1787 67 33 den
1611 1786 166 33 röstande

163 1846 97 33 velat
285 1846 115 37 rösta;

266 1897 21 32 å
313 1895 143 33 hvilken
482 1894 111 33 finnes
616 1894 108 41 något
742 1892 253 39 kännetecken,
1016 1901 76 23 som
1111 1890 70 33 kan
1200 1890 147 41 antagas
1367 1899 87 23 vara
1473 1888 37 34 af
1526 1888 67 33 den
1611 1887 167 34 röstande

162 1947 81 33 med
271 1946 108 33 afsikt
406 1946 63 33 där
496 1945 160 42 anbragt.

920 2061 45 32 60
994 2056 32 44 $.

263 2165 67 34 För
353 2163 360 42 sammanräkningen
739 2163 88 33 böra
854 2162 43 33 de
924 2161 121 42 giltiga
1071 2158 242 35 röstsedlarna
1340 2158 129 33 ordnas
1488 2158 11 32 i
1517 2167 156 33 grupper
1692 2156 89 34 efter

165 2216 132 34 antalet
323 2216 39 33 af
387 2216 43 32 de
458 2217 21 31 å
505 2214 123 43 hvarje
656 2213 98 34 sedel
781 2212 125 44 gjorda
932 2209 460 43 namnunderstrykningar.
