2226 2636
423 181 41 31 58
817 181 402 33 Konstitutionsutskottets
1246 182 170 33 Utlåtande
1439 183 63 32 N:o
1525 185 30 30 5.

511 415 69 34 1:o.o
634 413 220 50 Riksdagen
898 436 44 4 —
1009 436 24 5 S
1092 436 109 5 S—
1236 437 602 7 Sr
1800 409 42 60 -
1870 422 105 45 Sägs.

509 468 70 33 2:o.
634 465 218 49 Riksdagen
894 471 72 44 äge
1007 472 238 42 gemensamt
1298 489 26 5 —
1371 490 34 4 —
1447 489 36 5 —
1523 490 36 5 —
1599 491 36 3 —
1675 491 41 4 —
1745 470 229 48 antagande.

510 519 70 34 3:o.
635 517 221 48 Riksdagen
884 522 73 44 äge
986 518 115 36 äfven
1128 524 239 43 gemensamt
1399 519 89 37 med
1519 520 220 49 Konungen
1759 521 117 48 stifta,
1896 521 84 37 för-

378 569 128 47 ändra,
535 568 168 37 förklara
732 569 90 36 eller
848 569 197 50 upphäfva
1072 570 64 49 lag
1164 583 61 23 om
1253 571 62 36 val
1343 570 58 37 till
1429 571 279 49 riksdagsmän.

954 776 446 52 Riksdagsordningen.

1128 897 21 50 8
1180 900 32 34 6.

507 983 30 34 1.
592 981 137 37 Första
756 981 249 37 Kammarens
1032 982 208 38 ledamöter
1268 983 106 37 skola
1401 983 57 36 till
1487 989 54 31 ett
1570 984 102 37 antal
1692 985 41 36 af
1749 985 230 37 etthundra--

375 1032 133 37 femtio
536 1033 121 49 väljas
685 1033 60 36 för
773 1046 47 24 en
848 1033 54 37 tid
927 1033 42 37 af
992 1034 63 36 nio
1081 1037 51 45 år,
1153 1034 168 38 räknade
1344 1035 86 37 från
1450 1035 71 37 och
1540 1036 86 36 med
1640 1037 154 49 januari
1814 1038 159 36 månads

374 1083 138 50 början
542 1087 80 34 året
649 1089 87 32 näst
765 1085 95 36 efter
888 1085 75 48 det,
992 1086 121 36 under
1139 1086 147 37 hvilket
1313 1087 102 37 valet
1443 1086 113 38 skett.

506 1138 33 34 2.
594 1136 124 37 Hvart
759 1137 70 36 och
864 1142 53 31 ett
946 1137 42 37 af
1012 1137 119 38 rikets
1158 1139 75 46 län,
1262 1139 58 36 till
1347 1139 130 36 hvilka
1505 1139 12 36 i
1546 1138 110 50 fråga
1686 1153 61 23 om
1774 1140 195 50 riksdags-

375 1188 203 36 mannaval
616 1187 239 38 Stockholms
888 1189 85 37 stad
1002 1193 41 32 är
1071 1194 55 32 att
1153 1190 171 48 hänföra,
1353 1196 116 44 utgör
1496 1191 85 36 med
1608 1191 198 50 undantag
1833 1192 60 36 för
1921 1193 47 36 de

373 1239 81 48 fall,
483 1240 159 36 hvarom
670 1240 126 37 nedan
822 1241 192 47 förmäles,
1044 1254 48 23 en
1119 1242 178 36 valkrets.

505 1294 34 34 3.
596 1291 102 49 Stad,
741 1292 113 37 hvars
894 1293 227 49 folkmängd
1162 1294 65 36 vid
1268 1294 135 49 början
1446 1294 41 36 af
1517 1295 153 36 åttonde
1699 1298 82 33 året
1808 1295 82 37 före
1919 1308 47 23 en

373 1343 263 49 nioårsperiod
672 1344 103 37 inom
818 1344 70 37 den
930 1345 181 48 valkrets,
1148 1345 57 36 till
1235 1345 155 37 hvilken
1419 1346 133 36 staden
1580 1346 122 48 hörer,
1731 1349 150 47 uppgår
1908 1346 59 37 till

374 1395 92 37 eller
499 1395 230 49 öfverstiger
756 1401 56 31 tre
840 1396 522 38 etthundrafemtiondedelar
1390 1398 41 35 af
1454 1397 119 37 rikets
1601 1398 238 49 folkmängd,
1869 1398 98 37 skall

373 1447 86 37 från
488 1446 70 37 och
585 1447 87 36 med
700 1447 125 37 denna
852 1447 260 50 nioårsperiod
1140 1453 140 45 utgöra
1308 1462 48 23 en
1384 1449 162 37 särskild
1564 1450 180 36 valkrets.
1788 1451 179 36 Inträffar

373 1499 226 46 sedermera,
636 1504 55 31 att
719 1499 276 49 folkmängden
1023 1500 65 36 vid
1115 1500 131 49 början
1278 1501 41 36 af
1344 1501 156 37 åttonde
1530 1504 80 33 året
1637 1502 81 36 före
1747 1515 47 23 en
1822 1502 152 37 nioårs--

372 1550 134 50 period
534 1550 12 36 i
573 1550 117 36 sådan
719 1550 84 37 stad
831 1552 33 47 ej
894 1551 135 49 längre
1056 1555 149 46 uppgår
1232 1551 58 37 till
1318 1566 47 23 en
1394 1552 261 38 sextiondedel
1675 1554 41 36 af
1731 1553 117 37 rikets
1868 1554 98 36 folk-

372 1602 155 49 mängd,
557 1601 95 37 skall
680 1602 73 36 den
782 1603 82 36 stad
891 1602 82 37 icke
1003 1602 129 37 vidare
1160 1603 102 36 bilda
1291 1616 99 36 egen
1417 1604 180 37 valkrets.

502 1656 35 34 4.
593 1653 77 37 Där
711 1658 55 32 ett
806 1654 63 36 län
910 1655 104 47 eller,
1045 1668 59 23 om
1134 1668 47 23 en
1209 1655 92 37 eller
1328 1655 91 37 flera
1448 1656 42 36 af
1514 1661 55 31 ett
1596 1656 82 37 läns
1707 1657 128 36 städer
1862 1657 102 36 bilda

372 1718 100 36 egna
512 1705 224 48 valkretsar,
778 1705 123 49 öfriga
937 1706 113 37 delen
1079 1707 41 35 af
1144 1706 134 37 sådant
1305 1707 63 36 län
1396 1707 59 36 till
1483 1708 94 49 följd
1607 1708 40 36 af
1672 1708 183 37 särskilda
1883 1722 81 23 om-

373 1757 276 48 ständigheter,
688 1760 125 33 såsom
854 1757 295 50 folkmängdens
1184 1758 143 37 storlek
1355 1759 93 36 eller
1475 1759 488 48 samfärdsförhållandena,

371 1809 122 36 finnes
535 1808 211 50 lämpligen
786 1809 91 37 böra
918 1810 115 47 delas,
1067 1813 61 33 må
1156 1810 124 49 dylikt
1307 1810 61 37 län
1398 1811 92 36 eller
1518 1811 106 49 dylik
1651 1811 147 37 länsdel
1825 1817 138 43 utgöra

369 1860 117 49 högst
512 1863 66 34 två
606 1861 222 36 valkretsar.

501 1914 32 35 5.
590 1912 133 37 Rikets
764 1912 199 50 indelning
1004 1913 12 36 1
1058 1914 211 37 valkretsar
1304 1913 213 38 innehålles
1544 1914 12 36 i
1584 1914 113 49 lagen
1725 1928 60 23 om
1814 1914 62 37 val
1903 1915 59 36 till

369 1964 280 49 riksdagsmän.

1126 2085 20 50 8
1176 2088 31 34 7.

500 2172 32 34 1.
588 2170 109 37 Inom
725 2170 132 50 hvarje
884 2170 169 37 valkrets
1081 2170 132 50 väljes,
1243 2171 98 37 efter
1367 2172 276 49 folkmängden
1671 2173 63 36 vid
1762 2173 133 49 början
1925 2173 50 36 af

369 2224 80 34 året
478 2225 87 33 näst
592 2222 81 36 före
701 2222 74 37 den
803 2222 272 49 nioårsperiod,
1095 2223 58 36 för
1172 2223 156 37 hvilken
1346 2224 103 37 valet
1467 2224 102 37 inom
1589 2224 218 37 valkretsen
1826 2224 135 49 gäller,

368 2286 47 24 en
452 2272 267 50 riksdagsman
751 2273 60 38 för
838 2274 133 49 hvarje
1000 2273 87 37 fullt
1113 2275 65 48 tal,
1208 2276 267 37 motsvarande
1504 2289 48 24 en
1579 2275 386 38 etthundrafemtion-
