1882 2790
460 172 411 39 Bevillningsutskottets
892 172 220 30 betänkande
1131 182 43 19 nr
1192 172 52 29 65.
1576 172 39 30 47

95 260 50 28 att
166 259 41 29 de
226 258 78 30 icke
324 258 190 40 lämpligen
536 257 108 30 borde
665 257 95 39 givas
781 257 164 39 förlängd
966 256 241 40 giltighetstid.
1241 251 17 51 ÅA
1276 256 111 29 andra
1410 255 102 30 sidan
1532 264 82 21 vore

94 309 58 29 det
167 308 199 40 uppenbart
383 310 51 28 att
450 308 123 30 kravet
589 308 46 39 på
651 307 479 39 investeringsbegränsande
1149 306 163 39 åtgärder
1329 307 11 28 i
1359 306 66 29 den
1444 306 169 38 riktning,

95 368 76 21 som
191 368 83 20 man
297 360 113 28 avsett
432 360 51 28 att
504 358 86 30 ernå
610 358 80 29 med
710 357 389 39 investeringsskatten,
1122 357 11 29 i
1156 357 205 29 nuvarande
1382 355 233 30 ekonomiska

94 410 75 39 läge
189 409 195 30 framstode
404 409 80 30 med
504 410 79 28 rent
604 417 43 21 av
666 409 92 29 ökad
779 408 133 39 styrka.
934 408 66 29 Det
1021 416 80 21 vore
1122 407 145 30 särskilt
1287 407 181 39 angeläget
1488 408 53 28 att
1561 408 54 27 ut-

94 460 116 30 forma
232 459 315 30 bestämmelserna
571 459 39 29 så
633 460 51 28 att
707 458 501 39 investeringsbenägenheten
1231 458 11 29 i
1268 457 95 30 olika
1387 457 227 29 hänseenden

94 511 79 29 med
192 510 111 30 större
321 510 97 29 kraft
436 510 64 30 och
519 519 98 20 mera
637 509 115 30 direkt
769 509 204 39 dämpades.
993 508 380 39 Investeringsskatten
1393 509 118 37 syntes
1529 507 86 30 böra

94 562 149 28 ersättas
261 569 44 21 av
322 569 43 20 en
383 559 154 31 särskild
552 559 359 39 investeringsavgift,
930 568 76 21 som
1025 559 11 29 i
1055 559 129 29 största
1202 557 147 40 möjliga
1367 557 248 39 utsträckning

93 611 155 30 träffade
277 610 155 30 flertalet
460 610 163 30 enskilda
649 609 257 40 investeringar
935 610 65 29 och
1029 609 120 30 därför
1178 608 196 30 omfattade
1403 608 211 40 exempelvis

92 661 216 30 inventarier
325 661 65 30 och
406 661 213 39 byggnader.
637 660 131 30 Genom
786 669 44 20 en
849 660 98 39 dylik
966 659 150 40 generell
1134 658 110 39 avgift
1262 658 145 39 avsåges
1425 660 52 28 att
1494 658 122 40 uppnå

94 721 43 20 en
155 711 313 30 kostnadsökande
487 710 123 34 effekt,
632 719 76 21 som
726 719 82 21 vore
828 719 42 21 av
888 710 12 29 i
920 710 189 29 huvudsak
1128 718 138 21 samma
1284 709 172 29 innebörd
1475 717 78 21 som
1572 718 43 20 en

94 762 132 30 allmän
249 761 254 40 räntehöjning
526 761 66 29 och
616 770 75 20 som
717 761 120 29 kunde
861 760 174 30 beräknas
1061 759 161 30 medföra
1246 769 44 20 en
1315 759 191 39 utgallring
1531 759 85 29 eller

94 814 49 28 ett
166 812 268 40 uppskjutande
454 821 45 20 av
519 812 139 29 mindre
679 811 163 30 räntabla
863 811 266 38 investeringar.

139 862 399 41 Departementschefen
564 862 65 29 har
654 862 120 29 vidare
800 861 198 30 framhållit
1025 863 51 27 att
1103 860 176 30 särskilda
1305 860 162 39 åtgärder
1495 861 120 38 syntes

94 913 230 39 erforderliga
344 913 134 39 jämväl
499 912 56 30 för
577 914 51 28 att
648 912 173 39 begränsa
842 911 256 39 investeringar
1118 911 11 29 i
1150 911 196 38 varulager.
1368 910 104 30 Detta
1495 911 120 38 syntes

94 964 85 29 böra
196 964 61 29 ske
274 971 127 31 genom
417 962 266 30 bestämmelser
700 962 181 39 angående
898 961 187 40 värdering
1102 970 43 21 av
1162 961 186 39 varulager
1364 961 59 30 vid
1442 960 174 30 inkomst-

93 1014 216 39 taxeringen,
328 1013 187 39 åsyftande
532 1022 43 20 en
592 1012 154 39 tillfällig
763 1012 265 39 inskränkning
1043 1021 43 20 av
1101 1012 117 29 rätten
1236 1013 52 28 att
1307 1011 190 30 nedskriva
1513 1020 103 20 varu-

94 1064 95 39 lager
209 1064 59 30 vid
290 1063 240 40 lagerökning.

140 1115 113 30 Sedan
279 1115 10 29 i
317 1113 266 41 propositionen
610 1113 150 29 erinrats
788 1122 58 20 om
871 1112 149 40 tidigare
1047 1112 124 39 gjorda
1197 1112 210 29 uttalanden
1433 1111 182 39 angående

94 1165 300 39 angelägenheten
414 1173 42 21 av
475 1164 163 39 åtgärder
656 1163 11 29 i
685 1163 92 39 syfte
797 1164 51 28 att
867 1163 218 40 uppmuntra
1104 1163 57 29 det
1180 1161 169 39 frivilliga
1368 1162 65 30 och
1452 1161 163 30 enskilda

95 1215 199 40 sparandet,
314 1215 208 29 omnämnes
540 1215 51 29 att
608 1214 96 29 inom
722 1213 402 40 finansdepartementet
1143 1212 204 31 verkställts
1365 1221 44 21 en
1425 1212 191 39 utredning

97 1268 9 28 i
127 1268 128 32 ämnet,
275 1267 119 29 vilken
414 1265 188 30 resulterat
620 1265 11 28 i
650 1267 48 27 ett
718 1265 133 39 förslag
870 1264 53 29 till
945 1263 330 40 skattepremiering
1296 1274 42 20 av
1357 1263 160 40 frivilligt
1539 1273 76 30 spa-

94 1316 109 29 rande
228 1316 113 29 under
368 1315 38 30 år
435 1315 95 30 1952.
557 1315 118 38 Enligt
701 1314 169 39 förslaget
897 1314 114 29 skulle
1039 1313 238 39 skattskyldig
1302 1313 81 30 med
1408 1313 208 40 preliminär

94 1366 151 34 A-skatt,
268 1374 77 21 som
366 1365 185 30 verkställt
572 1364 197 39 insättning
791 1364 20 30 å
833 1364 322 39 skattesparkonto,
1178 1364 114 29 under
1313 1363 95 30 vissa
1431 1363 184 30 förutsätt-

94 1416 126 39 ningar
240 1416 134 29 erhålla
393 1416 70 29 viss
483 1416 165 28 närmare
667 1415 150 38 angiven
836 1413 228 40 nedsättning
1083 1423 44 21 av
1144 1414 314 29 inkomstskatten.
1480 1413 136 30 Skatte-

94 1466 274 39 nedsättningen
389 1465 113 30 skulle
525 1464 222 41 preliminärt
770 1465 145 29 komma
936 1465 67 29 den
1025 1464 257 39 skattskyldige
1304 1464 53 29 till
1379 1464 88 39 godo
1489 1471 127 31 genom

94 1526 43 20 en
156 1516 209 39 minskning
382 1525 43 20 av
445 1515 227 30 källskatten.
692 1515 68 29 För
781 1516 51 28 att
852 1515 67 29 den
939 1514 257 39 skattskyldige
1217 1514 137 38 slutligt
1374 1514 113 29 skulle
1509 1513 37 30 få
1565 1514 50 29 åt-

94 1567 103 39 njuta
217 1566 392 38 skattenedsättningen
628 1565 115 30 skulle
763 1564 246 40 sparbeloppet
1027 1564 141 29 innestå
1187 1564 21 30 å
1228 1564 313 39 skattesparkonto
1562 1564 53 29 till

94 1618 178 38 utgången
297 1626 43 21 av
362 1616 39 30 år
426 1616 96 30 1956.
547 1616 14 29 I
585 1615 267 40 propositionen
874 1615 170 39 tillägges,
1068 1616 52 28 att
1142 1614 58 30 vid
1225 1614 391 39 remissbehandlingen

94 1668 90 29 hade
202 1677 84 20 man
306 1667 148 30 allmänt
474 1666 97 30 ställt
591 1666 51 39 sig
662 1666 161 29 tveksam
841 1665 54 30 till
916 1666 65 29 och
999 1665 11 29 i
1031 1665 177 38 åtskilliga
1229 1664 63 30 fall
1312 1665 160 38 avstyrkt
1492 1666 49 28 ett
1561 1672 55 31 ge-

94 1717 234 30 nomförande
349 1726 43 21 av
412 1717 179 38 förslaget,
613 1716 123 30 därvid
758 1716 145 29 särskilt
923 1715 161 30 betonats
1106 1716 41 29 de
1168 1715 286 29 administrativa
1477 1715 139 39 olägen-

95 1769 107 33 heter,
229 1777 76 20 som
330 1777 81 20 vore
435 1767 204 29 förbundna
664 1767 80 29 med
769 1766 68 29 den
861 1765 230 39 erforderliga
1115 1765 201 30 kontrollen
1341 1775 44 20 av
1408 1767 52 27 att
1485 1765 130 29 skatte-

94 1819 259 39 premieringen
375 1817 115 30 skulle
510 1817 144 29 komma
676 1816 241 39 nysparandet
938 1816 53 29 till
1012 1816 98 38 godo.
1131 1816 80 29 Med
1231 1816 141 38 hänsyn
1394 1816 119 29 därtill
1533 1825 82 20 vore

95 1867 390 41 departementschefen
500 1867 78 29 icke
594 1867 129 29 beredd
741 1868 51 27 att
809 1866 196 39 framlägga
1023 1865 131 39 förslag
1169 1866 11 28 i
1198 1866 120 28 ämnet
1335 1866 54 29 till
1406 1865 209 39 riksdagens

94 1919 219 30 höstsession
329 1919 88 28 utan
433 1917 145 30 ärendet
594 1916 106 30 borde
718 1916 48 29 bli
783 1916 150 29 föremål
951 1916 55 29 för
1024 1915 166 30 fortsatta
1207 1916 278 38 överväganden.

140 1967 398 39 Sammanfattningsvis
558 1967 65 29 har
643 1966 154 30 därefter
818 1966 226 34 framhållits,
1065 1967 51 28 att
1137 1974 56 20 om
1214 1966 68 29 den
1304 1966 232 29 ekonomiska
1556 1974 60 31 po-

95 2020 142 29 litikens
258 2018 114 30 medel
392 2017 189 30 bedömdes
601 2016 136 30 utifrån
757 2017 58 29 det
836 2017 85 38 läge,
944 2025 75 20 som
1039 2016 108 29 rådde
1167 2016 58 29 vid
1247 2016 68 29 den
1334 2015 215 40 tidpunkten
1571 2016 45 29 då

95 2069 265 40 propositionen
385 2077 81 21 vore
492 2067 230 39 dagtecknad,
750 2066 120 29 kunde
895 2065 227 40 riktlinjerna
1147 2066 55 29 för
1229 2066 116 29 denna
1370 2066 127 39 politik
1525 2075 91 20 sam-

95 2119 193 30 manfattas
308 2119 45 39 på
373 2118 159 38 följande
552 2118 84 28 sätt:
659 2117 143 29 fortsatt
821 2116 371 39 byggnadsreglering;
1213 2116 403 39 investeringsbegräns-

95 2170 84 38 ning
200 2177 124 31 genom
342 2167 333 39 investeringsskatt
695 2166 198 40 respektive
912 2166 362 38 investeringsavgift;
1298 2167 145 38 skärpta
1465 2166 151 29 bestäm-

96 2220 126 29 melser
245 2219 180 38 angående
448 2217 420 38 varulagervärderingen
889 2216 58 29 vid
973 2216 83 29 1953
1080 2216 65 29 och
1173 2216 84 29 1954
1281 2216 58 29 års
1362 2216 254 29 inkomsttaxe-

95 2270 134 38 ringar;
254 2269 113 29 ökade
389 2266 451 41 prisutjämningsavgifter
865 2266 57 29 vid
946 2267 122 37 export
1091 2275 42 19 av
1156 2266 460 38 skogsindustriprodukter

96 2322 166 28 ävensom
280 2317 189 30 eventuellt
486 2316 188 30 införande
692 2325 42 20 av
752 2314 275 40 exportavgifter
1043 2315 97 29 inom
1159 2316 112 28 andra
1290 2323 125 30 grenar
1432 2325 43 19 av
1493 2325 123 30 expor-

95 2373 74 32 ten;
193 2368 223 39 lagstiftning
438 2376 56 20 om
516 2366 187 29 skattefria
726 2365 243 38 avsättningar
992 2365 52 28 till
1066 2365 346 38 investeringskonto
1434 2365 55 29 för
1511 2366 102 38 skog;

96 2417 359 40 kreditbegränsande
474 2415 283 41 penningpolitik
776 2416 92 28 samt
886 2414 235 39 åtstramning
1140 2424 42 20 av
1201 2415 306 39 kreditgivningen
1528 2417 87 28 utan

96 2469 231 39 övergivande
345 2477 42 20 av
406 2465 330 40 lågräntepolitiken
757 2465 64 29 och
840 2465 442 39 beredskapslagstiftning
1301 2465 179 39 angående
1500 2467 116 28 ränte-
