1858 2786
259 172 40 31 16
622 175 410 40 Bevillningsutskottets
1052 177 221 31 betänkande
1295 188 44 20 nr
1359 179 52 30 65.

304 256 52 30 Då
378 256 253 41 förordningen
653 268 57 20 om
732 258 330 41 investeringsskatt
1085 263 38 28 är
1145 261 127 39 ettårig
1295 262 54 30 får
1371 263 67 29 den
1460 264 171 29 inverkan
1654 266 125 29 endast

260 298 20 30 å
302 298 253 41 investeringar
578 301 112 30 under
713 302 322 40 beskattningsåret
1060 304 94 29 1951.
1180 304 110 30 Såvitt
1313 314 47 20 nu
1385 305 70 29 kan
1477 306 178 35 bedömas,
1679 308 100 29 torde

260 340 57 30 det
336 342 193 30 emellertid
548 344 87 28 även
655 344 113 29 under
787 344 294 31 nästkommande
1101 345 38 30 år
1158 346 48 29 bli
1226 347 216 39 nödvändigt
1462 350 50 28 att
1532 348 154 41 tillgripa
1706 351 73 28 sär-

259 383 115 30 skilda
396 383 162 40 åtgärder
579 384 11 29 i
613 385 92 39 syfte
727 388 51 28 att
800 386 169 39 begränsa
991 387 314 40 investeringarna.

304 425 266 40 Förordningen
596 436 57 20 om
680 427 331 40 investeringsskatt
1039 431 38 28 är
1104 430 39 29 så
1171 430 191 35 utformad,
1391 433 50 28 att
1469 433 67 29 den
1563 432 77 31 icke
1668 434 110 39 lämp-

259 466 93 39 ligen
378 468 63 29 bör
469 467 94 40 givas
592 469 164 40 förlängd
785 470 239 40 giltighetstid.
1054 471 98 30 Inom
1180 472 401 40 finansdepartementet
1608 476 64 29 har
1701 477 78 29 där-

259 508 54 31 för
338 509 125 39 frågan
488 519 56 21 om
567 510 212 40 vidtagande
802 522 42 20 av
868 513 174 30 särskilda
1067 514 173 39 åtgärder,
1266 515 163 39 syftande
1454 517 52 29 till
1531 519 50 28 att
1605 518 172 39 begränsa

257 550 78 31 icke
352 552 199 31 önskvärda
569 552 256 41 investeringar
842 555 112 30 under
972 555 39 30 år
1030 556 83 29 1952
1130 557 66 29 och
1216 558 188 29 eventuellt
1423 558 157 40 följande
1598 560 48 34 år,
1665 560 112 39 gjorts

258 593 52 29 till
335 592 148 32 föremål
508 595 55 30 för
587 605 43 20 en
655 595 254 32 förberedande
934 598 276 40 undersökning.
1237 599 130 31 Därvid
1392 600 65 33 bar
1482 602 181 39 övervägts
1687 603 92 39 möj-

258 634 152 39 ligheten
434 638 51 29 att
507 636 11 29 i
541 638 477 40 investeringsbegränsande
1043 640 90 39 syfte
1157 641 148 39 pålägga
1329 652 42 19 en
1395 642 152 31 särskild
1572 644 119 39 avgift,
1716 645 62 29 vil-

258 676 67 31 ken
349 678 113 30 skulle
485 679 83 39 utgå
590 681 80 29 med
692 681 71 29 viss
786 683 143 37 procent
952 691 43 20 av
1018 682 239 31 kostnaderna
1281 684 55 29 för
1359 685 41 29 de
1422 684 255 41 investeringar
1701 696 76 21 som

258 719 208 31 verkställas
491 722 110 29 under
625 722 38 30 år
690 723 84 29 1952
799 724 63 28 och
886 725 188 29 eventuellt
1098 725 40 29 de
1164 725 158 39 följande
1346 726 47 35 år,
1419 727 44 30 då
1486 728 291 40 investeringsbe-

257 762 198 37 gränsande
472 763 162 39 åtgärder
651 774 104 20 anses
773 766 231 39 nödvändiga.
1024 767 123 30 Denna
1165 767 345 41 investeringsavgift
1528 770 113 30 skulle
1660 772 84 38 utgå
1757 771 20 30 å

257 803 256 41 investeringar
541 805 11 29 i
580 806 203 39 byggnader
810 825 44 3 —
882 810 134 28 oavsett
1045 818 57 20 om
1131 809 99 40 fråga
1261 812 38 28 är
1327 820 58 20 om
1414 812 249 39 nybyggnader
1693 814 83 29 eller

256 847 241 37 reparationer
521 865 44 3 —
590 850 92 27 samt
708 849 20 29 å
752 849 255 40 investeringar
1032 851 11 29 i
1069 851 180 31 maskiner
1276 853 82 29 eller
1384 855 110 29 andra
1522 854 54 30 för
1602 855 175 40 stadigva-

256 888 108 29 rande
384 889 92 29 bruk
496 890 151 30 avsedda
667 890 213 31 inventarier
901 894 91 28 samt
1012 894 193 39 varulager.

302 929 205 31 Införandet
529 941 42 20 av
594 942 42 20 en
658 932 347 41 investeringsavgift
1028 945 41 20 av
1092 945 47 20 nu
1163 937 133 38 antydd
1321 940 53 27 art
1398 938 233 32 aktualiserar
1655 940 122 29 åtskil-

256 971 69 39 liga
355 973 230 39 detaljfrågor
614 984 43 20 av
686 975 109 30 delvis
824 976 239 39 komplicerad
1093 980 115 28 natur.
1240 979 52 29 En
1322 981 162 29 närmare
1515 982 190 39 utredning
1734 992 41 21 av

255 1014 361 40 problemkomplexet
642 1018 38 28 är
707 1017 121 30 därför
853 1018 216 40 erforderlig.
1096 1020 124 30 Denna
1246 1021 188 41 utredning
1460 1024 99 29 torde
1585 1024 191 40 lämpligen

256 1055 85 31 böra
368 1057 208 31 verkställas
604 1058 97 30 inom
731 1060 398 40 finansdepartementet
1157 1064 80 29 med
1265 1063 135 31 biträde
1429 1074 42 20 av
1499 1066 58 29 två
1585 1066 55 30 för
1668 1068 108 29 ända-

255 1097 106 31 målet
384 1099 194 31 tillkallade
600 1101 236 39 sakkunniga,
859 1102 13 29 I
896 1103 66 30 den
986 1103 83 30 mån
1091 1104 176 31 särskilda
1290 1106 150 30 direktiv
1463 1107 55 30 för
1541 1108 234 40 utredningen

255 1139 163 31 befinnas
444 1141 238 41 erforderliga,
710 1144 98 29 torde
834 1145 56 29 det
917 1145 35 30 få
978 1146 190 30 ankomma
1193 1147 45 39 på
1264 1148 124 30 chefen
1414 1149 55 30 för
1495 1149 280 41 finansdeparte-

256 1185 131 27 mentet
417 1185 50 28 att
497 1185 158 30 meddela
686 1186 120 38 dylika
834 1187 161 29 direktiv.
1026 1188 240 40 Utredningen
1295 1190 62 30 bör
1386 1191 160 30 bedrivas
1577 1192 38 30 så
1645 1194 130 38 skynd-

256 1227 92 27 samt
366 1227 50 28 att
435 1225 132 41 förslag
584 1226 11 29 i
615 1228 119 29 ämnet
753 1228 70 30 kan
843 1228 195 41 föreläggas
1057 1231 190 39 riksdagen
1265 1232 58 30 vid
1343 1234 78 29 dess
1440 1234 218 30 höstsession
1678 1235 97 30 inne-

256 1267 152 29 varande
433 1267 48 30 år.

300 1308 50 30 Av
371 1310 179 40 synnerlig
570 1310 74 31 vikt
665 1313 39 28 är
725 1315 51 27 att
796 1313 41 29 de
858 1312 181 32 tilltänkta
1058 1315 314 32 bestämmelserna
1394 1318 34 29 få
1450 1319 171 30 inverkan
1640 1320 133 39 jämväl

255 1349 20 30 å
294 1352 41 29 de
354 1351 264 41 investeringar,
639 1362 76 21 som
735 1355 162 39 planeras
917 1357 64 28 och
1001 1357 223 31 beträffande
1244 1359 94 30 vilka
1357 1360 252 40 beställningar
1629 1363 61 29 ske
1711 1372 63 20 un-

255 1393 61 30 der
336 1392 237 32 innevarande
594 1395 49 30 år.
665 1397 66 29 Det
752 1397 62 29 bör
835 1397 120 30 därför
975 1399 77 29 icke
1073 1399 259 40 ifrågakomma
1353 1404 50 28 att
1425 1402 80 30 från
1527 1404 247 40 investerings-

254 1434 110 39 avgift
385 1436 201 40 undantaga
608 1438 112 30 andra
740 1438 52 30 till
813 1439 38 30 år
873 1440 83 29 1952
977 1441 200 40 hänförliga
1197 1442 256 42 investeringar
1473 1447 55 33 än,
1549 1446 224 31 beträffande

253 1475 211 40 byggnader,
492 1478 132 30 sådana
650 1480 64 29 där
738 1481 239 40 vederbörliga
1003 1482 159 32 tillstånd
1189 1485 158 30 erhållits
1374 1487 64 29 och
1464 1488 165 31 arbetena
1655 1489 119 40 igång-

255 1521 87 27 satts
373 1520 75 29 före
478 1521 66 29 den
574 1522 168 39 tidpunkt
773 1523 42 30 då
845 1524 66 29 den
940 1525 189 39 planerade
1160 1527 268 41 lagstiftningen
1457 1529 99 31 blivit
1586 1540 96 21 mera
1712 1533 62 28 all-

253 1562 99 28 mänt
375 1561 95 31 känd
500 1563 47 32 (d.
571 1573 29 20 v.
625 1573 26 20 s.
676 1564 44 30 då
743 1565 238 31 allmänheten
1005 1568 138 30 erhållit
1167 1569 202 31 kännedom
1392 1580 56 20 om
1472 1572 235 31 tillkallandet
1731 1584 42 20 av

254 1603 42 29 de
326 1603 268 39 ifrågavarande
626 1606 242 41 sakkunniga)
904 1611 101 32 samt,
1036 1610 224 31 beträffande
1291 1612 223 36 inventarier,
1546 1615 132 31 sådana
1710 1617 63 29 där

253 1644 177 32 bindande
453 1648 93 29 avtal
570 1657 57 20 om
651 1648 158 31 leverans
834 1650 142 30 träffats
1001 1651 73 30 före
1097 1654 157 29 nämnda
1277 1654 168 40 tidpunkt
1469 1657 64 29 och
1558 1657 62 29 där
1644 1659 129 29 avtalet

252 1686 78 31 icke
352 1688 70 29 kan
445 1688 108 30 hävas
576 1691 86 28 utan
685 1693 51 27 att
760 1691 154 40 köparen
937 1694 150 29 drabbas
1110 1704 41 20 av
1175 1692 403 50 skadeståndsanspråk.

297 1753 48 30 På
372 1754 123 30 därom
524 1755 101 39 gjord
654 1757 213 31 hemställan
896 1759 112 30 erhöll
1036 1760 390 40 departementschefen
1455 1766 222 31 sistnämnda
1705 1768 68 38 dag

250 1803 281 40 bemyndigande
551 1808 50 27 att
621 1807 152 30 tillkalla
793 1809 57 29 två
870 1810 225 40 sakkunniga
1114 1814 51 27 att
1185 1813 97 29 inom
1303 1814 401 41 finansdepartementet
1724 1818 49 29 bi-

250 1854 102 29 träda
380 1855 80 29 med
489 1857 189 39 utredning
707 1859 180 38 angående
916 1860 126 39 frågan
1072 1870 56 21 om
1158 1872 43 20 en
1231 1865 153 29 särskild
1414 1861 356 50 investeringsavgift.

249 1903 398 40 Departementschefen
671 1908 195 30 tillkallade
891 1919 136 21 samma
1052 1912 66 39 dag
1143 1914 412 38 taxeringsintendenten
1580 1918 37 32 E.
1643 1919 129 29 Annell

249 1954 66 29 och
341 1954 109 30 förste
473 1957 339 39 taxeringsrevisorn
833 1960 32 31 S.
887 1961 152 30 Lundell
1060 1964 50 28 att
1132 1964 191 31 verkställa
1348 1967 156 30 nämnda
1526 1965 199 47 utredning.

297 2004 49 31 De
370 2006 223 41 sakkunniga
618 2008 54 34 ha,
698 2009 52 30 till
775 2010 221 39 fullgörande
1020 2022 42 20 av
1085 2014 416 43 utredningsuppdraget,
1526 2020 179 30 avlämnat
1729 2030 42 20 en

253 2054 66 30 den
339 2056 18 29 6
377 2057 195 38 september
594 2058 80 30 1951
697 2060 219 38 dagtecknad
935 2063 36 28 P.
991 2063 44 29 MM.
1055 2064 179 38 angående
1255 2067 189 38 uttagande
1463 2078 43 20 av
1526 2069 246 40 inveslerings-

249 2105 112 39 avgift
385 2107 80 28 med
491 2107 123 30 därvid
640 2109 126 39 fogade
793 2110 375 42 författningsförslag.
1195 2115 425 43 Författningsförslagen
1646 2121 45 29 ha
1718 2122 54 29 så-

249 2164 75 20 som
344 2156 137 40 Bihang
500 2157 114 39 fogats
633 2159 58 29 vid
712 2161 387 40 statsrådsprotokollet
1118 2164 10 29 i
1148 2166 155 32 ärendet,

296 2206 89 30 Över
415 2209 242 37 nyssnämnda
687 2211 236 38 promemoria
954 2213 55 38 ha,
1040 2214 89 29 efter
1159 2216 136 34 remiss,
1326 2219 190 37 yttranden
1548 2221 147 39 avgivits
1726 2232 43 20 av

251 2254 499 49 arbetsmarknadsstyrelsen,
780 2259 326 47 bostadsstyrelsen,
1138 2265 424 43 civilförsvarsstyrelsen,
1593 2268 178 43 kammar-

250 2308 126 34 rätten,
418 2309 384 37 riksskattenämnden,
844 2309 370 49 lantbruksstyrelsen,
1256 2318 371 42 kommerskollegium
1673 2323 96 33 (med

250 2357 273 32 överlämnande
555 2370 42 20 av
626 2362 190 37 yttranden
848 2363 80 29 från
960 2365 163 39 samtliga
1154 2367 327 37 handelskamrar),
1513 2372 255 31 riksnämnden

252 2406 55 31 för
334 2408 208 31 ekonomisk
569 2410 365 42 försvarsberedskap,
962 2414 224 41 fullmäktige
1213 2417 11 29 i
1252 2417 227 40 riksbanken,
1508 2422 223 40 fullmäktige
1758 2422 11 29 i

250 2457 351 40 riksgäldskontoret,
629 2462 434 37 överståthållarämbetet,
1092 2467 294 39 länsstyrelserna
1411 2470 11 28 i
1450 2471 232 36 Stockholms,
1711 2473 58 30 Sö-
