1872 2838
267 141 40 31 24

403 230 143 37 (Kungl.
571 231 117 37 Maj:ts
714 232 157 37 förslag.)

669 148 124 31 Första
816 149 238 35 lagutskottets
1077 150 176 31 utlåtande
1276 151 49 31 Nr
1339 152 40 29 14

1255 234 206 36 (Utskottets
1487 235 157 37 förslag.)

318 296 137 36 Finnes,
482 297 86 31 efter
591 298 56 30 det
670 298 223 37 förvandling
917 308 43 21 av
982 300 98 30 böter
1104 301 56 35 ägt
1185 310 88 26 rum,
1299 304 50 28 att
1374 302 66 30 den
1465 302 169 31 bötfällde
1659 303 118 31 häftar

273 347 55 30 för
352 348 111 30 andra
488 348 97 30 böter
609 349 93 30 vilka
728 349 112 31 skolat
864 350 167 31 omfattas
1056 360 43 21 av
1123 351 276 37 förvandlingen,
1426 353 88 30 skall
1539 363 48 27 ny
1612 353 164 31 förvand-

273 398 70 36 ling
365 398 61 30 ske
448 399 67 30 och
537 398 21 31 å
580 399 56 31 det
659 409 69 27 nya
752 400 379 37 förvandlingsstraffet
1155 402 173 31 avräknas
1351 403 68 30 vad
1442 413 43 21 av
1509 404 56 30 det
1586 404 97 31 förra
1706 405 69 30 kan

271 458 82 21 vara
381 449 189 31 verkställt.

591 519 38 29 15
647 518 30 37 8.

307 570 45 35 Är
376 575 223 38 bötesbelopp
624 577 170 31 beroende
817 587 42 21 av
880 578 120 30 värdet

264 634 42 21 av
331 625 67 31 viss
427 626 167 36 egendom
620 628 83 30 eller
729 628 97 37 eljest
851 628 148 31 bestämt

262 675 85 31 efter
376 676 147 31 särskild
552 677 322 37 beräkningsgrund
907 675 91 40 (nor-

263 727 138 30 merade
425 724 109 40 böter)
561 729 65 29 och
648 729 70 30 kan
741 729 79 30 med
842 730 75 30 skäl
939 739 59 21 an-

263 779 94 34 tagas
380 780 50 27 att
452 778 67 29 den
540 778 165 31 bötfällde
727 778 90 38 gjort
839 781 66 29 vad
927 781 73 29 han

264 826 141 32 förmått
421 827 55 31 för
492 831 49 27 att
556 828 112 31 betala
684 830 153 36 böterna,
853 830 67 37 må,
936 831 63 30 där

262 877 78 30 med
363 877 139 37 hänsyn
522 878 51 31 till
596 880 341 36 omständigheterna
961 881 39 30 så

261 929 126 34 prövas
438 928 134 39 skäligt,
621 930 378 37 förvandlingsstraffet

263 978 104 30 sättas
394 978 94 36 lägre
516 980 44 30 än
585 980 104 36 enligt
718 982 38 29 13
784 982 65 29 och
877 983 40 29 14
945 982 52 37 88,

264 1028 86 30 dock
376 1029 34 37 ej
440 1029 109 30 under
579 1030 70 30 åtta
679 1031 116 37 dagar,
823 1032 81 30 eller
930 1033 68 30 ock

263 1078 64 30 den
367 1078 168 32 bötfällde
574 1080 127 31 befrias
731 1081 77 31 från
837 1082 159 31 förvand-

262 1128 201 37 lingsstraff.

1367 523 38 29 15
1424 522 29 37 8.

1085 575 45 34 Är
1153 579 222 37 bötesbelopp
1400 581 171 31 beroende
1593 591 43 21 av
1657 582 119 31 värdet

1042 639 41 20 av
1109 630 67 30 viss
1204 631 167 35 egendom
1398 632 82 30 eller
1506 632 97 37 eljest
1628 632 148 31 bestämt

1041 679 85 32 efter
1154 681 148 30 särskild
1329 681 324 37 beräkningsgrund
1685 680 90 40 (nor-

1040 731 139 30 merade
1201 729 108 39 böter)
1337 733 65 29 och
1425 733 70 29 kan
1518 733 79 30 med
1619 733 75 30 skäl
1716 743 59 21 an-

1040 784 95 34 tagas
1157 785 50 27 att
1229 783 65 29 den
1315 782 167 31 bötfällde
1504 782 90 37 gjort
1616 785 65 29 vad
1705 784 71 30 han

1041 831 141 31 förmått
1198 832 54 31 för
1268 836 49 27 att
1331 833 114 30 betala
1461 833 153 36 böterna,
1630 833 67 37 må,
1713 835 63 29 där

1040 883 78 30 med
1140 883 137 36 hänsyn
1297 883 53 30 till
1372 880 342 40 omständighet&&na
1738 883 39 32 så

1039 933 125 35 prövas
1214 934 133 36 skäligt,
1400 934 375 36 förvandlingsstraffet

1041 984 104 29 sättas
1171 983 93 37 lägre
1292 985 45 29 än
1360 984 105 37 enligt
1495 985 38 30 13
1560 985 65 30 och
1654 986 40 29 14
1722 985 53 37 88,

1041 1034 87 30 dock
1145 1033 30 37 ej
1193 1035 110 29 under
1319 1044 59 20 sex
1396 1036 116 35 dagar,
1528 1035 83 30 eller
1625 1036 68 29 ock
1709 1036 67 30 den

1040 1083 164 32 bötfällde
1243 1084 126 31 befrias
1406 1085 79 30 från
1523 1085 251 37 förvandlings-

1040 1134 110 30 straff.

308 1179 76 32 Kan
404 1179 12 31 i
437 1179 99 38 fråga
558 1190 57 21 om
636 1182 109 31 andra
770 1183 96 31 böter
885 1185 79 30 med
987 1185 75 30 skäl
1083 1188 142 33 antagas
1247 1188 49 28 att
1319 1186 66 30 den
1406 1185 167 32 bötfällde
1594 1186 90 37 gjort
1703 1186 67 31 vad

264 1229 69 30 han
350 1229 144 32 förmått
510 1230 54 31 för
580 1234 48 28 att
643 1232 115 31 betala
774 1233 153 38 böterna,
945 1234 59 31 må
1019 1235 221 37 nedsättning
1257 1245 42 21 av
1318 1235 375 38 förvandlingsstraffet
1711 1237 60 31 ske

266 1279 10 30 i
298 1280 150 36 enlighet
474 1282 80 30 med
576 1283 68 30 vad
668 1283 10 30 i
705 1283 110 31 första
839 1285 132 36 stycket
994 1286 147 36 stadgas,
1167 1285 146 32 såframt
1336 1288 196 36 synnerliga
1555 1288 75 30 skäl
1657 1289 116 30 därtill

266 1329 179 38 föreligga;
465 1332 92 30 hava
578 1333 144 31 böterna
743 1334 51 29 till
816 1335 233 37 huvudsaklig
1072 1336 53 30 del
1147 1337 126 35 guldits
1297 1338 65 30 och
1382 1339 40 29 är
1442 1339 68 29 vad
1533 1348 74 21 som
1628 1338 145 32 återstår

261 1380 107 37 ringa,
388 1381 59 31 må
464 1382 69 31 den
552 1383 165 31 bötfällde
736 1384 127 31 befrias
883 1384 79 32 från
981 1385 349 38 förvandlingsstraff.

981 1477 40 32 16
1060 1476 30 40 &.

309 1531 227 32 Beträffande
562 1533 69 31 mål
658 1543 59 21 om
743 1535 224 38 förvandling
990 1546 43 21 av
1059 1538 98 30 böter
1185 1538 97 36 skall,
1311 1539 63 30 där
1400 1538 32 37 ej
1461 1542 108 27 annat
1595 1539 104 36 följer
1726 1549 43 22 av

265 1582 306 34 bestämmelserna
596 1586 10 31 i
634 1587 115 30 denna
774 1588 64 36 lag,
866 1588 10 30 i
904 1588 206 38 tillämpliga
1135 1590 96 31 delar
1256 1591 90 36 gälla
1371 1592 68 30 vad
1466 1601 74 21 som
1569 1593 39 29 är
1635 1593 135 36 stadgat

265 1641 57 21 om
346 1633 166 31 brottmål
536 1635 74 30 däri
635 1637 95 29 talan
755 1646 58 21 om
836 1647 127 21 ansvar
987 1638 106 36 föres;
1119 1639 88 30 dock
1233 1643 49 27 att
1306 1639 69 31 mål
1402 1650 76 20 som
1500 1641 64 30 här
1588 1650 98 22 avses
1711 1640 58 32 må

263 1683 214 38 handläggas
503 1686 66 30 och
596 1687 146 35 avgöras
767 1690 85 28 utan
878 1688 125 31 hinder
1030 1698 43 22 av
1098 1692 50 28 att
1174 1690 67 30 den
1266 1690 169 31 bötfällde
1462 1692 31 36 ej
1522 1691 131 31 inställt
1680 1692 50 37 sig
1757 1692 11 30 i

262 1733 113 32 målet.

308 1785 72 30 Har
408 1786 144 31 domare
580 1788 81 30 eller
689 1788 152 31 ledamot
870 1789 10 30 i
910 1788 202 33 rådhusrätt
1140 1791 159 36 upptagit
1328 1790 125 32 sådant
1482 1791 81 37 mål,
1593 1793 63 36 äge
1685 1793 81 36 han,

263 1835 62 31 där
346 1836 57 30 det
424 1836 116 32 finnes
561 1838 167 37 lämpligt,
751 1839 191 36 hänskjuta
964 1840 105 31 målet
1090 1841 51 31 till
1162 1842 122 30 rätten.

962 1934 38 29 17
1034 1933 29 38 8.

306 1986 74 31 Vad
404 1997 76 21 som
504 1988 39 30 är
566 1989 134 36 stadgat
723 1999 58 21 om
805 1991 259 37 verkställighet
1088 2002 42 21 av
1152 1993 114 36 utslag
1288 1993 201 36 varigenom
1512 1993 114 38 någon
1651 1995 116 31 dömts

261 2037 50 30 till
333 2038 231 32 frihetsstraff
587 2040 87 30 skall
698 2041 65 36 äga
785 2042 246 31 motsvarande
1054 2043 219 37 tillämpning
1295 2043 21 31 å
1337 2045 113 37 utslag
1473 2045 200 37 varigenom
1695 2046 70 31 för-

261 2088 290 37 vandlingsstraff
575 2089 122 38 ålagts;
727 2091 88 31 dock
841 2091 58 32 må
924 2093 12 29 i
959 2092 71 32 mål
1056 2103 58 20 om
1140 2094 222 37 förvandling
1387 2105 43 21 av
1457 2096 98 30 böter
1580 2096 186 31 förordnas

262 2141 49 28 att
331 2140 148 36 utslaget
500 2141 87 30 skall
609 2142 203 31 verkställas
834 2145 84 28 utan
940 2143 125 31 hinder
1086 2144 107 31 därav
1214 2148 50 27 att
1285 2146 56 30 det
1362 2145 31 37 ej
1417 2146 123 40 vunnit
1561 2147 78 36 laga
1660 2147 104 31 kraft.

965 2229 39 30 18
1030 2228 29 37 8.

305 2291 232 34 Förekomma
564 2295 50 31 till
640 2296 258 37 verkställighet
924 2297 89 32 flera
1039 2299 121 36 beslut,
1189 2299 198 37 varigenom
1415 2299 115 38 någon
1558 2299 109 38 ålagts
1696 2301 71 31 för-

259 2342 289 36 vandlingsstraff
571 2344 55 30 för
650 2345 108 36 böter,
784 2346 98 31 skola
907 2346 148 31 straffen
1080 2347 140 31 förenas
1244 2347 156 37 sålunda,
1426 2352 50 28 att
1501 2350 264 36 sammanlagda

260 2393 199 31 strafftiden
485 2397 193 28 motsvarar
703 2396 67 30 den
795 2405 75 22 som
895 2397 112 31 skulle
1032 2397 80 37 följt
1136 2398 115 31 därest
1275 2400 144 30 böterna
1441 2398 47 38 på
1512 2409 43 21 en
1579 2399 90 37 gång
1694 2400 70 30 för-

259 2443 169 31 vandlats.
