1902 2784
563 192 287 31 Statsutskottets
872 192 183 31 utlåtande
1076 200 44 23 nr
1145 190 51 31 52.
1604 194 18 30 3

146 276 77 36 8:0)
251 277 504 35 Distributionsanläggningar
778 277 64 29 och
866 277 143 29 därmed
1031 277 344 36 sammanhängande
1399 278 141 29 arbeten
1563 278 57 29 vid

99 330 131 28 statens
255 329 190 29 kraftverk.
471 328 14 29 I
511 328 153 39 enlighet
689 327 80 30 med
795 327 126 40 Kungl.
947 327 127 40 Maj:ts
1100 327 133 40 förslag
1266 328 132 40 (punkt
1423 327 30 36 8,
1481 338 25 20 s.
1535 328 79 34 101)

102 378 204 31 hemställer
331 379 183 34 utskottet,

460 431 52 28 att
537 429 189 40 riksdagen
751 429 57 30 må
833 429 54 30 till
911 429 515 40 Distributionsanläggningar
1454 430 65 31 och
1544 431 78 30 där-

414 480 82 30 med
520 481 350 39 sammanhängande
894 480 144 30 arbeten
1063 481 58 30 vid
1144 482 134 29 statens
1303 481 184 40 kraftverk
1511 481 20 31 å
1554 481 68 30 till-

414 531 170 39 läggsstat
606 532 29 29 II
658 531 53 30 till
732 531 193 30 riksstaten
946 531 57 30 för
1023 531 207 39 budgetåret
1255 532 151 35 1951/52
1428 532 122 30 anvisa
1572 534 48 28 ett

417 582 358 39 investeringsanslag
801 591 42 21 av
869 581 42 30 40
927 581 63 31 000
1005 582 64 30 000
1095 582 142 30 kronor.

499 734 159 35 Statens
682 734 207 34 allmänna
913 734 322 44 fastighetsfond.

146 828 77 34 9:0)
244 828 80 30 Om-
340 828 65 29 och
420 828 217 36 tillbyggnad
653 837 43 21 av
713 828 227 30 Arvfurstens
957 828 122 36 palats.
1097 828 126 38 Kungl.
1240 828 105 38 Maj:t
1360 828 64 31 har
1447 828 129 39 (punkt
1592 829 29 34 9,

105 889 25 21 s.
158 879 60 30 101
245 879 65 30 och
338 879 79 35 102)
448 879 183 40 föreslagit
655 879 190 39 riksdagen
870 880 51 29 att
946 880 55 29 till
1028 879 83 30 Om-
1135 880 66 30 och
1226 880 218 39 tillbyggnad
1470 890 43 20 av
1537 880 85 30 Arv-

102 930 158 30 furstens
280 929 114 40 palats
414 929 21 30 å
453 930 213 39 tilläggsstat
686 930 30 30 II
735 930 54 30 till
809 930 193 30 riksstaten
1023 930 56 31 för
1098 930 208 40 budgetåret
1328 931 151 35 1951/52
1500 931 122 30 anvisa

101 982 49 28 ett
169 980 360 39 investeringsanslag
549 990 43 20 av
611 981 64 29 550
690 981 63 31 000
774 981 141 30 kronor.

117 1085 94 30 Till
234 1095 73 21 om-
329 1085 65 30 och
416 1085 218 39 tillbyggnad
658 1094 42 20 av
723 1083 230 31 Arvfurstens
975 1083 115 40 palats
1114 1082 185 31 anvisades
1323 1083 56 30 för
1402 1082 216 39 budgetåren

104 1135 82 31 1947
194 1136 60 36 /48
271 1137 91 30 samt
380 1135 352 36 1949/50—1951/52
747 1133 360 40 investeringsanslag
1122 1142 57 21 om
1196 1133 236 39 sammanlagt
1448 1132 19 31 3
1480 1133 62 30 995
1558 1133 63 30 000

102 1187 142 30 kronor.
273 1186 378 40 Bygggnadsföretaget
675 1185 169 31 omfattar
868 1185 223 39 ombyggnad
1116 1184 65 31 och
1205 1184 241 40 restaurering
1470 1194 43 20 av
1536 1183 86 31 utri-

102 1238 362 40 kesdepartementets
491 1237 205 30 nuvarande
720 1236 168 39 fastighet
916 1238 93 28 samt
1033 1235 223 40 uppförande
1281 1244 43 21 av
1347 1245 44 20 en
1415 1235 207 39 arkivbygg-

102 1289 70 29 nad
191 1289 20 29 å
229 1288 232 39 fastighetens
483 1288 96 39 gård.

145 1338 362 40 Byggnadsstyrelsen
527 1339 66 29 har
613 1338 181 30 hemställt
814 1347 58 21 om
893 1339 51 28 ett
963 1337 266 40 tilläggsanslag
1249 1346 59 21 om
1328 1337 64 30 550
1407 1337 64 30 000
1491 1337 131 29 kronor

102 1389 55 29 för
178 1389 235 30 innevarande
435 1388 168 38 budgetår
624 1389 52 29 till
699 1388 224 36 fullföljande
945 1397 43 21 av
1011 1388 178 37 företaget.
1212 1388 174 36 Styrelsen
1409 1387 135 30 erinrar
1565 1396 56 21 om

103 1442 50 28 att
177 1449 43 20 en
246 1439 297 40 genomgripande
566 1439 221 39 ombyggnad
810 1448 42 20 av
877 1448 44 20 en
946 1439 38 29 så
1006 1438 313 30 kulturhistoriskt
1341 1438 177 30 värdefull
1542 1447 80 20 men

102 1490 159 30 tekniskt
285 1490 191 39 bristfällig
498 1490 161 39 byggnad
684 1499 76 20 som
783 1489 231 32 Arvfurstens
1038 1489 115 40 palats
1177 1489 178 39 knappast
1378 1489 71 29 kan
1474 1489 148 33 utföras,

103 1543 87 28 utan
209 1543 51 28 att
279 1541 57 29 det
354 1541 112 29 under
485 1541 153 29 arbetets
658 1540 90 40 gång
767 1540 237 40 uppkommer
1021 1540 170 39 problem,
1214 1539 95 30 vilka
1328 1539 77 30 icke
1424 1539 91 30 varit
1534 1539 89 39 möj-

104 1591 69 40 liga
199 1593 51 28 att
276 1591 135 30 förutse
435 1591 59 30 vid
520 1591 243 30 utformandet
788 1601 43 20 av
858 1591 483 39 ombyggnadsprogrammet
1367 1590 65 30 och
1457 1590 11 29 i
1495 1590 127 39 många

102 1642 63 30 fall
187 1642 113 30 måste
322 1642 92 29 lösas
437 1642 44 40 på
503 1643 49 28 ett
572 1642 170 39 betydligt
763 1642 259 29 kostsammare
1045 1642 70 29 sätt
1137 1642 45 29 än
1205 1641 273 40 ursprungligen
1500 1641 122 30 beräk-

103 1694 90 28 nats.
219 1692 155 31 Sålunda
396 1692 65 30 har
488 1692 58 30 det
569 1692 11 30 i
606 1693 111 29 större
740 1692 249 40 utsträckning
1012 1693 45 28 än
1081 1701 76 21 som
1180 1692 188 30 förutsatts
1392 1692 11 29 i
1427 1692 196 39 byggnads-

103 1745 239 38 programmet
356 1743 91 30 visat
464 1743 52 40 sig
533 1743 216 39 nödvändigt
766 1745 51 28 att
833 1743 120 30 utföra
970 1738 537 44 grundförstärkningsarbeten,
1525 1742 97 30 kom-

102 1794 222 39 pletterings-
346 1793 66 30 och
435 1793 408 40 förstärkningsarbeten
866 1793 12 29 i
900 1793 360 40 byggnadsstommen
1284 1795 91 28 samt
1398 1793 225 39 omläggning

103 1843 65 30 och
184 1844 119 36 utbyte
320 1853 43 20 av
379 1844 79 36 golv
475 1843 66 30 och
557 1844 140 37 paneler
715 1843 11 29 i
742 1843 480 37 representationsvåningen.
1240 1843 310 30 Merkostnaderna
1568 1843 55 29 för

104 1895 102 29 dessa
226 1893 286 39 tilläggsarbeten
533 1895 117 38 uppgå
670 1893 53 32 till
745 1894 236 39 sammanlagt
1003 1893 63 30 300
1081 1894 63 29 000
1165 1894 142 29 kronor.
1330 1893 126 30 Härtill
1480 1894 143 30 komma

105 1945 92 29 vissa
221 1944 325 39 ändringsarbeten,
570 1944 244 30 innefattande
838 1943 219 40 uppdelning
1081 1954 43 19 av
1145 1953 92 27 rum,
1260 1944 151 39 ändring
1433 1954 43 20 av
1498 1946 126 39 trappa

105 1995 64 29 och
186 1995 74 31 hiss
278 2004 46 21 m.
341 2004 46 20 m.
406 1997 91 27 samt
514 1994 150 40 ändring
681 1995 10 29 i
708 1995 58 29 det
783 1995 250 39 ursprungliga
1051 1997 238 37 programmet
1307 1995 224 30 beträffande
1549 1996 75 29 vär-

104 2045 248 33 mecentralen,
372 2045 108 30 vilket
499 2046 62 29 allt
580 2045 153 30 medfört
752 2055 43 20 en
814 2045 229 30 merkostnad
1067 2055 43 20 av
1131 2044 60 31 145
1207 2045 63 31 000
1291 2046 142 30 kronor.
1455 2046 169 39 Slutligen

104 2096 64 29 har
193 2096 109 38 enligt
326 2096 169 38 styrelsen
521 2096 71 29 viss
617 2096 263 39 hyllinredning
903 2096 160 30 beställts
1091 2096 52 29 till
1169 2105 43 20 en
1237 2096 152 30 kostnad
1414 2106 43 21 av
1484 2097 60 29 105
1560 2096 62 30 000

105 2146 141 35 kronor,
270 2146 175 30 inklusive
469 2146 232 40 uppsättning
724 2156 42 20 av
789 2147 218 29 densamma.

149 2197 397 38 Departementschefen
567 2197 63 29 har
650 2197 88 29 intet
755 2197 78 29 haft
854 2198 51 28 att
924 2197 117 29 erinra
1060 2198 72 28 mot
1152 2197 190 38 styrelsens
1361 2197 143 39 förslag.

151 2295 177 30 Utskottet
348 2295 55 30 får
423 2296 79 29 med
524 2296 248 39 tillstyrkande
794 2306 42 19 av
856 2296 127 39 Kungl.
1005 2295 124 39 Maj:ts
1151 2296 132 40 förslag
1303 2297 197 33 hemställa,

464 2347 50 28 att
537 2346 188 39 riksdagen
747 2345 63 31 må
826 2346 52 30 till
902 2347 81 29 Om-
1005 2346 63 30 och
1093 2347 217 39 tillbyggnad
1330 2356 43 21 av
1394 2347 230 40 Arvfurstens

417 2396 115 39 palats
555 2396 19 30 å
594 2396 210 39 tilläggsstat
826 2397 29 30 II
876 2396 52 30 till
951 2396 192 30 riksstaten
1165 2397 55 30 för
1241 2397 207 39 budgetåret
1475 2398 149 35 1951/52

420 2446 123 30 anvisa
568 2448 48 28 ett
643 2446 358 40 investeringsanslag
1026 2457 42 20 av
1093 2448 63 29 550
1171 2447 64 31 000
1260 2448 141 29 kronor.
