1898 2838
301 158 17 29 6
726 167 304 33 Bankoutskottets
1056 171 175 32 utlåtande
1255 173 49 31 Nr
1335 177 49 29 57.

306 249 196 36 tillräckligt
518 252 76 30 stöd
611 253 87 29 skall
715 254 121 30 vinnas
854 255 54 30 för
924 256 64 30 den
1005 258 193 36 skärpning
1213 269 41 20 av
1271 260 85 36 Pris-
1373 262 62 30 och
1453 262 258 38 lönepolitiken,
1729 276 73 20 som

304 307 46 20 nu
371 298 68 30 kan
460 300 69 30 visa
550 300 49 37 sig
620 303 196 37 nödvändig
836 304 56 30 för
911 308 47 28 att
979 306 81 31 ernå
1080 308 66 29 den
1166 308 245 33 eftersträvade
1429 312 289 35 prisstabiliteten.

347 349 13 29 I
383 349 106 31 likhet
512 353 77 28 med
613 353 377 35 departementschefen
1014 358 65 29 och
1104 360 283 35 myndigheterna
1412 362 113 30 finner
1547 365 163 31 utskottet
1736 367 64 29 den

303 401 200 29 nuvarande
525 401 233 36 prispolitiska
778 404 207 32 situationen
1006 417 81 20 vara
1112 409 110 35 ägnad
1242 413 48 27 att
1313 410 113 36 ingiva
1450 422 59 20 oro
1530 413 55 30 för
1608 414 194 32 framtiden.

304 449 169 31 Utskottet
498 451 93 31 delar
617 453 65 30 den
706 455 232 37 uppfattning,
963 466 72 21 som
1058 458 105 36 ligger
1185 459 47 30 till
1257 462 111 34 grund
1392 462 53 30 för
1470 463 332 37 departementsche-

304 500 74 30 tens
397 510 88 21 ovan
505 502 140 37 intagna
665 505 139 35 slutord,
825 507 173 36 nämligen
1017 511 49 27 att
1087 509 56 30 det
1163 510 10 29 i
1191 513 201 29 nuvarande
1409 513 73 36 läge
1501 515 39 29 är
1560 516 174 36 önskvärt,
1754 521 46 26 att

301 552 285 38 förutsättningar
608 555 104 32 såvitt
738 558 133 36 möjligt
897 560 125 35 skapas
1048 561 57 30 för
1130 572 40 19 en
1197 563 227 37 stabilisering
1450 575 42 21 av
1517 566 188 36 prisnivån.
1734 569 67 30 För

300 606 48 27 att
369 603 45 31 nå
434 605 89 30 detta
544 607 142 30 resultat
707 609 37 29 är
764 609 63 35 det,
852 609 113 31 såsom
987 612 379 35 departementschefen
1389 615 158 36 påpekat,
1571 618 123 31 främst
1716 621 82 29 nöd-

299 653 150 37 vändigt,
474 659 47 27 att
544 656 229 32 växelverkan
796 660 128 30 mellan
947 662 224 38 prisstegring
1193 665 63 29 och
1280 665 286 39 inkomstökning
1589 668 139 37 bringas
1752 673 48 28 att

298 705 169 35 upphöra.
489 706 79 30 Man
589 707 109 31 måste
718 710 77 30 med
815 711 110 30 andra
944 714 61 29 ord
1025 713 145 36 avbryta
1190 715 8 29 i
1220 715 94 36 varje
1335 716 60 30 fall
1417 718 63 29 den
1502 719 52 29 del
1577 729 42 20 av
1640 721 156 35 prissteg-

299 754 129 37 ringen,
456 766 72 20 som
553 759 82 35 äger
659 762 45 28 ett
730 760 110 31 direkt
866 763 169 30 samband
1062 766 79 29 med
1167 775 40 20 en
1234 766 200 36 fortgående
1461 770 148 35 stegring
1636 781 41 20 av
1704 772 95 30 löner

298 806 66 29 och
391 808 108 29 andra
525 808 199 32 inkomster.
754 811 150 31 Därmed
932 814 108 30 skulle
1067 815 195 37 visserligen
1290 827 41 20 en
1359 818 143 37 höjning
1529 831 42 19 av
1598 821 110 35 priser
1732 824 64 29 och

296 856 331 33 levnadskostnader
652 860 73 31 icke
749 862 69 31 helt
843 863 208 32 förhindras.
1080 865 150 32 Sålunda
1256 869 110 30 skulle
1392 871 205 35 exempelvis
1624 882 67 26 nya
1717 874 80 28 eller

297 906 113 30 ökade
440 907 170 32 indirekta
641 910 126 31 skatter
793 912 121 31 kunna
945 914 184 32 framkalla
1158 926 41 20 en
1226 917 95 36 dylik
1351 919 155 38 höjning;
1539 921 114 31 denna
1683 923 115 30 kunde

294 956 143 36 givetvis
463 959 74 32 icke
561 970 101 21 anses
687 972 79 22 vara
792 974 42 20 av
861 964 195 32 inflatorisk
1084 967 172 33 karaktär.
1296 969 126 32 Likaså
1447 972 110 30 skulle
1582 982 42 21 en
1651 975 147 36 stegring

294 1017 41 20 av
357 1007 282 38 importpriserna
663 1013 80 30 eller
761 1023 41 21 en
824 1025 42 20 av
888 1015 286 40 importnedgång
1196 1019 181 31 föranledd
1399 1022 89 30 ökad
1510 1024 225 37 användning
1754 1034 43 21 av

295 1057 180 33 inhemska
500 1062 357 39 ersättningsråvaror,
886 1066 136 31 särskilt
1047 1068 148 36 bränsle,
1222 1070 119 31 kunna
1367 1072 155 31 medföra
1549 1083 42 20 en
1618 1074 178 38 fördyring

294 1118 41 20 av
357 1110 254 35 produktionen
631 1113 63 30 och
716 1124 41 20 en
777 1116 149 37 stegring
945 1127 41 20 av
1006 1118 188 36 prisnivån.
1217 1120 78 33 Icke
1314 1122 108 30 heller
1441 1123 112 31 denna
1574 1125 221 37 prisstegring

293 1159 93 36 finge
407 1160 173 33 betraktas
601 1173 75 20 som
696 1164 160 32 inflation
877 1170 83 28 utan
981 1177 73 21 som
1076 1172 46 28 ett
1143 1172 134 34 uttryck
1297 1171 56 31 för
1374 1182 41 20 en
1435 1172 212 40 försämring
1665 1186 41 22 av
1726 1176 68 31 för-

292 1209 438 39 sörjningsmöjligheterna
751 1215 10 30 i
780 1215 76 31 vårt
877 1218 91 34 land,
990 1219 115 31 vilken
1126 1219 109 32 måste
1254 1222 105 30 verka
1381 1223 259 33 inskränkande
1660 1225 45 38 på
1727 1227 67 30 för-

291 1260 227 37 brukningen.
540 1262 55 32 Ett
616 1264 117 31 försök
752 1268 47 28 att
818 1267 117 36 undgå
954 1269 111 30 denna
1085 1270 253 39 inskränkning
1355 1282 122 26 genom
1497 1284 42 20 en
1558 1275 234 39 prisstegring-

291 1320 40 20 en
351 1320 75 22 mer
443 1313 80 30 eller
541 1313 135 32 mindre
696 1316 296 36 kompenserande
1011 1319 284 39 inkomstökning
1314 1323 111 31 skulle
1444 1326 120 30 endast
1584 1327 76 30 leda
1681 1328 48 30 till
1751 1338 41 21 en

292 1361 194 36 ytterligare
502 1362 146 38 höjning
662 1374 42 20 av
718 1365 155 36 priserna
888 1377 81 21 men
983 1368 70 30 kan
1071 1368 184 37 självfallet
1271 1371 76 32 icke
1362 1374 155 31 medföra
1535 1374 115 38 någon
1666 1378 128 36 ökning

291 1422 42 20 av
357 1414 67 29 den
449 1415 238 37 varutillgång,
713 1427 41 20 av
779 1428 77 20 vars
882 1420 125 29 storlek
1033 1420 273 38 förbrukningen
1332 1425 39 29 är
1396 1425 178 32 beroende.
1602 1428 64 31 Det
1691 1439 99 26 synes

291 1463 121 31 därför
434 1464 74 31 icke
530 1466 119 31 kunna
673 1467 83 31 råda
778 1468 103 37 något
904 1470 100 30 tvivel
1027 1481 56 20 om
1108 1472 197 36 betydelsen
1329 1485 43 20 av
1394 1480 47 27 att
1464 1480 46 27 ett
1533 1479 137 30 avbrott
1691 1480 10 29 i
1725 1481 64 30 den

290 1512 202 37 fortgående
509 1515 347 39 inkomststegringen
876 1520 156 30 kommer
1055 1521 49 30 till
1127 1521 109 38 stånd,
1258 1524 104 31 vilket
1384 1526 55 30 vid
1460 1527 214 33 oförändrad
1695 1540 96 21 varu-

288 1563 214 40 försörjning
525 1568 111 30 skulle
660 1569 165 32 medföra,
852 1574 49 27 att
925 1571 266 39 prisstegringen
1216 1576 63 29 och
1306 1577 484 41 levnadskostnadsökningen

287 1614 176 39 hejdades,
490 1617 62 30 och
579 1618 58 31 vid
664 1629 41 20 en
728 1619 196 33 försämrad
949 1623 308 38 varuförsörjning,
1284 1628 49 29 att
1358 1628 266 38 prisstegringen
1648 1631 141 37 begrän-

288 1665 98 31 sades
407 1666 50 30 till
478 1668 63 30 den
562 1668 254 39 ofrånkomliga
839 1673 129 30 verkan
989 1674 116 31 därav.

331 1716 75 31 Den
434 1719 207 31 radikalaste
667 1722 157 29 metoden
853 1725 48 28 att
928 1723 104 36 hejda
1059 1725 422 39 prisstegringsprocessen
1508 1732 41 30 är
1574 1735 85 28 utan
1686 1733 100 31 tvivel

287 1768 48 29 att
358 1767 115 32 införa
496 1769 259 32 bestämmelser
778 1782 57 20 om
860 1783 24 20 s.
910 1775 32 29 k.
968 1775 144 32 allmänt
1137 1777 83 35 pris-
1245 1779 65 30 och
1336 1780 188 37 lönestopp,
1552 1782 235 33 innebärande

286 1820 45 27 ett
362 1818 127 31 förbud
519 1824 73 27 mot
624 1821 95 36 varje
750 1823 218 38 prishöjning
999 1826 81 30 eller
1111 1828 227 38 lönestegring
1369 1834 81 28 utan
1483 1833 302 37 myndigheternas

285 1868 165 36 tillstånd,
473 1871 117 30 varvid
613 1872 208 37 förutsättes,
845 1878 49 28 att
916 1875 122 32 sådant
1059 1878 154 31 tillstånd
1234 1880 145 36 beviljas
1402 1883 119 31 endast
1544 1884 9 30 i
1576 1886 208 36 undantags-

284 1918 72 31 fall.
378 1919 53 31 En
450 1921 215 37 lagstiftning
684 1933 42 21 av
745 1925 112 31 denna
878 1927 292 37 genomgripande
1190 1933 51 27 art
1261 1930 110 32 måste
1391 1934 187 31 emellertid
1600 1936 109 30 väcka
1729 1937 54 29 be-

284 1969 228 37 tänkligheter
531 1981 42 21 ur
594 1972 87 32 flera
704 1976 222 35 synpunkter.
951 1977 160 32 Framför
1132 1980 60 30 allt
1214 1981 110 31 skulle
1345 1992 42 21 en
1408 1982 93 38 långt
1522 1984 134 37 gående
1676 1986 109 31 direkt

282 2020 186 37 dirigering
497 2032 42 20 av
567 2025 255 34 produktionen
854 2028 65 29 och
950 2029 271 32 arbetskraftens
1252 2034 222 36 användning
1503 2035 47 30 bli
1583 2036 201 37 erforderlig

283 2070 54 30 för
353 2074 50 28 att
420 2072 180 32 förhindra
618 2083 250 27 ogynnsamma
887 2079 206 36 verkningar
1111 2082 78 30 med
1207 2085 167 29 avseende
1393 2084 18 31 å
1428 2086 353 38 varuförsörjningen.

283 2120 170 32 Utskottet
479 2123 67 30 kan
572 2124 121 31 därför
717 2126 74 31 icke
816 2127 55 31 för
896 2130 216 31 närvarande
1137 2131 139 33 förorda
1301 2143 43 21 en
1367 2135 121 36 politik
1514 2147 43 21 av
1583 2138 113 31 denna
1721 2142 61 28 art.

282 2171 217 38 Lämpligare
520 2184 100 26 synes
641 2186 91 25 vara,
755 2181 47 27 att
822 2187 124 27 genom
966 2190 40 20 en
1027 2181 67 31 viss
1117 2183 188 37 skärpning
1325 2187 65 29 och
1411 2187 202 37 utvidgning
1635 2199 42 21 av
1697 2190 83 36 pris-

281 2222 195 32 kontrollen
498 2224 86 31 efter
605 2226 276 33 hittillsvarande
903 2230 101 36 linjer
1027 2235 89 27 samt
1140 2242 118 27 genom
1285 2235 161 37 frivilliga
1471 2239 309 32 överenskommel-

281 2281 53 21 ser
361 2275 127 29 mellan
517 2277 265 32 statsmakterna
811 2280 64 29 och
905 2281 90 31 olika
1023 2284 205 34 producent-
1257 2286 64 30 och
1352 2287 360 40 konsumentgrupper
1740 2302 41 20 en

280 2325 112 33 grund
418 2325 111 36 lägges
553 2326 56 31 för
635 2337 41 20 en
702 2329 227 38 stabilisering
954 2331 99 33 såvitt
1079 2334 135 37 möjligt
1240 2346 41 21 av
1307 2337 164 32 inkomst-
1498 2341 66 29 och
1593 2341 185 35 prisnivån.

279 2373 282 34 Hittillsvarande
583 2378 228 32 växelverkan
834 2382 127 30 mellan
983 2384 259 38 prishöjningar
1263 2389 65 29 och
1352 2389 428 36 kompensationstillskott

278 2424 65 31 har
362 2425 52 30 till
437 2426 74 31 icke
531 2427 97 37 ringa
650 2430 54 29 del
725 2430 110 32 berott
858 2433 118 36 därpå,
1000 2437 48 28 att
1070 2435 96 31 såväl
1188 2437 55 30 vid
1267 2438 229 38 lönesättning
1517 2451 77 20 som
1618 2443 56 30 vid
1697 2443 80 31 fast-

278 2474 169 32 ställande
470 2486 41 21 av
536 2476 109 37 priser
672 2477 44 38 på
740 2478 221 38 jordbrukets
984 2485 65 29 och
1073 2484 208 33 industriens
1309 2489 187 35 produkter
1520 2491 189 38 tillämpats
1735 2496 45 27 ett
