2184 2612
700 206 261 28 Bankoutskotlets
987 207 160 26 memorial
1172 206 45 28 Nr
1242 206 43 27 78.
1776 204 10 29 1

897 494 68 40 Nr
995 494 86 41 78.

846 652 112 25 Ankom
978 654 42 23 till
1041 653 161 31 riksdagens
1223 654 91 24 kansli
1338 653 53 25 den
1413 656 12 21 7
1444 654 64 31 juni
1531 655 66 23 1922
1617 655 37 24 kl.
1677 657 11 21 1
1711 663 22 16 e.
1754 662 36 17 m.

509 797 186 33 Memorial
715 797 82 33 med
815 797 138 44 förslag
974 797 51 33 till
1045 800 77 41 nytt
1137 798 213 44 reglemente
1368 797 59 44 för
1439 798 350 44 riksgäldskontoret.

294 956 303 34 Bankoutskottet
632 957 55 32 får
724 957 155 32 härmed
915 956 212 32 överlämna
1152 956 134 43 förslag
1311 956 52 32 till
1389 960 77 39 nytt
1491 957 219 42 reglemente
1735 957 57 32 för

186 1010 357 44 riksgäldskontoret.

294 1063 68 34 Det
386 1074 71 33 nya
481 1063 236 44 reglementet
741 1062 68 34 har
826 1063 188 43 uppställts
1038 1064 4 32 i
1060 1063 244 43 huvudsaklig
1322 1063 364 33 överensstämmelse
1704 1063 86 33 med

185 1118 61 33 det
270 1129 50 21 nu
344 1117 178 44 gällande,
547 1117 95 33 dock
671 1116 86 33 med
781 1117 95 33 vissa
901 1117 197 44 ändringar
1122 1117 70 33 och
1218 1117 130 43 tillägg,
1372 1117 58 32 för
1454 1116 97 33 vilka
1576 1117 68 33 här
1668 1117 122 33 nedan

185 1171 204 44 redogöres.

292 1225 14 32 I
346 1224 197 43 anledning
579 1235 44 22 av
652 1224 212 43 riksdagens
893 1224 119 33 beslut
1036 1223 186 44 angående
1247 1223 200 34 förändrad
1472 1224 247 43 organisation
1745 1234 44 23 av

183 1278 315 44 postsparbanken
523 1278 68 32 har
613 1278 22 42 8
660 1278 42 32 13
726 1288 113 22 mom.
865 1278 20 32 2
909 1277 306 33 omformulerats.

291 1331 120 33 Sedan
439 1331 192 43 riksdagen
657 1330 130 34 bifallit
812 1330 128 44 Kungl.
967 1330 116 43 Maj:ts
1107 1331 230 42 proposition
1362 1342 44 21 nr
1430 1331 64 32 149
1519 1331 188 43 angående
1731 1330 56 33 be-

183 1385 161 33 redande
369 1395 44 22 av
437 1384 231 44 garantifond
697 1385 36 31 åt
757 1387 49 30 ett
829 1383 214 43 aktiebolag,
1069 1387 113 30 avsett
1206 1386 50 30 att
1280 1384 124 32 lämna
1429 1384 81 32 stöd
1535 1385 35 31 åt
1593 1384 195 33 inhemska

182 1438 302 41 kreditanstalter,
509 1442 95 28 samt
628 1437 163 33 nämnda
816 1437 107 43 bolag
947 1447 155 23 numera
1126 1437 132 33 bildats
1284 1437 118 33 under
1426 1438 226 43 benämning
1667 1437 120 33 Aktie-

181 1492 145 44 bolaget
361 1491 253 33 kreditkassan
650 1501 44 23 av
730 1492 41 32 år
806 1491 97 41 1922,
932 1490 94 33 hava
1055 1491 122 33 såsom
1212 1494 49 29 ett
1284 1491 109 33 femte
1419 1501 112 22 mom.
1558 1491 119 33 under
1699 1491 22 43 $&
1745 1491 43 33 13

181 1546 129 33 införts
333 1544 161 44 följande
518 1544 289 34 bestämmelser:

292 1622 135 40 »Enligt
462 1621 228 40 medgivande
726 1631 43 21 av
801 1621 84 31 1922
911 1621 54 31 års
989 1621 140 40 riksdag
1153 1621 126 40 åligger
1303 1622 55 30 det
1382 1621 333 40 riksgäldskontoret
1739 1625 49 28 att

183 1667 117 31 såsom
325 1666 220 41 garantifond
570 1666 34 31 åt
627 1666 240 39 Aktiebolaget
888 1665 242 32 kreditkassan
1147 1676 43 21 av
1208 1667 38 30 år
1265 1666 83 30 1922
1366 1666 268 31 tillhandahålla
1651 1666 137 40 bolaget

181 1715 47 28 ett
261 1712 126 40 belopp
424 1721 42 21 av
491 1711 199 39 50,000,000
716 1711 130 30 kronor
869 1710 11 31 i
905 1720 42 21 av
972 1711 149 31 svenska
1145 1714 111 28 staten
1282 1710 142 40 utgivna
1448 1712 19 30 5
1486 1712 33 34 2
1548 1710 237 40 obligationer,

182 1759 49 28 att
255 1756 180 31 användas
460 1755 11 31 i
495 1755 235 39 huvudsaklig
755 1756 343 30 överensstämmelse
1123 1756 79 30 med
1227 1756 42 30 de
1290 1756 156 39 grunder,
1464 1765 77 21 som
1559 1757 59 29 äro
1636 1756 150 39 angivna

180 1800 11 31 i
216 1799 378 41 statsrådsprotokollet
618 1801 82 29 över
722 1799 269 31 finansärenden
1016 1800 53 31 för
1092 1800 66 31 den
1185 1801 40 30 10
1251 1810 93 21 mars
1371 1801 114 30 1922.>

289 1883 50 33 På
355 1882 119 44 grund
491 1893 45 22 av
553 1882 211 44 riksdagens
781 1883 120 33 beslut
915 1883 188 43 angående
1118 1882 210 34 beredande
1345 1893 45 23 av
1407 1883 120 33 medel
1545 1883 58 33 för
1623 1883 161 44 Sveriges

181 1936 215 44 deltagande
421 1937 11 32 i
457 1936 60 33 det
540 1937 295 33 internationella
860 1937 137 33 arbetet
1020 1937 57 33 för
1101 1936 169 44 Europas
1288 1936 242 34 ekonomiska
1546 1937 239 44 återuppbyg-

180 1990 117 44 gande
331 1990 94 33 hava
453 1991 123 32 såsom
601 1992 49 31 ett
673 1990 103 43 sjätte
801 1994 167 29 moment
992 1990 118 33 under
1132 1990 21 43 $&
1178 1990 42 33 13
1244 1990 129 33 införts
1398 2000 44 23 av
1467 1990 193 44 riksdagen
1684 1991 100 33 med-

180 2044 130 33 delade
334 2043 277 34 bestämmelser
634 2044 11 32 i
671 2046 134 31 ämnet.

288 2098 14 32 I
340 2098 55 32 sin
430 2097 191 33 berättelse
654 2097 53 32 till
737 2098 87 32 1922
849 2098 57 32 års
930 2097 145 44 riksdag
1098 2097 78 41 (sid.
1205 2097 52 43 12)
1282 2097 215 33 meddelade
1522 2097 225 44 fullmäktige
1772 2098 12 32 i

181 2150 359 45 riksgäldskontoret,
565 2154 51 29 att
638 2161 47 22 en
710 2151 155 33 särskild
889 2150 89 34 fond
1002 2150 132 34 bildats
1157 2151 58 33 för
1231 2151 251 33 likviderande
1501 2161 44 23 av
1562 2151 60 33 det
1637 2151 145 43 belopp,

180 2215 81 22 som
297 2203 231 34 motsvarade
558 2207 130 30 räntan
718 2205 20 32 å
768 2204 87 33 1918
879 2205 57 32 års
960 2204 423 44 premieobligationslån
1407 2205 70 33 och
1502 2205 79 32 icke
1606 2205 177 33 utbetalas

179 2258 11 33 i
214 2258 98 33 form
337 2269 44 22 av
404 2258 145 33 vinster.
599 2258 54 33 Då
678 2257 60 34 det
762 2269 106 33 synes
892 2269 86 22 vara
1001 2258 173 44 lämpligt,
1200 2262 50 29 att
1274 2262 48 29 ett
1346 2258 143 33 särskilt
1513 2258 197 44 stadgande
1730 2259 53 32 in-

224 2321 126 35 Bihang
376 2321 44 27 till
442 2321 182 36 riksdagens
647 2321 155 35 protokoll
827 2322 85 27 1922.
960 2321 18 27 8
1001 2321 87 28 saml.
1136 2321 36 28 51
1198 2321 75 35 häft.
1321 2319 58 38 (Nr
1404 2319 54 39 78).
1720 2319 16 30 1

1860 2051 17 34 $
1898 2053 43 26 20.
