1882 2816
564 183 111 29 Andra
698 183 227 37 lagutskottets
947 186 167 29 utlåtande
1137 196 39 19 nr
1199 188 50 28 26.
1638 187 20 32 5

152 252 240 42 arbetsgivare.
425 254 70 32 Det
514 265 101 30 synes
636 255 72 32 icke
730 256 166 41 föreligga
917 258 102 40 något
1040 257 73 32 skäl
1134 258 54 31 för
1209 261 52 30 att
1281 259 91 32 olika
1392 260 263 41 påföljdsregler

153 294 96 32 skola
274 295 90 41 gälla
389 295 215 33 beträffande
629 297 153 41 avgifter,
809 309 73 20 som
908 299 96 32 skola
1029 300 153 41 erläggas
1208 311 41 21 av
1275 303 110 30 större
1410 314 87 30 resp.
1523 304 131 31 mindre

154 337 239 41 arbetsgivare.
422 338 308 33 Bestämmelserna
747 340 12 31 i
776 339 22 42 8
814 341 20 30 4
852 351 98 21 mom.
969 342 19 31 6
1006 342 11 31 i
1037 342 80 31 1922
1135 345 54 29 års
1208 343 200 43 förordning
1426 345 95 32 torde
1540 346 115 31 därför

152 378 83 33 böra
255 380 123 31 ändras
400 380 12 31 i
432 381 199 42 anslutning
650 381 53 32 till
725 383 438 42 uppbördsförordningens
1185 388 237 30 motsvarande
1444 387 210 33 bestämmel-

153 432 63 21 ser.
249 421 185 43 Samtidigt
452 423 97 32 torde
569 424 66 31 den
653 425 195 32 nuvarande
867 426 262 32 bestämmelsen
1149 438 53 21 om
1221 428 195 43 fördelning
1434 440 40 21 av
1492 431 162 41 påföljds-

151 464 152 32 avgiften
328 465 84 31 böra
437 466 121 31 ändras
585 467 54 30 till
664 469 154 30 närmare
845 469 339 32 överensstämmelse
1208 471 78 31 med
1312 471 102 42 eljest
1439 472 214 33 beträffande

153 470 115 81 dylika
290 506 146 42 avgifter
457 508 199 42 tillämpade
679 509 137 41 regler.»

209 599 182 33 Utskottet.
421 600 178 33 Utskottet
616 602 63 31 har
695 602 73 32 icke
787 603 114 31 funnit
919 604 185 42 anledning
1121 605 54 31 till
1194 606 132 31 erinran
1342 618 77 20 vare
1438 608 52 41 sig
1507 611 70 29 mot
1596 610 58 30 det

151 660 120 31 genom
291 652 259 41 propositionen
570 653 189 42 framlagda
778 655 166 41 förslaget
962 656 54 30 till
1037 656 199 42 förordning
1255 668 55 21 om
1330 659 145 43 ändring
1494 660 11 30 i
1526 661 126 30 förord-

150 702 125 42 ningen
294 703 65 33 den
376 704 39 31 31
434 715 88 20 mars
541 705 80 31 1922
639 706 172 40 angående
829 707 157 41 uppbörd
1004 718 41 21 av
1062 709 145 40 avgifter
1224 710 54 30 för
1295 711 230 41 försäkringar
1542 713 11 30 i
1571 713 81 31 riks-

151 753 378 42 försäkringsanstalten
551 756 134 41 jämlikt
707 757 99 42 lagen
829 768 54 21 om
906 759 191 42 försäkring
1120 761 54 30 för
1195 761 179 41 olycksfall
1397 763 11 30 i
1431 764 115 31 arbete
1569 765 84 30 eller

149 809 71 29 mot
256 806 66 32 den
359 807 11 31 i
407 808 257 41 propositionen
701 809 196 42 föreslagna
923 812 422 43 övergångsanordningen
1371 815 54 31 för
1452 816 199 41 budgetåret

150 857 135 32 1947/48
309 859 62 31 och
394 859 53 31 får
468 859 114 32 därför
603 861 189 38 hemställa,

441 929 39 30 A.
516 930 50 29 att
588 922 181 49 riksdagen
792 932 104 30 måtte
920 931 121 32 bifalla
1065 933 223 32 förevarande
1311 936 227 40 proposition;
1564 938 87 29 samt

441 981 39 30 BD.
516 982 50 29 att
587 981 181 42 riksdagen
791 984 104 30 måtte
918 983 12 30 i
953 983 164 32 skrivelse
1142 985 53 30 till
1216 985 127 42 Kungl.
1367 987 104 41 Maj:t
1492 988 156 38 förklara,

399 1033 51 30 att
471 1031 180 42 riksdagen
673 1032 73 32 icke
770 1033 114 33 funnit
906 1035 184 41 anledning
1112 1036 53 31 till
1188 1037 133 32 erinran
1343 1041 72 29 mot
1437 1041 50 30 att
1507 1040 142 31 bestäm-

399 1082 122 32 melser
542 1095 53 19 om
616 1095 41 20 en
678 1086 379 40 övergångsanordning
1076 1088 54 30 för
1151 1089 201 40 budgetåret
1372 1091 136 31 1947/48
1527 1092 122 31 beträf-

400 1134 100 32 fande
529 1135 245 43 förskottering
802 1148 41 20 av
872 1138 559 45 olycksfallsförsäkringsavgifter
1458 1154 41 20 m.
1529 1155 41 20 m.
1601 1146 47 29 ut-

399 1185 113 33 färdas
535 1198 41 21 av
596 1187 125 42 Kungl.
744 1188 102 42 Maj:t
867 1190 12 31 i
901 1191 337 32 överensstämmelse
1260 1194 77 30 med
1359 1194 289 43 riksräkenskaps-

398 1238 133 32 verkets
554 1239 11 30 i
588 1240 261 41 propositionen
872 1242 174 40 återgivna
1069 1243 138 42 förslag.

199 1304 200 32 Stockholm
421 1306 64 32 den
507 1307 41 31 29
570 1308 88 41 april
680 1309 90 31 1948.

595 1385 50 31 På
667 1385 103 32 andra
792 1386 243 42 lagutskottets
1059 1390 136 40 vägnar:

701 1470 151 32 DAVID
875 1472 211 32 NORMAN.

548 1745 66 33 Vid
631 1747 157 31 ärendets
808 1748 208 41 behandling
1034 1750 43 31 ha
1094 1751 149 32 närvarit

195 1800 74 32 från
291 1801 138 33 första
450 1803 202 32 kammaren:
674 1805 116 32 herrar
810 1806 158 39 Norman,
991 1808 201 39 Holmbäck,
1215 1810 179 39 Forslund,
1418 1812 108 41 Hage,
1550 1813 92 38 Sten,

142 1841 189 42 Hallagård
356 1845 61 30 och
442 1845 77 31 Carl
542 1846 79 31 Eric
645 1847 175 38 Ericsson;

194 1901 73 31 från
287 1903 130 31 andra
434 1903 205 32 kammaren:
660 1905 116 32 herrar
795 1906 151 32 Olovson
960 1908 10 30 i
984 1908 170 38 Västerås,
1169 1910 171 41 Hagård”",
1355 1911 136 38 Cruse",
1507 1913 134 38 Holm”,

141 1941 54 32 fru
216 1943 197 33 Johansson
435 1945 10 30 i
467 1945 225 43 Norrköping,
714 1948 118 31 herrar
853 1949 193 32 Jacobsson
1067 1951 11 30 i
1100 1951 147 41 Igelsbo,
1271 1952 160 33 Carlsson
1453 1955 11 30 i
1484 1955 158 31 Bakeröd

141 1985 62 30 och
225 1985 198 33 Andersson
446 1987 11 31 i
480 1987 226 34 Alfredshem.

190 2070 17 18 +
224 2071 32 31 Ej
277 2073 180 25 närvarande
476 2074 47 25 vid
542 2075 178 26 utlåtandets
738 2077 154 33 justering.

135 2546 80 20 86748
258 2540 118 37 Bihang
399 2542 44 28 till
466 2542 167 37 riksdagens
651 2546 148 34 protokoll
824 2547 90 28 1948.
948 2548 17 27 9
987 2549 82 28 saml.
1104 2551 21 25 2
1147 2550 63 28 avd.
1247 2551 47 28 Nr
1316 2553 49 26 26.
