1888 2802
492 192 405 40 Bevillningsutskottets
920 195 217 31 betänkande
1158 206 43 20 nr
1221 198 51 29 59.
1615 199 18 30 5

170 274 228 31 Beträffande
423 277 294 31 nästkommande
740 278 169 40 budgetår
931 280 65 30 har
1018 280 417 42 riksräkenskapsverket
1459 282 171 31 beräknat

126 325 193 36 utgifterna
347 326 19 30 å
391 326 259 31 inkomsttiteln
679 328 45 40 på
751 329 157 39 följande
936 331 79 29 sätt.
1043 331 269 40 Utbetalningen
1339 341 42 22 av
1408 333 222 30 kommunal-

127 375 230 32 skattemedel
370 394 44 4 —
430 378 64 29 här
511 378 193 40 inbegripet
721 380 73 29 dels
812 380 152 30 förskott
997 381 6 30 å
1022 381 206 31 kommunal
1246 382 255 31 inkomstskatt
1518 384 112 30 under

126 426 243 31 kalenderåret
401 428 94 34 1950,
524 429 74 30 dels
629 429 338 40 fastighetsskatten,
998 432 73 30 dels
1101 433 66 29 ock
1197 433 268 40 slutavräkning
1494 434 46 40 på
1572 435 56 30 det

125 477 111 30 under
263 477 243 32 kalenderåret
538 479 83 30 1948
649 480 200 31 utbetalade
876 481 187 31 förskottet
1101 483 10 30 å
1137 483 207 31 kommunal
1374 484 254 31 inkomstskatt

124 544 43 5 —
191 528 100 30 torde
317 529 111 30 under
453 529 244 31 kalenderåret
725 531 84 30 1950
835 532 143 31 komma
1007 534 50 29 att
1083 534 115 39 uppgå
1225 534 54 30 till
1304 534 11 30 i
1343 537 82 28 runt
1453 535 49 30 tal
1534 535 95 31 1900

125 578 164 39 miljoner
312 579 140 35 kronor,
475 589 106 22 varav
603 580 20 31 å
645 581 112 31 första
779 582 136 30 hälften
939 592 43 21 av
1003 583 204 40 budgetåret
1233 585 147 35 1950/51
1407 585 113 30 skulle
1543 586 84 30 falla

125 628 62 30 950
205 628 166 40 miljoner
389 630 140 30 kronor.
549 631 49 30 På
617 632 111 30 andra
746 632 136 30 hälften
901 642 42 21 av
960 633 205 40 budgetåret
1185 634 174 31 beräknas
1380 637 248 29 motsvarande

125 679 259 40 utbetalningar
401 698 45 3 —
465 681 80 30 med
567 682 265 40 utgångspunkt
852 683 80 30 från
951 684 67 30 vad
1039 685 118 30 verket
1177 685 135 40 antagit
1334 686 222 30 beträffande
1576 686 52 30 in-

124 729 364 41 komstutvecklingen
506 733 92 28 samt
615 733 111 29 under
744 733 254 40 förutsättning
1016 743 42 22 av
1074 735 10 29 i
1104 737 88 28 stort
1210 737 68 28 sett
1295 735 215 32 oförändrad
1530 737 99 30 kom-

124 780 120 30 munal
262 781 235 40 utdebitering
514 782 55 30 för
588 783 38 29 år
645 783 80 30 1951
745 801 46 4 —
809 784 123 40 belöpa
952 785 52 39 sig
1021 785 52 30 till
1092 785 167 31 likaledes
1279 786 63 30 950
1364 787 165 39 miljoner
1549 787 79 30 kro-

123 840 72 20 nor.
221 831 68 29 Till
313 831 474 37 kommunalskattemedlen,
816 835 93 30 1900
936 835 165 39 miljoner
1125 836 141 35 kronor,
1294 837 89 30 skall
1408 837 118 40 läggas
1553 838 73 30 dels

123 881 240 30 restitutioner
380 891 43 21 av
441 882 312 40 preliminärskatt,
770 884 201 31 beräknade
990 886 53 29 till
1060 886 105 39 något
1183 887 81 30 över
1283 887 63 30 260
1364 887 166 40 miljoner
1548 888 78 30 kro-

122 940 73 25 nor,
228 934 93 28 samt
352 933 217 39 omföringar
600 943 43 21 av
673 935 328 39 pensionsavgifter,
1037 936 588 42 olycksfallsförsäkringsavgifter,

122 982 371 40 skogsvårdsavgifter,
511 984 198 30 annuiteter
725 995 46 20 m.
788 995 45 20 m.
852 986 79 30 med
950 995 40 21 ca
1009 987 60 30 165
1086 987 165 39 miljoner
1268 988 140 30 kronor.
1427 988 198 40 Utgifterna

122 1032 19 30 å
165 1032 102 30 titeln
294 1034 204 38 preliminär
525 1035 94 29 skatt
647 1035 19 30 å
691 1035 158 31 inkomst
877 1037 65 29 och
969 1037 242 39 förmögenhet
1238 1047 46 21 m.
1311 1048 45 20 m.
1384 1039 113 30 under
1523 1040 101 29 nästa

120 1083 170 39 budgetår
310 1085 145 38 antagas
476 1084 148 31 sålunda
643 1086 117 39 uppgå
781 1086 53 30 till
854 1087 163 39 omkring
1038 1088 19 29 2
1072 1087 62 30 300
1156 1088 165 39 miljoner
1344 1089 141 30 kronor.
1507 1090 117 30 Under

121 1133 258 31 framhållande
412 1144 42 20 av
486 1135 262 39 svårigheterna
781 1138 51 29 att
864 1137 155 30 beräkna
1052 1138 231 31 förevarande
1313 1139 235 30 inkomsttitel
1580 1158 45 4 —

120 1183 105 30 bland
242 1186 110 28 annat
367 1184 44 40 på
426 1186 114 38 grund
556 1195 42 20 av
613 1188 50 28 att
677 1186 189 41 tillräcklig
881 1187 200 31 erfarenhet
1097 1189 95 29 ännu
1208 1189 31 39 ej
1259 1190 143 30 vunnits
1420 1190 11 29 i
1449 1190 100 39 fråga
1567 1200 57 21 om

119 1234 259 40 verkningarna
395 1244 43 22 av
456 1236 72 29 dels
546 1236 57 30 det
620 1246 68 30 nya
707 1237 359 40 uppbördssystemet,
1087 1239 71 30 dels
1179 1240 59 29 det
1256 1240 80 30 från
1356 1240 65 30 och
1439 1241 80 30 med
1540 1241 84 30 1948

120 1284 202 41 tillämpade
348 1286 284 39 skattesystemet
654 1305 45 3 —
722 1288 65 29 och
812 1289 79 29 med
916 1289 304 39 understrykande
1245 1291 87 29 även
1357 1300 42 21 av
1424 1291 198 30 ovissheten

118 1335 10 29 i
152 1336 41 29 de
216 1335 124 39 gjorda
364 1337 245 39 antagandena
631 1346 56 21 om
710 1338 67 30 den
800 1338 212 31 kommande
1033 1339 404 41 inkomstutvecklingen
1461 1342 161 30 förordar

119 1386 427 40 riksräkenskapsverket,
573 1389 51 28 att
649 1388 101 30 titeln
775 1388 167 40 uppföres
970 1390 11 29 i
1009 1390 191 30 riksstaten
1226 1391 80 30 med
1332 1391 96 30 2200
1457 1392 165 39 miljoner

119 1436 140 29 kronor.

161 1487 13 29 I
194 1487 349 31 överensstämmelse
562 1489 79 29 med
660 1498 42 21 av
721 1489 421 31 överståthållarämbetet
1162 1491 123 39 gjorda
1304 1491 235 41 beräkningar
1558 1494 63 30 har

117 1537 417 41 riksräkenskapsverket
559 1539 159 40 upptagit
740 1540 202 30 inkomsten
965 1550 42 21 av
1049 1542 350 39 kupongskatt
1443 1543 56 31 för
1521 1545 101 30 nästa

117 1587 170 40 budgetår
306 1588 53 30 till
382 1598 134 21 samma
536 1589 124 41 belopp
682 1599 75 21 som
779 1590 55 30 för
856 1591 235 31 innevarande
1111 1592 179 40 budgetår,
1313 1593 82 31 eller
1416 1594 19 30 6
1457 1595 165 39 miljoner

116 1639 141 29 kronor.

160 1689 93 30 även
291 1689 259 31 inkomsttiteln
593 1691 503 41 utskiftningsskatt
1140 1694 87 30 och
1271 1696 350 40 ersättnings-

117 1740 133 29 skatt
292 1740 65 30 har
380 1750 42 21 av
443 1741 416 41 riksräkenskapsverket
881 1743 55 30 för
960 1744 203 40 budgetåret
1190 1745 148 43 1950/51
1364 1747 178 39 upptagits
1567 1747 53 30 till

116 1789 205 31 oförändrat
338 1791 134 40 belopp,
494 1793 15 28 1
531 1792 125 40 miljon
674 1793 142 30 kronor.

161 1840 261 31 Inkomsttiteln
484 1843 516 40 skogsvårdsavgifter
1030 1846 65 29 har
1117 1846 54 30 för
1190 1847 240 30 innevarande
1451 1848 170 39 budgetår

115 1891 178 39 upptagits
319 1891 52 29 till
402 1892 18 29 5
450 1892 164 39 miljoner
640 1894 142 30 kronor.
822 1895 116 29 Under
967 1895 203 39 budgetåret
1200 1897 150 43 1948/49
1378 1898 162 39 utgjorde
1569 1899 50 29 in-

114 1941 162 29 komsten
300 1941 19 30 å
343 1941 97 30 titeln
467 1942 46 34 4,6
535 1943 164 39 miljoner
722 1945 141 29 kronor.
900 1945 117 30 Under
1040 1946 254 41 förutsättning
1319 1950 50 27 att
1395 1949 225 39 skogsvårds-

115 1990 153 40 avgiften
294 1991 55 31 för
373 1992 38 30 år
436 1993 83 30 1950
542 1994 192 30 fastställes
756 1997 50 28 att
830 1996 83 38 utgå
934 1996 89 29 efter
1046 2006 134 21 samma
1205 1998 235 39 promillesats
1465 2009 74 20 som
1564 2000 55 30 för

114 2041 38 29 år
178 2041 93 35 1949,
296 2042 82 30 eller
403 2052 41 20 en
469 2044 65 29 och
558 2053 43 20 en
626 2044 81 31 halv
733 2046 170 39 promille,
928 2046 160 31 förordar
1113 2048 428 41 riksräkenskapsverket,
1568 2052 50 29 att

114 2092 258 30 inkomsttiteln
396 2093 55 30 för
477 2095 101 29 nästa
602 2095 169 39 budgetår
797 2099 169 37 upptages
995 2099 77 29 med
1098 2098 44 34 4,6
1166 2099 164 39 miljoner
1356 2101 141 34 kronor,
1523 2101 95 30 inne-

114 2142 152 30 bärande
295 2151 42 21 en
363 2144 205 41 minskning
592 2145 10 29 i
629 2145 220 31 förhållande
875 2147 52 29 till
954 2148 158 38 gällande
1139 2149 146 30 riksstat
1312 2151 79 29 med
1421 2151 44 34 0,
1493 2152 124 38 miljon

114 2191 139 30 kronor.

157 2242 244 31 Inkomsterna
437 2244 19 29 å
490 2244 100 30 titeln
636 2246 549 41 bevillningsavgifter
1231 2250 78 30 för
1355 2252 261 30 särskilda

113 2292 246 29 förmåner
400 2294 85 29 och
524 2295 314 38 rättigheter
874 2297 44 30 ha
940 2307 43 20 av
1002 2298 415 41 riksräkenskapsverket
1438 2302 55 29 för
1516 2303 100 29 nästa

112 2342 169 38 budgetår
303 2342 188 31 beräknats
513 2344 52 29 till
587 2345 62 29 200
664 2346 63 29 000
751 2347 139 34 kronor,
914 2347 236 31 innebärande
1172 2358 43 21 en
1240 2350 131 40 ökning
1396 2352 79 29 med
1498 2352 41 30 50
1554 2353 62 29 000

113 2391 139 30 kronor.

156 2443 11 28 I
193 2442 205 40 anslutning
421 2444 52 29 till
500 2454 42 20 av
569 2446 391 40 generalpoststyrelsen
988 2448 121 39 gjorda
1134 2449 234 41 beräkningar
1396 2452 64 30 har
1488 2453 128 30 riksrä-

111 2493 298 39 kenskapsverket
446 2494 55 29 för
538 2495 235 32 innevarande
812 2498 168 39 budgetår
1005 2500 205 39 uppskattat
1237 2501 241 32 inkomsterna
1506 2504 109 30 under
