2204 2658
664 228 365 43 Bevillningsutskottets
1052 231 214 33 Betänkande
1290 233 62 31 N:o
1376 233 52 32 24.
1808 235 37 33 21

248 306 135 47 gifvits;
414 308 70 35 och
513 308 50 37 låt
592 309 99 46 varfa,
722 313 61 43 att,
815 311 122 37 såsom
969 314 108 35 äfven
1105 314 392 46 generaltullstyrelsen
1526 317 123 44 yttrar,
1667 316 183 47 svårighet

248 360 117 36 skulle
406 363 101 35 möta
535 365 51 34 att
614 364 177 37 fastställa
820 365 79 37 icke
929 367 100 45 blott,
1060 366 182 37 huruvida
1270 367 71 36 den
1370 369 147 46 angifna
1545 370 303 47 förutsättningen

249 414 220 47 förefunnes,
514 419 88 34 utan
645 418 108 36 äfven
797 419 60 37 det
884 423 136 43 gängse
1058 421 346 46 försäljningspriset
1439 422 22 36 å
1489 423 358 47 produktionsorten,

248 478 111 35 synas
388 468 94 37 dock
510 470 109 37 dessa
647 471 224 47 svårigheter
898 475 215 46 näppeligen
1143 486 90 25 vara
1261 479 127 42 större,
1411 479 47 33 än
1478 479 50 33 att
1548 477 44 36 de
1612 478 92 36 böra
1723 479 126 36 kunna

247 521 235 47 undanröjas.

353 577 229 37 Motionären
623 579 68 36 har
733 580 124 37 vidare
899 582 194 46 föreslagit,
1135 585 51 34 att
1227 583 60 36 vid
1315 584 85 35 tvist
1428 595 62 25 om
1519 584 59 37 det
1606 586 123 45 värde,
1761 586 88 37 efter

246 629 137 37 hvilket
423 632 64 35 tull
528 633 92 35 skall
663 633 183 37 beräknas
880 636 57 35 för
976 645 106 27 varor
1124 637 40 35 af
1203 648 51 24 nu
1289 636 253 47 ifrågakomna
1571 639 88 46 slag,
1691 640 155 36 bestäm-

246 683 150 37 mandet
437 685 39 35 af
514 686 98 36 detta
653 687 112 36 värde
808 689 117 36 skulle
954 690 126 36 kunna
1108 690 219 46 hänskjutas
1355 691 49 36 till
1434 692 202 45 skiljemän.
1695 694 77 36 Mot
1800 697 49 33 ett

246 737 112 45 dylikt
399 738 134 47 förslag
571 740 67 36 har
680 742 175 36 utskottet
882 743 79 36 icke
990 744 78 35 haft
1096 746 113 34 annat
1237 747 51 33 att
1317 745 130 46 erinra,
1478 748 48 33 än
1555 748 51 34 att
1634 748 175 36 utskottet
1837 749 10 35 i

245 791 113 36 likhet
395 793 83 35 med
518 794 393 47 generaltullstyrelsen
953 808 110 26 anser
1104 800 108 34 sättet
1244 798 126 36 härför
1398 799 91 36 böra
1519 801 237 46 uttryckligen
1786 813 60 24 an-

244 845 116 45 gifvas
389 846 70 36 och
488 847 79 36 icke
595 848 105 46 lagen
731 849 71 36 den
832 850 48 36 28
912 851 153 36 oktober
1096 852 100 36 1887
1228 863 60 24 om
1319 852 191 45 skiljemän
1540 854 193 45 åberopas.

354 900 104 35 Hvad
499 901 159 37 härefter
701 903 114 45 angår
858 903 60 37 det
960 905 71 45 fall,
1067 907 51 34 att
1146 905 45 36 de
1220 906 40 35 af
1285 906 276 37 vederbörande
1589 908 257 37 tullkammare

243 952 194 37 tillkallade
479 954 391 48 besiktningsmännen
903 958 119 36 åsätta
1050 970 46 25 en
1124 970 90 25 vara
1242 959 96 36 olika
1367 960 122 46 värde,
1520 961 67 36 har
1615 963 231 36 motionären

245 1007 192 45 föreslagit,
481 1010 51 34 att
574 1009 59 36 det
674 1010 99 46 lägre
816 1011 127 36 värdet
985 1013 92 35 skall
1110 1013 125 46 läggas
1264 1014 50 34 till
1342 1014 118 45 grund
1489 1015 55 35 för
1572 1016 270 46 förtullningen.

244 1060 400 47 Generaltullstyrelsen
673 1063 77 36 åter
778 1064 68 36 har
874 1065 11 35 i
914 1065 98 37 detta
1040 1066 61 36 fall
1129 1069 120 33 ansett
1276 1067 208 37 medeltalet
1512 1069 134 36 mellan
1675 1070 45 36 de
1749 1071 97 36 olika

242 1114 362 47 värdesättningarne
634 1117 91 36 böra
750 1120 129 44 utgöra
908 1119 60 36 det
997 1120 122 45 värde,
1151 1121 89 35 efter
1267 1121 137 36 hvilket
1419 1133 115 25 varan
1555 1123 91 36 skall
1667 1124 175 37 förtullas.

247 1168 93 36 Utan
381 1171 51 33 att
473 1169 56 36 för
570 1171 231 36 närvarande
840 1173 84 45 vilja
959 1174 113 36 uttala
1100 1174 53 46 sig
1182 1185 59 25 om
1273 1175 215 46 riktigheten
1516 1176 40 36 af
1581 1188 86 25 vare
1692 1178 53 46 sig
1774 1178 70 36 den

244 1232 71 25 ena
343 1222 85 36 eller
456 1223 72 36 den
556 1224 116 36 andra
701 1225 40 36 af
766 1225 109 37 dessa
904 1227 96 36 båda
1029 1228 282 46 uppfattningar,
1343 1240 108 25 anser
1480 1230 52 46 sig
1556 1231 96 35 dock
1671 1233 174 35 utskottet

245 1276 91 35 böra
364 1276 203 46 framhålla,
598 1280 51 33 att
677 1281 49 33 ett
754 1281 206 45 uttryckligt
988 1281 200 45 stadgande
1217 1282 51 35 uti
1282 1282 277 46 ifrågavarande
1584 1285 173 36 afseende
1777 1286 67 36 bör

242 1329 11 35 i
282 1330 216 45 paragrafen
526 1331 141 46 intagas
696 1335 96 33 samt
820 1335 51 33 att
899 1336 49 33 ett
977 1334 111 46 dylikt
1116 1335 201 45 stadgande
1346 1347 110 34 synes
1485 1337 91 36 böra
1603 1339 107 45 gälla,
1737 1339 107 36 äfven

244 1382 47 35 då
319 1383 146 36 värdets
494 1384 280 38 bestämmande
803 1386 221 46 hänskjutits
1053 1388 50 35 till
1132 1389 203 46 skiljemän,
1366 1391 183 45 nämligen
1579 1391 47 36 då
1646 1392 70 36 alla
1737 1392 108 37 dessa

242 1438 148 34 stannat
417 1437 10 35 i
457 1437 97 36 olika
582 1439 130 36 beslut.

351 1490 105 36 Hvad
499 1491 166 47 slutligen
689 1493 232 37 vidkommer
950 1496 252 36 motionärens
1231 1496 135 46 förslag
1395 1498 49 35 till
1473 1498 140 37 ändrad
1642 1499 137 46 lydelse
1808 1502 40 34 af

241 1544 22 45 &
309 1544 21 35 6
375 1544 495 49 tulltaxeunderrättelserna,
915 1549 68 35 har
1023 1549 59 36 det
1124 1552 102 43 synts
1268 1552 175 35 utskottet
1475 1552 129 46 riktigt,
1635 1556 63 42 att,
1729 1554 115 36 sedan

241 1608 154 25 numera
432 1598 348 39 handelskammare
822 1602 48 45 på
912 1602 178 47 åtskilliga
1131 1604 136 44 platser
1301 1605 176 45 inrättats,
1522 1606 109 36 dessa
1674 1608 96 45 välja
1799 1608 44 36 de

242 1652 241 46 sakkunniga,
513 1653 124 36 hvilka
665 1655 60 35 vid
755 1666 128 26 varors
913 1657 248 45 besiktigande
1191 1658 105 36 skola
1324 1658 222 47 tillhandagå
1566 1660 277 38 vederbörande

240 1705 267 46 tullkammare,
541 1707 190 37 äfvensom
762 1711 62 42 att,
846 1709 66 36 där
932 1710 141 36 sådana
1092 1711 243 37 institutioner
1355 1713 79 36 icke
1455 1713 131 46 finnas,
1608 1715 235 45 magistraten

240 1758 91 35 efter
359 1770 125 24 annan
514 1762 262 35 motsvarande
805 1763 216 46 inrättnings
1050 1764 165 36 hörande
1244 1766 113 44 väljer
1386 1766 108 36 dessa
1522 1778 187 33 personer.
1759 1769 84 36 Men

240 1811 61 36 det
343 1812 66 36 bör
439 1813 69 35 ock
537 1815 170 35 särskildt
735 1815 225 46 framhållas,
992 1819 50 33 att
1070 1818 116 35 under
1216 1818 140 36 sådana
1385 1819 254 37 förhållanden
1669 1822 173 36 vederbö-

239 1864 114 37 rande
391 1866 255 37 tullkammare
686 1869 92 35 skall
816 1880 89 25 vara
940 1870 140 46 skyldig
1118 1873 50 33 att
1206 1871 110 36 bland
1352 1872 44 36 de
1425 1873 156 36 sålunda
1609 1874 48 45 på
1686 1875 156 37 förhand

238 1918 109 36 valda
374 1929 226 35 personerna
631 1923 80 34 utse
741 1922 234 47 erforderliga
1004 1925 227 45 sakkunnige
1260 1926 191 36 äfvensom
1481 1929 51 33 att
1559 1928 283 37 tullkammaren

238 1971 68 36 bör
342 1972 136 37 erhålla
508 1974 264 38 underrättelse
802 1987 60 25 om
893 1977 45 35 de
968 1977 55 36 för
1051 1977 209 37 ändamålet
1288 1979 155 37 utsedda
1471 1992 187 33 personer.
1718 1982 124 37 Skulle

238 2025 42 35 så
309 2026 154 45 inträffa,
495 2029 50 34 att
574 2028 111 36 bland
715 2029 109 36 dessa
853 2029 47 46 på
925 2030 158 36 förhand
1112 2032 108 35 valda
1248 2043 176 34 personer
1453 2034 71 36 den
1553 2036 180 36 särskilda
1762 2038 78 34 sak-

238 2079 180 45 kunskap,
450 2091 80 25 som
560 2082 9 34 i
588 2075 73 61 ett.
677 2083 244 45 föreliggande
950 2084 61 35 fall
1040 2085 194 45 erfordras,
1264 2086 80 36 icke
1373 2090 41 32 är
1432 2089 277 43 representerad
1731 2090 109 36 bland

237 2131 110 36 dessa
383 2143 186 36 personer,
607 2146 110 34 synes
746 2136 37 35 åt
811 2137 278 36 vederbörande
1118 2138 358 47 handelskammare,
1507 2142 196 35 eventuellt
1731 2139 108 54 magi-

237 2187 90 33 strat
356 2186 88 35 efter
472 2197 126 25 annan
625 2190 78 33 mot
732 2189 347 37 handelskammare
1100 2192 183 36 svarande
1303 2193 216 46 inrättnings
1548 2195 177 46 hörande,
1748 2197 90 35 böra

236 2239 200 45 inrymmas
465 2242 70 33 rätt
562 2242 51 34 att
641 2241 10 35 i
681 2241 121 45 dylika
831 2242 60 36 fall
921 2245 80 34 utse
1031 2244 161 44 speciellt
1220 2245 170 46 lämpliga
1420 2257 186 34 personer.

345 2292 67 36 Om
443 2294 173 35 utskottet
644 2294 105 37 alltså
778 2296 118 35 funnit
925 2296 52 45 sig
1008 2297 90 35 böra
1126 2298 9 34 i
1165 2298 140 46 princip
1334 2300 196 44 godkänna
1559 2301 59 36 det
1647 2303 39 34 af
1712 2303 124 35 motio-
