1886 2814
541 147 110 28 Andra
676 147 226 36 lagutskottets
924 149 166 29 utlåtande
1113 159 39 18 nr
1178 152 47 27 38.
1608 152 13 29 i

803 424 59 40 Nr
894 425 65 41 38.

564 543 127 27 Ankom
716 544 49 27 till
789 544 188 37 riksdagens
1000 545 104 28 kansli
1128 546 62 27 den
1217 547 34 26 17
1277 547 63 36 maj
1368 547 79 27 1944
1472 547 40 28 kl.
1530 547 17 28 5
1564 556 59 19 em.

434 642 193 36 Utlåtande
655 643 14 34 1
697 643 195 50 anledning
922 657 43 23 av
994 645 73 35 dels
1098 646 132 47 Kungl.
1253 647 126 47 Maj:ts
1402 647 223 48 proposition

535 704 79 34 med
636 703 148 49 förslag
804 704 56 35 till
881 706 220 47 förordning
1121 707 183 46 angående
1322 708 158 47 ändring
1499 709 14 34 i
1530 709 96 34 vissa

535 763 102 35 delar
674 777 45 22 av
744 765 265 48 förordningen
1038 766 67 35 den
1134 766 48 36 18
1208 767 81 43 juni
1315 767 98 36 1927
1441 771 61 39 (nr
1530 768 96 43 234)

534 835 54 23 om
622 826 193 43 ersättning
847 826 14 33 i
887 825 195 48 anledning
1110 839 45 23 av
1185 827 255 48 kroppsskada,
1469 829 158 47 ådragen

537 884 113 35 under
686 884 385 51 militärtjänstgöring,
1109 900 44 22 m.
1187 901 55 33 m.,
1280 888 74 35 dels
1382 889 61 35 ock
1470 889 14 35 i
1511 893 117 31 ämnet

534 945 128 35 väckta
689 946 179 35 motioner.

175 1051 133 32 Genom
327 1064 42 19 en
388 1053 66 31 den
474 1054 36 30 11
530 1053 151 32 februari
700 1054 81 31 1944
798 1055 211 41 dagtecknad
1025 1056 226 42 proposition,
1269 1068 40 20 nr
1328 1057 68 37 107,
1415 1057 113 32 vilken
1545 1057 77 32 hän-

121 1102 108 32 visats
250 1103 53 31 till
323 1103 190 42 lagutskott
533 1104 62 31 och
616 1104 203 33 behandlats
840 1116 41 20 av
902 1106 106 32 andra
1027 1106 233 42 lagutskottet,
1282 1107 62 32 har
1363 1107 126 42 Kungl.
1512 1108 109 41 Maj:t,

120 1153 110 32 under
248 1153 215 42 åberopande
483 1165 40 20 av
541 1155 261 41 propositionen
819 1155 110 43 bilagt
946 1156 122 42 utdrag
1086 1169 42 20 av
1147 1157 377 42 statsrådsprotokollet
1543 1160 80 30 över

120 1204 312 39 försvarsärenden,
454 1205 178 42 föreslagit
652 1206 182 42 riksdagen

173 1255 76 31 dels
271 1257 51 31 att
344 1256 123 41 antaga
489 1256 57 31 vid
569 1256 261 42 propositionen
853 1257 122 42 fogade
999 1258 128 41 förslag
1149 1258 55 31 till

177 1305 28 41 1)
226 1306 203 42 förordning
451 1307 175 41 avgående
650 1308 145 41 ändring
817 1308 12 31 i
851 1308 93 32 vissa
967 1309 94 31 delar
1083 1320 41 21 av
1146 1309 247 42 förordningen
1414 1310 66 32 den
1499 1312 37 30 18
1549 1311 76 41 juni

123 1357 80 30 1927
239 1356 50 41 (nr
323 1357 75 39 234)
433 1368 54 20 om
522 1358 194 41 ersättning
748 1358 11 31 i
793 1359 186 41 anledning
1012 1371 40 20 av
1074 1360 247 41 kroppsskada,
1345 1360 148 42 ådragen
1518 1361 109 32 under

120 1405 372 44 militärtjänstgöring;
517 1410 89 29 samt

173 1457 31 41 2)
226 1457 203 42 förordning
451 1459 175 40 angående
649 1459 145 42 ändring
816 1460 11 30 i
850 1460 92 32 vissa
965 1460 94 32 delar
1081 1472 41 20 av
1145 1461 245 42 förordningen
1413 1462 65 31 den
1496 1463 39 31 28
1548 1462 76 41 juni

121 1508 81 31 1941
237 1507 51 41 (nr
310 1509 73 40 591)
411 1519 54 20 om
489 1509 251 41 familjebidrag
762 1512 35 29 åt
818 1510 228 42 värnpliktiga
1069 1511 79 31 med
1170 1511 91 39 flera,
1284 1512 91 31 vilka
1398 1512 163 32 drabbats
1584 1524 41 19 av

82 1555 289 44 kroppsskada;

174 1609 74 31 dels
267 1609 61 31 ock
345 1610 51 30 att
413 1609 205 42 bemyndiga
635 1609 126 42 Kungl.
782 1610 101 42 Maj:t
901 1612 50 30 att
974 1611 5 31 i
997 1611 65 31 den
1080 1613 78 29 mån
1177 1613 38 30 så
1233 1612 170 33 erfordras
1422 1612 136 42 vidtaga
1577 1614 42 30 åt-

120 1659 122 41 gärder
257 1659 53 31 för
326 1662 51 30 att
393 1659 253 42 familjebidrag
662 1660 107 41 enligt
784 1671 46 21 nu
848 1661 156 41 gällande
1021 1661 150 42 grunder
1185 1662 77 31 med
1279 1662 41 31 de
1338 1662 190 41 ändringar,
1547 1674 71 22 som

120 1709 74 31 däri
216 1711 54 30 må
291 1710 104 31 varda
416 1710 187 38 beslutade,
628 1710 87 32 skall
737 1711 113 32 kunna
872 1713 81 40 utgå
973 1712 58 31 vid
1052 1712 236 42 kroppsskada
1308 1713 109 31 under
1438 1713 45 31 all
1504 1714 117 41 tjänst-

119 1760 123 41 göring
264 1760 86 32 efter
373 1760 66 32 den
462 1761 18 30 2
503 1760 193 42 september
719 1761 79 32 1939
821 1762 62 31 och
905 1762 104 31 innan
1032 1762 118 42 frågan
1173 1773 54 21 om
1249 1763 149 31 revision
1421 1774 41 21 av
1484 1764 136 31 militär-

120 1810 455 42 ersättningsförordningen
592 1811 102 33 blivit
712 1811 184 42 slutgiltigt
913 1813 128 41 prövad
1060 1812 63 32 och
1141 1813 103 31 därav
1261 1813 201 32 föranledda
1478 1813 142 32 bestäm-

119 1860 124 32 melser
265 1862 82 30 trätt
370 1861 11 31 i
405 1861 98 31 kraft.

172 1911 18 30 I
207 1911 164 31 samband
386 1912 77 31 med
478 1911 260 42 propositionen
753 1912 61 31 har
828 1912 167 32 utskottet
1010 1913 54 31 till
1079 1912 209 43 behandling
1303 1913 150 31 förehaft
1468 1914 151 41 följande

119 1961 10 30 i
154 1960 185 42 anledning
362 1972 40 20 av
426 1961 194 32 densamma
643 1961 92 31 inom
758 1962 181 41 riksdagen
961 1962 116 32 väckta
1101 1962 177 38 motioner,
1302 1963 171 41 nämligen

171 2027 92 31 inom
283 2028 109 31 första
412 2027 191 32 kammaren

170 2088 41 20 nr
234 2077 57 31 281
317 2088 40 20 av
380 2078 78 30 herr
477 2078 153 39 Ericson,
651 2079 118 38 Frans,
788 2090 41 20 m.
850 2080 47 39 fl.,

183 2142 12 13 »
233 2128 60 31 284
329 2143 13 13 »
379 2129 79 31 herr
479 2129 191 40 Holmberg
693 2132 88 28 samt

234 2178 59 31 285
330 2193 13 13 »
380 2179 78 31 herr
478 2179 199 40 Anderberg
698 2191 41 19 m.
760 2180 36 39 fl.
817 2181 160 30 ävensom

170 2246 92 30 inom
286 2246 106 30 andra
415 2246 191 31 kammaren

170 2306 40 19 nr
232 2295 60 31 453
316 2306 40 19 av
379 2295 79 31 herr
480 2295 199 32 Andersson
702 2295 11 30 i
738 2295 184 41 Göteborg,

184 2363 12 9 »
233 2345 61 30 454
330 2359 13 13 »
380 2345 78 30 herr
481 2345 157 40 Thapper
660 2356 42 21 m.
725 2345 48 40 fl.,
796 2345 215 41 likalydande
1036 2346 75 31 med
1135 2346 172 31 motionen
1331 2358 39 18 nr
1393 2347 59 30 281
1477 2347 10 30 i
1511 2347 105 31 första

116 2395 201 37 kammaren,

164 2456 112 35 Bihang
299 2457 45 27 till
367 2456 168 36 riksdagens
556 2457 144 35 protokoll
726 2458 87 27 1944.
861 2459 17 25 9
900 2457 83 28 saml.
1028 2459 20 26 2
1070 2458 63 27 avd.
1179 2458 46 27 Nr
1249 2459 46 26 38.
1497 2467 39 18 897
1550 2467 24 18 44
