2137 2665
355 198 17 29 4
785 201 86 41 Lag-
880 177 167 71 Utskottets
1076 203 173 34 Utlåtande
1273 206 63 32 N:o
1360 208 49 31 35.

929 492 350 38 Reservationer:

434 591 42 37 af
510 592 99 37 Herr
652 592 237 40 Thomasson:
931 596 100 37 "För
1059 599 78 36 min
1166 599 59 37 del
1255 614 112 24 anser
1389 602 73 49 jag
1489 602 101 37 hvad
1619 604 86 37 med
1734 603 162 39 Riksda-

303 656 98 36 gens
431 645 263 50 underdåniga
723 647 203 38 skrifvelse
956 650 72 36 den
1061 653 16 34 1
1108 651 75 49 Maj
1214 653 192 38 nästlidna
1427 657 42 34 år
1488 655 194 49 åsyftades
1704 657 191 49 tydligare

304 695 70 35 och
403 695 245 38 bestämdare
679 699 115 36 hafva
822 701 191 47 uttryckts
1041 715 142 34 genom
1212 717 47 22 en
1289 708 40 32 så
1358 706 167 47 lydande

432 746 244 51 Förordning
704 751 199 48 angående
933 751 235 53 äktenskaps
1197 755 215 39 afslutande
1441 757 10 37 i
1465 758 112 37 visst
1605 758 65 38 fall
1689 759 100 38 inför
1809 760 85 38 bor-

302 799 126 48 gerlig
457 801 246 48 myndighet:

430 851 75 36 Vill
534 855 141 46 någon,
705 867 80 23 som
815 854 83 37 icke
929 855 124 37 blifvit
1077 857 103 49 döpt,
1203 859 93 36 eller
1314 873 82 24 som
1413 861 83 37 icke
1512 862 103 37 inom
1632 865 261 48 evangeliskt-

300 901 199 39 lutherska
527 904 150 49 kyrkan
706 906 70 36 och
806 907 122 49 enligt
957 908 145 37 hennes
1132 911 165 49 ordning
1325 913 132 49 begått
1490 914 169 38 Herrans
1687 912 200 59 Nattvard,

298 954 93 48 ingå
432 955 228 51 äktenskap,
704 959 46 36 då
792 962 71 44 må,
907 960 11 36 i
962 960 46 36 de
1037 961 77 48 fall,
1148 963 58 36 för
1233 964 133 37 hvilka
1395 967 190 36 särskilda
1613 967 238 38 föreskrifter
1877 971 13 35 i

299 1005 139 50 Kongl.
482 1007 277 51 förordningen
793 1011 73 37 den
895 1014 45 35 31
973 1011 170 39 Oktober
1175 1017 95 35 1873
1301 1018 199 48 angående
1529 1019 236 39 främmande
1793 1027 97 31 tros-

298 1058 221 39 bekännare
557 1062 71 36 och
658 1062 110 37 deras
797 1064 324 50 religionsöfning
1144 1067 84 37 icke
1256 1069 120 37 redan
1404 1071 116 48 gälla,
1550 1072 257 51 äktenskapet
1836 1074 54 36 af-

298 1110 121 37 slutas
461 1112 11 36 i
501 1113 74 36 den
604 1114 167 50 ordning
800 1116 70 36 och
900 1117 86 36 med
1014 1118 248 51 tillämpning
1291 1122 42 35 af
1356 1123 46 42 de
1431 1124 252 49 stadganden,
1714 1139 81 23 som
1824 1140 64 23 an-

296 1164 148 45 gående
488 1164 214 50 borgerligt
744 1168 214 49 äktenskap
994 1170 71 35 och
1094 1171 100 36 hvad
1225 1172 11 35 i
1265 1175 280 49 sammanhang
1573 1177 156 37 dermed
1758 1182 40 32 så
1827 1179 58 35 väl

295 1214 12 35 i
349 1214 181 38 afseende
571 1220 48 46 på
647 1217 158 51 lysning
833 1233 81 23 som
943 1220 58 37 för
1031 1221 117 50 öfrigt
1175 1223 192 51 iakttagas
1397 1226 79 49 bör,
1511 1228 5 36 i
1546 1230 166 36 nämnda
1740 1229 146 38 författ-

295 1266 96 49 ning
414 1272 65 32 äro
510 1270 255 37 meddelade.

423 1320 43 35 af
488 1320 142 37 Herrar
662 1323 181 48 Torpadie
871 1324 70 35 och
973 1325 47 35 H.
1051 1327 43 34 A.
1132 1328 195 37 Widmark.

419 1577 99 37 Herr
547 1578 141 38 Grefve
716 1582 149 37 Mörner
894 1584 69 36 har
991 1585 135 49 begärt
1155 1586 34 36 få
1218 1587 69 37 här
1315 1589 245 49 antecknadt,
1590 1596 55 32 att
1669 1592 211 49 han
1749 1585 20 60 i
1787 1592 93 49 följd

289 1634 36 29 at
367 1629 169 37 erhållen
566 1631 172 49 ledighet
767 1634 80 37 från
878 1636 405 50 riksdagsgöromålen
1312 1640 86 37 icke
1429 1643 97 35 varit
1554 1646 250 47 närvarande,
1835 1645 44 37 då

288 1680 159 37 ärendet
474 1682 103 37 inom
607 1684 199 38 Utskottet
833 1687 203 49 företagits
1066 1689 57 37 till
1152 1691 220 47 afgörande.

519 2372 215 32 STOCKHOLM,
754 2376 100 24 ISAAU
874 2378 146 23 MARUUS
1040 2368 486 45 BOKTRYCKERI-AKTIEBOLAG,
1550 2369 72 41 1380.
