1904 2832
497 184 121 30 Första
640 183 238 37 lagutskottets
902 181 175 31 utlåtande
1099 181 49 30 Nr
1173 181 50 29 50.
1594 173 19 29 9

106 270 99 38 fråga
221 270 146 31 kommit
382 270 11 29 i
410 272 46 28 ett
472 271 73 35 nytt
561 269 74 36 läge
652 267 44 38 på
713 268 109 36 grund
838 276 42 21 av
898 267 66 30 den
981 264 280 35 förstörelserisk,
1280 273 75 21 som
1372 263 56 30 det
1446 263 166 30 moderna

106 321 110 37 kriget
232 321 145 30 medför.
395 315 94 35 Även
505 318 241 35 arkivlokaler,
764 327 74 21 som
854 317 126 30 bereda
997 316 160 30 säkerhet
1174 317 72 28 mot
1263 313 138 37 vanliga
1418 311 193 36 eldsvådor,

107 372 117 30 lämna
243 371 122 31 endast
385 369 248 37 undantagsvis
654 371 48 28 ett
723 367 315 31 tillfredsställande
1059 366 114 36 skydd
1194 367 71 28 mot
1285 364 259 35 bombnedslag.

153 421 135 29 Främst
313 429 42 21 av
383 420 93 30 detta
501 419 74 30 skäl
601 419 66 30 har
692 418 11 30 i
729 416 257 38 promemorian
1013 415 185 36 förordats,
1226 417 49 28 att
1298 413 315 36 renovationsskyl-

107 472 162 36 digheten
292 472 10 29 i
330 474 86 27 stort
440 473 64 28 sett
527 470 111 31 skulle
662 468 190 31 bibehållas
879 468 66 30 och
970 470 48 27 att
1042 469 47 28 ett
1115 465 181 37 väsentligt
1320 464 171 31 snabbare
1515 473 98 21 reno-

108 522 341 31 vationsförfarande
476 520 109 32 skulle
612 520 210 31 föreskrivas
849 519 11 29 i
886 518 99 36 fråga
1011 527 56 21 om
1094 518 42 30 de
1161 516 219 37 handlingar,
1411 525 75 21 som
1510 514 105 37 enligt

108 573 202 31 nuvarande
337 572 261 31 bestämmelser
624 580 184 21 renoveras
835 569 11 30 i
875 569 156 36 långsam
1058 569 84 31 takt.
1171 567 65 31 Det
1263 567 64 31 har
1354 566 119 31 vidare
1500 566 11 30 i
1536 574 78 28 pro-

108 625 192 31 memorian
325 623 179 38 påpekats,
529 626 48 28 att
601 626 49 28 ett
674 623 169 30 snabbare
869 619 424 32 renovationsförfarande
1319 618 112 31 skulle
1456 626 81 22 vara
1562 617 51 30 till

106 682 91 29 gagn
221 674 56 30 för
299 674 67 30 den
391 673 151 31 kontroll
564 673 83 30 över
669 670 353 38 stämpeluppbörden
1047 670 66 30 och
1136 670 69 30 den
1227 668 187 36 insamling
1438 677 43 21 av
1504 666 111 32 statis-

108 725 91 31 tiska
220 724 185 37 uppgifter,
428 724 112 30 vartill
560 723 160 31 material
741 721 144 31 erhålles
907 731 42 20 ur
970 721 41 30 de
1032 721 50 30 till
1105 720 224 30 hovrätterna
1350 718 148 31 insända
1519 727 97 21 reno-

110 775 403 36 vationshandlingarna.

155 826 176 37 Förslaget
358 828 51 28 att
435 824 184 38 påskynda
645 822 439 33 renovationsförfarandet
1111 822 66 30 har
1203 820 11 31 i
1241 819 159 37 samtliga
1430 818 185 37 remissytt-

109 877 134 31 randen
272 877 182 36 tillstyrkts
483 876 81 31 eller
592 876 151 30 lämnats
773 877 86 28 utan
888 873 147 31 erinran.
1067 872 65 36 Jag
1162 872 115 30 finner
1304 870 108 31 också
1442 869 175 36 önskvärt,

110 931 50 28 att
181 938 43 21 en
248 927 108 32 sådan
378 927 132 31 reform
532 925 229 38 genomföres.

156 979 115 36 Enligt
302 978 166 36 förslaget
498 977 110 31 skulle
638 977 12 30 i
681 979 84 28 stort
797 978 63 28 sett
893 974 57 31 två
981 974 103 31 serier
1114 983 42 21 av
1188 971 311 32 renovationstider
1529 971 88 30 före-

110 1032 153 30 komma.
284 1030 68 31 För
372 1030 163 35 dombok,
556 1026 423 40 jorddelningsprotokoll,
1003 1026 96 30 akter
1122 1026 9 29 i
1154 1023 187 32 vattenmål
1363 1025 91 29 samt
1474 1022 142 31 härads-

110 1081 170 30 rätternas
313 1078 367 37 äktenskapsförords-
714 1078 64 30 och
809 1074 476 39 bouppteckningsprotokoll
1316 1074 67 30 har
1415 1072 203 37 föreslagits,

110 1134 50 27 att
181 1130 289 31 renovationerna
492 1129 110 30 skulle
624 1128 164 30 insändas
811 1127 57 31 för
890 1125 95 37 varje
1026 1126 137 30 kvartal
1186 1125 94 30 inom
1304 1133 58 21 sex
1386 1124 126 30 veckor
1533 1122 88 31 efter

110 1181 174 37 utgången
310 1181 118 31 därav.
458 1179 412 37 Inskrivningsärendena
899 1177 110 31 skulle
1036 1176 95 31 såväl
1159 1175 47 37 på
1257 1175 118 31 landet
1402 1183 75 21 som
1505 1173 10 31 i
1543 1173 77 31 stad

111 1242 183 22 renoveras
311 1232 56 31 för
381 1231 98 37 varje
494 1230 128 32 månad
639 1231 67 30 och
721 1230 163 31 insändas
902 1229 95 31 inom
1011 1238 43 21 en
1071 1227 130 31 månad
1217 1227 159 31 därefter.
1396 1225 222 31 Sistnämnda

111 1284 91 31 tider
220 1283 110 31 skulle
348 1284 88 30 även
456 1282 88 37 gälla
561 1282 11 30 i
592 1280 100 38 fråga
710 1290 57 22 om
785 1281 42 30 de
846 1280 95 30 olika
960 1280 115 36 slagen
1093 1288 43 21 av
1156 1277 241 37 inteckningar
1416 1276 12 31 i
1448 1277 49 30 lös
1518 1283 99 30 egen-

112 1335 93 30 dom.
234 1332 119 38 Någon
380 1332 147 37 ändring
553 1332 65 30 har
643 1331 33 37 ej
703 1330 192 38 föreslagits
922 1329 220 32 beträffande
1169 1327 303 32 rådhusrätternas
1500 1327 117 30 äkten-

112 1384 259 37 skapsförords-
389 1384 66 30 och
472 1381 485 38 bouppteckningsprotokoll,
975 1380 90 30 vilka
1082 1380 109 30 redan
1209 1388 47 21 nu
1274 1378 166 31 insändas
1458 1376 160 32 månads-

113 1435 51 30 vis
183 1434 79 31 med
278 1443 43 22 en
338 1433 158 37 respittid
514 1442 57 21 om
587 1442 45 21 en
650 1431 137 32 månad.

158 1483 65 31 Vid
248 1483 278 30 bestämmandet
549 1491 43 21 av
615 1480 358 32 renovationstiderna
998 1479 108 31 måste
1131 1488 42 21 en
1198 1478 194 36 avvägning
1415 1479 99 35 göras
1539 1477 82 30 mel-

112 1535 59 29 lan
199 1533 158 31 intresset
384 1542 43 21 av
455 1535 47 28 ett
527 1532 126 31 snabbt
680 1531 202 31 förfarande
910 1531 66 30 och
1003 1530 290 36 angelägenheten
1321 1531 49 28 att
1398 1527 32 37 ej
1459 1527 164 37 förrycka

114 1585 148 30 arbetets
291 1583 121 37 jämna
442 1583 88 36 gång
557 1583 63 30 hos
649 1581 359 32 underdomstolarna.
1039 1580 133 31 Härvid
1202 1579 93 31 finns
1324 1578 217 36 naturligtvis
1569 1580 52 28 ut-

113 1644 137 27 rymme
271 1634 55 31 för
349 1634 94 30 olika
464 1633 275 37 uppfattningar.
762 1633 50 30 De
833 1631 197 36 föreslagna
1051 1630 379 31 tidsbestämmelserna
1453 1630 45 30 ha
1520 1629 102 30 emel-

113 1685 102 31 lertid
244 1684 169 37 godtagits
443 1684 10 30 i
482 1684 148 31 flertalet
656 1684 184 36 yttranden
868 1683 67 30 och
964 1691 101 27 synas
1093 1681 168 30 innebära
1289 1690 42 21 en
1361 1679 111 37 skälig
1499 1679 123 37 avväg-

114 1736 92 36 ning.
234 1736 50 30 De
308 1736 102 30 korta
437 1735 87 30 tider
549 1744 75 21 som
652 1734 172 30 förordats
851 1733 56 30 för
932 1732 241 31 renovationer
1198 1732 10 30 i
1235 1730 389 37 inskrivningsärenden

113 1786 62 30 äro
204 1786 212 30 motiverade
446 1786 116 35 därav,
592 1788 50 28 att
670 1784 210 31 bevarandet
910 1793 43 21 av
983 1783 98 31 dessa
1110 1782 209 36 handlingar
1347 1782 40 30 är
1415 1790 43 22 av
1485 1780 139 31 särskilt

115 1840 73 27 stor
215 1837 183 36 betydelse.
430 1836 120 31 Såsom
578 1837 163 29 närmare
769 1835 190 30 utvecklats
988 1834 10 29 i
1027 1832 258 38 promemorian
1315 1832 99 30 torde
1444 1830 103 32 också
1578 1833 46 28 ett

114 1887 134 36 ganska
272 1887 125 30 snabbt
420 1885 424 31 renovationsförfarande
868 1885 119 29 kunna
1011 1883 221 37 genomföras
1256 1883 10 29 i
1290 1882 333 35 inskrivningsären-

116 1938 67 29 den
211 1940 83 27 utan
321 1938 111 29 större
459 1936 179 36 praktiska
666 1935 218 35 svårigheter.
915 1934 175 35 Förslaget
1119 1933 146 35 medför,
1293 1935 49 29 att
1368 1932 59 31 två
1454 1932 92 30 olika
1573 1941 50 21 re-

116 1988 274 31 novationstider
414 1988 98 30 skola
537 1987 172 36 iakttagas
735 1986 55 31 vid
816 1995 135 21 samma
977 1984 270 31 underdomstol.
1275 1984 102 30 Detta
1406 1992 99 28 synes
1533 1983 88 30 dock

116 2038 31 37 ej
175 2039 135 30 behöva
335 2037 91 32 vålla
452 2036 106 38 några
584 2037 168 37 egentliga
777 2036 228 36 olägenheter,
1032 2035 88 30 helst
1147 2045 57 20 om
1232 2034 240 37 skyldigheten
1498 2036 48 28 att
1572 2033 50 30 in-

117 2088 111 30 sända
257 2087 241 30 renovationer
524 2087 9 29 i
561 2086 388 36 inskrivningsärenden
977 2084 118 36 skiljes
1126 2084 80 30 från
1236 2086 159 28 ansvaret
1426 2083 55 30 för
1508 2083 117 36 övriga

116 2138 259 30 renovationers
398 2137 216 31 insändande
637 2137 66 30 och
725 2137 111 35 lägges
858 2135 47 37 på
928 2135 411 36 inskrivningsdomaren.

164 2189 12 29 I
207 2188 98 36 fråga
332 2197 57 20 om
419 2187 478 36 renovationsskyldighetens
926 2185 208 36 omfattning
1162 2194 100 27 synes
1291 2185 56 29 det
1376 2184 135 36 möjligt
1538 2186 49 28 att
1615 2184 11 29 i

119 2238 67 30 viss
211 2238 239 36 utsträckning
476 2237 178 35 tillgodose
679 2238 56 28 det
760 2246 41 20 av
824 2236 185 35 riksdagen
1035 2236 170 30 beaktade
1232 2234 214 31 önskemålet
1470 2243 55 21 om
1549 2234 76 30 lätt-

120 2290 69 30 nad
221 2290 10 29 i
262 2288 366 31 renovationsbördan.
661 2287 14 30 I
709 2287 256 36 promemorian
995 2287 63 29 har
1090 2286 203 36 föreslagits,
1325 2288 50 27 att
1407 2285 216 37 förmynder-

119 2337 317 36 skapsprotokollet
466 2337 74 29 icke
569 2336 118 30 vidare
718 2336 86 30 skall
834 2344 192 26 renoveras,
1058 2336 64 28 och
1155 2335 91 29 detta
1277 2335 138 34 förslag,
1448 2344 72 19 som
1551 2334 76 29 icke

120 2389 87 28 mött
229 2387 104 36 några
353 2386 201 36 erinringar,
576 2386 96 30 torde
694 2386 82 29 böra
798 2385 229 36 genomföras.
1049 2381 94 33 Även
1165 2384 221 30 beträffande
1407 2384 89 30 vissa
1518 2384 109 30 andra

120 2438 209 35 handlingar
357 2446 102 27 synes
489 2446 40 20 en
558 2436 230 36 begränsning
818 2445 41 20 av
891 2435 459 35 renovationsskyldigheten
1384 2444 82 20 vara
1498 2434 128 36 möjlig,

121 2488 114 30 såsom
260 2487 209 30 framhållits
494 2487 8 29 i
526 2486 85 30 flera
635 2486 316 35 remissyttranden.

156 2553 110 30 Bihang
278 2552 39 24 till
329 2552 168 30 riksdagens
510 2551 144 31 protokoll
668 2551 74 24 1942.
765 2550 14 23 9
794 2550 79 24 saml.
904 2552 12 20 1
936 2551 58 22 avd.
1013 2550 39 23 Nr
1071 2551 40 23 50.
1579 2548 15 23 2
