<?xml version="1.0" encoding="UTF-8"?>
<alto xmlns="http://www.loc.gov/standards/alto/ns-v3#" xmlns:xlink="http://www.w3.org/1999/xlink" xmlns:xsi="http://www.w3.org/2001/XMLSchema-instance" xsi:schemaLocation="http://www.loc.gov/standards/alto/ns-v3# http://www.loc.gov/alto/v3/alto-3-0.xsd">
	<Description>
		<MeasurementUnit>pixel</MeasurementUnit>
		<sourceImageInformation>
			<fileName>/tmp/tess_33wuba06_input.PNG</fileName>
		</sourceImageInformation>
		<OCRProcessing ID="OCR_0">
			<ocrProcessingStep>
				<processingSoftware>
					<softwareName>tesseract 5.3.0</softwareName>
				</processingSoftware>
			</ocrProcessingStep>
		</OCRProcessing>
	</Description>
	<Layout>
		<Page WIDTH="2198" HEIGHT="2644" PHYSICAL_IMG_NR="0" ID="page_0">
			<PrintSpace HPOS="0" VPOS="0" WIDTH="2198" HEIGHT="2644">
				<ComposedBlock ID="cblock_0" HPOS="380" VPOS="183" WIDTH="1398" HEIGHT="38">
					<TextBlock ID="block_0" HPOS="380" VPOS="183" WIDTH="1398" HEIGHT="38">
						<TextLine ID="line_0" HPOS="380" VPOS="183" WIDTH="1398" HEIGHT="38">
							<String ID="string_0" HPOS="380" VPOS="184" WIDTH="19" HEIGHT="30" WC="0.96" CONTENT="2"/><SP WIDTH="186" VPOS="184" HPOS="399"/>
							<String ID="string_1" HPOS="585" VPOS="185" WIDTH="108" HEIGHT="30" WC="0.96" CONTENT="Andra"/><SP WIDTH="24" VPOS="185" HPOS="693"/>
							<String ID="string_2" HPOS="717" VPOS="185" WIDTH="202" HEIGHT="29" WC="0.96" CONTENT="Kammarens"/><SP WIDTH="27" VPOS="185" HPOS="919"/>
							<String ID="string_3" HPOS="946" VPOS="184" WIDTH="173" HEIGHT="37" WC="0.93" CONTENT="Tillfälliga"/><SP WIDTH="28" VPOS="184" HPOS="1119"/>
							<String ID="string_4" HPOS="1147" VPOS="183" WIDTH="135" HEIGHT="30" WC="0.60" CONTENT="Utskolts"/><SP WIDTH="23" VPOS="183" HPOS="1282"/>
							<String ID="string_5" HPOS="1305" VPOS="183" WIDTH="74" HEIGHT="34" WC="0.95" CONTENT="(N:o"/><SP WIDTH="23" VPOS="183" HPOS="1379"/>
							<String ID="string_6" HPOS="1402" VPOS="184" WIDTH="36" HEIGHT="33" WC="0.96" CONTENT="2)"/><SP WIDTH="27" VPOS="184" HPOS="1438"/>
							<String ID="string_7" HPOS="1465" VPOS="183" WIDTH="162" HEIGHT="29" WC="0.96" CONTENT="Utlåtande"/><SP WIDTH="22" VPOS="183" HPOS="1627"/>
							<String ID="string_8" HPOS="1649" VPOS="184" WIDTH="57" HEIGHT="29" WC="0.95" CONTENT="N:o"/><SP WIDTH="23" VPOS="184" HPOS="1706"/>
							<String ID="string_9" HPOS="1729" VPOS="183" WIDTH="49" HEIGHT="31" WC="0.95" CONTENT="15."/>
						</TextLine>
					</TextBlock>
				</ComposedBlock>
				<ComposedBlock ID="cblock_1" HPOS="379" VPOS="257" WIDTH="1616" HEIGHT="1546">
					<TextBlock ID="block_1" HPOS="379" VPOS="257" WIDTH="1616" HEIGHT="1546">
						<TextLine ID="line_1" HPOS="379" VPOS="257" WIDTH="1606" HEIGHT="50">
							<String ID="string_10" HPOS="379" VPOS="268" WIDTH="177" HEIGHT="30" WC="0.92" CONTENT="närernas"/><SP WIDTH="29" VPOS="268" HPOS="556"/>
							<String ID="string_11" HPOS="585" VPOS="261" WIDTH="151" HEIGHT="46" WC="0.96" CONTENT="mening"/><SP WIDTH="35" VPOS="261" HPOS="736"/>
							<String ID="string_12" HPOS="771" VPOS="260" WIDTH="117" HEIGHT="36" WC="0.91" CONTENT="delvis"/><SP WIDTH="35" VPOS="260" HPOS="888"/>
							<String ID="string_13" HPOS="923" VPOS="259" WIDTH="176" HEIGHT="44" WC="0.91" CONTENT="förfelats,"/><SP WIDTH="39" VPOS="259" HPOS="1099"/>
							<String ID="string_14" HPOS="1138" VPOS="259" WIDTH="155" HEIGHT="35" WC="0.96" CONTENT="emedan"/><SP WIDTH="37" VPOS="259" HPOS="1293"/>
							<String ID="string_15" HPOS="1330" VPOS="258" WIDTH="285" HEIGHT="35" WC="0.96" CONTENT="bestämmelsen"/><SP WIDTH="29" VPOS="258" HPOS="1615"/>
							<String ID="string_16" HPOS="1644" VPOS="258" WIDTH="12" HEIGHT="34" WC="0.96" CONTENT="i"/><SP WIDTH="28" VPOS="258" HPOS="1656"/>
							<String ID="string_17" HPOS="1684" VPOS="258" WIDTH="103" HEIGHT="47" WC="0.93" CONTENT="fråga"/><SP WIDTH="28" VPOS="258" HPOS="1787"/>
							<String ID="string_18" HPOS="1815" VPOS="257" WIDTH="170" HEIGHT="38" WC="0.91" CONTENT="hvarken"/>
						</TextLine>
						<TextLine ID="line_2" HPOS="379" VPOS="311" WIDTH="1606" HEIGHT="52">
							<String ID="string_19" HPOS="379" VPOS="316" WIDTH="203" HEIGHT="47" WC="0.95" CONTENT="tillämpats"/><SP WIDTH="43" VPOS="316" HPOS="582"/>
							<String ID="string_20" HPOS="625" VPOS="315" WIDTH="90" HEIGHT="34" WC="0.95" CONTENT="eller"/><SP WIDTH="40" VPOS="315" HPOS="715"/>
							<String ID="string_21" HPOS="755" VPOS="314" WIDTH="146" HEIGHT="34" WC="0.96" CONTENT="kunnat"/><SP WIDTH="41" VPOS="314" HPOS="901"/>
							<String ID="string_22" HPOS="942" VPOS="313" WIDTH="185" HEIGHT="46" WC="0.96" CONTENT="tillämpas"/><SP WIDTH="43" VPOS="313" HPOS="1127"/>
							<String ID="string_23" HPOS="1170" VPOS="312" WIDTH="12" HEIGHT="35" WC="0.96" CONTENT="i"/><SP WIDTH="43" VPOS="312" HPOS="1182"/>
							<String ID="string_24" HPOS="1225" VPOS="312" WIDTH="70" HEIGHT="35" WC="0.96" CONTENT="den"/><SP WIDTH="30" VPOS="312" HPOS="1295"/>
							<String ID="string_25" HPOS="1325" VPOS="311" WIDTH="234" HEIGHT="47" WC="0.96" CONTENT="omfattning,"/><SP WIDTH="27" VPOS="311" HPOS="1559"/>
							<String ID="string_26" HPOS="1586" VPOS="323" WIDTH="77" HEIGHT="23" WC="0.95" CONTENT="som"/><SP WIDTH="31" VPOS="323" HPOS="1663"/>
							<String ID="string_27" HPOS="1694" VPOS="312" WIDTH="150" HEIGHT="36" WC="0.96" CONTENT="därmed"/><SP WIDTH="30" VPOS="312" HPOS="1844"/>
							<String ID="string_28" HPOS="1874" VPOS="323" WIDTH="111" HEIGHT="37" WC="0.96" CONTENT="synes"/>
						</TextLine>
						<TextLine ID="line_3" HPOS="380" VPOS="364" WIDTH="1607" HEIGHT="49">
							<String ID="string_29" HPOS="380" VPOS="370" WIDTH="111" HEIGHT="35" WC="0.93" CONTENT="hafva"/><SP WIDTH="30" VPOS="370" HPOS="491"/>
							<String ID="string_30" HPOS="521" VPOS="370" WIDTH="139" HEIGHT="35" WC="0.88" CONTENT="afsetts."/><SP WIDTH="58" VPOS="370" HPOS="660"/>
							<String ID="string_31" HPOS="718" VPOS="368" WIDTH="74" HEIGHT="34" WC="0.94" CONTENT="Det"/><SP WIDTH="27" VPOS="368" HPOS="792"/>
							<String ID="string_32" HPOS="819" VPOS="367" WIDTH="121" HEIGHT="34" WC="0.96" CONTENT="finnes"/><SP WIDTH="28" VPOS="367" HPOS="940"/>
							<String ID="string_33" HPOS="968" VPOS="365" WIDTH="201" HEIGHT="47" WC="0.92" CONTENT="nämligen,"/><SP WIDTH="32" VPOS="365" HPOS="1169"/>
							<String ID="string_34" HPOS="1201" VPOS="364" WIDTH="250" HEIGHT="49" WC="0.91" CONTENT="synnerligast"/><SP WIDTH="18" VPOS="364" HPOS="1451"/>
							<String ID="string_35" HPOS="1469" VPOS="364" WIDTH="98" HEIGHT="36" WC="0.96" CONTENT="inom"/><SP WIDTH="22" VPOS="364" HPOS="1567"/>
							<String ID="string_36" HPOS="1589" VPOS="367" WIDTH="98" HEIGHT="32" WC="0.93" CONTENT="stora"/><SP WIDTH="20" VPOS="367" HPOS="1687"/>
							<String ID="string_37" HPOS="1707" VPOS="364" WIDTH="280" HEIGHT="38" WC="0.91" CONTENT="läkaredistrikt"/>
						</TextLine>
						<TextLine ID="line_4" HPOS="381" VPOS="417" WIDTH="1606" HEIGHT="52">
							<String ID="string_38" HPOS="381" VPOS="424" WIDTH="84" HEIGHT="35" WC="0.96" CONTENT="med"/><SP WIDTH="28" VPOS="424" HPOS="465"/>
							<String ID="string_39" HPOS="493" VPOS="424" WIDTH="110" HEIGHT="45" WC="0.93" CONTENT="långa"/><SP WIDTH="30" VPOS="424" HPOS="603"/>
							<String ID="string_40" HPOS="633" VPOS="421" WIDTH="146" HEIGHT="35" WC="0.92" CONTENT="afstånd"/><SP WIDTH="28" VPOS="421" HPOS="779"/>
							<String ID="string_41" HPOS="807" VPOS="421" WIDTH="68" HEIGHT="34" WC="0.96" CONTENT="och"/><SP WIDTH="24" VPOS="421" HPOS="875"/>
							<String ID="string_42" HPOS="899" VPOS="420" WIDTH="189" HEIGHT="35" WC="0.96" CONTENT="bristande"/><SP WIDTH="29" VPOS="420" HPOS="1088"/>
							<String ID="string_43" HPOS="1117" VPOS="417" WIDTH="375" HEIGHT="45" WC="0.93" CONTENT="kommunikationer,"/><SP WIDTH="29" VPOS="417" HPOS="1492"/>
							<String ID="string_44" HPOS="1521" VPOS="430" WIDTH="66" HEIGHT="23" WC="0.75" CONTENT="»en"/><SP WIDTH="20" VPOS="430" HPOS="1587"/>
							<String ID="string_45" HPOS="1607" VPOS="417" WIDTH="75" HEIGHT="35" WC="0.96" CONTENT="viss"/><SP WIDTH="20" VPOS="417" HPOS="1682"/>
							<String ID="string_46" HPOS="1702" VPOS="417" WIDTH="100" HEIGHT="36" WC="0.96" CONTENT="klass"/><SP WIDTH="25" VPOS="417" HPOS="1802"/>
							<String ID="string_47" HPOS="1827" VPOS="419" WIDTH="40" HEIGHT="35" WC="0.93" CONTENT="af"/><SP WIDTH="21" VPOS="419" HPOS="1867"/>
							<String ID="string_48" HPOS="1888" VPOS="424" WIDTH="99" HEIGHT="30" WC="0.92" CONTENT="män-"/>
						</TextLine>
						<TextLine ID="line_5" HPOS="379" VPOS="471" WIDTH="1609" HEIGHT="50">
							<String ID="string_49" HPOS="379" VPOS="477" WIDTH="140" HEIGHT="43" WC="0.96" CONTENT="niskor,"/><SP WIDTH="31" VPOS="477" HPOS="519"/>
							<String ID="string_50" HPOS="550" VPOS="487" WIDTH="76" HEIGHT="24" WC="0.96" CONTENT="som"/><SP WIDTH="29" VPOS="487" HPOS="626"/>
							<String ID="string_51" HPOS="655" VPOS="474" WIDTH="57" HEIGHT="35" WC="0.96" CONTENT="till"/><SP WIDTH="28" VPOS="474" HPOS="712"/>
							<String ID="string_52" HPOS="740" VPOS="473" WIDTH="91" HEIGHT="48" WC="0.96" CONTENT="följd"/><SP WIDTH="30" VPOS="473" HPOS="831"/>
							<String ID="string_53" HPOS="861" VPOS="473" WIDTH="40" HEIGHT="35" WC="0.96" CONTENT="af"/><SP WIDTH="25" VPOS="473" HPOS="901"/>
							<String ID="string_54" HPOS="926" VPOS="475" WIDTH="76" HEIGHT="33" WC="0.96" CONTENT="små"/><SP WIDTH="29" VPOS="475" HPOS="1002"/>
							<String ID="string_55" HPOS="1031" VPOS="473" WIDTH="202" HEIGHT="46" WC="0.96" CONTENT="tillgångar"/><SP WIDTH="29" VPOS="473" HPOS="1233"/>
							<String ID="string_56" HPOS="1262" VPOS="471" WIDTH="121" HEIGHT="36" WC="0.95" CONTENT="alltför"/><SP WIDTH="30" VPOS="471" HPOS="1383"/>
							<String ID="string_57" HPOS="1413" VPOS="472" WIDTH="75" HEIGHT="35" WC="0.96" CONTENT="ofta"/><SP WIDTH="29" VPOS="472" HPOS="1488"/>
							<String ID="string_58" HPOS="1517" VPOS="474" WIDTH="114" HEIGHT="33" WC="0.96" CONTENT="måste"/><SP WIDTH="30" VPOS="474" HPOS="1631"/>
							<String ID="string_59" HPOS="1661" VPOS="471" WIDTH="166" HEIGHT="35" WC="0.93" CONTENT="undvara"/><SP WIDTH="20" VPOS="471" HPOS="1827"/>
							<String ID="string_60" HPOS="1847" VPOS="473" WIDTH="141" HEIGHT="34" WC="0.91" CONTENT="läkare-"/>
						</TextLine>
						<TextLine ID="line_6" HPOS="381" VPOS="524" WIDTH="1607" HEIGHT="53">
							<String ID="string_61" HPOS="381" VPOS="529" WIDTH="114" HEIGHT="48" WC="0.94" CONTENT="hjälp."/><SP WIDTH="57" VPOS="529" HPOS="495"/>
							<String ID="string_62" HPOS="552" VPOS="529" WIDTH="57" HEIGHT="34" WC="0.94" CONTENT="De"/><SP WIDTH="28" VPOS="529" HPOS="609"/>
							<String ID="string_63" HPOS="637" VPOS="531" WIDTH="151" HEIGHT="43" WC="0.96" CONTENT="utgöras"/><SP WIDTH="30" VPOS="531" HPOS="788"/>
							<String ID="string_64" HPOS="818" VPOS="526" WIDTH="39" HEIGHT="36" WC="0.95" CONTENT="af"/><SP WIDTH="25" VPOS="526" HPOS="857"/>
							<String ID="string_65" HPOS="882" VPOS="527" WIDTH="139" HEIGHT="35" WC="0.96" CONTENT="sådana"/><SP WIDTH="29" VPOS="527" HPOS="1021"/>
							<String ID="string_66" HPOS="1050" VPOS="537" WIDTH="186" HEIGHT="35" WC="0.96" CONTENT="personer,"/><SP WIDTH="31" VPOS="537" HPOS="1236"/>
							<String ID="string_67" HPOS="1267" VPOS="525" WIDTH="128" HEIGHT="35" WC="0.96" CONTENT="hvilka"/><SP WIDTH="29" VPOS="525" HPOS="1395"/>
							<String ID="string_68" HPOS="1424" VPOS="524" WIDTH="150" HEIGHT="36" WC="0.95" CONTENT="befinna"/><SP WIDTH="28" VPOS="524" HPOS="1574"/>
							<String ID="string_69" HPOS="1602" VPOS="524" WIDTH="57" HEIGHT="47" WC="0.96" CONTENT="sig"/><SP WIDTH="20" VPOS="524" HPOS="1659"/>
							<String ID="string_70" HPOS="1679" VPOS="526" WIDTH="47" HEIGHT="44" WC="0.96" CONTENT="på"/><SP WIDTH="20" VPOS="526" HPOS="1726"/>
							<String ID="string_71" HPOS="1746" VPOS="524" WIDTH="242" HEIGHT="36" WC="0.96" CONTENT="ekonomiska"/>
						</TextLine>
						<TextLine ID="line_7" HPOS="381" VPOS="577" WIDTH="1613" HEIGHT="52">
							<String ID="string_72" HPOS="381" VPOS="583" WIDTH="128" HEIGHT="46" WC="0.96" CONTENT="planet"/><SP WIDTH="27" VPOS="583" HPOS="509"/>
							<String ID="string_73" HPOS="536" VPOS="584" WIDTH="165" HEIGHT="33" WC="0.96" CONTENT="närmast"/><SP WIDTH="28" VPOS="584" HPOS="701"/>
							<String ID="string_74" HPOS="729" VPOS="581" WIDTH="101" HEIGHT="35" WC="0.96" CONTENT="öfver"/><SP WIDTH="38" VPOS="581" HPOS="830"/>
							<String ID="string_75" HPOS="868" VPOS="581" WIDTH="95" HEIGHT="42" WC="0.96" CONTENT="dem,"/><SP WIDTH="37" VPOS="581" HPOS="963"/>
							<String ID="string_76" HPOS="1000" VPOS="579" WIDTH="128" HEIGHT="36" WC="0.96" CONTENT="hvilka"/><SP WIDTH="36" VPOS="579" HPOS="1128"/>
							<String ID="string_77" HPOS="1164" VPOS="584" WIDTH="69" HEIGHT="41" WC="0.93" CONTENT="äga"/><SP WIDTH="28" VPOS="584" HPOS="1233"/>
							<String ID="string_78" HPOS="1261" VPOS="578" WIDTH="166" HEIGHT="47" WC="0.92" CONTENT="påräkna"/><SP WIDTH="29" VPOS="578" HPOS="1427"/>
							<String ID="string_79" HPOS="1456" VPOS="578" WIDTH="237" HEIGHT="46" WC="0.91" CONTENT="lagstadgadt"/><SP WIDTH="27" VPOS="578" HPOS="1693"/>
							<String ID="string_80" HPOS="1720" VPOS="577" WIDTH="204" HEIGHT="35" WC="0.96" CONTENT="understöd"/><SP WIDTH="30" VPOS="577" HPOS="1924"/>
							<String ID="string_81" HPOS="1954" VPOS="578" WIDTH="40" HEIGHT="35" WC="0.96" CONTENT="af"/>
						</TextLine>
						<TextLine ID="line_8" HPOS="381" VPOS="630" WIDTH="1608" HEIGHT="49">
							<String ID="string_82" HPOS="381" VPOS="636" WIDTH="280" HEIGHT="43" WC="0.96" CONTENT="kommunerna,"/><SP WIDTH="32" VPOS="636" HPOS="661"/>
							<String ID="string_83" HPOS="693" VPOS="634" WIDTH="155" HEIGHT="36" WC="0.96" CONTENT="sålunda"/><SP WIDTH="28" VPOS="634" HPOS="848"/>
							<String ID="string_84" HPOS="876" VPOS="633" WIDTH="13" HEIGHT="35" WC="0.96" CONTENT="i"/><SP WIDTH="29" VPOS="633" HPOS="889"/>
							<String ID="string_85" HPOS="918" VPOS="633" WIDTH="201" HEIGHT="35" WC="0.96" CONTENT="allmänhet"/><SP WIDTH="30" VPOS="633" HPOS="1119"/>
							<String ID="string_86" HPOS="1149" VPOS="632" WIDTH="177" HEIGHT="44" WC="0.96" CONTENT="arbetare,"/><SP WIDTH="30" VPOS="632" HPOS="1326"/>
							<String ID="string_87" HPOS="1356" VPOS="635" WIDTH="148" HEIGHT="43" WC="0.95" CONTENT="torpare"/><SP WIDTH="25" VPOS="635" HPOS="1504"/>
							<String ID="string_88" HPOS="1529" VPOS="632" WIDTH="67" HEIGHT="34" WC="0.97" CONTENT="och"/><SP WIDTH="19" VPOS="632" HPOS="1596"/>
							<String ID="string_89" HPOS="1615" VPOS="631" WIDTH="144" HEIGHT="35" WC="0.92" CONTENT="mindre"/><SP WIDTH="19" VPOS="631" HPOS="1759"/>
							<String ID="string_90" HPOS="1778" VPOS="630" WIDTH="211" HEIGHT="46" WC="0.92" CONTENT="fastighets-"/>
						</TextLine>
						<TextLine ID="line_9" HPOS="383" VPOS="684" WIDTH="1608" HEIGHT="52">
							<String ID="string_91" HPOS="383" VPOS="695" WIDTH="120" HEIGHT="41" WC="0.95" CONTENT="ägare."/><SP WIDTH="58" VPOS="695" HPOS="503"/>
							<String ID="string_92" HPOS="561" VPOS="689" WIDTH="120" HEIGHT="34" WC="0.96" CONTENT="Dessa"/><SP WIDTH="28" VPOS="689" HPOS="681"/>
							<String ID="string_93" HPOS="709" VPOS="688" WIDTH="116" HEIGHT="35" WC="0.96" CONTENT="förmå"/><SP WIDTH="30" VPOS="688" HPOS="825"/>
							<String ID="string_94" HPOS="855" VPOS="686" WIDTH="239" HEIGHT="48" WC="0.96" CONTENT="synnerligen"/><SP WIDTH="31" VPOS="686" HPOS="1094"/>
							<String ID="string_95" HPOS="1125" VPOS="685" WIDTH="75" HEIGHT="36" WC="0.96" CONTENT="ofta"/><SP WIDTH="30" VPOS="685" HPOS="1200"/>
							<String ID="string_96" HPOS="1230" VPOS="685" WIDTH="30" HEIGHT="48" WC="0.96" CONTENT="ej"/><SP WIDTH="31" VPOS="685" HPOS="1260"/>
							<String ID="string_97" HPOS="1291" VPOS="685" WIDTH="88" HEIGHT="35" WC="0.96" CONTENT="bära"/><SP WIDTH="30" VPOS="685" HPOS="1379"/>
							<String ID="string_98" HPOS="1409" VPOS="687" WIDTH="117" HEIGHT="44" WC="0.96" CONTENT="några"/><SP WIDTH="20" VPOS="687" HPOS="1526"/>
							<String ID="string_99" HPOS="1546" VPOS="688" WIDTH="105" HEIGHT="31" WC="0.96" CONTENT="extra"/><SP WIDTH="20" VPOS="688" HPOS="1651"/>
							<String ID="string_100" HPOS="1671" VPOS="684" WIDTH="153" HEIGHT="46" WC="0.93" CONTENT="utgifter"/><SP WIDTH="19" VPOS="684" HPOS="1824"/>
							<String ID="string_101" HPOS="1843" VPOS="684" WIDTH="148" HEIGHT="34" WC="0.92" CONTENT="utöfver"/>
						</TextLine>
						<TextLine ID="line_10" HPOS="383" VPOS="736" WIDTH="1607" HEIGHT="51">
							<String ID="string_102" HPOS="383" VPOS="744" WIDTH="94" HEIGHT="43" WC="0.96" CONTENT="dem,"/><SP WIDTH="41" VPOS="744" HPOS="477"/>
							<String ID="string_103" HPOS="518" VPOS="755" WIDTH="76" HEIGHT="23" WC="0.96" CONTENT="som"/><SP WIDTH="40" VPOS="755" HPOS="594"/>
							<String ID="string_104" HPOS="634" VPOS="747" WIDTH="61" HEIGHT="30" WC="0.96" CONTENT="äro"/><SP WIDTH="29" VPOS="747" HPOS="695"/>
							<String ID="string_105" HPOS="724" VPOS="740" WIDTH="238" HEIGHT="47" WC="0.96" CONTENT="nödvändiga"/><SP WIDTH="28" VPOS="740" HPOS="962"/>
							<String ID="string_106" HPOS="990" VPOS="740" WIDTH="55" HEIGHT="35" WC="0.93" CONTENT="för"/><SP WIDTH="28" VPOS="740" HPOS="1045"/>
							<String ID="string_107" HPOS="1073" VPOS="739" WIDTH="166" HEIGHT="48" WC="0.91" CONTENT="fyllande"/><SP WIDTH="30" VPOS="739" HPOS="1239"/>
							<String ID="string_108" HPOS="1269" VPOS="739" WIDTH="39" HEIGHT="35" WC="0.96" CONTENT="af"/><SP WIDTH="24" VPOS="739" HPOS="1308"/>
							<String ID="string_109" HPOS="1332" VPOS="739" WIDTH="63" HEIGHT="35" WC="0.96" CONTENT="det"/><SP WIDTH="30" VPOS="739" HPOS="1395"/>
							<String ID="string_110" HPOS="1425" VPOS="738" WIDTH="148" HEIGHT="46" WC="0.93" CONTENT="dagliga"/><SP WIDTH="19" VPOS="738" HPOS="1573"/>
							<String ID="string_111" HPOS="1592" VPOS="737" WIDTH="211" HEIGHT="36" WC="0.91" CONTENT="behofvet»."/><SP WIDTH="49" VPOS="737" HPOS="1803"/>
							<String ID="string_112" HPOS="1852" VPOS="736" WIDTH="138" HEIGHT="35" WC="0.68" CONTENT="Tillika"/>
						</TextLine>
						<TextLine ID="line_11" HPOS="382" VPOS="790" WIDTH="1608" HEIGHT="49">
							<String ID="string_113" HPOS="382" VPOS="796" WIDTH="196" HEIGHT="35" WC="0.96" CONTENT="framhålla"/><SP WIDTH="29" VPOS="796" HPOS="578"/>
							<String ID="string_114" HPOS="607" VPOS="795" WIDTH="282" HEIGHT="43" WC="0.96" CONTENT="motionärerna,"/><SP WIDTH="32" VPOS="795" HPOS="889"/>
							<String ID="string_115" HPOS="921" VPOS="797" WIDTH="54" HEIGHT="32" WC="0.95" CONTENT="att"/><SP WIDTH="27" VPOS="797" HPOS="975"/>
							<String ID="string_116" HPOS="1002" VPOS="793" WIDTH="280" HEIGHT="43" WC="0.96" CONTENT="kommunerna,"/><SP WIDTH="30" VPOS="793" HPOS="1282"/>
							<String ID="string_117" HPOS="1312" VPOS="792" WIDTH="57" HEIGHT="35" WC="0.96" CONTENT="till"/><SP WIDTH="29" VPOS="792" HPOS="1369"/>
							<String ID="string_118" HPOS="1398" VPOS="791" WIDTH="92" HEIGHT="48" WC="0.96" CONTENT="följd"/><SP WIDTH="30" VPOS="791" HPOS="1490"/>
							<String ID="string_119" HPOS="1520" VPOS="792" WIDTH="38" HEIGHT="34" WC="0.96" CONTENT="af"/><SP WIDTH="20" VPOS="792" HPOS="1558"/>
							<String ID="string_120" HPOS="1578" VPOS="792" WIDTH="97" HEIGHT="46" WC="0.96" CONTENT="höga"/><SP WIDTH="25" VPOS="792" HPOS="1675"/>
							<String ID="string_121" HPOS="1700" VPOS="791" WIDTH="68" HEIGHT="35" WC="0.97" CONTENT="och"/><SP WIDTH="16" VPOS="791" HPOS="1768"/>
							<String ID="string_122" HPOS="1784" VPOS="790" WIDTH="206" HEIGHT="47" WC="0.96" CONTENT="tryckande"/>
						</TextLine>
						<TextLine ID="line_12" HPOS="383" VPOS="843" WIDTH="1608" HEIGHT="52">
							<String ID="string_123" HPOS="383" VPOS="848" WIDTH="422" HEIGHT="47" WC="0.90" CONTENT="kommunalutskylder,"/><SP WIDTH="32" VPOS="848" HPOS="805"/>
							<String ID="string_124" HPOS="837" VPOS="847" WIDTH="32" HEIGHT="48" WC="0.96" CONTENT="ej"/><SP WIDTH="31" VPOS="847" HPOS="869"/>
							<String ID="string_125" HPOS="900" VPOS="847" WIDTH="128" HEIGHT="35" WC="0.96" CONTENT="kunna"/><SP WIDTH="28" VPOS="847" HPOS="1028"/>
							<String ID="string_126" HPOS="1056" VPOS="846" WIDTH="172" HEIGHT="47" WC="0.96" CONTENT="begagna"/><SP WIDTH="29" VPOS="846" HPOS="1228"/>
							<String ID="string_127" HPOS="1257" VPOS="846" WIDTH="55" HEIGHT="46" WC="0.96" CONTENT="sig"/><SP WIDTH="30" VPOS="846" HPOS="1312"/>
							<String ID="string_128" HPOS="1342" VPOS="845" WIDTH="40" HEIGHT="35" WC="0.96" CONTENT="af"/><SP WIDTH="25" VPOS="845" HPOS="1382"/>
							<String ID="string_129" HPOS="1407" VPOS="846" WIDTH="73" HEIGHT="34" WC="0.96" CONTENT="den"/><SP WIDTH="30" VPOS="846" HPOS="1480"/>
							<String ID="string_130" HPOS="1510" VPOS="846" WIDTH="80" HEIGHT="34" WC="0.96" CONTENT="dem"/><SP WIDTH="30" VPOS="846" HPOS="1590"/>
							<String ID="string_131" HPOS="1620" VPOS="845" WIDTH="12" HEIGHT="35" WC="0.93" CONTENT="i"/><SP WIDTH="24" VPOS="845" HPOS="1632"/>
							<String ID="string_132" HPOS="1656" VPOS="844" WIDTH="244" HEIGHT="36" WC="0.92" CONTENT="läkaretaxan"/><SP WIDTH="20" VPOS="844" HPOS="1900"/>
							<String ID="string_133" HPOS="1920" VPOS="843" WIDTH="71" HEIGHT="35" WC="0.89" CONTENT="till-"/>
						</TextLine>
						<TextLine ID="line_13" HPOS="384" VPOS="896" WIDTH="1605" HEIGHT="51">
							<String ID="string_134" HPOS="384" VPOS="903" WIDTH="165" HEIGHT="35" WC="0.96" CONTENT="erkända"/><SP WIDTH="42" VPOS="903" HPOS="549"/>
							<String ID="string_135" HPOS="591" VPOS="902" WIDTH="144" HEIGHT="35" WC="0.96" CONTENT="förmån"/><SP WIDTH="40" VPOS="902" HPOS="735"/>
							<String ID="string_136" HPOS="775" VPOS="901" WIDTH="13" HEIGHT="35" WC="0.96" CONTENT="i"/><SP WIDTH="42" VPOS="901" HPOS="788"/>
							<String ID="string_137" HPOS="830" VPOS="903" WIDTH="124" HEIGHT="44" WC="0.96" CONTENT="någon"/><SP WIDTH="43" VPOS="903" HPOS="954"/>
							<String ID="string_138" HPOS="997" VPOS="903" WIDTH="114" HEIGHT="32" WC="0.96" CONTENT="större"/><SP WIDTH="40" VPOS="903" HPOS="1111"/>
							<String ID="string_139" HPOS="1151" VPOS="899" WIDTH="272" HEIGHT="46" WC="0.96" CONTENT="utsträckning,"/><SP WIDTH="46" VPOS="899" HPOS="1423"/>
							<String ID="string_140" HPOS="1469" VPOS="899" WIDTH="148" HEIGHT="34" WC="0.96" CONTENT="hvarför"/><SP WIDTH="42" VPOS="899" HPOS="1617"/>
							<String ID="string_141" HPOS="1659" VPOS="899" WIDTH="139" HEIGHT="34" WC="0.96" CONTENT="antalet"/><SP WIDTH="30" VPOS="899" HPOS="1798"/>
							<String ID="string_142" HPOS="1828" VPOS="896" WIDTH="40" HEIGHT="36" WC="0.96" CONTENT="af"/><SP WIDTH="25" VPOS="896" HPOS="1868"/>
							<String ID="string_143" HPOS="1893" VPOS="898" WIDTH="96" HEIGHT="42" WC="0.96" CONTENT="dem,"/>
						</TextLine>
						<TextLine ID="line_14" HPOS="384" VPOS="950" WIDTH="1608" HEIGHT="51">
							<String ID="string_144" HPOS="384" VPOS="969" WIDTH="77" HEIGHT="23" WC="0.96" CONTENT="som"/><SP WIDTH="31" VPOS="969" HPOS="461"/>
							<String ID="string_145" HPOS="492" VPOS="956" WIDTH="117" HEIGHT="35" WC="0.96" CONTENT="sakna"/><SP WIDTH="29" VPOS="956" HPOS="609"/>
							<String ID="string_146" HPOS="638" VPOS="954" WIDTH="217" HEIGHT="47" WC="0.93" CONTENT="erforderlig"/><SP WIDTH="28" VPOS="954" HPOS="855"/>
							<String ID="string_147" HPOS="883" VPOS="953" WIDTH="231" HEIGHT="44" WC="0.92" CONTENT="läkarevård,"/><SP WIDTH="31" VPOS="953" HPOS="1114"/>
							<String ID="string_148" HPOS="1145" VPOS="965" WIDTH="75" HEIGHT="34" WC="0.96" CONTENT="nog"/><SP WIDTH="29" VPOS="965" HPOS="1220"/>
							<String ID="string_149" HPOS="1249" VPOS="953" WIDTH="102" HEIGHT="34" WC="0.96" CONTENT="torde"/><SP WIDTH="31" VPOS="953" HPOS="1351"/>
							<String ID="string_150" HPOS="1382" VPOS="964" WIDTH="89" HEIGHT="23" WC="0.96" CONTENT="vara"/><SP WIDTH="20" VPOS="964" HPOS="1471"/>
							<String ID="string_151" HPOS="1491" VPOS="952" WIDTH="141" HEIGHT="46" WC="0.96" CONTENT="ganska"/><SP WIDTH="21" VPOS="952" HPOS="1632"/>
							<String ID="string_152" HPOS="1653" VPOS="955" WIDTH="103" HEIGHT="40" WC="0.96" CONTENT="stort,"/><SP WIDTH="21" VPOS="955" HPOS="1756"/>
							<String ID="string_153" HPOS="1777" VPOS="951" WIDTH="117" HEIGHT="35" WC="0.93" CONTENT="ehuru"/><SP WIDTH="22" VPOS="951" HPOS="1894"/>
							<String ID="string_154" HPOS="1916" VPOS="950" WIDTH="76" HEIGHT="35" WC="0.92" CONTENT="det-"/>
						</TextLine>
						<TextLine ID="line_15" HPOS="383" VPOS="1004" WIDTH="1607" HEIGHT="50">
							<String ID="string_155" HPOS="383" VPOS="1022" WIDTH="140" HEIGHT="23" WC="0.95" CONTENT="samma"/><SP WIDTH="30" VPOS="1022" HPOS="523"/>
							<String ID="string_156" HPOS="553" VPOS="1009" WIDTH="39" HEIGHT="36" WC="0.96" CONTENT="af"/><SP WIDTH="24" VPOS="1009" HPOS="592"/>
							<String ID="string_157" HPOS="616" VPOS="1009" WIDTH="69" HEIGHT="35" WC="0.96" CONTENT="lätt"/><SP WIDTH="28" VPOS="1009" HPOS="685"/>
							<String ID="string_158" HPOS="713" VPOS="1007" WIDTH="218" HEIGHT="47" WC="0.96" CONTENT="förklarliga"/><SP WIDTH="29" VPOS="1007" HPOS="931"/>
							<String ID="string_159" HPOS="960" VPOS="1006" WIDTH="80" HEIGHT="36" WC="0.96" CONTENT="skäl"/><SP WIDTH="29" VPOS="1006" HPOS="1040"/>
							<String ID="string_160" HPOS="1069" VPOS="1006" WIDTH="31" HEIGHT="48" WC="0.96" CONTENT="ej"/><SP WIDTH="33" VPOS="1006" HPOS="1100"/>
							<String ID="string_161" HPOS="1133" VPOS="1006" WIDTH="75" HEIGHT="35" WC="0.96" CONTENT="kan"/><SP WIDTH="21" VPOS="1006" HPOS="1208"/>
							<String ID="string_162" HPOS="1229" VPOS="1011" WIDTH="167" HEIGHT="30" WC="0.93" CONTENT="närmare"/><SP WIDTH="22" VPOS="1011" HPOS="1396"/>
							<String ID="string_163" HPOS="1418" VPOS="1005" WIDTH="178" HEIGHT="47" WC="0.89" CONTENT="angifvas."/><SP WIDTH="32" VPOS="1005" HPOS="1596"/>
							<String ID="string_164" HPOS="1628" VPOS="1005" WIDTH="145" HEIGHT="34" WC="0.96" CONTENT="Endast"/><SP WIDTH="19" VPOS="1005" HPOS="1773"/>
							<String ID="string_165" HPOS="1792" VPOS="1016" WIDTH="47" HEIGHT="23" WC="0.93" CONTENT="en"/><SP WIDTH="19" VPOS="1016" HPOS="1839"/>
							<String ID="string_166" HPOS="1858" VPOS="1004" WIDTH="132" HEIGHT="35" WC="0.90" CONTENT="under-"/>
						</TextLine>
						<TextLine ID="line_16" HPOS="384" VPOS="1057" WIDTH="1605" HEIGHT="53">
							<String ID="string_167" HPOS="384" VPOS="1064" WIDTH="161" HEIGHT="46" WC="0.96" CONTENT="sökning"/><SP WIDTH="30" VPOS="1064" HPOS="545"/>
							<String ID="string_168" HPOS="575" VPOS="1063" WIDTH="40" HEIGHT="35" WC="0.96" CONTENT="af"/><SP WIDTH="23" VPOS="1063" HPOS="615"/>
							<String ID="string_169" HPOS="638" VPOS="1062" WIDTH="249" HEIGHT="36" WC="0.96" CONTENT="förhållandet"/><SP WIDTH="27" VPOS="1062" HPOS="887"/>
							<String ID="string_170" HPOS="914" VPOS="1061" WIDTH="77" HEIGHT="35" WC="0.95" CONTENT="kan"/><SP WIDTH="25" VPOS="1061" HPOS="991"/>
							<String ID="string_171" HPOS="1016" VPOS="1061" WIDTH="125" HEIGHT="34" WC="0.96" CONTENT="därom"/><SP WIDTH="29" VPOS="1061" HPOS="1141"/>
							<String ID="string_172" HPOS="1170" VPOS="1060" WIDTH="123" HEIGHT="35" WC="0.96" CONTENT="lämna"/><SP WIDTH="19" VPOS="1060" HPOS="1293"/>
							<String ID="string_173" HPOS="1312" VPOS="1063" WIDTH="53" HEIGHT="31" WC="0.93" CONTENT="ett"/><SP WIDTH="27" VPOS="1063" HPOS="1365"/>
							<String ID="string_174" HPOS="1392" VPOS="1058" WIDTH="250" HEIGHT="47" WC="0.76" CONTENT="»någorlunda"/><SP WIDTH="21" VPOS="1058" HPOS="1642"/>
							<String ID="string_175" HPOS="1663" VPOS="1058" WIDTH="125" HEIGHT="35" WC="0.93" CONTENT="säkert"/><SP WIDTH="21" VPOS="1058" HPOS="1788"/>
							<String ID="string_176" HPOS="1809" VPOS="1057" WIDTH="180" HEIGHT="35" WC="0.87" CONTENT="besked&gt;."/>
						</TextLine>
						<TextLine ID="line_17" HPOS="491" VPOS="1110" WIDTH="1501" HEIGHT="52">
							<String ID="string_177" HPOS="491" VPOS="1117" WIDTH="66" HEIGHT="35" WC="0.96" CONTENT="Ett"/><SP WIDTH="41" VPOS="1117" HPOS="557"/>
							<String ID="string_178" HPOS="598" VPOS="1119" WIDTH="73" HEIGHT="32" WC="0.96" CONTENT="sätt"/><SP WIDTH="42" VPOS="1119" HPOS="671"/>
							<String ID="string_179" HPOS="713" VPOS="1118" WIDTH="53" HEIGHT="33" WC="0.96" CONTENT="att"/><SP WIDTH="40" VPOS="1118" HPOS="766"/>
							<String ID="string_180" HPOS="806" VPOS="1114" WIDTH="207" HEIGHT="48" WC="0.96" CONTENT="undanröja"/><SP WIDTH="42" VPOS="1114" HPOS="1013"/>
							<String ID="string_181" HPOS="1055" VPOS="1114" WIDTH="156" HEIGHT="35" WC="0.93" CONTENT="berörda"/><SP WIDTH="43" VPOS="1114" HPOS="1211"/>
							<String ID="string_182" HPOS="1254" VPOS="1112" WIDTH="319" HEIGHT="36" WC="0.91" CONTENT="missförhållande"/><SP WIDTH="41" VPOS="1112" HPOS="1573"/>
							<String ID="string_183" HPOS="1614" VPOS="1112" WIDTH="129" HEIGHT="34" WC="0.96" CONTENT="kunde"/><SP WIDTH="28" VPOS="1112" HPOS="1743"/>
							<String ID="string_184" HPOS="1771" VPOS="1110" WIDTH="221" HEIGHT="47" WC="0.96" CONTENT="visserligen"/>
						</TextLine>
						<TextLine ID="line_18" HPOS="384" VPOS="1164" WIDTH="1608" HEIGHT="52">
							<String ID="string_185" HPOS="384" VPOS="1182" WIDTH="89" HEIGHT="24" WC="0.96" CONTENT="vara"/><SP WIDTH="30" VPOS="1182" HPOS="473"/>
							<String ID="string_186" HPOS="503" VPOS="1173" WIDTH="53" HEIGHT="32" WC="0.96" CONTENT="att"/><SP WIDTH="27" VPOS="1173" HPOS="556"/>
							<String ID="string_187" HPOS="583" VPOS="1172" WIDTH="115" HEIGHT="44" WC="0.96" CONTENT="något"/><SP WIDTH="40" VPOS="1172" HPOS="698"/>
							<String ID="string_188" HPOS="738" VPOS="1168" WIDTH="190" HEIGHT="36" WC="0.96" CONTENT="utsträcka"/><SP WIDTH="43" VPOS="1168" HPOS="928"/>
							<String ID="string_189" HPOS="971" VPOS="1167" WIDTH="288" HEIGHT="35" WC="0.96" CONTENT="kommunernas"/><SP WIDTH="42" VPOS="1167" HPOS="1259"/>
							<String ID="string_190" HPOS="1301" VPOS="1166" WIDTH="217" HEIGHT="35" WC="0.96" CONTENT="nuvarande"/><SP WIDTH="33" VPOS="1166" HPOS="1518"/>
							<String ID="string_191" HPOS="1551" VPOS="1164" WIDTH="216" HEIGHT="48" WC="0.96" CONTENT="skyldighet"/><SP WIDTH="28" VPOS="1164" HPOS="1767"/>
							<String ID="string_192" HPOS="1795" VPOS="1167" WIDTH="53" HEIGHT="32" WC="0.96" CONTENT="att"/><SP WIDTH="29" VPOS="1167" HPOS="1848"/>
							<String ID="string_193" HPOS="1877" VPOS="1164" WIDTH="115" HEIGHT="45" WC="0.96" CONTENT="draga"/>
						</TextLine>
						<TextLine ID="line_19" HPOS="384" VPOS="1217" WIDTH="1609" HEIGHT="53">
							<String ID="string_194" HPOS="384" VPOS="1225" WIDTH="144" HEIGHT="45" WC="0.96" CONTENT="försorg"/><SP WIDTH="28" VPOS="1225" HPOS="528"/>
							<String ID="string_195" HPOS="556" VPOS="1235" WIDTH="57" HEIGHT="24" WC="0.93" CONTENT="om"/><SP WIDTH="32" VPOS="1235" HPOS="613"/>
							<String ID="string_196" HPOS="645" VPOS="1222" WIDTH="238" HEIGHT="36" WC="0.92" CONTENT="obemedlade"/><SP WIDTH="29" VPOS="1222" HPOS="883"/>
							<String ID="string_197" HPOS="912" VPOS="1232" WIDTH="193" HEIGHT="35" WC="0.96" CONTENT="personers"/><SP WIDTH="30" VPOS="1232" HPOS="1105"/>
							<String ID="string_198" HPOS="1135" VPOS="1219" WIDTH="189" HEIGHT="49" WC="0.96" CONTENT="sjukvård,"/><SP WIDTH="31" VPOS="1219" HPOS="1324"/>
							<String ID="string_199" HPOS="1355" VPOS="1231" WIDTH="86" HEIGHT="23" WC="0.96" CONTENT="men"/><SP WIDTH="30" VPOS="1231" HPOS="1441"/>
							<String ID="string_200" HPOS="1471" VPOS="1219" WIDTH="120" HEIGHT="35" WC="0.96" CONTENT="denna"/><SP WIDTH="20" VPOS="1219" HPOS="1591"/>
							<String ID="string_201" HPOS="1611" VPOS="1221" WIDTH="116" HEIGHT="43" WC="0.96" CONTENT="utväg"/><SP WIDTH="18" VPOS="1221" HPOS="1727"/>
							<String ID="string_202" HPOS="1745" VPOS="1218" WIDTH="101" HEIGHT="34" WC="0.93" CONTENT="finna"/><SP WIDTH="20" VPOS="1218" HPOS="1846"/>
							<String ID="string_203" HPOS="1866" VPOS="1217" WIDTH="127" HEIGHT="35" WC="0.92" CONTENT="motio-"/>
						</TextLine>
						<TextLine ID="line_20" HPOS="385" VPOS="1271" WIDTH="1609" HEIGHT="50">
							<String ID="string_204" HPOS="385" VPOS="1282" WIDTH="158" HEIGHT="30" WC="0.91" CONTENT="närerna"/><SP WIDTH="41" VPOS="1282" HPOS="543"/>
							<String ID="string_205" HPOS="584" VPOS="1276" WIDTH="56" HEIGHT="36" WC="0.96" CONTENT="för"/><SP WIDTH="35" VPOS="1276" HPOS="640"/>
							<String ID="string_206" HPOS="675" VPOS="1276" WIDTH="58" HEIGHT="35" WC="0.96" CONTENT="sin"/><SP WIDTH="34" VPOS="1276" HPOS="733"/>
							<String ID="string_207" HPOS="767" VPOS="1276" WIDTH="58" HEIGHT="34" WC="0.96" CONTENT="del"/><SP WIDTH="30" VPOS="1276" HPOS="825"/>
							<String ID="string_208" HPOS="855" VPOS="1274" WIDTH="177" HEIGHT="47" WC="0.96" CONTENT="olämplig"/><SP WIDTH="28" VPOS="1274" HPOS="1032"/>
							<String ID="string_209" HPOS="1060" VPOS="1276" WIDTH="46" HEIGHT="44" WC="0.96" CONTENT="på"/><SP WIDTH="29" VPOS="1276" HPOS="1106"/>
							<String ID="string_210" HPOS="1135" VPOS="1274" WIDTH="122" HEIGHT="46" WC="0.96" CONTENT="grund"/><SP WIDTH="30" VPOS="1274" HPOS="1257"/>
							<String ID="string_211" HPOS="1287" VPOS="1272" WIDTH="39" HEIGHT="36" WC="0.96" CONTENT="af"/><SP WIDTH="25" VPOS="1272" HPOS="1326"/>
							<String ID="string_212" HPOS="1351" VPOS="1273" WIDTH="45" HEIGHT="34" WC="0.96" CONTENT="de"/><SP WIDTH="30" VPOS="1273" HPOS="1396"/>
							<String ID="string_213" HPOS="1426" VPOS="1273" WIDTH="116" HEIGHT="34" WC="0.92" CONTENT="redan"/><SP WIDTH="34" VPOS="1273" HPOS="1542"/>
							<String ID="string_214" HPOS="1576" VPOS="1272" WIDTH="124" HEIGHT="36" WC="0.92" CONTENT="»öfver"/><SP WIDTH="28" VPOS="1272" HPOS="1700"/>
							<String ID="string_215" HPOS="1728" VPOS="1271" WIDTH="135" HEIGHT="35" WC="0.91" CONTENT="höfvan"/><SP WIDTH="31" VPOS="1271" HPOS="1863"/>
							<String ID="string_216" HPOS="1894" VPOS="1274" WIDTH="100" HEIGHT="32" WC="0.96" CONTENT="stora"/>
						</TextLine>
						<TextLine ID="line_21" HPOS="386" VPOS="1324" WIDTH="1608" HEIGHT="52">
							<String ID="string_217" HPOS="386" VPOS="1331" WIDTH="152" HEIGHT="43" WC="0.94" CONTENT="skatter,"/><SP WIDTH="47" VPOS="1331" HPOS="538"/>
							<String ID="string_218" HPOS="585" VPOS="1342" WIDTH="76" HEIGHT="23" WC="0.96" CONTENT="som"/><SP WIDTH="43" VPOS="1342" HPOS="661"/>
							<String ID="string_219" HPOS="704" VPOS="1342" WIDTH="52" HEIGHT="22" WC="0.81" CONTENT="nu"/><SP WIDTH="40" VPOS="1342" HPOS="756"/>
							<String ID="string_220" HPOS="796" VPOS="1328" WIDTH="132" HEIGHT="48" WC="0.96" CONTENT="trycka"/><SP WIDTH="42" VPOS="1328" HPOS="928"/>
							<String ID="string_221" HPOS="970" VPOS="1328" WIDTH="307" HEIGHT="35" WC="0.95" CONTENT="kommunerna»."/><SP WIDTH="57" VPOS="1328" HPOS="1277"/>
							<String ID="string_222" HPOS="1334" VPOS="1326" WIDTH="276" HEIGHT="36" WC="0.94" CONTENT="Motionärerna"/><SP WIDTH="42" VPOS="1326" HPOS="1610"/>
							<String ID="string_223" HPOS="1652" VPOS="1337" WIDTH="89" HEIGHT="23" WC="0.96" CONTENT="anse"/><SP WIDTH="38" VPOS="1337" HPOS="1741"/>
							<String ID="string_224" HPOS="1779" VPOS="1325" WIDTH="62" HEIGHT="35" WC="0.96" CONTENT="det"/><SP WIDTH="29" VPOS="1325" HPOS="1841"/>
							<String ID="string_225" HPOS="1870" VPOS="1324" WIDTH="124" HEIGHT="35" WC="0.96" CONTENT="därför"/>
						</TextLine>
						<TextLine ID="line_22" HPOS="385" VPOS="1377" WIDTH="1609" HEIGHT="52">
							<String ID="string_226" HPOS="385" VPOS="1396" WIDTH="89" HEIGHT="24" WC="0.96" CONTENT="vara"/><SP WIDTH="28" VPOS="1396" HPOS="474"/>
							<String ID="string_227" HPOS="502" VPOS="1383" WIDTH="231" HEIGHT="46" WC="0.96" CONTENT="nödvändigt"/><SP WIDTH="29" VPOS="1383" HPOS="733"/>
							<String ID="string_228" HPOS="762" VPOS="1385" WIDTH="53" HEIGHT="33" WC="0.96" CONTENT="att"/><SP WIDTH="27" VPOS="1385" HPOS="815"/>
							<String ID="string_229" HPOS="842" VPOS="1382" WIDTH="13" HEIGHT="35" WC="0.96" CONTENT="i"/><SP WIDTH="29" VPOS="1382" HPOS="855"/>
							<String ID="string_230" HPOS="884" VPOS="1383" WIDTH="101" HEIGHT="34" WC="0.96" CONTENT="detta"/><SP WIDTH="28" VPOS="1383" HPOS="985"/>
							<String ID="string_231" HPOS="1013" VPOS="1381" WIDTH="65" HEIGHT="34" WC="0.96" CONTENT="fall"/><SP WIDTH="24" VPOS="1381" HPOS="1078"/>
							<String ID="string_232" HPOS="1102" VPOS="1392" WIDTH="38" HEIGHT="24" WC="0.96" CONTENT="se"/><SP WIDTH="30" VPOS="1392" HPOS="1140"/>
							<String ID="string_233" HPOS="1170" VPOS="1380" WIDTH="83" HEIGHT="36" WC="0.96" CONTENT="bort"/><SP WIDTH="27" VPOS="1380" HPOS="1253"/>
							<String ID="string_234" HPOS="1280" VPOS="1380" WIDTH="81" HEIGHT="35" WC="0.96" CONTENT="från"/><SP WIDTH="29" VPOS="1380" HPOS="1361"/>
							<String ID="string_235" HPOS="1390" VPOS="1379" WIDTH="268" HEIGHT="36" WC="0.96" CONTENT="kommunerna"/><SP WIDTH="30" VPOS="1379" HPOS="1658"/>
							<String ID="string_236" HPOS="1688" VPOS="1378" WIDTH="69" HEIGHT="35" WC="0.96" CONTENT="och"/><SP WIDTH="29" VPOS="1378" HPOS="1757"/>
							<String ID="string_237" HPOS="1786" VPOS="1378" WIDTH="120" HEIGHT="36" WC="0.96" CONTENT="vända"/><SP WIDTH="31" VPOS="1378" HPOS="1906"/>
							<String ID="string_238" HPOS="1937" VPOS="1377" WIDTH="57" HEIGHT="46" WC="0.96" CONTENT="sig"/>
						</TextLine>
						<TextLine ID="line_23" HPOS="386" VPOS="1431" WIDTH="1607" HEIGHT="51">
							<String ID="string_239" HPOS="386" VPOS="1437" WIDTH="58" HEIGHT="36" WC="0.96" CONTENT="till"/><SP WIDTH="30" VPOS="1437" HPOS="444"/>
							<String ID="string_240" HPOS="474" VPOS="1441" WIDTH="132" HEIGHT="39" WC="0.95" CONTENT="staten,"/><SP WIDTH="32" VPOS="1441" HPOS="606"/>
							<String ID="string_241" HPOS="638" VPOS="1448" WIDTH="76" HEIGHT="24" WC="0.92" CONTENT="som"/><SP WIDTH="57" VPOS="1448" HPOS="714"/>
							<String ID="string_242" HPOS="771" VPOS="1441" WIDTH="88" HEIGHT="41" WC="0.78" CONTENT="»äger"/><SP WIDTH="27" VPOS="1441" HPOS="859"/>
							<String ID="string_243" HPOS="886" VPOS="1434" WIDTH="96" HEIGHT="36" WC="0.96" CONTENT="både"/><SP WIDTH="29" VPOS="1434" HPOS="982"/>
							<String ID="string_244" HPOS="1011" VPOS="1434" WIDTH="121" HEIGHT="35" WC="0.96" CONTENT="medel"/><SP WIDTH="30" VPOS="1434" HPOS="1132"/>
							<String ID="string_245" HPOS="1162" VPOS="1434" WIDTH="68" HEIGHT="35" WC="0.96" CONTENT="och"/><SP WIDTH="30" VPOS="1434" HPOS="1230"/>
							<String ID="string_246" HPOS="1260" VPOS="1433" WIDTH="216" HEIGHT="47" WC="0.96" CONTENT="skyldighet"/><SP WIDTH="29" VPOS="1433" HPOS="1476"/>
							<String ID="string_247" HPOS="1505" VPOS="1435" WIDTH="52" HEIGHT="33" WC="0.84" CONTENT="att"/><SP WIDTH="18" VPOS="1435" HPOS="1557"/>
							<String ID="string_248" HPOS="1575" VPOS="1432" WIDTH="13" HEIGHT="35" WC="0.59" CONTENT="i"/><SP WIDTH="19" VPOS="1432" HPOS="1588"/>
							<String ID="string_249" HPOS="1607" VPOS="1432" WIDTH="156" HEIGHT="35" WC="0.96" CONTENT="berörda"/><SP WIDTH="16" VPOS="1432" HPOS="1763"/>
							<String ID="string_250" HPOS="1779" VPOS="1431" WIDTH="214" HEIGHT="35" WC="0.96" CONTENT="hänseende"/>
						</TextLine>
						<TextLine ID="line_24" HPOS="387" VPOS="1484" WIDTH="1606" HEIGHT="53">
							<String ID="string_251" HPOS="387" VPOS="1491" WIDTH="185" HEIGHT="46" WC="0.95" CONTENT="ingripa»,"/><SP WIDTH="32" VPOS="1491" HPOS="572"/>
							<String ID="string_252" HPOS="604" VPOS="1491" WIDTH="68" HEIGHT="34" WC="0.96" CONTENT="och"/><SP WIDTH="30" VPOS="1491" HPOS="672"/>
							<String ID="string_253" HPOS="702" VPOS="1501" WIDTH="75" HEIGHT="24" WC="0.96" CONTENT="som"/><SP WIDTH="32" VPOS="1501" HPOS="777"/>
							<String ID="string_254" HPOS="809" VPOS="1488" WIDTH="123" HEIGHT="36" WC="0.96" CONTENT="därför"/><SP WIDTH="29" VPOS="1488" HPOS="932"/>
							<String ID="string_255" HPOS="961" VPOS="1487" WIDTH="108" HEIGHT="35" WC="0.96" CONTENT="äfven"/><SP WIDTH="28" VPOS="1487" HPOS="1069"/>
							<String ID="string_256" HPOS="1097" VPOS="1487" WIDTH="115" HEIGHT="35" WC="0.96" CONTENT="borde"/><SP WIDTH="28" VPOS="1487" HPOS="1212"/>
							<String ID="string_257" HPOS="1240" VPOS="1486" WIDTH="95" HEIGHT="35" WC="0.96" CONTENT="bistå"/><SP WIDTH="17" VPOS="1486" HPOS="1335"/>
							<String ID="string_258" HPOS="1352" VPOS="1487" WIDTH="95" HEIGHT="42" WC="0.96" CONTENT="dem,"/><SP WIDTH="19" VPOS="1487" HPOS="1447"/>
							<String ID="string_259" HPOS="1466" VPOS="1498" WIDTH="76" HEIGHT="23" WC="0.96" CONTENT="som"/><SP WIDTH="21" VPOS="1498" HPOS="1542"/>
							<String ID="string_260" HPOS="1563" VPOS="1491" WIDTH="61" HEIGHT="30" WC="0.96" CONTENT="äro"/><SP WIDTH="20" VPOS="1491" HPOS="1624"/>
							<String ID="string_261" HPOS="1644" VPOS="1486" WIDTH="12" HEIGHT="34" WC="0.92" CONTENT="i"/><SP WIDTH="20" VPOS="1486" HPOS="1656"/>
							<String ID="string_262" HPOS="1676" VPOS="1484" WIDTH="115" HEIGHT="36" WC="0.91" CONTENT="behof"/><SP WIDTH="16" VPOS="1484" HPOS="1791"/>
							<String ID="string_263" HPOS="1807" VPOS="1484" WIDTH="39" HEIGHT="35" WC="0.93" CONTENT="af"/><SP WIDTH="15" VPOS="1484" HPOS="1846"/>
							<String ID="string_264" HPOS="1861" VPOS="1484" WIDTH="132" HEIGHT="35" WC="0.92" CONTENT="under-"/>
						</TextLine>
						<TextLine ID="line_25" HPOS="388" VPOS="1537" WIDTH="1606" HEIGHT="50">
							<String ID="string_265" HPOS="388" VPOS="1545" WIDTH="82" HEIGHT="35" WC="0.96" CONTENT="stöd"/><SP WIDTH="42" VPOS="1545" HPOS="470"/>
							<String ID="string_266" HPOS="512" VPOS="1544" WIDTH="57" HEIGHT="35" WC="0.93" CONTENT="för"/><SP WIDTH="42" VPOS="1544" HPOS="569"/>
							<String ID="string_267" HPOS="611" VPOS="1543" WIDTH="242" HEIGHT="35" WC="0.92" CONTENT="anskaffande"/><SP WIDTH="44" VPOS="1543" HPOS="853"/>
							<String ID="string_268" HPOS="897" VPOS="1541" WIDTH="40" HEIGHT="35" WC="0.92" CONTENT="af"/><SP WIDTH="38" VPOS="1541" HPOS="937"/>
							<String ID="string_269" HPOS="975" VPOS="1539" WIDTH="243" HEIGHT="48" WC="0.91" CONTENT="läkarehjälp."/><SP WIDTH="58" VPOS="1539" HPOS="1218"/>
							<String ID="string_270" HPOS="1276" VPOS="1540" WIDTH="112" HEIGHT="34" WC="0.95" CONTENT="Detta"/><SP WIDTH="25" VPOS="1540" HPOS="1388"/>
							<String ID="string_271" HPOS="1413" VPOS="1540" WIDTH="203" HEIGHT="34" WC="0.96" CONTENT="understöd"/><SP WIDTH="27" VPOS="1540" HPOS="1616"/>
							<String ID="string_272" HPOS="1643" VPOS="1538" WIDTH="115" HEIGHT="35" WC="0.96" CONTENT="borde"/><SP WIDTH="29" VPOS="1538" HPOS="1758"/>
							<String ID="string_273" HPOS="1787" VPOS="1537" WIDTH="207" HEIGHT="35" WC="0.95" CONTENT="emellertid"/>
						</TextLine>
						<TextLine ID="line_26" HPOS="387" VPOS="1591" WIDTH="1608" HEIGHT="49">
							<String ID="string_274" HPOS="387" VPOS="1596" WIDTH="226" HEIGHT="37" WC="0.90" CONTENT="inskränkas"/><SP WIDTH="28" VPOS="1596" HPOS="613"/>
							<String ID="string_275" HPOS="641" VPOS="1596" WIDTH="57" HEIGHT="35" WC="0.96" CONTENT="till"/><SP WIDTH="29" VPOS="1596" HPOS="698"/>
							<String ID="string_276" HPOS="727" VPOS="1596" WIDTH="131" HEIGHT="34" WC="0.93" CONTENT="endast"/><SP WIDTH="27" VPOS="1596" HPOS="858"/>
							<String ID="string_277" HPOS="885" VPOS="1593" WIDTH="316" HEIGHT="44" WC="0.92" CONTENT="läkarearfvodet;"/><SP WIDTH="37" VPOS="1593" HPOS="1201"/>
							<String ID="string_278" HPOS="1238" VPOS="1592" WIDTH="118" HEIGHT="48" WC="0.96" CONTENT="skjuts"/><SP WIDTH="36" VPOS="1592" HPOS="1356"/>
							<String ID="string_279" HPOS="1392" VPOS="1592" WIDTH="70" HEIGHT="36" WC="0.96" CONTENT="och"/><SP WIDTH="29" VPOS="1592" HPOS="1462"/>
							<String ID="string_280" HPOS="1491" VPOS="1591" WIDTH="158" HEIGHT="36" WC="0.96" CONTENT="medicin"/><SP WIDTH="30" VPOS="1591" HPOS="1649"/>
							<String ID="string_281" HPOS="1679" VPOS="1591" WIDTH="119" HEIGHT="35" WC="0.96" CONTENT="skulle"/><SP WIDTH="31" VPOS="1591" HPOS="1798"/>
							<String ID="string_282" HPOS="1829" VPOS="1592" WIDTH="166" HEIGHT="34" WC="0.96" CONTENT="däremot"/>
						</TextLine>
						<TextLine ID="line_27" HPOS="388" VPOS="1644" WIDTH="1607" HEIGHT="52">
							<String ID="string_283" HPOS="388" VPOS="1651" WIDTH="174" HEIGHT="35" WC="0.96" CONTENT="bekostas"/><SP WIDTH="44" VPOS="1651" HPOS="562"/>
							<String ID="string_284" HPOS="606" VPOS="1649" WIDTH="40" HEIGHT="36" WC="0.96" CONTENT="af"/><SP WIDTH="38" VPOS="1649" HPOS="646"/>
							<String ID="string_285" HPOS="684" VPOS="1650" WIDTH="71" HEIGHT="34" WC="0.96" CONTENT="den"/><SP WIDTH="43" VPOS="1650" HPOS="755"/>
							<String ID="string_286" HPOS="798" VPOS="1648" WIDTH="119" HEIGHT="48" WC="0.87" CONTENT="sjuke."/><SP WIDTH="57" VPOS="1648" HPOS="917"/>
							<String ID="string_287" HPOS="974" VPOS="1647" WIDTH="315" HEIGHT="35" WC="0.37" CONTENT="ZLäkarearfvodet"/><SP WIDTH="41" VPOS="1647" HPOS="1289"/>
							<String ID="string_288" HPOS="1330" VPOS="1645" WIDTH="115" HEIGHT="36" WC="0.96" CONTENT="borde"/><SP WIDTH="36" VPOS="1645" HPOS="1445"/>
							<String ID="string_289" HPOS="1481" VPOS="1645" WIDTH="202" HEIGHT="47" WC="0.96" CONTENT="lämpligen"/><SP WIDTH="29" VPOS="1645" HPOS="1683"/>
							<String ID="string_290" HPOS="1712" VPOS="1644" WIDTH="12" HEIGHT="35" WC="0.87" CONTENT="i"/><SP WIDTH="28" VPOS="1644" HPOS="1724"/>
							<String ID="string_291" HPOS="1752" VPOS="1644" WIDTH="112" HEIGHT="36" WC="0.96" CONTENT="första"/><SP WIDTH="29" VPOS="1644" HPOS="1864"/>
							<String ID="string_292" HPOS="1893" VPOS="1644" WIDTH="102" HEIGHT="35" WC="0.96" CONTENT="hand"/>
						</TextLine>
						<TextLine ID="line_28" HPOS="389" VPOS="1698" WIDTH="1606" HEIGHT="47">
							<String ID="string_293" HPOS="389" VPOS="1704" WIDTH="185" HEIGHT="36" WC="0.95" CONTENT="utbetalas"/><SP WIDTH="29" VPOS="1704" HPOS="574"/>
							<String ID="string_294" HPOS="603" VPOS="1703" WIDTH="40" HEIGHT="35" WC="0.95" CONTENT="af"/><SP WIDTH="24" VPOS="1703" HPOS="643"/>
							<String ID="string_295" HPOS="667" VPOS="1703" WIDTH="237" HEIGHT="42" WC="0.96" CONTENT="kommunen,"/><SP WIDTH="28" VPOS="1703" HPOS="904"/>
							<String ID="string_296" HPOS="932" VPOS="1712" WIDTH="84" HEIGHT="24" WC="0.96" CONTENT="men"/><SP WIDTH="29" VPOS="1712" HPOS="1016"/>
							<String ID="string_297" HPOS="1045" VPOS="1700" WIDTH="62" HEIGHT="36" WC="0.96" CONTENT="vid"/><SP WIDTH="29" VPOS="1700" HPOS="1107"/>
							<String ID="string_298" HPOS="1136" VPOS="1702" WIDTH="98" HEIGHT="33" WC="0.96" CONTENT="årets"/><SP WIDTH="30" VPOS="1702" HPOS="1234"/>
							<String ID="string_299" HPOS="1264" VPOS="1699" WIDTH="73" HEIGHT="36" WC="0.96" CONTENT="slut"/><SP WIDTH="22" VPOS="1699" HPOS="1337"/>
							<String ID="string_300" HPOS="1359" VPOS="1699" WIDTH="122" HEIGHT="36" WC="0.93" CONTENT="skulle"/><SP WIDTH="20" VPOS="1699" HPOS="1481"/>
							<String ID="string_301" HPOS="1501" VPOS="1698" WIDTH="404" HEIGHT="36" WC="0.91" CONTENT="kommunalnämnden"/><SP WIDTH="20" VPOS="1698" HPOS="1905"/>
							<String ID="string_302" HPOS="1925" VPOS="1703" WIDTH="70" HEIGHT="41" WC="0.96" CONTENT="äga"/>
						</TextLine>
						<TextLine ID="line_29" HPOS="391" VPOS="1751" WIDTH="1547" HEIGHT="52">
							<String ID="string_303" HPOS="391" VPOS="1761" WIDTH="53" HEIGHT="32" WC="0.95" CONTENT="att"/><SP WIDTH="28" VPOS="1761" HPOS="444"/>
							<String ID="string_304" HPOS="472" VPOS="1758" WIDTH="67" HEIGHT="35" WC="0.95" CONTENT="hos"/><SP WIDTH="29" VPOS="1758" HPOS="539"/>
							<String ID="string_305" HPOS="568" VPOS="1757" WIDTH="232" HEIGHT="46" WC="0.93" CONTENT="Konungens"/><SP WIDTH="29" VPOS="1757" HPOS="800"/>
							<String ID="string_306" HPOS="829" VPOS="1753" WIDTH="413" HEIGHT="48" WC="0.90" CONTENT="befallningshafvande"/><SP WIDTH="28" VPOS="1753" HPOS="1242"/>
							<String ID="string_307" HPOS="1270" VPOS="1753" WIDTH="78" HEIGHT="35" WC="0.92" CONTENT="utfå"/><SP WIDTH="25" VPOS="1753" HPOS="1348"/>
							<String ID="string_308" HPOS="1373" VPOS="1753" WIDTH="101" HEIGHT="36" WC="0.96" CONTENT="hvad"/><SP WIDTH="29" VPOS="1753" HPOS="1474"/>
							<String ID="string_309" HPOS="1503" VPOS="1764" WIDTH="75" HEIGHT="24" WC="0.94" CONTENT="som"/><SP WIDTH="31" VPOS="1764" HPOS="1578"/>
							<String ID="string_310" HPOS="1609" VPOS="1752" WIDTH="156" HEIGHT="35" WC="0.93" CONTENT="sålunda"/><SP WIDTH="23" VPOS="1752" HPOS="1765"/>
							<String ID="string_311" HPOS="1788" VPOS="1751" WIDTH="150" HEIGHT="47" WC="0.90" CONTENT="utlagts."/>
						</TextLine>
					</TextBlock>
				</ComposedBlock>
				<ComposedBlock ID="cblock_2" HPOS="392" VPOS="1964" WIDTH="1606" HEIGHT="319">
					<TextBlock ID="block_2" HPOS="392" VPOS="1964" WIDTH="1606" HEIGHT="319">
						<TextLine ID="line_30" HPOS="500" VPOS="1964" WIDTH="1496" HEIGHT="50">
							<String ID="string_312" HPOS="500" VPOS="1970" WIDTH="68" HEIGHT="36" WC="0.96" CONTENT="Att"/><SP WIDTH="42" VPOS="1970" HPOS="568"/>
							<String ID="string_313" HPOS="610" VPOS="1981" WIDTH="45" HEIGHT="23" WC="0.93" CONTENT="en"/><SP WIDTH="43" VPOS="1981" HPOS="655"/>
							<String ID="string_314" HPOS="698" VPOS="1967" WIDTH="325" HEIGHT="47" WC="0.89" CONTENT="människovänlig"/><SP WIDTH="42" VPOS="1967" HPOS="1023"/>
							<String ID="string_315" HPOS="1065" VPOS="1967" WIDTH="113" HEIGHT="35" WC="0.96" CONTENT="tanke"/><SP WIDTH="43" VPOS="1967" HPOS="1178"/>
							<String ID="string_316" HPOS="1221" VPOS="1966" WIDTH="100" HEIGHT="47" WC="0.96" CONTENT="legat"/><SP WIDTH="41" VPOS="1966" HPOS="1321"/>
							<String ID="string_317" HPOS="1362" VPOS="1966" WIDTH="59" HEIGHT="35" WC="0.96" CONTENT="till"/><SP WIDTH="38" VPOS="1966" HPOS="1421"/>
							<String ID="string_318" HPOS="1459" VPOS="1965" WIDTH="120" HEIGHT="47" WC="0.96" CONTENT="grund"/><SP WIDTH="41" VPOS="1965" HPOS="1579"/>
							<String ID="string_319" HPOS="1620" VPOS="1965" WIDTH="57" HEIGHT="35" WC="0.92" CONTENT="för"/><SP WIDTH="28" VPOS="1965" HPOS="1677"/>
							<String ID="string_320" HPOS="1705" VPOS="1964" WIDTH="291" HEIGHT="36" WC="0.91" CONTENT="motionärernas"/>
						</TextLine>
						<TextLine ID="line_31" HPOS="392" VPOS="2018" WIDTH="1604" HEIGHT="51">
							<String ID="string_321" HPOS="392" VPOS="2022" WIDTH="286" HEIGHT="47" WC="0.95" CONTENT="framställning,"/><SP WIDTH="43" VPOS="2022" HPOS="678"/>
							<String ID="string_322" HPOS="721" VPOS="2023" WIDTH="96" HEIGHT="35" WC="0.95" CONTENT="lärer"/><SP WIDTH="40" VPOS="2023" HPOS="817"/>
							<String ID="string_323" HPOS="857" VPOS="2021" WIDTH="115" HEIGHT="47" WC="0.95" CONTENT="ingen"/><SP WIDTH="43" VPOS="2021" HPOS="972"/>
							<String ID="string_324" HPOS="1015" VPOS="2021" WIDTH="127" HEIGHT="34" WC="0.95" CONTENT="kunna"/><SP WIDTH="42" VPOS="2021" HPOS="1142"/>
							<String ID="string_325" HPOS="1184" VPOS="2019" WIDTH="173" HEIGHT="37" WC="0.93" CONTENT="bestrida."/><SP WIDTH="59" VPOS="2019" HPOS="1357"/>
							<String ID="string_326" HPOS="1416" VPOS="2018" WIDTH="44" HEIGHT="49" WC="0.66" CONTENT="Ej"/><SP WIDTH="46" VPOS="2018" HPOS="1460"/>
							<String ID="string_327" HPOS="1506" VPOS="2018" WIDTH="115" HEIGHT="36" WC="0.95" CONTENT="heller"/><SP WIDTH="41" VPOS="2018" HPOS="1621"/>
							<String ID="string_328" HPOS="1662" VPOS="2018" WIDTH="105" HEIGHT="35" WC="0.96" CONTENT="torde"/><SP WIDTH="42" VPOS="2018" HPOS="1767"/>
							<String ID="string_329" HPOS="1809" VPOS="2018" WIDTH="62" HEIGHT="34" WC="0.96" CONTENT="det"/><SP WIDTH="38" VPOS="2018" HPOS="1871"/>
							<String ID="string_330" HPOS="1909" VPOS="2029" WIDTH="87" HEIGHT="23" WC="0.96" CONTENT="vara"/>
						</TextLine>
						<TextLine ID="line_32" HPOS="392" VPOS="2071" WIDTH="1606" HEIGHT="48">
							<String ID="string_331" HPOS="392" VPOS="2077" WIDTH="132" HEIGHT="36" WC="0.91" CONTENT="tvifvel"/><SP WIDTH="36" VPOS="2077" HPOS="524"/>
							<String ID="string_332" HPOS="560" VPOS="2076" WIDTH="280" HEIGHT="43" WC="0.91" CONTENT="underkastadt,"/><SP WIDTH="31" VPOS="2076" HPOS="840"/>
							<String ID="string_333" HPOS="871" VPOS="2078" WIDTH="54" HEIGHT="32" WC="0.95" CONTENT="att"/><SP WIDTH="29" VPOS="2078" HPOS="925"/>
							<String ID="string_334" HPOS="954" VPOS="2075" WIDTH="62" HEIGHT="34" WC="0.96" CONTENT="det"/><SP WIDTH="23" VPOS="2075" HPOS="1016"/>
							<String ID="string_335" HPOS="1039" VPOS="2074" WIDTH="99" HEIGHT="35" WC="0.96" CONTENT="inom"/><SP WIDTH="35" VPOS="2074" HPOS="1138"/>
							<String ID="string_336" HPOS="1173" VPOS="2074" WIDTH="97" HEIGHT="35" WC="0.96" CONTENT="vissa"/><SP WIDTH="33" VPOS="2074" HPOS="1270"/>
							<String ID="string_337" HPOS="1303" VPOS="2073" WIDTH="221" HEIGHT="35" WC="0.96" CONTENT="kommuner"/><SP WIDTH="31" VPOS="2073" HPOS="1524"/>
							<String ID="string_338" HPOS="1555" VPOS="2072" WIDTH="119" HEIGHT="35" WC="0.95" CONTENT="finnes"/><SP WIDTH="25" VPOS="2072" HPOS="1674"/>
							<String ID="string_339" HPOS="1699" VPOS="2074" WIDTH="53" HEIGHT="33" WC="0.96" CONTENT="ett"/><SP WIDTH="19" VPOS="2074" HPOS="1752"/>
							<String ID="string_340" HPOS="1771" VPOS="2073" WIDTH="115" HEIGHT="33" WC="0.96" CONTENT="större"/><SP WIDTH="22" VPOS="2073" HPOS="1886"/>
							<String ID="string_341" HPOS="1908" VPOS="2071" WIDTH="90" HEIGHT="34" WC="0.96" CONTENT="eller"/>
						</TextLine>
						<TextLine ID="line_33" HPOS="394" VPOS="2123" WIDTH="1603" HEIGHT="53">
							<String ID="string_342" HPOS="394" VPOS="2130" WIDTH="144" HEIGHT="36" WC="0.96" CONTENT="mindre"/><SP WIDTH="34" VPOS="2130" HPOS="538"/>
							<String ID="string_343" HPOS="572" VPOS="2129" WIDTH="101" HEIGHT="36" WC="0.96" CONTENT="antal"/><SP WIDTH="29" VPOS="2129" HPOS="673"/>
							<String ID="string_344" HPOS="702" VPOS="2140" WIDTH="184" HEIGHT="36" WC="0.96" CONTENT="personer,"/><SP WIDTH="28" VPOS="2140" HPOS="886"/>
							<String ID="string_345" HPOS="914" VPOS="2140" WIDTH="89" HEIGHT="32" WC="0.96" CONTENT="som,"/><SP WIDTH="26" VPOS="2140" HPOS="1003"/>
							<String ID="string_346" HPOS="1029" VPOS="2128" WIDTH="119" HEIGHT="34" WC="0.96" CONTENT="ehuru"/><SP WIDTH="30" VPOS="2128" HPOS="1148"/>
							<String ID="string_347" HPOS="1178" VPOS="2127" WIDTH="45" HEIGHT="35" WC="0.96" CONTENT="de"/><SP WIDTH="29" VPOS="2127" HPOS="1223"/>
							<String ID="string_348" HPOS="1252" VPOS="2126" WIDTH="31" HEIGHT="49" WC="0.96" CONTENT="ej"/><SP WIDTH="24" VPOS="2126" HPOS="1283"/>
							<String ID="string_349" HPOS="1307" VPOS="2129" WIDTH="141" HEIGHT="32" WC="0.95" CONTENT="ansetts"/><SP WIDTH="21" VPOS="2129" HPOS="1448"/>
							<String ID="string_350" HPOS="1469" VPOS="2126" WIDTH="87" HEIGHT="35" WC="0.96" CONTENT="böra"/><SP WIDTH="19" VPOS="2126" HPOS="1556"/>
							<String ID="string_351" HPOS="1575" VPOS="2125" WIDTH="149" HEIGHT="36" WC="0.94" CONTENT="komma"/><SP WIDTH="19" VPOS="2125" HPOS="1724"/>
							<String ID="string_352" HPOS="1743" VPOS="2125" WIDTH="13" HEIGHT="34" WC="0.94" CONTENT="i"/><SP WIDTH="22" VPOS="2125" HPOS="1756"/>
							<String ID="string_353" HPOS="1778" VPOS="2123" WIDTH="219" HEIGHT="49" WC="0.95" CONTENT="åtnjutande"/>
						</TextLine>
						<TextLine ID="line_34" HPOS="395" VPOS="2175" WIDTH="1603" HEIGHT="55">
							<String ID="string_354" HPOS="395" VPOS="2184" WIDTH="40" HEIGHT="35" WC="0.96" CONTENT="af"/><SP WIDTH="23" VPOS="2184" HPOS="435"/>
							<String ID="string_355" HPOS="458" VPOS="2183" WIDTH="213" HEIGHT="47" WC="0.95" CONTENT="fattigvård,"/><SP WIDTH="30" VPOS="2183" HPOS="671"/>
							<String ID="string_356" HPOS="701" VPOS="2183" WIDTH="115" HEIGHT="35" WC="0.96" CONTENT="likväl"/><SP WIDTH="28" VPOS="2183" HPOS="816"/>
							<String ID="string_357" HPOS="844" VPOS="2182" WIDTH="173" HEIGHT="35" WC="0.96" CONTENT="stundom"/><SP WIDTH="29" VPOS="2182" HPOS="1017"/>
							<String ID="string_358" HPOS="1046" VPOS="2180" WIDTH="130" HEIGHT="36" WC="0.96" CONTENT="kunna"/><SP WIDTH="29" VPOS="2180" HPOS="1176"/>
							<String ID="string_359" HPOS="1205" VPOS="2180" WIDTH="109" HEIGHT="36" WC="0.96" CONTENT="hafva"/><SP WIDTH="24" VPOS="2180" HPOS="1314"/>
							<String ID="string_360" HPOS="1338" VPOS="2182" WIDTH="101" HEIGHT="34" WC="0.96" CONTENT="svårt"/><SP WIDTH="21" VPOS="2182" HPOS="1439"/>
							<String ID="string_361" HPOS="1460" VPOS="2183" WIDTH="53" HEIGHT="32" WC="0.93" CONTENT="att"/><SP WIDTH="17" VPOS="2183" HPOS="1513"/>
							<String ID="string_362" HPOS="1530" VPOS="2178" WIDTH="176" HEIGHT="36" WC="0.92" CONTENT="förskaffa"/><SP WIDTH="20" VPOS="2178" HPOS="1706"/>
							<String ID="string_363" HPOS="1726" VPOS="2178" WIDTH="57" HEIGHT="46" WC="0.96" CONTENT="sig"/><SP WIDTH="19" VPOS="2178" HPOS="1783"/>
							<String ID="string_364" HPOS="1802" VPOS="2178" WIDTH="120" HEIGHT="35" WC="0.96" CONTENT="medel"/><SP WIDTH="19" VPOS="2178" HPOS="1922"/>
							<String ID="string_365" HPOS="1941" VPOS="2175" WIDTH="57" HEIGHT="36" WC="0.95" CONTENT="till"/>
						</TextLine>
						<TextLine ID="line_35" HPOS="395" VPOS="2230" WIDTH="1603" HEIGHT="53">
							<String ID="string_366" HPOS="395" VPOS="2237" WIDTH="64" HEIGHT="36" WC="0.90" CONTENT="sitt"/><SP WIDTH="41" VPOS="2237" HPOS="459"/>
							<String ID="string_367" HPOS="500" VPOS="2236" WIDTH="225" HEIGHT="47" WC="0.92" CONTENT="nödtorftiga"/><SP WIDTH="42" VPOS="2236" HPOS="725"/>
							<String ID="string_368" HPOS="767" VPOS="2235" WIDTH="197" HEIGHT="36" WC="0.96" CONTENT="underhåll"/><SP WIDTH="41" VPOS="2235" HPOS="964"/>
							<String ID="string_369" HPOS="1005" VPOS="2235" WIDTH="67" HEIGHT="35" WC="0.96" CONTENT="och"/><SP WIDTH="43" VPOS="2235" HPOS="1072"/>
							<String ID="string_370" HPOS="1115" VPOS="2234" WIDTH="156" HEIGHT="36" WC="0.95" CONTENT="sålunda"/><SP WIDTH="41" VPOS="2234" HPOS="1271"/>
							<String ID="string_371" HPOS="1312" VPOS="2233" WIDTH="110" HEIGHT="36" WC="0.95" CONTENT="äfven"/><SP WIDTH="36" VPOS="2233" HPOS="1422"/>
							<String ID="string_372" HPOS="1458" VPOS="2233" WIDTH="56" HEIGHT="35" WC="0.93" CONTENT="till"/><SP WIDTH="32" VPOS="2233" HPOS="1514"/>
							<String ID="string_373" HPOS="1546" VPOS="2232" WIDTH="230" HEIGHT="44" WC="0.91" CONTENT="läkarevård,"/><SP WIDTH="31" VPOS="2232" HPOS="1776"/>
							<String ID="string_374" HPOS="1807" VPOS="2232" WIDTH="46" HEIGHT="34" WC="0.97" CONTENT="då"/><SP WIDTH="29" VPOS="2232" HPOS="1853"/>
							<String ID="string_375" HPOS="1882" VPOS="2230" WIDTH="116" HEIGHT="35" WC="0.96" CONTENT="sådan"/>
						</TextLine>
					</TextBlock>
				</ComposedBlock>
			</PrintSpace>
		</Page>
	</Layout>
</alto>
