2210 2626
680 197 254 31 Statsutskottets
964 197 172 31 Utlåtande
1159 198 63 30 N:o
1250 200 69 28 199.
1722 199 40 29 23

212 283 21 33 å
274 280 45 36 de
360 283 62 33 två
471 280 332 50 afbetalningarna
844 285 21 33 å
906 282 184 37 hvardera
1142 284 164 44 100,000
1359 282 151 47 kronor,
1558 295 81 23 som
1685 283 120 36 skulle

211 336 114 44 göras
355 332 70 35 den
456 333 17 34 1
506 332 163 37 februari
715 335 96 35 1910
853 334 70 36 och
964 334 71 36 den
1068 336 16 33 1
1115 334 164 37 februari
1325 336 108 42 1911,
1472 334 119 37 skulle
1620 335 184 36 beräknas

212 389 54 30 ett
293 383 135 47 afdrag
463 383 42 36 af
530 389 21 31 4
580 391 156 42 procent
781 390 108 32 ränta
934 386 82 35 från
1056 386 256 48 nyssnämnda
1358 386 118 48 dagar
1515 386 56 36 till
1604 386 201 37 tillträdes-

212 435 124 48 dagen
382 434 70 36 den
484 437 17 34 1
534 436 156 37 oktober
738 438 110 45 1912,
895 437 46 36 då
983 438 243 36 slutlikviden
1274 438 119 36 skulle
1438 438 65 36 ske
1535 438 84 36 med
1666 439 137 46 57,666

211 486 141 36 kronor
380 488 46 34 67
456 492 74 32 öre.
594 488 137 36 Vidare
768 489 119 36 skulle
925 489 144 36 kronan
1097 489 36 36 få
1161 490 200 47 möjlighet
1390 494 53 31 att
1471 489 259 37 åstadkomma
1758 503 46 23 en

211 537 243 50 synnerligen
496 539 189 36 önskvärd
727 539 74 36 fast
838 540 304 48 vägförbindelse
1170 541 84 36 med
1283 541 81 35 sina
1392 541 114 35 ofvan
1533 541 164 35 nämnda
1726 553 78 24 om-

211 589 116 36 råden
355 592 20 33 å
403 595 127 31 västra
571 591 242 45 älfstranden,
852 591 129 36 hvilka
1009 592 126 36 därför
1162 592 134 36 lättare
1325 592 119 36 skulle
1472 592 127 36 kunna
1627 592 177 49 tillgodo-

211 646 114 43 göras
354 641 58 37 för
439 642 232 37 industriella
700 643 184 36 ändamål.
940 643 16 36 TI
976 644 129 36 aftalet
1125 644 204 48 stadgades
1349 644 217 49 skyldighet
1586 644 58 37 för
1665 643 139 37 Strids-

210 693 97 49 berg
334 698 55 31 att
418 696 20 33 å
466 694 176 49 samtliga
688 695 81 35 sina
798 697 20 33 å
846 700 127 31 västra
1010 695 232 37 älfstranden
1280 696 160 48 belägna
1477 696 225 48 fastigheter
1730 696 75 36 tåla

210 744 265 50 uppdämning
503 746 41 36 af
568 746 144 36 älfvens
741 751 205 44 vattenyta.
1012 747 156 37 Kronan
1213 747 185 37 befriades
1436 748 84 36 från
1557 748 71 36 den
1652 748 153 49 jämlikt

212 797 280 37 vederbörande
541 798 234 36 häradsrätts
820 799 127 48 utslag
985 799 71 36 den
1087 801 19 34 6
1131 799 85 49 juni
1267 801 95 34 1905
1410 800 146 36 kronan
1602 800 204 49 åliggande

212 849 267 49 skyldigheten
508 855 54 30 att
590 855 139 31 ersätta
758 851 72 35 den
850 851 127 47 skada,
1002 865 80 22 som
1101 864 140 36 genom
1261 851 239 49 anläggning
1519 852 41 35 af
1574 852 232 48 reglerings-

212 900 174 37 dammen
431 901 106 36 öfver
582 901 98 37 Göta
717 902 55 35 älf
804 902 125 36 kunde
957 903 225 48 tillskyndas
1211 902 239 49 Stridsbergs
1478 903 229 49 byggnader
1735 904 70 36 och

211 952 282 49 anläggningar
521 956 20 33 å
568 953 167 49 Malgön,
782 954 70 36 och
889 954 122 37 blefve
1057 954 133 37 endast
1235 954 157 49 skyldig
1428 959 65 38 att,
1523 955 127 36 därest
1687 955 119 36 under

210 1004 105 36 tiden
355 1004 98 37 intill
493 1005 182 36 tillträdet
715 1018 139 35 genom
882 1006 165 36 kronans
1081 1006 154 37 arbeten
1263 1007 164 36 vållades
1456 1007 190 36 afsovärdt
1673 1007 133 37 hinder

212 1056 59 36 för
299 1056 139 37 driften
465 1057 42 36 af
532 1055 238 51 Stridsbergs
812 1057 92 37 verk
931 1060 20 34 å
979 1058 167 48 Malgön,
1175 1063 143 32 ersätta
1347 1058 220 49 därigenom
1595 1059 209 48 föranledd,

211 1108 125 49 styrkt
364 1108 127 37 skada.
559 1109 72 36 Till
659 1109 68 36 sist
754 1110 173 48 inrymde
968 1124 50 22 nu
1061 1110 261 49 föreliggande
1349 1111 91 36 aftal
1468 1111 12 36 i
1504 1110 20 49 8
1548 1113 45 34 14
1615 1111 190 50 åtskilliga

210 1160 285 37 bestämmelser
523 1161 146 49 ägnade
698 1166 53 32 att
779 1162 116 48 högst
923 1162 207 49 väsentligt
1152 1163 213 36 underlätta
1385 1163 69 36 och
1473 1163 210 49 nedbringa
1702 1163 102 37 kost-

211 1212 165 37 naderna
421 1212 57 37 för
524 1213 166 37 kronans
735 1214 156 36 arbeten
936 1214 63 37 vid
1044 1214 382 50 kraftkanalsintaget
1472 1215 69 37 och
1577 1216 229 49 reglerings-

211 1264 185 37 dammen.

315 1316 414 50 Vattenfallsstyrelsen
758 1317 108 37 anför
893 1317 139 37 vidare.

313 1367 137 37 Västra
476 1368 176 49 Malgöns
673 1369 219 49 frigörande
911 1383 137 35 genom
1067 1370 243 48 förflyttning
1330 1371 41 35 af
1386 1369 239 51 Stridsbergs
1644 1371 161 37 fabriks-

211 1419 241 37 verksamhet
479 1423 48 46 på
556 1425 75 32 sätt
659 1434 80 23 som
767 1421 220 49 ifrågasatts
1015 1421 144 37 medför
1188 1422 59 37 för
1265 1422 146 36 kronan
1439 1423 70 36 och
1537 1423 62 36 det
1618 1423 188 36 allmänna

211 1474 42 34 så
281 1472 212 48 betydande
538 1472 175 48 fördelar,
751 1478 55 31 att
843 1474 188 36 desamma
1066 1473 121 50 enligt
1224 1475 206 49 styrelsens
1467 1474 246 38 förmenande
1741 1480 63 32 äro

211 1524 62 36 väl
300 1524 117 36 värda
445 1524 62 37 det
534 1525 190 48 vederlag,
754 1538 81 24 som
862 1526 130 36 aftalet
1019 1526 214 49 inrymmer.
1294 1526 119 37 Dessa
1442 1526 161 37 fördelar
1631 1532 64 32 äro
1725 1527 79 38 dels

211 1576 42 36 af
277 1576 154 37 estetisk
460 1576 78 37 dels
565 1577 42 36 af
630 1577 89 37 reell
747 1582 67 32 art.

313 1628 86 36 Med
428 1629 175 37 afseende
630 1632 47 46 på
705 1629 46 37 de
779 1629 100 37 förra
911 1630 159 37 betonar
1097 1631 198 49 styrelsen,
1325 1635 65 43 att,
1420 1631 45 36 då
1493 1631 146 37 kronan
1666 1645 139 35 genom

210 1680 302 37 vattenkraftens
550 1681 330 49 tillgodogörande
916 1682 58 36 för
1006 1682 236 37 industriella
1271 1682 118 37 behof
1411 1683 177 37 beröfvar
1616 1683 114 37 fallen
1758 1697 47 24 en

211 1731 60 37 del
299 1732 42 36 af
365 1732 107 38 deras
518 1733 173 48 skönhet,
737 1733 145 37 kronan
910 1736 21 34 å
959 1734 116 36 andra
1112 1734 108 37 sidan
1256 1734 70 37 bör
1362 1748 111 23 anses
1510 1735 114 37 hafva
1652 1749 47 23 en
1726 1736 79 37 viss

211 1784 232 49 förpliktelse
492 1790 54 31 att
592 1785 92 36 söka
728 1785 136 50 bringa
901 1786 222 37 stränderna
1149 1786 12 36 i
1190 1786 135 37 sådant
1370 1787 119 47 skick,
1526 1793 55 31 att
1615 1788 190 36 desamma

210 1835 129 37 kunna
383 1836 153 49 värdigt
580 1837 90 49 ingå
697 1837 12 36 i
738 1837 72 37 den
846 1838 275 49 nationalpark,
1168 1852 82 23 som
1295 1844 306 32 naturvännerna
1642 1840 163 49 hoppats

211 1888 37 36 få
276 1888 57 36 till
361 1888 110 37 stånd
499 1888 63 37 vid
591 1889 248 37 Trollhättan.
896 1890 58 35 Ty
982 1890 63 37 det
1071 1893 131 45 måste,
1228 1895 111 44 säger
1359 1891 195 49 styrelsen,
1575 1892 229 48 framhållas,

211 1944 67 43 att,
307 1940 112 37 äfven
447 1954 60 23 om
536 1941 144 36 kronan
710 1942 137 36 afleder
875 1955 45 23 en
950 1947 120 32 'större
1098 1942 59 37 del
1184 1943 42 36 af
1240 1943 388 50 lågvattenmängden
1648 1944 59 37 för
1727 1958 78 23 om-

210 1991 185 50 vandling
434 1993 57 36 till
532 1993 195 37 elektriskt
756 1994 142 49 energi,
928 1996 40 34 så
996 1995 179 36 förblifva
1203 1995 96 36 dock
1328 1995 113 36 fallen
1470 1996 69 36 och
1567 1996 108 36 deras
1703 1997 103 36 vilda

212 2044 260 50 omgifningar
500 2045 177 37 särskildt
705 2045 64 37 vid
788 2047 145 35 normal
961 2046 259 49 vattenföring
1248 2047 71 36 och
1347 2047 216 37 därutöfver
1590 2061 47 23 en
1656 2048 150 38 sevärd-

210 2096 66 37 het
316 2097 42 36 af
393 2097 117 37 första
555 2111 107 35 rang,
701 2111 82 23 som
810 2111 90 36 nog,
930 2111 58 23 om
1018 2098 72 37 den
1118 2099 134 36 vårdas
1282 2099 70 37 och
1380 2099 117 37 skedd
1525 2100 281 49 vandalisering

210 2148 221 49 godtgöres,
482 2150 231 36 fortfarande
761 2150 170 37 kommer
981 2155 55 31 att
1080 2151 108 36 locka
1234 2155 104 32 stora
1383 2151 130 37 skaror
1556 2152 43 36 af
1639 2152 164 37 turister.

210 2200 228 50 Betydelsen
487 2202 43 36 af
579 2201 128 50 dylika
761 2202 304 50 nationalparker
1119 2202 69 37 bör
1234 2203 120 49 enligt
1399 2204 205 49 styrelsens
1650 2205 156 49 mening

210 2252 83 37 icke
334 2253 276 37 underskattas.
668 2253 269 50 Strömningen
978 2255 55 36 till
1075 2255 107 37 deras
1210 2255 147 37 förmån
1385 2256 95 36 hade
1507 2259 49 47 på
1584 2256 91 37 sista
1702 2257 104 37 tiden

210 2305 12 36 i
263 2308 84 34 vårt
382 2305 87 37 land
506 2306 99 37 varit
641 2306 245 50 synnerligen
921 2306 163 50 lifaktig,
1114 2307 70 37 och
1212 2308 12 36 i
1252 2307 221 51 Riksdagen
1500 2308 97 38 hade
1624 2308 64 37 vid
1716 2309 91 36 flera
