2208 2618
745 204 224 29 Statsulskottels
994 204 147 29 utlåtande
1164 204 44 29 Nr
1234 205 49 28 35.
1788 202 35 29 13

1644 281 123 40 Bilaga
1791 283 30 31 2.

227 323 160 42 Avskrift.

814 415 228 40 Underdånigt
1064 416 176 31 utlåtande.

338 495 14 29 I
377 494 82 39 följd
483 505 37 20 av
545 495 54 30 det
622 506 44 20 nu
691 495 160 40 pågående
877 496 116 37 krigets
1017 496 218 38 långvarighet
1260 497 79 30 hava
1364 498 24 28 å
1400 497 361 38 byggnadsmarknadoen
1778 497 42 30 in-

226 539 104 29 träffat
368 538 120 30 sådana
521 539 249 39 prisstegringar,
806 549 69 20 som
911 549 39 21 av
985 540 186 39 ingenjören
1195 540 146 30 Ericsson
1365 541 70 30 icke
1459 541 125 29 kunnat
1607 541 136 30 förutses
1767 541 53 30 vid

225 582 88 30 tiden
348 582 49 30 för
432 583 206 39 uppgörande
674 594 38 20 av
748 583 119 31 dennes
903 583 365 40 kostnadsberäkningar
1302 585 66 30 före
1393 584 190 39 avgivandet
1607 595 38 19 av
1670 585 107 29 anbud
1803 586 15 28 å

225 626 238 38 ifrågavarande
488 628 417 39 byggnadsentreprenader.

335 671 44 30 På
409 671 102 38 grund
536 682 38 20 av
598 672 39 31 de
661 672 130 31 alldeles
815 672 157 31 särskilda
994 672 233 38 förhållanden,
1253 683 67 20 som
1346 673 135 30 sålunda
1505 673 151 31 föranlett
1679 674 61 30 den
1764 675 58 29 för-

224 715 75 36 lust,
336 716 185 40 ingenjören
557 717 147 31 Ericsson
737 717 81 37 lidit,
844 727 93 30 synes
961 720 46 28 ett
1030 717 92 31 bifall
1147 718 49 30 till
1221 718 59 31 den
1307 717 217 40 underdåniga
1548 718 219 39 ansökningen
1791 720 29 39 ej

224 760 110 30 kunna
369 761 86 30 bliva
491 761 261 40 prejudicerande
785 762 49 30 för
868 762 183 30 framtiden.
1100 763 349 39 Arméförvaltningens
1484 763 95 31 civila
1602 763 222 40 departement

224 815 92 21 anser
350 806 48 38 sig
432 805 107 31 därför
573 806 110 31 kunna
718 807 176 30 instämma
916 807 10 29 i
951 807 62 30 den
1038 817 38 20 av
1101 809 126 29 arméns
1251 808 403 39 kasernbyggnadsnämnd
1679 809 142 30 uttalade

223 850 138 38 mening
389 850 197 31 beträffande
621 852 174 38 ersättning
822 852 33 29 åt
878 851 158 31 Ericsson.
1085 852 112 30 Därest
1221 852 99 31 Eders
1344 852 117 38 Kungl.
1488 853 95 39 Maj:t
1606 852 104 31 skulle
1735 853 87 31 finna

223 894 69 30 skäl
316 894 112 30 bifalla
450 895 287 39 framställningen,
760 896 89 30 torde
873 896 343 40 ersättningsbeloppet
1239 898 85 35 böra,
1349 897 180 30 eventuellt
1546 897 80 30 efter
1638 897 185 39 riksdagens

223 938 150 36 hörande,
398 939 76 38 utgå
497 939 72 30 från
594 940 142 38 anslaget
760 940 49 30 till
833 940 202 40 uppförande
1058 950 39 21 av
1121 940 363 40 kasernetablissemang
1507 942 49 30 för
1579 941 122 31 femton
1718 942 103 30 infan-

223 976 270 51 teriregementen.
877 982 4 5 |

335 1027 185 32 Stockholm
546 1028 61 31 den
632 1029 20 29 4
676 1029 81 39 april
783 1029 94 30 1917.

910 1123 239 47 Underdånigst

834 1172 33 31 F.
894 1170 320 35 BERGENHOLTZ.

441 1233 55 32 Ch.
520 1234 161 41 Stenberg.
1379 1236 37 31 G.
1444 1236 162 41 Almgren:

435 1312 163 42 Vidimeras
615 1321 36 18 ex
670 1313 103 27 officio:

442 1348 148 33 Perewal
614 1349 141 41 Kalling

292 1404 18 22 t:
330 1401 19 26 f.
371 1401 177 34 Registrator
566 1402 10 25 i
595 1402 35 26 K.
651 1402 112 27 Landtf.
785 1402 88 35 dep:t.

1639 1567 126 42 Bilaga
1788 1570 30 29 3.

459 1672 152 40 Västgöta
635 1673 208 39 Regementes
868 1674 365 31 Kasernetablissement
1256 1675 90 32 invid
1370 1675 208 40 Vänersborg.

330 1771 31 29 P.
388 1771 41 30 M.
456 1770 170 39 angående.
642 1771 164 40 fördyring
829 1773 101 39 jämte
955 1772 128 40 bilagor.

330 1815 253 40 Uppgörelserna
618 1816 161 39 angående
802 1817 144 31 leverans
970 1828 39 20 av
1034 1818 39 30 de
1097 1818 85 31 olika
1205 1819 107 38 slagen
1337 1820 145 30 material
1506 1820 160 37 träffades,
1692 1820 57 31 där
1772 1822 46 38 sig

217 1862 75 36 göra
315 1860 55 35 lät,
395 1860 207 31 omedelbart.

329 1904 143 31 Sålunda
506 1905 194 40 uppgjordes
734 1908 88 28 strax
857 1907 80 30 efter
960 1908 409 39 entreprenadkontraktets
1393 1909 272 31 underskrivande
1689 1909 62 31 den
1778 1910 38 30 15

217 1949 140 31 februari
395 1949 89 31 1915
517 1950 86 31 avtal
637 1960 58 21 om
725 1950 144 32 leverans
899 1962 41 21 av
973 1953 82 38 tegel
1079 1953 65 30 och
1162 1954 213 38 granitsockel
1399 1957 84 28 samt
1505 1955 194 39 järnbalkar,
1731 1955 87 30 vilka

217 1994 145 31 material
387 1994 81 31 dock
492 1995 96 39 drogo
612 1996 103 38 någon
739 1996 209 31 merkostnad
968 2000 112 28 utöver
1104 1997 61 31 den
1188 1998 133 40 tidigare
1347 1999 189 31 beräknade.

328 2039 126 31 Kalken
490 2040 58 30 har
582 2040 104 39 dragit
723 2050 39 21 en
802 2041 181 40 betydande
1012 2043 215 37 merkostnad,
1252 2044 102 31 ehuru
1377 2044 231 31 leveransavtal
1632 2044 127 40 gjordes
1783 2046 35 29 så

216 2084 71 30 fort:
315 2084 55 30 ske
394 2084 108 31 kunde
526 2085 80 30 efter
629 2086 410 38 entreprenadkontraktets
1063 2087 272 32 underskrivande
1359 2089 59 30 och
1442 2089 59 30 har
1522 2089 143 40 järnplåt
1687 2089 50 31 till
1761 2090 55 30 tak

217 2131 85 28 samt
338 2128 219 38 galvaniserad
594 2129 76 40 plåt,
707 2130 109 31 oaktat
850 2130 153 32 liknande
1027 2133 197 39 uppgörelse,
1255 2136 80 28 även
1358 2133 108 39 dragit
1485 2144 38 20 en
1549 2134 92 39 högst
1664 2134 152 32 avsevärd

217 2172 145 31 kostnad.

328 2218 87 30 Sand
449 2218 59 31 har
542 2219 114 31 endast
689 2220 126 31 kunnat
843 2220 100 40 köpas
967 2221 102 30 under
1092 2222 89 30 hand
1202 2224 11 28 i
1238 2224 73 29 mån
1337 2232 37 22 av
1399 2223 103 33 behov
1527 2224 59 31 och
1611 2224 58 31 har
1691 2234 122 22 samma

218 2262 107 32 därför
348 2263 139 32 medfört
510 2273 40 23 en
574 2264 201 41 synnerligen
799 2265 119 42 kraftig
941 2266 214 33 merkostnad.
