<?xml version="1.0" encoding="UTF-8"?>
<alto xmlns="http://www.loc.gov/standards/alto/ns-v3#" xmlns:xlink="http://www.w3.org/1999/xlink" xmlns:xsi="http://www.w3.org/2001/XMLSchema-instance" xsi:schemaLocation="http://www.loc.gov/standards/alto/ns-v3# http://www.loc.gov/alto/v3/alto-3-0.xsd">
	<Description>
		<MeasurementUnit>pixel</MeasurementUnit>
		<sourceImageInformation>
			<fileName>/tmp/tess_3q80r4ak_input.PNG</fileName>
		</sourceImageInformation>
		<OCRProcessing ID="OCR_0">
			<ocrProcessingStep>
				<processingSoftware>
					<softwareName>tesseract 5.3.0</softwareName>
				</processingSoftware>
			</ocrProcessingStep>
		</OCRProcessing>
	</Description>
	<Layout>
		<Page WIDTH="1856" HEIGHT="2766" PHYSICAL_IMG_NR="0" ID="page_0">
			<PrintSpace HPOS="0" VPOS="0" WIDTH="1856" HEIGHT="2766">
				<ComposedBlock ID="cblock_0" HPOS="257" VPOS="167" WIDTH="1098" HEIGHT="46">
					<TextBlock ID="block_0" HPOS="257" VPOS="167" WIDTH="1098" HEIGHT="46">
						<TextLine ID="line_0" HPOS="257" VPOS="167" WIDTH="1098" HEIGHT="46">
							<String ID="string_0" HPOS="257" VPOS="184" WIDTH="40" HEIGHT="29" WC="0.96" CONTENT="10"/><SP WIDTH="343" VPOS="184" HPOS="297"/>
							<String ID="string_1" HPOS="640" VPOS="175" WIDTH="253" HEIGHT="28" WC="0.90" CONTENT="Statsutskottets"/><SP WIDTH="24" VPOS="175" HPOS="893"/>
							<String ID="string_2" HPOS="917" VPOS="171" WIDTH="162" HEIGHT="29" WC="0.96" CONTENT="utlåtande"/><SP WIDTH="22" VPOS="171" HPOS="1079"/>
							<String ID="string_3" HPOS="1101" VPOS="178" WIDTH="40" HEIGHT="19" WC="0.96" CONTENT="nr"/><SP WIDTH="21" VPOS="178" HPOS="1141"/>
							<String ID="string_4" HPOS="1162" VPOS="169" WIDTH="36" HEIGHT="27" WC="0.96" CONTENT="98"/><SP WIDTH="24" VPOS="169" HPOS="1198"/>
							<String ID="string_5" HPOS="1222" VPOS="169" WIDTH="35" HEIGHT="27" WC="0.96" CONTENT="år"/><SP WIDTH="23" VPOS="169" HPOS="1257"/>
							<String ID="string_6" HPOS="1280" VPOS="167" WIDTH="75" HEIGHT="28" WC="0.96" CONTENT="1959"/>
						</TextLine>
					</TextBlock>
				</ComposedBlock>
				<ComposedBlock ID="cblock_1" HPOS="523" VPOS="243" WIDTH="1222" HEIGHT="213">
					<TextBlock ID="block_1" HPOS="523" VPOS="243" WIDTH="1222" HEIGHT="213">
						<TextLine ID="line_1" HPOS="578" VPOS="243" WIDTH="1167" HEIGHT="51">
							<String ID="string_7" HPOS="578" VPOS="259" WIDTH="50" HEIGHT="28" WC="0.96" CONTENT="att"/><SP WIDTH="20" VPOS="259" HPOS="628"/>
							<String ID="string_8" HPOS="648" VPOS="255" WIDTH="188" HEIGHT="39" WC="0.96" CONTENT="riksdagen"/><SP WIDTH="20" VPOS="255" HPOS="836"/>
							<String ID="string_9" HPOS="856" VPOS="253" WIDTH="58" HEIGHT="30" WC="0.94" CONTENT="må"/><SP WIDTH="20" VPOS="253" HPOS="914"/>
							<String ID="string_10" HPOS="934" VPOS="251" WIDTH="210" HEIGHT="40" WC="0.96" CONTENT="bemyndiga"/><SP WIDTH="21" VPOS="251" HPOS="1144"/>
							<String ID="string_11" HPOS="1165" VPOS="249" WIDTH="125" HEIGHT="39" WC="0.94" CONTENT="Kungl."/><SP WIDTH="21" VPOS="249" HPOS="1290"/>
							<String ID="string_12" HPOS="1311" VPOS="247" WIDTH="106" HEIGHT="40" WC="0.96" CONTENT="Maj:t"/><SP WIDTH="21" VPOS="247" HPOS="1417"/>
							<String ID="string_13" HPOS="1438" VPOS="248" WIDTH="50" HEIGHT="28" WC="0.96" CONTENT="att"/><SP WIDTH="21" VPOS="248" HPOS="1488"/>
							<String ID="string_14" HPOS="1509" VPOS="244" WIDTH="159" HEIGHT="31" WC="0.96" CONTENT="meddela"/><SP WIDTH="21" VPOS="244" HPOS="1668"/>
							<String ID="string_15" HPOS="1689" VPOS="243" WIDTH="56" HEIGHT="29" WC="0.91" CONTENT="be-"/>
						</TextLine>
						<TextLine ID="line_2" HPOS="524" VPOS="298" WIDTH="1221" HEIGHT="44">
							<String ID="string_16" HPOS="524" VPOS="310" WIDTH="218" HEIGHT="31" WC="0.91" CONTENT="stämmelser"/><SP WIDTH="18" VPOS="310" HPOS="742"/>
							<String ID="string_17" HPOS="760" VPOS="317" WIDTH="57" HEIGHT="20" WC="0.96" CONTENT="om"/><SP WIDTH="18" VPOS="317" HPOS="817"/>
							<String ID="string_18" HPOS="835" VPOS="306" WIDTH="151" HEIGHT="31" WC="0.96" CONTENT="särskild"/><SP WIDTH="18" VPOS="306" HPOS="986"/>
							<String ID="string_19" HPOS="1004" VPOS="304" WIDTH="194" HEIGHT="38" WC="0.96" CONTENT="ersättning"/><SP WIDTH="17" VPOS="304" HPOS="1198"/>
							<String ID="string_20" HPOS="1215" VPOS="303" WIDTH="52" HEIGHT="29" WC="0.91" CONTENT="till"/><SP WIDTH="19" VPOS="303" HPOS="1267"/>
							<String ID="string_21" HPOS="1286" VPOS="301" WIDTH="166" HEIGHT="38" WC="0.91" CONTENT="övertalig"/><SP WIDTH="17" VPOS="301" HPOS="1452"/>
							<String ID="string_22" HPOS="1469" VPOS="298" WIDTH="162" HEIGHT="42" WC="0.95" CONTENT="personal"/><SP WIDTH="17" VPOS="298" HPOS="1631"/>
							<String ID="string_23" HPOS="1648" VPOS="298" WIDTH="97" HEIGHT="29" WC="0.96" CONTENT="inom"/>
						</TextLine>
						<TextLine ID="line_3" HPOS="523" VPOS="351" WIDTH="1222" HEIGHT="49">
							<String ID="string_24" HPOS="523" VPOS="365" WIDTH="171" HEIGHT="29" WC="0.96" CONTENT="försvaret"/><SP WIDTH="32" VPOS="365" HPOS="694"/>
							<String ID="string_25" HPOS="726" VPOS="362" WIDTH="11" HEIGHT="30" WC="0.96" CONTENT="i"/><SP WIDTH="33" VPOS="362" HPOS="737"/>
							<String ID="string_26" HPOS="770" VPOS="361" WIDTH="151" HEIGHT="39" WC="0.96" CONTENT="enlighet"/><SP WIDTH="32" VPOS="361" HPOS="921"/>
							<String ID="string_27" HPOS="953" VPOS="359" WIDTH="80" HEIGHT="29" WC="0.96" CONTENT="med"/><SP WIDTH="32" VPOS="359" HPOS="1033"/>
							<String ID="string_28" HPOS="1065" VPOS="358" WIDTH="67" HEIGHT="29" WC="0.93" CONTENT="vad"/><SP WIDTH="32" VPOS="358" HPOS="1132"/>
							<String ID="string_29" HPOS="1164" VPOS="353" WIDTH="387" HEIGHT="43" WC="0.91" CONTENT="departementschefen"/><SP WIDTH="33" VPOS="353" HPOS="1551"/>
							<String ID="string_30" HPOS="1584" VPOS="351" WIDTH="118" HEIGHT="31" WC="0.96" CONTENT="anfört"/><SP WIDTH="31" VPOS="351" HPOS="1702"/>
							<String ID="string_31" HPOS="1733" VPOS="351" WIDTH="12" HEIGHT="29" WC="0.95" CONTENT="i"/>
						</TextLine>
						<TextLine ID="line_4" HPOS="525" VPOS="404" WIDTH="1220" HEIGHT="52">
							<String ID="string_32" HPOS="525" VPOS="415" WIDTH="383" HEIGHT="41" WC="0.91" CONTENT="statsrådsprotokollet"/><SP WIDTH="16" VPOS="415" HPOS="908"/>
							<String ID="string_33" HPOS="924" VPOS="414" WIDTH="81" HEIGHT="29" WC="0.92" CONTENT="över"/><SP WIDTH="17" VPOS="414" HPOS="1005"/>
							<String ID="string_34" HPOS="1022" VPOS="409" WIDTH="311" HEIGHT="33" WC="0.91" CONTENT="försvarsärenden"/><SP WIDTH="16" VPOS="409" HPOS="1333"/>
							<String ID="string_35" HPOS="1349" VPOS="408" WIDTH="55" HEIGHT="29" WC="0.96" CONTENT="för"/><SP WIDTH="16" VPOS="408" HPOS="1404"/>
							<String ID="string_36" HPOS="1420" VPOS="407" WIDTH="66" HEIGHT="30" WC="0.96" CONTENT="den"/><SP WIDTH="17" VPOS="407" HPOS="1486"/>
							<String ID="string_37" HPOS="1503" VPOS="407" WIDTH="18" HEIGHT="29" WC="0.96" CONTENT="6"/><SP WIDTH="16" VPOS="407" HPOS="1521"/>
							<String ID="string_38" HPOS="1537" VPOS="415" WIDTH="95" HEIGHT="21" WC="0.96" CONTENT="mars"/><SP WIDTH="19" VPOS="415" HPOS="1632"/>
							<String ID="string_39" HPOS="1651" VPOS="404" WIDTH="94" HEIGHT="30" WC="0.96" CONTENT="1959."/>
						</TextLine>
					</TextBlock>
				</ComposedBlock>
				<ComposedBlock ID="cblock_2" HPOS="255" VPOS="531" WIDTH="1492" HEIGHT="261">
					<TextBlock ID="block_2" HPOS="255" VPOS="531" WIDTH="1492" HEIGHT="261">
						<TextLine ID="line_5" HPOS="313" VPOS="531" WIDTH="1432" HEIGHT="50">
							<String ID="string_40" HPOS="313" VPOS="544" WIDTH="73" HEIGHT="34" WC="0.92" CONTENT="3:0)"/><SP WIDTH="30" VPOS="544" HPOS="386"/>
							<String ID="string_41" HPOS="416" VPOS="540" WIDTH="542" HEIGHT="41" WC="0.91" CONTENT="Rationaliseringsverksamhet"/><SP WIDTH="31" VPOS="540" HPOS="958"/>
							<String ID="string_42" HPOS="989" VPOS="539" WIDTH="67" HEIGHT="30" WC="0.96" CONTENT="och"/><SP WIDTH="31" VPOS="539" HPOS="1056"/>
							<String ID="string_43" HPOS="1087" VPOS="537" WIDTH="111" HEIGHT="31" WC="0.96" CONTENT="andra"/><SP WIDTH="31" VPOS="537" HPOS="1198"/>
							<String ID="string_44" HPOS="1229" VPOS="531" WIDTH="516" HEIGHT="43" WC="0.91" CONTENT="organisationsförändringar"/>
						</TextLine>
						<TextLine ID="line_6" HPOS="255" VPOS="585" WIDTH="1489" HEIGHT="49">
							<String ID="string_45" HPOS="255" VPOS="602" WIDTH="99" HEIGHT="29" WC="0.96" CONTENT="inom"/><SP WIDTH="21" VPOS="602" HPOS="354"/>
							<String ID="string_46" HPOS="375" VPOS="599" WIDTH="186" HEIGHT="31" WC="0.92" CONTENT="försvaret."/><SP WIDTH="37" VPOS="599" HPOS="561"/>
							<String ID="string_47" HPOS="598" VPOS="591" WIDTH="395" HEIGHT="43" WC="0.92" CONTENT="Departementschefen"/><SP WIDTH="23" VPOS="591" HPOS="993"/>
							<String ID="string_48" HPOS="1016" VPOS="591" WIDTH="64" HEIGHT="29" WC="0.96" CONTENT="har"/><SP WIDTH="29" VPOS="591" HPOS="1080"/>
							<String ID="string_49" HPOS="1109" VPOS="589" WIDTH="130" HEIGHT="40" WC="0.96" CONTENT="(punkt"/><SP WIDTH="25" VPOS="589" HPOS="1239"/>
							<String ID="string_50" HPOS="1264" VPOS="587" WIDTH="28" HEIGHT="35" WC="0.91" CONTENT="3,"/><SP WIDTH="25" VPOS="587" HPOS="1292"/>
							<String ID="string_51" HPOS="1317" VPOS="596" WIDTH="25" HEIGHT="20" WC="0.89" CONTENT="s."/><SP WIDTH="26" VPOS="596" HPOS="1342"/>
							<String ID="string_52" HPOS="1368" VPOS="585" WIDTH="146" HEIGHT="34" WC="0.87" CONTENT="20—23)"/><SP WIDTH="30" VPOS="585" HPOS="1514"/>
							<String ID="string_53" HPOS="1544" VPOS="585" WIDTH="134" HEIGHT="29" WC="0.96" CONTENT="lämnat"/><SP WIDTH="23" VPOS="585" HPOS="1678"/>
							<String ID="string_54" HPOS="1701" VPOS="591" WIDTH="43" HEIGHT="21" WC="0.96" CONTENT="en"/>
						</TextLine>
						<TextLine ID="line_7" HPOS="258" VPOS="637" WIDTH="1487" HEIGHT="49">
							<String ID="string_55" HPOS="258" VPOS="652" WIDTH="152" HEIGHT="30" WC="0.96" CONTENT="översikt"/><SP WIDTH="25" VPOS="652" HPOS="410"/>
							<String ID="string_56" HPOS="435" VPOS="660" WIDTH="42" HEIGHT="20" WC="0.96" CONTENT="av"/><SP WIDTH="25" VPOS="660" HPOS="477"/>
							<String ID="string_57" HPOS="502" VPOS="651" WIDTH="57" HEIGHT="29" WC="0.96" CONTENT="det"/><SP WIDTH="26" VPOS="651" HPOS="559"/>
							<String ID="string_58" HPOS="585" VPOS="649" WIDTH="153" HEIGHT="30" WC="0.96" CONTENT="aktuella"/><SP WIDTH="26" VPOS="649" HPOS="738"/>
							<String ID="string_59" HPOS="764" VPOS="648" WIDTH="89" HEIGHT="38" WC="0.96" CONTENT="läget"/><SP WIDTH="25" VPOS="648" HPOS="853"/>
							<String ID="string_60" HPOS="878" VPOS="645" WIDTH="223" HEIGHT="30" WC="0.96" CONTENT="beträffande"/><SP WIDTH="25" VPOS="645" HPOS="1101"/>
							<String ID="string_61" HPOS="1126" VPOS="644" WIDTH="67" HEIGHT="29" WC="0.92" CONTENT="den"/><SP WIDTH="26" VPOS="644" HPOS="1193"/>
							<String ID="string_62" HPOS="1219" VPOS="637" WIDTH="526" HEIGHT="42" WC="0.91" CONTENT="rationaliseringsverksamhet"/>
						</TextLine>
						<TextLine ID="line_8" HPOS="259" VPOS="691" WIDTH="1488" HEIGHT="47">
							<String ID="string_63" HPOS="259" VPOS="707" WIDTH="95" HEIGHT="28" WC="0.96" CONTENT="inom"/><SP WIDTH="23" VPOS="707" HPOS="354"/>
							<String ID="string_64" HPOS="377" VPOS="705" WIDTH="183" HEIGHT="32" WC="0.96" CONTENT="försvaret,"/><SP WIDTH="24" VPOS="705" HPOS="560"/>
							<String ID="string_65" HPOS="584" VPOS="711" WIDTH="74" HEIGHT="21" WC="0.93" CONTENT="som"/><SP WIDTH="22" VPOS="711" HPOS="658"/>
							<String ID="string_66" HPOS="680" VPOS="701" WIDTH="158" HEIGHT="29" WC="0.92" CONTENT="bedrives"/><SP WIDTH="24" VPOS="701" HPOS="838"/>
							<String ID="string_67" HPOS="862" VPOS="707" WIDTH="124" HEIGHT="31" WC="0.96" CONTENT="genom"/><SP WIDTH="24" VPOS="707" HPOS="986"/>
							<String ID="string_68" HPOS="1010" VPOS="700" WIDTH="132" HEIGHT="27" WC="0.93" CONTENT="statens"/><SP WIDTH="23" VPOS="700" HPOS="1142"/>
							<String ID="string_69" HPOS="1165" VPOS="692" WIDTH="412" HEIGHT="43" WC="0.91" CONTENT="organisationsnämnds"/><SP WIDTH="24" VPOS="692" HPOS="1577"/>
							<String ID="string_70" HPOS="1601" VPOS="691" WIDTH="146" HEIGHT="38" WC="0.96" CONTENT="försorg."/>
						</TextLine>
						<TextLine ID="line_9" HPOS="259" VPOS="751" WIDTH="943" HEIGHT="41">
							<String ID="string_71" HPOS="259" VPOS="759" WIDTH="224" HEIGHT="30" WC="0.91" CONTENT="Härutinnan"/><SP WIDTH="19" VPOS="759" HPOS="483"/>
							<String ID="string_72" HPOS="502" VPOS="757" WIDTH="98" HEIGHT="30" WC="0.96" CONTENT="torde"/><SP WIDTH="19" VPOS="757" HPOS="600"/>
							<String ID="string_73" HPOS="619" VPOS="755" WIDTH="35" HEIGHT="30" WC="0.96" CONTENT="få"/><SP WIDTH="18" VPOS="755" HPOS="654"/>
							<String ID="string_74" HPOS="672" VPOS="754" WIDTH="166" HEIGHT="31" WC="0.96" CONTENT="hänvisas"/><SP WIDTH="19" VPOS="754" HPOS="838"/>
							<String ID="string_75" HPOS="857" VPOS="753" WIDTH="53" HEIGHT="30" WC="0.96" CONTENT="till"/><SP WIDTH="18" VPOS="753" HPOS="910"/>
							<String ID="string_76" HPOS="928" VPOS="751" WIDTH="274" HEIGHT="41" WC="0.96" CONTENT="propositionen."/>
						</TextLine>
					</TextBlock>
				</ComposedBlock>
				<ComposedBlock ID="cblock_3" HPOS="258" VPOS="854" WIDTH="1493" HEIGHT="584">
					<TextBlock ID="block_3" HPOS="258" VPOS="854" WIDTH="1493" HEIGHT="584">
						<TextLine ID="line_10" HPOS="314" VPOS="854" WIDTH="1434" HEIGHT="51">
							<String ID="string_77" HPOS="314" VPOS="862" WIDTH="395" HEIGHT="43" WC="0.91" CONTENT="Departementschefen"/><SP WIDTH="23" VPOS="862" HPOS="709"/>
							<String ID="string_78" HPOS="732" VPOS="860" WIDTH="215" HEIGHT="33" WC="0.95" CONTENT="framhåller,"/><SP WIDTH="24" VPOS="860" HPOS="947"/>
							<String ID="string_79" HPOS="971" VPOS="861" WIDTH="51" HEIGHT="28" WC="0.96" CONTENT="att"/><SP WIDTH="23" VPOS="861" HPOS="1022"/>
							<String ID="string_80" HPOS="1045" VPOS="858" WIDTH="269" HEIGHT="39" WC="0.96" CONTENT="möjligheterna"/><SP WIDTH="24" VPOS="858" HPOS="1314"/>
							<String ID="string_81" HPOS="1338" VPOS="857" WIDTH="50" HEIGHT="28" WC="0.95" CONTENT="att"/><SP WIDTH="22" VPOS="857" HPOS="1388"/>
							<String ID="string_82" HPOS="1410" VPOS="854" WIDTH="137" HEIGHT="30" WC="0.96" CONTENT="besluta"/><SP WIDTH="24" VPOS="854" HPOS="1547"/>
							<String ID="string_83" HPOS="1571" VPOS="862" WIDTH="56" HEIGHT="20" WC="0.93" CONTENT="om"/><SP WIDTH="24" VPOS="862" HPOS="1627"/>
							<String ID="string_84" HPOS="1651" VPOS="859" WIDTH="97" HEIGHT="32" WC="0.92" CONTENT="orga-"/>
						</TextLine>
						<TextLine ID="line_11" HPOS="258" VPOS="905" WIDTH="1489" HEIGHT="51">
							<String ID="string_85" HPOS="258" VPOS="918" WIDTH="365" HEIGHT="38" WC="0.92" CONTENT="nisationsändringar"/><SP WIDTH="23" VPOS="918" HPOS="623"/>
							<String ID="string_86" HPOS="646" VPOS="915" WIDTH="79" HEIGHT="30" WC="0.95" CONTENT="med"/><SP WIDTH="23" VPOS="915" HPOS="725"/>
							<String ID="string_87" HPOS="748" VPOS="914" WIDTH="223" HEIGHT="40" WC="0.96" CONTENT="tillämpning"/><SP WIDTH="24" VPOS="914" HPOS="971"/>
							<String ID="string_88" HPOS="995" VPOS="912" WIDTH="111" HEIGHT="30" WC="0.96" CONTENT="under"/><SP WIDTH="24" VPOS="912" HPOS="1106"/>
							<String ID="string_89" HPOS="1130" VPOS="910" WIDTH="204" HEIGHT="40" WC="0.93" CONTENT="budgetåret"/><SP WIDTH="26" VPOS="910" HPOS="1334"/>
							<String ID="string_90" HPOS="1360" VPOS="907" WIDTH="140" HEIGHT="31" WC="0.92" CONTENT="1959/60"/><SP WIDTH="25" VPOS="907" HPOS="1500"/>
							<String ID="string_91" HPOS="1525" VPOS="905" WIDTH="222" HEIGHT="32" WC="0.96" CONTENT="beträffande"/>
						</TextLine>
						<TextLine ID="line_12" HPOS="260" VPOS="959" WIDTH="1488" HEIGHT="49">
							<String ID="string_92" HPOS="260" VPOS="973" WIDTH="42" HEIGHT="29" WC="0.96" CONTENT="de"/><SP WIDTH="20" VPOS="973" HPOS="302"/>
							<String ID="string_93" HPOS="322" VPOS="972" WIDTH="149" HEIGHT="30" WC="0.93" CONTENT="förband"/><SP WIDTH="21" VPOS="972" HPOS="471"/>
							<String ID="string_94" HPOS="492" VPOS="980" WIDTH="45" HEIGHT="20" WC="0.89" CONTENT="m."/><SP WIDTH="15" VPOS="980" HPOS="537"/>
							<String ID="string_95" HPOS="552" VPOS="980" WIDTH="57" HEIGHT="24" WC="0.89" CONTENT="m.,"/><SP WIDTH="19" VPOS="980" HPOS="609"/>
							<String ID="string_96" HPOS="628" VPOS="970" WIDTH="11" HEIGHT="29" WC="0.96" CONTENT="i"/><SP WIDTH="20" VPOS="970" HPOS="639"/>
							<String ID="string_97" HPOS="659" VPOS="969" WIDTH="100" HEIGHT="39" WC="0.96" CONTENT="fråga"/><SP WIDTH="20" VPOS="969" HPOS="759"/>
							<String ID="string_98" HPOS="779" VPOS="977" WIDTH="57" HEIGHT="21" WC="0.96" CONTENT="om"/><SP WIDTH="19" VPOS="977" HPOS="836"/>
							<String ID="string_99" HPOS="855" VPOS="967" WIDTH="94" HEIGHT="30" WC="0.96" CONTENT="vilka"/><SP WIDTH="21" VPOS="967" HPOS="949"/>
							<String ID="string_100" HPOS="970" VPOS="966" WIDTH="131" HEIGHT="38" WC="0.93" CONTENT="förslag"/><SP WIDTH="20" VPOS="966" HPOS="1101"/>
							<String ID="string_101" HPOS="1121" VPOS="964" WIDTH="188" HEIGHT="30" WC="0.92" CONTENT="framdeles"/><SP WIDTH="21" VPOS="964" HPOS="1309"/>
							<String ID="string_102" HPOS="1330" VPOS="963" WIDTH="198" HEIGHT="29" WC="0.96" CONTENT="inkommer"/><SP WIDTH="21" VPOS="963" HPOS="1528"/>
							<String ID="string_103" HPOS="1549" VPOS="961" WIDTH="52" HEIGHT="29" WC="0.95" CONTENT="till"/><SP WIDTH="22" VPOS="961" HPOS="1601"/>
							<String ID="string_104" HPOS="1623" VPOS="959" WIDTH="125" HEIGHT="39" WC="0.92" CONTENT="Kungl."/>
						</TextLine>
						<TextLine ID="line_13" HPOS="261" VPOS="1014" WIDTH="1490" HEIGHT="51">
							<String ID="string_105" HPOS="261" VPOS="1026" WIDTH="115" HEIGHT="39" WC="0.94" CONTENT="Maj:t,"/><SP WIDTH="30" VPOS="1026" HPOS="376"/>
							<String ID="string_106" HPOS="406" VPOS="1025" WIDTH="62" HEIGHT="29" WC="0.91" CONTENT="bör"/><SP WIDTH="43" VPOS="1025" HPOS="468"/>
							<String ID="string_107" HPOS="511" VPOS="1024" WIDTH="249" HEIGHT="37" WC="0.91" CONTENT="tillvaratagas."/><SP WIDTH="31" VPOS="1024" HPOS="760"/>
							<String ID="string_108" HPOS="791" VPOS="1018" WIDTH="395" HEIGHT="42" WC="0.90" CONTENT="Departementschefen"/><SP WIDTH="41" VPOS="1018" HPOS="1186"/>
							<String ID="string_109" HPOS="1227" VPOS="1017" WIDTH="207" HEIGHT="30" WC="0.96" CONTENT="förutsätter"/><SP WIDTH="41" VPOS="1017" HPOS="1434"/>
							<String ID="string_110" HPOS="1475" VPOS="1014" WIDTH="121" HEIGHT="31" WC="0.96" CONTENT="därför"/><SP WIDTH="31" VPOS="1014" HPOS="1596"/>
							<String ID="string_111" HPOS="1627" VPOS="1015" WIDTH="50" HEIGHT="28" WC="0.93" CONTENT="att"/><SP WIDTH="30" VPOS="1015" HPOS="1677"/>
							<String ID="string_112" HPOS="1707" VPOS="1029" WIDTH="44" HEIGHT="5" WC="0.90" CONTENT="—"/>
						</TextLine>
						<TextLine ID="line_14" HPOS="259" VPOS="1066" WIDTH="1489" HEIGHT="45">
							<String ID="string_113" HPOS="259" VPOS="1080" WIDTH="128" HEIGHT="29" WC="0.96" CONTENT="liksom"/><SP WIDTH="21" VPOS="1080" HPOS="387"/>
							<String ID="string_114" HPOS="408" VPOS="1078" WIDTH="91" HEIGHT="29" WC="0.96" CONTENT="varit"/><SP WIDTH="23" VPOS="1078" HPOS="499"/>
							<String ID="string_115" HPOS="522" VPOS="1077" WIDTH="98" HEIGHT="30" WC="0.96" CONTENT="fallet"/><SP WIDTH="22" VPOS="1077" HPOS="620"/>
							<String ID="string_116" HPOS="642" VPOS="1076" WIDTH="54" HEIGHT="30" WC="0.96" CONTENT="för"/><SP WIDTH="23" VPOS="1076" HPOS="696"/>
							<String ID="string_117" HPOS="719" VPOS="1074" WIDTH="236" HEIGHT="31" WC="0.96" CONTENT="innevarande"/><SP WIDTH="23" VPOS="1074" HPOS="955"/>
							<String ID="string_118" HPOS="978" VPOS="1073" WIDTH="66" HEIGHT="30" WC="0.96" CONTENT="och"/><SP WIDTH="21" VPOS="1073" HPOS="1044"/>
							<String ID="string_119" HPOS="1065" VPOS="1072" WIDTH="147" HEIGHT="39" WC="0.96" CONTENT="tidigare"/><SP WIDTH="23" VPOS="1072" HPOS="1212"/>
							<String ID="string_120" HPOS="1235" VPOS="1069" WIDTH="169" HEIGHT="40" WC="0.92" CONTENT="budgetår"/><SP WIDTH="21" VPOS="1069" HPOS="1404"/>
							<String ID="string_121" HPOS="1425" VPOS="1087" WIDTH="45" HEIGHT="3" WC="0.92" CONTENT="—"/><SP WIDTH="22" VPOS="1087" HPOS="1470"/>
							<String ID="string_122" HPOS="1492" VPOS="1068" WIDTH="127" HEIGHT="39" WC="0.96" CONTENT="Kungl."/><SP WIDTH="23" VPOS="1068" HPOS="1619"/>
							<String ID="string_123" HPOS="1642" VPOS="1066" WIDTH="106" HEIGHT="40" WC="0.96" CONTENT="Maj:t"/>
						</TextLine>
						<TextLine ID="line_15" HPOS="258" VPOS="1121" WIDTH="1490" HEIGHT="51">
							<String ID="string_124" HPOS="258" VPOS="1133" WIDTH="131" HEIGHT="39" WC="0.95" CONTENT="jämväl"/><SP WIDTH="21" VPOS="1133" HPOS="389"/>
							<String ID="string_125" HPOS="410" VPOS="1132" WIDTH="54" HEIGHT="30" WC="0.96" CONTENT="för"/><SP WIDTH="21" VPOS="1132" HPOS="464"/>
							<String ID="string_126" HPOS="485" VPOS="1130" WIDTH="205" HEIGHT="40" WC="0.93" CONTENT="budgetåret"/><SP WIDTH="23" VPOS="1130" HPOS="690"/>
							<String ID="string_127" HPOS="713" VPOS="1128" WIDTH="140" HEIGHT="31" WC="0.92" CONTENT="1959/60"/><SP WIDTH="21" VPOS="1128" HPOS="853"/>
							<String ID="string_128" HPOS="874" VPOS="1127" WIDTH="89" HEIGHT="30" WC="0.96" CONTENT="skall"/><SP WIDTH="22" VPOS="1127" HPOS="963"/>
							<String ID="string_129" HPOS="985" VPOS="1128" WIDTH="64" HEIGHT="38" WC="0.96" CONTENT="äga"/><SP WIDTH="20" VPOS="1128" HPOS="1049"/>
							<String ID="string_130" HPOS="1069" VPOS="1126" WIDTH="139" HEIGHT="38" WC="0.96" CONTENT="vidtaga"/><SP WIDTH="21" VPOS="1126" HPOS="1208"/>
							<String ID="string_131" HPOS="1229" VPOS="1124" WIDTH="42" HEIGHT="30" WC="0.93" CONTENT="de"/><SP WIDTH="20" VPOS="1124" HPOS="1271"/>
							<String ID="string_132" HPOS="1291" VPOS="1123" WIDTH="227" HEIGHT="40" WC="0.92" CONTENT="jämkningar"/><SP WIDTH="21" VPOS="1123" HPOS="1518"/>
							<String ID="string_133" HPOS="1539" VPOS="1122" WIDTH="11" HEIGHT="29" WC="0.97" CONTENT="i"/><SP WIDTH="21" VPOS="1122" HPOS="1550"/>
							<String ID="string_134" HPOS="1571" VPOS="1121" WIDTH="99" HEIGHT="39" WC="0.96" CONTENT="fråga"/><SP WIDTH="21" VPOS="1121" HPOS="1670"/>
							<String ID="string_135" HPOS="1691" VPOS="1129" WIDTH="57" HEIGHT="21" WC="0.96" CONTENT="om"/>
						</TextLine>
						<TextLine ID="line_16" HPOS="263" VPOS="1175" WIDTH="1487" HEIGHT="51">
							<String ID="string_136" HPOS="263" VPOS="1184" WIDTH="458" HEIGHT="42" WC="0.90" CONTENT="personalorganisationen,"/><SP WIDTH="24" VPOS="1184" HPOS="721"/>
							<String ID="string_137" HPOS="745" VPOS="1191" WIDTH="75" HEIGHT="21" WC="0.95" CONTENT="som"/><SP WIDTH="21" VPOS="1191" HPOS="820"/>
							<String ID="string_138" HPOS="841" VPOS="1181" WIDTH="66" HEIGHT="30" WC="0.95" CONTENT="blir"/><SP WIDTH="23" VPOS="1181" HPOS="907"/>
							<String ID="string_139" HPOS="930" VPOS="1180" WIDTH="226" HEIGHT="38" WC="0.96" CONTENT="erforderliga"/><SP WIDTH="23" VPOS="1180" HPOS="1156"/>
							<String ID="string_140" HPOS="1179" VPOS="1178" WIDTH="80" HEIGHT="30" WC="0.96" CONTENT="med"/><SP WIDTH="23" VPOS="1178" HPOS="1259"/>
							<String ID="string_141" HPOS="1282" VPOS="1177" WIDTH="188" HEIGHT="38" WC="0.96" CONTENT="anledning"/><SP WIDTH="23" VPOS="1177" HPOS="1470"/>
							<String ID="string_142" HPOS="1493" VPOS="1185" WIDTH="42" HEIGHT="20" WC="0.96" CONTENT="av"/><SP WIDTH="22" VPOS="1185" HPOS="1535"/>
							<String ID="string_143" HPOS="1557" VPOS="1175" WIDTH="114" HEIGHT="29" WC="0.96" CONTENT="beslut"/><SP WIDTH="22" VPOS="1175" HPOS="1671"/>
							<String ID="string_144" HPOS="1693" VPOS="1183" WIDTH="57" HEIGHT="20" WC="0.96" CONTENT="om"/>
						</TextLine>
						<TextLine ID="line_17" HPOS="261" VPOS="1224" WIDTH="1489" HEIGHT="54">
							<String ID="string_145" HPOS="261" VPOS="1237" WIDTH="419" HEIGHT="41" WC="0.91" CONTENT="organisationsändring,"/><SP WIDTH="33" VPOS="1237" HPOS="680"/>
							<String ID="string_146" HPOS="713" VPOS="1235" WIDTH="143" HEIGHT="40" WC="0.96" CONTENT="givetvis"/><SP WIDTH="32" VPOS="1235" HPOS="856"/>
							<String ID="string_147" HPOS="888" VPOS="1234" WIDTH="90" HEIGHT="30" WC="0.96" CONTENT="dock"/><SP WIDTH="33" VPOS="1234" HPOS="978"/>
							<String ID="string_148" HPOS="1011" VPOS="1233" WIDTH="153" HEIGHT="39" WC="0.96" CONTENT="alltjämt"/><SP WIDTH="31" VPOS="1233" HPOS="1164"/>
							<String ID="string_149" HPOS="1195" VPOS="1232" WIDTH="77" HEIGHT="30" WC="0.96" CONTENT="icke"/><SP WIDTH="33" VPOS="1232" HPOS="1272"/>
							<String ID="string_150" HPOS="1305" VPOS="1231" WIDTH="104" HEIGHT="29" WC="0.96" CONTENT="såvitt"/><SP WIDTH="32" VPOS="1231" HPOS="1409"/>
							<String ID="string_151" HPOS="1441" VPOS="1238" WIDTH="100" HEIGHT="22" WC="0.96" CONTENT="avser"/><SP WIDTH="32" VPOS="1238" HPOS="1541"/>
							<String ID="string_152" HPOS="1573" VPOS="1224" WIDTH="177" HEIGHT="49" WC="0.90" CONTENT="personal-"/>
						</TextLine>
						<TextLine ID="line_18" HPOS="262" VPOS="1282" WIDTH="1489" HEIGHT="47">
							<String ID="string_153" HPOS="262" VPOS="1294" WIDTH="154" HEIGHT="28" WC="0.96" CONTENT="staterna"/><SP WIDTH="28" VPOS="1294" HPOS="416"/>
							<String ID="string_154" HPOS="444" VPOS="1292" WIDTH="56" HEIGHT="29" WC="0.96" CONTENT="för"/><SP WIDTH="28" VPOS="1292" HPOS="500"/>
							<String ID="string_155" HPOS="528" VPOS="1290" WIDTH="175" HEIGHT="31" WC="0.96" CONTENT="ordinarie"/><SP WIDTH="28" VPOS="1290" HPOS="703"/>
							<String ID="string_156" HPOS="731" VPOS="1288" WIDTH="173" HEIGHT="41" WC="0.96" CONTENT="personal,"/><SP WIDTH="29" VPOS="1288" HPOS="904"/>
							<String ID="string_157" HPOS="933" VPOS="1289" WIDTH="92" HEIGHT="28" WC="0.96" CONTENT="samt"/><SP WIDTH="28" VPOS="1289" HPOS="1025"/>
							<String ID="string_158" HPOS="1053" VPOS="1286" WIDTH="126" HEIGHT="30" WC="0.95" CONTENT="bereda"/><SP WIDTH="29" VPOS="1286" HPOS="1179"/>
							<String ID="string_159" HPOS="1208" VPOS="1284" WIDTH="151" HEIGHT="31" WC="0.96" CONTENT="särskild"/><SP WIDTH="29" VPOS="1284" HPOS="1359"/>
							<String ID="string_160" HPOS="1388" VPOS="1283" WIDTH="195" HEIGHT="39" WC="0.96" CONTENT="ersättning"/><SP WIDTH="29" VPOS="1283" HPOS="1583"/>
							<String ID="string_161" HPOS="1612" VPOS="1282" WIDTH="35" HEIGHT="30" WC="0.92" CONTENT="åt"/><SP WIDTH="27" VPOS="1282" HPOS="1647"/>
							<String ID="string_162" HPOS="1674" VPOS="1290" WIDTH="77" HEIGHT="32" WC="0.90" CONTENT="per-"/>
						</TextLine>
						<TextLine ID="line_19" HPOS="261" VPOS="1336" WIDTH="1488" HEIGHT="43">
							<String ID="string_163" HPOS="261" VPOS="1346" WIDTH="108" HEIGHT="33" WC="0.92" CONTENT="sonal,"/><SP WIDTH="24" VPOS="1346" HPOS="369"/>
							<String ID="string_164" HPOS="393" VPOS="1354" WIDTH="75" HEIGHT="21" WC="0.96" CONTENT="som"/><SP WIDTH="36" VPOS="1354" HPOS="468"/>
							<String ID="string_165" HPOS="504" VPOS="1344" WIDTH="80" HEIGHT="30" WC="0.96" CONTENT="med"/><SP WIDTH="34" VPOS="1344" HPOS="584"/>
							<String ID="string_166" HPOS="618" VPOS="1343" WIDTH="198" HEIGHT="30" WC="0.93" CONTENT="bibehållen"/><SP WIDTH="34" VPOS="1343" HPOS="816"/>
							<String ID="string_167" HPOS="850" VPOS="1341" WIDTH="249" HEIGHT="38" WC="0.89" CONTENT="löneställning"/><SP WIDTH="24" VPOS="1341" HPOS="1099"/>
							<String ID="string_168" HPOS="1123" VPOS="1339" WIDTH="170" HEIGHT="30" WC="0.96" CONTENT="bestrider"/><SP WIDTH="26" VPOS="1339" HPOS="1293"/>
							<String ID="string_169" HPOS="1319" VPOS="1337" WIDTH="154" HEIGHT="41" WC="0.95" CONTENT="göromål"/><SP WIDTH="25" VPOS="1337" HPOS="1473"/>
							<String ID="string_170" HPOS="1498" VPOS="1337" WIDTH="96" HEIGHT="29" WC="0.96" CONTENT="vilka"/><SP WIDTH="24" VPOS="1337" HPOS="1594"/>
							<String ID="string_171" HPOS="1618" VPOS="1336" WIDTH="58" HEIGHT="30" WC="0.96" CONTENT="vid"/><SP WIDTH="26" VPOS="1336" HPOS="1676"/>
							<String ID="string_172" HPOS="1702" VPOS="1345" WIDTH="47" HEIGHT="30" WC="0.96" CONTENT="ny"/>
						</TextLine>
						<TextLine ID="line_20" HPOS="262" VPOS="1392" WIDTH="1112" HEIGHT="46">
							<String ID="string_173" HPOS="262" VPOS="1399" WIDTH="238" HEIGHT="39" WC="0.96" CONTENT="organisation"/><SP WIDTH="24" VPOS="1399" HPOS="500"/>
							<String ID="string_174" HPOS="524" VPOS="1398" WIDTH="207" HEIGHT="30" WC="0.96" CONTENT="ankommer"/><SP WIDTH="22" VPOS="1398" HPOS="731"/>
							<String ID="string_175" HPOS="753" VPOS="1396" WIDTH="46" HEIGHT="40" WC="0.96" CONTENT="på"/><SP WIDTH="23" VPOS="1396" HPOS="799"/>
							<String ID="string_176" HPOS="822" VPOS="1395" WIDTH="212" HEIGHT="30" WC="0.96" CONTENT="innehavare"/><SP WIDTH="25" VPOS="1395" HPOS="1034"/>
							<String ID="string_177" HPOS="1059" VPOS="1403" WIDTH="41" HEIGHT="20" WC="0.96" CONTENT="av"/><SP WIDTH="23" VPOS="1403" HPOS="1100"/>
							<String ID="string_178" HPOS="1123" VPOS="1393" WIDTH="106" HEIGHT="39" WC="0.96" CONTENT="högre"/><SP WIDTH="25" VPOS="1393" HPOS="1229"/>
							<String ID="string_179" HPOS="1254" VPOS="1392" WIDTH="120" HEIGHT="40" WC="0.96" CONTENT="tjänst."/>
						</TextLine>
					</TextBlock>
				</ComposedBlock>
				<ComposedBlock ID="cblock_4" HPOS="259" VPOS="1497" WIDTH="1492" HEIGHT="411">
					<TextBlock ID="block_4" HPOS="259" VPOS="1497" WIDTH="1491" HEIGHT="260">
						<TextLine ID="line_21" HPOS="318" VPOS="1497" WIDTH="1432" HEIGHT="45">
							<String ID="string_180" HPOS="318" VPOS="1506" WIDTH="174" HEIGHT="29" WC="0.96" CONTENT="Utskottet"/><SP WIDTH="19" VPOS="1506" HPOS="492"/>
							<String ID="string_181" HPOS="511" VPOS="1513" WIDTH="102" HEIGHT="21" WC="0.95" CONTENT="anser"/><SP WIDTH="20" VPOS="1513" HPOS="613"/>
							<String ID="string_182" HPOS="633" VPOS="1504" WIDTH="10" HEIGHT="29" WC="0.96" CONTENT="i"/><SP WIDTH="20" VPOS="1504" HPOS="643"/>
							<String ID="string_183" HPOS="663" VPOS="1503" WIDTH="111" HEIGHT="30" WC="0.96" CONTENT="likhet"/><SP WIDTH="20" VPOS="1503" HPOS="774"/>
							<String ID="string_184" HPOS="794" VPOS="1502" WIDTH="79" HEIGHT="30" WC="0.93" CONTENT="med"/><SP WIDTH="20" VPOS="1502" HPOS="873"/>
							<String ID="string_185" HPOS="893" VPOS="1499" WIDTH="397" HEIGHT="43" WC="0.91" CONTENT="departementschefen,"/><SP WIDTH="21" VPOS="1499" HPOS="1290"/>
							<String ID="string_186" HPOS="1311" VPOS="1501" WIDTH="62" HEIGHT="32" WC="0.96" CONTENT="att,"/><SP WIDTH="20" VPOS="1501" HPOS="1373"/>
							<String ID="string_187" HPOS="1393" VPOS="1498" WIDTH="128" HEIGHT="30" WC="0.96" CONTENT="liksom"/><SP WIDTH="21" VPOS="1498" HPOS="1521"/>
							<String ID="string_188" HPOS="1542" VPOS="1497" WIDTH="98" HEIGHT="30" WC="0.96" CONTENT="fallet"/><SP WIDTH="20" VPOS="1497" HPOS="1640"/>
							<String ID="string_189" HPOS="1660" VPOS="1497" WIDTH="90" HEIGHT="29" WC="0.96" CONTENT="varit"/>
						</TextLine>
						<TextLine ID="line_22" HPOS="260" VPOS="1551" WIDTH="1490" HEIGHT="45">
							<String ID="string_190" HPOS="260" VPOS="1559" WIDTH="55" HEIGHT="30" WC="0.96" CONTENT="för"/><SP WIDTH="20" VPOS="1559" HPOS="315"/>
							<String ID="string_191" HPOS="335" VPOS="1558" WIDTH="237" HEIGHT="30" WC="0.96" CONTENT="innevarande"/><SP WIDTH="22" VPOS="1558" HPOS="572"/>
							<String ID="string_192" HPOS="594" VPOS="1557" WIDTH="64" HEIGHT="30" WC="0.96" CONTENT="och"/><SP WIDTH="20" VPOS="1557" HPOS="658"/>
							<String ID="string_193" HPOS="678" VPOS="1557" WIDTH="148" HEIGHT="39" WC="0.96" CONTENT="tidigare"/><SP WIDTH="21" VPOS="1557" HPOS="826"/>
							<String ID="string_194" HPOS="847" VPOS="1555" WIDTH="180" HEIGHT="39" WC="0.96" CONTENT="budgetår,"/><SP WIDTH="23" VPOS="1555" HPOS="1027"/>
							<String ID="string_195" HPOS="1050" VPOS="1554" WIDTH="124" HEIGHT="39" WC="0.93" CONTENT="Kungl."/><SP WIDTH="23" VPOS="1554" HPOS="1174"/>
							<String ID="string_196" HPOS="1197" VPOS="1553" WIDTH="106" HEIGHT="39" WC="0.96" CONTENT="Maj:t"/><SP WIDTH="21" VPOS="1553" HPOS="1303"/>
							<String ID="string_197" HPOS="1324" VPOS="1552" WIDTH="62" HEIGHT="30" WC="0.96" CONTENT="bör"/><SP WIDTH="21" VPOS="1552" HPOS="1386"/>
							<String ID="string_198" HPOS="1407" VPOS="1553" WIDTH="64" HEIGHT="38" WC="0.96" CONTENT="äga"/><SP WIDTH="22" VPOS="1553" HPOS="1471"/>
							<String ID="string_199" HPOS="1493" VPOS="1551" WIDTH="184" HEIGHT="40" WC="0.96" CONTENT="möjlighet"/><SP WIDTH="22" VPOS="1551" HPOS="1677"/>
							<String ID="string_200" HPOS="1699" VPOS="1552" WIDTH="51" HEIGHT="28" WC="0.96" CONTENT="att"/>
						</TextLine>
						<TextLine ID="line_23" HPOS="259" VPOS="1604" WIDTH="1490" HEIGHT="48">
							<String ID="string_201" HPOS="259" VPOS="1612" WIDTH="131" HEIGHT="40" WC="0.96" CONTENT="jämväl"/><SP WIDTH="27" VPOS="1612" HPOS="390"/>
							<String ID="string_202" HPOS="417" VPOS="1612" WIDTH="111" HEIGHT="29" WC="0.96" CONTENT="under"/><SP WIDTH="25" VPOS="1612" HPOS="528"/>
							<String ID="string_203" HPOS="553" VPOS="1610" WIDTH="205" HEIGHT="40" WC="0.93" CONTENT="budgetåret"/><SP WIDTH="28" VPOS="1610" HPOS="758"/>
							<String ID="string_204" HPOS="786" VPOS="1609" WIDTH="140" HEIGHT="31" WC="0.92" CONTENT="1959/60"/><SP WIDTH="25" VPOS="1609" HPOS="926"/>
							<String ID="string_205" HPOS="951" VPOS="1608" WIDTH="141" HEIGHT="39" WC="0.96" CONTENT="vidtaga"/><SP WIDTH="26" VPOS="1608" HPOS="1092"/>
							<String ID="string_206" HPOS="1118" VPOS="1617" WIDTH="41" HEIGHT="20" WC="0.93" CONTENT="av"/><SP WIDTH="26" VPOS="1617" HPOS="1159"/>
							<String ID="string_207" HPOS="1185" VPOS="1605" WIDTH="388" HEIGHT="42" WC="0.92" CONTENT="departementschefen"/><SP WIDTH="25" VPOS="1605" HPOS="1573"/>
							<String ID="string_208" HPOS="1598" VPOS="1604" WIDTH="151" HEIGHT="30" WC="0.96" CONTENT="avsedda"/>
						</TextLine>
						<TextLine ID="line_24" HPOS="259" VPOS="1658" WIDTH="1491" HEIGHT="47">
							<String ID="string_209" HPOS="259" VPOS="1666" WIDTH="227" HEIGHT="39" WC="0.90" CONTENT="jämkningar"/><SP WIDTH="27" VPOS="1666" HPOS="486"/>
							<String ID="string_210" HPOS="513" VPOS="1665" WIDTH="11" HEIGHT="29" WC="0.93" CONTENT="i"/><SP WIDTH="27" VPOS="1665" HPOS="524"/>
							<String ID="string_211" HPOS="551" VPOS="1663" WIDTH="450" HEIGHT="41" WC="0.92" CONTENT="personalorganisationen"/><SP WIDTH="27" VPOS="1663" HPOS="1001"/>
							<String ID="string_212" HPOS="1028" VPOS="1663" WIDTH="91" HEIGHT="28" WC="0.95" CONTENT="samt"/><SP WIDTH="26" VPOS="1663" HPOS="1119"/>
							<String ID="string_213" HPOS="1145" VPOS="1663" WIDTH="51" HEIGHT="28" WC="0.95" CONTENT="att"/><SP WIDTH="26" VPOS="1663" HPOS="1196"/>
							<String ID="string_214" HPOS="1222" VPOS="1660" WIDTH="126" HEIGHT="30" WC="0.97" CONTENT="bereda"/><SP WIDTH="28" VPOS="1660" HPOS="1348"/>
							<String ID="string_215" HPOS="1376" VPOS="1659" WIDTH="152" HEIGHT="30" WC="0.96" CONTENT="särskild"/><SP WIDTH="28" VPOS="1659" HPOS="1528"/>
							<String ID="string_216" HPOS="1556" VPOS="1658" WIDTH="194" HEIGHT="39" WC="0.95" CONTENT="ersättning"/>
						</TextLine>
						<TextLine ID="line_25" HPOS="262" VPOS="1713" WIDTH="1180" HEIGHT="44">
							<String ID="string_217" HPOS="262" VPOS="1719" WIDTH="35" HEIGHT="30" WC="0.96" CONTENT="åt"/><SP WIDTH="23" VPOS="1719" HPOS="297"/>
							<String ID="string_218" HPOS="320" VPOS="1719" WIDTH="161" HEIGHT="38" WC="0.95" CONTENT="personal"/><SP WIDTH="25" VPOS="1719" HPOS="481"/>
							<String ID="string_219" HPOS="506" VPOS="1718" WIDTH="11" HEIGHT="29" WC="0.95" CONTENT="i"/><SP WIDTH="23" VPOS="1718" HPOS="517"/>
							<String ID="string_220" HPOS="540" VPOS="1718" WIDTH="42" HEIGHT="29" WC="0.96" CONTENT="de"/><SP WIDTH="24" VPOS="1718" HPOS="582"/>
							<String ID="string_221" HPOS="606" VPOS="1717" WIDTH="71" HEIGHT="33" WC="0.96" CONTENT="fall,"/><SP WIDTH="25" VPOS="1717" HPOS="677"/>
							<String ID="string_222" HPOS="702" VPOS="1726" WIDTH="76" HEIGHT="20" WC="0.93" CONTENT="som"/><SP WIDTH="24" VPOS="1726" HPOS="778"/>
							<String ID="string_223" HPOS="802" VPOS="1714" WIDTH="387" HEIGHT="39" WC="0.91" CONTENT="departementschefen"/><SP WIDTH="23" VPOS="1714" HPOS="1189"/>
							<String ID="string_224" HPOS="1212" VPOS="1714" WIDTH="65" HEIGHT="29" WC="0.96" CONTENT="har"/><SP WIDTH="24" VPOS="1714" HPOS="1277"/>
							<String ID="string_225" HPOS="1301" VPOS="1713" WIDTH="141" HEIGHT="39" WC="0.95" CONTENT="angivit."/>
						</TextLine>
					</TextBlock>
					<TextBlock ID="block_5" HPOS="317" VPOS="1770" WIDTH="414" HEIGHT="33">
						<TextLine ID="line_26" HPOS="317" VPOS="1770" WIDTH="414" HEIGHT="33">
							<String ID="string_226" HPOS="317" VPOS="1772" WIDTH="177" HEIGHT="30" WC="0.96" CONTENT="Utskottet"/><SP WIDTH="24" VPOS="1772" HPOS="494"/>
							<String ID="string_227" HPOS="518" VPOS="1770" WIDTH="213" HEIGHT="33" WC="0.96" CONTENT="hemställer,"/>
						</TextLine>
					</TextBlock>
					<TextBlock ID="block_6" HPOS="528" VPOS="1820" WIDTH="1223" HEIGHT="88">
						<TextLine ID="line_27" HPOS="585" VPOS="1820" WIDTH="1166" HEIGHT="42">
							<String ID="string_228" HPOS="585" VPOS="1826" WIDTH="49" HEIGHT="27" WC="0.96" CONTENT="att"/><SP WIDTH="16" VPOS="1826" HPOS="634"/>
							<String ID="string_229" HPOS="650" VPOS="1824" WIDTH="188" HEIGHT="38" WC="0.96" CONTENT="riksdagen"/><SP WIDTH="16" VPOS="1824" HPOS="838"/>
							<String ID="string_230" HPOS="854" VPOS="1823" WIDTH="57" HEIGHT="29" WC="0.96" CONTENT="må"/><SP WIDTH="15" VPOS="1823" HPOS="911"/>
							<String ID="string_231" HPOS="926" VPOS="1823" WIDTH="11" HEIGHT="28" WC="0.96" CONTENT="i"/><SP WIDTH="17" VPOS="1823" HPOS="937"/>
							<String ID="string_232" HPOS="954" VPOS="1822" WIDTH="168" HEIGHT="30" WC="0.96" CONTENT="skrivelse"/><SP WIDTH="16" VPOS="1822" HPOS="1122"/>
							<String ID="string_233" HPOS="1138" VPOS="1822" WIDTH="51" HEIGHT="29" WC="0.95" CONTENT="till"/><SP WIDTH="18" VPOS="1822" HPOS="1189"/>
							<String ID="string_234" HPOS="1207" VPOS="1821" WIDTH="125" HEIGHT="39" WC="0.94" CONTENT="Kungl."/><SP WIDTH="17" VPOS="1821" HPOS="1332"/>
							<String ID="string_235" HPOS="1349" VPOS="1820" WIDTH="105" HEIGHT="39" WC="0.96" CONTENT="Maj:t"/><SP WIDTH="17" VPOS="1820" HPOS="1454"/>
							<String ID="string_236" HPOS="1471" VPOS="1820" WIDTH="78" HEIGHT="39" WC="0.96" CONTENT="giva"/><SP WIDTH="16" VPOS="1820" HPOS="1549"/>
							<String ID="string_237" HPOS="1565" VPOS="1820" WIDTH="52" HEIGHT="29" WC="0.96" CONTENT="till"/><SP WIDTH="16" VPOS="1820" HPOS="1617"/>
							<String ID="string_238" HPOS="1633" VPOS="1820" WIDTH="118" HEIGHT="30" WC="0.96" CONTENT="känna"/>
						</TextLine>
						<TextLine ID="line_28" HPOS="528" VPOS="1876" WIDTH="406" HEIGHT="32">
							<String ID="string_239" HPOS="528" VPOS="1878" WIDTH="66" HEIGHT="30" WC="0.96" CONTENT="vad"/><SP WIDTH="21" VPOS="1878" HPOS="594"/>
							<String ID="string_240" HPOS="615" VPOS="1878" WIDTH="171" HEIGHT="28" WC="0.96" CONTENT="utskottet"/><SP WIDTH="20" VPOS="1878" HPOS="786"/>
							<String ID="string_241" HPOS="806" VPOS="1876" WIDTH="128" HEIGHT="30" WC="0.95" CONTENT="anfört."/>
						</TextLine>
					</TextBlock>
				</ComposedBlock>
				<ComposedBlock ID="cblock_5" HPOS="261" VPOS="2006" WIDTH="1492" HEIGHT="579">
					<TextBlock ID="block_7" HPOS="261" VPOS="2006" WIDTH="1492" HEIGHT="419">
						<TextLine ID="line_29" HPOS="314" VPOS="2006" WIDTH="1435" HEIGHT="46">
							<String ID="string_242" HPOS="314" VPOS="2012" WIDTH="74" HEIGHT="34" WC="0.92" CONTENT="4:0)"/><SP WIDTH="29" VPOS="2012" HPOS="388"/>
							<String ID="string_243" HPOS="417" VPOS="2014" WIDTH="79" HEIGHT="30" WC="0.93" CONTENT="Viss"/><SP WIDTH="36" VPOS="2014" HPOS="496"/>
							<String ID="string_244" HPOS="532" VPOS="2011" WIDTH="381" HEIGHT="41" WC="0.91" CONTENT="personalförändring"/><SP WIDTH="35" VPOS="2011" HPOS="913"/>
							<String ID="string_245" HPOS="948" VPOS="2011" WIDTH="60" HEIGHT="30" WC="0.96" CONTENT="vid"/><SP WIDTH="34" VPOS="2011" HPOS="1008"/>
							<String ID="string_246" HPOS="1042" VPOS="2010" WIDTH="192" HEIGHT="31" WC="0.92" CONTENT="försvarets"/><SP WIDTH="36" VPOS="2010" HPOS="1234"/>
							<String ID="string_247" HPOS="1270" VPOS="2008" WIDTH="237" HEIGHT="32" WC="0.76" CONTENT="fabriksverk."/><SP WIDTH="40" VPOS="2008" HPOS="1507"/>
							<String ID="string_248" HPOS="1547" VPOS="2007" WIDTH="13" HEIGHT="30" WC="0.48" CONTENT="1"/><SP WIDTH="37" VPOS="2007" HPOS="1560"/>
							<String ID="string_249" HPOS="1597" VPOS="2006" WIDTH="152" HEIGHT="40" WC="0.96" CONTENT="enlighet"/>
						</TextLine>
						<TextLine ID="line_30" HPOS="261" VPOS="2061" WIDTH="1490" HEIGHT="44">
							<String ID="string_250" HPOS="261" VPOS="2066" WIDTH="79" HEIGHT="29" WC="0.96" CONTENT="med"/><SP WIDTH="23" VPOS="2066" HPOS="340"/>
							<String ID="string_251" HPOS="363" VPOS="2066" WIDTH="126" HEIGHT="39" WC="0.96" CONTENT="Kungl."/><SP WIDTH="25" VPOS="2066" HPOS="489"/>
							<String ID="string_252" HPOS="514" VPOS="2065" WIDTH="123" HEIGHT="39" WC="0.96" CONTENT="Maj:ts"/><SP WIDTH="24" VPOS="2065" HPOS="637"/>
							<String ID="string_253" HPOS="661" VPOS="2064" WIDTH="132" HEIGHT="39" WC="0.96" CONTENT="förslag"/><SP WIDTH="19" VPOS="2064" HPOS="793"/>
							<String ID="string_254" HPOS="812" VPOS="2064" WIDTH="131" HEIGHT="40" WC="0.96" CONTENT="(punkt"/><SP WIDTH="22" VPOS="2064" HPOS="943"/>
							<String ID="string_255" HPOS="965" VPOS="2063" WIDTH="30" HEIGHT="35" WC="0.92" CONTENT="4,"/><SP WIDTH="25" VPOS="2063" HPOS="995"/>
							<String ID="string_256" HPOS="1020" VPOS="2073" WIDTH="25" HEIGHT="20" WC="0.89" CONTENT="s."/><SP WIDTH="25" VPOS="2073" HPOS="1045"/>
							<String ID="string_257" HPOS="1070" VPOS="2063" WIDTH="40" HEIGHT="30" WC="0.96" CONTENT="23"/><SP WIDTH="24" VPOS="2063" HPOS="1110"/>
							<String ID="string_258" HPOS="1134" VPOS="2063" WIDTH="65" HEIGHT="30" WC="0.96" CONTENT="och"/><SP WIDTH="24" VPOS="2063" HPOS="1199"/>
							<String ID="string_259" HPOS="1223" VPOS="2062" WIDTH="58" HEIGHT="34" WC="0.96" CONTENT="24)"/><SP WIDTH="19" VPOS="2062" HPOS="1281"/>
							<String ID="string_260" HPOS="1300" VPOS="2062" WIDTH="55" HEIGHT="30" WC="0.96" CONTENT="får"/><SP WIDTH="23" VPOS="2062" HPOS="1355"/>
							<String ID="string_261" HPOS="1378" VPOS="2062" WIDTH="172" HEIGHT="29" WC="0.93" CONTENT="utskottet"/><SP WIDTH="22" VPOS="2062" HPOS="1550"/>
							<String ID="string_262" HPOS="1572" VPOS="2079" WIDTH="45" HEIGHT="4" WC="0.86" CONTENT="—"/><SP WIDTH="22" VPOS="2079" HPOS="1617"/>
							<String ID="string_263" HPOS="1639" VPOS="2061" WIDTH="112" HEIGHT="29" WC="0.96" CONTENT="under"/>
						</TextLine>
						<TextLine ID="line_31" HPOS="262" VPOS="2114" WIDTH="1490" HEIGHT="43">
							<String ID="string_264" HPOS="262" VPOS="2119" WIDTH="258" HEIGHT="30" WC="0.91" CONTENT="framhållande"/><SP WIDTH="22" VPOS="2119" HPOS="520"/>
							<String ID="string_265" HPOS="542" VPOS="2120" WIDTH="51" HEIGHT="28" WC="0.96" CONTENT="att"/><SP WIDTH="21" VPOS="2120" HPOS="593"/>
							<String ID="string_266" HPOS="614" VPOS="2118" WIDTH="125" HEIGHT="39" WC="0.96" CONTENT="Kungl."/><SP WIDTH="22" VPOS="2118" HPOS="739"/>
							<String ID="string_267" HPOS="761" VPOS="2117" WIDTH="106" HEIGHT="40" WC="0.96" CONTENT="Maj:t"/><SP WIDTH="21" VPOS="2117" HPOS="867"/>
							<String ID="string_268" HPOS="888" VPOS="2117" WIDTH="167" HEIGHT="39" WC="0.96" CONTENT="medgivit"/><SP WIDTH="21" VPOS="2117" HPOS="1055"/>
							<String ID="string_269" HPOS="1076" VPOS="2118" WIDTH="51" HEIGHT="29" WC="0.96" CONTENT="att"/><SP WIDTH="19" VPOS="2118" HPOS="1127"/>
							<String ID="string_270" HPOS="1146" VPOS="2117" WIDTH="57" HEIGHT="29" WC="0.92" CONTENT="vid"/><SP WIDTH="23" VPOS="2117" HPOS="1203"/>
							<String ID="string_271" HPOS="1226" VPOS="2116" WIDTH="257" HEIGHT="30" WC="0.91" CONTENT="fabriksverket"/><SP WIDTH="22" VPOS="2116" HPOS="1483"/>
							<String ID="string_272" HPOS="1505" VPOS="2115" WIDTH="58" HEIGHT="30" WC="0.96" CONTENT="må"/><SP WIDTH="22" VPOS="2115" HPOS="1563"/>
							<String ID="string_273" HPOS="1585" VPOS="2115" WIDTH="80" HEIGHT="30" WC="0.96" CONTENT="från"/><SP WIDTH="22" VPOS="2115" HPOS="1665"/>
							<String ID="string_274" HPOS="1687" VPOS="2114" WIDTH="65" HEIGHT="30" WC="0.96" CONTENT="och"/>
						</TextLine>
						<TextLine ID="line_32" HPOS="261" VPOS="2169" WIDTH="1491" HEIGHT="43">
							<String ID="string_275" HPOS="261" VPOS="2173" WIDTH="79" HEIGHT="29" WC="0.96" CONTENT="med"/><SP WIDTH="18" VPOS="2173" HPOS="340"/>
							<String ID="string_276" HPOS="358" VPOS="2173" WIDTH="67" HEIGHT="29" WC="0.95" CONTENT="den"/><SP WIDTH="20" VPOS="2173" HPOS="425"/>
							<String ID="string_277" HPOS="445" VPOS="2173" WIDTH="14" HEIGHT="29" WC="0.95" CONTENT="1"/><SP WIDTH="21" VPOS="2173" HPOS="459"/>
							<String ID="string_278" HPOS="480" VPOS="2172" WIDTH="67" HEIGHT="40" WC="0.94" CONTENT="juli"/><SP WIDTH="21" VPOS="2172" HPOS="547"/>
							<String ID="string_279" HPOS="568" VPOS="2172" WIDTH="82" HEIGHT="30" WC="0.96" CONTENT="1959"/><SP WIDTH="20" VPOS="2172" HPOS="650"/>
							<String ID="string_280" HPOS="670" VPOS="2171" WIDTH="119" HEIGHT="30" WC="0.96" CONTENT="finnas"/><SP WIDTH="18" VPOS="2171" HPOS="789"/>
							<String ID="string_281" HPOS="807" VPOS="2171" WIDTH="155" HEIGHT="30" WC="0.96" CONTENT="inrättad"/><SP WIDTH="19" VPOS="2171" HPOS="962"/>
							<String ID="string_282" HPOS="981" VPOS="2180" WIDTH="43" HEIGHT="20" WC="0.96" CONTENT="en"/><SP WIDTH="18" VPOS="2180" HPOS="1024"/>
							<String ID="string_283" HPOS="1042" VPOS="2171" WIDTH="111" HEIGHT="39" WC="0.96" CONTENT="tjänst"/><SP WIDTH="19" VPOS="2171" HPOS="1153"/>
							<String ID="string_284" HPOS="1172" VPOS="2170" WIDTH="55" HEIGHT="30" WC="0.96" CONTENT="för"/><SP WIDTH="19" VPOS="2170" HPOS="1227"/>
							<String ID="string_285" HPOS="1246" VPOS="2169" WIDTH="244" HEIGHT="40" WC="0.96" CONTENT="överingenjör"/><SP WIDTH="19" VPOS="2169" HPOS="1490"/>
							<String ID="string_286" HPOS="1509" VPOS="2169" WIDTH="11" HEIGHT="29" WC="0.96" CONTENT="i"/><SP WIDTH="20" VPOS="2169" HPOS="1520"/>
							<String ID="string_287" HPOS="1540" VPOS="2169" WIDTH="102" HEIGHT="39" WC="0.97" CONTENT="högst"/><SP WIDTH="19" VPOS="2169" HPOS="1642"/>
							<String ID="string_288" HPOS="1661" VPOS="2169" WIDTH="46" HEIGHT="29" WC="0.90" CONTENT="Be"/><SP WIDTH="17" VPOS="2169" HPOS="1707"/>
							<String ID="string_289" HPOS="1724" VPOS="2170" WIDTH="28" HEIGHT="32" WC="0.94" CONTENT="1,"/>
						</TextLine>
						<TextLine ID="line_33" HPOS="261" VPOS="2222" WIDTH="1490" HEIGHT="41">
							<String ID="string_290" HPOS="261" VPOS="2226" WIDTH="128" HEIGHT="30" WC="0.96" CONTENT="avsedd"/><SP WIDTH="21" VPOS="2226" HPOS="389"/>
							<String ID="string_291" HPOS="410" VPOS="2226" WIDTH="55" HEIGHT="29" WC="0.96" CONTENT="för"/><SP WIDTH="20" VPOS="2226" HPOS="465"/>
							<String ID="string_292" HPOS="485" VPOS="2225" WIDTH="82" HEIGHT="30" WC="0.96" CONTENT="chef"/><SP WIDTH="20" VPOS="2225" HPOS="567"/>
							<String ID="string_293" HPOS="587" VPOS="2225" WIDTH="53" HEIGHT="30" WC="0.93" CONTENT="för"/><SP WIDTH="21" VPOS="2225" HPOS="640"/>
							<String ID="string_294" HPOS="661" VPOS="2225" WIDTH="244" HEIGHT="30" WC="0.91" CONTENT="tvätteriernas"/><SP WIDTH="22" VPOS="2225" HPOS="905"/>
							<String ID="string_295" HPOS="927" VPOS="2224" WIDTH="241" HEIGHT="39" WC="0.91" CONTENT="driftledning,"/><SP WIDTH="23" VPOS="2224" HPOS="1168"/>
							<String ID="string_296" HPOS="1191" VPOS="2225" WIDTH="91" HEIGHT="28" WC="0.96" CONTENT="samt"/><SP WIDTH="21" VPOS="2225" HPOS="1282"/>
							<String ID="string_297" HPOS="1303" VPOS="2225" WIDTH="51" HEIGHT="28" WC="0.96" CONTENT="att"/><SP WIDTH="20" VPOS="2225" HPOS="1354"/>
							<String ID="string_298" HPOS="1374" VPOS="2224" WIDTH="10" HEIGHT="29" WC="0.96" CONTENT="i"/><SP WIDTH="22" VPOS="2224" HPOS="1384"/>
							<String ID="string_299" HPOS="1406" VPOS="2223" WIDTH="205" HEIGHT="39" WC="0.96" CONTENT="anslutning"/><SP WIDTH="21" VPOS="2223" HPOS="1611"/>
							<String ID="string_300" HPOS="1632" VPOS="2222" WIDTH="119" HEIGHT="30" WC="0.96" CONTENT="härtill"/>
						</TextLine>
						<TextLine ID="line_34" HPOS="262" VPOS="2275" WIDTH="1490" HEIGHT="42">
							<String ID="string_301" HPOS="262" VPOS="2280" WIDTH="66" HEIGHT="29" WC="0.96" CONTENT="den"/><SP WIDTH="35" VPOS="2280" HPOS="328"/>
							<String ID="string_302" HPOS="363" VPOS="2280" WIDTH="58" HEIGHT="29" WC="0.93" CONTENT="vid"/><SP WIDTH="37" VPOS="2280" HPOS="421"/>
							<String ID="string_303" HPOS="458" VPOS="2279" WIDTH="258" HEIGHT="30" WC="0.91" CONTENT="fabriksverket"/><SP WIDTH="36" VPOS="2279" HPOS="716"/>
							<String ID="string_304" HPOS="752" VPOS="2278" WIDTH="174" HEIGHT="30" WC="0.96" CONTENT="inrättade"/><SP WIDTH="26" VPOS="2278" HPOS="926"/>
							<String ID="string_305" HPOS="952" VPOS="2278" WIDTH="158" HEIGHT="39" WC="0.96" CONTENT="tjänsten"/><SP WIDTH="26" VPOS="2278" HPOS="1110"/>
							<String ID="string_306" HPOS="1136" VPOS="2277" WIDTH="54" HEIGHT="30" WC="0.96" CONTENT="för"/><SP WIDTH="26" VPOS="2277" HPOS="1190"/>
							<String ID="string_307" HPOS="1216" VPOS="2277" WIDTH="255" HEIGHT="39" WC="0.93" CONTENT="överingenjör,"/><SP WIDTH="27" VPOS="2277" HPOS="1471"/>
							<String ID="string_308" HPOS="1498" VPOS="2275" WIDTH="218" HEIGHT="31" WC="0.92" CONTENT="fabrikschef"/><SP WIDTH="25" VPOS="2275" HPOS="1716"/>
							<String ID="string_309" HPOS="1741" VPOS="2276" WIDTH="11" HEIGHT="29" WC="0.96" CONTENT="i"/>
						</TextLine>
						<TextLine ID="line_35" HPOS="263" VPOS="2330" WIDTH="1490" HEIGHT="43">
							<String ID="string_310" HPOS="263" VPOS="2333" WIDTH="101" HEIGHT="39" WC="0.93" CONTENT="högst"/><SP WIDTH="24" VPOS="2333" HPOS="364"/>
							<String ID="string_311" HPOS="388" VPOS="2333" WIDTH="80" HEIGHT="40" WC="0.91" CONTENT="ABp"/><SP WIDTH="15" VPOS="2333" HPOS="468"/>
							<String ID="string_312" HPOS="483" VPOS="2332" WIDTH="53" HEIGHT="34" WC="0.96" CONTENT="24,"/><SP WIDTH="24" VPOS="2332" HPOS="536"/>
							<String ID="string_313" HPOS="560" VPOS="2332" WIDTH="116" HEIGHT="30" WC="0.96" CONTENT="vilken"/><SP WIDTH="25" VPOS="2332" HPOS="676"/>
							<String ID="string_314" HPOS="701" VPOS="2331" WIDTH="55" HEIGHT="31" WC="0.96" CONTENT="för"/><SP WIDTH="25" VPOS="2331" HPOS="756"/>
							<String ID="string_315" HPOS="781" VPOS="2331" WIDTH="219" HEIGHT="30" WC="0.95" CONTENT="närvarande"/><SP WIDTH="25" VPOS="2331" HPOS="1000"/>
							<String ID="string_316" HPOS="1025" VPOS="2332" WIDTH="38" HEIGHT="29" WC="0.96" CONTENT="är"/><SP WIDTH="23" VPOS="2332" HPOS="1063"/>
							<String ID="string_317" HPOS="1086" VPOS="2331" WIDTH="141" HEIGHT="34" WC="0.96" CONTENT="vakant,"/><SP WIDTH="26" VPOS="2331" HPOS="1227"/>
							<String ID="string_318" HPOS="1253" VPOS="2330" WIDTH="186" HEIGHT="31" WC="0.96" CONTENT="förutsatts"/><SP WIDTH="25" VPOS="2330" HPOS="1439"/>
							<String ID="string_319" HPOS="1464" VPOS="2330" WIDTH="100" HEIGHT="30" WC="0.93" CONTENT="skola"/><SP WIDTH="24" VPOS="2330" HPOS="1564"/>
							<String ID="string_320" HPOS="1588" VPOS="2330" WIDTH="165" HEIGHT="39" WC="0.88" CONTENT="indragas"/>
						</TextLine>
						<TextLine ID="line_36" HPOS="263" VPOS="2385" WIDTH="889" HEIGHT="40">
							<String ID="string_321" HPOS="263" VPOS="2386" WIDTH="80" HEIGHT="30" WC="0.96" CONTENT="från"/><SP WIDTH="19" VPOS="2386" HPOS="343"/>
							<String ID="string_322" HPOS="362" VPOS="2386" WIDTH="65" HEIGHT="30" WC="0.96" CONTENT="och"/><SP WIDTH="20" VPOS="2386" HPOS="427"/>
							<String ID="string_323" HPOS="447" VPOS="2386" WIDTH="81" HEIGHT="29" WC="0.96" CONTENT="med"/><SP WIDTH="21" VPOS="2386" HPOS="528"/>
							<String ID="string_324" HPOS="549" VPOS="2394" WIDTH="134" HEIGHT="21" WC="0.96" CONTENT="samma"/><SP WIDTH="21" VPOS="2394" HPOS="683"/>
							<String ID="string_325" HPOS="704" VPOS="2385" WIDTH="168" HEIGHT="40" WC="0.93" CONTENT="tidpunkt"/><SP WIDTH="19" VPOS="2385" HPOS="872"/>
							<String ID="string_326" HPOS="891" VPOS="2403" WIDTH="45" HEIGHT="3" WC="0.92" CONTENT="—"/><SP WIDTH="19" VPOS="2403" HPOS="936"/>
							<String ID="string_327" HPOS="955" VPOS="2385" WIDTH="197" HEIGHT="34" WC="0.92" CONTENT="hemställa,"/>
						</TextLine>
					</TextBlock>
					<TextBlock ID="block_8" HPOS="528" VPOS="2437" WIDTH="1225" HEIGHT="148">
						<TextLine ID="line_37" HPOS="584" VPOS="2437" WIDTH="1169" HEIGHT="41">
							<String ID="string_328" HPOS="584" VPOS="2441" WIDTH="50" HEIGHT="28" WC="0.96" CONTENT="att"/><SP WIDTH="17" VPOS="2441" HPOS="634"/>
							<String ID="string_329" HPOS="651" VPOS="2438" WIDTH="189" HEIGHT="40" WC="0.96" CONTENT="riksdagen"/><SP WIDTH="17" VPOS="2438" HPOS="840"/>
							<String ID="string_330" HPOS="857" VPOS="2438" WIDTH="57" HEIGHT="30" WC="0.96" CONTENT="må"/><SP WIDTH="18" VPOS="2438" HPOS="914"/>
							<String ID="string_331" HPOS="932" VPOS="2438" WIDTH="81" HEIGHT="30" WC="0.96" CONTENT="från"/><SP WIDTH="16" VPOS="2438" HPOS="1013"/>
							<String ID="string_332" HPOS="1029" VPOS="2438" WIDTH="66" HEIGHT="30" WC="0.96" CONTENT="och"/><SP WIDTH="17" VPOS="2438" HPOS="1095"/>
							<String ID="string_333" HPOS="1112" VPOS="2438" WIDTH="78" HEIGHT="30" WC="0.96" CONTENT="med"/><SP WIDTH="18" VPOS="2438" HPOS="1190"/>
							<String ID="string_334" HPOS="1208" VPOS="2438" WIDTH="67" HEIGHT="30" WC="0.95" CONTENT="den"/><SP WIDTH="20" VPOS="2438" HPOS="1275"/>
							<String ID="string_335" HPOS="1295" VPOS="2439" WIDTH="13" HEIGHT="28" WC="0.95" CONTENT="1"/><SP WIDTH="20" VPOS="2439" HPOS="1308"/>
							<String ID="string_336" HPOS="1328" VPOS="2438" WIDTH="66" HEIGHT="39" WC="0.95" CONTENT="juli"/><SP WIDTH="21" VPOS="2438" HPOS="1394"/>
							<String ID="string_337" HPOS="1415" VPOS="2437" WIDTH="83" HEIGHT="30" WC="0.96" CONTENT="1959"/><SP WIDTH="18" VPOS="2437" HPOS="1498"/>
							<String ID="string_338" HPOS="1516" VPOS="2447" WIDTH="43" HEIGHT="20" WC="0.93" CONTENT="ur"/><SP WIDTH="17" VPOS="2447" HPOS="1559"/>
							<String ID="string_339" HPOS="1576" VPOS="2437" WIDTH="177" HEIGHT="40" WC="0.91" CONTENT="personal-"/>
						</TextLine>
						<TextLine ID="line_38" HPOS="528" VPOS="2491" WIDTH="1225" HEIGHT="40">
							<String ID="string_340" HPOS="528" VPOS="2492" WIDTH="267" HEIGHT="39" WC="0.96" CONTENT="förteckningen"/><SP WIDTH="26" VPOS="2492" HPOS="795"/>
							<String ID="string_341" HPOS="821" VPOS="2492" WIDTH="55" HEIGHT="30" WC="0.96" CONTENT="för"/><SP WIDTH="26" VPOS="2492" HPOS="876"/>
							<String ID="string_342" HPOS="902" VPOS="2492" WIDTH="191" HEIGHT="30" WC="0.93" CONTENT="försvarets"/><SP WIDTH="26" VPOS="2492" HPOS="1093"/>
							<String ID="string_343" HPOS="1119" VPOS="2491" WIDTH="222" HEIGHT="31" WC="0.91" CONTENT="fabriksverk"/><SP WIDTH="15" VPOS="2491" HPOS="1341"/>
							<String ID="string_344" HPOS="1356" VPOS="2491" WIDTH="153" HEIGHT="31" WC="0.96" CONTENT="utesluta"/><SP WIDTH="16" VPOS="2491" HPOS="1509"/>
							<String ID="string_345" HPOS="1525" VPOS="2491" WIDTH="158" HEIGHT="40" WC="0.96" CONTENT="tjänsten"/><SP WIDTH="15" VPOS="2491" HPOS="1683"/>
							<String ID="string_346" HPOS="1698" VPOS="2491" WIDTH="55" HEIGHT="29" WC="0.96" CONTENT="för"/>
						</TextLine>
						<TextLine ID="line_39" HPOS="528" VPOS="2545" WIDTH="809" HEIGHT="40">
							<String ID="string_347" HPOS="528" VPOS="2546" WIDTH="255" HEIGHT="39" WC="0.93" CONTENT="överingenjör,"/><SP WIDTH="21" VPOS="2546" HPOS="783"/>
							<String ID="string_348" HPOS="804" VPOS="2545" WIDTH="218" HEIGHT="31" WC="0.92" CONTENT="fabrikschef"/><SP WIDTH="17" VPOS="2545" HPOS="1022"/>
							<String ID="string_349" HPOS="1039" VPOS="2546" WIDTH="12" HEIGHT="29" WC="0.96" CONTENT="i"/><SP WIDTH="19" VPOS="2546" HPOS="1051"/>
							<String ID="string_350" HPOS="1070" VPOS="2546" WIDTH="101" HEIGHT="39" WC="0.91" CONTENT="högst"/><SP WIDTH="19" VPOS="2546" HPOS="1171"/>
							<String ID="string_351" HPOS="1190" VPOS="2545" WIDTH="81" HEIGHT="40" WC="0.91" CONTENT="ABp"/><SP WIDTH="14" VPOS="2545" HPOS="1271"/>
							<String ID="string_352" HPOS="1285" VPOS="2545" WIDTH="52" HEIGHT="30" WC="0.96" CONTENT="24."/>
						</TextLine>
					</TextBlock>
				</ComposedBlock>
			</PrintSpace>
		</Page>
	</Layout>
</alto>
