2238 2616
689 163 293 33 Statsutskottets
1002 164 188 31 utlåtande
1211 164 51 31 Nr
1287 163 51 30 10.
1736 161 36 31 17

218 242 155 37 sålunda
416 242 180 36 hinföras
638 240 54 37 till
726 242 45 35 18
797 240 243 48 lönegraden,
1071 239 206 49 avdelning
1304 240 42 47 B,
1376 239 10 36 i
1416 239 73 36 den
1517 239 189 49 löneplan,
1736 251 80 24 som

218 296 121 35 finnes
382 294 156 47 intagen
567 294 10 35 i
606 293 20 49 &
656 294 21 34 I
709 306 45 22 av
784 292 454 48 avlöningsreglementet
1266 292 58 36 för
1352 291 376 49 befattningshavare
1757 290 62 36 vid

219 346 357 49 statsdepartement
623 344 83 37 med
755 343 90 37 flera
893 343 103 36 verk.
1069 344 73 36 Det
1189 344 68 35 har
1293 343 145 48 jämväl
1475 350 109 41 synts
1631 343 187 35 utskottet

219 411 91 22 vara
347 397 199 48 tillfyllest,
590 402 53 30 att
684 395 288 49 inspektörerna
1004 400 90 31 över
1131 395 205 36 elektriska
1365 395 279 48 anläggningar
1673 395 58 35 för
1759 393 62 36 be-

220 449 155 49 lysning
402 448 90 36 eller
520 446 347 48 arbetsöverföring
893 447 170 47 placeras
1091 446 12 35 i
1135 448 80 34 17:e
1235 445 230 49 lönegraden
1485 459 47 22 av
1552 458 145 23 samma
1717 445 103 35 löne-

247 500 74 36 lan.
365 501 66 34 Att
459 500 46 35 de
533 502 20 32 å
581 505 105 29 extra
714 503 76 31 stat
819 497 187 49 uppförda
1027 498 271 35 assistenterna
1316 497 62 36 vid
1398 496 310 48 inspektionerna
1728 497 91 34 hän-

221 552 102 35 föras
364 550 56 37 till
466 552 81 34 13:e
575 548 229 49 lönegraden
835 548 65 35 har
928 549 198 35 ävenledes
1156 553 109 44 synts
1294 548 186 36 utskottet
1508 548 54 35 till
1592 547 93 36 fullo
1715 547 106 35 moti-

221 608 107 31 verat
356 601 71 37 och
456 601 107 36 torde
592 600 157 37 sålunda
777 600 12 35 i
817 600 376 35 överensstämmelse
1222 599 84 36 med
1337 599 45 36 de
1410 598 180 48 grunder,
1620 611 81 23 som
1719 598 102 48 gälla

220 654 12 36 i
274 654 109 48 fråga
412 665 60 24 om
503 651 257 38 beräknandet
787 664 46 23 av
862 651 230 48 avlöningen
1111 653 39 34 åt
1177 654 21 33 å
1227 656 108 30 extra
1363 655 76 31 stat
1466 649 191 49 uppförda
1685 649 136 36 befatt-

221 705 258 49 ningshavare
507 704 12 36 i
547 703 250 50 nyreglerade
824 702 103 48 verk,
948 702 468 49 begynnelseavlöningen
1437 702 58 36 för
1514 701 84 37 dem
1620 700 91 37 böra
1731 703 90 45 utgå

222 757 96 37 efter
346 757 73 36 den
447 756 202 45 löneklass,
678 768 82 23 som
789 754 126 48 ligger
943 759 167 32 närmast
1137 755 119 36 under
1276 752 467 51 begynnelseavlöningen
1764 752 59 37 för

222 809 47 36 de
297 808 58 36 till
383 808 120 48 sagda
527 806 182 49 lönegrad
726 806 168 36 hörande
909 806 190 36 ordinarie
1116 806 375 48 befattningshavare
1507 804 89 37 eller
1608 804 83 36 med
1711 805 111 46 6,048

222 860 140 37 kronor
404 860 58 36 för
493 872 46 23 en
568 872 77 23 var.
702 858 56 36 Då
788 858 44 36 de
860 871 47 22 av
937 857 141 49 Kungl.
1107 858 107 48 Maj:t
1243 858 214 47 föreslagna
1486 861 168 31 staterna
1683 856 58 36 för
1768 856 55 35 in-

223 912 267 49 spektionerna
517 911 12 35 i
559 910 105 47 fråga
691 910 32 47 ej
755 909 116 36 heller
898 909 97 48 givit
1014 909 184 36 utskottet
1218 908 207 48 anledning
1443 907 56 36 till
1519 908 150 35 erinran
1689 907 69 36 och
1778 906 46 36 då

223 963 187 37 utskottet
437 961 126 37 funnit
589 962 61 47 sig
677 961 94 36 böra
799 960 188 49 tillstyrka
1015 959 73 37 vad
1117 960 142 48 Kungl.
1290 960 108 48 Maj:t
1425 960 12 35 i
1465 959 127 47 övrigt
1609 958 12 36 i
1641 957 183 37 samband

225 1014 85 37 med
354 1028 50 22 nu
445 1012 291 50 ifrågavarande
786 1011 322 50 löneregleringar
1152 1011 209 49 föreslagit,
1408 1011 56 36 får
1496 1011 188 35 utskottet
1717 1009 108 37 alltså

224 1066 119 37 under
372 1065 248 38 förevarande
647 1064 123 49 punkt
797 1064 211 47 hemställa,

756 1172 55 31 att
838 1167 203 49 riksdagen
1071 1170 61 33 må

756 1220 36 48 a)
819 1220 175 46 förklara,
1026 1224 53 31 att
1107 1219 452 49 avlöningsreglementet
1595 1218 59 36 för
1691 1217 135 36 befatt-

627 1271 256 49 ningshavare
910 1271 63 36 vid
993 1271 359 49 statsdepartement
1371 1271 70 35 och
1460 1270 102 36 vissa
1582 1269 120 36 andra
1721 1268 105 47 verk,

627 1323 230 36 tillhörande
901 1323 72 35 den
1013 1323 111 36 civila
1164 1322 396 47 statsförvaltningen,
1604 1321 97 36 skall
1743 1320 84 36 från

628 1375 70 35 och
740 1375 84 36 med
866 1375 73 36 den
983 1376 17 33 1
1035 1374 73 48 juli
1140 1376 96 35 1923
1266 1380 74 42 äga
1369 1373 243 48 tillämpning
1641 1375 20 33 å
1690 1372 138 36 befatt-

628 1426 258 48 ningshavare
914 1425 65 36 vid
1007 1425 564 50 sprängämnesinspektionen;

759 1477 37 49 b)
836 1477 157 48 besluta,
1035 1483 55 31 att
1127 1478 54 36 uti
1223 1477 72 37 den
1337 1476 55 36 till
1426 1489 144 23 samma
1596 1475 233 49 reglemente

631 1530 167 37 hörande
825 1529 433 50 tjänsteförteckningen
1292 1531 59 34 må
1379 1528 119 37 under
1526 1527 127 37 tionde
1680 1526 147 37 huvud-

632 1582 108 36 titeln
768 1582 142 36 införas
939 1582 184 47 följande:

1004 1734 447 36 Sprängämnesinspektionen.

763 1789 915 50 Sprängämnesinspektören.........
1419 1784 37 59 ..
1478 1818 96 6 sees
1610 1784 71 59 so
1705 1787 29 36 B
1767 1789 62 43 18;

762 1841 32 49 c)
846 1841 207 37 bestämma
1102 1842 142 35 antalet
1289 1853 47 24 av
1381 1840 46 36 de
1472 1840 12 35 i
1523 1838 307 49 tjänsteförteck-

633 1893 144 50 ningen
835 1899 196 44 upptagna
1089 1892 187 37 ordinarie
1334 1891 379 49 befattningshavare
1767 1890 63 37 vid

633 1945 544 50 sprängämnesinspektionen
1204 1947 49 47 på
1281 1944 166 49 följande
1475 1948 90 31 sätt:

866 2012 286 36 Befattningshavare
1512 2010 230 36 Avlöningsgrad

771 2069 17 33 1
820 2066 550 50 sprängämnesinspektör.....
1436 2096 133 4 «ee...
1577 2065 31 35 B
1640 2066 63 42 18;

766 2153 37 47 d)
833 2153 186 37 fastställa
1047 2166 48 23 av
1122 2151 416 51 departementschefen
1566 2151 170 36 förordat
1764 2150 70 36 för-

636 2207 85 48 slag
739 2205 56 36 till
825 2210 75 32 stat
929 2205 57 36 för
1014 2203 542 51 sprängämnesinspektionen
1576 2208 54 31 att
1646 2202 188 49 tillämpas

637 2259 83 36 från
750 2257 69 37 och
849 2257 82 37 med
961 2257 71 36 den
1064 2259 17 33 1
1112 2257 67 49 juli
1210 2258 113 43 1923;

236 2319 127 43 Bihang
386 2320 49 31 till
458 2319 186 42 riksdagens
661 2318 159 42 protokoll
843 2318 93 32 1923.
983 2319 22 30 6
1026 2318 91 31 saml.
1164 2317 42 31 10
1251 2315 79 42 häft.
1375 2315 68 41 (Nr
1467 2315 66 40 10.)
1773 2314 19 31 3
