2246 2616
688 163 293 33 Statsutskottets
1003 162 188 32 utlåtande
1212 162 53 32 Nr
1288 162 50 31 10.
1726 159 42 31 23

742 245 55 31 att
837 239 204 47 riksdagen
1084 241 59 34 må
1185 241 20 33 å
1247 238 204 37 riksstaten
1494 238 58 36 för
1589 238 226 47 budgetåret

616 293 254 36 1923—1924
899 298 170 42 upptaga
1097 291 63 36 det
1183 290 185 37 ordinarie
1388 290 427 47 reservationsanslaget

614 344 56 36 till
698 344 470 45 navigationslärarkursen

988 400 90 30 utan
1109 394 155 48 angivet
1292 393 149 49 belopp.

350 525 94 48 15:o0)
476 525 52 36 På
564 525 124 47 grund
719 537 45 22 av
792 523 143 48 Kungl.
966 522 125 48 Maj:ts
1121 522 144 47 förslag
1294 521 135 49 (punkt
1462 522 59 47 15)
1549 522 58 35 får
1634 521 185 35 utskottet

216 577 209 46 hemställa,

748 666 55 30 att
853 660 206 48 riksdagen
1110 661 61 34 må
1218 662 20 32 å
1283 658 205 37 riksstaten
1539 664 171 42 upptaga
1757 657 62 37 det

619 713 188 37 ordinarie
835 712 339 48 förslagsanslaget
1202 710 55 36 till
1286 711 251 45 ålderstillägg
1561 711 68 43 för
1644 721 171 35 persona-

620 768 58 34 len
706 767 62 34 vid
796 764 505 45 undervisningsanstalterna
1324 762 67 44 för
1418 763 136 44 sjöfart
1575 761 83 36 med
1684 762 135 46 11,000

618 817 148 36 kronor.

352 945 142 49 16:0)
481 937 24 61 I
536 945 170 49 enlighet
747 944 86 36 med
875 944 141 48 Kungl.
1060 943 125 49 Maj:ts
1219 943 129 36 därom
1378 942 137 50 gjorda
1544 941 279 48 framställning

221 998 137 49 (punkt
388 997 59 49 16)
475 997 219 37 hemställer
721 996 196 47 utskottet,

753 1087 56 32 att
835 1081 205 50 riksdagen
1069 1084 60 34 må
1156 1084 21 33 å
1204 1081 204 36 riksstaten
1436 1087 169 42 upptaga
1632 1080 64 36 det
1724 1080 98 36 ordi-

621 1135 104 37 narie
767 1134 339 49 förslagsanslaget
1147 1133 56 36 till
1240 1134 468 46 skeppsmätningskostnad
1736 1132 85 36 med

623 1188 139 46 32,200
792 1187 150 36 kronor.

354 1326 97 48 17:0)
481 1326 143 48 Kungl.
668 1325 107 48 Maj:t
816 1325 68 36 har
925 1324 197 49 föreslagit
1150 1324 208 48 riksdagen
1389 1323 135 50 (punkt
1555 1322 59 49 17)
1644 1329 65 40 att,
1740 1323 84 36 med

221 1378 278 49 godkännande
526 1391 47 22 av
601 1376 438 49 departementschefens
1067 1376 12 36 1
1107 1375 414 48 statsrådsprotokollet
1540 1380 91 31 över
1650 1375 174 36 handels-

221 1429 165 37 ärenden
428 1429 72 36 den
543 1430 21 35 8
603 1428 154 49 januari
801 1430 97 34 1923
940 1427 199 36 förordade
1179 1427 147 48 förslag
1365 1427 56 36 till
1458 1427 281 47 avlöningsstat
1767 1427 57 36 för

221 1482 276 49 lotsstyrelsen,
534 1481 58 36 till
621 1480 280 49 avlöningsstat
928 1479 59 36 för
1014 1479 90 36 lots-
1133 1479 71 36 och
1233 1479 187 49 fyrstaten
1448 1484 98 30 samt
1573 1479 57 35 till
1658 1478 166 36 omkost-

222 1534 173 36 nadsstat
434 1533 60 36 för
536 1534 90 36 lots-
660 1532 70 37 och
760 1531 334 50 fyrinrättningen,
1124 1536 55 31 att
1207 1530 190 49 tillämpas
1426 1530 84 36 från
1539 1530 70 37 och
1638 1530 85 36 med
1752 1530 73 36 den

225 1588 18 34 1
269 1586 72 49 juli
371 1587 111 44 1923,
510 1585 13 36 i
550 1585 204 36 riksstaten
783 1590 171 43 upptaga
981 1583 62 37 det
1071 1583 189 36 ordinarie
1288 1582 340 49 förslagsanslaget
1656 1582 57 36 till
1736 1582 89 37 lots-

223 1639 72 35 och
323 1636 326 50 fyrinrättningen
678 1636 85 37 med
794 1636 204 46 6,105,915
1027 1635 150 36 kronor.

353 1689 15 36 I
407 1689 111 48 fråga
559 1702 61 23 om
661 1687 256 49 utredningen
946 1687 11 36 i
985 1687 153 36 ärendet
1178 1686 55 36 får
1270 1685 186 38 utskottet
1482 1686 160 36 hänvisa
1670 1685 57 37 till
1755 1685 68 37 sid.

224 1742 152 35 81—90
403 1740 13 37 i
444 1740 210 49 åberopade
683 1738 423 52 statsrådsprotokollet.

353 1835 35 45 Å
428 1844 205 37 riksstaten
675 1844 59 36 för
770 1843 104 36 tiden
906 1844 18 34 1
950 1842 254 49 januari—30
1229 1842 87 49 juni
1346 1844 97 34 1923
1473 1841 69 36 har
1568 1841 218 48 riksdagen,
1815 1841 12 36 i

224 1896 170 49 enlighet
435 1896 85 36 med
562 1896 74 36 vad
663 1896 13 35 i
705 1908 47 24 en
790 1895 57 36 till
874 1894 205 49 riksdagen
1108 1894 151 36 avlåten
1288 1893 235 50 proposition
1552 1893 72 37 den
1651 1894 46 35 10
1727 1906 99 23 mars

227 1950 99 35 1922
357 1947 58 50 (nr
445 1947 88 48 181)
564 1947 229 49 föreslagits,
821 1945 120 38 under
966 1946 178 37 rubriken
1172 1946 91 36 lots-
1292 1946 71 36 och
1391 1945 324 50 fyrinrättningen
1734 1958 94 36 upp-

225 2001 77 36 fört
330 2005 54 31 ett
411 2000 190 36 ordinarie
630 1999 302 49 förslagsanslag
960 2001 21 33 å
1010 2000 201 46 3,088,377
1242 1998 152 36 kronor.

355 2052 100 36 Från
483 2051 162 37 berörda
673 2052 136 47 anslag
837 2050 106 37 skola
971 2050 185 36 bestridas
1186 2050 210 49 utgifterna
1425 2049 57 36 för
1511 2048 169 49 följande
1700 2054 128 42 stater,

226 2103 209 49 nämligen:
479 2103 283 49 avlöningsstat
803 2102 61 37 för
903 2102 273 48 lotsstyrelsen,
1218 2101 280 49 avlöningsstat
1541 2101 57 36 för
1639 2101 90 36 lots-
1758 2100 70 37 och

228 2156 196 49 fyrstaten,
444 2158 233 46 övergångs-
697 2155 68 36 och
786 2154 328 48 indragningsstat
1134 2154 59 36 för
1211 2154 92 36 lots-
1323 2154 70 36 och
1414 2153 197 48 fyrstaten,
1631 2152 197 49 pensions-

227 2214 76 30 stat
341 2208 59 36 för
436 2208 266 47 lotsstyrelsen
732 2212 99 31 samt
858 2206 84 37 lots-
972 2206 70 36 och
1070 2206 186 49 fyrstaten
1285 2210 180 32 ävensom
1494 2204 334 37 omkostnadsstat.

357 2259 294 49 Ifrågavarande
702 2264 128 42 stater,
885 2257 102 37 vilka
1037 2257 96 37 varit
1182 2258 12 36 i
1239 2257 110 45 kraft,
1397 2257 328 49 avlöningsstaten
1772 2256 59 37 för

1847 524 186 37 Ålderstillägg

1837 567 43 29 för
1885 565 158 31 personalen

1863 600 43 23 vid
1925 600 97 23 under-

1858 635 169 30 visningsan-

1844 670 131 23 stalterna
1992 671 44 29 för

1890 705 105 30 sjöfart.

1896 740 94 46 [15]

1859 953 165 31 Skeppsmält-

1840 988 204 32 ningskostnad.

1901 1024 93 46 (16.]

1842 1333 74 24 Lots-
1935 1333 46 24 och
1992 1334 57 29 fyr-

1851 1368 190 31 inrättningen.

1899 1404 94 46 [17.]
