1904 2850
461 182 413 41 Bevillningsutskottets
896 181 223 35 betänkande
1141 182 51 33 Nr
1218 180 51 34 65.
1552 180 17 32 1

792 514 58 41 Nr
877 513 64 42 65.

638 633 112 26 Ankom
769 633 43 25 till
831 632 164 32 riksdagens
1013 632 90 24 kansli
1124 631 55 25 den
1199 632 14 23 7
1232 631 60 32 juni
1314 631 65 24 1934
1399 630 37 25 kl.
1457 631 15 24 5
1492 638 20 17 e.
1534 637 38 18 m.

212 718 419 40 Bevillningsutskottets
652 718 231 36 betänkande,
903 719 13 32 i
936 717 194 38 anledning
1151 726 46 23 av
1217 716 129 32 väckta
1365 715 175 33 motioner
1559 725 57 22 om

412 771 69 33 tull
499 770 21 32 å
537 772 97 31 vissa
650 770 80 39 slag
748 780 45 22 av
812 770 148 32 torkade
978 769 86 32 eller
1081 768 139 32 saltade
1237 768 150 37 frukter.

152 876 18 33 I
193 878 62 31 två
277 875 242 38 likalydande,
543 875 56 32 till
622 874 393 37 bevillningsutskottet
1035 873 199 32 hänvisade
1255 872 184 37 motioner,
1458 882 45 22 nr
1524 872 58 31 226
1603 871 12 32 i

113 929 115 32 första
248 928 207 31 kammaren
476 938 44 21 av
541 927 82 32 herr
646 927 137 32 Martin
803 926 179 33 Svensson
1000 935 45 22 m.
1067 925 38 31 fl.
1126 925 64 31 och
1211 935 44 21 nr
1274 924 58 32 256
1352 924 12 32 i
1385 923 115 33 andra
1518 924 97 31 kam-

111 991 125 21 maren
259 990 44 22 av
327 980 82 31 herr
433 979 151 32 Lundell
608 989 44 21 m.
677 979 39 31 fl.
739 979 65 31 har
828 977 212 36 hemställts,
1069 978 72 31 »att
1165 977 316 31 tulltaxenummer
1506 976 73 31 68:1
1603 975 12 31 i

113 1032 167 38 gällande
299 1032 155 32 tulltaxa
474 1031 92 32 skall
586 1031 38 32 få
645 1030 157 37 följande
822 1029 159 32 ändrade
1001 1028 147 38 lydelse:

152 1085 155 32 Frukter
330 1084 64 33 och
416 1084 75 36 bär,
513 1083 126 33 ätbara
662 1102 40 4 —
722 1101 40 5 —
780 1101 40 5 —

110 1154 146 24 Statistiskt
946 1151 58 24 Tull
1022 1151 39 23 för
1168 1150 194 30 Redovisnings-
1455 1150 125 24 Tulltaxe-

182 1198 29 15 nr
956 1188 48 22 100
1024 1186 39 30 kg.
1224 1181 80 38 grund
1498 1193 30 16 nr

983 1222 45 23 Er.

262 1284 155 32 Torkade
441 1283 86 32 eller
550 1283 133 32 saltade
886 1273 11 52 |

155 1338 62 31 135
305 1337 182 36 aprikoser
510 1336 61 32 och
594 1335 159 37 persikor

155 1390 62 32 136
306 1390 156 31 bananer
480 1412 154 4 ..............
677 1411 40 4 rr
854 1411 16 3 es

155 1442 62 31 137
305 1441 191 37 plommon,
531 1440 145 32 sviskon
709 1440 63 31 och
806 1440 78 30 bru-

327 1494 111 31 neller
469 1516 37 4 ...
656 1517 3 2 |
749 1515 132 4 Vädlväst.nf
948 1492 51 30 20:
1020 1511 32 4 —
1187 1491 58 36 kg.
1270 1491 49 31 kr.
1454 1491 51 31 68:
1518 1492 52 30 1».

156 1546 62 31 138
306 1548 109 33 päron
443 1569 26 3 ....
607 1568 27 3 a

154 1598 62 31 139
304 1597 127 37 äpplen
467 1620 15 4 ..
536 1620 74 4 «oc

157 1651 61 29 140
306 1659 26 22 s,
356 1650 34 30 k.
407 1649 154 32 blandad
574 1649 99 31 frukt
686 1658 44 21 av
745 1648 138 31 frukter

328 1701 201 36 hänförliga
564 1701 57 31 till
645 1710 43 21 nr
713 1700 169 32 135—139

149 1780 237 32 Beträffande
411 1780 265 37 motiveringen
703 1781 54 31 för
782 1781 100 31 detta
908 1779 160 37 yrkande
1096 1780 57 31 får
1180 1779 173 32 utskottet
1379 1779 152 32 hänvisa
1557 1779 57 31 till

110 1832 182 32 motionen
314 1843 42 20 nr
378 1833 59 31 226
457 1833 12 30 i
492 1833 112 31 första
625 1832 218 32 kammaren.

149 1979 126 38 Enligt
296 1990 42 21 nr
361 1980 51 31 68:
428 1981 17 29 1
470 1979 10 31 i
504 1979 165 37 gällande
690 1979 155 31 tulltaxa
869 1982 62 28 äro
956 1980 55 30 för
1034 1979 228 31 närvarande
1285 1978 160 36 följande
1467 1978 76 36 slag
1565 1988 43 20 av

110 2034 129 31 ätbara
268 2033 149 36 frukter,
444 2032 146 31 torkade
615 2031 86 32 eller
728 2031 145 38 saltade,
901 2031 72 31 fria
1000 2031 82 31 från
1109 2031 78 36 tull,
1213 2031 180 36 nämligen
1420 2031 193 36 aprikoser,

110 2085 168 37 bananer,
306 2084 190 37 bruneller,
524 2083 170 38 persikor,
725 2083 188 37 plommon,
941 2086 122 33 päron,
1092 2083 145 31 sviskon
1265 2083 64 31 och
1357 2083 139 36 äpplen.
1544 2082 69 32 "Till

111 2146 137 22 samma
264 2136 316 32 tulltaxenummer
597 2136 168 31 hänföres
781 2138 90 28 även
887 2146 25 21 s.
930 2135 32 31 k.
979 2135 154 31 blandad
1151 2134 100 31 frukt
1268 2145 44 21 av
1328 2135 154 31 nämnda
1501 2135 112 30 frukt-

111 2192 124 28 sorter.
278 2188 90 32 Före
390 2188 67 31 den
481 2189 16 29 1
521 2188 67 36 juli
614 2188 78 30 1929
714 2197 84 21 voro
821 2187 101 31 dessa
947 2197 104 21 varor
1077 2186 148 37 belagda
1248 2187 79 30 med
1352 2196 41 21 en
1419 2186 67 31 tull
1509 2196 44 21 av
1576 2186 38 31 50

111 2243 59 28 öre
193 2250 63 26 per
280 2239 177 36 kilogram
481 2239 76 31 med
583 2239 185 36 undantag
793 2249 44 21 av
863 2238 147 31 torkade
1035 2238 168 36 bananer,
1228 2247 73 21 som
1326 2238 111 31 redan
1459 2238 46 31 då
1531 2247 82 21 voro

112 2291 153 32 tullfria.

151 2394 181 31 Införseln
368 2393 56 31 till
463 2394 146 36 Sverige
637 2404 43 20 av
711 2393 55 31 till
793 2392 281 36 ifrågavarande
1102 2391 316 32 tulltaxenummer
1450 2389 93 37 (stat.
1572 2401 42 21 nr

112 2445 171 36 135—140)
313 2445 207 35 hänförliga
547 2445 127 31 ätbara
703 2444 148 36 frukter,
880 2443 148 32 torkade
1056 2443 85 31 eller
1169 2443 146 37 saltade,
1344 2443 154 36 uppgick
1530 2444 84 30 åren

113 2497 197 32 1930-—1933
335 2497 56 31 till
417 2496 158 37 följande
599 2496 219 32 kvantiteter
843 2496 62 31 och
932 2496 148 31 värden:

119 2568 110 33 Bihang
251 2569 40 25 till
314 2567 166 33 riksdagens
500 2567 143 33 protokoll
667 2566 74 26 1934.
783 2569 14 23 7
816 2568 81 24 saml.
937 2567 39 24 Nr
996 2567 112 25 65—-66.
1570 2564 10 24 1
