2255 2708
679 238 381 44 Bevillnings-Utskottets
1084 242 204 33 Betänkande
1310 244 64 32 N:o
1398 245 29 30 2.
1798 246 20 32 Y

257 324 58 32 der
349 325 122 32 sådana
505 327 282 43 omständigheter
820 329 85 32 later
928 330 56 32 det
1007 332 50 42 sig
1080 332 73 31 icke
1178 332 139 33 allenast
1340 334 73 31 med
1436 334 104 32 fördel
1564 339 80 39 göra
1668 340 48 27 att
1738 336 122 32 utifrån

255 376 48 30 till
340 376 182 44 beredning
549 378 114 43 intaga
686 380 165 31 oberedda
875 381 107 39 skinn,
1005 389 79 24 utan
1108 384 55 30 det
1185 384 94 31 faller
1302 385 50 42 sig
1375 385 94 31 äfven
1495 388 140 41 mången
1658 389 88 41 gång
1769 387 90 32 billi-

252 438 77 31 gare
365 433 57 33 att,
457 434 79 26 enär
568 429 243 34 fabrikationen
845 432 10 31 i
890 433 90 31 detta
1003 433 187 33 hänseende
1214 435 9 31 i
1247 436 150 31 utlandet
1420 436 119 32 drifves
1564 438 73 31 med
1662 438 141 43 tillhjelp
1828 440 35 31 af

252 478 178 32 maskineri
455 480 61 31 och
540 480 9 30 i
573 486 68 26 stor
664 481 102 39 skala,
791 483 49 30 till
864 484 91 41 dylik
981 484 180 44 beredning
1189 487 139 30 utsända
1351 487 166 31 oberedda
1540 488 107 38 skinn,
1671 501 70 20 som
1768 490 89 31 inom

251 527 114 33 landet
399 530 160 38 erhållits,
593 536 84 27 samt
711 538 47 25 att
792 534 142 32 derefter
962 542 68 25 mot
1053 536 200 43 erläggande
1278 538 34 31 af
1331 538 60 31 tull
1416 540 69 30 åter
1508 539 106 31 införa
1637 540 84 38 dem,
1745 546 41 26 än
1810 546 48 26 att

251 579 58 32 här
343 580 122 32 bereda
493 582 176 32 desamma.
714 583 49 32 På
785 586 107 41 grund
916 586 96 31 häraf
1030 587 97 31 hafva
1150 588 204 32 komiterade
1379 594 108 27 ansett
1509 590 71 31 skäl
1604 603 78 19 vara
1705 596 48 27 att
1775 593 10 30 i
1809 594 48 30 af-

250 631 120 31 seende
394 634 43 39 på
461 632 318 45 tullbeskattningen
803 636 97 41 skilja
924 637 40 31 de
988 637 166 32 oberedda
1177 639 139 32 skinnen
1339 640 70 31 från
1434 641 39 31 de
1497 640 153 33 beredda.

394 682 265 34 Vidkommande
683 686 132 32 dernäst
838 687 284 33 klassifikationen
1147 690 34 30 af
1200 691 40 30 de
1264 691 162 31 särskilda
1443 691 214 44 skinnslagen
1671 695 89 36 äro,
1747 678 16 61 i
1776 696 78 30 1863

249 734 51 30 års
326 738 86 33 taxa,
436 735 40 31 de
500 735 127 32 mindre
651 736 141 42 dyrbara
816 738 34 31 af
870 739 95 31 dessa
988 740 242 41 specificerade,
1254 741 171 32 hvaremot
1448 743 39 31 de
1512 743 33 31 af
1566 744 101 42 högre
1685 746 100 30 värde
1799 751 55 26 äro

248 783 197 43 inbegripna
468 787 104 30 under
596 787 131 32 klassen
750 789 119 30 »andra
892 790 99 42 slag.»
1034 790 54 32 Då
1111 792 184 31 emellertid
1318 804 64 30 nya
1406 798 104 26 sorter
1534 795 33 30 af
1587 796 39 30 de
1640 796 125 31 mindre
1779 797 77 40 dyr-

249 833 78 33 bara
350 836 214 43 skinnslagen
588 838 126 42 årligen
738 839 193 39 tillkomma,
956 842 103 30 under
1082 841 54 32 det
1161 843 39 31 de
1225 843 176 41 dyrbarare
1424 847 43 39 på
1491 845 56 31 det
1569 845 75 31 hela
1666 846 111 31 kunna
1796 859 58 20 an-

249 890 92 37 tagas
376 887 100 31 redan
510 899 77 19 vara
620 888 120 39 kända,
775 893 103 29 måste
913 891 94 31 deraf
1026 892 99 31 blifva
1150 904 40 20 en
1211 894 92 40 följd,
1328 899 47 26 att
1397 895 225 32 förstnämnda
1646 902 113 33 sorter,
1784 909 69 20 som

247 937 75 30 med
356 937 63 31 den
453 940 188 31 nuvarande
670 941 271 43 uppställningen
965 943 34 30 af
1018 943 157 32 rubriken
1198 944 73 32 icke
1295 945 87 31 finna
1404 946 86 41 plats
1514 947 87 31 inom
1626 950 109 39 någon
1759 949 32 30 af
1813 949 40 31 de

246 998 119 30 genom
390 989 271 41 specifikationen
685 991 109 31 slutna
818 992 169 32 klasserna
1011 994 61 31 och
1096 995 137 31 sålunda
1256 996 67 31 låta
1347 996 50 42 sig
1420 996 151 32 hänföras
1586 998 115 31 endast
1715 999 47 30 till
1775 1011 76 20 »an-

245 1037 58 31 dra
327 1038 99 43 slag»,
450 1040 192 43 derigenom
665 1042 133 31 komma
822 1048 47 25 att
893 1044 101 42 draga
1018 1056 40 20 en
1083 1045 69 38 tull,
1177 1057 68 20 som
1270 1046 73 32 icke
1367 1052 35 26 är
1423 1048 51 30 för
1497 1048 73 31 dem
1588 1048 147 33 hvarken
1747 1050 105 42 lämp-

246 1088 45 42 lig
315 1089 80 31 eller
419 1091 121 31 afsedd.
587 1091 66 32 Till
676 1093 248 43 förebyggande
948 1095 95 31 häraf
1062 1096 105 38 hafva,
1197 1097 5 30 i
1226 1102 135 26 motsats
1386 1103 68 26 mot
1477 1098 85 32 hvad
1585 1100 88 31 förut
1696 1106 55 36 egt
1769 1112 82 26 rum,

244 1139 40 31 de
309 1140 178 41 dyrbarare
511 1142 214 43 skinnslagen
749 1156 53 26 nu,
831 1145 9 30 i
864 1144 85 32 hvad
975 1148 101 41 angår
1098 1147 200 32 »oberedda»
1323 1149 132 37 sådana,
1480 1149 106 32 blifvit
1609 1147 241 51 specificerade,

244 1190 62 31 och
329 1191 67 31 alla
420 1192 106 43 öfriga
549 1195 240 31 sammanförda
812 1196 104 31 under
939 1197 63 31 den
1025 1209 244 30 gemensamma
1294 1199 210 43 afdelningen
1526 1202 119 30 »andra
1669 1202 99 42 slag.»

341 1241 18 30 I
381 1243 93 42 fråga
498 1255 52 20 om
575 1245 181 38 tullsatsen,
781 1246 58 31 har
862 1247 117 37 denna,
1003 1259 69 20 som
1095 1249 49 30 för
1168 1249 203 31 sistnämnda
1394 1250 168 44 afdelning
1584 1253 50 30 för
1646 1254 202 31 närvarande

245 1295 96 38 utgör
366 1294 13 28 I
406 1292 79 32 R:dr
508 1306 58 30 per
589 1294 175 43 skålpund,
787 1296 118 39 blifvit,
933 1298 4 30 i
963 1298 152 32 afseende
1138 1301 43 40 på
1204 1300 40 31 de
1269 1299 165 33 oberedda
1458 1302 148 38 skinnen,
1620 1303 54 31 vid
1689 1303 90 32 detta
1792 1304 57 32 be-

242 1342 78 42 lopp
355 1343 188 33 bibehållen
571 1345 50 31 för
645 1347 39 30 de
708 1346 186 42 dyrbarare,
919 1360 43 19 nu
985 1350 231 41 specificerade
1240 1351 124 42 slagen,
1388 1352 121 38 hvilka,
1534 1356 107 29 såsom
1665 1355 101 31 redan
1791 1367 57 19 an-

243 1393 97 40 tydts,
365 1394 116 32 hittills
506 1397 84 30 varit
615 1397 102 31 under
752 1399 102 41 sagda
883 1399 168 43 afdelning
1074 1400 205 43 inbegripna.
1304 1401 69 32 För
1396 1403 39 31 de
1460 1404 125 31 mindre
1609 1404 140 42 dyrbara
1773 1407 74 30 der-

242 1449 97 32 emot,
373 1445 9 29 i
420 1446 78 31 1863
534 1449 51 29 års
614 1453 76 25 taxa
712 1447 143 44 belagda
878 1451 74 30 med
976 1462 40 20 en
1041 1451 92 42 afoift
1157 1452 34 30 af
1211 1452 69 32 dels
1306 1454 47 36 10,
1377 1453 69 32 dels
1469 1456 50 35 40,
1544 1455 69 32 dels
1643 1457 47 36 15,
1715 1457 69 31 dels
1808 1459 38 29 25

240 1498 56 27 öre
308 1506 59 30 per
390 1495 174 43 skålpund,
587 1498 60 31 har
669 1498 153 32 bemälda
845 1500 140 38 tullsats,
1008 1502 90 31 såväl
1121 1503 10 29 i
1154 1502 218 33 betraktande
1396 1505 34 30 af
1449 1505 224 32 medelvärdet
1697 1509 18 28 å
1737 1507 111 32 hithö-

240 1545 102 31 rande
378 1547 145 38 artiklar,
558 1560 69 19 som
653 1550 74 30 med
751 1550 153 32 afseende
928 1552 110 41 derpå,
1063 1558 48 25 att
1134 1554 189 31 densamma
1346 1566 44 19 nu
1413 1556 105 41 gäller
1541 1558 117 30 endast
1680 1557 166 33 oberedda

240 1595 108 38 skinn,
387 1596 117 39 blifvit,
544 1601 106 29 såsom
691 1605 47 26 ett
776 1601 143 31 medium
958 1603 9 30 i
1006 1603 90 32 detta
1131 1604 196 39 hänseende,
1361 1606 166 42 förslagen
1562 1608 48 30 till
1644 1610 40 29 20
1708 1614 56 27 öre
1787 1621 59 31 per

239 1645 173 43 skålpund.

380 1697 101 39 Enär,
504 1698 203 34 beträffande
732 1702 40 31 de
795 1702 144 32 beredda
962 1704 150 39 skinnen,
1136 1706 104 38 dessa,
1264 1707 104 42 enligt
1390 1707 221 35 komiterades
1623 1712 222 43 uppfattning,

239 1746 73 31 bort
335 1748 9 30 i
369 1748 87 32 ökad
482 1753 83 35 mån,
589 1752 9 30 i
617 1752 190 40 jemförelse
833 1755 74 30 med
931 1755 39 31 de
994 1755 175 40 oberedda,
1193 1757 231 33 tullbeskattas
1438 1760 115 32 endast
1565 1761 50 31 för
1628 1761 216 44 berednings-

238 1797 193 40 kostnaden,
456 1800 58 31 har
538 1802 282 43 tilläggsafgiften,
843 1805 50 31 för
916 1806 163 33 vinnande
1104 1808 34 30 af
1157 1808 164 38 enkelhet,
1344 1814 91 37 synts
1458 1810 180 44 lämpligen
1661 1812 112 32 kunna
1785 1813 58 32 be-

237 1853 154 28 stämmas
415 1851 9 29 1
448 1859 137 33 procent
609 1854 34 30 af
662 1855 234 38 råvarutullen,
919 1856 130 33 hvadan
1072 1859 49 30 för
1145 1859 106 31 denna
1274 1860 88 31 klass
1385 1861 73 31 icke
1482 1864 109 40 någon
1614 1864 226 40 specifikation

235 1899 124 31 funnits
393 1912 77 20 vara
506 1903 34 30 af
559 1904 117 31 nöden.
723 1904 74 32 Och
821 1905 58 32 har
902 1909 142 30 nämnda
1068 1910 102 41 afgift,
1193 1913 42 39 på
1257 1912 106 40 grund
1388 1912 33 30 af
1441 1911 401 45 beredningskostnadens

236 1949 205 34 förhållande
466 1953 49 30 till
540 1955 100 41 sagde
665 1955 69 38 tull,
758 1955 109 33 blifvit
888 1958 187 43 föreslagen
1098 1961 49 30 till
1171 1963 40 28 20
1234 1968 136 35 procent
1394 1963 33 30 af
1447 1964 116 31 denna.
1640 1999 7 9 .

378 2001 67 32 För
478 2004 188 43 fullfärdiga
701 2008 169 40 persedlar
915 2011 78 36 åter,
1027 2011 73 31 med
1130 2012 153 41 pelsverk
1307 2013 49 30 till
1380 2014 160 43 öfvertyg,
1563 2015 133 32 hvilken
1722 2017 117 32 artikel

235 2056 35 25 är
294 2057 48 25 att
365 2052 152 33 betrakta
541 2058 107 29 såsom
673 2062 47 26 ett
743 2058 87 42 slags
856 2060 136 31 tvåfaldt
1015 2061 148 32 förädlad
1188 2075 76 19 vara
1288 2064 61 30 och
1372 2064 9 30 i
1406 2064 134 33 hvilken
1565 2067 67 30 ofta
1660 2068 94 31 äfven
1777 2069 62 30 fin-

233 2113 58 20 nes
326 2102 141 44 anbragt
500 2106 178 41 dyrbarare
713 2114 57 37 tyg
795 2110 48 30 till
871 2111 102 37 foder,
1001 2123 40 19 m.
1066 2124 40 19 m.
1131 2113 58 32 har
1213 2114 272 43 tilläggsafgiften
1509 2122 123 26 ansetts
1657 2117 79 32 böra
1759 2121 80 40 utgå

234 2153 73 31 med
330 2155 40 29 40
393 2162 138 34 procent
554 2158 34 30 af
606 2160 233 31 råvarutullen.

394 2205 17 30 I
448 2207 188 44 fullkomlig
671 2210 337 34 öfverensstämmelse
1043 2215 74 30 med
1155 2214 85 32 hvad
1279 2216 247 34 Tullkomitéen
1560 2219 137 31 sålunda
1731 2221 106 30 anfört

234 2253 60 31 och
331 2254 177 41 hemställt,
542 2260 137 31 föreslår
713 2260 183 39 Utskottet,
924 2264 73 30 med
1022 2266 178 42 anledning
1224 2267 34 30 af
1276 2267 87 32 Herr
1387 2267 201 34 Grafströms
1623 2271 214 31 omförmälda

234 2310 135 26 motion:
