2164 2622
499 205 44 31 10
927 202 259 32 Statsutskottets
1220 201 175 33 Utlåtande
1422 201 66 31 N:o
1517 203 54 28 54.

544 284 107 37 Efter
688 289 55 31 att
779 283 113 36 hafva
920 282 141 37 lämnat
1089 295 48 24 en
1165 281 160 48 utförlig
1351 280 246 48 redogörelse
1626 279 58 36 för
1712 277 205 37 innehållet
1944 278 11 35 i
1984 290 46 24 en

441 337 74 36 den
544 338 21 35 8
594 335 199 37 december
823 336 96 35 1902
949 334 252 48 dagtecknad,
1231 334 40 35 af
1296 330 388 50 medicinalstyrelsen
1704 330 74 36 den
1800 331 43 34 11
1866 329 166 36 februari

443 390 98 34 1903
569 387 56 37 till
654 387 141 48 Kungl.
826 387 106 48 Maj:t
947 386 175 48 ingifven
1140 385 204 37 berättelse
1363 384 198 49 angående
1580 382 292 46 ofvannämnda,
1893 394 138 35 genom

440 440 130 48 kungl.
600 439 148 36 brefvet
776 439 72 35 den
878 440 46 34 14
949 438 82 48 juni
1063 439 95 35 1901
1189 436 213 37 anbefallda
1430 435 298 47 undersökning,
1758 434 68 35 har
1859 433 172 49 departe-

440 491 262 37 mentschefen
739 490 127 37 vidare
903 490 197 48 redogjort
1134 490 60 36 för
1228 489 45 36 de
1302 488 40 36 af
1368 488 113 36 ofvan
1512 486 248 37 omförmälda
1787 485 245 36 kommission

441 543 157 48 afgifna,
615 542 186 37 särskilda
832 540 145 50 förslag
1004 540 55 37 till
1087 541 229 48 utvidgning
1344 540 41 36 af
1410 539 304 37 Kristinehamns
1743 536 165 50 hospital
1937 541 96 32 samt

440 595 107 36 Piteå
574 594 163 49 hospital
766 594 68 36 och
863 592 91 49 asyl.

543 646 306 37 Kommissionen
886 644 98 36 hade
1022 643 145 46 därvid,
1211 647 122 43 yttrar
1374 640 434 51 departementschefen,
1837 639 11 36 i
1876 639 64 36 det
1977 638 55 37 af-

440 697 108 50 gifna
582 697 187 49 förslaget
796 696 56 37 till
879 696 231 48 utvidgning
1138 694 40 37 af
1205 694 305 36 Kristinehamns
1540 692 166 49 hospital
1734 692 137 36 anfört.

543 749 73 37 Vid
657 748 248 50 uppgörande
947 748 41 36 af
1026 746 147 49 förslag
1213 746 56 35 till
1311 746 122 36 denna
1461 744 230 49 utvidgning
1719 743 96 37 hade
1845 742 63 36 det
1936 742 97 37 visat

441 802 60 48 sig
541 815 89 23 vara
671 800 228 50 lämpligast,
942 804 56 32 att
1038 799 46 36 de
1124 797 191 49 behöfliga
1355 796 328 51 nybyggnaderna
1711 794 321 48 hufvudsakligen

442 854 150 48 afsåges
623 853 58 36 för
710 852 197 48 kvinnliga
935 851 188 50 patienter
1156 850 72 36 och
1257 854 54 32 att
1339 849 45 36 de
1413 848 217 37 nuvarande
1658 846 374 50 hospitalsafdelnin-

441 917 120 36 garna
597 904 237 37 anordnades
870 902 237 37 uteslutande
1136 902 60 36 för
1224 900 177 49 manliga,
1431 901 58 36 för
1517 900 128 36 hvilka
1675 900 191 36 dessutom
1895 897 74 37 den
1997 897 41 36 af

443 956 218 49 Riksdagen
691 955 118 37 redan
836 954 188 48 beviljade
1052 953 364 49 kolonibyggnaden
1446 952 107 37 stode
1581 951 57 36 till
1667 949 226 50 förfogande
1914 950 120 47 jämte

441 1011 65 34 två
534 1008 230 37 bostadshus
792 1007 59 36 för
879 1007 97 48 gifta
1005 1006 152 36 skötare
1186 1005 86 36 med
1299 1004 250 37 tillsammans
1578 1005 20 34 6
1628 1002 144 49 platser
1796 1002 59 36 för
1875 1000 159 48 familje-

442 1060 93 36 vård
563 1060 40 36 af
627 1059 168 49 manliga
824 1059 118 48 sjuke.
998 1058 86 36 Med
1105 1056 249 49 aktgifvande
1374 1059 49 46 på
1444 1054 257 50 psykiatriska
1721 1054 69 36 och
1809 1052 226 49 hygieniska

443 1111 216 49 fordringar
688 1111 72 37 och
790 1115 90 31 utan
908 1109 281 37 åsidosättande
1218 1109 41 36 af
1284 1108 305 49 sparsamhetens
1618 1106 89 36 kraf
1731 1105 96 37 hade
1856 1104 179 36 kommis-

443 1164 132 36 sionen
615 1162 126 37 funnit
783 1162 58 48 sju
882 1161 122 37 skilda
1045 1160 242 49 paviljonger
1327 1160 58 36 för
1427 1159 73 36 den
1542 1171 73 37 nya
1644 1156 391 47 kvinnoafdelningen

442 1215 200 47 behöfliga.

545 1266 216 49 Utrymmet
788 1278 89 23 vore
905 1264 88 37 med
1021 1278 46 23 en
1095 1263 197 50 rumshöjd
1321 1263 40 36 af
1388 1265 53 42 3,6
1469 1276 48 22 m.
1548 1261 211 37 beräknadt
1787 1260 83 36 från
1900 1261 53 46 5,5
1981 1259 53 36 m”

443 1317 57 38 till
542 1320 18 34 7
604 1317 52 37 m?
699 1331 67 35 per
808 1316 196 50 sjukplats,
1045 1316 188 37 växlande
1274 1315 67 36 allt
1382 1315 97 36 efter
1520 1314 45 36 de
1594 1313 101 37 olika
1724 1312 311 48 afdelningarnas

444 1369 275 37 beskaffenhet.

547 1421 16 36 I
591 1419 396 39 öfverensstämmelse
1017 1419 85 36 med
1130 1418 116 37 bland
1273 1417 266 50 psykiatrerna
1568 1416 114 37 sedan
1711 1416 115 48 länge
1852 1415 184 48 stadgade

443 1473 141 37 åsikter
620 1473 70 35 och
727 1472 86 36 med
850 1471 86 37 stöd
974 1470 179 37 särskildt
1189 1470 42 36 af
1261 1470 73 36 den
1362 1469 228 47 erfarenhet,
1621 1482 80 23 som
1730 1467 64 37 vid
1823 1467 213 49 asylerna
2013 1463 27 59 i

444 1525 109 37 Lund
590 1524 71 37 och
694 1523 167 50 Uppsala
889 1523 124 49 gjorts
1041 1521 236 38 beträffande
1306 1521 298 49 olägenheterna
1633 1520 41 36 af
1700 1524 55 32 att
1784 1519 253 37 sammanföra

444 1583 104 30 stora
587 1589 146 23 massor
775 1575 42 37 af
853 1574 242 50 sinnessjuka
1131 1574 11 36 i
1172 1587 141 23 samma
1341 1573 69 37 hus
1440 1573 92 36 eller
1560 1577 97 31 ännu
1687 1585 104 23 mera
1818 1574 48 46 på
1894 1584 142 23 samma

445 1628 252 49 afdelningar,
740 1627 95 36 hade
876 1626 143 37 antalet
1059 1626 111 49 sjuka
1206 1626 13 36 i
1256 1639 142 23 samma
1439 1625 69 36 hus
1536 1624 195 49 upptagits
1759 1623 57 36 till
1845 1623 115 48 högst
1990 1625 45 33 72

446 1681 70 36 och
553 1683 47 46 på
636 1692 143 24 samma
815 1678 197 49 afdelning
1049 1677 55 37 till
1131 1678 117 49 högst
1278 1679 46 34 36
1353 1677 200 49 patienter.
1609 1675 127 37 Sedan
1765 1688 154 23 numera
1948 1674 88 36 dess

445 1732 123 36 bättre
614 1730 221 37 mekaniska
879 1729 263 49 tvångsmedel
1189 1729 72 36 och
1306 1728 224 49 isoleringar
1570 1727 62 37 vid
1675 1726 284 48 behandlingen
2000 1726 41 35 af

446 1783 239 49 sinnessjuka
727 1783 111 36 äfven
879 1782 12 36 i
932 1784 84 34 vårt
1055 1781 88 36 land
1186 1784 20 33 å
1244 1785 143 32 statens
1416 1779 183 37 anstalter
1629 1779 58 37 för
1715 1778 239 48 sinnessjuka
1981 1777 56 36 in-

445 1835 178 36 skränkts
665 1834 57 36 till
764 1834 64 36 det
869 1833 138 37 minsta
1048 1833 157 49 möjliga
1247 1833 70 35 och
1359 1831 179 37 särskildt
1577 1831 189 36 inrättade
1807 1830 115 37 celler
1966 1829 71 36 och

444 1886 288 49 isoleringsrum
763 1885 154 37 sålunda
946 1885 124 36 kunde
1099 1885 185 47 antingen
1312 1883 156 37 alldeles
1490 1883 188 36 undvaras
1698 1883 92 36 eller
1809 1881 228 37 åtminstone

445 1938 191 49 betydligt
670 1937 241 47 inskränkas,
949 1937 96 36 hade
1082 1950 87 23 man
1207 1941 54 31 att
1288 1936 11 36 i
1328 1935 126 38 stället
1490 1939 98 45 ägna
1617 1935 57 36 sin
1702 1933 336 50 uppmärksamhet

445 1993 39 34 åt
512 1990 45 36 de
586 1989 267 48 anordningar,
882 2002 82 23 som
992 1989 58 36 för
1077 1989 74 36 den
1179 1987 204 49 tidsenliga
1401 1986 286 49 behandlingen
1707 1985 43 37 af
1765 1984 272 38 företrädesvis

446 2042 112 36 akuta
587 2041 253 49 sinnessjuka,
870 2040 73 37 den
972 2040 84 37 med
1086 2040 197 48 sängläge,
1312 2052 89 23 vore
1431 2038 195 49 oafvisligt
1653 2037 255 49 nödvändiga,
1932 2042 105 31 näm-

445 2093 104 48 ligen
586 2092 550 49 öfvervakningsafdelningar.
1203 2091 146 37 Sådana
1378 2090 240 49 afdelningar
1645 2090 117 36 borde
1790 2089 106 37 bestå
1924 2088 42 36 af
1991 2101 46 23 en

446 2144 92 37 eller
578 2144 91 37 flera
710 2144 99 37 intill
848 2144 212 36 hvarandra
1102 2143 180 49 liggande
1311 2142 187 49 sjuksalar
1526 2142 85 36 med
1640 2142 68 36 där
1736 2141 98 36 intill
1862 2140 175 36 stötande

445 2195 169 47 badrum,
643 2196 173 49 dagrum,
845 2196 143 36 klosett
1017 2195 70 37 och
1116 2195 123 48 öfriga
1268 2207 166 24 annexer
1463 2194 97 36 samt
1588 2198 55 32 ett
1671 2192 92 38 eller
1791 2192 91 37 flera
1910 2191 128 37 enkel-

445 2261 96 34 rum,
574 2247 182 49 liggande
784 2247 11 36 i
824 2247 234 37 omedelbart
1086 2246 183 37 samband
1298 2246 84 36 med
1411 2259 47 23 en
1487 2245 91 37 eller
1604 2245 92 36 flera
1724 2244 42 37 af
1791 2244 109 36 dessa
1929 2242 107 38 salar.

446 2299 149 37 Sådana
614 2298 541 49 öfvervakningsafdelningar
1174 2297 116 37 borde
1310 2296 122 37 finnas
1455 2296 57 37 för
1531 2296 45 37 de
1598 2296 101 36 olika
1720 2295 265 49 kategorierna
2000 2293 42 36 af
