1908 2843
298 181 40 29 48
673 176 302 32 Bankoutskottets
992 176 169 32 memorial
1178 187 39 20 nr
1235 179 16 28 1
1272 175 37 32 år
1327 178 82 29 1967

302 261 17 29 6
340 258 10 32 i
369 269 126 21 samma
515 258 122 32 månad
659 258 69 41 79,
748 257 51 32 för
818 258 104 32 andra
941 257 164 33 studielån
1126 258 61 31 och
1208 257 69 39 715
1291 257 38 41 94
1350 257 50 32 för
1418 257 55 32 lån
1493 257 49 32 till
1562 261 104 28 annat
1686 257 101 32 ända-

300 313 76 39 mål,
395 313 222 32 innebärande
637 312 37 39 13
688 313 38 40 Y,
746 313 99 40 högre
864 316 96 29 ränta
979 316 41 29 än
1040 312 147 41 tidigare.

342 368 127 32 Hittills
485 368 61 31 har
561 368 72 31 från
650 367 121 32 fonden
789 368 181 31 utlämnats
987 368 69 31 tolv
1073 368 53 31 lån
1143 367 49 32 till
1208 367 204 40 tjänstemän
1428 366 56 32 vid
1501 366 189 41 riksdagens
1707 367 80 31 verk

301 423 51 31 för
369 423 133 31 förvärv
520 434 43 20 av
582 422 206 32 bostadsrätt
807 422 9 31 i
835 422 381 40 bostadsrättsförening.
1236 422 62 31 Vid
1318 422 165 39 utgången
1502 432 42 20 av
1562 421 37 31 år
1619 424 78 28 1966
1717 425 71 27 ute-

301 478 75 30 stod
400 477 73 39 fyra
497 477 64 32 lån.
586 477 149 31 Fr.o.m.
760 477 64 31 den
851 480 14 27 1
891 476 129 39 januari
1047 479 79 29 1967
1150 476 55 31 må
1230 476 111 39 dylika
1367 475 421 40 bostadsanskaffningslån

302 532 165 31 utlämnas
488 534 84 29 även
593 531 49 32 till
662 531 339 40 anställningshavare
1022 530 55 32 vid
1099 530 183 41 riksdagen.

1007 650 15 40 $
1050 654 46 27 10.

344 724 133 31 Statens
502 723 376 40 bosättningslånefond:
901 724 86 31 Från
1011 723 407 40 bosättningslånefonden
1440 741 42 5 —
1504 722 49 32 till
1577 722 109 31 vilken
1710 721 79 32 riks-

303 779 104 40 dagen
428 778 117 32 hittills
566 789 69 21 som
657 778 126 39 kapital
803 778 132 32 anvisat
955 777 330 41 investeringsanslag
1305 777 19 32 å
1345 777 219 40 sammanlagt
1587 780 56 27 121
1659 779 58 29 104
1731 779 59 29 700

303 834 121 31 kronor
442 853 43 4 —
506 833 151 40 utgjorde
680 833 191 40 utlåningen
893 833 56 31 vid
972 833 165 39 utgången
1159 844 42 20 av
1223 832 36 31 år
1282 835 78 28 1966
1383 843 37 20 ca
1445 835 57 28 103
1524 832 83 31 mkr.
1629 831 69 31 Det
1720 835 69 27 ute-

304 888 135 30 stående
462 887 231 38 lånebeloppet
716 887 60 30 har
799 887 104 30 under
926 886 70 31 året
1020 886 91 39 stigit
1134 886 75 30 med
1233 885 151 39 omkring
1407 888 39 27 25
1470 885 83 30 mkr.
1576 885 137 30 Antalet
1736 885 54 30 lån

303 940 143 41 uppgick
468 940 49 32 till
539 944 39 28 43
592 944 69 34 882,
684 951 39 21 en
745 940 122 40 ökning
889 940 103 31 under
1014 951 125 20 samma
1162 939 48 31 tid
1232 939 76 31 med
1330 942 15 28 5
1361 942 60 28 286
1443 939 64 31 lån.
1539 939 52 31 Av
1613 938 96 32 lånen
1730 938 60 31 har

304 999 38 27 42
356 998 59 28 237
432 996 183 30 utlämnats
632 995 48 30 till
697 995 80 30 äkta
793 995 116 30 makar
927 994 168 39 (blivande
1112 994 79 31 äkta
1208 993 142 40 makar),
1369 997 14 26 1
1399 996 59 28 624
1475 993 48 31 till
1540 993 102 39 ogifta
1659 993 133 30 mödrar

304 1049 60 31 och
383 1052 37 28 21
439 1048 50 32 till
507 1048 102 41 ogifta
627 1048 101 32 fäder.

345 1103 270 39 Medelbeloppet
636 1103 50 31 för
709 1103 190 31 utlämnade
921 1102 63 38 lån,
1007 1102 103 32 vilket
1131 1102 103 31 under
1255 1102 198 39 budgetåret
1476 1104 141 32 1964/65
1639 1100 153 40 utgjorde

305 1157 150 40 omkring
473 1161 17 27 3
504 1160 59 28 500
583 1157 129 37 kronor,
730 1157 106 31 ökade
854 1157 104 30 under
975 1156 197 40 budgetåret
1193 1156 141 36 1965/66
1352 1155 49 31 till
1419 1167 38 19 ca
1475 1158 18 27 4
1506 1158 59 28 200
1584 1155 129 31 kronor.

346 1212 155 31 Rörande
520 1211 224 40 fördelningen
763 1211 18 31 å
800 1211 40 31 de
858 1210 86 32 olika
963 1211 161 30 kontoren
1143 1222 42 19 av
1203 1210 96 31 lånen
1318 1209 48 32 till
1385 1210 91 31 antal
1495 1209 60 31 och
1574 1209 120 39 belopp
1712 1209 81 31 hän-

305 1266 86 31 visas
407 1265 49 32 till
471 1266 40 31 de
528 1265 176 40 uppgifter,
720 1276 70 21 som
805 1264 136 41 intagits
956 1265 19 31 å
991 1275 23 22 s.
1031 1268 48 27 43.

346 1320 65 32 För
436 1319 244 41 förvaltningen
706 1331 42 20 av
774 1319 306 40 bosättningslånen
1107 1319 103 30 under
1237 1318 195 40 budgetåret
1461 1318 141 36 1965/66
1628 1317 61 32 har
1713 1317 80 31 riks-

305 1374 132 32 banken
456 1374 158 39 uppburit
632 1376 57 29 231
705 1376 59 28 576
783 1373 128 31 kronor.

347 1429 87 31 Från
456 1427 344 32 låneverksamhetens
822 1426 116 40 början
962 1427 10 31 i
993 1426 129 40 januari
1146 1430 79 27 1938
1247 1426 61 31 och
1331 1426 48 31 till
1402 1426 166 39 utgången
1590 1437 42 20 av
1654 1426 37 30 år
1714 1428 80 28 1966

306 1483 59 31 har
386 1483 181 31 utlämnats
588 1482 54 31 lån
663 1481 48 32 till
732 1486 50 27 ett
802 1481 119 39 belopp
942 1492 41 20 av
1006 1481 218 39 sammanlagt
1245 1480 150 40 omkring
1415 1483 59 28 480
1496 1480 82 33 mkr.
1600 1479 114 32 Därav
1735 1480 60 31 har

306 1548 38 20 ca
367 1540 59 28 373
449 1537 74 30 mkr
545 1536 215 31 återbetalats
782 1536 61 30 och
867 1540 49 26 ett
938 1535 120 39 belopp
1081 1546 41 20 av
1147 1535 219 39 sammanlagt
1389 1534 150 40 omkring
1561 1537 18 28 4
1602 1534 74 30 mkr
1698 1534 95 31 efter-

307 1591 138 31 skänkts
465 1591 76 30 eller
560 1590 188 31 avskrivits.

348 1645 64 31 För
433 1645 54 31 lån
510 1644 72 31 från
604 1644 122 31 fonden
749 1644 97 39 utgår
867 1646 96 29 ränta
985 1643 83 31 efter
1090 1643 75 37 fast,
1187 1644 104 30 under
1312 1643 72 31 hela
1406 1643 167 31 lånetiden
1595 1643 199 31 oförändrad

307 1703 216 35 procentsats,
549 1698 182 40 utgörande
757 1698 63 31 den
846 1698 234 37 normalränta,
1106 1708 69 20 som
1201 1709 42 19 av
1269 1697 121 40 Kungl.
1416 1696 104 40 Maj:t
1545 1697 175 31 fastställts
1746 1696 50 31 för

307 1753 57 31 det
385 1752 163 40 budgetår
570 1752 43 31 då
634 1752 90 31 lånet
746 1751 164 39 beviljats.
933 1751 215 31 Beträffande
1169 1751 64 37 lån,
1256 1762 70 20 som
1348 1751 165 31 utlämnas
1536 1751 104 31 under
1662 1750 134 32 inneva-

308 1807 101 31 rande
427 1806 173 40 budgetår,
620 1808 96 37 utgör
735 1806 187 31 räntefoten
943 1806 276 39 (normalräntan)
1241 1808 17 28 5
1271 1806 42 33 3/14
1326 1805 49 40 Y4.

349 1861 75 30 Den
444 1871 42 21 av
507 1859 206 40 fullmäktige
734 1859 173 31 bestämda
927 1859 147 31 normala
1095 1859 284 40 inkomstgränsen
1400 1859 50 30 för
1469 1858 188 39 beviljande
1676 1869 42 21 av
1739 1858 56 32 bo-

309 1914 219 40 sättningslån
553 1914 60 31 har
638 1914 63 30 den
730 1916 36 29 10
792 1913 180 31 november
999 1916 79 28 1966
1104 1912 88 39 höjts
1219 1913 72 31 från
1317 1915 39 29 25
1369 1916 59 28 000
1455 1912 48 32 till
1530 1916 38 28 30
1581 1915 59 29 000
1666 1913 129 30 kronor.

309 1968 215 32 Beträffande
545 1978 173 21 normerna
739 1967 50 31 för
809 1967 208 40 tillämpning
1037 1978 41 20 av
1100 1966 284 40 inkomstgränsen
1405 1967 94 31 torde
1519 1966 33 31 få
1572 1966 155 32 hänvisas
1747 1966 49 31 till

309 2022 221 40 fullmäktiges
551 2022 163 39 protokoll
734 2021 50 31 för
802 2021 101 40 sagda
923 2021 72 40 dag.

1015 2131 15 40 8
1057 2135 47 29 11.

349 2207 73 32 Lån
441 2207 75 40 från
535 2208 124 39 fonden
678 2207 51 40 för
749 2207 194 31 hantverks-
965 2206 62 32 och
1046 2206 325 31 småindustrikredit
1390 2210 88 26 samt
1498 2205 300 40 hotellgarantilån:

310 2263 86 31 Från
414 2262 60 31 här
491 2262 146 31 avsedda
655 2261 164 37 lånefond,
837 2272 70 20 som
926 2261 100 31 sedan
1044 2260 60 40 juli
1123 2263 78 29 1960
1220 2263 37 28 är
1274 2260 104 31 under
1395 2259 195 40 avveckling
1610 2260 47 40 (se
1674 2260 123 40 Kungl.

310 2316 193 40 kungörelse
527 2316 190 39 1960:372),
740 2316 132 30 utestod
895 2314 55 32 vid
974 2315 165 39 utgången
1161 2325 42 21 av
1225 2314 37 31 år
1284 2317 80 28 1966
1386 2314 118 31 endast
1525 2319 50 26 tre
1596 2314 54 31 lån
1673 2314 19 31 å
1713 2324 85 21 sam-

310 2371 148 39 manlagt
475 2373 18 28 5
506 2373 59 28 550
584 2370 130 37 kronor,
731 2369 62 32 alla
811 2369 184 31 förvaltade
1013 2380 42 20 av
1072 2368 349 40 avdelningskontoret
1438 2367 10 31 i
1465 2367 158 39 Uppsala.

351 2424 233 31 Riksbankens
608 2423 120 31 kontor
751 2423 152 39 fungerar
927 2422 203 32 fortfarande
1154 2433 70 20 som
1247 2422 189 39 lokalorgan
1459 2421 10 31 i
1493 2422 143 31 ärenden
1660 2422 139 31 rörande

311 2477 215 41 statsgaranti
544 2477 50 31 för
612 2477 64 36 lån,
695 2487 70 21 som
785 2477 165 30 utlämnas
969 2476 48 31 till
1036 2476 127 39 företag
1182 2475 87 31 inom
1289 2475 360 40 turisthotellnäringen
1669 2475 129 39 (hotell-

312 2531 210 41 garantilån).
