1934 2849
311 154 17 27 8
686 151 302 34 Bankoutskottets
1006 155 169 33 memorial
1192 167 38 20 nr
1249 161 16 28 1
1286 157 36 32 år
1340 161 82 30 1967

401 231 141 35 Diagram
563 232 35 28 A.
619 233 287 30 Kreditmarknaden
1196 240 141 35 Diagram
1354 242 34 28 B.
1407 243 302 35 Kapitalmarknaden

342 285 77 26 Total
443 286 192 33 kreditgivning
658 289 33 31 på
715 289 49 25 den
789 291 177 29 organiserade
1209 295 157 33 Långfristig
1385 297 192 35 kreditgivning
1595 301 34 31 på
1648 301 50 25 den

575 324 158 27 marknaden
1275 334 178 31 organiserade
1472 335 159 27 marknaden

396 359 317 33 12-månadersuppgifter.
735 361 177 34 Nettobelopp
1195 369 317 33 12-månadersuppgifter.
1534 372 177 34 Nettobelopp

751 423 2 2 .
870 424 2 2 .
1136 414 465 32 Mr

329 404 49 22 Mkr

303 532 24 21 12
338 532 38 22 000
979 531 10 38 1
1112 542 23 21 10
1145 541 39 22 000

302 654 20 21 11
336 654 39 22 000
1121 663 12 21 92
1144 663 38 22 000

1433 729 1 13 |
1670 718 1 3 |
1755 746 6 4 -

1314 753 1 11 |
1366 748 220 50 Neptalmarknaden
1746 752 13 28 :

1313 794 2 3 I
1365 776 111 25 avgränsad
1503 777 55 21 efter
1668 782 122 29 so

1313 798 2 19 |
1364 803 152 27 finansobjekt
1619 796 142 115 1
1789 806 1 14 |

1313 831 1 4 I
1432 834 1 12 |
1550 843 1 3 |
1610 828 14 29 i
1692 827 44 24 ME
1788 841 1 11 I

1432 856 1 3 I
1668 855 2 16 I
1719 869 4 2 B
1788 859 1 11 I

1550 888 1 6 I
1668 891 1 10 I
1788 880 1 22 |

1507 1052 220 26 Kapitalmarknaden

1507 1080 162 21 institutionellt

552 739 209 34 Kreditmarknaden
776 753 62 20 totalt
866 750 1 4 /

523 783 3 1 -
620 779 151 13 TV
870 787 115 15 RN
1119 781 12 21 8
1142 781 38 22 000

300 771 24 22 10
334 771 39 22 000

310 889 13 20 92
333 889 39 20 000
395 901 11 1 f-
1118 898 11 20 7
1140 898 39 21 000

1117 1021 11 20 6
1139 1020 38 22 000

1506 1108 126 25 avgränsad

307 1133 12 20 7
329 1133 39 21 000
1115 1143 12 20 5
1138 1142 38 22 000
1547 1147 76 13 pöl
1770 1160 8 1 i

305 1250 12 21 6
327 1250 39 22 000
1114 1261 12 20 4
1137 1260 38 22 000
1603 1279 12 1 -

858 1308 1 12 I

304 1368 12 20 5
326 1368 39 21 000
1112 1382 12 20 3
1134 1382 39 21 000
1674 1399 7 1 -

303 1490 12 20 4
325 1489 39 22 000
498 1481 3 26 |
618 1478 1 3 I
735 1506 3 15 |
855 1508 2 2 |
972 1502 2 9 |
1111 1499 11 21 2
1133 1499 39 21 000
1306 1490 4 52 ;
1497 1517 4 1 AS
1555 1518 68 1 SS
1781 1519 2 3 I

854 1557 1 13 |
1306 1545 2 45 |
1544 1566 1 5 |
1662 1551 1 39 |
1781 1566 1 26 |

350 1611 12 21 0
439 1604 1 4 amin
676 1588 60 37 SR
913 1609 1 3 EA
1158 1622 12 21 Py,
1248 1585 54 76 NR
1336 1627 1 3 ERE
1372 1616 1 8 I
1485 1618 1 3 SATIN
1595 1585 63 76 RE
1681 1585 105 76 Ern

419 1649 50 22 1962
534 1651 50 21 1963
615 1634 13 50 —
650 1652 51 21 1964
727 1634 17 50 —
766 1653 50 22 1965
843 1634 13 50 —
882 1654 50 22 1966
1227 1659 50 21 1962
1343 1660 49 21 1963
1423 1643 13 50 —
1458 1661 50 22 1964
1535 1643 13 50 —
1575 1663 49 21 1965
1651 1643 13 50 —
1691 1664 49 21 1966

1091 1714 76 24 Anm.
1186 1714 40 25 Jir
1244 1715 77 25 tabell
1343 1719 20 25 1,
1382 1717 255 26 summakolumnens
1657 1720 45 24 två
1720 1719 62 26 sista

292 1703 75 25 Anm.
390 1705 39 24 Jfr
453 1705 76 25 tabell
553 1709 21 24 1,
596 1708 255 26 summakolumnens
875 1711 107 25 totalbe-

1091 1749 81 25 rader.

291 1738 70 33 lopp.

292 1855 101 31 kades
409 1856 48 31 till
473 1868 39 19 en
529 1858 51 30 del
595 1870 41 19 av
653 1862 324 40 statsupplåningens
995 1864 211 41 utformning.
1222 1866 16 31 I
1254 1867 131 39 augusti
1400 1868 210 32 emitterades
1626 1875 49 26 ett
1691 1871 89 39 lång-

292 1909 121 40 fristigt
433 1911 139 31 statslån
591 1924 42 20 av
653 1914 169 41 sedvanlig
842 1916 203 42 utformning
1064 1918 48 32 till
1132 1923 49 28 ett
1200 1920 119 40 belopp
1338 1932 42 20 av
1401 1925 58 28 450
1479 1923 83 32 mkr.
1582 1924 128 31 Endast
1730 1929 49 27 ett

290 1974 60 27 par
372 1964 151 38 miljoner
546 1966 120 31 kronor
688 1970 222 31 amorterades
935 1971 41 38 på
1000 1972 123 32 sådana
1147 1973 64 38 lån,
1235 1974 110 32 varför
1368 1977 144 30 nämnda
1536 1978 243 32 transaktioner

290 2017 77 31 kom
383 2022 51 28 att
451 2018 156 33 innebära
623 2032 39 19 en
678 2024 277 40 nettoupplåning
969 2025 43 39 på
1028 2028 59 28 448
1102 2027 74 30 mkr
1191 2031 51 28 att
1258 2027 156 40 jämföras
1430 2030 75 31 med
1522 2034 59 28 374
1592 2031 74 31 mkr
1676 2033 103 31 under

292 2074 88 29 1965.

331 2125 16 31 I
369 2127 187 38 september
581 2132 78 27 1966
685 2129 119 32 beslöts
829 2131 195 40 utgivandet
1048 2145 41 20 av
1114 2139 49 26 ett
1186 2136 338 40 sparobligationslån,
1551 2139 100 39 »Spar
1674 2144 69 34 66»,
1767 2141 9 30 i

289 2179 87 38 syfte
394 2184 52 27 att
463 2199 41 4 —
521 2186 71 26 mot
610 2183 131 31 relativt
762 2184 64 40 hög
844 2186 200 41 avkastning
1060 2207 42 3 —
1118 2191 42 36 på
1179 2189 101 40 något
1297 2190 110 40 längre
1425 2191 67 32 sikt
1510 2192 98 32 binda
1628 2195 147 31 enskilda

288 2244 169 27 personers
475 2237 192 36 sparmedel.
686 2237 106 32 Lånet
810 2250 59 20 var
887 2240 48 30 till
953 2240 47 31 sin
1021 2246 60 34 typ
1100 2242 60 31 likt
1179 2243 40 31 de
1237 2244 338 40 sparobligationslån,
1594 2258 69 20 som
1682 2249 93 31 emit-

288 2288 128 31 terades
437 2289 103 31 under
560 2293 78 28 1960
658 2291 60 31 och
741 2295 88 29 1961.
851 2293 100 39 »Spar
970 2297 57 28 66»
1048 2298 94 29 rönte
1162 2298 179 31 emellertid
1361 2310 40 19 en
1420 2302 103 29 större
1542 2301 171 41 framgång
1732 2306 42 28 än

287 2341 69 32 sina
376 2342 220 41 föregångare.
615 2344 47 31 På
680 2345 90 32 lånet
788 2347 178 32 tecknades
985 2352 60 28 425
1063 2350 74 30 mkr
1155 2355 71 27 mot
1244 2351 42 39 på
1305 2352 40 31 de
1364 2353 137 40 tidigare
1522 2358 58 28 152
1598 2356 75 31 mkr
1690 2368 83 29 resp.

287 2399 38 28 70
341 2396 83 32 mkr.
441 2396 63 32 Vid
521 2398 165 40 utgången
704 2411 41 19 av
765 2403 78 28 1966
860 2401 85 32 hade
960 2402 43 39 på
1022 2403 100 39 »Spar
1138 2407 57 28 66»
1215 2405 176 33 inbetalats
1408 2410 57 28 271
1483 2409 83 34 mkr.
1583 2410 190 32 Härutöver

285 2450 147 31 förekom
455 2452 244 32 transaktioner
722 2453 8 31 i
753 2454 126 32 diverse
902 2456 113 38 andra,
1037 2457 261 42 huvudsakligen
1322 2460 203 42 långfristiga
1548 2463 224 40 finansobjekt

285 2504 73 31 med
377 2515 39 20 en
435 2505 64 31 viss
518 2506 337 42 nettoåterbetalning
872 2520 67 20 som
960 2512 147 31 resultat.
