1915 2847
323 186 41 28 30
699 181 302 32 Bankoutskottets
1019 182 170 32 memorial
1205 194 40 19 nr
1262 186 17 28 1
1299 182 37 32 år
1354 186 82 30 1967

326 262 193 31 Bankernas
534 262 290 41 utlandsställning

370 335 280 38 Valutareserven,
672 346 71 21 som
765 335 91 41 stigit
878 337 76 31 med
976 337 99 40 drygt
1097 348 39 20 en
1160 337 130 39 miljard
1314 338 38 31 kr
1375 341 79 29 1964
1477 339 61 31 och
1560 339 75 32 med
1660 343 58 29 117
1741 341 74 30 mkr

328 392 79 28 1965
427 388 154 33 fortsatte
599 394 53 27 att
671 390 63 32 öka
754 393 84 29 även
857 391 104 31 under
982 394 90 35 1966,
1091 391 61 32 och
1172 391 179 33 tillskottet
1369 392 50 32 för
1437 393 73 32 hela
1530 393 70 33 året
1619 394 75 32 blev
1714 395 99 40 drygt

326 446 60 28 300
404 443 75 31 mkr
498 444 115 39 (tabell
635 444 64 41 13).

366 498 53 30 Av
443 498 40 31 de
507 497 86 33 olika
619 498 207 40 delposterna
852 499 9 31 i
886 499 265 32 valutareserven
1176 500 60 31 har
1260 500 215 32 riksbankens
1500 501 143 32 innehav
1668 514 42 20 av
1736 503 77 40 guld

325 552 61 31 och
404 552 131 31 valutor
552 553 81 31 ökat
649 553 76 31 med
746 556 57 29 173
822 554 74 30 mkr
913 554 61 31 och
992 554 143 40 uppgick
1152 554 56 32 vid
1227 555 88 32 årets
1332 556 66 31 slut
1415 555 49 32 till
1482 559 19 28 4
1514 559 59 29 380
1591 557 83 32 mkr.
1693 557 119 31 Netto-

325 606 195 41 ställningen
541 611 168 36 gentemot
729 607 271 33 Internationella
1021 609 239 32 valutafonden
1280 609 222 33 förbättrades
1522 611 105 31 under
1646 611 70 32 året
1736 612 76 31 med

327 664 58 28 118
403 661 74 31 mkr
495 661 117 33 främst
630 661 162 33 beroende
811 662 42 40 på
872 667 52 27 att
942 662 147 42 Sveriges
1108 664 82 31 kvot
1209 663 9 32 i
1236 664 122 32 fonden
1377 664 115 40 höjdes
1510 666 76 31 med
1605 669 39 28 75
1662 665 152 40 miljoner

324 715 49 32 till
395 719 60 28 225
475 716 151 40 miljoner
646 717 113 31 dollar.
780 717 129 32 Därvid
930 717 203 33 inbetalades
1154 722 39 28 25
1207 719 38 40 9,
1266 730 43 21 av
1330 719 263 41 kvothöjningen
1614 720 49 32 till
1684 721 129 32 valuta-

325 770 122 32 fonden
466 770 8 31 i
494 771 87 40 guld,
599 772 120 31 medan
739 775 38 28 75
791 772 38 40 97,
849 772 202 40 gottgjordes
1072 773 138 31 fondens
1229 773 289 40 tillgodohavande
1538 774 10 31 i
1567 775 119 31 kronor
1705 775 9 31 i
1733 775 79 31 riks-

323 824 142 32 banken.
488 825 126 32 Genom
636 826 288 32 transaktionerna
946 826 9 31 i
976 826 161 32 samband
1158 828 75 31 med
1255 828 261 40 kvothöjningen
1538 829 105 31 ökade
1665 829 147 41 Sveriges

322 878 229 31 nettofordran
576 879 43 38 på
643 879 122 30 fonden
789 880 76 30 med
891 883 38 27 97
953 881 83 30 mkr.
1061 881 180 30 Dessutom
1266 882 60 30 har
1349 882 239 31 valutafonden
1613 884 104 29 under
1741 884 71 30 året

323 931 190 40 disponerat
531 943 37 21 ca
589 935 36 29 21
647 933 74 31 mkr
740 932 9 32 i
769 933 161 32 samband
949 934 76 31 med
1044 934 361 33 valutatransaktioner
1423 936 75 31 med
1518 936 103 32 andra
1640 937 172 31 medlems-

323 987 122 31 länder.
467 987 298 32 Affärsbankernas
788 988 108 31 avista
918 988 239 32 nettoinnehav
1180 1001 42 20 av
1245 990 178 32 utländska
1446 991 132 31 valutor
1598 991 61 31 har
1681 1002 131 29 genom-

322 1041 144 39 snittligt
488 1042 88 39 legat
598 1042 99 39 drygt
722 1045 58 28 100
803 1042 74 30 mkr
899 1042 99 40 högre
1021 1045 42 29 än
1087 1043 103 31 under
1215 1047 78 28 1965
1317 1055 76 20 men
1416 1044 52 40 låg
1491 1044 56 31 vid
1570 1045 87 31 årets
1679 1046 67 30 slut
1768 1046 43 39 på

324 1095 137 40 ungefär
478 1106 125 21 samma
621 1095 78 32 nivå
716 1107 70 20 som
804 1096 55 32 vid
877 1097 73 31 dess
967 1096 116 40 början
1102 1098 75 31 eller
1194 1097 56 32 vid
1268 1109 38 20 ca
1325 1102 59 28 700
1402 1099 83 31 mkr.

364 1148 298 40 Affärsbankernas
679 1150 220 39 tidsposition,
917 1161 69 21 som
1005 1152 103 30 under
1127 1155 78 27 1965
1223 1151 56 32 vid
1297 1152 91 39 varje
1406 1152 257 32 månadsultimo
1681 1164 59 20 var
1758 1164 53 20 ne-

323 1202 102 41 gativ,
447 1203 60 31 har
529 1204 104 31 under
655 1214 112 21 senare
790 1204 92 32 delen
906 1216 42 20 av
974 1208 78 29 1966
1076 1205 152 40 övergått
1250 1205 49 32 till
1323 1210 51 27 att
1398 1217 80 21 vara
1500 1206 132 40 positiv.
1656 1207 74 31 Den
1753 1207 59 32 har

324 1257 104 31 under
448 1257 71 31 året
540 1257 143 32 varierat
704 1258 120 30 mellan
846 1257 109 32 minus
978 1262 58 28 115
1059 1259 60 31 och
1142 1260 73 38 plus
1239 1263 58 27 106
1319 1260 83 30 mkr.
1435 1259 172 41 Ökningen
1629 1261 73 31 från
1724 1262 87 30 årets

324 1310 117 40 början
458 1310 48 32 till
523 1311 73 31 dess
613 1311 65 32 slut
695 1323 59 20 var
771 1322 37 21 ca
827 1315 59 28 124
902 1312 83 31 mkr.

890 1480 351 33 Valutamarknaden

364 1563 68 32 Det
460 1563 137 33 främsta
625 1564 152 33 intresset
804 1565 42 39 på
874 1566 41 31 de
943 1565 264 34 internationella
1235 1568 357 33 valutamarknaderna
1619 1569 60 32 har
1707 1570 104 31 under

322 1617 70 31 året
410 1617 116 32 liksom
546 1618 104 31 under
670 1622 79 28 1965
769 1619 86 32 varit
874 1620 120 32 knutet
1013 1620 48 32 till
1081 1621 232 39 pundvalutan
1332 1622 61 31 och
1413 1623 72 30 dess
1505 1623 199 40 utveckling.
1724 1624 86 31 Kur-

320 1680 95 22 serna
436 1671 61 32 har
517 1671 101 32 tidvis
640 1672 178 39 påverkats
840 1685 43 20 av
905 1673 263 40 kapitalrörelser
1188 1686 71 20 som
1281 1686 40 21 en
1343 1676 82 39 följd
1446 1688 43 20 av
1510 1688 81 20 oron
1612 1677 51 32 för
1683 1678 128 39 pundet

321 1727 156 29 ävensom
497 1736 42 20 av
559 1726 221 40 åtstramning
798 1727 41 39 på
858 1727 349 40 penningmarknaden
1227 1729 9 30 i
1254 1734 50 26 ett
1323 1730 106 31 flertal
1449 1731 114 30 länder
1581 1731 60 31 och
1661 1731 149 40 stigande

320 1778 264 33 internationella
608 1782 210 36 räntesatser,
841 1781 84 33 bl.a.
949 1782 43 39 på
1016 1782 63 31 den
1102 1783 69 32 s.k.
1195 1784 398 34 eurodollarmarknaden.
1617 1785 105 32 Dessa
1746 1785 63 32 för-

320 1832 176 32 hållanden
518 1833 9 31 i
548 1834 149 40 förening
716 1835 76 31 med
814 1835 227 40 förändringar
1062 1836 10 31 i
1094 1836 86 32 vissa
1202 1837 128 31 länders
1352 1837 213 39 bytesbalans
1587 1839 60 31 har
1667 1839 143 40 bidragit

320 1886 49 31 till
395 1891 52 27 att
472 1887 358 33 valutamarknaderna
855 1890 104 30 under
983 1890 71 31 året
1080 1891 144 39 präglats
1250 1902 41 20 av
1319 1891 133 32 relativt
1477 1892 110 40 livliga
1613 1893 196 40 kurssväng-

321 1940 115 40 ningar
462 1941 50 31 för
536 1941 80 32 flera
641 1953 42 20 av
709 1942 40 31 de
774 1943 138 31 ledande
938 1944 185 31 valutorna.
1148 1945 63 31 Att
1236 1945 93 32 dessa
1356 1945 213 32 kursrörelser
1594 1946 10 31 i
1629 1947 180 31 allmänhet

321 1994 86 31 varit
432 1994 254 32 förhållandevis
711 1995 202 41 begränsade
938 1997 49 31 till
1012 1997 49 31 sin
1086 1998 122 31 storlek
1233 1999 94 30 torde
1351 1999 117 32 främst
1494 2000 112 32 kunna
1631 2000 178 32 tillskrivas

320 2048 56 32 det
399 2049 104 30 under
525 2048 70 33 året
618 2049 177 41 väsentligt
819 2050 180 41 utvidgade
1022 2051 317 33 valutasamarbetet
1361 2053 120 31 mellan
1504 2053 304 33 centralbankerna.

363 2102 190 39 Guldpriset
573 2103 43 39 på
637 2103 357 32 London-marknaden
1016 2105 60 31 har
1097 2106 103 31 under
1220 2106 70 31 året
1311 2109 68 29 rört
1401 2107 47 39 sig
1468 2107 42 39 på
1532 2119 40 19 en
1594 2108 215 39 genomsnitt-

320 2155 58 40 ligt
396 2155 99 41 högre
515 2156 77 31 nivå
611 2159 43 28 än
674 2160 79 29 1965
772 2158 60 31 och
851 2158 59 31 har
929 2158 182 32 fluktuerat
1129 2160 120 31 mellan
1268 2164 49 27 ett
1337 2160 106 40 lägsta
1461 2161 60 31 och
1540 2161 117 40 högsta
1676 2162 71 40 läge
1766 2173 42 21 av

318 2220 39 21 ca
380 2213 89 34 35,11
494 2221 83 28 resp.
602 2213 91 35 35,19
706 2211 42 35 3/4
772 2212 103 31 dollar
897 2223 58 28 per
978 2224 61 20 uns
1062 2213 64 32 fint
1149 2214 87 39 guld.
1261 2214 98 32 Såväl
1382 2214 108 32 utbud
1513 2226 71 20 som
1608 2215 199 41 efterfrågan

319 2264 60 31 har
397 2264 180 32 emellertid
596 2264 9 32 i
623 2269 86 28 stort
727 2270 67 27 sett
812 2266 87 32 varit
917 2267 88 39 lägre
1023 2268 104 30 under
1147 2271 78 28 1966
1245 2271 42 28 än
1306 2268 71 32 året
1395 2268 78 34 före.
1492 2269 205 41 Nedgången
1716 2270 10 31 i
1744 2271 63 30 den

318 2317 131 39 privata
465 2318 199 41 efterfrågan
679 2320 94 31 torde
789 2320 102 31 delvis
907 2321 112 31 kunna
1034 2321 157 32 hänföras
1206 2322 48 31 till
1270 2322 56 31 det
1341 2322 99 40 högre
1455 2323 264 32 internationella
1734 2327 73 28 rän-

318 2372 132 40 teläget,
470 2373 120 31 medan
609 2373 43 39 på
672 2373 220 32 utbudssidan
912 2374 192 39 Sydafrikas
1123 2375 207 32 förbättrade
1349 2376 302 41 betalningsbalans
1670 2378 61 31 och
1751 2390 56 19 av-

318 2426 168 31 saknaden
506 2438 43 20 av
567 2427 181 38 sovjetiska
768 2428 309 40 guldförsäljningar
1096 2429 87 32 varit
1202 2429 201 41 bidragande
1423 2431 141 32 orsaker.
1585 2431 51 31 En
1656 2432 122 40 ökning
1799 2432 8 31 i

318 2479 199 41 efterfrågan
535 2480 110 32 kunde
663 2481 85 31 dock
766 2481 100 32 tidvis
883 2486 142 34 noteras,
1042 2483 43 31 bl.
1098 2494 28 20 a.
1146 2483 3 31 i
1166 2483 120 31 mitten
1304 2495 42 20 av
1364 2484 71 32 året
1458 2484 4 31 i
1479 2485 162 31 samband
1657 2486 76 31 med
1751 2497 55 20 oro

317 2533 51 31 för
391 2534 127 38 pundet
542 2534 60 31 och
627 2534 85 31 inför
736 2535 271 32 Internationella
1032 2537 254 31 valutafondens
1311 2538 143 31 årsmöte
1478 2538 10 31 i
1510 2539 197 39 september.
1732 2540 74 31 Den
