1942 2830
299 189 17 29 2
739 191 274 30 Statsutskottets
1038 190 176 32 utlåtande
1239 199 42 20 nr
1308 190 49 29 35.

304 277 64 30 och
391 277 79 29 med
491 276 67 30 den
582 277 14 28 1
620 275 63 36 juli
708 276 83 29 1947
814 277 170 34 upptagas
1006 275 51 30 till
1080 273 219 37 redovisning
1322 274 111 31 under
1457 273 268 30 förrådsfonden
1749 283 58 20 en-

304 327 59 37 ligt
389 336 42 21 av
456 327 165 37 styrelsen
644 326 196 36 föreslagna
864 326 147 36 grunder
1037 329 89 27 samt
1148 328 49 26 att
1218 325 10 29 i
1252 324 200 37 anslutning
1476 324 114 30 därtill
1613 323 20 31 å
1656 323 150 31 förråds-

304 378 130 30 fonden
465 376 108 32 måtte
598 377 112 30 under
737 385 158 28 gruppen
926 375 391 31 Maskincentralförråd
1349 375 53 30 för
1433 374 201 37 budgetåret
1669 369 139 41 1947/48

304 428 136 29 anvisas
462 431 46 26 ett
527 427 345 35 investeringsanslag
892 426 48 30 till
963 426 168 35 Flytande
1150 425 154 30 materiel
1324 435 42 21 av
1392 426 93 29 1070
1499 426 63 29 000
1584 426 138 31 kronor.

349 499 91 35 Över
456 504 78 35 väg-
553 504 65 29 och
634 503 480 36 vattenbyggnadsstyrelsens
1132 501 215 30 sistnämnda
1368 500 255 38 framställning
1641 501 64 29 har
1721 500 87 30 riks-

305 554 334 37 räkenskapsverket
660 554 127 36 avgivit
809 553 170 30 infordrat
1000 551 186 32 utlåtande.

349 604 388 37 Departementschefen
772 605 66 29 har
870 604 115 30 anfört
1022 602 154 37 följande
1200 602 221 31 beträffande
1445 602 284 36 anslagsbehovet
1754 601 55 30 för

305 657 99 29 nästa
420 655 168 37 budgetår
604 656 10 29 i
632 654 98 38 fråga
747 664 57 21 om
820 653 316 38 tillgångsgruppen
1170 652 503 37 förrådsbyggnader
1705 662 103 20 m.m.

350 723 85 36 Väg-
455 724 66 29 och
543 723 481 35 vattenbyggnadsstyrelsens
1043 721 309 30 medelsäskanden
1374 720 56 30 för
1451 721 100 28 nästa
1572 718 167 37 budgetår
1760 719 51 29 till

305 765 337 37 förrådsbyggnader
665 775 44 20 m.
736 775 44 19 m.
806 765 122 36 belöpa
950 766 50 34 sig
1020 764 51 30 till
1093 763 231 36 sammanlagt
1345 764 20 29 3
1379 763 62 30 350
1456 763 65 29 000
1542 763 137 34 kronor,
1705 770 105 21 varav

308 808 92 30 1690
414 808 63 30 009
513 808 128 29 kronor
674 807 51 30 till
763 808 131 29 smärre
927 806 329 36 byggnadsarbeten,
1293 805 252 36 tillbyggnader
1579 814 44 20 m.
1649 814 44 20 m.
1721 806 89 27 samt

309 851 11 28 1
339 851 63 29 660
416 850 63 30 000
502 850 128 29 kronor
652 849 51 30 till
727 849 47 30 tio
798 849 137 31 särskilt
955 848 149 37 angivna
1125 848 322 37 byggnadsföretag,
1471 847 94 30 vilka
1587 851 75 27 vart
1685 847 55 30 för
1759 846 52 36 sig

306 893 171 29 beräknas
504 893 106 35 draga
633 901 44 20 en
702 892 150 29 kostnad
877 891 237 36 överstigande
1145 891 137 30 100000
1313 891 138 29 kronor.
1491 890 79 30 Med
1597 890 136 36 hänsyn
1760 889 50 29 till

306 935 171 29 storleken
497 944 42 20 av
558 935 42 29 de
619 934 353 36 medelsanvisningar
996 943 75 20 som
1089 934 106 29 redan
1216 942 48 20 nu
1284 932 52 31 stå
1357 933 50 30 till
1428 933 183 36 styrelsens
1633 932 176 35 förfogan-

307 977 41 29 de
371 977 53 29 för
447 977 131 29 smärre
601 976 330 36 byggnadsarbeten,
956 975 253 37 tillbyggnader
1232 985 45 20 m.
1303 985 44 20 m.
1372 984 101 21 anser
1495 974 58 37 jag
1577 975 153 35 anslaget
1756 974 55 30 för

307 1020 92 29 detta
430 1018 163 31 ändamål
620 1019 55 29 för
701 1020 102 29 nästa
829 1017 166 37 budgetår
1022 1018 187 36 lämpligen
1238 1018 86 29 böra
1353 1018 209 30 bestämmas
1592 1017 50 29 till
1670 1017 63 29 600
1746 1017 63 29 000

307 1062 138 29 kronor.
479 1062 14 29 I
515 1061 153 31 nämnda
691 1061 127 36 belopp
841 1060 185 31 innefattas
1048 1061 56 29 det
1125 1061 124 35 belopp
1276 1069 42 20 av
1345 1060 60 30 130
1419 1060 63 29 000
1507 1060 138 34 kronor,
1669 1059 142 30 varmed

307 1103 143 36 tidigare
478 1103 164 30 anvisade
668 1103 112 30 medel
810 1103 104 36 enligt
941 1103 182 36 styrelsens
1150 1102 128 36 förslag
1305 1103 85 29 böra
1416 1102 202 35 förstärkas,
1648 1103 164 28 ävensom

309 1146 60 30 160
384 1146 63 29 000
473 1146 129 29 kronor
628 1145 54 30 för
706 1146 92 29 vissa
824 1145 301 30 varvsverkstäder
1149 1145 65 30 och
1241 1145 40 29 50
1296 1145 65 29 000
1387 1145 129 29 kronor
1542 1144 56 30 för
1624 1143 186 37 tjänstebo-

309 1188 119 30 staden
448 1188 10 29 i
480 1188 182 30 Kallsedet.
692 1187 67 31 Vid
775 1187 100 31 bifall
892 1186 51 32 till
964 1187 92 31 detta
1074 1187 128 36 förslag
1220 1187 111 30 skulle
1351 1187 165 36 styrelsen
1535 1186 55 30 för
1608 1186 203 30 innevaran-

307 1231 41 30 de
372 1231 65 29 och
462 1232 101 28 nästa
589 1229 168 36 budgetår
782 1230 141 30 komma
947 1233 48 27 att
1021 1230 120 30 kunna
1166 1230 185 36 disponera
1378 1230 79 29 över
1483 1230 18 29 5
1516 1230 63 29 200
1593 1229 64 29 000
1682 1229 130 29 kronor

307 1273 56 29 för
384 1272 149 36 angivna
556 1271 173 37 ändamål,
754 1272 106 31 vilket
883 1272 96 31 torde
1000 1271 36 30 få
1059 1281 98 21 anses
1181 1273 122 34 utgöra
1326 1281 42 20 en
1391 1271 10 30 i
1426 1272 201 29 nuvarande
1650 1272 74 35 läge
1747 1271 63 30 till-

307 1314 144 36 räckligt
470 1314 58 30 vid
549 1324 76 20 ram
645 1314 55 29 för
718 1313 110 31 sådan
847 1315 407 35 byggnadsverksamhet.
1289 1314 161 35 Anslaget
1472 1323 99 27 synes
1592 1315 85 28 böra
1698 1314 113 36 dispo-

307 1365 100 22 neras
428 1366 42 20 av
490 1357 168 36 styrelsen
678 1356 55 31 för
752 1359 109 27 avsett
879 1355 172 36 ändamål,
1073 1357 89 29 dock
1184 1359 48 27 att
1250 1355 125 37 frågan
1395 1366 56 20 om
1473 1356 214 36 anläggande
1707 1366 42 21 av
1769 1365 40 21 en

308 1399 161 30 verkstad
506 1399 56 29 för
600 1399 273 30 hamnväsendet
909 1398 45 36 på
979 1399 189 35 sydkusten
1194 1399 98 29 torde
1319 1400 84 28 böra
1429 1399 230 29 underställas
1689 1399 123 35 Kungl.

310 1440 117 37 Maj:ts
445 1441 179 37 prövning,
642 1441 108 29 innan
770 1441 55 29 för
845 1440 197 31 ändamålet
1059 1444 108 26 avsett
1181 1441 128 36 belopp
1328 1440 55 30 får
1401 1445 96 31 tagas
1514 1441 10 30 i
1542 1440 161 36 anspråk.

352 1484 72 29 Vad
450 1482 107 37 angår
578 1484 44 29 de
644 1482 139 32 särskilt
808 1482 147 37 angivna
981 1490 149 29 garagen
1155 1483 65 30 och
1247 1482 383 37 förrådsbyggnaderna
1655 1484 64 29 har
1744 1486 67 33 sty-

304 1525 111 29 relsen
439 1524 200 36 framhållit,
666 1528 48 27 att
738 1524 87 30 efter
849 1524 282 36 färdigställande
1156 1534 42 20 av
1222 1525 41 29 de
1290 1524 144 36 tidigare
1459 1525 179 30 beslutade
1662 1525 151 36 byggna-

310 1568 106 30 derna
443 1568 66 29 och
536 1568 41 29 de
607 1567 197 37 ytterligare
831 1568 207 36 byggnader,
1067 1567 48 30 till
1145 1567 92 30 vilka
1267 1568 112 29 medel
1407 1576 48 20 nu
1484 1567 126 36 äskats,
1640 1568 56 29 det
1726 1569 86 28 mest

306 1611 192 35 trängande
523 1610 147 29 behovet
693 1619 43 21 av
759 1617 123 29 garage
904 1610 64 29 och
993 1609 119 30 förråd
1136 1610 111 30 skulle
1268 1619 85 20 vara
1375 1609 215 36 tillgodosett.
1630 1609 47 30 På
1701 1610 111 35 grund

309 1661 42 21 av
370 1653 67 29 den
454 1661 42 21 av
512 1652 71 37 mig
599 1661 82 27 nyss
700 1651 164 37 påvisade
885 1652 290 36 eftersläpningen
1195 1652 10 30 i
1225 1652 55 30 det
1298 1652 108 30 redan
1423 1652 177 30 beslutade
1619 1653 193 36 byggnads-

308 1698 235 33 programmet
570 1695 69 29 kan
662 1695 93 29 detta
779 1694 76 32 icke
876 1694 221 36 genomföras
1123 1694 95 30 inom
1244 1694 130 30 avsedd
1397 1694 49 30 tid
1470 1697 83 28 utan
1579 1697 49 28 att
1653 1704 41 21 en
1717 1695 96 35 bety-

310 1737 112 30 dande
443 1736 201 37 utvidgning
667 1746 42 20 av
735 1737 114 30 denna
872 1737 52 30 del
946 1746 42 20 av
1009 1736 444 37 byggnadsverksamheten
1478 1737 87 29 sker.
1600 1736 51 31 Då
1676 1744 137 29 garage-

309 1779 65 30 och
401 1778 386 38 förrådsbyggnaderna
812 1779 175 30 erfordras
1011 1779 56 30 för
1092 1779 246 36 vägväsendets
1367 1779 148 36 löpande
1540 1780 112 29 behov
1679 1780 65 29 och
1770 1796 45 3 —

310 1820 115 31 såsom
443 1821 579 30 arbetsmarknadskommissionen
1041 1820 190 31 framhållit
1251 1839 45 3 —
1314 1823 10 29 i
1343 1823 87 34 regel
1449 1822 60 29 äro
1527 1824 49 27 att
1597 1831 82 20 anse
1700 1821 114 30 såsom

310 1864 190 36 angelägna
527 1864 141 36 företag,
697 1864 98 30 torde
819 1873 44 21 en
889 1864 94 36 dylik
1011 1864 203 36 utvidgning
1242 1864 77 30 icke
1347 1864 119 30 kunna
1490 1863 209 36 underlåtas,
1728 1864 86 29 allra

309 1906 87 29 helst
424 1915 74 21 som
525 1906 512 36 husbyggnadsverksamheten
1065 1907 55 29 för
1145 1906 247 36 vägväsendets
1418 1907 111 29 behov
1556 1907 111 29 under
1693 1907 42 29 de
1765 1916 47 20 se-

309 1950 98 28 naste
430 1947 84 31 åren
535 1948 87 30 varit
642 1948 240 36 exceptionellt
902 1947 64 37 låg.
1001 1949 66 29 Det
1091 1949 37 29 är
1149 1949 189 30 emellertid
1361 1949 173 36 antagligt,
1559 1952 49 27 att
1629 1948 185 37 tillgången

309 1989 46 37 på
372 1990 158 30 material
549 1991 64 29 och
632 1991 212 29 arbetskraft
859 1992 109 30 under
984 1991 233 30 innevarande
1235 1992 66 29 och
1320 1992 99 29 nästa
1439 1990 166 37 budgetår
1624 1991 75 30 icke
1718 1992 95 29 kom-

306 2041 74 20 mer
405 2034 48 28 att
477 2031 204 37 möjliggöra
702 2035 48 28 ett
776 2032 124 30 snabbt
924 2032 270 36 genomförande
1220 2042 42 21 av
1285 2033 80 30 hela
1390 2033 55 33 det
1468 2043 42 21 av
1535 2033 165 36 styrelsen
1725 2033 89 30 före-

311 2075 118 35 slagna
451 2077 241 34 programmet.
727 2075 102 30 Trots
849 2075 90 30 detta
963 2076 65 29 har
1048 2074 57 37 jag
1128 2078 109 27 ansett
1261 2075 70 36 mig
1353 2076 84 29 böra
1460 2075 150 35 förorda,
1634 2078 47 27 att
1703 2076 110 29 medel

310 2117 137 30 anvisas
473 2117 56 30 för
555 2117 157 36 samtliga
735 2127 44 21 av
806 2118 163 35 styrelsen
993 2117 195 36 föreslagna
1214 2127 70 26 nya
1310 2117 333 37 garagebyggnader.
1682 2117 133 36 Möjlig-

310 2160 142 30 heterna
471 2162 49 29 att
539 2160 115 30 utföra
674 2160 41 29 de
736 2160 171 30 särskilda
927 2160 357 36 byggnadsföretagen
1303 2161 74 29 lära
1396 2160 173 36 nämligen
1591 2160 8 30 i
1621 2161 75 29 icke
1717 2160 97 36 ringa

310 2201 83 30 mån
413 2201 91 30 bliva
522 2202 170 30 beroende
712 2211 42 21 av
773 2203 115 29 lokala
907 2202 252 36 förhållanden,
1180 2202 93 30 vilka
1294 2212 48 20 nu
1361 2203 75 29 icke
1453 2202 70 30 låta
1542 2203 50 36 sig
1612 2203 89 30 klart
1720 2204 94 28 över-

309 2243 142 30 blickas.
477 2244 74 29 Den
575 2243 233 38 begränsning
831 2253 41 21 av
893 2245 453 36 byggnadsverksamheten,
1373 2255 74 20 som
1468 2255 43 20 av
1533 2245 92 30 olika
1647 2246 75 30 skäl
1745 2246 68 29 kan

310 2287 92 31 bliva
424 2287 211 37 erforderlig,
656 2287 97 30 torde
774 2288 85 30 böra
877 2288 60 29 ske
959 2288 10 29 i
993 2288 170 30 samband
1183 2288 78 29 med
1282 2287 213 37 prövningen
1518 2296 41 21 av
1581 2288 234 35 ansökningar

312 2339 57 20 om
387 2329 343 36 byggnadstillstånd.

354 2403 277 31 Vidkommande
653 2404 373 37 investeringsbehovet
1045 2405 80 30 med
1146 2405 167 30 avseende
1334 2404 20 31 å
1377 2404 317 38 tillgångsgruppen
1732 2414 35 20 m
1782 2412 32 20 a-

311 2454 507 32 skincentralförråd
870 2456 64 29 och
965 2456 66 30 den
1058 2456 146 30 härmed
1232 2456 344 35 sammanhängande
1607 2455 122 37 frågan
1759 2463 56 20 om
