1888 2776
590 158 286 31 Statsutskottets
893 157 184 31 memorial
1093 167 44 21 nr
1156 159 59 29 151
1234 158 40 30 år
1293 158 84 30 1963

546 242 123 39 ningar
687 242 96 30 inom
803 242 317 30 lantmäteristaten
1139 251 46 21 m.
1204 251 56 26 m.,
1286 242 5 29 i
1311 242 66 30 vad
1396 241 221 30 motionerna
1637 251 100 21 avser

545 292 163 30 tekniska
736 293 194 39 högskolan
958 293 11 29 i
997 292 212 34 Stockholm,

592 343 57 33 51)
679 342 178 31 motionen
884 342 86 31 I:46
997 351 57 21 om
1080 341 194 41 ersättning
1300 341 52 31 till
1380 342 174 29 föräldrar
1580 341 55 30 för
1661 342 74 30 vår-

546 393 66 29 den
636 402 42 21 av
702 393 93 31 vissa
819 392 264 31 fosterskadade
1107 393 98 37 barn,

590 442 57 33 52)
677 442 178 30 motionen
877 443 46 29 II:
941 443 38 30 77
1003 452 56 21 om
1081 452 42 20 en
1146 452 42 20 av
1209 442 254 40 integrationen
1486 442 11 30 i
1519 442 139 39 Europa
1680 443 58 29 be-

547 493 119 39 tingad
684 494 147 38 översyn
849 502 42 21 av
907 492 362 40 juristutbildningen,

589 543 58 32 53)
677 542 177 30 motionen
879 543 125 30 II:296
1028 552 55 20 om
1108 543 146 39 översyn
1279 552 42 21 av
1343 543 311 30 bestämmelserna
1679 552 57 21 om

546 593 263 39 pensionsålder
832 593 55 30 för
911 594 118 40 statlig
1052 593 354 40 befattningshavare,

590 643 57 33 534)
677 643 179 30 motionen
884 643 46 30 II:
949 643 57 30 391
1036 653 56 20 om
1120 643 187 40 utredning
1333 643 150 31 rörande
1511 644 41 29 de
1580 643 158 31 utlands-

547 693 148 30 svenska
719 694 151 30 barnens
895 694 178 39 skolgång,

590 743 58 33 55)
677 743 179 30 motionen
884 743 123 31 II:402
1035 753 56 20 om
1118 743 71 31 viss
1215 744 194 40 ersättning
1435 744 53 30 till
1517 744 92 30 förre
1637 752 101 32 gruv-

547 793 182 30 arbetaren
752 794 40 30 O.
816 794 38 30 A.
877 794 226 37 Wiitavaara,

592 844 58 33 56)
679 844 179 30 motionen
892 844 46 30 II:
954 844 64 30 475
1052 854 56 20 om
1142 844 243 40 besiktningen
1421 854 42 20 av
1497 845 129 34 hästar,
1663 854 75 21 som

547 895 136 37 uttages
704 893 108 40 enligt
834 894 155 30 militära
1012 894 463 40 uttagningsförordningen,

593 944 57 34 57)
680 945 178 29 motionen
892 945 46 29 II:
956 944 62 31 484
1051 954 56 20 om
1140 944 222 30 ekonomiskt
1396 945 77 30 stöd
1507 945 55 30 för
1594 947 51 28 att
1679 945 60 30 sti-

547 994 133 30 mulera
705 994 162 31 intresset
892 995 56 29 för
972 995 214 39 schackspel,

593 1045 58 32 58)
680 1045 178 30 motionen
892 1044 124 31 1II:488
1048 1054 55 21 om
1136 1046 113 29 rätten
1281 1047 50 28 att
1362 1046 188 39 disponera
1583 1046 156 30 student-

546 1095 172 37 bostäder,

592 1144 57 33 59)
679 1145 179 30 motionen
888 1145 45 30 II:
950 1146 63 30 513
1042 1155 56 20 om
1129 1145 227 31 överförande
1387 1156 42 20 av
1458 1146 71 30 viss
1558 1147 181 39 järnvägs-

547 1195 100 29 mark
672 1195 52 30 till
751 1195 423 31 lantbruksnämndernas
1199 1196 268 35 markreserver,

591 1245 58 33 60)
678 1245 179 30 motionen
886 1245 45 30 II:
948 1246 62 30 515
1038 1255 56 20 om
1123 1245 277 41 effektivisering
1428 1247 65 29 och
1522 1247 217 30 rationalise-

548 1294 75 41 ring
645 1305 43 20 av
709 1296 68 29 den
800 1295 139 40 statliga
960 1296 278 35 verksamheten,

593 1345 58 34 61)
680 1345 179 30 motionen
892 1346 127 30 II:569
1050 1355 56 21 om
1139 1346 210 41 förbättring
1380 1356 43 21 av
1455 1347 41 30 de
1529 1347 211 30 medelstora

547 1396 64 29 och
634 1395 137 31 mindre
795 1395 198 40 företagens
1017 1396 346 40 kreditmöjligheter,

591 1445 58 33 62)
678 1445 180 30 motionen
883 1446 46 29 II:
946 1446 62 31 575
1035 1456 56 20 om
1118 1447 92 30 vissa
1235 1448 128 40 avdrag
1390 1448 80 29 från
1496 1448 150 29 arvoden
1673 1448 65 30 och

546 1496 186 38 pensioner
756 1496 51 30 till
832 1498 279 38 reservpersonal
1136 1497 57 30 vid
1219 1497 250 40 krigsmakten,

591 1545 58 34 63)
678 1546 179 30 motionen
886 1547 45 29 II:
948 1547 61 30 587
1039 1556 57 20 om
1125 1547 261 40 utformningen
1416 1558 42 20 av
1486 1549 57 29 det
1571 1548 168 31 framtida

550 1596 543 40 studiefinansieringssystemet,

590 1645 58 34 64)
678 1646 179 30 motionen
881 1647 46 29 II:
943 1646 63 31 602
1032 1656 57 22 om
1114 1648 41 30 de
1182 1657 25 21 s.
1234 1649 32 29 k;
1292 1649 342 30 hemmadöttrarnas
1660 1658 79 31 pro-

546 1696 101 35 blem,

590 1746 57 33 65)
677 1746 178 31 motionen
878 1747 45 30 II:
940 1748 60 30 611
1025 1757 56 20 om
1104 1748 145 40 pension
1271 1749 50 30 till
1344 1749 93 30 vissa
1460 1750 278 40 reservtelegraf-

546 1797 228 39 expeditörer.

284 1879 200 30 Stockholm
508 1880 66 30 den
597 1880 41 31 24
661 1881 71 40 maj
762 1881 83 30 1963

723 1981 48 30 På
797 1981 279 32 statsutskottets
1100 1983 144 39 vägnar:

772 2064 142 31 ERNST
935 2066 40 29 V.
998 2065 200 31 STAXÄNG

496 2473 165 25 Stockholm
674 2474 76 25 1963.
769 2475 79 24 Isaac
860 2475 112 24 Marcus
984 2475 186 31 Boktryckeri
1182 2476 170 32 Aktiebolag
1375 2482 99 21 630719
