2222 2672
455 171 41 32 34
939 167 227 43 Lagutskottets
1188 164 159 35 utlåtande
1371 165 53 33 Nr
1446 166 51 32 25.

567 256 140 42 (Kungl.
731 255 121 42 Maj:ts
874 254 153 43 förslag.)

738 365 53 37 33
817 363 34 45 8.

487 451 185 37 Tillstånd
712 456 54 31 att
805 463 132 36 genom
979 450 92 35 riket
1106 448 78 36 föra

413 517 143 36 person,
586 517 75 22 som
704 516 43 23 av
780 516 44 23 en
856 500 228 37 främmande
1112 505 73 32 stat

412 558 58 35 till
490 569 121 23 annan
631 556 193 43 utlämnas,
840 557 58 32 må
918 567 42 22 av
977 552 205 48 Konungen

414 608 186 36 meddelas
650 607 117 35 under
816 605 268 48 förutsättning
1132 609 52 31 att

414 659 103 49 fråga
557 659 78 36 icke
676 667 39 27 är
754 672 58 22 om
854 657 130 36 svensk
1016 656 168 36 medbor-

413 724 96 35 gare.
592 710 285 46 Framställning
921 709 129 34 härom
1095 707 89 35 skall

414 769 106 41 göras
548 764 46 46 på
622 738 253 71 diplomatisk
901 766 66 42 väg,
997 759 68 35 och
1094 758 91 35 skall

414 793 60 56 vid
503 813 212 35 densamma
741 825 86 22 vara
854 810 109 49 fogad
995 810 189 47 handling,

415 863 196 37 utvisande
638 863 200 36 innehållet
866 875 44 22 av
937 862 159 35 beslutet
1123 874 61 22 an-

416 915 140 50 gående
579 916 266 47 utlämningen,
868 915 89 34 eller
984 913 66 36 ock
1070 912 114 36 hand-

1450 251 194 44 (Utskottets
1666 251 152 42 förslag.)

1576 360 51 37 28
1654 359 34 46 8.

1329 447 183 37 Tillstånd
1553 451 53 31 att
1645 458 132 35 genom
1821 446 93 35 riket
1940 444 81 37 föra

1254 512 142 37 person,
1438 512 77 23 som
1547 512 44 23 av
1622 511 45 23 en
1693 496 229 38 främmande
1951 502 71 31 stat

1253 553 58 35 till
1332 564 120 23 annan
1469 551 193 42 utlämnas,
1680 553 59 32 må
1754 563 43 22 av
1812 549 209 48 Konungen

1255 603 185 36 meddelas
1490 602 117 36 under
1655 600 270 47 förutsättning
1970 605 52 32 att

1254 656 103 48 fråga
1396 655 78 35 icke
1515 661 39 29 är
1594 666 59 24 om
1686 654 132 35 svensk
1851 652 170 36 medbor-

1254 720 96 34 gare.
1396 701 11 57 —
1422 706 286 44 Framställning
1757 705 127 34 härom
1929 705 92 34 skall

1255 764 105 42 göras
1389 759 45 46 på
1462 735 235 70 diplomatisk
1725 769 14 22 v
1725 762 79 40 väg,
1834 755 66 35 och
1929 755 93 35 skall

1255 788 61 57 vid
1344 808 211 36 densamma
1581 821 86 23 vara
1693 783 112 72 fogad
1831 806 189 47 handling,

1255 859 193 37 utvisande
1475 859 200 36 innehållet
1702 871 43 23 av
1773 858 158 35 beslutet
1959 870 63 22 an-

1253 911 140 49 gående
1423 911 265 47 utlämningen.
1715 910 88 35 eller
1822 910 66 35 ock
1908 908 114 36 hand-

414 969 89 47 ling,
533 980 77 22 som
651 968 11 33 i
699 968 20 34 8
748 965 22 45 $
799 965 114 36 första
940 966 140 47 stycket
1108 977 76 22 om-
1253 942 89 69 ling,
1385 976 77 22 som
1493 964 9 33 i
1532 948 81 57 883
1608 941 137 56 ”första
1773 961 145 48 stycket
1946 972 76 23 om-

415 1014 184 50 förmäles.
1254 992 183 58 förmäles.

1123 1143 49 36 IV
1202 1142 109 36 KAP.

986 1237 142 44 Övriga
1150 1242 303 33 bestämmelser.

730 1308 50 35 34
809 1305 32 46 8.
1582 1304 50 36 29
1658 1301 34 46 8.

493 1394 96 35 Utan
630 1393 131 35 hinder
801 1406 42 22 av
886 1392 66 36 vad
987 1404 93 23 ovan
1108 1399 33 27 är
1161 1391 23 34 i
1332 1390 96 35 Utan
1469 1389 129 35 hinder
1637 1402 43 21 av
1718 1388 69 35 vad
1819 1400 91 23 ovan
1944 1393 38 29 är
2014 1387 11 35 i

418 1446 119 35 denna
576 1446 60 46 lag
667 1444 145 48 stadgat
840 1446 68 40 må,
939 1443 108 35 såvitt
1074 1445 113 45 angår

417 1497 209 47 utlämning
658 1495 57 36 till
740 1494 184 36 Danmark
945 1495 88 34 eller
1052 1492 133 48 Norge,

418 1548 118 34 under
561 1546 267 47 förutsättning
847 1558 43 23 av
908 1544 277 48 ömsesidighet:

497 1600 31 33 1.
584 1598 209 45 utlämning
833 1596 189 48 medgivas
1050 1596 137 47 jämväl

418 1649 58 36 för
520 1649 111 43 brott,
678 1661 78 23 som
792 1648 149 47 jämlikt
982 1649 22 33 4
1045 1646 23 44 $&
1107 1647 80 35 icke

419 1696 117 53 skulle
568 1677 190 58 föranleda
785 1700 220 45 utlämning,
1034 1697 108 36 såvitt
1169 1701 19 31 å

418 1752 136 35 brottet
582 1751 115 48 enligt
724 1750 68 35 vad
820 1749 65 36 där
905 1756 82 42 sägs
997 1727 83 69 äng
1074 1749 113 46 gelse-

419 1801 107 37 straff
550 1803 70 34 kan
648 1783 106 65 följa;

495 1855 32 33 2.
582 1853 12 35 i
635 1852 175 36 samband
854 1851 81 36 med
976 1851 121 36 beslut
1126 1863 59 22 om

419 1905 210 47 utlämning
665 1903 57 36 för
749 1905 91 34 visst
867 1903 100 36 brott
995 1903 98 43 eller,
1124 1901 63 36 där

421 1936 210 67 utlämning
657 1955 57 35 för
742 1955 91 36 visst
860 1955 100 35 brott
986 1954 112 35 redan
1125 1953 61 35 be-

418 2008 136 46 viljats,
583 2007 12 34 i
606 1986 88 55 den
721 2006 56 35 uti
798 2006 52 35 32
870 2004 22 45 $
912 2005 176 47 stadgade
1107 2004 82 35 ord-

418 2059 93 45 ning
530 2058 140 35 lämnas
690 2056 242 48 medgivande
949 2060 50 31 att
1013 2054 176 38 bestraffa

420 2087 88 57 den
511 2108 210 36 utlämnade
737 2087 136 68 jämväl
893 2107 58 36 för
963 2112 110 30 annat
1088 2107 100 35 brott

420 2173 42 23 av
502 2158 250 37 beskaffenhet
784 2164 53 30 att
870 2159 209 46 utlämning
1106 2157 81 35 där-

421 2210 58 36 för
498 2211 78 34 icke
596 2211 142 35 kunnat
753 2209 149 47 jämlikt
922 2211 21 33 4
963 2207 22 45 $
1005 2216 68 41 äga
1093 2222 92 29 rum,

420 2261 120 36 därest
594 2261 131 35 hinder
767 2265 76 31 mot
884 2261 208 45 utlämning
1133 2258 56 36 för

1256 1441 119 36 denna
1405 1441 60 46 lag
1497 1440 142 47 stadgat
1672 1442 69 41 må,
1775 1440 110 34 såvitt
1913 1441 113 44 angår

1257 1469 210 70 utlämning
1493 1492 57 34 till
1577 1468 186 58 Danmark
1783 1491 90 34 eller
1892 1470 132 66 Norge,

1257 1543 117 36 under
1394 1523 266 66 förutsättning
1684 1555 42 22 av
1746 1514 278 77 ömsesidighet:

1335 1597 30 32 1.
1414 1593 209 47 utlämning
1636 1569 213 75 ”medgivas
1887 1571 139 68 jämväl

1257 1645 58 36 för
1333 1646 111 43 brott,
1465 1657 77 23 som
1557 1644 149 47 jämlikt
1725 1646 22 32 4
1764 1642 22 45 $
1806 1644 80 34 icke
1906 1643 119 35 skulle

1258 1696 188 36 föranleda
1474 1695 221 48 utlämning,
1725 1694 109 36 såvitt
1859 1697 18 32 å
1891 1693 136 35 brottet

1257 1748 115 47 enligt
1398 1746 69 37 vad
1487 1746 64 36 där
1571 1753 81 41 sägs
1671 1743 273 50 fängelsestraff
1955 1745 72 35 kan

1255 1798 111 47 följa
1352 1794 18 56 ;

1333 1852 32 33 2.
1407 1850 12 34 i
1448 1848 177 36 samband
1644 1848 84 35 med
1746 1848 123 34 beslut
1888 1860 59 22 om
1968 1851 58 30 ut-

1256 1901 167 47 lämning
1450 1899 57 37 för
1532 1899 91 36 visst
1641 1899 100 35 brott
1761 1900 98 42 eller,
1881 1897 66 36 där
1968 1903 58 30 ut-

1255 1953 166 46 lämning
1448 1951 57 36 för
1531 1951 92 36 visst
1650 1950 99 36 brott
1776 1949 115 36 redan
1909 1949 116 36 bevil-

1255 2004 85 45 jats,
1369 2005 12 33 i
1400 2003 71 35 den
1492 2002 55 35 uti
1566 2002 47 36 27
1633 2000 22 45 $
1675 2000 174 48 stadgade
1869 2000 160 47 ordning

1257 2055 140 35 lämnas
1425 2052 240 49 medgivande
1692 2056 53 32 att
1764 2049 175 38 bestraffa
1959 2050 69 36 den

1258 2105 213 35 utlämnade
1495 2105 135 46 jämväl
1658 2103 56 36 för
1737 2108 112 30 annat
1868 2103 99 35 brott
1987 2115 42 23 av

1258 2155 250 37 beskaffenhet
1552 2160 54 30 att
1650 2154 209 47 utlämning
1904 2152 125 37 därför

1257 2208 79 35 icke
1376 2208 142 34 kunnat
1553 2206 150 48 jämlikt
1735 2207 21 33 4
1785 2203 23 45 $
1836 2211 68 41 äga
1931 2217 95 30 rum,

1259 2259 122 35 därest
1410 2257 130 36 hinder
1567 2262 76 30 mot
1663 2256 209 47 utlämning
1891 2255 58 35 för
1967 2255 61 35 det
