2212 2638
400 219 111 31 Andra
536 217 210 31 Kammarens
770 213 176 41 Tillfälliga
975 210 136 34 Utskotts
1133 210 73 39 (N:o
1229 208 36 43 2)
1297 205 171 35 Utlåtande
1496 207 58 30 N:o
1584 206 44 29 13.
1757 203 18 29 3

228 299 129 37 vidare
401 304 74 42 vet,
518 302 54 32 att
613 296 111 37 dessa
766 293 163 49 afgifter,
960 290 192 38 användas
1180 288 60 37 för
1266 290 291 46 regementenas
1585 283 130 47 behof,
1744 282 75 37 kan

230 365 87 24 man
353 351 45 49 ju
440 354 20 34 å
488 362 70 24 ena
586 348 108 37 sidan
722 346 82 37 icke
832 345 157 37 förvåna
1018 343 59 49 sig
1105 342 107 37 öfver
1239 337 305 40 vederbörandes
1573 334 247 48 beredvillig-

229 404 65 38 het
335 408 56 33 att
430 401 191 50 tillstyrka
661 399 130 50 dylika
818 396 228 50 rättigheter
1071 392 147 52 jemväl
1245 390 236 39 beträffande
1509 386 312 48 utskänkningen

231 459 39 34 åt
310 455 273 44 allmänheten;
625 466 89 23 men
747 463 89 24 man
864 449 75 36 kan
968 451 20 34 å
1015 447 117 37 andra
1161 445 109 37 sidan
1297 443 84 37 icke
1410 441 106 49 värja
1544 440 62 50 sig
1633 440 86 36 från
1748 439 74 36 den

229 508 156 46 tanken,
415 512 56 32 att
499 507 276 36 kommunerna
802 514 90 25 vore
922 512 104 25 mera
1054 497 182 38 skickade
1265 500 54 33 att
1348 494 143 50 afgifva
1518 491 180 51 yttrande
1719 491 104 36 öfver

230 560 311 48 ansökningarna
569 562 47 32 än
644 553 283 40 vederbörande
956 548 361 52 regementschefer.

358 612 75 36 För
460 610 77 37 min
565 622 99 36 egen
692 607 62 37 del
786 606 68 36 har
879 606 71 49 jag
975 602 227 48 visserligen
1231 601 73 36 den
1333 599 161 49 åsigten,
1524 602 56 32 att
1608 596 66 37 det
1702 594 120 37 skulle

230 678 90 24 vara
344 664 79 37 lika
449 662 70 37 lätt
547 666 55 32 att
629 660 82 37 från
739 658 302 50 lägerplatserna
1068 654 180 48 borttaga
1276 650 312 49 utskänkningen
1617 648 42 37 af
1674 647 65 37 vin
1754 646 69 37 och

232 715 257 50 maltdrycker
518 727 79 24 som
626 712 65 37 det
718 724 68 24 var
814 715 56 32 att
897 709 176 48 borttaga
1110 702 538 48 brännvinsutskänkningen,
1669 712 88 24 men
1777 699 47 36 då

230 770 72 35 den
344 768 193 37 allmänna
568 764 209 48 meningen
805 762 83 37 icke
917 766 101 32 ännu
1044 759 108 37 torde
1181 770 92 24 vara
1302 769 139 36 mogen
1469 755 59 36 för
1556 767 48 23 en
1633 751 105 50 dylik
1767 753 55 34 åt-

231 821 106 50 gärd,
366 819 69 37 vill
457 820 71 48 jag
555 816 211 38 inskränka
794 814 80 48 mig
900 813 58 37 till
986 817 56 32 att
1061 810 141 38 föreslå
1230 809 141 36 sådana
1391 806 188 49 åtgärder,
1606 818 81 23 som
1707 803 117 37 redan

230 887 50 23 nu
321 872 109 37 torde
459 872 49 35 ha
536 884 47 23 en
613 868 105 37 stark
746 866 155 50 opinion
930 865 59 37 för
1017 863 72 49 sig,
1119 862 67 37 och
1216 860 131 37 hvilka
1375 859 131 37 kunna
1535 856 288 38 sammanfattas

231 926 12 36 i
284 924 72 38 den
384 923 269 50 grundsatsen,
684 925 56 32 att
767 920 120 48 ingen
916 917 179 36 kommun
1125 913 99 38 skall
1251 912 129 37 kunna
1407 910 205 51 påtvingas
1641 922 47 23 en
1715 908 105 48 krog.

359 1020 56 37 De
436 1022 127 34 senast
581 1016 167 38 nämnda
767 1013 280 38 motionärerna
1067 1010 132 37 anföra
1218 1022 80 24 som
1319 1007 82 38 skäl
1420 1006 58 37 för
1497 1006 59 36 sin
1575 1002 246 39 hemställan:

358 1072 76 36 Vid
466 1072 93 35 1897
591 1072 60 34 års
678 1067 159 49 riksdag
865 1061 156 41 väcktes
1045 1063 42 37 af
1102 1059 307 40 undertecknade
1420 1059 118 49 jemte
1552 1062 141 32 tvenne
1709 1055 115 37 andra

232 1126 41 37 af
309 1125 240 36 kammarens
575 1121 212 38 ledamöter
814 1131 48 24 en
889 1116 155 47 motion,
1073 1127 62 25 n:o
1166 1115 59 47 78,
1255 1126 60 23 om
1344 1116 55 33 ett
1425 1110 141 49 tillägg
1592 1108 59 38 till
1680 1107 73 50 $'9
1785 1106 42 36 af

232 1176 126 49 kongl.
389 1174 274 48 förordningen
691 1170 195 51 angående
915 1167 229 49 försäljning
1172 1165 41 37 af
1231 1165 65 37 vin
1324 1163 71 38 och
1424 1160 257 51 maltdrycker
1709 1174 47 22 m.
1774 1172 47 23 m.

233 1230 42 36 af
302 1229 74 37 den
405 1229 48 35 24
482 1226 160 37 oktober
677 1225 96 36 1885
803 1223 12 36 i
843 1222 64 36 det
936 1220 112 49 syfte,
1077 1223 56 32 att
1160 1216 264 47 utskänkning
1452 1214 42 38 af
1517 1214 68 36 vin
1613 1212 72 37 och
1713 1211 109 37 malt-

234 1281 161 49 drycker
436 1278 121 38 skulle
598 1276 65 38 vid
703 1274 251 49 lägerplatser
995 1271 90 37 eller
1126 1269 118 38 andra
1285 1266 417 51 vapenöfningsmöten
1734 1275 91 24 vara

233 1332 201 49 förbjuden
460 1329 119 38 under
607 1334 88 32 sön-
724 1327 68 36 och
821 1324 223 49 helgdagar.

362 1384 91 37 Som
482 1383 123 36 denna
633 1379 147 38 motion
804 1378 46 36 då
870 1390 103 24 vann
993 1375 127 36 Andra
1139 1374 250 36 Kammarens
1409 1369 119 47 bifall,
1549 1369 72 37 och
1640 1367 48 37 då
1708 1367 117 36 sedan

234 1437 86 37 dess
362 1438 42 34 så
444 1437 138 45 många
622 1432 112 49 intyg
767 1431 84 36 från
880 1427 123 38 skilda
1031 1431 101 32 orter
1161 1425 41 37 af
1224 1423 128 38 landet
1379 1422 162 37 kommit
1570 1433 66 24 oss
1664 1419 59 37 till
1750 1418 73 46 del,

234 1488 130 37 hvilka
383 1487 73 37 alla
471 1484 282 49 samstämmigt
768 1481 157 50 angifva
942 1480 45 36 de
1003 1483 102 33 stora
1121 1477 260 49 olägenheter,
1398 1475 111 37 dessa
1521 1470 303 48 utskänknings-

234 1540 136 37 ställen
399 1538 204 47 förorsaka,
633 1537 13 36 i
675 1534 208 51 synnerhet
912 1535 20 33 å
960 1536 87 32 sön-
1077 1530 71 37 och
1176 1529 223 48 helgdagar,
1434 1530 49 46 på
1509 1524 315 50 lägerplatserna,

235 1596 40 33 så
303 1595 97 46 våga
427 1591 38 36 vi
492 1593 49 46 på
568 1588 127 50 grund
723 1586 108 38 deraf
856 1589 98 32 samt
993 1583 36 36 af
1056 1582 45 37 de
1131 1581 96 48 skäl,
1256 1594 80 23 som
1364 1579 12 36 i
1406 1577 248 39 förenämnda
1683 1574 142 38 motion

235 1649 62 31 äro
327 1643 207 49 andragna,
565 1639 154 38 härmed
748 1642 19 33 å
795 1650 76 36 nyo
901 1635 192 37 vördsamt
1119 1633 138 37 föreslå
1285 1655 49 4 —
1361 1654 50 4 —
1439 1653 60 13 —

364 1831 199 38 Utskottet
591 1829 69 36 har
688 1829 70 35 fått
787 1827 60 49 sig
876 1823 220 39 meddelade
1122 1822 192 47 åtskilliga
1334 1818 240 48 handlingar,
1596 1815 156 38 afsedda
1773 1819 54 31 att

237 1884 131 50 styrka
406 1881 290 49 befintligheten
732 1880 40 36 af
797 1879 45 36 de
871 1878 12 36 i
912 1876 237 37 motionerna
1179 1872 230 38 omnämnda
1438 1867 387 40 missförhållandena.

366 2063 87 37 Med
495 2061 244 38 erkännande
768 2061 40 35 af
832 2060 73 36 den
934 2055 338 49 behjertansvärda
1299 2053 167 46 afsigten
1495 2050 82 37 med
1607 2050 87 35 herr
1723 2048 104 47 Styr-

238 2116 149 36 landers
431 2114 153 45 motion,
627 2120 79 28 tror
747 2111 96 37 dock
885 2109 186 37 utskottet
1112 2106 47 47 ej,
1186 2111 55 30 att
1269 2105 45 36 de
1343 2104 41 35 af
1409 2102 235 37 motionären
1673 2099 155 36 anförda

238 2166 287 38 förhållandena
565 2165 91 36 böra
699 2163 152 46 betinga
893 2175 47 22 en
983 2159 114 36 sådan
1135 2157 161 47 ändring
1324 2156 11 35 i
1363 2153 177 49 gällande
1569 2150 258 50 lagstiftning,

239 2233 79 23 som
349 2218 236 36 motionären
611 2215 152 49 åsyftar.
808 2214 57 35 En
891 2211 232 47 naturligare
1144 2209 242 47 konseqvens
1404 2207 45 49 af
1465 2206 63 35 det
1547 2207 280 41 resonnement,

238 2270 181 36 hvarmed
450 2268 230 37 motionären
710 2266 144 36 inleder
883 2265 54 35 sin
969 2260 293 48 framställning,
1292 2259 96 36 hade
1410 2257 96 37 varit
1526 2261 54 31 ett
1601 2254 147 48 förslag
1768 2267 59 22 om

237 2321 282 48 inskränkning
559 2319 119 37 under
707 2323 85 31 sön-
822 2317 69 37 och
921 2314 211 49 helgdagar
1161 2313 40 35 af
1227 2308 72 40 den
1328 2308 288 50 ifrågavarande
1646 2305 182 37 utskänk-
