2184 2667
641 206 360 42 Bevillningsutskottets
1025 207 207 32 Betänkande
1256 209 60 31 N:o
1343 210 48 31 11.
1755 215 19 30 3

219 296 88 24 vore
329 284 73 36 ock
421 285 260 37 förhållandet
699 288 88 34 med
807 288 197 47 åtskilliga
1024 288 64 36 vid
1109 289 287 37 fabrikationen
1410 292 143 47 nödiga
1567 294 249 47 materialier,

217 339 124 34 såsom
370 338 231 47 exempelvis
631 339 173 48 åtskillig
832 340 59 36 för
919 340 135 47 själfva
1082 354 120 23 varan
1231 342 226 49 erforderlig
1486 345 91 46 duk,
1608 358 92 35 som,
1726 353 93 30 enär

217 390 299 47 appreteringen
565 391 85 35 icke
691 392 130 35 kunde
862 393 72 35 här
973 393 240 46 verkställas,
1264 398 121 33 måste
1427 396 265 38 införskrifvas
1733 400 84 36 från

216 442 190 35 utlandet.
463 443 128 35 Under
632 444 142 35 sådana
814 444 267 37 förhållanden
1109 458 91 23 vore
1229 447 65 35 det
1321 448 156 47 tydligt,
1508 452 59 32 att
1596 451 221 37 omkostna-

217 494 119 35 derna
377 494 60 35 för
477 495 74 35 den
579 495 201 36 inhemska
808 496 216 37 industrien
1053 498 122 35 skulle
1204 498 112 36 ställa
1346 500 56 46 sig
1431 500 101 47 höga
1563 502 71 35 och
1663 506 60 33 att
1751 504 66 36 det

219 545 61 35 för
306 546 221 36 densamma
555 560 92 23 vore
677 550 105 34 svårt
810 552 60 32 att
898 549 93 36 täfla
1019 550 87 35 med
1135 550 189 37 utlandet.

345 599 244 36 Beträffande
630 601 57 34 in-
731 601 72 35 och
843 601 188 36 utförseln
1065 602 42 35 af
1131 603 257 47 smärgelduk,
1418 605 165 46 glasduk
1612 607 72 35 och
1711 607 104 37 flint-

216 650 81 35 duk
324 650 81 36 före
435 654 42 32 år
508 654 109 43 1903,
646 652 133 36 kunna
807 656 122 44 några
958 654 126 35 siffror
1111 655 86 35 icke
1226 656 215 47 uppgifvas,
1472 663 91 30 enär
1576 659 106 36 dessa
1702 672 114 24 varor

216 703 138 35 dittills
383 703 86 36 icke
497 704 103 35 varit
628 705 184 36 särskildt
840 706 280 46 specificerade.
1167 708 145 35 Värdet
1340 708 41 35 af
1403 709 57 35 in-
1482 710 71 35 och
1573 711 186 37 utförseln
1779 713 41 35 af

215 756 168 35 nämnda
411 768 115 23 varor
554 759 43 32 år
628 759 96 33 1903
754 758 180 47 utgjorde
964 759 122 46 enligt
1115 760 74 34 den
1218 760 176 36 officiella
1419 762 223 37 statistiken
1660 765 154 46 respek-

215 807 79 35 tive
338 810 136 43 26,712
518 808 146 36 kronor
706 810 72 35 och
823 813 108 42 1,733
963 811 154 36 kronor.
1173 812 313 48 Tillverkningen
1513 815 105 35 inom
1646 816 103 36 riket
1778 817 42 35 af

216 871 144 24 samma
380 872 114 23 varor
513 860 88 47 kan,
619 864 125 33 såsom
760 862 31 46 ej
809 862 13 35 i
836 862 372 37 fabriksstatistiken
1224 864 256 47 specificerad,
1497 866 85 36 icke
1598 868 214 47 uppgifvas.

345 964 460 47 Smärgelfabrikationen
845 967 83 45 har,
971 972 124 31 såsom
1150 968 41 35 af
1240 969 65 35 det
1342 970 118 34 redan
1502 970 159 37 anförda
1702 973 111 35 torde

215 1015 160 47 framgå,
404 1016 86 36 icke
519 1029 82 23 mer
629 1023 48 30 än
706 1021 58 33 ett
791 1018 96 36 fåtal
915 1023 43 32 år
981 1041 52 3 —
1051 1020 122 46 enligt
1192 1020 102 36 hvad
1314 1033 80 23 som
1413 1022 201 47 uppgifves
1634 1024 179 47 omkring

220 1070 43 33 10
294 1071 43 32 år
362 1089 52 4 —
441 1068 249 37 förekommit
724 1071 14 34 i
766 1070 152 47 Sverige
949 1072 73 35 och
1049 1072 103 35 lärer
1178 1072 238 37 fortfarande
1444 1074 13 35 i
1485 1077 129 44 någon
1642 1077 171 47 egentlig

216 1120 235 47 omfattning
478 1121 86 35 icke
592 1122 170 46 försiggå
790 1123 65 35 vid
882 1135 82 23 mer
993 1129 49 30 än
1070 1136 47 23 en
1144 1124 139 36 fabrik.
1339 1126 80 34 Den
1447 1126 264 49 tillverkning,
1732 1141 81 23 som

214 1172 189 36 bedrifves
436 1173 65 35 vid
528 1173 293 47 ifrågavarande
850 1175 139 46 fabrik,
1020 1176 184 36 omfattar
1227 1176 121 47 jämte
1377 1177 125 47 polér-
1531 1179 72 35 och
1631 1181 181 46 smärgel-

213 1236 148 35 papper
401 1224 324 49 hufvudsakligen
766 1227 256 46 smärgelduk.
1078 1229 76 34 För
1193 1228 288 38 framställande
1511 1230 41 36 af
1575 1232 124 36 denna
1727 1233 85 35 sist-

212 1277 168 35 nämnda
408 1289 93 23 vara
530 1279 195 35 användas
743 1282 50 44 på
814 1292 69 23 ena
904 1280 109 35 sidan
1033 1282 252 45 appreterade
1305 1281 184 37 väfnader
1509 1282 41 36 af
1566 1283 104 36 olika
1688 1285 124 36 kvali-

212 1330 94 45 téer,
336 1329 79 35 dels
442 1330 174 46 kyprade
645 1331 141 36 sådana
816 1332 72 35 och
915 1332 79 36 dels
1022 1332 131 47 vanlig
1181 1333 266 36 domestikväf.
1490 1335 104 35 Enär
1612 1336 200 37 inhemska

212 1381 189 35 väfverier
441 1382 86 35 icke
557 1385 115 44 åtaga
701 1384 57 46 sig
787 1385 257 46 appretering,
1075 1388 57 32 ett
1160 1385 250 46 förhållande,
1440 1398 81 24 som
1548 1388 198 46 bestyrkes
1775 1389 41 35 af

212 1433 199 47 uppgifter
443 1434 86 35 från
562 1435 197 47 åtskilliga
788 1436 130 46 dylika
946 1437 200 45 väfverier,
1174 1440 122 33 måste
1325 1438 112 35 alltså
1464 1439 181 36 behofvet
1674 1441 41 35 af
1738 1442 74 35 den

214 1485 251 36 omförmälda
492 1499 121 23 varan
639 1487 264 37 införskrifvas
930 1489 85 35 från
1042 1489 188 35 utlandet.

344 1537 130 36 Såsom
501 1538 13 35 1
542 1539 199 36 motionen
768 1541 213 45 uppgifves,
1011 1541 284 36 tullbehandlas
1324 1542 106 35 dessa
1458 1545 252 44 appreterade
1730 1545 80 35 väf-

213 1589 120 35 nader
360 1592 123 33 såsom
511 1590 195 47 väfnader,
734 1592 194 46 bomulls-,
957 1593 133 35 blekta
1119 1593 92 35 eller
1238 1593 156 47 färgade
1425 1594 71 36 och
1516 1595 119 47 draga
1654 1595 157 47 följakt-

214 1641 104 46 ligen
346 1653 47 23 en
420 1642 75 35 tull
516 1642 40 35 af
574 1645 45 33 90
642 1647 63 31 öre
726 1643 60 36 för
803 1644 204 47 kilogram.
1051 1645 53 35 De
1125 1645 103 35 olika
1247 1645 241 36 kvalitéerna
1507 1647 161 47 variera,
1690 1648 121 47 enligt

213 1692 166 47 uppgift,
410 1693 13 35 i
450 1694 79 46 pris
556 1695 142 35 mellan
730 1698 16 32 1
777 1696 123 36 krona
929 1700 49 32 44
1007 1701 65 31 öre
1101 1697 72 35 och
1202 1700 19 32 2
1251 1697 157 46 kronor,
1434 1698 58 35 för
1510 1699 194 47 kilogram
1722 1701 88 35 räk-

213 1745 106 35 nadt.
375 1746 110 34 Hvad
513 1749 121 44 angår
662 1748 73 34 den
763 1748 42 35 af
829 1748 251 36 omförmälda
1103 1749 184 36 väfnader
1305 1750 166 35 beredda
1490 1763 119 23 varan
1629 1753 181 46 smärgel-

214 1797 91 45 duk,
339 1797 139 46 drager
506 1799 135 45 denna,
671 1802 124 32 såsom
822 1801 119 35 redan
968 1801 128 35 blifvit
1128 1802 173 45 nämndt,
1331 1814 46 23 en
1405 1803 74 34 tull
1507 1802 41 36 af
1575 1806 43 33 10
1648 1809 161 41 procent

214 1848 41 36 af
278 1849 146 35 värdet.

342 1901 52 35 Af
430 1902 102 35 hvad
571 1902 159 36 sålunda
771 1903 128 36 blifvit
941 1904 155 36 anfördt
1132 1905 101 35 lärer
1260 1905 159 47 framgå,
1449 1909 60 33 att
1536 1907 122 36 tullen
1687 1911 21 32 å
1736 1910 73 34 den

215 1952 150 47 färdiga
403 1954 128 35 duken
566 1960 43 29 är
639 1955 210 47 väsentligt
876 1956 106 47 lägre
1012 1962 47 30 än
1087 1957 122 36 tullen
1237 1957 59 36 för
1324 1958 65 35 det
1415 1959 189 45 material,
1634 1972 81 23 som
1744 1974 65 22 an-

215 2005 141 35 vändes
383 2005 60 36 för
475 2006 147 36 dukens
649 2008 227 36 beredande.
918 2009 116 35 Detta
1054 2008 239 37 förhållande
1308 2010 161 36 innebär
1484 2023 45 23 en
1546 2012 263 48 oegentlighet

216 2057 72 35 och
316 2058 177 46 påkallar
519 2059 169 36 rättelse.

345 2111 108 34 Hvad
481 2123 53 23 nu
561 2111 185 36 beträffar
774 2113 45 35 de
849 2114 191 45 åtgärder,
1071 2125 80 24 som
1178 2114 94 35 böra
1290 2115 177 46 vidtagas
1486 2115 62 35 till
1562 2115 246 48 afhjälpande

215 2160 42 35 af
293 2162 65 35 det
401 2163 205 36 anmärkta
646 2164 362 47 missförhållandet,
1050 2165 113 36 hafva
1196 2166 286 36 motionärerna
1510 2167 208 48 föreslagit,
1749 2172 59 33 att

216 2214 186 46 antingen
430 2215 123 35 tullen
582 2218 22 32 å
630 2216 195 45 väfnader,
856 2217 153 36 afsedda
1037 2217 59 36 för
1124 2218 414 47 smärgelfabrikation,
1567 2223 122 33 måtte
1717 2221 92 36 ned-

216 2268 121 33 sättas
378 2266 62 35 till
483 2269 45 33 25
573 2271 63 32 öre
668 2268 60 35 för
754 2269 193 46 kilogram
976 2270 92 35 eller
1097 2270 73 36 ock
1198 2270 246 47 smärgelduk
1473 2274 143 33 åsättas
1644 2285 46 23 en
1718 2273 91 35 tull-

215 2320 76 33 sats
320 2318 41 35 af
386 2321 45 33 30
462 2323 64 31 öre
555 2319 59 36 för
640 2320 203 47 kilogram.
