2214 2626
426 143 18 30 8
857 140 115 30 Andra
996 138 211 42 lagutskottets
1231 137 162 30 utlåtande
1415 136 54 31 Nr
1491 137 50 29 41.

382 232 201 34 undvikas.
638 230 76 34 För
742 229 64 34 det
832 228 121 34 första
981 229 98 33 talas
1106 227 191 42 nämligen
1326 236 59 23 om
1414 224 109 44 varje
1552 224 201 44 olägenhet
1781 224 123 34 såsom
1933 223 76 34 för-

384 281 213 37 hindrande
625 291 46 23 en
700 279 211 43 avlösning,
941 279 123 34 under
1094 277 63 34 det
1188 279 58 32 att
1273 276 176 44 gällande
1477 276 63 43 lag
1567 275 134 33 liksom
1730 275 63 33 det
1820 274 59 34 för
1905 274 105 34 kom-

384 331 201 35 mitterade
626 330 97 35 först
758 328 215 44 framlagda
1009 328 181 42 förslaget
1232 328 167 39 betonar,
1430 328 57 31 att
1515 325 248 44 olägenheten
1792 325 95 34 skall
1915 336 93 22 vara

383 382 230 34 åtminstone
642 380 198 35 avsevärd.
894 379 141 34 Vidare
1064 378 106 43 inger
1202 377 189 43 uttrycket
1419 376 169 43 «intrång
1607 376 89 33 eller
1724 375 201 43 olägenhet
1952 374 59 34 för

384 432 269 43 skogsskötsel»
696 429 190 44 farhågor,
929 428 118 35 såvitt
1086 427 67 44 jag
1192 427 150 42 förstår,
1384 426 59 34 för
1484 429 57 31 att
1573 426 111 43 lagen
1717 425 294 43 mångenstädes

382 483 96 34 skall
506 482 102 34 bliva
636 481 154 34 alldeles
819 479 236 43 otillämplig.
1110 478 54 33 De
1193 477 107 34 flesta
1328 477 220 43 lägenheter
1575 476 80 34 lära
1682 476 63 34 väl
1773 475 151 34 befinna
1953 475 59 43 sig

383 534 102 33 inom
527 533 89 33 eller
656 533 11 32 i
709 531 181 34 närheten
933 541 48 23 av
1022 528 125 44 någon
1189 528 103 43 skog.
1346 528 76 34 För
1449 527 85 41 den,
1564 538 79 22 som
1672 527 111 42 länge
1811 525 200 44 deltagit
1991 521 25 55 i

384 583 322 44 riksdagsarbetet
734 581 69 35 och
831 581 68 34 där
918 581 140 42 sysslat
1078 578 183 44 åtskilligt
1280 578 84 34 med
1383 576 228 44 jordfrågor,
1632 580 42 31 är
1693 576 64 34 det
1776 576 62 34 väl
1857 576 152 41 bekant,

385 637 57 31 att
482 633 224 44 ifrågasatta
749 631 269 43 utbrytningar
1045 641 48 22 av
1120 629 308 43 jordlägenheter
1455 628 12 33 i
1495 628 208 33 allmänhet
1730 628 130 42 plägat
1888 629 124 32 mötas

385 685 84 33 med
500 684 46 33 de
562 678 357 47 invändningarna,
950 683 57 32 att
1035 679 143 35 sådana
1206 679 218 43 lägenheter
1443 681 65 31 äro
1529 678 284 43 oundgängliga
1832 677 58 34 för
1908 677 105 42 jord-

387 738 152 40 ägaren,
569 745 80 22 som
678 733 70 33 har
776 733 89 33 eller
892 732 74 33 kan
995 730 40 34 få
1063 731 121 33 behov
1213 741 48 22 av
1294 732 56 31 att
1378 728 69 34 där
1474 729 149 33 bosätta
1651 739 45 22 en
1727 727 286 43 skogsarbetare

385 785 90 33 eller
516 795 45 23 en
603 783 262 44 skogvaktare,
907 784 181 31 ävensom
1129 783 56 31 att
1226 780 105 43 dylik
1371 778 233 44 avsöndring
1632 777 107 35 alltid
1768 780 41 31 är
1836 777 178 43 vansklig

385 838 97 31 även
523 846 45 22 ur
608 835 73 33 den
724 832 254 44 synpunkten,
1021 834 56 31 att
1116 830 49 44 på
1197 830 226 43 lägenheten
1451 829 138 42 kunde,
1619 832 69 31 när
1714 827 231 44 jordägarne
1975 827 33 42 ej

385 886 131 42 längre
557 885 98 33 hade
695 883 126 43 någon
862 882 163 35 kontroll
1055 884 89 31 över
1171 881 231 39 densamma,
1433 880 150 33 komma
1610 879 125 43 någon
1764 877 136 43 familj,
1931 888 78 23 som

385 935 50 44 på
463 935 158 43 olovligt
649 935 90 33 eller
766 933 190 34 vårdslöst
983 935 77 31 sätt
1086 931 59 34 for
1172 931 65 34 illa
1265 931 84 33 med
1378 931 73 33 den
1481 930 226 43 omgivande
1736 929 151 42 skogen.
1930 928 82 33 Den

386 997 49 23 av
463 985 295 34 kommissionen
788 984 160 34 sålunda
975 983 216 42 föreslagna
1218 981 229 34 förändrade
1475 980 169 42 lydelsen
1673 991 48 22 av
1745 979 176 43 gällande
1950 979 64 42 lag

388 1037 150 33 lämnar
564 1035 82 43 just
673 1046 135 32 genom
837 1034 57 34 sin
924 1032 261 44 specifikation
1214 1032 70 33 och
1312 1033 115 32 sättet
1446 1030 59 34 för
1523 1029 295 43 formuleringen
1839 1029 83 33 fritt
1941 1028 72 34 fält

386 1087 60 34 för
490 1086 416 43 förrättningsmännen
952 1086 57 31 att
1054 1083 119 33 under
1216 1081 250 43 jordägarnes
1511 1080 255 43 påtryckning
1806 1079 134 34 avvisa
1968 1089 46 23 en

387 1137 227 43 myckenhet
646 1135 267 42 ansökningar.
969 1133 229 44 Därigenom
1227 1132 120 34 skulle
1373 1131 229 43 jordägaren
1635 1131 194 33 dessutom
1856 1129 159 34 beredas

388 1186 200 35 förmånen
633 1189 57 31 att
735 1185 64 33 vid
846 1184 273 44 uppgörelsens
1156 1184 75 33 slut
1272 1183 192 41 tilltvinga
1497 1181 58 43 sig
1581 1181 272 43 byggnaderna
1880 1179 59 34 för
1968 1191 46 22 en

389 1238 111 42 ringa
527 1236 224 43 betalning.»

524 1287 140 33 Vidare
692 1287 71 33 har
790 1285 161 34 anförts:

525 1336 406 35 »Jordkommissionen
948 1335 70 34 har
1037 1334 171 34 uteslutit
1227 1333 301 41 bestämmelsen,
1549 1334 56 32 att
1625 1331 248 43 olägenheten
1895 1330 120 34 måste

388 1399 93 23 vara
510 1386 232 42 »avsevärd»,
772 1385 49 44 på
849 1396 145 23 samma
1023 1384 101 44 gång
1151 1384 94 33 dock
1276 1382 383 44 jordkommissionen
1679 1382 12 33 i
1711 1382 57 33 sin
1789 1381 229 42 motivering

393 1439 122 43 (prop.
558 1438 69 33 sid.
670 1437 47 33 34
759 1436 68 33 rad
871 1436 44 33 10
957 1430 217 46 ovanifrån)
1204 1433 186 41 anmärkt,
1420 1435 57 31 att
1505 1432 248 43 olägenheten
1782 1431 113 34 borde
1923 1441 95 23 vara

388 1488 199 34 avsevärd.
641 1486 134 43 Någon
816 1485 215 34 diskussion
1073 1495 60 23 om
1175 1484 124 33 denna
1336 1482 224 43 förändring
1587 1482 24 36 i.
1627 1482 67 34 sak
1735 1482 69 33 har
1844 1481 80 34 icke
1953 1483 66 40 ägt

391 1550 82 23 rum
502 1538 69 33 hos
599 1536 294 35 kommissionen
921 1538 95 31 trots
1045 1534 168 43 yrkande
1242 1545 60 22 om
1330 1533 233 43 förändring,
1594 1532 123 34 såsom
1747 1532 62 33 det
1836 1531 184 34 förefallit

390 1590 70 33 och
502 1591 96 31 även
641 1587 213 43 medgivits,
883 1585 49 44 på
961 1585 123 44 grund
1113 1596 48 22 av
1189 1585 73 33 den
1291 1587 102 31 stora
1420 1583 201 34 brådskan.
1675 1583 87 43 Men
1792 1582 80 34 icke
1901 1582 119 33 heller

391 1638 174 44 lagrådet
593 1638 90 33 eller
708 1636 349 44 justitieministern
1086 1635 68 33 har
1182 1635 146 33 kunnat
1356 1633 141 35 förmås
1526 1636 99 40 ägna
1652 1632 125 44 någon
1812 1631 206 44 uppmärk-

390 1690 148 34 samhet
566 1688 39 34 åt
632 1688 126 34 denna
786 1687 141 34 olikhet
954 1686 140 34 mellan
1139 1685 94 34 1918
1264 1685 68 33 och
1364 1684 94 34 1919
1488 1684 60 34 års
1577 1684 142 42 förslag
1746 1686 93 31 trots
1868 1682 150 43 utryck-

393 1740 54 43 lig
473 1739 234 34 reservation
735 1738 57 34 till
833 1736 315 35 kommissionens
1176 1734 250 35 betänkande.
1481 1734 89 34 Man
1598 1733 60 34 får
1685 1734 63 33 väl
1778 1732 144 35 således
1952 1743 66 22 an-

393 1794 101 39 taga,
538 1792 55 31 att
633 1788 230 34 åtminstone
904 1787 85 34 från
1031 1785 190 44 lagrådets
1254 1785 69 34 och
1351 1785 242 43 regeringens
1621 1784 83 34 sida
1732 1783 203 43 meningen
1964 1785 82 37 är,
2023 1779 27 58 .

391 1843 57 31 att
474 1839 269 43 borttagandet
783 1849 48 23 av
857 1837 250 43 jordägarens
1140 1836 284 34 företrädesrätt
1452 1835 58 34 till
1538 1835 103 33 lösen
1671 1845 47 22 av
1746 1833 273 43 byggnaderna

392 1891 96 33 skall
517 1889 235 34 ekvivaleras
781 1899 134 33 genom
944 1899 46 22 en
1031 1887 141 43 vidgad
1200 1886 248 43 lösningsrätt
1475 1885 60 34 för
1560 1884 229 43 jordägaren
1818 1883 49 43 på
1894 1883 124 43 grund

392 1952 48 22 av
481 1940 201 43 olägenhet
714 1950 134 32 genom
877 1939 158 33 inlösen.
1089 1937 264 43 Lösningsrätt
1382 1935 58 34 för
1467 1935 228 43 byggnaden
1724 1934 120 34 skulle
1872 1933 147 34 således

393 1990 164 34 erhållas
597 1990 64 34 vid
703 1990 127 33 vilken
864 1988 201 44 olägenhet
1097 1998 79 23 som
1205 1987 108 34 helst.
1367 1986 58 34 Då
1453 1996 89 23 man
1570 1988 74 39 vet,
1674 1985 72 33 hur
1773 1984 108 43 ringa
1908 1983 111 42 infly-

396 2042 115 33 tande
539 2041 64 33 vid
633 2039 145 35 sådana
806 2039 185 34 ärendens
1032 2037 217 45 avgörande
1278 2038 72 33 den
1380 2047 159 32 svagare
1567 2035 367 44 lägenhetshavaren
1964 2033 56 34 of-

392 2095 77 30 tast
510 2092 69 32 har
618 2093 90 41 gent
749 2093 101 31 emot
890 2090 72 33 den
1005 2088 207 43 mäktigare
1241 2087 227 43 jordägaren
1502 2086 70 34 och
1600 2086 142 33 dennes
1770 2083 247 45 påståenden,

393 2144 98 32 samt
521 2142 84 33 med
633 2140 215 34 kännedom
876 2140 122 34 tillika
1028 2150 60 23 om
1116 2138 285 43 benägenheten
1430 2139 57 33 att
1514 2136 103 35 tolka
1632 2135 273 43 författningar
1924 2134 97 34 efter

395 2192 222 41 bokstaven,
647 2190 120 35 måste
796 2202 134 32 genom
959 2201 45 22 en
1034 2189 119 34 sådan
1182 2187 233 44 sakändring
1442 2187 80 33 icke
1555 2187 96 33 blott
1679 2187 12 32 i
1719 2197 45 22 en
1794 2184 227 44 myckenhet
