1874 2846
266 141 19 29 6
736 143 231 27 Statsutskottets
991 142 144 28 utläatande
1158 142 48 28 Nr
1232 143 66 27 1171.

268 220 126 42 förslag
418 220 63 32 och
503 220 175 41 samtidigt
699 220 148 40 frångått
870 219 55 31 sin
946 238 41 4 —
1009 219 11 30 i
1043 217 174 32 utlåtande
1241 219 79 30 över
1342 217 212 32 sistnämnda
1576 217 129 43 förslag
1725 237 42 3 —

267 262 138 41 intagna
427 262 218 42 ståndpunkt,
669 265 50 29 att
740 263 57 31 det
819 263 10 30 i
853 263 77 31 stad
953 263 75 31 med
1051 265 48 29 ett
1121 263 234 31 invånarantal
1378 274 41 20 av
1442 262 123 32 mellan
1587 262 94 37 5,000
1704 262 62 31 och

269 304 109 38 10,000
404 304 110 32 skulle
538 305 177 31 ankomma
739 307 43 39 på
805 305 127 41 Kungl.
959 305 99 41 Maj:t
1083 307 49 29 att
1158 307 131 39 avgöra,
1315 305 169 32 huruvida
1510 305 120 31 staden
1656 304 109 46 skulle

266 346 84 31 hava
372 358 85 30 egen
478 347 240 41 tjänsteläkare
741 347 81 32 eller
843 347 179 32 införlivas
1044 347 76 32 med
1142 347 430 41 provinsialläkardistrikt.
1607 347 69 31 För
1696 357 69 20 min

267 388 52 31 del
346 388 63 33 kan
438 389 57 41 jag
519 391 41 39 på
587 389 111 32 denna
723 390 107 40 punkt
855 389 135 32 biträda
1016 390 64 31 den
1106 389 98 38 åsikt,
1232 401 73 20 som
1330 390 142 41 intagits
1499 401 40 19 av
1565 389 200 32 stadsläkar-

266 430 212 42 sakkunniga
495 431 61 31 och
573 443 45 19 nu
638 434 116 29 senast
771 443 40 19 av
829 431 360 41 medicinalstyrelsen.
1219 431 66 41 Jag
1302 443 100 20 anser
1420 432 142 37 således,
1582 433 50 30 att
1650 431 115 41 regeln

265 472 61 30 bör
346 484 80 20 vara
448 473 73 37 den,
543 475 48 29 att
611 473 561 42 provinsialläkarorganisationen
1195 473 86 32 skall
1303 474 142 31 omfatta
1467 474 65 31 alla
1553 474 115 31 städer
1689 473 76 32 med

266 525 38 20 en
330 515 198 41 folkmängd
551 515 265 41 understigande
841 516 94 37 5,000
959 516 168 37 invånare,
1153 516 121 31 medan
1298 516 117 41 övriga
1440 516 113 31 städer
1577 516 83 31 böra
1685 516 80 31 falla

267 557 136 31 utanför
424 557 110 31 denna
554 558 240 41 organisation.
826 557 127 41 Kungl.
976 558 100 40 Maj:t
1095 558 98 31 torde
1215 558 84 31 dock
1319 558 83 31 böra
1424 560 61 39 äga
1506 558 180 41 möjlighet
1707 559 57 36 att,

266 598 57 31 där
347 599 336 42 omständigheterna
708 600 112 31 därtill
844 600 185 36 föranleda,
1054 601 80 39 göra
1157 600 173 41 undantag
1353 600 75 31 från
1453 600 102 41 sagda
1578 600 101 40 regel.

316 641 223 31 Beträffande
582 641 240 42 köpingar
866 642 84 31 och
994 642 552 41 municipalsamhällen
1592 642 172 41 föreslogo

266 683 410 41 stadsläkarsakkunniga,
702 686 49 29 att
774 684 100 31 dessa
898 684 186 31 samhällen
1109 684 191 32 oberoende
1325 696 39 20 av
1389 685 242 40 folkmängden
1655 684 109 32 skulle

266 724 77 42 ingå
370 726 12 29 i
409 725 465 41 provinsialläkardistrikten
901 727 64 31 och
991 728 49 30 att
1066 727 101 31 alltså
1192 726 156 42 köpings-
1375 727 64 31 och
1466 727 298 41 municipalläkarc

264 767 71 31 icke
355 767 118 31 vidare
495 767 106 32 skulle
624 768 123 31 finnas.
779 769 18 30 I
819 770 143 29 motsats
983 769 114 31 härtill
1118 771 98 38 utgår
1237 780 45 20 nu
1303 769 353 40 medicinalstyrelsen
1677 768 87 42 prin-

264 808 129 42 cipiellt
419 810 74 30 från
516 812 48 29 att
586 810 167 41 köpingar
777 811 61 30 och
862 811 374 40 municipalsamhällen
1259 811 77 31 med
1360 810 105 32 minst
1488 812 92 37 5,000
1603 811 161 31 invånare

265 851 108 31 skulle
401 851 123 32 liksom
551 852 114 31 städer
693 853 76 30 med
796 853 237 31 motsvarande
1061 853 197 41 folkmängd
1285 853 86 31 hava
1400 864 85 30 egna
1511 853 251 40 tjänsteläkare.

263 893 249 32 Erfarenheten
535 894 96 31 torde
655 894 190 32 emellertid
867 895 87 31 hava
978 895 83 40 givit
1084 895 57 31 vid
1165 895 143 38 handen,
1333 897 50 29 att
1407 897 84 29 även
1514 895 250 41 jämförelsevis

265 938 90 28 stora
382 936 166 41 köpingar
574 936 62 31 och
664 936 374 41 municipalsamhällen
1065 939 80 29 utan
1174 937 180 41 olägenhet
1381 938 114 30 kunna
1522 937 151 32 undvara
1700 939 64 30 sär-

264 977 88 31 skild
377 978 249 40 tjänsteläkare.
664 978 66 41 Jag
754 978 201 32 förutsätter
980 979 121 36 därför,
1127 981 50 29 att
1202 979 157 41 samtliga
1382 979 166 41 köpingar
1572 979 63 31 och
1660 979 103 32 muni-

265 1020 277 41 cipalsamhällen
564 1020 96 31 skola
683 1020 80 41 ingå
784 1020 11 30 i
819 1020 570 42 provinsialläkarorganisationen.

313 1062 52 30 Av
390 1061 59 32 det
473 1062 141 31 anförda
639 1062 155 41 framgår,
820 1064 50 29 att
895 1073 42 20 en
962 1062 164 41 utökning
1151 1074 42 19 av
1217 1063 126 31 antalet
1369 1063 170 31 ordinarie
1565 1064 198 40 provinsial-

264 1103 240 41 läkartjänster
522 1103 62 32 bör
603 1106 62 39 äga
686 1115 73 19 rum
780 1104 29 41 ej
831 1103 90 32 blott
942 1116 40 19 av
1003 1105 56 31 det
1079 1105 118 37 skälet,
1219 1107 48 29 att
1289 1106 41 30 de
1350 1106 195 31 nuvarande
1565 1106 198 41 provinsial-

264 1145 276 32 läkardistrikten
560 1148 107 29 måste
688 1145 149 32 minskas
858 1148 83 29 utan
962 1149 82 30 även
1066 1147 124 37 därför,
1211 1149 50 29 att
1281 1147 150 32 flertalet
1452 1150 92 29 extra
1565 1148 198 41 provinsial-

263 1187 233 31 läkardistrikt
514 1187 61 31 bör
593 1187 169 41 indragas,
784 1190 85 28 samt
889 1190 51 29 att
959 1188 171 41 köpingar,
1152 1188 373 41 municipalsamhällen
1545 1190 62 30 och
1628 1190 130 31 mindre

263 1230 113 31 städer
401 1230 86 31 böra
512 1230 177 31 införlivas
717 1230 75 31 med
820 1230 569 42 provinsialläkarorganisationen.

313 1272 71 31 När
422 1272 57 31 det
515 1272 105 41 gäller
656 1275 50 28 att
744 1273 152 35 bedöma,
935 1273 11 30 i
983 1273 164 31 vilken
1185 1274 350 41 utsträckning
1571 1275 192 31 antalet

263 1314 254 31 ordinarie
543 1315 661 41 provinsialläkartjänster
1230 1316 212 31 behöver
1467 1316 180 38 utökas,
1674 1328 89 30 yppa

262 1355 52 41 sig
328 1357 93 30 stora
438 1356 216 41 svårigheter.
682 1357 61 30 Att
756 1357 188 31 bestämma
959 1357 144 31 behovet
1118 1368 40 20 av
1174 1368 66 30 nya
1255 1358 145 40 tjänster
1415 1358 76 31 med
1507 1359 255 41 utgångspunkt

262 1398 73 31 från
356 1409 43 20 en
420 1398 71 31 viss
512 1398 258 41 genomsnittlig
791 1398 319 42 befolkningssiffra
1132 1410 61 30 per
1215 1399 138 31 distrikt
1375 1411 103 29 synes
1501 1400 68 41 mig
1591 1400 170 42 knappast

262 1440 142 41 möjligt.
438 1440 68 31 Det
527 1442 36 29 är
583 1440 36 41 ju
641 1440 171 41 nämligen
834 1441 201 41 uppenbart,
1058 1443 50 29 att
1129 1441 241 42 folkmängden
1393 1444 37 29 är
1452 1443 119 31 endast
1594 1454 41 20 en
1658 1455 41 19 av
1721 1444 41 31 de

262 1481 157 37 faktorer,
443 1482 53 30 till
517 1482 113 31 vilken
653 1482 133 41 hänsyn
808 1482 62 32 bör
892 1485 96 39 tagas
1012 1483 56 31 vid
1089 1483 256 32 bestämmande
1368 1495 41 20 av
1432 1487 182 38 gränserna
1637 1485 55 31 för
1715 1488 48 29 ett

262 1523 145 32 distrikt.
441 1524 150 31 Sålunda
610 1526 107 30 måste
736 1525 11 30 1
766 1524 68 32 lika
852 1525 69 40 hög
940 1525 81 40 grad
1039 1525 140 32 beaktas
1199 1526 41 31 de
1259 1527 215 40 geografiska
1494 1527 266 38 förhållandena,

261 1565 382 38 kommunikationerna,
680 1566 187 41 tillgången
903 1567 55 31 till
992 1567 139 32 lasarett
1167 1568 63 31 och
1266 1568 104 31 andra
1406 1569 144 40 sjukhus
1586 1572 88 29 samt
1709 1570 52 32 be-

261 1606 205 43 byggelsens
492 1607 162 32 karaktär.
695 1608 80 32 Man
802 1609 96 31 torde
926 1609 188 31 emellertid
1141 1609 114 32 kunna
1281 1612 80 39 utgå
1386 1611 76 31 från
1489 1613 49 29 att
1562 1612 199 40 provinsial-

261 1649 276 32 lakardistrikten
562 1650 11 31 i
599 1650 186 32 allmänhet
810 1651 29 40 ej
867 1651 85 31 böra
976 1651 84 31 hava
1085 1663 41 19 en
1153 1652 197 41 folkmängd
1377 1653 266 41 understigande
1669 1655 93 37 5,000

262 1691 81 31 eller
366 1692 238 41 överstigande
629 1693 113 36 12,000
765 1692 169 32 invånare.

311 1734 122 41 Någon
454 1734 183 42 anledning
657 1737 50 29 att
726 1747 45 19 nu
792 1737 43 39 på
847 1735 148 32 förhand
1006 1735 187 32 bestämma
1205 1736 57 31 det
1275 1737 91 31 antal
1380 1737 170 32 ordinarie
1563 1738 198 41 provinsial-

261 1776 247 41 läkartjänster,
528 1788 72 20 som
619 1778 94 31 inom
733 1789 40 20 en
792 1778 70 31 viss
882 1778 145 41 angiven
1045 1779 151 40 tidrymd
1214 1779 63 31 bör
1294 1779 201 41 nyinrättas,
1515 1791 102 30 synes
1636 1781 70 41 mig
1724 1784 38 29 så

261 1818 132 40 mycket
410 1818 130 32 mindre
560 1819 174 42 föreligga,
754 1831 72 20 som
844 1820 237 41 utvecklingen
1099 1821 77 31 med
1194 1821 167 32 avseende
1379 1824 19 29 å
1415 1822 345 41 provinsialläkarnas

260 1860 370 33 verksamhetsområde
655 1864 91 29 ännu
771 1862 71 31 icke
867 1863 54 30 till
945 1863 85 31 fullo
1054 1863 64 31 kan
1144 1863 210 32 överblickas
1379 1864 63 31 och
1467 1876 66 29 nya
1556 1866 204 41 omständig-

260 1903 94 31 heter
377 1903 114 32 kunna
513 1903 189 32 tillkomma
725 1916 39 19 av
787 1904 241 32 beskaffenhet
1049 1907 49 29 att
1120 1906 11 30 i
1156 1906 66 31 den
1246 1917 62 20 ena
1331 1906 84 32 eller
1438 1907 104 31 andra
1565 1907 195 42 riktningen

259 1945 145 41 påverka
426 1946 145 31 behovet
591 1957 40 20 av
654 1946 115 41 dylika
790 1947 154 39 tjänster.
977 1948 66 31 Det
1064 1948 97 31 torde
1184 1948 53 31 för
1257 1950 209 31 närvarande
1487 1961 78 20 vara
1586 1950 174 41 tillfyllest

260 1989 47 29 att
329 1987 205 39 konstatera,
558 1990 49 29 att
630 1989 76 30 från
729 1989 144 40 angivna
895 1990 294 41 utgångspunkter
1210 1993 49 28 ett
1281 1990 194 41 betydande
1498 1992 110 31 behov
1631 2004 41 20 av
1694 2004 66 29 nya

260 2029 170 31 ordinarie
447 2030 143 40 tjänster
607 2030 189 32 förefinnes
815 2032 160 31 ävensom
993 2034 48 29 att
1057 2032 158 41 åtgärder
1231 2033 186 32 successivt
1434 2034 83 31 böra
1534 2034 154 41 vidtagas
1707 2035 53 31 för

259 2071 271 41 tillgodoseende
553 2083 39 20 av
615 2072 94 32 detta
732 2072 118 32 behov.
885 2073 67 41 Jag
974 2073 59 31 vill
1056 2074 115 32 därför
1192 2094 43 3 —
1257 2075 10 30 i
1290 2077 81 30 nära
1394 2076 198 41 anslutning
1615 2077 55 31 till
1694 2077 64 32 den

258 2113 122 45 praxis,
403 2124 75 20 som
498 2113 186 42 tillämpats
706 2115 108 31 under
834 2126 120 20 senare
976 2116 50 31 tid
1045 2135 41 3 —
1106 2117 146 37 förorda,
1275 2119 49 29 att
1345 2118 108 31 under
1474 2120 95 30 nästa
1591 2115 168 50 budgetår

258 2157 143 30 inrättas
432 2156 40 31 10
499 2167 64 29 nya
593 2156 171 32 ordinarie
795 2157 435 41 provinsialläkartjänster.
1272 2159 76 31 Den
1378 2160 167 41 ingående
1575 2162 183 39 utredning

258 2198 143 31 rörande
429 2198 42 31 de
496 2198 109 31 lokala
631 2198 258 32 förhållandena
914 2202 43 38 på
983 2200 220 32 förevarande
1229 2201 145 38 område,
1402 2213 73 20 som
1501 2203 191 41 förebragts
1718 2215 40 20 av

258 2239 359 42 medicinalstyrelsen,
636 2242 37 29 är
690 2240 143 41 givetvis
851 2241 111 41 ägnad
979 2244 48 28 att
1044 2242 10 30 i
1073 2241 168 42 väsentlig
1258 2243 206 42 omfattning
1482 2245 191 32 underlätta
1693 2246 64 31 den

260 2282 226 41 omreglering
502 2293 39 20 av
559 2282 389 38 distriktsindelningen,
968 2294 71 20 som
1057 2284 86 30 efter
1160 2284 90 31 hand
1268 2285 61 30 bör
1346 2285 131 32 komma
1498 2287 49 30 till
1567 2288 109 30 stånd.

310 2324 18 30 I
355 2324 339 32 överensstämmelse
722 2325 76 31 med
825 2325 58 31 det
911 2326 142 31 anförda
1079 2327 156 31 förordar
1261 2327 64 41 jag,
1355 2330 50 29 att
1432 2329 127 31 antalet
1585 2330 171 31 ordinarie

260 2365 427 43 provinsialläkartjänster
705 2367 73 31 från
798 2367 60 31 och
878 2368 77 31 med
974 2368 64 31 den
1057 2369 15 30 1
1091 2368 133 40 januari
1245 2370 79 31 1940
1342 2370 82 32 ökas
1443 2371 73 31 från
1535 2372 60 31 336
1613 2372 55 31 till
1686 2373 69 31 346.
