1898 2828
546 139 110 29 Andra
679 140 224 34 lagutskottets
925 141 162 29 utlåtande
1111 142 48 28 Nr
1183 142 49 30 24.
1624 144 18 30 d

178 222 76 32 Vad
272 223 13 31 i
305 223 106 32 denna
432 224 57 37 lag
510 224 137 38 stadgas
669 229 61 34 äge
750 225 30 38 ej
800 225 104 33 heller
923 226 215 39 tillämpning
1158 228 19 31 å
1197 228 105 39 mark,
1324 240 68 20 som
1410 230 98 37 ingår
1526 230 11 31 i
1558 230 82 32 fast-

133 272 103 33 ställd
260 273 186 38 stadsplan.

176 372 117 34 Denna
316 374 58 38 lag
391 374 89 33 skall
499 376 97 32 träda
613 376 12 32 i
643 376 97 33 kraft
759 377 62 32 den
841 379 16 30 1
878 378 64 38 juli
962 379 95 32 1929.

175 524 226 34 Beträffande
423 526 39 32 de
483 526 85 39 skäl,
591 539 69 20 som
682 528 95 39 ligga
799 529 55 32 till
874 530 110 37 grund
1005 530 54 32 för
1078 531 263 38 ifrågavarande
1362 532 199 39 lagförslag,
1584 532 54 32 får

130 574 175 39 utskottet,
332 576 4 31 i
357 575 61 33 den
436 577 77 32 mån
533 577 207 38 redogörelse
760 579 117 32 därför
894 579 73 33 icke
987 580 128 33 lämnas
1136 581 179 39 härnedan,
1334 582 139 32 hänvisa
1493 582 53 32 till
1565 594 72 27 pro-

130 625 204 38 positionens
357 626 158 33 innehåll.

174 723 73 33 Den
284 725 265 39 ifrågavarande
585 727 109 40 lagen,
732 740 69 20 som
838 729 127 33 brukar
987 730 179 33 benämnas
1192 732 250 39 ensittarlagen,
1467 745 96 21 avser
1588 737 51 29 att

133 774 119 32 bereda
276 775 92 32 vissa
395 780 102 33 ägare
522 788 43 21 av
588 777 207 39 boningshus
821 780 20 31 å
867 780 67 31 ofri
960 781 109 38 grund
1096 793 38 20 en
1160 782 149 38 tryggad
1335 783 161 39 ställning
1520 795 116 26 genom

131 823 114 39 friköp
285 836 43 21 av
365 825 148 34 marken.
563 827 121 39 Enligt
720 828 106 33 denna
864 828 59 40 lag
949 834 39 28 är
1014 829 73 41 den,
1116 842 69 22 som
1212 832 75 33 med
1311 833 247 39 nyttjanderätt
1585 834 54 32 för

130 873 174 34 brukande
326 875 83 33 eller
429 876 296 34 bostadsändamål
748 879 140 32 innehar
910 892 109 21 annan
1043 881 154 39 tillhörig
1219 882 96 33 mark
1338 888 87 28 samt
1449 884 81 32 därå
1555 889 80 33 äger

129 923 216 41 boningshus,
366 926 106 33 under
489 927 92 33 vissa
598 928 204 39 betingelser
819 930 237 34 tillförsäkrad
1076 935 69 29 rätt
1163 936 52 29 att
1234 933 87 32 efter
1338 933 189 39 värdering,
1551 934 84 32 före-

130 978 102 35 tagen
258 987 44 21 av
329 976 203 35 lantmätare
559 979 60 32 och
645 980 58 31 två
730 980 86 38 gode
843 985 87 35 män,
958 981 113 33 tillösa
1099 983 53 38 sig
1180 983 147 40 marken,
1356 989 81 27 även
1466 996 51 21 om
1546 985 88 38 jord-

131 1030 124 34 ägaren
280 1026 110 34 skulle
414 1031 161 30 motsätta
601 1029 55 39 sig
681 1030 65 33 det.
794 1031 300 40 Förutsättningar
1119 1033 55 32 för
1198 1033 106 33 denna
1331 1034 219 39 lösningsrätt
1577 1040 57 28 äro

129 1074 72 35 dels
219 1080 53 29 att
289 1077 139 34 marken
448 1083 39 28 är
504 1079 162 39 upplåten
687 1081 55 32 för
759 1081 432 39 nyttjanderättshavarens
1212 1084 117 33 livstid
1349 1085 80 33 eller
1448 1086 57 32 vid
1524 1098 110 20 annan

129 1127 201 41 upplåtelse,
358 1128 42 33 då
426 1130 150 33 ansökan
602 1142 51 22 om
679 1132 169 33 utövande
874 1145 42 20 av
941 1133 222 40 lösningsrätt
1189 1140 106 34 göres,
1323 1147 68 21 mer
1417 1141 40 27 än
1485 1136 46 33 tio
1559 1137 39 32 år
1623 1137 13 32 i

130 1177 88 39 följd
241 1178 174 34 innehafts
440 1192 44 21 av
508 1193 110 21 annan
644 1186 43 29 än
713 1187 124 34 ägaren
863 1183 82 33 eller
969 1184 61 33 ock
1056 1185 62 32 den
1144 1185 61 39 tid,
1233 1185 135 34 marken
1393 1187 171 33 innehafts
1591 1199 44 20 av

129 1240 110 21 annan
263 1234 43 27 än
330 1234 135 36 ägaren,
489 1231 223 34 tillsammans
736 1234 75 32 med
834 1234 62 32 den
921 1234 60 40 tid,
1006 1246 70 21 som
1100 1236 145 32 återstår
1269 1236 105 39 enligt
1397 1237 156 38 gällande
1577 1249 55 20 av-

129 1279 50 33 tal
204 1291 53 21 om
280 1280 252 39 nyttjanderätt
556 1282 55 33 till
635 1283 149 40 marken,
810 1285 135 38 uppgår
969 1285 54 32 till
1048 1297 70 21 mer
1144 1290 41 28 än
1212 1286 47 33 tio
1285 1287 48 39 år,
1359 1287 70 32 dels
1455 1292 50 28 att
1532 1288 55 32 det
1613 1289 20 31 å

128 1330 139 33 marken
290 1330 193 41 befintliga,
507 1333 416 38 nyttjanderättshavaren
947 1335 174 39 tillhöriga
1145 1336 240 39 boningshuset
1409 1338 131 32 lämnar
1564 1338 68 38 nöj-

128 1380 98 39 aktig
242 1381 120 33 bostad
380 1382 37 32 åt
434 1382 119 33 honom
570 1384 61 32 och
647 1384 83 33 hans
749 1385 112 38 familj
880 1385 71 33 dels
968 1389 50 29 att
1038 1386 113 38 dylikt
1168 1387 205 39 boningshus
1392 1388 99 32 fanns
1509 1389 19 31 å
1547 1400 85 20 mar-

128 1430 66 34 ken
221 1432 144 38 uppfört
392 1432 103 33 redan
523 1433 62 33 den
615 1436 16 30 1
660 1434 136 38 januari
825 1436 84 32 1919
939 1440 88 29 samt
1055 1437 42 32 då
1126 1437 158 33 tillhörde
1312 1438 119 39 någon,
1461 1450 68 21 som
1558 1439 74 32 med

128 1481 252 39 nyttjanderätt
399 1483 163 33 innehade
583 1484 149 40 marken,
754 1485 72 33 dels
849 1486 60 32 ock
932 1490 50 29 att
1003 1487 103 32 minst
1127 1499 39 20 en
1190 1487 166 39 fjärdedel
1378 1500 42 20 av
1443 1489 55 32 det
1519 1489 112 37 värde,

129 1543 70 22 som
221 1532 139 34 marken
381 1534 76 32 med
482 1534 81 33 därå
586 1534 183 40 befintliga
792 1536 199 38 byggnader
1015 1542 89 35 äger,
1129 1537 134 39 belöper
1286 1539 44 38 på
1353 1539 278 38 nyttjanderätts-

127 1582 165 34 havarens
310 1583 210 39 byggnader.
560 1585 69 33 Vid
646 1586 250 39 uppskattning
914 1599 43 20 av
975 1587 92 33 detta
1084 1588 103 32 värde
1207 1588 56 33 får
1282 1588 83 33 dock
1384 1589 29 38 ej
1433 1590 199 32 medräknas

127 1634 120 32 värdet
268 1646 43 20 av
334 1634 218 41 förbättring,
573 1635 114 34 vilken
709 1637 139 33 marken
868 1638 119 32 vunnit
1010 1650 116 27 genom
1149 1639 113 33 arbete
1284 1639 81 33 eller
1385 1639 152 40 kostnad,
1562 1652 69 21 som

127 1684 417 38 nyttjanderättshavaren
572 1686 81 33 eller
681 1687 203 39 föregående
909 1688 402 40 nyttjanderättshavare,
1338 1702 77 20 vars
1445 1695 68 28 rätt
1541 1696 91 27 över-

128 1735 77 37 gått
223 1735 20 32 å
265 1735 114 39 denne,
400 1736 139 38 nedlagt
559 1737 20 32 å
600 1737 138 32 marken
760 1741 118 29 utöver
897 1738 66 32 vad
984 1738 118 32 honom
1124 1739 114 38 ålegat
1259 1739 105 39 enligt
1384 1741 65 31 vad
1471 1741 56 32 vid
1550 1752 81 28 upp-

127 1784 140 33 låtelsen
284 1786 148 32 avtalats
450 1786 81 33 eller
545 1787 266 39 uppenbarligen
827 1788 91 33 varit
933 1788 163 33 förutsatt
1117 1787 35 41 (1
1173 1788 18 40 $
1211 1789 108 33 första
1335 1790 60 33 och
1414 1790 111 38 fjärde
1543 1795 88 34 styc-

126 1834 120 40 kena).

170 1882 103 36 Ändå
293 1889 53 30 att
366 1898 45 21 nu
431 1887 147 39 angivna
599 1888 289 40 förutsättningar
908 1890 178 40 föreligga,
1109 1896 81 34 äger
1210 1892 74 33 icke
1307 1893 219 38 lösningsrätt
1548 1905 83 26 rum,

129 1936 113 33 därest
264 1937 302 41 nyttjanderätten,
590 1939 43 32 då
654 1939 150 33 ansökan
827 1952 51 20 om
902 1942 165 32 utövande
1090 1953 42 20 av
1156 1942 104 32 sådan
1284 1947 68 28 rätt
1374 1948 104 33 göres,
1504 1948 37 28 är
1565 1944 66 31 för-

124 1985 137 41 verkad,
287 1987 82 33 eller
391 1987 114 34 därest
528 1989 198 33 avståendet
749 2002 44 20 av
816 1990 61 33 den
900 1991 55 32 till
978 1991 132 39 lösning
1134 1992 207 39 ifrågasatta
1365 1993 135 33 marken
1523 1993 109 34 skulle

126 2037 154 33 medföra
299 2039 165 32 avsevärd
482 2038 177 39 olägenhet
679 2040 54 32 för
752 2041 282 39 huvudfastighet
1053 2042 81 33 eller
1154 2043 135 33 därmed
1310 2044 212 39 sambrukad,
1544 2044 87 38 jord-

126 2091 124 34 ägaren
270 2088 155 41 tillhörig
444 2089 176 39 fastighet.
652 2091 78 32 Kan
750 2091 104 33 sådan
875 2091 176 39 olägenhet
1070 2093 168 33 undvikas
1260 2094 201 39 därigenom,
1484 2099 50 28 att
1555 2095 77 32 från

127 2138 134 39 lösning
296 2140 211 38 undantages
532 2141 70 32 viss
628 2141 53 32 del
706 2154 42 20 av
772 2142 148 40 marken,
945 2155 109 20 annan
1081 2148 41 28 än
1149 2144 72 39 den,
1246 2145 82 32 varå
1353 2145 278 38 nyttjanderätts-

127 2189 164 33 havarens
316 2190 207 39 boningshus
549 2195 38 29 är
611 2191 144 40 beläget,
782 2197 80 34 äger
887 2193 221 39 lösningsrätt
1133 2206 73 20 rum
1232 2194 54 33 till
1310 2195 136 32 marken
1471 2196 12 31 i
1509 2196 122 37 övrigt.

126 2239 70 33 Vid
217 2239 213 41 bedömande,
453 2241 167 33 huruvida
643 2242 167 33 utövande
832 2255 42 20 av
897 2243 221 39 lösningsrätt
1140 2244 110 33 skulle
1271 2245 150 32 medföra
1445 2245 185 39 olägenhet,

127 2301 69 21 som
214 2302 45 20 nu
278 2294 105 36 sagts,
403 2291 57 32 får
478 2292 131 38 hänsyn
628 2292 74 33 icke
720 2296 99 35 tagas
838 2293 55 32 till
912 2294 196 38 anordning,
1130 2306 70 21 som
1219 2300 121 34 prövas
1359 2295 87 33 hava
1466 2296 165 38 vidtagits

124 2340 12 32 i
156 2340 93 39 syfte
267 2344 52 29 att
339 2341 175 33 förhindra
533 2343 167 32 utövande
718 2355 43 20 av
781 2343 222 39 lösningsrätt
1026 2343 36 41 (2
1085 2343 52 40 8).

170 2388 98 36 Även
290 2404 52 20 om
364 2393 95 32 avtal
479 2405 53 20 om
552 2393 251 39 nyttjanderätt
824 2394 55 33 till
901 2394 137 34 marken
1060 2395 75 33 icke
1157 2396 91 33 visas
1272 2396 177 39 föreligga,
1474 2396 89 33 skall
1584 2396 46 32 la-

126 2453 64 27 gen
211 2446 65 34 äga
297 2443 229 39 tillämpning,
548 2443 54 33 för
623 2445 37 32 så
679 2444 67 33 vitt
765 2444 202 39 jordägaren
986 2445 84 40 icke,
1090 2446 102 32 innan
1213 2446 137 33 marken
1370 2458 70 21 mer
1461 2451 42 28 än
1525 2447 46 32 tio
1593 2448 37 31 år
