1888 2824
618 164 229 28 Statsutskottets
870 163 149 27 utlåtande
1042 162 48 28 Nr
1112 159 49 31 99.
1628 156 19 29 3

142 240 147 31 område.
335 239 132 31 Härvid
491 239 60 30 har
574 239 10 30 i
610 239 106 30 första
739 237 91 32 hand
855 236 216 38 undersökts,
1089 235 167 31 huruvida
1273 234 51 31 för
1340 232 192 32 ändamålet
1544 232 103 40 lämp-

142 291 91 40 ligen
269 290 113 31 kunde
416 289 168 42 utnyttjas
619 291 112 39 någon
766 300 39 19 av
829 288 41 31 de
893 288 11 30 i
927 288 149 30 kronans
1101 288 62 39 ägo
1186 285 103 31 redan
1313 283 176 41 befintliga
1513 284 133 29 tomter.

142 341 119 41 Enligt
294 341 65 31 vad
393 340 66 31 den
492 340 11 30 i
527 339 142 31 ärendet
691 338 208 32 verkställda
921 337 228 40 utredningen
1173 335 92 42 giver
1287 334 57 32 vid
1367 334 145 37 handen,
1537 332 110 32 skulle

143 391 191 31 emellertid
348 402 42 20 en
404 390 93 42 dylik
513 390 192 40 anordning
722 400 39 20 ur
778 388 200 32 ekonomisk
995 386 177 43 synpunkt
1188 386 98 31 ställa
1299 385 53 40 sig
1365 394 283 31 ogynnsammare

143 444 41 29 än
220 444 49 28 ett
302 441 106 41 inköp
442 452 39 19 av
515 441 66 30 den
616 441 91 29 förut
730 439 232 37 omförmälda,
987 438 10 30 i
1022 437 135 31 enskild
1181 439 61 37 ägo
1265 435 147 31 varande
1436 435 212 40 egendomen

146 491 221 41 Gustafshög,
402 491 112 30 vilken
548 491 53 30 för
634 489 209 31 närvarande
867 488 155 41 förhyres
1057 489 113 29 såsom
1194 484 379 42 bränsleupplagsplats
1596 485 53 30 för

143 542 142 30 flottans
318 541 151 41 räkning.
516 540 66 31 Till
605 540 131 31 förmån
763 539 51 31 för
838 541 48 29 ett
908 538 105 41 inköp
1037 549 40 19 av
1101 536 212 40 Gustafshög
1336 535 86 31 talar
1443 534 115 32 vidare
1582 534 66 31 den

144 591 309 41 omständigheten,
488 593 49 28 att
570 590 149 31 nämnda
752 589 162 41 fastighet
935 588 54 31 väl
1023 588 131 40 limpar
1188 586 52 41 sig
1273 588 113 29 såsom
1410 584 239 42 upplagsplats

143 642 74 31 icke
240 642 90 31 blott
352 642 53 30 för
427 641 56 31 kol
507 642 82 30 utan
613 642 84 29 även
721 640 52 31 för
794 639 189 40 brännolja,
1007 638 105 30 vilket
1135 636 56 32 vid
1204 636 111 31 denna
1331 636 110 40 frågas
1458 634 192 42 avgörande

145 693 108 30 måste
287 692 163 31 tillmätas
486 693 72 29 stor
586 690 187 42 betydelse,
809 691 80 30 enär
912 689 140 31 flottans
1075 688 112 31 behov
1210 698 39 20 av
1272 686 181 41 brännolja
1475 685 109 31 under
1607 684 42 32 de

149 745 170 29 närmaste
343 744 79 29 åren
446 742 153 31 kommer
622 743 50 30 att
696 741 108 31 starkt
827 740 82 31 ökas
932 740 53 31 till
1007 738 86 42 följd
1120 738 110 38 därav,
1258 739 50 30 att
1333 737 61 31 allt
1405 736 82 31 flera
1509 747 40 20 av
1572 735 43 32 de
1638 735 11 31 i

144 793 121 31 flottan
298 792 168 42 ingående
499 793 156 41 fartygen
677 791 93 31 bliva
793 790 199 41 oljeeldade.
1038 789 82 31 Med
1147 788 133 42 hänsyn
1304 787 114 32 härtill
1443 786 63 32 och
1530 786 43 31 då
1594 786 57 41 jag

145 843 74 31 icke
253 843 61 31 har
347 845 104 39 något
484 845 50 29 att
567 842 112 31 erinra
706 844 72 29 mot
801 842 58 30 det
881 841 51 31 för
955 839 213 43 egendomen
1184 838 149 41 begärda
1348 838 117 41 priset,
1485 836 166 39 1,160,000

145 893 136 38 kronor,
306 904 100 20 anser
428 893 55 41 jag
505 893 69 41 mig
596 893 85 31 böra
704 892 137 31 förorda
864 890 380 41 marinförvaltningens
1260 889 127 40 förslag
1403 899 54 20 om
1480 887 106 41 inköp
1610 897 41 20 av

146 943 206 32 densamma.

198 994 82 31 Med
314 994 185 41 anledning
532 1005 39 20 av
595 992 380 41 marinförvaltningens
998 991 215 39 hemställan,
1237 992 50 29 att
1308 991 53 30 för
1384 990 266 41 köpesummans

150 1044 170 42 gäldande
354 1046 105 30 måtte
492 1045 33 30 få
557 1046 96 40 tagas
687 1044 11 30 i
732 1043 147 42 anspråk
912 1041 191 43 besparade
1127 1041 111 32 medel
1261 1043 19 29 å
1302 1040 274 32 förrådstitlarna
1598 1039 53 31 för

148 1095 136 32 stenkol
319 1097 89 30 samt
440 1096 122 30 motor-
597 1094 64 32 och
684 1093 283 43 pannbrännolja,
990 1093 51 31 får
1063 1093 56 41 jag
1141 1093 131 37 nämna,
1297 1093 58 36 att,
1380 1091 107 41 enligt
1508 1089 65 32 vad
1596 1090 56 41 jag

147 1146 109 31 under
290 1146 92 31 hand
415 1146 73 31 från
523 1144 362 42 marinförvaltningen
908 1144 177 37 inhämtat,
1110 1142 373 42 kapitalbehållningen
1506 1142 19 30 å
1548 1140 103 32 dessa

147 1196 94 31 titlar
273 1197 53 31 för
358 1196 209 31 närvarande
594 1197 133 40 uppgår
750 1195 52 31 till
825 1195 168 38 5,940,000
1015 1194 136 31 kronor.
1197 1193 115 31 Härav
1334 1193 169 31 beräknas
1526 1194 49 29 ett
1597 1192 55 32 be-

146 1247 82 41 lopp
251 1258 40 20 av
324 1247 167 38 4,600,000
513 1246 128 32 kronor
662 1257 80 20 vara
764 1245 215 42 erforderligt
1002 1247 114 29 såsom
1139 1243 257 42 förlagskapital
1418 1243 52 31 för
1492 1242 159 32 hållande

147 1308 41 20 av
210 1297 78 31 fullt
310 1296 210 32 fredsförråd
543 1308 40 20 av
605 1297 58 31 kol
686 1296 64 31 och
773 1296 187 41 brännolja.
1007 1295 76 31 Den
1108 1294 181 32 därutöver
1304 1293 206 41 förefintliga
1524 1293 128 32 behåll-

147 1347 136 41 ningen,
309 1347 166 39 1,340,000
497 1347 136 39 kronor,
657 1348 37 30 är
717 1346 143 32 sålunda
882 1346 78 31 fullt
982 1345 184 41 tillräcklig
1188 1345 51 31 för
1262 1344 66 32 den
1344 1344 192 42 föreslagna
1551 1344 101 41 köpe-

149 1397 201 42 skillingens
367 1397 176 42 gäldande.
582 1397 66 41 Jag
664 1408 100 20 anser
787 1396 69 42 mig
871 1396 114 31 därför
996 1396 117 31 kunna
1124 1395 134 32 biträda
1270 1394 381 42 marinförvaltningens

148 1448 128 41 förslag
298 1449 84 30 även
405 1448 11 31 i
440 1448 94 31 detta
560 1447 230 32 hänseende.
772 1443 22 50 >

205 1516 223 42 Egendomen
461 1515 222 42 Gustafshög,
708 1517 19 30 å
748 1515 113 32 vilken
885 1515 168 31 utskottet
1076 1515 113 41 avlagt
1210 1514 115 38 besök,
1350 1514 61 31 har
1434 1515 36 30 år
1494 1513 81 32 1922
1599 1513 53 31 be-

150 1566 313 42 villningstaxerats
487 1566 52 32 till
562 1566 136 38 267,700
720 1566 135 38 kronor,
879 1566 113 31 vilken
1015 1565 156 41 taxering
1193 1564 55 32 vid
1271 1576 46 20 nu
1341 1564 175 42 pågående
1538 1564 114 42 fastig-

150 1618 233 41 hetstaxering
415 1618 147 41 jämnats
596 1617 54 31 till
684 1617 135 38 268,000
846 1617 134 38 kronor,
1011 1628 101 20 varav
1141 1616 133 38 113,000
1296 1615 126 32 kronor
1445 1626 78 21 avse
1546 1615 106 31 mark-

149 1668 119 32 värdet
291 1668 64 32 och
380 1668 134 38 155,000
536 1668 127 31 kronor
685 1667 118 32 värdet
825 1679 40 19 av
887 1667 198 42 byggnader
1108 1666 64 32 och
1194 1666 100 42 kajer.
1333 1666 68 32 Vid
1425 1677 41 20 en
1489 1677 40 20 av
1551 1665 101 42 bygg-

150 1721 169 29 mästaren
343 1719 41 31 N.
409 1719 36 31 P.
469 1718 120 32 Althin
612 1719 12 31 i
645 1718 75 42 juni
745 1718 79 31 1927
848 1717 185 32 verkställd
1049 1716 180 42 värdering
1244 1716 61 32 har
1321 1716 210 42 egendomen
1547 1716 105 41 jämte

151 1770 81 30 därå
254 1769 170 42 uppförda
446 1769 198 42 byggnader
666 1770 108 30 åsatts
796 1768 149 42 följande
968 1768 142 31 värden:

149 1838 161 31 Jämnare
344 1837 95 31 mark
462 1837 63 32 och
548 1837 156 41 planerat
731 1836 138 32 område
894 1837 113 38 12,000
1029 1836 87 31 kvm.
1141 1838 20 29 å
1183 1836 46 31 kr.

201 1888 49 32 60:
264 1907 41 3 —
336 1914 2 2 ..
1200 1911 26 5 .....
1274 1886 126 32 kronor
1430 1882 12 48 =
1455 1887 197 38 720,000:
1625 1882 30 48 —

150 1939 184 42 Kuperade
358 1913 74 57 SN
455 1912 137 68 On
616 1912 153 58 ERE
784 1909 125 76 15,000
928 1938 86 31 kvm.
1040 1939 19 29 å
1081 1908 47 76 kr.
1153 1911 49 58 10:
1216 1955 39 4 —
1338 1950 12 15 >
1455 1937 143 38 150,000:
1612 1955 40 4 —

150 1989 270 43 Kajbyggnaden
467 2014 3 4 s=-4........188
646 1983 87 53 Hövsdel
742 2013 75 5 o.s.v
835 1983 108 53 Sidisggene
951 2013 15 4 sc
977 2013 81 4 Hogans
1066 2013 15 4 or
1096 2012 32 4 kan
1139 2013 12 3 bl
1192 2012 27 4 san
1229 2013 25 4 on
1339 2000 12 15 »
1456 1988 142 38 190,000:
1612 2006 40 4 —

150 2040 171 41 Kolskjul,
345 2039 234 39 materialbod,
604 2041 188 78 tvättstuga
815 2039 63 31 och
903 2038 227 80 skyddsplank
1159 2062 3 4 -
1338 2050 12 16 >
1476 2038 122 39 75,000:
1612 2057 40 4 —

150 2090 294 42 Villabyggnaden
481 2115 49 4 .....
549 2115 39 4 see
758 2113 129 6 seem
1339 2101 12 15 >
1475 2089 123 38 25,000:
1612 2107 41 4 —

1111 2113 143 67 Summa
1273 2149 127 31 kronor
1424 2149 173 39 1,160,000:
1612 2168 40 4 —-

203 2218 180 32 Utskottet
414 2218 62 31 har
509 2217 73 33 ieke
616 2218 132 31 kunnat
778 2217 114 42 undgå
921 2219 50 29 att
1003 2218 102 37 finna,
1140 2219 50 29 att
1217 2217 57 32 det
1296 2217 148 42 begärda
1466 2217 109 42 priset
1600 2217 53 32 för

151 2268 222 42 Gustafshög,
396 2268 105 32 vilket
523 2268 73 42 pris
619 2268 149 42 grundar
792 2268 51 41 sig
854 2269 43 40 på
914 2268 63 31 och
993 2268 154 31 ansluter
1164 2268 52 41 sig
1231 2268 52 31 till
1299 2267 149 32 nämnda
1463 2268 189 41 värdering,

151 2321 109 30 måste
283 2330 100 22 anses
407 2319 60 32 allt
489 2319 52 32 för
563 2319 84 42 högt
670 2319 64 31 och
757 2319 73 31 icke
857 2321 36 29 är
915 2319 53 31 för
990 2319 131 31 kronan
1145 2318 186 42 antagbart.

203 2370 219 32 Beträffande
446 2370 65 32 den
534 2370 208 32 verkställda
765 2369 225 42 utredningen
1014 2370 62 31 har
1099 2369 168 32 utskottet
1289 2371 89 30 måst
1400 2371 93 30 finna
1515 2369 67 32 den
1599 2369 54 32 be-

151 2421 173 42 handling,
359 2421 360 41 marinförvaltningen
754 2420 222 32 underkastat
1008 2420 254 42 ifrågavarande
1291 2420 135 39 ärende,
1450 2431 78 21 vara
1550 2420 12 31 i
1585 2420 69 41 hög

151 2472 83 41 grad
257 2471 333 43 anmärkningsvärd.
636 2464 262 39 Ämbetsverket
920 2471 61 31 har
1004 2471 154 39 sålunda,
1184 2471 101 32 såvitt
1308 2482 40 21 av
1371 2471 248 42 handlingarna
1642 2471 11 30 i

152 2522 141 32 ärendet
329 2523 154 41 framgår,
522 2522 74 32 icke
630 2533 62 21 ens
725 2523 113 31 ansett
871 2521 210 42 nödvändigt
1114 2523 50 30 att
1197 2521 199 32 införskaffa
1430 2521 115 32 anbud
1578 2521 74 31 från

1707 1520 135 23 Utskottets

1712 1555 127 30 yttrande.
