1902 2802
546 144 109 28 Andra
675 143 223 35 lagutskottets
918 143 162 29 utlåtande
1102 142 46 29 Nr
1169 147 48 26 22.
1617 141 15 30 1

812 596 60 40 Nr
899 596 60 41 22.

529 723 117 27 Ankom
670 722 47 28 till
740 723 172 33 riksdagens
936 722 94 28 kansli
1054 722 58 28 den
1137 723 37 26 29
1199 722 72 33 april
1297 723 78 26 1926
1400 721 38 27 kl.
1463 723 15 25 1
1505 731 24 17 e.
1555 731 36 17 m.

352 832 182 37 Utlåtande
555 838 12 30 i
590 836 178 38 anledning
792 847 41 21 av
857 835 129 38 Kungl.
1009 836 120 39 Maj:ts
1152 837 206 36 proposition
1382 835 73 31 med
1477 834 155 32 anhållan

572 898 53 24 om
644 886 199 39 riksdagens
863 886 157 38 yttrande
1039 886 171 38 angående
1230 888 90 30 vissa
1341 885 115 40 beslut,
1479 897 66 20 som
1569 886 64 37 fat-

573 940 67 29 tats
672 949 41 20 av
745 937 61 32 den
837 937 269 32 internationella
1138 937 398 38 arbetsorganisationens
1559 936 74 31 kon-

573 989 112 38 ferens
701 991 12 29 i
732 988 132 32 Geneve
880 989 37 30 år
934 989 97 31 1925.

175 1089 126 32 Genom
320 1101 38 20 en
379 1089 61 32 den
461 1090 40 31 25
522 1088 150 33 februari
693 1089 84 31 1926
798 1088 209 39 dagtecknad
1027 1088 216 38 proposition,
1265 1099 39 19 nr
1325 1088 72 38 118,
1417 1086 113 32 vilken
1550 1086 9 31 i
1583 1098 51 20 ne-

130 1139 64 32 dan
213 1140 144 38 angiven
376 1139 53 33 del
448 1139 174 32 hänvisats
641 1139 53 32 till
713 1138 190 40 lagutskott
924 1138 59 32 och
1003 1138 196 32 behandlats
1219 1149 41 20 av
1280 1137 103 32 andra
1403 1136 232 39 lagutskottet.

129 1190 62 32 har
212 1190 129 39 Kungl.
362 1190 112 39 Maj:t,
495 1189 104 32 under
618 1189 208 38 åberopande
847 1201 41 20 av
908 1188 245 39 propositionen
1175 1188 136 38 bilagda
1332 1188 123 38 utdrag
1474 1199 42 20 av
1537 1190 97 28 stats-

132 1240 289 40 rådsprotokollet,
447 1240 143 32 anhållit
615 1251 52 21 om
692 1239 198 39 riksdagens
915 1239 157 38 yttrande
1097 1238 138 32 rörande
1261 1238 39 31 de
1323 1238 12 31 i
1360 1237 142 32 nämnda
1527 1240 108 35 proto-

129 1291 71 32 koll
237 1290 232 40 omförmälda,
507 1302 43 20 av
587 1290 61 32 den
686 1289 272 34 internationella
995 1288 398 39 arbetsorganisationens
1418 1287 178 32 konferens
1624 1287 11 30 i

132 1341 131 33 Geneve
283 1342 38 32 år
343 1342 84 32 1925
450 1341 130 33 fattade
600 1341 162 32 besluten.

174 1418 225 32 Beträffande
421 1417 189 39 grunderna
632 1417 54 32 för
708 1417 129 38 Kungl.
861 1416 118 38 Maj:ts
1002 1415 260 39 ifrågavarande
1287 1414 197 33 hemställan
1510 1414 55 31 får
1586 1417 49 28 ut-

131 1468 134 40 skottet,
295 1468 3 32 i
320 1468 63 33 den
403 1469 76 31 mån
500 1468 29 38 ej
551 1467 207 39 redogörelse
779 1467 117 32 därför
915 1467 127 31 lämnas
1063 1466 62 32 här
1146 1465 117 40 nedan,
1285 1465 139 32 hänvisa
1444 1465 54 32 till
1519 1476 116 26 propo-

131 1519 159 32 sitionens
309 1518 160 33 innehåll.

175 1593 67 32 Det
261 1594 57 31 vid
338 1592 223 33 omförmälda
580 1592 179 32 konferens
782 1591 130 32 fattade
934 1592 119 38 beslut,
1076 1602 68 21 som
1167 1591 172 31 hänvisats
1361 1590 51 32 till
1435 1589 202 38 behandling

132 1655 40 20 av
190 1643 200 39 lagutskott,
410 1646 135 35 utgöres
564 1655 41 19 av
625 1642 159 39 följande,
802 1642 11 31 i
831 1641 230 39 översättning
1077 1641 54 31 till
1152 1640 141 32 svenska
1314 1640 171 38 återgivna
1507 1639 130 38 förslag

133 1693 53 31 till
207 1693 199 32 konvention
416 1691 19 34 :'

868 1751 30 31 8.

403 1823 128 32 Förslag
549 1822 52 27 till
620 1822 188 27 konvention
827 1821 155 33 angående
1001 1821 173 27 nattarbete
1194 1821 9 26 i
1223 1820 149 33 bagerier.

177 1885 364 33 Generalkonferensen
572 1897 42 20 av
646 1884 212 33 nationernas
881 1884 161 33 förbunds
1067 1883 268 33 internationella
1356 1881 281 39 arbetsorganisa-

132 1928 79 40 tion,

265 1971 114 32 vilken
404 1983 41 20 av
472 1970 164 39 styrelsen
664 1970 53 32 för
742 1970 269 32 internationella
1037 1969 221 38 arbetsbyrån
1285 1968 271 33 sammankallats
1583 1968 53 32 till

222 2012 130 34 Genéve
366 2013 60 32 och
444 2013 62 33 där
522 2012 138 33 samlats
678 2012 61 34 den
758 2013 39 31 19
816 2012 67 38 maj
903 2012 82 32 1925
1004 2011 55 32 till
1078 2012 59 31 sitt
1154 2011 117 38 sjunde
1289 2010 241 33 sammanträde
1551 2015 85 27 samt

222 2055 140 33 beslutit
382 2058 124 35 antaga
526 2054 92 33 vissa
638 2054 132 38 förslag
789 2054 171 39 angående
981 2053 187 33 nattarbete
1189 2053 12 32 i
1222 2053 159 39 bagerier,
1402 2052 113 33 vilken
1537 2052 101 39 fråga

221 2097 186 33 innefattas
428 2097 12 32 i
461 2097 62 33 den
546 2096 110 38 fjärde
677 2096 148 38 punkten
845 2097 44 37 på
911 2095 249 39 dagordningen
1185 2096 53 32 för
1260 2095 268 39 sammanträdet,

267 2144 156 28 ävensom
446 2138 147 39 beslutit,
618 2142 51 29 att
692 2138 97 32 dessa
812 2138 131 38 förslag
965 2137 95 33 skola
1081 2141 81 35 taga
1186 2138 86 32 form
1297 2150 40 20 av
1360 2142 46 28 ett
1431 2138 129 38 förslag
1582 2137 55 33 till

221 2180 250 33 internationell
490 2179 213 40 konvention,

266 2226 141 36 antager
430 2222 238 39 efterföljande
691 2222 132 39 förslag
844 2222 55 32 till
920 2222 200 33 konvention
1143 2226 50 29 att
1217 2222 189 33 ratificeras
1430 2235 41 20 av
1493 2223 143 32 interna-

222 2265 137 34 tionella
389 2265 400 40 arbetsorganisationens
818 2265 214 32 medlemmar
1061 2265 136 37 jämlikt
1226 2265 291 32 bestämmelserna
1544 2266 12 31 i
1586 2265 51 33 del

222 2308 94 33 XIII
338 2321 41 21 av
399 2309 175 39 fördraget
592 2309 12 32 i
623 2308 184 32 Versailles
828 2308 60 32 och
910 2308 232 32 motsvarande
1163 2307 91 33 delar
1274 2320 41 20 av
1336 2308 37 33 de
1393 2308 116 38 övriga
1532 2308 104 32 freds-

223 2352 194 39 fördragen.

175 2427 9 15 1
202 2429 38 25 De
266 2430 57 24 med
343 2427 66 26 1—7
426 2428 9 24 i
452 2428 193 32 propositionen
664 2428 157 24 betecknade
840 2428 94 30 förslag
952 2427 40 24 till
1011 2427 185 24 konventioner
1215 2428 66 23 samt
1299 2426 258 25 rekommendationer
1575 2427 66 23 hava

132 2463 133 25 hänvisats
283 2463 42 24 till
343 2461 158 30 behandling
519 2470 32 16 av
570 2462 78 24 andra
666 2461 128 25 särskilda
812 2462 138 24 utskottet.

176 2513 117 34 Bihang
316 2513 47 29 till
385 2509 175 37 riksdagens
580 2512 143 34 protokoll
747 2514 90 26 1926.
884 2514 17 25 9
925 2511 83 28 saml.
1055 2513 17 26 2
1096 2511 64 28 avd.
1187 2513 37 26 19
1250 2511 74 33 häft.
1370 2511 57 34 (Nr
1449 2511 64 34 22)
1582 2509 15 28 1
