1946 2848
99 1179 136 24 Motionen

131 1215 73 23 II:1.

332 162 18 30 8
648 161 395 32 Jordbruksutskottets
1077 160 189 33 utlåtande
1300 161 52 32 Nr
1384 160 51 30 65.

288 250 74 30 tera
386 248 64 32 och
474 248 101 30 sköta
598 247 57 31 sin
678 247 85 36 skog
788 247 64 30 och
875 247 77 31 sina
976 246 257 36 skogsmarker,
1258 247 109 30 funne
1391 246 56 31 det
1471 246 247 37 märkvärdigt
1742 248 53 30 att

289 301 57 31 det
369 299 177 32 utfärdats
570 298 501 38 fridlysningsbestämmelser
1094 298 55 31 för
1173 298 92 36 djur,
1286 308 74 21 som
1376 307 81 22 vore
1474 296 41 32 de
1532 298 129 32 största
1675 299 120 32 skade-

289 354 123 35 görare
447 352 44 35 på
515 350 143 37 skogen,
683 351 206 35 varigenom
912 350 203 36 plantering
1138 359 45 21 av
1206 350 132 31 sådana
1360 349 159 36 trädslag
1543 359 75 21 som
1640 351 77 36 tall,
1740 352 56 35 ek,

288 404 102 36 björk
414 413 45 20 m.
484 402 34 31 fl.
543 403 38 30 så
605 404 76 35 gott
705 412 73 21 som
806 401 299 37 omöjliggjordes.
1144 401 132 31 Därtill
1300 401 136 32 komme
1453 401 67 31 den
1536 401 110 31 skada
1661 412 134 22 samma

289 455 82 37 djur
394 454 240 32 åstadkomme
658 455 44 35 på
725 454 160 31 växande
910 453 107 36 gröda
1033 453 13 31 i
1063 453 299 36 skogstrakterna,
1379 453 62 32 där
1457 453 150 36 älgarna
1623 453 45 35 på
1682 454 114 35 några

290 507 109 36 dagar
423 506 117 31 kunde
564 506 152 31 förstöra
738 505 150 31 skörden
911 506 43 35 på
977 504 196 37 betydande
1198 504 175 32 områden.

330 558 62 31 Ett
415 558 181 31 önskemål
619 567 82 21 vore
716 557 114 37 enligt
845 558 277 30 motionärernas
1138 557 154 35 mening,
1308 557 53 30 att
1375 556 226 37 skogsvårds-
1623 556 61 31 och
1704 555 92 37 jakt-

288 610 148 36 lagarna
458 608 188 38 bringades
670 610 12 29 i
705 611 161 29 närmare
882 609 346 31 överensstämmelse
1238 608 77 31 med
1329 608 185 32 varandra.
1542 607 182 32 Tillåtelse
1737 608 59 30 till

289 662 85 31 eller
407 661 127 31 förbud
569 662 73 30 mot
674 661 77 36 jakt
783 661 88 31 efter
903 661 58 35 älg
984 660 105 31 borde
1113 660 76 31 icke
1212 661 210 30 bestämmas
1446 661 39 30 så
1507 661 177 36 noggrant
1707 659 90 31 efter

288 714 275 35 länsgränserna
597 723 74 21 som
704 713 142 35 hittills,
882 714 87 29 utan
996 712 174 31 likartade
1193 711 166 32 områden
1382 712 256 30 sammanföras
1661 712 136 31 oavsett

289 765 129 31 sådana
453 767 155 34 gränser.
654 765 70 30 Till
758 766 50 30 ett
843 764 109 31 härad
984 764 86 31 eller
1097 773 44 21 en
1165 764 135 35 socken,
1323 773 75 21 som
1421 763 79 36 låge
1524 764 11 29 i
1560 764 50 30 ett
1634 763 60 31 län
1716 763 79 32 med

289 816 216 32 totalförbud
541 818 72 29 mot
637 816 136 37 älgjakt
796 816 64 31 och
884 816 61 30 vid
968 818 153 33 gränsen
1144 815 59 31 till
1226 817 50 29 ett
1299 815 71 36 län,
1395 816 116 30 varest
1535 814 59 32 det
1618 825 81 20 vore
1722 815 74 31 till-

289 869 88 31 låtet
409 870 52 29 att
493 868 84 37 jaga
609 869 69 36 älg,
703 868 102 37 droge
830 868 55 35 sig
909 868 234 35 älgstammen
1166 867 64 31 och
1253 862 109 36 ökade
1385 867 55 36 sig
1463 867 43 35 på
1531 866 116 37 grund
1670 876 44 20 av
1739 866 58 31 det

289 921 109 31 totala
420 920 243 36 jaktförbudet
687 920 11 30 i
722 919 108 32 sådan
855 919 96 36 grad,
975 920 52 30 att
1051 920 94 30 stora
1168 918 170 37 mängder
1362 919 160 35 ungskog
1538 918 65 31 och
1619 918 61 31 säd
1695 918 102 31 bleve

290 971 217 32 fördärvade.
554 971 70 32 Vid
648 971 564 37 fridlysningsbestämmelsernas
1235 969 211 32 utfärdande
1469 969 105 32 borde
1597 970 113 36 enligt
1726 969 69 31 vad

290 1024 260 31 motionärerna
582 1024 116 30 uttala
730 1023 138 36 hänsyn
892 1024 99 34 tagas
1015 1024 91 29 även
1129 1022 58 31 till
1211 1022 224 36 skogsägares
1459 1022 63 31 och
1545 1021 252 37 jordbrukares

291 1076 172 31 intressen
498 1076 64 31 och
595 1075 261 36 omfattningen
880 1085 44 20 av
949 1075 121 35 älgens
1095 1073 242 37 skadegörelse
1361 1073 185 37 grundligt
1570 1073 225 31 undersökas.

333 1179 17 31 I
378 1179 66 32 den
467 1189 44 20 av
536 1179 121 30 herrar
681 1178 122 32 Olsson
827 1179 12 30 i
863 1178 143 31 Ramsta
1030 1178 64 31 och
1117 1178 112 31 Schill
1253 1178 126 30 väckta
1403 1177 178 31 motionen
1605 1177 63 30 har
1691 1177 105 30 fram-

290 1232 133 36 hållits,
447 1232 52 30 att
523 1231 68 31 den
614 1230 239 36 skadegörelse
878 1240 44 20 av
947 1230 109 36 älgar,
1080 1240 74 21 som
1175 1232 82 34 äger
1273 1240 79 20 rum
1368 1230 20 29 å
1404 1229 160 31 växande
1581 1228 107 37 gröda
1704 1228 63 31 här
1784 1228 13 30 i

290 1283 119 32 landet
432 1283 138 36 årligen
594 1284 137 35 uppgår
755 1283 59 30 till
837 1282 194 31 avsevärda
1054 1282 136 36 belopp.
1225 1281 81 32 Ofta
1329 1291 82 21 vore
1435 1281 56 31 det
1515 1282 39 30 så
1577 1281 53 30 att
1646 1281 150 35 torpare,

289 1335 243 31 arrendatorer
568 1335 64 30 och
666 1334 230 31 småbrukare
931 1334 12 30 i
977 1333 285 37 skogsbygderna
1288 1333 91 36 finge
1404 1333 54 30 sin
1482 1332 110 36 gröda
1615 1341 73 22 mer
1711 1331 86 31 eller

290 1387 135 31 mindre
458 1386 152 31 förstörd
642 1397 45 20 av
711 1386 109 36 älgar,
845 1386 87 30 utan
960 1385 186 36 möjlighet
1169 1387 52 29 att
1245 1385 36 31 få
1305 1386 115 35 någon
1443 1384 210 37 gottgörelse
1676 1384 121 30 härför

291 1448 124 27 genom
439 1438 193 36 älgjakten,
656 1438 43 31 då
723 1438 40 31 de
786 1438 13 30 i
822 1437 195 31 allmänhet
1040 1437 154 31 saknade
1217 1436 298 37 jakträttigheter.

333 1490 275 35 Motionärerna,
631 1500 75 21 som
730 1490 155 30 förklara
908 1489 53 35 sig
985 1489 75 31 icke
1085 1489 92 36 vilja
1200 1489 207 35 ifrågasätta
1430 1487 90 32 ökad
1543 1486 131 38 jakttid
1690 1487 20 30 å
1727 1486 70 37 älg,

291 1543 92 30 hava
417 1542 156 31 däremot
608 1543 114 29 ansett
757 1542 128 35 frågan
919 1551 56 20 om
1007 1540 193 31 beredande
1228 1551 44 20 av
1297 1540 208 35 gottgörelse
1529 1539 13 31 i
1566 1540 117 35 någon
1706 1538 92 31 form

291 1595 55 31 för
369 1594 66 31 den
460 1593 252 36 skadegörelse,
736 1603 73 21 som
833 1593 104 35 älgen
960 1592 260 31 åstadkommer
1243 1593 21 29 å
1287 1591 160 31 växande
1463 1591 119 36 gröda,
1599 1591 82 30 böra
1697 1591 101 34 tagas

292 1647 12 30 i
327 1645 253 36 övervägande.
626 1645 67 30 För
717 1644 125 31 sådant
865 1644 164 30 ändamål
1052 1644 122 30 tänkte
1197 1644 54 35 sig
1275 1643 259 31 motionärerna
1557 1641 241 37 upptagandet

292 1708 44 21 av
371 1708 42 20 en
447 1697 116 36 avgift
587 1697 54 30 för
665 1696 98 36 varje
786 1696 143 35 skjuten
954 1695 67 36 älg.
1067 1695 50 31 De
1141 1695 144 36 skjutna
1309 1695 145 35 älgarna
1477 1694 118 31 kunde
1620 1693 178 31 redovisas

292 1749 57 31 till
388 1748 259 32 vederbörande
687 1747 206 32 landsfiskal
929 1747 61 31 och
1025 1747 163 35 avgiften
1222 1746 185 36 samtidigt
1441 1746 172 36 erläggas.
1669 1745 48 30 De
1752 1755 46 20 av

293 1802 146 35 älgarna
481 1800 229 31 åstadkomna
753 1799 174 31 skadorna
969 1800 20 29 å
1032 1798 162 31 växande
1238 1797 107 37 gröda
1389 1797 116 31 kunde
1544 1797 159 31 anmälas
1739 1797 59 30 till

293 1851 396 36 kommunalnämnden,
725 1861 73 21 som
832 1851 116 31 skulle
982 1850 92 31 hava
1109 1851 53 30 att
1195 1850 176 36 besiktiga
1406 1849 62 31 och
1491 1848 150 32 värdera
1664 1848 134 31 skadan

293 1905 64 31 och
395 1904 145 31 däröver
579 1903 57 31 till
675 1903 135 36 Kungl.
845 1902 120 36 Maj:ts
999 1902 379 35 befallningshavande
1412 1901 148 31 insända
1594 1900 204 37 protokolls-

293 1956 136 36 utdrag.
475 1955 68 31 För
578 1956 96 30 detta
708 1954 165 32 ändamål
908 1954 114 31 skulle
1057 1953 187 37 nämnden,
1279 1963 57 21 om
1363 1954 37 30 så
1427 1953 171 31 befunnes
1622 1951 175 37 lämpligt,

293 2011 67 33 äga
398 2009 53 29 att
491 2008 96 30 inom
626 2007 85 30 eller
749 2006 143 31 utanför
927 2005 176 31 nämnden
1138 2006 76 30 utse
1249 2015 42 21 en
1326 2005 198 36 delegation
1558 2014 46 20 av
1639 2005 51 29 tre
1724 2013 75 26 per-

293 2069 111 22 soner.
453 2059 263 31 Motionärerna
745 2059 127 35 ansåge
901 2058 105 36 givet,
1031 2059 52 29 att
1106 2056 127 32 skador
1257 2068 44 20 av
1326 2056 135 31 mindre
1484 2056 215 35 omfattning
1722 2055 76 30 icke

294 2111 104 32 borde
422 2112 148 30 ersättas
595 2110 63 31 och
682 2110 119 31 tänkte
826 2110 55 35 sig
899 2111 150 34 gränsen
1066 2109 218 31 härutinnan
1300 2109 69 30 satt
1385 2108 57 31 till
1460 2108 39 30 15
1516 2108 147 30 kronors
1680 2106 117 31 värde.

293 2163 68 31 För
384 2163 196 36 slutgiltigt
604 2161 244 32 fastställande
869 2171 45 21 av
931 2160 399 37 skadeståndsbeloppen
1345 2160 104 31 borde
1465 2169 44 21 av
1526 2159 137 36 Kungl.
1680 2158 118 36 Maj:ts

294 2214 379 36 befallningshavande
708 2215 94 30 utses
836 2223 43 21 en
913 2212 211 31 länsnämnd
1159 2222 44 21 av
1238 2212 70 31 fem
1341 2221 173 27 personer,
1538 2211 123 30 vilken
1684 2210 115 31 skulle

295 2267 91 30 hava
410 2268 52 29 att
485 2268 109 34 pröva
619 2265 40 32 de
683 2266 169 30 inkomna
874 2265 289 35 ansökningarna
1187 2264 62 31 och
1272 2263 131 31 fördela
1427 2263 180 36 beloppen.
1649 2262 59 35 De,
1725 2271 73 21 som

295 2318 183 36 samtidigt
502 2317 204 32 redovisade
729 2317 147 36 skjutna
899 2317 98 36 älgar
1021 2316 63 31 och
1106 2316 98 31 sökte
1228 2316 198 35 ersättning
1449 2315 53 31 för
1523 2313 238 37 skadegörelse
1778 2314 21 30 å

296 2370 142 36 grödan,
463 2369 103 31 borde
590 2369 114 36 enligt
727 2369 276 31 motionärernas
1027 2367 144 37 mening
1197 2368 75 30 icke
1288 2367 134 31 erhålla
1438 2366 208 37 gottgörelse
1663 2366 12 30 i
1690 2365 109 31 sådan

295 2423 82 29 mån
401 2424 45 28 än
470 2421 123 31 värdet
616 2431 45 21 av
685 2421 134 31 skadan
839 2421 180 35 överstege
1036 2419 66 31 den
1118 2419 147 36 skjutna
1281 2419 104 36 älgen
1401 2419 84 30 eller
1502 2418 163 36 älgarnas
1681 2416 117 32 värde.

295 2474 174 36 Avgiften
503 2474 54 30 för
592 2473 142 36 skjuten
769 2473 58 35 älg
862 2472 120 31 tänkte
1017 2472 55 35 sig
1105 2471 261 32 motionärerna
1389 2471 172 35 antingen
1584 2468 133 32 fixerad
1741 2468 57 31 till
