<?xml version="1.0" encoding="UTF-8"?>
<alto xmlns="http://www.loc.gov/standards/alto/ns-v3#" xmlns:xlink="http://www.w3.org/1999/xlink" xmlns:xsi="http://www.w3.org/2001/XMLSchema-instance" xsi:schemaLocation="http://www.loc.gov/standards/alto/ns-v3# http://www.loc.gov/alto/v3/alto-3-0.xsd">
	<Description>
		<MeasurementUnit>pixel</MeasurementUnit>
		<sourceImageInformation>
			<fileName>/tmp/tess_f12pyxc0_input.PNG</fileName>
		</sourceImageInformation>
		<OCRProcessing ID="OCR_0">
			<ocrProcessingStep>
				<processingSoftware>
					<softwareName>tesseract 5.3.0</softwareName>
				</processingSoftware>
			</ocrProcessingStep>
		</OCRProcessing>
	</Description>
	<Layout>
		<Page WIDTH="2208" HEIGHT="2650" PHYSICAL_IMG_NR="0" ID="page_0">
			<PrintSpace HPOS="0" VPOS="0" WIDTH="2208" HEIGHT="2650">
				<ComposedBlock ID="cblock_0" HPOS="397" VPOS="172" WIDTH="1389" HEIGHT="49">
					<TextBlock ID="block_0" HPOS="397" VPOS="172" WIDTH="1389" HEIGHT="49">
						<TextLine ID="line_0" HPOS="397" VPOS="172" WIDTH="1389" HEIGHT="49">
							<String ID="string_0" HPOS="397" VPOS="172" WIDTH="18" HEIGHT="30" WC="0.96" CONTENT="4"/><SP WIDTH="180" VPOS="172" HPOS="415"/>
							<String ID="string_1" HPOS="595" VPOS="177" WIDTH="107" HEIGHT="30" WC="0.89" CONTENT="Andra"/><SP WIDTH="25" VPOS="177" HPOS="702"/>
							<String ID="string_2" HPOS="727" VPOS="179" WIDTH="199" HEIGHT="30" WC="0.96" CONTENT="Kammarens"/><SP WIDTH="28" VPOS="179" HPOS="926"/>
							<String ID="string_3" HPOS="954" VPOS="182" WIDTH="173" HEIGHT="38" WC="0.93" CONTENT="Tillfälliga"/><SP WIDTH="27" VPOS="182" HPOS="1127"/>
							<String ID="string_4" HPOS="1154" VPOS="184" WIDTH="134" HEIGHT="29" WC="0.92" CONTENT="Utskotts"/><SP WIDTH="24" VPOS="184" HPOS="1288"/>
							<String ID="string_5" HPOS="1312" VPOS="185" WIDTH="72" HEIGHT="33" WC="0.96" CONTENT="(N:o"/><SP WIDTH="24" VPOS="185" HPOS="1384"/>
							<String ID="string_6" HPOS="1408" VPOS="186" WIDTH="34" HEIGHT="35" WC="0.95" CONTENT="3)"/><SP WIDTH="29" VPOS="186" HPOS="1442"/>
							<String ID="string_7" HPOS="1471" VPOS="184" WIDTH="163" HEIGHT="33" WC="0.96" CONTENT="Utlåtande"/><SP WIDTH="23" VPOS="184" HPOS="1634"/>
							<String ID="string_8" HPOS="1657" VPOS="190" WIDTH="57" HEIGHT="29" WC="0.96" CONTENT="N:o"/><SP WIDTH="23" VPOS="190" HPOS="1714"/>
							<String ID="string_9" HPOS="1737" VPOS="192" WIDTH="49" HEIGHT="29" WC="0.95" CONTENT="29."/>
						</TextLine>
					</TextBlock>
				</ComposedBlock>
				<ComposedBlock ID="cblock_1" HPOS="395" VPOS="252" WIDTH="1598" HEIGHT="90">
					<TextBlock ID="block_1" HPOS="395" VPOS="252" WIDTH="1598" HEIGHT="90">
						<TextLine ID="line_1" HPOS="397" VPOS="252" WIDTH="1596" HEIGHT="58">
							<String ID="string_10" HPOS="397" VPOS="264" WIDTH="74" HEIGHT="23" WC="0.95" CONTENT="som"/><SP WIDTH="31" VPOS="264" HPOS="471"/>
							<String ID="string_11" HPOS="502" VPOS="252" WIDTH="97" HEIGHT="37" WC="0.95" CONTENT="helst"/><SP WIDTH="24" VPOS="252" HPOS="599"/>
							<String ID="string_12" HPOS="623" VPOS="255" WIDTH="156" HEIGHT="36" WC="0.96" CONTENT="anställa"/><SP WIDTH="29" VPOS="255" HPOS="779"/>
							<String ID="string_13" HPOS="808" VPOS="257" WIDTH="281" HEIGHT="48" WC="0.96" CONTENT="undersökning"/><SP WIDTH="34" VPOS="257" HPOS="1089"/>
							<String ID="string_14" HPOS="1123" VPOS="260" WIDTH="39" HEIGHT="34" WC="0.96" CONTENT="af"/><SP WIDTH="24" VPOS="260" HPOS="1162"/>
							<String ID="string_15" HPOS="1186" VPOS="260" WIDTH="55" HEIGHT="35" WC="0.93" CONTENT="för"/><SP WIDTH="34" VPOS="260" HPOS="1241"/>
							<String ID="string_16" HPOS="1275" VPOS="262" WIDTH="356" HEIGHT="48" WC="0.91" CONTENT="smugglingsförsök"/><SP WIDTH="31" VPOS="262" HPOS="1631"/>
							<String ID="string_17" HPOS="1662" VPOS="265" WIDTH="196" HEIGHT="40" WC="0.93" CONTENT="misstänkt"/><SP WIDTH="30" VPOS="265" HPOS="1858"/>
							<String ID="string_18" HPOS="1888" VPOS="268" WIDTH="105" HEIGHT="37" WC="0.85" CONTENT="fisko-"/>
						</TextLine>
						<TextLine ID="line_2" HPOS="395" VPOS="305" WIDTH="95" HEIGHT="37">
							<String ID="string_19" HPOS="395" VPOS="305" WIDTH="95" HEIGHT="37" WC="0.80" CONTENT="båt.»"/>
						</TextLine>
					</TextBlock>
				</ComposedBlock>
				<ComposedBlock ID="cblock_2" HPOS="380" VPOS="415" WIDTH="1613" HEIGHT="1881">
					<TextBlock ID="block_2" HPOS="394" VPOS="415" WIDTH="1599" HEIGHT="165">
						<TextLine ID="line_3" HPOS="501" VPOS="415" WIDTH="1492" HEIGHT="58">
							<String ID="string_20" HPOS="501" VPOS="415" WIDTH="58" HEIGHT="34" WC="0.96" CONTENT="Då"/><SP WIDTH="40" VPOS="415" HPOS="559"/>
							<String ID="string_21" HPOS="599" VPOS="416" WIDTH="61" HEIGHT="35" WC="0.96" CONTENT="det"/><SP WIDTH="41" VPOS="416" HPOS="660"/>
							<String ID="string_22" HPOS="701" VPOS="416" WIDTH="56" HEIGHT="35" WC="0.97" CONTENT="för"/><SP WIDTH="41" VPOS="416" HPOS="757"/>
							<String ID="string_23" HPOS="798" VPOS="417" WIDTH="229" HEIGHT="37" WC="0.96" CONTENT="bedömande"/><SP WIDTH="44" VPOS="417" HPOS="1027"/>
							<String ID="string_24" HPOS="1071" VPOS="420" WIDTH="40" HEIGHT="34" WC="0.96" CONTENT="af"/><SP WIDTH="25" VPOS="420" HPOS="1111"/>
							<String ID="string_25" HPOS="1136" VPOS="421" WIDTH="73" HEIGHT="34" WC="0.96" CONTENT="den"/><SP WIDTH="28" VPOS="421" HPOS="1209"/>
							<String ID="string_26" HPOS="1237" VPOS="421" WIDTH="253" HEIGHT="48" WC="0.96" CONTENT="föreliggande"/><SP WIDTH="30" VPOS="421" HPOS="1490"/>
							<String ID="string_27" HPOS="1520" VPOS="424" WIDTH="131" HEIGHT="47" WC="0.95" CONTENT="frågan"/><SP WIDTH="28" VPOS="424" HPOS="1651"/>
							<String ID="string_28" HPOS="1679" VPOS="429" WIDTH="105" HEIGHT="44" WC="0.96" CONTENT="synts"/><SP WIDTH="29" VPOS="429" HPOS="1784"/>
							<String ID="string_29" HPOS="1813" VPOS="429" WIDTH="180" HEIGHT="38" WC="0.93" CONTENT="utskottet"/>
						</TextLine>
						<TextLine ID="line_4" HPOS="394" VPOS="467" WIDTH="1598" HEIGHT="57">
							<String ID="string_30" HPOS="394" VPOS="467" WIDTH="138" HEIGHT="48" WC="0.96" CONTENT="viktigt"/><SP WIDTH="29" VPOS="467" HPOS="532"/>
							<String ID="string_31" HPOS="561" VPOS="472" WIDTH="53" HEIGHT="32" WC="0.96" CONTENT="att"/><SP WIDTH="28" VPOS="472" HPOS="614"/>
							<String ID="string_32" HPOS="642" VPOS="470" WIDTH="77" HEIGHT="35" WC="0.95" CONTENT="lära"/><SP WIDTH="28" VPOS="470" HPOS="719"/>
							<String ID="string_33" HPOS="747" VPOS="470" WIDTH="125" HEIGHT="36" WC="0.95" CONTENT="känna"/><SP WIDTH="29" VPOS="470" HPOS="872"/>
							<String ID="string_34" HPOS="901" VPOS="472" WIDTH="129" HEIGHT="47" WC="0.93" CONTENT="kungl."/><SP WIDTH="31" VPOS="472" HPOS="1030"/>
							<String ID="string_35" HPOS="1061" VPOS="474" WIDTH="423" HEIGHT="49" WC="0.91" CONTENT="generaltullstyrelsens"/><SP WIDTH="36" VPOS="474" HPOS="1484"/>
							<String ID="string_36" HPOS="1520" VPOS="478" WIDTH="99" HEIGHT="35" WC="0.96" CONTENT="åsikt"/><SP WIDTH="31" VPOS="478" HPOS="1619"/>
							<String ID="string_37" HPOS="1650" VPOS="478" WIDTH="12" HEIGHT="35" WC="0.96" CONTENT="i"/><SP WIDTH="29" VPOS="478" HPOS="1662"/>
							<String ID="string_38" HPOS="1691" VPOS="480" WIDTH="128" HEIGHT="44" WC="0.96" CONTENT="saken,"/><SP WIDTH="30" VPOS="480" HPOS="1819"/>
							<String ID="string_39" HPOS="1849" VPOS="483" WIDTH="66" HEIGHT="35" WC="0.93" CONTENT="har"/><SP WIDTH="23" VPOS="483" HPOS="1915"/>
							<String ID="string_40" HPOS="1938" VPOS="488" WIDTH="54" HEIGHT="32" WC="0.92" CONTENT="ut-"/>
						</TextLine>
						<TextLine ID="line_5" HPOS="394" VPOS="521" WIDTH="1415" HEIGHT="59">
							<String ID="string_41" HPOS="394" VPOS="521" WIDTH="139" HEIGHT="36" WC="0.96" CONTENT="skottet"/><SP WIDTH="27" VPOS="521" HPOS="533"/>
							<String ID="string_42" HPOS="560" VPOS="523" WIDTH="83" HEIGHT="35" WC="0.96" CONTENT="från"/><SP WIDTH="29" VPOS="523" HPOS="643"/>
							<String ID="string_43" HPOS="672" VPOS="524" WIDTH="114" HEIGHT="46" WC="0.96" CONTENT="sagda"/><SP WIDTH="30" VPOS="524" HPOS="786"/>
							<String ID="string_44" HPOS="816" VPOS="526" WIDTH="153" HEIGHT="46" WC="0.96" CONTENT="styrelse"/><SP WIDTH="30" VPOS="526" HPOS="969"/>
							<String ID="string_45" HPOS="999" VPOS="526" WIDTH="130" HEIGHT="47" WC="0.96" CONTENT="begärt"/><SP WIDTH="28" VPOS="526" HPOS="1129"/>
							<String ID="string_46" HPOS="1157" VPOS="529" WIDTH="68" HEIGHT="34" WC="0.96" CONTENT="och"/><SP WIDTH="30" VPOS="529" HPOS="1225"/>
							<String ID="string_47" HPOS="1255" VPOS="529" WIDTH="145" HEIGHT="36" WC="0.96" CONTENT="erhållit"/><SP WIDTH="28" VPOS="529" HPOS="1400"/>
							<String ID="string_48" HPOS="1428" VPOS="531" WIDTH="165" HEIGHT="48" WC="0.95" CONTENT="följande"/><SP WIDTH="29" VPOS="531" HPOS="1593"/>
							<String ID="string_49" HPOS="1622" VPOS="534" WIDTH="187" HEIGHT="46" WC="0.96" CONTENT="yttrande:"/>
						</TextLine>
					</TextBlock>
					<TextBlock ID="block_3" HPOS="388" VPOS="576" WIDTH="1604" HEIGHT="487">
						<TextLine ID="line_6" HPOS="506" VPOS="576" WIDTH="1486" HEIGHT="59">
							<String ID="string_50" HPOS="506" VPOS="576" WIDTH="92" HEIGHT="35" WC="0.90" CONTENT="»För"/><SP WIDTH="34" VPOS="576" HPOS="598"/>
							<String ID="string_51" HPOS="632" VPOS="580" WIDTH="52" HEIGHT="32" WC="0.96" CONTENT="att"/><SP WIDTH="28" VPOS="580" HPOS="684"/>
							<String ID="string_52" HPOS="712" VPOS="577" WIDTH="135" HEIGHT="36" WC="0.96" CONTENT="bereda"/><SP WIDTH="28" VPOS="577" HPOS="847"/>
							<String ID="string_53" HPOS="875" VPOS="580" WIDTH="218" HEIGHT="47" WC="0.96" CONTENT="utveckling"/><SP WIDTH="29" VPOS="580" HPOS="1093"/>
							<String ID="string_54" HPOS="1122" VPOS="584" WIDTH="37" HEIGHT="33" WC="0.93" CONTENT="åt"/><SP WIDTH="28" VPOS="584" HPOS="1159"/>
							<String ID="string_55" HPOS="1187" VPOS="582" WIDTH="239" HEIGHT="48" WC="0.91" CONTENT="saltsjöfisket"/><SP WIDTH="27" VPOS="582" HPOS="1426"/>
							<String ID="string_56" HPOS="1453" VPOS="585" WIDTH="69" HEIGHT="35" WC="0.95" CONTENT="har"/><SP WIDTH="42" VPOS="585" HPOS="1522"/>
							<String ID="string_57" HPOS="1564" VPOS="598" WIDTH="131" HEIGHT="34" WC="0.96" CONTENT="genom"/><SP WIDTH="43" VPOS="598" HPOS="1695"/>
							<String ID="string_58" HPOS="1738" VPOS="588" WIDTH="136" HEIGHT="47" WC="0.91" CONTENT="nädiga"/><SP WIDTH="28" VPOS="588" HPOS="1874"/>
							<String ID="string_59" HPOS="1902" VPOS="589" WIDTH="90" HEIGHT="37" WC="0.93" CONTENT="kun-"/>
						</TextLine>
						<TextLine ID="line_7" HPOS="393" VPOS="630" WIDTH="1599" HEIGHT="58">
							<String ID="string_60" HPOS="393" VPOS="630" WIDTH="170" HEIGHT="45" WC="0.91" CONTENT="görelsen"/><SP WIDTH="29" VPOS="630" HPOS="563"/>
							<String ID="string_61" HPOS="592" VPOS="630" WIDTH="72" HEIGHT="35" WC="0.96" CONTENT="den"/><SP WIDTH="30" VPOS="630" HPOS="664"/>
							<String ID="string_62" HPOS="694" VPOS="633" WIDTH="20" HEIGHT="32" WC="0.96" CONTENT="2"/><SP WIDTH="28" VPOS="633" HPOS="714"/>
							<String ID="string_63" HPOS="742" VPOS="630" WIDTH="83" HEIGHT="49" WC="0.96" CONTENT="juni"/><SP WIDTH="32" VPOS="630" HPOS="825"/>
							<String ID="string_64" HPOS="857" VPOS="635" WIDTH="98" HEIGHT="33" WC="0.96" CONTENT="1882"/><SP WIDTH="36" VPOS="635" HPOS="955"/>
							<String ID="string_65" HPOS="991" VPOS="635" WIDTH="84" HEIGHT="34" WC="0.93" CONTENT="med"/><SP WIDTH="19" VPOS="635" HPOS="1075"/>
							<String ID="string_66" HPOS="1094" VPOS="635" WIDTH="180" HEIGHT="47" WC="0.91" CONTENT="fiskepass"/><SP WIDTH="20" VPOS="635" HPOS="1274"/>
							<String ID="string_67" HPOS="1294" VPOS="636" WIDTH="169" HEIGHT="37" WC="0.93" CONTENT="försedda"/><SP WIDTH="29" VPOS="636" HPOS="1463"/>
							<String ID="string_68" HPOS="1492" VPOS="639" WIDTH="219" HEIGHT="48" WC="0.92" CONTENT="fiskefartyg"/><SP WIDTH="29" VPOS="639" HPOS="1711"/>
							<String ID="string_69" HPOS="1740" VPOS="642" WIDTH="210" HEIGHT="46" WC="0.91" CONTENT="medgifvits"/><SP WIDTH="30" VPOS="642" HPOS="1950"/>
							<String ID="string_70" HPOS="1980" VPOS="644" WIDTH="12" HEIGHT="35" WC="0.97" CONTENT="i"/>
						</TextLine>
						<TextLine ID="line_8" HPOS="392" VPOS="683" WIDTH="1598" HEIGHT="58">
							<String ID="string_71" HPOS="392" VPOS="683" WIDTH="415" HEIGHT="46" WC="0.91" CONTENT="seglationshänseende"/><SP WIDTH="42" VPOS="683" HPOS="807"/>
							<String ID="string_72" HPOS="849" VPOS="687" WIDTH="204" HEIGHT="48" WC="0.96" CONTENT="väsentliga"/><SP WIDTH="42" VPOS="687" HPOS="1053"/>
							<String ID="string_73" HPOS="1095" VPOS="688" WIDTH="162" HEIGHT="46" WC="0.96" CONTENT="friheter,"/><SP WIDTH="46" VPOS="688" HPOS="1257"/>
							<String ID="string_74" HPOS="1303" VPOS="691" WIDTH="125" HEIGHT="35" WC="0.96" CONTENT="hvilka"/><SP WIDTH="44" VPOS="691" HPOS="1428"/>
							<String ID="string_75" HPOS="1472" VPOS="694" WIDTH="79" HEIGHT="34" WC="0.92" CONTENT="åter"/><SP WIDTH="39" VPOS="694" HPOS="1551"/>
							<String ID="string_76" HPOS="1590" VPOS="694" WIDTH="168" HEIGHT="47" WC="0.92" CONTENT="betingat"/><SP WIDTH="42" VPOS="694" HPOS="1758"/>
							<String ID="string_77" HPOS="1800" VPOS="695" WIDTH="97" HEIGHT="36" WC="0.93" CONTENT="vissa"/><SP WIDTH="41" VPOS="695" HPOS="1897"/>
							<String ID="string_78" HPOS="1938" VPOS="696" WIDTH="52" HEIGHT="36" WC="0.92" CONTENT="in-"/>
						</TextLine>
						<TextLine ID="line_9" HPOS="392" VPOS="736" WIDTH="1598" HEIGHT="55">
							<String ID="string_79" HPOS="392" VPOS="736" WIDTH="275" HEIGHT="48" WC="0.91" CONTENT="skränkningar"/><SP WIDTH="33" VPOS="736" HPOS="667"/>
							<String ID="string_80" HPOS="700" VPOS="739" WIDTH="12" HEIGHT="34" WC="0.96" CONTENT="i"/><SP WIDTH="41" VPOS="739" HPOS="712"/>
							<String ID="string_81" HPOS="753" VPOS="739" WIDTH="226" HEIGHT="47" WC="0.95" CONTENT="rättigheten"/><SP WIDTH="42" VPOS="739" HPOS="979"/>
							<String ID="string_82" HPOS="1021" VPOS="745" WIDTH="54" HEIGHT="32" WC="0.96" CONTENT="att"/><SP WIDTH="27" VPOS="745" HPOS="1075"/>
							<String ID="string_83" HPOS="1102" VPOS="743" WIDTH="12" HEIGHT="34" WC="0.96" CONTENT="i"/><SP WIDTH="28" VPOS="743" HPOS="1114"/>
							<String ID="string_84" HPOS="1142" VPOS="743" WIDTH="171" HEIGHT="48" WC="0.96" CONTENT="fartygen"/><SP WIDTH="29" VPOS="743" HPOS="1313"/>
							<String ID="string_85" HPOS="1342" VPOS="744" WIDTH="76" HEIGHT="36" WC="0.96" CONTENT="föra"/><SP WIDTH="31" VPOS="744" HPOS="1418"/>
							<String ID="string_86" HPOS="1449" VPOS="758" WIDTH="116" HEIGHT="24" WC="0.93" CONTENT="varor."/><SP WIDTH="59" VPOS="758" HPOS="1565"/>
							<String ID="string_87" HPOS="1624" VPOS="748" WIDTH="238" HEIGHT="37" WC="0.47" CONTENT="MHärutinnan"/><SP WIDTH="27" VPOS="748" HPOS="1862"/>
							<String ID="string_88" HPOS="1889" VPOS="750" WIDTH="101" HEIGHT="36" WC="0.91" CONTENT="inne-"/>
						</TextLine>
						<TextLine ID="line_10" HPOS="391" VPOS="790" WIDTH="1599" HEIGHT="56">
							<String ID="string_89" HPOS="391" VPOS="790" WIDTH="117" HEIGHT="36" WC="0.93" CONTENT="håller"/><SP WIDTH="42" VPOS="790" HPOS="508"/>
							<String ID="string_90" HPOS="550" VPOS="791" WIDTH="250" HEIGHT="47" WC="0.93" CONTENT="kungörelsen"/><SP WIDTH="29" VPOS="791" HPOS="800"/>
							<String ID="string_91" HPOS="829" VPOS="793" WIDTH="132" HEIGHT="36" WC="0.96" CONTENT="förbud"/><SP WIDTH="29" VPOS="793" HPOS="961"/>
							<String ID="string_92" HPOS="990" VPOS="795" WIDTH="56" HEIGHT="36" WC="0.96" CONTENT="för"/><SP WIDTH="28" VPOS="795" HPOS="1046"/>
							<String ID="string_93" HPOS="1074" VPOS="796" WIDTH="134" HEIGHT="36" WC="0.96" CONTENT="fiskare"/><SP WIDTH="25" VPOS="796" HPOS="1208"/>
							<String ID="string_94" HPOS="1233" VPOS="801" WIDTH="54" HEIGHT="32" WC="0.96" CONTENT="att"/><SP WIDTH="29" VPOS="801" HPOS="1287"/>
							<String ID="string_95" HPOS="1316" VPOS="798" WIDTH="11" HEIGHT="35" WC="0.96" CONTENT="i"/><SP WIDTH="29" VPOS="798" HPOS="1327"/>
							<String ID="string_96" HPOS="1356" VPOS="798" WIDTH="172" HEIGHT="48" WC="0.95" CONTENT="fartygen"/><SP WIDTH="29" VPOS="798" HPOS="1528"/>
							<String ID="string_97" HPOS="1557" VPOS="801" WIDTH="78" HEIGHT="35" WC="0.96" CONTENT="föra"/><SP WIDTH="29" VPOS="801" HPOS="1635"/>
							<String ID="string_98" HPOS="1664" VPOS="803" WIDTH="115" HEIGHT="34" WC="0.96" CONTENT="andra"/><SP WIDTH="30" VPOS="803" HPOS="1779"/>
							<String ID="string_99" HPOS="1809" VPOS="816" WIDTH="105" HEIGHT="23" WC="0.96" CONTENT="varor"/><SP WIDTH="29" VPOS="816" HPOS="1914"/>
							<String ID="string_100" HPOS="1943" VPOS="810" WIDTH="47" HEIGHT="29" WC="0.96" CONTENT="än"/>
						</TextLine>
						<TextLine ID="line_11" HPOS="391" VPOS="843" WIDTH="1599" HEIGHT="50">
							<String ID="string_101" HPOS="391" VPOS="843" WIDTH="57" HEIGHT="35" WC="0.83" CONTENT="sin"/><SP WIDTH="41" VPOS="843" HPOS="448"/>
							<String ID="string_102" HPOS="489" VPOS="845" WIDTH="245" HEIGHT="47" WC="0.83" CONTENT="fiskredskap,"/><SP WIDTH="44" VPOS="845" HPOS="734"/>
							<String ID="string_103" HPOS="778" VPOS="847" WIDTH="101" HEIGHT="36" WC="0.95" CONTENT="färsk"/><SP WIDTH="42" VPOS="847" HPOS="879"/>
							<String ID="string_104" HPOS="921" VPOS="848" WIDTH="89" HEIGHT="35" WC="0.92" CONTENT="eller"/><SP WIDTH="42" VPOS="848" HPOS="1010"/>
							<String ID="string_105" HPOS="1052" VPOS="851" WIDTH="118" HEIGHT="34" WC="0.91" CONTENT="saltad"/><SP WIDTH="29" VPOS="851" HPOS="1170"/>
							<String ID="string_106" HPOS="1199" VPOS="851" WIDTH="72" HEIGHT="35" WC="0.96" CONTENT="fisk"/><SP WIDTH="30" VPOS="851" HPOS="1271"/>
							<String ID="string_107" HPOS="1301" VPOS="853" WIDTH="40" HEIGHT="33" WC="0.92" CONTENT="af"/><SP WIDTH="24" VPOS="853" HPOS="1341"/>
							<String ID="string_108" HPOS="1365" VPOS="852" WIDTH="115" HEIGHT="35" WC="0.92" CONTENT="tullfri"/><SP WIDTH="30" VPOS="852" HPOS="1480"/>
							<String ID="string_109" HPOS="1510" VPOS="853" WIDTH="258" HEIGHT="39" WC="0.96" CONTENT="beskaffenhet"/><SP WIDTH="29" VPOS="853" HPOS="1768"/>
							<String ID="string_110" HPOS="1797" VPOS="861" WIDTH="94" HEIGHT="32" WC="0.96" CONTENT="samt"/><SP WIDTH="28" VPOS="861" HPOS="1891"/>
							<String ID="string_111" HPOS="1919" VPOS="859" WIDTH="71" HEIGHT="34" WC="0.96" CONTENT="salt"/>
						</TextLine>
						<TextLine ID="line_12" HPOS="389" VPOS="897" WIDTH="1600" HEIGHT="57">
							<String ID="string_112" HPOS="389" VPOS="897" WIDTH="56" HEIGHT="35" WC="0.96" CONTENT="för"/><SP WIDTH="14" VPOS="897" HPOS="445"/>
							<String ID="string_113" HPOS="459" VPOS="898" WIDTH="140" HEIGHT="36" WC="0.93" CONTENT="fiskens"/><SP WIDTH="15" VPOS="898" HPOS="599"/>
							<String ID="string_114" HPOS="614" VPOS="899" WIDTH="216" HEIGHT="48" WC="0.87" CONTENT="insaltning."/><SP WIDTH="34" VPOS="899" HPOS="830"/>
							<String ID="string_115" HPOS="864" VPOS="902" WIDTH="113" HEIGHT="35" WC="0.96" CONTENT="Detta"/><SP WIDTH="15" VPOS="902" HPOS="977"/>
							<String ID="string_116" HPOS="992" VPOS="902" WIDTH="132" HEIGHT="36" WC="0.96" CONTENT="förbud"/><SP WIDTH="15" VPOS="902" HPOS="1124"/>
							<String ID="string_117" HPOS="1139" VPOS="904" WIDTH="156" HEIGHT="36" WC="0.96" CONTENT="innebär"/><SP WIDTH="16" VPOS="904" HPOS="1295"/>
							<String ID="string_118" HPOS="1311" VPOS="905" WIDTH="104" HEIGHT="36" WC="0.96" CONTENT="alltså"/><SP WIDTH="16" VPOS="905" HPOS="1415"/>
							<String ID="string_119" HPOS="1431" VPOS="906" WIDTH="135" HEIGHT="36" WC="0.96" CONTENT="hinder"/><SP WIDTH="14" VPOS="906" HPOS="1566"/>
							<String ID="string_120" HPOS="1580" VPOS="908" WIDTH="55" HEIGHT="35" WC="0.96" CONTENT="för"/><SP WIDTH="14" VPOS="908" HPOS="1635"/>
							<String ID="string_121" HPOS="1649" VPOS="909" WIDTH="147" HEIGHT="45" WC="0.96" CONTENT="fiskare,"/><SP WIDTH="18" VPOS="909" HPOS="1796"/>
							<String ID="string_122" HPOS="1814" VPOS="922" WIDTH="75" HEIGHT="24" WC="0.96" CONTENT="som"/><SP WIDTH="17" VPOS="922" HPOS="1889"/>
							<String ID="string_123" HPOS="1906" VPOS="911" WIDTH="83" HEIGHT="36" WC="0.96" CONTENT="icke"/>
						</TextLine>
						<TextLine ID="line_13" HPOS="390" VPOS="950" WIDTH="1597" HEIGHT="52">
							<String ID="string_124" HPOS="390" VPOS="950" WIDTH="64" HEIGHT="36" WC="0.96" CONTENT="vill"/><SP WIDTH="29" VPOS="950" HPOS="454"/>
							<String ID="string_125" HPOS="483" VPOS="953" WIDTH="227" HEIGHT="36" WC="0.96" CONTENT="underkasta"/><SP WIDTH="20" VPOS="953" HPOS="710"/>
							<String ID="string_126" HPOS="730" VPOS="953" WIDTH="56" HEIGHT="48" WC="0.93" CONTENT="sig"/><SP WIDTH="20" VPOS="953" HPOS="786"/>
							<String ID="string_127" HPOS="806" VPOS="954" WIDTH="247" HEIGHT="48" WC="0.91" CONTENT="tullstadgans"/><SP WIDTH="20" VPOS="954" HPOS="1053"/>
							<String ID="string_128" HPOS="1073" VPOS="957" WIDTH="240" HEIGHT="45" WC="0.96" CONTENT="föreskrifter,"/><SP WIDTH="28" VPOS="957" HPOS="1313"/>
							<String ID="string_129" HPOS="1341" VPOS="963" WIDTH="52" HEIGHT="31" WC="0.96" CONTENT="att"/><SP WIDTH="18" VPOS="963" HPOS="1393"/>
							<String ID="string_130" HPOS="1411" VPOS="959" WIDTH="89" HEIGHT="37" WC="0.93" CONTENT="idka"/><SP WIDTH="20" VPOS="959" HPOS="1500"/>
							<String ID="string_131" HPOS="1520" VPOS="961" WIDTH="171" HEIGHT="37" WC="0.91" CONTENT="fraktfart"/><SP WIDTH="20" VPOS="961" HPOS="1691"/>
							<String ID="string_132" HPOS="1711" VPOS="963" WIDTH="91" HEIGHT="35" WC="0.96" CONTENT="eller"/><SP WIDTH="16" VPOS="963" HPOS="1802"/>
							<String ID="string_133" HPOS="1818" VPOS="965" WIDTH="83" HEIGHT="35" WC="0.93" CONTENT="med"/><SP WIDTH="19" VPOS="965" HPOS="1901"/>
							<String ID="string_134" HPOS="1920" VPOS="965" WIDTH="67" HEIGHT="36" WC="0.92" CONTENT="far-"/>
						</TextLine>
						<TextLine ID="line_14" HPOS="388" VPOS="1006" WIDTH="1596" HEIGHT="57">
							<String ID="string_135" HPOS="388" VPOS="1007" WIDTH="114" HEIGHT="45" WC="0.91" CONTENT="tygen"/><SP WIDTH="28" VPOS="1007" HPOS="502"/>
							<String ID="string_136" HPOS="530" VPOS="1006" WIDTH="120" HEIGHT="36" WC="0.91" CONTENT="införa"/><SP WIDTH="29" VPOS="1006" HPOS="650"/>
							<String ID="string_137" HPOS="679" VPOS="1010" WIDTH="19" HEIGHT="32" WC="0.91" CONTENT="å"/><SP WIDTH="29" VPOS="1010" HPOS="698"/>
							<String ID="string_138" HPOS="727" VPOS="1007" WIDTH="141" HEIGHT="37" WC="0.96" CONTENT="utrikes"/><SP WIDTH="30" VPOS="1007" HPOS="868"/>
							<String ID="string_139" HPOS="898" VPOS="1013" WIDTH="55" HEIGHT="32" WC="0.96" CONTENT="ort"/><SP WIDTH="29" VPOS="1013" HPOS="953"/>
							<String ID="string_140" HPOS="982" VPOS="1010" WIDTH="153" HEIGHT="47" WC="0.93" CONTENT="intagna"/><SP WIDTH="15" VPOS="1010" HPOS="1135"/>
							<String ID="string_141" HPOS="1150" VPOS="1012" WIDTH="278" HEIGHT="46" WC="0.92" CONTENT="proviantvaror"/><SP WIDTH="15" VPOS="1012" HPOS="1428"/>
							<String ID="string_142" HPOS="1443" VPOS="1015" WIDTH="40" HEIGHT="34" WC="0.93" CONTENT="af"/><SP WIDTH="11" VPOS="1015" HPOS="1483"/>
							<String ID="string_143" HPOS="1494" VPOS="1015" WIDTH="206" HEIGHT="48" WC="0.92" CONTENT="tullpliktig"/><SP WIDTH="18" VPOS="1015" HPOS="1700"/>
							<String ID="string_144" HPOS="1718" VPOS="1017" WIDTH="266" HEIGHT="38" WC="0.96" CONTENT="beskaffenhet."/>
						</TextLine>
					</TextBlock>
					<TextBlock ID="block_4" HPOS="384" VPOS="1060" WIDTH="1604" HEIGHT="426">
						<TextLine ID="line_15" HPOS="493" VPOS="1060" WIDTH="1495" HEIGHT="59">
							<String ID="string_145" HPOS="493" VPOS="1060" WIDTH="59" HEIGHT="35" WC="0.96" CONTENT="Då"/><SP WIDTH="30" VPOS="1060" HPOS="552"/>
							<String ID="string_146" HPOS="582" VPOS="1060" WIDTH="229" HEIGHT="36" WC="0.96" CONTENT="motionären"/><SP WIDTH="29" VPOS="1060" HPOS="811"/>
							<String ID="string_147" HPOS="840" VPOS="1062" WIDTH="108" HEIGHT="36" WC="0.96" CONTENT="söker"/><SP WIDTH="28" VPOS="1062" HPOS="948"/>
							<String ID="string_148" HPOS="976" VPOS="1069" WIDTH="89" HEIGHT="41" WC="0.96" CONTENT="göra"/><SP WIDTH="28" VPOS="1069" HPOS="1065"/>
							<String ID="string_149" HPOS="1093" VPOS="1065" WIDTH="184" HEIGHT="47" WC="0.96" CONTENT="gällande,"/><SP WIDTH="32" VPOS="1065" HPOS="1277"/>
							<String ID="string_150" HPOS="1309" VPOS="1069" WIDTH="53" HEIGHT="33" WC="0.96" CONTENT="att"/><SP WIDTH="27" VPOS="1069" HPOS="1362"/>
							<String ID="string_151" HPOS="1389" VPOS="1067" WIDTH="157" HEIGHT="37" WC="0.96" CONTENT="berörda"/><SP WIDTH="29" VPOS="1067" HPOS="1546"/>
							<String ID="string_152" HPOS="1575" VPOS="1070" WIDTH="131" HEIGHT="36" WC="0.96" CONTENT="förbud"/><SP WIDTH="24" VPOS="1070" HPOS="1706"/>
							<String ID="string_153" HPOS="1730" VPOS="1071" WIDTH="117" HEIGHT="48" WC="0.96" CONTENT="jämte"/><SP WIDTH="30" VPOS="1071" HPOS="1847"/>
							<String ID="string_154" HPOS="1877" VPOS="1073" WIDTH="71" HEIGHT="35" WC="0.96" CONTENT="den"/><SP WIDTH="27" VPOS="1073" HPOS="1948"/>
							<String ID="string_155" HPOS="1975" VPOS="1073" WIDTH="13" HEIGHT="35" WC="0.96" CONTENT="i"/>
						</TextLine>
						<TextLine ID="line_16" HPOS="387" VPOS="1112" WIDTH="1601" HEIGHT="57">
							<String ID="string_156" HPOS="387" VPOS="1112" WIDTH="249" HEIGHT="47" WC="0.96" CONTENT="kungörelsen"/><SP WIDTH="38" VPOS="1112" HPOS="636"/>
							<String ID="string_157" HPOS="674" VPOS="1114" WIDTH="170" HEIGHT="49" WC="0.95" CONTENT="inrymda"/><SP WIDTH="23" VPOS="1114" HPOS="844"/>
							<String ID="string_158" HPOS="867" VPOS="1116" WIDTH="237" HEIGHT="38" WC="0.96" CONTENT="föreskriften"/><SP WIDTH="29" VPOS="1116" HPOS="1104"/>
							<String ID="string_159" HPOS="1133" VPOS="1132" WIDTH="57" HEIGHT="23" WC="0.96" CONTENT="om"/><SP WIDTH="30" VPOS="1132" HPOS="1190"/>
							<String ID="string_160" HPOS="1220" VPOS="1119" WIDTH="215" HEIGHT="49" WC="0.96" CONTENT="skyldighet"/><SP WIDTH="27" VPOS="1119" HPOS="1435"/>
							<String ID="string_161" HPOS="1462" VPOS="1122" WIDTH="57" HEIGHT="35" WC="0.96" CONTENT="för"/><SP WIDTH="29" VPOS="1122" HPOS="1519"/>
							<String ID="string_162" HPOS="1548" VPOS="1123" WIDTH="145" HEIGHT="46" WC="0.96" CONTENT="fiskare,"/><SP WIDTH="32" VPOS="1123" HPOS="1693"/>
							<String ID="string_163" HPOS="1725" VPOS="1137" WIDTH="77" HEIGHT="23" WC="0.96" CONTENT="som"/><SP WIDTH="33" VPOS="1137" HPOS="1802"/>
							<String ID="string_164" HPOS="1835" VPOS="1125" WIDTH="153" HEIGHT="37" WC="0.96" CONTENT="besöker"/>
						</TextLine>
						<TextLine ID="line_17" HPOS="386" VPOS="1167" WIDTH="1601" HEIGHT="59">
							<String ID="string_165" HPOS="386" VPOS="1167" WIDTH="228" HEIGHT="36" WC="0.96" CONTENT="främmande"/><SP WIDTH="30" VPOS="1167" HPOS="614"/>
							<String ID="string_166" HPOS="644" VPOS="1169" WIDTH="122" HEIGHT="45" WC="0.96" CONTENT="hamn,"/><SP WIDTH="28" VPOS="1169" HPOS="766"/>
							<String ID="string_167" HPOS="794" VPOS="1173" WIDTH="53" HEIGHT="32" WC="0.96" CONTENT="att"/><SP WIDTH="27" VPOS="1173" HPOS="847"/>
							<String ID="string_168" HPOS="874" VPOS="1171" WIDTH="158" HEIGHT="47" WC="0.93" CONTENT="uppvisa"/><SP WIDTH="28" VPOS="1171" HPOS="1032"/>
							<String ID="string_169" HPOS="1060" VPOS="1173" WIDTH="221" HEIGHT="47" WC="0.91" CONTENT="fiskepasset"/><SP WIDTH="27" VPOS="1173" HPOS="1281"/>
							<String ID="string_170" HPOS="1308" VPOS="1174" WIDTH="66" HEIGHT="35" WC="0.96" CONTENT="hos"/><SP WIDTH="23" VPOS="1174" HPOS="1374"/>
							<String ID="string_171" HPOS="1397" VPOS="1176" WIDTH="275" HEIGHT="37" WC="0.96" CONTENT="vederbörande"/><SP WIDTH="21" VPOS="1176" HPOS="1672"/>
							<String ID="string_172" HPOS="1693" VPOS="1179" WIDTH="219" HEIGHT="47" WC="0.96" CONTENT="myndighet"/><SP WIDTH="19" VPOS="1179" HPOS="1912"/>
							<String ID="string_173" HPOS="1931" VPOS="1180" WIDTH="56" HEIGHT="36" WC="0.96" CONTENT="för"/>
						</TextLine>
						<TextLine ID="line_18" HPOS="386" VPOS="1221" WIDTH="1600" HEIGHT="56">
							<String ID="string_174" HPOS="386" VPOS="1221" WIDTH="238" HEIGHT="47" WC="0.91" CONTENT="påteckning,"/><SP WIDTH="26" VPOS="1221" HPOS="624"/>
							<String ID="string_175" HPOS="650" VPOS="1222" WIDTH="112" HEIGHT="36" WC="0.96" CONTENT="bland"/><SP WIDTH="31" VPOS="1222" HPOS="762"/>
							<String ID="string_176" HPOS="793" VPOS="1227" WIDTH="122" HEIGHT="41" WC="0.96" CONTENT="annat,"/><SP WIDTH="31" VPOS="1227" HPOS="915"/>
							<String ID="string_177" HPOS="946" VPOS="1225" WIDTH="184" HEIGHT="37" WC="0.96" CONTENT="huruvida"/><SP WIDTH="29" VPOS="1225" HPOS="1130"/>
							<String ID="string_178" HPOS="1159" VPOS="1227" WIDTH="74" HEIGHT="35" WC="0.91" CONTENT="han"/><SP WIDTH="30" VPOS="1227" HPOS="1233"/>
							<String ID="string_179" HPOS="1263" VPOS="1228" WIDTH="152" HEIGHT="36" WC="0.91" CONTENT="anländt"/><SP WIDTH="28" VPOS="1228" HPOS="1415"/>
							<String ID="string_180" HPOS="1443" VPOS="1229" WIDTH="90" HEIGHT="36" WC="0.93" CONTENT="eller"/><SP WIDTH="30" VPOS="1229" HPOS="1533"/>
							<String ID="string_181" HPOS="1563" VPOS="1231" WIDTH="116" HEIGHT="46" WC="0.93" CONTENT="afgått"/><SP WIDTH="27" VPOS="1231" HPOS="1679"/>
							<String ID="string_182" HPOS="1706" VPOS="1232" WIDTH="13" HEIGHT="35" WC="0.93" CONTENT="i"/><SP WIDTH="19" VPOS="1232" HPOS="1719"/>
							<String ID="string_183" HPOS="1738" VPOS="1232" WIDTH="139" HEIGHT="37" WC="0.92" CONTENT="barlast"/><SP WIDTH="20" VPOS="1232" HPOS="1877"/>
							<String ID="string_184" HPOS="1897" VPOS="1234" WIDTH="89" HEIGHT="36" WC="0.96" CONTENT="eller"/>
						</TextLine>
						<TextLine ID="line_19" HPOS="387" VPOS="1274" WIDTH="1597" HEIGHT="57">
							<String ID="string_185" HPOS="387" VPOS="1275" WIDTH="82" HEIGHT="34" WC="0.95" CONTENT="med"/><SP WIDTH="32" VPOS="1275" HPOS="469"/>
							<String ID="string_186" HPOS="501" VPOS="1274" WIDTH="73" HEIGHT="37" WC="0.95" CONTENT="last"/><SP WIDTH="29" VPOS="1274" HPOS="574"/>
							<String ID="string_187" HPOS="603" VPOS="1275" WIDTH="39" HEIGHT="36" WC="0.96" CONTENT="af"/><SP WIDTH="25" VPOS="1275" HPOS="642"/>
							<String ID="string_188" HPOS="667" VPOS="1277" WIDTH="132" HEIGHT="35" WC="0.96" CONTENT="endast"/><SP WIDTH="28" VPOS="1277" HPOS="799"/>
							<String ID="string_189" HPOS="827" VPOS="1279" WIDTH="137" HEIGHT="35" WC="0.96" CONTENT="sådana"/><SP WIDTH="28" VPOS="1279" HPOS="964"/>
							<String ID="string_190" HPOS="992" VPOS="1292" WIDTH="119" HEIGHT="32" WC="0.96" CONTENT="varor,"/><SP WIDTH="31" VPOS="1292" HPOS="1111"/>
							<String ID="string_191" HPOS="1142" VPOS="1293" WIDTH="75" HEIGHT="23" WC="0.96" CONTENT="som"/><SP WIDTH="27" VPOS="1293" HPOS="1217"/>
							<String ID="string_192" HPOS="1244" VPOS="1284" WIDTH="58" HEIGHT="33" WC="0.96" CONTENT="må"/><SP WIDTH="29" VPOS="1284" HPOS="1302"/>
							<String ID="string_193" HPOS="1331" VPOS="1283" WIDTH="117" HEIGHT="35" WC="0.91" CONTENT="under"/><SP WIDTH="28" VPOS="1283" HPOS="1448"/>
							<String ID="string_194" HPOS="1476" VPOS="1284" WIDTH="182" HEIGHT="47" WC="0.91" CONTENT="fiskepass"/><SP WIDTH="29" VPOS="1284" HPOS="1658"/>
							<String ID="string_195" HPOS="1687" VPOS="1286" WIDTH="110" HEIGHT="45" WC="0.93" CONTENT="föras,"/><SP WIDTH="30" VPOS="1286" HPOS="1797"/>
							<String ID="string_196" HPOS="1827" VPOS="1287" WIDTH="157" HEIGHT="36" WC="0.92" CONTENT="tillkom-"/>
						</TextLine>
						<TextLine ID="line_20" HPOS="385" VPOS="1327" WIDTH="1600" HEIGHT="56">
							<String ID="string_197" HPOS="385" VPOS="1327" WIDTH="66" HEIGHT="36" WC="0.95" CONTENT="mit"/><SP WIDTH="27" VPOS="1327" HPOS="451"/>
							<String ID="string_198" HPOS="478" VPOS="1328" WIDTH="14" HEIGHT="35" WC="0.95" CONTENT="i"/><SP WIDTH="29" VPOS="1328" HPOS="492"/>
							<String ID="string_199" HPOS="521" VPOS="1330" WIDTH="96" HEIGHT="46" WC="0.92" CONTENT="syfte"/><SP WIDTH="42" VPOS="1330" HPOS="617"/>
							<String ID="string_200" HPOS="659" VPOS="1330" WIDTH="156" HEIGHT="37" WC="0.92" CONTENT="allenast"/><SP WIDTH="42" VPOS="1330" HPOS="815"/>
							<String ID="string_201" HPOS="857" VPOS="1335" WIDTH="52" HEIGHT="32" WC="0.96" CONTENT="att"/><SP WIDTH="42" VPOS="1335" HPOS="909"/>
							<String ID="string_202" HPOS="951" VPOS="1334" WIDTH="227" HEIGHT="36" WC="0.92" CONTENT="förekomma"/><SP WIDTH="44" VPOS="1334" HPOS="1178"/>
							<String ID="string_203" HPOS="1222" VPOS="1335" WIDTH="125" HEIGHT="46" WC="0.89" CONTENT="oloflig"/><SP WIDTH="36" VPOS="1335" HPOS="1347"/>
							<String ID="string_204" HPOS="1383" VPOS="1337" WIDTH="256" HEIGHT="46" WC="0.91" CONTENT="varuinförsel,"/><SP WIDTH="44" VPOS="1337" HPOS="1639"/>
							<String ID="string_205" HPOS="1683" VPOS="1341" WIDTH="104" HEIGHT="34" WC="0.96" CONTENT="torde"/><SP WIDTH="29" VPOS="1341" HPOS="1787"/>
							<String ID="string_206" HPOS="1816" VPOS="1340" WIDTH="88" HEIGHT="36" WC="0.93" CONTENT="böra"/><SP WIDTH="29" VPOS="1340" HPOS="1904"/>
							<String ID="string_207" HPOS="1933" VPOS="1354" WIDTH="52" HEIGHT="23" WC="0.89" CONTENT="er-"/>
						</TextLine>
						<TextLine ID="line_21" HPOS="384" VPOS="1381" WIDTH="1597" HEIGHT="63">
							<String ID="string_208" HPOS="384" VPOS="1381" WIDTH="111" HEIGHT="45" WC="0.91" CONTENT="inras,"/><SP WIDTH="45" VPOS="1381" HPOS="495"/>
							<String ID="string_209" HPOS="540" VPOS="1386" WIDTH="54" HEIGHT="32" WC="0.93" CONTENT="att"/><SP WIDTH="28" VPOS="1386" HPOS="594"/>
							<String ID="string_210" HPOS="622" VPOS="1383" WIDTH="239" HEIGHT="37" WC="0.92" CONTENT="omförmälda"/><SP WIDTH="28" VPOS="1383" HPOS="861"/>
							<String ID="string_211" HPOS="889" VPOS="1386" WIDTH="230" HEIGHT="37" WC="0.96" CONTENT="föreskrifter"/><SP WIDTH="27" VPOS="1386" HPOS="1119"/>
							<String ID="string_212" HPOS="1146" VPOS="1388" WIDTH="214" HEIGHT="37" WC="0.96" CONTENT="tillkommit"/><SP WIDTH="28" VPOS="1388" HPOS="1360"/>
							<String ID="string_213" HPOS="1388" VPOS="1391" WIDTH="109" HEIGHT="36" WC="0.96" CONTENT="äfven"/><SP WIDTH="29" VPOS="1391" HPOS="1497"/>
							<String ID="string_214" HPOS="1526" VPOS="1392" WIDTH="57" HEIGHT="35" WC="0.97" CONTENT="för"/><SP WIDTH="28" VPOS="1392" HPOS="1583"/>
							<String ID="string_215" HPOS="1611" VPOS="1392" WIDTH="162" HEIGHT="37" WC="0.95" CONTENT="kontroll"/><SP WIDTH="30" VPOS="1392" HPOS="1773"/>
							<String ID="string_216" HPOS="1803" VPOS="1391" WIDTH="178" HEIGHT="53" WC="0.91" CONTENT="däröfver,"/>
						</TextLine>
						<TextLine ID="line_22" HPOS="385" VPOS="1436" WIDTH="1296" HEIGHT="50">
							<String ID="string_217" HPOS="385" VPOS="1438" WIDTH="54" HEIGHT="32" WC="0.92" CONTENT="att"/><SP WIDTH="25" VPOS="1438" HPOS="439"/>
							<String ID="string_218" HPOS="464" VPOS="1436" WIDTH="175" HEIGHT="36" WC="0.91" CONTENT="fraktfart"/><SP WIDTH="29" VPOS="1436" HPOS="639"/>
							<String ID="string_219" HPOS="668" VPOS="1437" WIDTH="31" HEIGHT="48" WC="0.93" CONTENT="ej"/><SP WIDTH="32" VPOS="1437" HPOS="699"/>
							<String ID="string_220" HPOS="731" VPOS="1439" WIDTH="173" HEIGHT="47" WC="0.92" CONTENT="olofligen"/><SP WIDTH="29" VPOS="1439" HPOS="904"/>
							<String ID="string_221" HPOS="933" VPOS="1440" WIDTH="119" HEIGHT="36" WC="0.91" CONTENT="idkas."/><SP WIDTH="623" VPOS="1440" HPOS="1052"/>
							<String ID="string_222" HPOS="1675" VPOS="1476" WIDTH="6" HEIGHT="4" WC="0.25" CONTENT="|"/>
						</TextLine>
					</TextBlock>
					<TextBlock ID="block_5" HPOS="381" VPOS="1489" WIDTH="1602" HEIGHT="490">
						<TextLine ID="line_23" HPOS="490" VPOS="1489" WIDTH="1493" HEIGHT="56">
							<String ID="string_223" HPOS="490" VPOS="1489" WIDTH="138" HEIGHT="36" WC="0.94" CONTENT="Vidare"/><SP WIDTH="43" VPOS="1489" HPOS="628"/>
							<String ID="string_224" HPOS="671" VPOS="1493" WIDTH="124" HEIGHT="44" WC="0.94" CONTENT="påstår"/><SP WIDTH="42" VPOS="1493" HPOS="795"/>
							<String ID="string_225" HPOS="837" VPOS="1494" WIDTH="240" HEIGHT="44" WC="0.95" CONTENT="motionären,"/><SP WIDTH="45" VPOS="1494" HPOS="1077"/>
							<String ID="string_226" HPOS="1122" VPOS="1498" WIDTH="52" HEIGHT="33" WC="0.96" CONTENT="att"/><SP WIDTH="28" VPOS="1498" HPOS="1174"/>
							<String ID="string_227" HPOS="1202" VPOS="1496" WIDTH="12" HEIGHT="34" WC="0.96" CONTENT="i"/><SP WIDTH="28" VPOS="1496" HPOS="1214"/>
							<String ID="string_228" HPOS="1242" VPOS="1498" WIDTH="106" HEIGHT="46" WC="0.96" CONTENT="fråga"/><SP WIDTH="36" VPOS="1498" HPOS="1348"/>
							<String ID="string_229" HPOS="1384" VPOS="1510" WIDTH="57" HEIGHT="23" WC="0.96" CONTENT="om"/><SP WIDTH="25" VPOS="1510" HPOS="1441"/>
							<String ID="string_230" HPOS="1466" VPOS="1500" WIDTH="173" HEIGHT="45" WC="0.95" CONTENT="proviant"/><SP WIDTH="27" VPOS="1500" HPOS="1639"/>
							<String ID="string_231" HPOS="1666" VPOS="1501" WIDTH="56" HEIGHT="35" WC="0.96" CONTENT="för"/><SP WIDTH="27" VPOS="1501" HPOS="1722"/>
							<String ID="string_232" HPOS="1749" VPOS="1502" WIDTH="136" HEIGHT="35" WC="0.96" CONTENT="fiskare"/><SP WIDTH="30" VPOS="1502" HPOS="1885"/>
							<String ID="string_233" HPOS="1915" VPOS="1504" WIDTH="68" HEIGHT="34" WC="0.96" CONTENT="och"/>
						</TextLine>
						<TextLine ID="line_24" HPOS="383" VPOS="1542" WIDTH="1599" HEIGHT="56">
							<String ID="string_234" HPOS="383" VPOS="1542" WIDTH="94" HEIGHT="36" WC="0.95" CONTENT="hans"/><SP WIDTH="30" VPOS="1542" HPOS="477"/>
							<String ID="string_235" HPOS="507" VPOS="1544" WIDTH="251" HEIGHT="48" WC="0.53" CONTENT="medhjälpare"/><SP WIDTH="30" VPOS="1544" HPOS="758"/>
							<String ID="string_236" HPOS="788" VPOS="1546" WIDTH="74" HEIGHT="35" WC="0.96" CONTENT="ofta"/><SP WIDTH="24" VPOS="1546" HPOS="862"/>
							<String ID="string_237" HPOS="886" VPOS="1550" WIDTH="169" HEIGHT="44" WC="0.93" CONTENT="uppstått"/><SP WIDTH="27" VPOS="1550" HPOS="1055"/>
							<String ID="string_238" HPOS="1082" VPOS="1549" WIDTH="474" HEIGHT="49" WC="0.91" CONTENT="meningsskiljaktigheter"/><SP WIDTH="28" VPOS="1549" HPOS="1556"/>
							<String ID="string_239" HPOS="1584" VPOS="1553" WIDTH="135" HEIGHT="36" WC="0.95" CONTENT="mellan"/><SP WIDTH="28" VPOS="1553" HPOS="1719"/>
							<String ID="string_240" HPOS="1747" VPOS="1555" WIDTH="136" HEIGHT="36" WC="0.96" CONTENT="fiskare"/><SP WIDTH="30" VPOS="1555" HPOS="1883"/>
							<String ID="string_241" HPOS="1913" VPOS="1557" WIDTH="69" HEIGHT="35" WC="0.96" CONTENT="och"/>
						</TextLine>
						<TextLine ID="line_25" HPOS="383" VPOS="1597" WIDTH="1600" HEIGHT="56">
							<String ID="string_242" HPOS="383" VPOS="1597" WIDTH="278" HEIGHT="36" WC="0.92" CONTENT="vederbörande"/><SP WIDTH="24" VPOS="1597" HPOS="661"/>
							<String ID="string_243" HPOS="685" VPOS="1599" WIDTH="245" HEIGHT="49" WC="0.86" CONTENT="tullbetjänte."/><SP WIDTH="58" VPOS="1599" HPOS="930"/>
							<String ID="string_244" HPOS="988" VPOS="1602" WIDTH="179" HEIGHT="36" WC="0.91" CONTENT="Häremot"/><SP WIDTH="28" VPOS="1602" HPOS="1167"/>
							<String ID="string_245" HPOS="1195" VPOS="1604" WIDTH="112" HEIGHT="36" WC="0.96" CONTENT="hafva"/><SP WIDTH="29" VPOS="1604" HPOS="1307"/>
							<String ID="string_246" HPOS="1336" VPOS="1605" WIDTH="44" HEIGHT="35" WC="0.96" CONTENT="de"/><SP WIDTH="29" VPOS="1605" HPOS="1380"/>
							<String ID="string_247" HPOS="1409" VPOS="1606" WIDTH="270" HEIGHT="47" WC="0.96" CONTENT="myndigheter,"/><SP WIDTH="31" VPOS="1606" HPOS="1679"/>
							<String ID="string_248" HPOS="1710" VPOS="1609" WIDTH="148" HEIGHT="36" WC="0.92" CONTENT="hvilkas"/><SP WIDTH="20" VPOS="1609" HPOS="1858"/>
							<String ID="string_249" HPOS="1878" VPOS="1610" WIDTH="105" HEIGHT="36" WC="0.92" CONTENT="verk-"/>
						</TextLine>
						<TextLine ID="line_26" HPOS="384" VPOS="1651" WIDTH="1597" HEIGHT="53">
							<String ID="string_250" HPOS="384" VPOS="1651" WIDTH="143" HEIGHT="36" WC="0.96" CONTENT="samhet"/><SP WIDTH="41" VPOS="1651" HPOS="527"/>
							<String ID="string_251" HPOS="568" VPOS="1656" WIDTH="164" HEIGHT="32" WC="0.93" CONTENT="närmast"/><SP WIDTH="42" VPOS="1656" HPOS="732"/>
							<String ID="string_252" HPOS="774" VPOS="1653" WIDTH="146" HEIGHT="36" WC="0.91" CONTENT="beröres"/><SP WIDTH="43" VPOS="1653" HPOS="920"/>
							<String ID="string_253" HPOS="963" VPOS="1655" WIDTH="41" HEIGHT="35" WC="0.96" CONTENT="af"/><SP WIDTH="24" VPOS="1655" HPOS="1004"/>
							<String ID="string_254" HPOS="1028" VPOS="1655" WIDTH="282" HEIGHT="48" WC="0.96" CONTENT="ifrågavarande"/><SP WIDTH="29" VPOS="1655" HPOS="1310"/>
							<String ID="string_255" HPOS="1339" VPOS="1658" WIDTH="240" HEIGHT="46" WC="0.96" CONTENT="föreskrifter,"/><SP WIDTH="31" VPOS="1658" HPOS="1579"/>
							<String ID="string_256" HPOS="1610" VPOS="1661" WIDTH="12" HEIGHT="35" WC="0.93" CONTENT="i"/><SP WIDTH="27" VPOS="1661" HPOS="1622"/>
							<String ID="string_257" HPOS="1649" VPOS="1661" WIDTH="213" HEIGHT="37" WC="0.91" CONTENT="infordrade"/><SP WIDTH="28" VPOS="1661" HPOS="1862"/>
							<String ID="string_258" HPOS="1890" VPOS="1664" WIDTH="91" HEIGHT="35" WC="0.92" CONTENT="utlå-"/>
						</TextLine>
						<TextLine ID="line_27" HPOS="382" VPOS="1705" WIDTH="1599" HEIGHT="58">
							<String ID="string_259" HPOS="382" VPOS="1705" WIDTH="139" HEIGHT="35" WC="0.92" CONTENT="tanden"/><SP WIDTH="48" VPOS="1705" HPOS="521"/>
							<String ID="string_260" HPOS="569" VPOS="1707" WIDTH="175" HEIGHT="45" WC="0.31" CONTENT="genmiält,"/><SP WIDTH="45" VPOS="1707" HPOS="744"/>
							<String ID="string_261" HPOS="789" VPOS="1710" WIDTH="53" HEIGHT="33" WC="0.96" CONTENT="att"/><SP WIDTH="29" VPOS="1710" HPOS="842"/>
							<String ID="string_262" HPOS="871" VPOS="1708" WIDTH="61" HEIGHT="36" WC="0.96" CONTENT="vid"/><SP WIDTH="29" VPOS="1708" HPOS="932"/>
							<String ID="string_263" HPOS="961" VPOS="1709" WIDTH="155" HEIGHT="36" WC="0.93" CONTENT="fiskares"/><SP WIDTH="30" VPOS="1709" HPOS="1116"/>
							<String ID="string_264" HPOS="1146" VPOS="1712" WIDTH="118" HEIGHT="34" WC="0.92" CONTENT="afresa"/><SP WIDTH="31" VPOS="1712" HPOS="1264"/>
							<String ID="string_265" HPOS="1295" VPOS="1712" WIDTH="114" HEIGHT="35" WC="0.93" CONTENT="sådan"/><SP WIDTH="28" VPOS="1712" HPOS="1409"/>
							<String ID="string_266" HPOS="1437" VPOS="1714" WIDTH="434" HEIGHT="49" WC="0.91" CONTENT="meningsskiljaktighet"/><SP WIDTH="27" VPOS="1714" HPOS="1871"/>
							<String ID="string_267" HPOS="1898" VPOS="1717" WIDTH="83" HEIGHT="36" WC="0.96" CONTENT="icke"/>
						</TextLine>
						<TextLine ID="line_28" HPOS="382" VPOS="1758" WIDTH="1599" HEIGHT="58">
							<String ID="string_268" HPOS="382" VPOS="1758" WIDTH="145" HEIGHT="36" WC="0.96" CONTENT="kunnat"/><SP WIDTH="28" VPOS="1758" HPOS="527"/>
							<String ID="string_269" HPOS="555" VPOS="1759" WIDTH="239" HEIGHT="45" WC="0.96" CONTENT="förekomma,"/><SP WIDTH="33" VPOS="1759" HPOS="794"/>
							<String ID="string_270" HPOS="827" VPOS="1762" WIDTH="45" HEIGHT="34" WC="0.97" CONTENT="då"/><SP WIDTH="29" VPOS="1762" HPOS="872"/>
							<String ID="string_271" HPOS="901" VPOS="1762" WIDTH="250" HEIGHT="47" WC="0.96" CONTENT="kungörelsen"/><SP WIDTH="28" VPOS="1762" HPOS="1151"/>
							<String ID="string_272" HPOS="1179" VPOS="1764" WIDTH="83" HEIGHT="36" WC="0.96" CONTENT="icke"/><SP WIDTH="30" VPOS="1764" HPOS="1262"/>
							<String ID="string_273" HPOS="1292" VPOS="1765" WIDTH="127" HEIGHT="48" WC="0.96" CONTENT="lägger"/><SP WIDTH="28" VPOS="1765" HPOS="1419"/>
							<String ID="string_274" HPOS="1447" VPOS="1767" WIDTH="135" HEIGHT="36" WC="0.91" CONTENT="hinder"/><SP WIDTH="18" VPOS="1767" HPOS="1582"/>
							<String ID="string_275" HPOS="1600" VPOS="1768" WIDTH="13" HEIGHT="35" WC="0.91" CONTENT="i"/><SP WIDTH="20" VPOS="1768" HPOS="1613"/>
							<String ID="string_276" HPOS="1633" VPOS="1774" WIDTH="118" HEIGHT="42" WC="0.96" CONTENT="vägen"/><SP WIDTH="20" VPOS="1774" HPOS="1751"/>
							<String ID="string_277" HPOS="1771" VPOS="1770" WIDTH="57" HEIGHT="35" WC="0.96" CONTENT="för"/><SP WIDTH="18" VPOS="1770" HPOS="1828"/>
							<String ID="string_278" HPOS="1846" VPOS="1771" WIDTH="135" HEIGHT="36" WC="0.96" CONTENT="fiskare"/>
						</TextLine>
						<TextLine ID="line_29" HPOS="383" VPOS="1813" WIDTH="1599" HEIGHT="51">
							<String ID="string_279" HPOS="383" VPOS="1815" WIDTH="53" HEIGHT="33" WC="0.96" CONTENT="att"/><SP WIDTH="28" VPOS="1815" HPOS="436"/>
							<String ID="string_280" HPOS="464" VPOS="1813" WIDTH="170" HEIGHT="47" WC="0.96" CONTENT="medtaga"/><SP WIDTH="30" VPOS="1813" HPOS="634"/>
							<String ID="string_281" HPOS="664" VPOS="1813" WIDTH="55" HEIGHT="36" WC="0.96" CONTENT="för"/><SP WIDTH="27" VPOS="1813" HPOS="719"/>
							<String ID="string_282" HPOS="746" VPOS="1826" WIDTH="109" HEIGHT="24" WC="0.96" CONTENT="resan"/><SP WIDTH="29" VPOS="1826" HPOS="855"/>
							<String ID="string_283" HPOS="884" VPOS="1815" WIDTH="217" HEIGHT="49" WC="0.95" CONTENT="erforderlig"/><SP WIDTH="28" VPOS="1815" HPOS="1101"/>
							<String ID="string_284" HPOS="1129" VPOS="1818" WIDTH="182" HEIGHT="46" WC="0.95" CONTENT="proviant,"/><SP WIDTH="32" VPOS="1818" HPOS="1311"/>
							<String ID="string_285" HPOS="1343" VPOS="1823" WIDTH="93" HEIGHT="33" WC="0.21" CONTENT="samt"/><SP WIDTH="13" VPOS="1823" HPOS="1436"/>
							<String ID="string_286" HPOS="1449" VPOS="1824" WIDTH="53" HEIGHT="33" WC="0.21" CONTENT="att"/><SP WIDTH="29" VPOS="1824" HPOS="1502"/>
							<String ID="string_287" HPOS="1531" VPOS="1821" WIDTH="63" HEIGHT="36" WC="0.95" CONTENT="vid"/><SP WIDTH="14" VPOS="1821" HPOS="1594"/>
							<String ID="string_288" HPOS="1608" VPOS="1822" WIDTH="155" HEIGHT="37" WC="0.96" CONTENT="fiskares"/><SP WIDTH="17" VPOS="1822" HPOS="1763"/>
							<String ID="string_289" HPOS="1780" VPOS="1824" WIDTH="202" HEIGHT="37" WC="0.96" CONTENT="återkomst"/>
						</TextLine>
						<TextLine ID="line_30" HPOS="381" VPOS="1865" WIDTH="1598" HEIGHT="57">
							<String ID="string_290" HPOS="381" VPOS="1865" WIDTH="81" HEIGHT="36" WC="0.93" CONTENT="från"/><SP WIDTH="28" VPOS="1865" HPOS="462"/>
							<String ID="string_291" HPOS="490" VPOS="1866" WIDTH="178" HEIGHT="37" WC="0.92" CONTENT="fiskeresa"/><SP WIDTH="29" VPOS="1866" HPOS="668"/>
							<String ID="string_292" HPOS="697" VPOS="1869" WIDTH="429" HEIGHT="48" WC="0.90" CONTENT="meningsskiljaktighet"/><SP WIDTH="27" VPOS="1869" HPOS="1126"/>
							<String ID="string_293" HPOS="1153" VPOS="1875" WIDTH="168" HEIGHT="44" WC="0.96" CONTENT="uppstått"/><SP WIDTH="29" VPOS="1875" HPOS="1321"/>
							<String ID="string_294" HPOS="1350" VPOS="1875" WIDTH="130" HEIGHT="35" WC="0.96" CONTENT="endast"/><SP WIDTH="29" VPOS="1875" HPOS="1480"/>
							<String ID="string_295" HPOS="1509" VPOS="1875" WIDTH="46" HEIGHT="35" WC="0.96" CONTENT="då"/><SP WIDTH="30" VPOS="1875" HPOS="1555"/>
							<String ID="string_296" HPOS="1585" VPOS="1877" WIDTH="191" HEIGHT="45" WC="0.96" CONTENT="grundade"/><SP WIDTH="21" VPOS="1877" HPOS="1776"/>
							<String ID="string_297" HPOS="1797" VPOS="1878" WIDTH="81" HEIGHT="35" WC="0.96" CONTENT="skäl"/><SP WIDTH="19" VPOS="1878" HPOS="1878"/>
							<String ID="string_298" HPOS="1897" VPOS="1878" WIDTH="82" HEIGHT="36" WC="0.96" CONTENT="icke"/>
						</TextLine>
						<TextLine ID="line_31" HPOS="381" VPOS="1920" WIDTH="1596" HEIGHT="59">
							<String ID="string_299" HPOS="381" VPOS="1920" WIDTH="152" HEIGHT="36" WC="0.96" CONTENT="saknats"/><SP WIDTH="29" VPOS="1920" HPOS="533"/>
							<String ID="string_300" HPOS="562" VPOS="1920" WIDTH="56" HEIGHT="36" WC="0.96" CONTENT="för"/><SP WIDTH="28" VPOS="1920" HPOS="618"/>
							<String ID="string_301" HPOS="646" VPOS="1921" WIDTH="239" HEIGHT="46" WC="0.96" CONTENT="misstanken,"/><SP WIDTH="24" VPOS="1921" HPOS="885"/>
							<String ID="string_302" HPOS="909" VPOS="1927" WIDTH="54" HEIGHT="32" WC="0.96" CONTENT="att"/><SP WIDTH="15" VPOS="1927" HPOS="963"/>
							<String ID="string_303" HPOS="978" VPOS="1924" WIDTH="129" HEIGHT="36" WC="0.96" CONTENT="därvid"/><SP WIDTH="17" VPOS="1924" HPOS="1107"/>
							<String ID="string_304" HPOS="1124" VPOS="1926" WIDTH="165" HEIGHT="35" WC="0.96" CONTENT="medförd"/><SP WIDTH="15" VPOS="1926" HPOS="1289"/>
							<String ID="string_305" HPOS="1304" VPOS="1928" WIDTH="381" HEIGHT="46" WC="0.94" CONTENT="proviant"/><SP WIDTH="-199" VPOS="1928" HPOS="1685"/>
							<String ID="string_306" HPOS="1486" VPOS="1916" WIDTH="18" HEIGHT="67" WC="0.94" CONTENT="i"/><SP WIDTH="20" VPOS="1916" HPOS="1504"/>
							<String ID="string_307" HPOS="1524" VPOS="1928" WIDTH="161" HEIGHT="46" WC="0.93" CONTENT="utlandet"/><SP WIDTH="15" VPOS="1928" HPOS="1685"/>
							<String ID="string_308" HPOS="1700" VPOS="1931" WIDTH="277" HEIGHT="48" WC="0.92" CONTENT="ombordtagits."/>
						</TextLine>
					</TextBlock>
					<TextBlock ID="block_6" HPOS="380" VPOS="1974" WIDTH="1600" HEIGHT="322">
						<TextLine ID="line_32" HPOS="486" VPOS="1974" WIDTH="1494" HEIGHT="56">
							<String ID="string_309" HPOS="486" VPOS="1975" WIDTH="58" HEIGHT="34" WC="0.96" CONTENT="Då"/><SP WIDTH="30" VPOS="1975" HPOS="544"/>
							<String ID="string_310" HPOS="574" VPOS="1974" WIDTH="40" HEIGHT="36" WC="0.95" CONTENT="af"/><SP WIDTH="32" VPOS="1974" HPOS="614"/>
							<String ID="string_311" HPOS="646" VPOS="1974" WIDTH="155" HEIGHT="37" WC="0.96" CONTENT="berörda"/><SP WIDTH="41" VPOS="1974" HPOS="801"/>
							<String ID="string_312" HPOS="842" VPOS="1978" WIDTH="218" HEIGHT="35" WC="0.96" CONTENT="utlåtanden"/><SP WIDTH="43" VPOS="1978" HPOS="1060"/>
							<String ID="string_313" HPOS="1103" VPOS="1983" WIDTH="93" HEIGHT="31" WC="0.96" CONTENT="samt"/><SP WIDTH="41" VPOS="1983" HPOS="1196"/>
							<String ID="string_314" HPOS="1237" VPOS="1980" WIDTH="99" HEIGHT="36" WC="0.96" CONTENT="hvad"/><SP WIDTH="41" VPOS="1980" HPOS="1336"/>
							<String ID="string_315" HPOS="1377" VPOS="1983" WIDTH="178" HEIGHT="46" WC="0.93" CONTENT="styrelsen"/><SP WIDTH="33" VPOS="1983" HPOS="1555"/>
							<String ID="string_316" HPOS="1588" VPOS="1983" WIDTH="12" HEIGHT="34" WC="0.96" CONTENT="i"/><SP WIDTH="29" VPOS="1983" HPOS="1600"/>
							<String ID="string_317" HPOS="1629" VPOS="1983" WIDTH="109" HEIGHT="47" WC="0.96" CONTENT="öfrigt"/><SP WIDTH="42" VPOS="1983" HPOS="1738"/>
							<String ID="string_318" HPOS="1780" VPOS="1985" WIDTH="126" HEIGHT="36" WC="0.95" CONTENT="erfarit"/><SP WIDTH="28" VPOS="1985" HPOS="1906"/>
							<String ID="string_319" HPOS="1934" VPOS="1987" WIDTH="46" HEIGHT="35" WC="0.96" CONTENT="de"/>
						</TextLine>
						<TextLine ID="line_33" HPOS="381" VPOS="2028" WIDTH="1597" HEIGHT="57">
							<String ID="string_320" HPOS="381" VPOS="2028" WIDTH="132" HEIGHT="35" WC="0.96" CONTENT="hittills"/><SP WIDTH="28" VPOS="2028" HPOS="513"/>
							<String ID="string_321" HPOS="541" VPOS="2028" WIDTH="13" HEIGHT="35" WC="0.96" CONTENT="i"/><SP WIDTH="28" VPOS="2028" HPOS="554"/>
							<String ID="string_322" HPOS="582" VPOS="2029" WIDTH="241" HEIGHT="36" WC="0.96" CONTENT="förevarande"/><SP WIDTH="43" VPOS="2029" HPOS="823"/>
							<String ID="string_323" HPOS="866" VPOS="2031" WIDTH="173" HEIGHT="36" WC="0.96" CONTENT="afseende"/><SP WIDTH="29" VPOS="2031" HPOS="1039"/>
							<String ID="string_324" HPOS="1068" VPOS="2032" WIDTH="213" HEIGHT="48" WC="0.96" CONTENT="tillämpade"/><SP WIDTH="29" VPOS="2032" HPOS="1281"/>
							<String ID="string_325" HPOS="1310" VPOS="2035" WIDTH="228" HEIGHT="37" WC="0.96" CONTENT="föreskrifter"/><SP WIDTH="29" VPOS="2035" HPOS="1538"/>
							<String ID="string_326" HPOS="1567" VPOS="2037" WIDTH="95" HEIGHT="36" WC="0.96" CONTENT="visat"/><SP WIDTH="28" VPOS="2037" HPOS="1662"/>
							<String ID="string_327" HPOS="1690" VPOS="2038" WIDTH="56" HEIGHT="47" WC="0.93" CONTENT="sig"/><SP WIDTH="30" VPOS="2038" HPOS="1746"/>
							<String ID="string_328" HPOS="1776" VPOS="2040" WIDTH="202" HEIGHT="36" WC="0.92" CONTENT="ändamåls-"/>
						</TextLine>
						<TextLine ID="line_34" HPOS="381" VPOS="2081" WIDTH="1598" HEIGHT="57">
							<String ID="string_329" HPOS="381" VPOS="2081" WIDTH="123" HEIGHT="47" WC="0.92" CONTENT="enliga"/><SP WIDTH="42" VPOS="2081" HPOS="504"/>
							<String ID="string_330" HPOS="546" VPOS="2086" WIDTH="90" HEIGHT="31" WC="0.96" CONTENT="utan"/><SP WIDTH="40" VPOS="2086" HPOS="636"/>
							<String ID="string_331" HPOS="676" VPOS="2086" WIDTH="53" HEIGHT="32" WC="0.96" CONTENT="att"/><SP WIDTH="27" VPOS="2086" HPOS="729"/>
							<String ID="string_332" HPOS="756" VPOS="2083" WIDTH="56" HEIGHT="36" WC="0.96" CONTENT="för"/><SP WIDTH="27" VPOS="2083" HPOS="812"/>
							<String ID="string_333" HPOS="839" VPOS="2084" WIDTH="310" HEIGHT="49" WC="0.96" CONTENT="fiskerinäringen"/><SP WIDTH="30" VPOS="2084" HPOS="1149"/>
							<String ID="string_334" HPOS="1179" VPOS="2088" WIDTH="163" HEIGHT="35" WC="0.96" CONTENT="medföra"/><SP WIDTH="29" VPOS="2088" HPOS="1342"/>
							<String ID="string_335" HPOS="1371" VPOS="2092" WIDTH="113" HEIGHT="32" WC="0.96" CONTENT="större"/><SP WIDTH="31" VPOS="2092" HPOS="1484"/>
							<String ID="string_336" HPOS="1515" VPOS="2091" WIDTH="198" HEIGHT="47" WC="0.96" CONTENT="olägenhet"/><SP WIDTH="28" VPOS="2091" HPOS="1713"/>
							<String ID="string_337" HPOS="1741" VPOS="2097" WIDTH="48" HEIGHT="30" WC="0.96" CONTENT="än"/><SP WIDTH="29" VPOS="2097" HPOS="1789"/>
							<String ID="string_338" HPOS="1818" VPOS="2105" WIDTH="75" HEIGHT="24" WC="0.94" CONTENT="som"/><SP WIDTH="30" VPOS="2105" HPOS="1893"/>
							<String ID="string_339" HPOS="1923" VPOS="2094" WIDTH="56" HEIGHT="35" WC="0.94" CONTENT="för"/>
						</TextLine>
						<TextLine ID="line_35" HPOS="380" VPOS="2135" WIDTH="1598" HEIGHT="56">
							<String ID="string_340" HPOS="380" VPOS="2135" WIDTH="210" HEIGHT="36" WC="0.96" CONTENT="beredande"/><SP WIDTH="43" VPOS="2135" HPOS="590"/>
							<String ID="string_341" HPOS="633" VPOS="2136" WIDTH="39" HEIGHT="35" WC="0.96" CONTENT="af"/><SP WIDTH="25" VPOS="2136" HPOS="672"/>
							<String ID="string_342" HPOS="697" VPOS="2137" WIDTH="72" HEIGHT="35" WC="0.96" CONTENT="den"/><SP WIDTH="28" VPOS="2137" HPOS="769"/>
							<String ID="string_343" HPOS="797" VPOS="2150" WIDTH="44" HEIGHT="23" WC="0.93" CONTENT="ur"/><SP WIDTH="23" VPOS="2150" HPOS="841"/>
							<String ID="string_344" HPOS="864" VPOS="2139" WIDTH="219" HEIGHT="36" WC="0.92" CONTENT="tullverkets"/><SP WIDTH="36" VPOS="2139" HPOS="1083"/>
							<String ID="string_345" HPOS="1119" VPOS="2142" WIDTH="193" HEIGHT="46" WC="0.96" CONTENT="synpunkt"/><SP WIDTH="28" VPOS="2142" HPOS="1312"/>
							<String ID="string_346" HPOS="1340" VPOS="2142" WIDTH="238" HEIGHT="49" WC="0.96" CONTENT="erforderliga"/><SP WIDTH="29" VPOS="2142" HPOS="1578"/>
							<String ID="string_347" HPOS="1607" VPOS="2145" WIDTH="161" HEIGHT="36" WC="0.96" CONTENT="kontroll"/><SP WIDTH="29" VPOS="2145" HPOS="1768"/>
							<String ID="string_348" HPOS="1797" VPOS="2152" WIDTH="40" HEIGHT="30" WC="0.93" CONTENT="är"/><SP WIDTH="28" VPOS="2152" HPOS="1837"/>
							<String ID="string_349" HPOS="1865" VPOS="2148" WIDTH="113" HEIGHT="35" WC="0.93" CONTENT="ound-"/>
						</TextLine>
						<TextLine ID="line_36" HPOS="380" VPOS="2189" WIDTH="1598" HEIGHT="58">
							<String ID="string_350" HPOS="380" VPOS="2189" WIDTH="164" HEIGHT="47" WC="0.96" CONTENT="gänglig,"/><SP WIDTH="31" VPOS="2189" HPOS="544"/>
							<String ID="string_351" HPOS="575" VPOS="2189" WIDTH="74" HEIGHT="36" WC="0.96" CONTENT="kan"/><SP WIDTH="29" VPOS="2189" HPOS="649"/>
							<String ID="string_352" HPOS="678" VPOS="2192" WIDTH="181" HEIGHT="46" WC="0.96" CONTENT="styrelsen"/><SP WIDTH="28" VPOS="2192" HPOS="859"/>
							<String ID="string_353" HPOS="887" VPOS="2192" WIDTH="82" HEIGHT="36" WC="0.96" CONTENT="icke"/><SP WIDTH="34" VPOS="2192" HPOS="969"/>
							<String ID="string_354" HPOS="1003" VPOS="2194" WIDTH="102" HEIGHT="35" WC="0.96" CONTENT="finna"/><SP WIDTH="33" VPOS="2194" HPOS="1105"/>
							<String ID="string_355" HPOS="1138" VPOS="2195" WIDTH="44" HEIGHT="35" WC="0.96" CONTENT="de"/><SP WIDTH="30" VPOS="2195" HPOS="1182"/>
							<String ID="string_356" HPOS="1212" VPOS="2195" WIDTH="40" HEIGHT="35" WC="0.96" CONTENT="af"/><SP WIDTH="26" VPOS="2195" HPOS="1252"/>
							<String ID="string_357" HPOS="1278" VPOS="2196" WIDTH="225" HEIGHT="36" WC="0.96" CONTENT="motionären"/><SP WIDTH="30" VPOS="2196" HPOS="1503"/>
							<String ID="string_358" HPOS="1533" VPOS="2198" WIDTH="215" HEIGHT="47" WC="0.93" CONTENT="ifrågasatta"/><SP WIDTH="25" VPOS="2198" HPOS="1748"/>
							<String ID="string_359" HPOS="1773" VPOS="2199" WIDTH="205" HEIGHT="48" WC="0.92" CONTENT="lindringar"/>
						</TextLine>
						<TextLine ID="line_37" HPOS="380" VPOS="2242" WIDTH="1024" HEIGHT="54">
							<String ID="string_360" HPOS="380" VPOS="2242" WIDTH="12" HEIGHT="35" WC="0.95" CONTENT="i"/><SP WIDTH="29" VPOS="2242" HPOS="392"/>
							<String ID="string_361" HPOS="421" VPOS="2243" WIDTH="106" HEIGHT="35" WC="0.95" CONTENT="dessa"/><SP WIDTH="29" VPOS="2243" HPOS="527"/>
							<String ID="string_362" HPOS="556" VPOS="2243" WIDTH="229" HEIGHT="37" WC="0.96" CONTENT="föreskrifter"/><SP WIDTH="27" VPOS="2243" HPOS="785"/>
							<String ID="string_363" HPOS="812" VPOS="2245" WIDTH="56" HEIGHT="36" WC="0.96" CONTENT="för"/><SP WIDTH="28" VPOS="2245" HPOS="868"/>
							<String ID="string_364" HPOS="896" VPOS="2248" WIDTH="231" HEIGHT="35" WC="0.95" CONTENT="närvarande"/><SP WIDTH="29" VPOS="2248" HPOS="1127"/>
							<String ID="string_365" HPOS="1156" VPOS="2248" WIDTH="248" HEIGHT="48" WC="0.96" CONTENT="erforderliga."/>
						</TextLine>
					</TextBlock>
				</ComposedBlock>
			</PrintSpace>
		</Page>
	</Layout>
</alto>
