2210 2616
1713 148 20 12 vu

364 154 19 29 6
590 150 118 32 Andra
732 149 203 32 kammarens
952 149 116 39 första
1096 147 168 41 tillfälliga
1288 147 133 32 utskotts
1444 146 170 33 utlåtande
1637 146 52 31 Nr
1715 159 27 18 7.

469 240 86 33 Svar
591 242 43 40 på
671 239 164 32 inkomna
869 238 240 41 ansökningar,
1146 248 73 22 som
1255 237 81 32 böra
1367 239 151 39 upptaga
1543 235 201 42 fullständig
1769 235 63 33 och
1856 234 108 42 tydlig

363 285 123 36 adress,
512 284 132 33 lämnas
668 284 109 32 under
801 285 104 31 våren
929 282 152 42 följande
1107 284 45 30 år.
1178 301 42 3 —
1245 300 41 4 —

470 349 167 35 Fondens
679 348 232 44 sekreterare,
956 345 391 49 läroverksadjunkten
1389 346 41 34 E.
1475 344 169 44 HEliseson,
1688 344 66 35 har
1791 356 56 23 om
1885 345 79 33 dess

364 403 292 36 hittillsvarande
685 402 233 36 verksamhet
946 400 238 48 godhetsfullt
1212 400 136 35 lämnat
1376 398 159 48 följande
1565 398 250 35 meddelande:

727 507 97 35 Antal
851 506 229 42 ansökningar
1104 506 62 33 och
1192 506 148 41 antagna
1364 504 236 43 stipendiater.

630 645 22 32 Ä
841 614 291 33 Ansökningar
1350 612 291 33 Stipendiater

672 660 13 17 r
1245 668 7 1 -

782 696 67 25 Män
879 691 29 44 |
920 695 132 26 Kvinnor
1069 691 17 44 |
1099 695 116 25 Summa
1290 693 65 25 Män
1431 694 132 26 Kvinnor
1581 688 17 44 |
1609 692 117 25 Summa

618 805 80 31 1911
801 803 64 32 218
959 803 62 31 179
1139 802 62 32 397
1307 801 42 32 25
1478 802 40 30 19
1657 801 44 29 44

618 867 82 31 1912
801 866 65 32 634
957 865 63 31 387
1108 865 93 37 1,021
1306 864 42 32 32
1476 864 41 31 27
1657 862 43 31 59

618 930 82 31 1913
801 928 63 32 547
957 927 64 32 336
1141 927 62 31 883
1307 927 39 30 31
1479 927 39 30 19
1657 925 44 31 50

582 1018 3 25 |
634 1000 54 32 Sa
736 1032 2 10 |
769 1000 95 39 1,399
902 975 23 72 |
958 1000 64 31 902
1059 975 23 72 |
1107 999 94 38 2,301
1236 979 3 61 |
1308 998 42 31 88
1477 997 44 32 65
1563 974 36 69 |
1639 996 61 31 158

472 1093 74 34 Det
575 1092 111 35 första
714 1090 306 47 ansökningsåret
1047 1101 65 24 var
1140 1091 130 33 största
1299 1088 136 35 antalet
1463 1087 162 36 sökande
1644 1086 81 35 från
1746 1085 219 36 Stockholm.

367 1146 127 35 Andra
523 1148 78 33 året
628 1157 84 24 voro
741 1145 45 35 de
813 1143 157 47 manliga
989 1142 154 47 ungefär
1162 1142 75 35 lika
1257 1144 129 44 många
1406 1140 263 36 stockholmare
1690 1140 65 35 och
1775 1139 194 35 landsorts-

367 1201 74 43 bor,
486 1211 85 23 men
613 1198 207 36 kvinnorna
862 1197 224 36 fortfarande
1124 1197 131 34 största
1284 1195 135 35 antalet
1448 1194 81 35 från
1560 1193 221 36 Stockholm.
1839 1191 130 47 Tredje

367 1253 303 47 ansökningsåret
697 1264 85 24 voro
811 1256 157 30 männen
996 1249 156 36 flertalet
1180 1249 82 35 från
1289 1248 209 36 landsorten
1528 1247 87 46 (351
1647 1249 74 33 mot
1754 1248 71 34 196
1852 1245 117 36 stock-

368 1308 184 46 holmare),
596 1306 67 36 och
704 1318 45 23 av
791 1304 190 47 kvinnliga
1023 1303 159 36 sökande
1224 1314 65 24 var
1331 1303 60 34 det
1432 1314 46 22 en
1514 1300 187 47 obetydlig
1729 1299 167 37 övervikt
1925 1311 44 23 av

368 1361 266 35 stockholmare
663 1359 88 47 (182
783 1362 74 32 mot
888 1357 98 47 154).

473 1414 61 35 Av
577 1414 44 34 de
652 1415 71 33 153
755 1411 287 47 stipendiaterna
1070 1411 93 34 hava
1193 1412 20 32 9
1246 1409 35 47 (4
1312 1414 93 38 män,
1439 1410 20 33 5
1490 1407 171 47 kvinnor)
1691 1407 113 34 redan
1832 1407 135 45 avgått,

369 1469 108 35 därav
508 1470 21 32 8
561 1469 45 44 på
635 1467 119 46 grund
776 1478 52 39 av
857 1464 186 37 avslutade
1072 1463 139 36 studier
1238 1463 67 35 och
1334 1462 127 35 endast
1494 1463 17 33 1
1544 1463 46 44 på
1618 1461 118 46 grund
1762 1472 44 23 av
1826 1459 143 36 konsta-

367 1522 101 36 terad
496 1520 222 47 ovärdighet.
764 1518 241 37 Återstående
1035 1516 237 48 stipendiater
1301 1521 60 30 äro
1390 1516 104 34 alltså
1527 1517 74 32 144
1631 1513 164 48 stycken,
1818 1513 153 35 sålunda

368 1575 200 36 fördelade:

1159 1650 67 25 Män
1307 1648 131 27 Kvinnor
1506 1648 118 25 Summa

743 1705 89 32 Från
857 1704 197 33 Stockholm
1176 1704 42 31 46
1353 1703 44 30 44
1554 1700 44 31 920

779 1772 12 16 »
855 1758 195 33 landsorten
1176 1757 42 31 38
1357 1756 39 31 16
1554 1753 45 49 d4

1177 1820 41 31 84
1354 1819 42 31 60
1535 1815 63 32 144

475 1905 248 36 Medelåldern
758 1903 62 35 vid
849 1901 307 49 stipendiaternas
1185 1900 203 47 antagande
1416 1911 64 24 var
1514 1900 45 33 18
1590 1900 39 32 år
1658 1897 54 35 för
1742 1897 43 34 de
1815 1895 157 46 manliga

370 1961 65 34 och
482 1962 44 32 17
573 1959 55 35 för
669 1959 43 34 de
755 1956 200 47 kvinnliga.
1014 1955 60 36 Av
1109 1955 163 44 samtliga
1305 1952 291 47 stipendiaterna
1624 1963 85 23 voro
1737 1949 155 47 ungefär
1921 1945 49 47 2/3

370 2014 110 35 redan
508 2011 192 37 inskrivna
728 2010 63 37 vid
818 2013 119 43 någon
966 2012 92 32 sorts
1087 2008 221 43 läroanstalt,
1344 2003 46 47 1/3
1419 2007 93 34 hade
1542 2003 222 47 anställning
1788 2005 20 33 å
1828 2003 142 42 kontor,

371 2067 172 36 verkstad
572 2066 85 34 eller
684 2064 131 48 dylikt.

476 2121 57 33 De
576 2122 157 43 antagna
764 2117 155 44 manliga
947 2115 288 47 stipendiaterna
1264 2115 47 34 ha
1340 2113 160 47 planlagt
1529 2112 80 34 sina
1637 2110 138 36 studier
1803 2109 167 35 sålunda:

585 2196 208 33 Akademisk
817 2205 144 23 examen
984 2195 152 41 (präster,
1162 2193 116 38 lärare,
1303 2192 113 32 läkare
1441 2200 28 22 0.
1496 2190 192 41 d.)........
1717 2189 38 31 31

585 2242 172 31 Tekniska
781 2240 587 41 Högskölan............owssmsssamsmomos
1422 2262 267 6 STERN
1720 2234 39 31 13

586 2286 147 32 Teknisk
759 2284 94 33 SKO
879 2279 501 49 m.swmeimsassmisstasusssnssssumssmen
1402 2306 287 7 uven
1720 2279 39 30 16
