2120 2649
353 161 16 26 2
859 159 248 43 Lag-Utskottets
1136 161 159 32 Utlåtande
1318 161 64 32 N:o
1406 164 50 29 51.

350 238 113 49 dånig
491 239 195 37 skrifvelse
722 241 160 45 anhålla,
926 246 54 31 att
1020 241 134 50 Kongl.
1192 242 104 49 Maj:t
1333 243 159 45 täcktes,
1529 244 84 36 med
1643 244 175 37 afseende
1848 249 20 32 å
1896 246 62 36 be-

352 289 129 37 hofvet
514 290 40 36 af
583 292 260 49 betryggande
884 291 239 39 föreskrifter
1151 295 160 36 rörande
1341 294 282 50 förvaltningen
1661 296 41 36 af
1735 297 223 49 omyndiges

350 341 135 46 medel,
514 348 88 43 taga
630 344 10 35 i
669 344 132 49 nådigt
830 344 290 50 öfvervägande,
1147 346 188 37 huruvida
1355 347 180 48 lämpliga
1555 348 286 37 bestämmelser
1861 350 9 35 i
1893 350 65 36 det

348 392 98 50 syfte
475 398 60 32 må
564 395 125 36 kunna
720 396 203 44 meddelas,
953 402 55 31 att
1036 402 122 31 större
1187 399 177 36 säkerhet
1392 403 59 31 må
1480 399 158 37 beredas
1667 400 44 36 de
1741 397 215 57 omyndige,

348 451 97 30 samt
472 446 11 35 i
512 446 135 37 sådant
674 446 65 37 fall
768 448 75 36 låta
873 448 176 37 utarbeta
1079 449 69 36 och
1178 449 58 37 för
1264 450 213 50 Riksdagen
1507 450 209 51 framlägga
1736 451 142 50 förslag
1897 454 59 35 till

348 497 61 49 lag
437 497 10 36 i
476 504 156 31 ämnet».

447 549 116 37 Dessa
591 549 322 51 framställningar
941 551 125 37 blefvo
1096 553 57 36 till
1182 552 312 50 Lag-Utskottets
1523 554 283 51 handläggning
1834 555 121 38 öfver-

346 600 190 47 lemnade;
566 602 69 36 och
666 603 55 35 uti
751 603 203 36 Utlåtande
981 603 69 38 N:o
1082 607 43 34 19
1156 605 208 37 hemstälde
1392 605 208 47 Utskottet,
1629 611 48 45 på
1706 608 56 35 uti
1791 608 161 36 utlåtan-

348 652 65 36 det
441 661 172 28 närmare
642 654 150 48 angifna
822 655 92 44 skäl,
1716 661 2 2 |

447 700 55 48 »1)
532 709 55 30 att
614 704 507 37 Justitieombudsmannens
1141 706 279 49 framställning
1440 709 83 35 icke
1545 712 115 33 måtte
1680 709 196 38 föranleda
1896 712 59 34 till

346 757 124 46 någon
499 755 234 49 Riksdagens
763 756 149 48 åtgärd;
943 757 71 36 och

448 804 37 45 2)
514 812 56 31 att
597 807 83 36 icke
710 808 120 35 heller
857 807 98 37 Herr
983 809 194 37 Boströms
1206 811 143 36 motion
1379 814 116 33 måtte
1523 811 198 37 föranleda
1749 816 124 44 någon
1902 816 53 33 åt-

345 857 95 48 gärd
467 857 84 36 från
578 858 236 50 Riksdagens
842 859 110 36 sida.»

444 908 130 49 Enligt
601 910 59 35 till
688 910 198 37 Utskottet
923 911 187 37 ankomna
1144 913 352 49 protokollsutdrag
1534 915 66 36 har
1636 928 49 23 nu
1724 915 105 36 detta
1857 916 97 36 utlå-

345 960 113 35 tande
488 960 127 42 blifvit
643 961 40 36 af
707 962 96 36 båda
833 962 205 37 Kamrarne
1067 964 58 35 till
1153 964 198 37 Utskottet
1380 965 278 37 återförvisadt.

444 1011 53 36 Af
522 1012 45 36 de
597 1013 100 35 inom
727 1013 205 36 Kamrarne
954 1015 10 34 i
985 1015 157 36 ärendet
1167 1016 125 36 hållna
1313 1016 332 50 öfverläggningar
1665 1031 111 36 synes
1795 1017 157 49 framgå,

343 1068 55 30 att
426 1069 55 29 ett
510 1064 206 46 ordnande,
747 1069 47 44 på
822 1072 75 29 sätt
925 1065 484 38 Justiticombudsmannen
1440 1068 183 45 förordat,
1645 1069 39 36 af
1701 1070 71 35 den
1793 1071 159 35 svenska

341 1112 626 53 förmynderskapslagstiftningen
1009 1116 96 37 efter
1146 1117 163 38 förebild
1351 1119 39 36 af
1434 1120 72 36 den
1547 1121 150 45 norska,
1739 1121 83 36 icke
1864 1127 88 30 rönt

341 1168 117 45 några
491 1172 121 29 större
654 1169 217 46 sympatier,
914 1181 83 22 men
1037 1175 56 29 att
1129 1170 164 35 flertalet
1320 1170 126 36 funnit
1475 1172 45 34 de
1549 1171 40 35 af
1612 1171 339 37 Justitieombuds-

341 1228 160 24 mannen
531 1218 57 35 uti
625 1218 381 37 embetsberättelsen
1047 1226 96 30 samt
1184 1220 40 36 af
1248 1221 184 36 särskilde
1467 1222 208 36 ledamöter
1703 1223 11 35 i
1743 1222 207 37 Kamrarne

342 1267 120 36 under
490 1268 339 50 öfverläggningen
871 1269 223 38 framhållna
1136 1271 317 49 bristfälligheter
1495 1274 55 35 uti
1594 1276 93 34 1861
1719 1278 58 32 års
1805 1274 146 36 förord-

340 1319 91 47 ning
460 1319 90 36 böra
584 1319 196 38 föranleda
822 1322 57 35 till
921 1335 45 22 en
1006 1321 236 50 Riksdagens
1279 1324 262 48 underdåniga
1575 1324 279 49 framställning
1883 1326 68 35 hos

340 1368 136 50 Kongl.
506 1370 104 48 Maj:t
645 1385 59 22 om
747 1372 263 45 utarbetande,
1053 1376 47 45 på
1140 1374 237 48 grundvalen
1420 1375 41 36 af
1492 1377 95 35 1861
1627 1380 59 32 års
1714 1376 235 49 förordning,

340 1420 86 36 utaf
450 1421 295 47 bestämmelser,
776 1437 92 32 som,
898 1437 102 23 mera
1029 1432 46 28 än
1111 1425 45 35 de
1190 1426 229 45 nuvarande,
1448 1427 126 36 kunde
1604 1427 139 36 bereda
1771 1429 181 47 trygghet

339 1471 59 36 för
426 1474 281 48 förvaltningen
736 1474 40 36 af
801 1476 198 47 omyndigs
1029 1476 135 45 medel,
1195 1477 147 36 hvadan
1380 1478 228 44 utlåtandet,
1637 1479 10 35 i
1670 1479 69 35 och
1761 1479 58 36 för
1838 1479 114 36 fram-

339 1524 184 35 ställande
565 1524 41 36 af
641 1525 141 48 förslag
821 1527 11 34 i
875 1526 133 36 sådant
1050 1527 226 45 hänseende,
1312 1528 127 36 blifvit
1472 1530 59 34 till
1565 1529 199 37 Utskottet
1793 1530 158 36 återför-

338 1574 135 37 visadt.

439 1626 55 36 De
531 1626 365 50 hufvudsakligaste,
936 1627 85 37 utaf
1052 1628 488 38 Justitieombudsmannen
1576 1630 152 49 angifna
1760 1631 190 37 bristerna

339 1677 10 34 i
381 1678 94 35 1861
506 1681 58 32 års
593 1677 224 50 förordning
845 1687 83 27 äro:

439 1734 51 30 att
517 1728 237 37 föreskrifter
782 1730 184 36 saknades
995 1730 11 35 i
1034 1729 107 50 fråga
1170 1744 72 33 om,
1272 1731 153 37 hvilken
1455 1738 78 31 rätt
1561 1733 118 36 borde
1709 1733 112 37 hafva
1840 1734 110 36 vård-

338 1778 72 36 nad
441 1782 20 33 å
487 1779 316 51 förmynderskap
834 1783 11 34 i
872 1782 98 36 vissa
998 1781 77 46 fall,
1114 1789 25 29 t.
1179 1796 58 23 ex.
1276 1783 47 36 då
1353 1797 44 22 en
1427 1784 182 49 omyndig
1637 1785 82 36 icke
1748 1784 80 37 haft
1857 1786 92 36 eller

337 1830 97 36 hade
463 1831 100 36 känd
592 1831 118 45 fader,
739 1833 34 35 d.
803 1846 33 23 v.
866 1846 26 23 s.
922 1846 89 23 vore
1040 1832 91 37 född
1161 1839 104 31 utom
1295 1835 227 49 äktenskap;

438 1888 52 29 att
530 1883 192 48 svårighet
763 1889 118 31 mötte
923 1883 57 36 för
1021 1885 275 47 upprättandet
1337 1885 40 36 af
1413 1886 285 48 förteckningar
1734 1886 105 38 öfver
1874 1887 74 36 för-

339 1933 245 49 myndarena,
613 1942 68 28 när
710 1935 81 35 icke
821 1935 72 36 den
921 1936 116 48 regel,
1070 1938 91 34 1861
1195 1939 58 33 års
1282 1935 224 50 förordning
1534 1937 168 37 faststält
1729 1939 11 35 i
1760 1938 107 49 fråga
1887 1952 61 22 om

336 1983 128 36 forum
487 1984 59 36 för
567 1984 327 50 förmynderskap,
917 1987 106 35 alltid
1046 1985 145 38 funnits
1218 1988 91 35 eller
1331 1988 125 36 blifvit
1473 1988 187 46 efterlefd,
1679 1990 10 35 i
1705 1988 95 49 följd
1817 1990 135 36 hvaraf

338 2034 72 36 den
439 2041 87 37 rätt,
563 2049 80 23 som
676 2037 119 48 enligt
835 2037 292 48 förordningens
1168 2039 209 47 stadgande
1418 2040 122 36 skulle
1584 2040 111 37 hafva
1728 2041 171 36 vårdnad
1928 2045 20 32 å

336 2084 368 52 förmynderskapet,
746 2089 83 35 icke
871 2089 106 35 alltid
1019 2088 198 37 förordnat
1257 2089 281 51 förmyndaren,
1582 2092 70 35 och
1690 2092 145 36 således
1864 2093 83 35 icke

336 2137 146 36 kunnat
510 2138 164 48 uppföra
701 2140 138 35 honom
868 2140 11 35 i
908 2140 56 35 sin
993 2139 241 50 förteckning
1256 2140 104 38 öfver
1389 2141 254 49 förmyndare,
1674 2143 69 36 och
1773 2144 72 35 den
1870 2149 76 30 rätt

337 2191 92 42 åter,
459 2200 81 25 som
569 2189 199 38 förordnat
795 2190 281 49 förmyndaren,
1112 2190 115 37 funne
1264 2193 57 47 sig
1355 2192 40 37 af
1425 2193 292 49 förordningens
1745 2194 199 37 föreskrift

336 2239 160 37 hindrad
539 2246 55 30 att
637 2241 105 37 öfver
784 2241 354 51 förmynderskapet
1181 2243 130 37 utöfva
1352 2244 180 46 vårdnad,
1569 2245 70 36 och
1674 2245 150 36 derföre
1860 2247 81 35 icke
