1878 2762
246 174 38 30 70
603 175 287 30 Statsutskottets
912 176 178 30 utlåtande
1111 185 44 21 nr
1175 177 20 29 5
1215 176 39 31 år
1277 177 84 30 1964

242 264 107 21 nerna
369 255 257 30 beaktansvärt.
648 256 176 30 Utskottet
844 256 206 30 förutsätter
1071 256 202 35 emellertid,
1295 258 51 28 att
1368 256 357 40 medicinalstyrelsen

242 308 63 30 har
323 308 359 39 uppmärksamheten
699 309 117 30 riktad
834 309 45 39 på
897 309 123 39 frågan
1038 319 59 20 om
1115 309 267 40 möjligheterna
1400 311 51 29 att
1469 310 196 39 igångsätta
1683 319 42 20 en

243 370 94 21 mera
352 362 217 29 omfattande
586 362 364 30 försöksverksamhet
966 363 44 28 än
1026 362 67 30 den
1108 362 124 30 hittills
1249 362 167 31 bedrivna
1432 363 96 29 inom
1544 363 95 30 detta
1654 372 72 20 om-

244 413 93 31 råde.
358 414 121 40 Någon
501 414 166 31 skrivelse
688 415 12 29 i
721 415 119 30 ämnet
863 414 79 31 från
963 415 206 40 riksdagens
1192 415 74 30 sida
1288 425 103 21 anser
1413 416 171 30 utskottet
1606 416 120 30 därför

242 468 70 29 f.n.
330 468 74 30 inte
420 468 214 40 erforderlig.

286 521 186 34 Utskottet,
490 531 75 20 som
580 522 69 29 kan
667 522 146 40 godtaga
830 522 68 30 den
915 531 42 22 av
973 522 124 40 Kungl.
1115 522 106 40 Maj:t
1239 523 122 39 gjorda
1378 523 348 39 anslagsberäkning-

241 583 52 25 en,
312 575 211 34 hemställer,

595 628 24 29 I.
642 630 50 28 att
714 628 188 40 riksdagen
924 629 57 29 må
1003 629 79 29 med
1104 629 99 30 bifall
1225 629 52 30 till
1300 629 126 39 Kungl.
1449 629 123 40 Maj:ts
1596 629 131 40 förslag

550 684 91 27 samt
664 682 78 29 med
766 682 120 39 avslag
907 682 21 30 å
950 682 178 30 motionen
1152 682 46 30 II:
1213 682 63 30 219
1300 682 53 30 till
1375 682 141 30 Allmän
1539 682 188 30 hälsokon-

553 735 80 30 troll
661 735 55 29 för
745 735 205 40 budgetåret
982 735 139 33 1964/653
1152 735 120 31 anvisa
1302 737 50 28 ett
1382 735 273 40 förslagsanslag
1685 745 42 20 av

550 788 18 29 2
582 788 63 30 230
660 788 62 30 000
739 788 68 35 kr.;

591 841 40 30 II.
652 843 47 28 att
719 841 185 38 riksdagen
924 841 56 30 må
1000 842 11 29 i
1032 841 186 38 anledning
1238 851 41 20 av
1300 842 216 30 motionerna
1539 842 28 30 I:
1582 842 59 29 516
1662 841 64 31 och

550 894 46 30 II:
612 894 62 30 640
691 894 187 40 godkänna
892 895 66 30 vad
974 895 170 30 utskottet
1159 895 127 30 anfört.

285 1035 114 34 166:0)
425 1035 371 36 Medicinalstyrelsens
811 1036 353 30 skärmbildscentral.
1180 1037 13 29 I
1209 1036 149 38 enlighet
1373 1037 78 29 med
1467 1037 123 37 Kungl.
1605 1036 121 37 Maj:ts

240 1088 129 40 förslag
392 1088 130 40 (punkt
542 1089 71 34 177,
633 1098 26 21 s.
678 1089 62 30 348
759 1090 66 29 och
843 1089 96 34 349),
957 1090 108 30 vilket
1083 1090 146 29 innebär
1246 1090 215 29 oförändrad
1480 1089 246 31 medelsanvis-

240 1142 92 39 ning,
348 1142 202 30 hemställer
567 1143 179 34 utskottet,

591 1198 51 28 att
658 1196 187 40 riksdagen
863 1196 57 30 må

592 1249 36 34 a)
652 1249 187 40 godkänna
858 1249 156 40 följande
1034 1251 69 28 stat
1122 1249 56 30 för
1196 1249 376 40 medicinalstyrelsens
1592 1249 133 30 skärm-

548 1302 235 34 bildscentral,
813 1304 51 28 att
892 1303 177 39 tillämpas
1098 1303 73 29 tills
1198 1302 117 30 vidare
1345 1302 44 30 fr.
1403 1311 30 21 o.
1447 1312 45 20 m.
1522 1302 203 40 budgetåret

551 1355 156 33 1964/65:

1087 1428 58 25 Stat

962 1489 312 40 Avlöningar

550 1552 28 28 1.
614 1551 159 30 Arvoden
804 1551 67 30 och
902 1551 173 31 särskilda
1105 1551 245 40 ersättningar,

613 1604 180 31 bestämda
810 1614 43 21 av
870 1605 125 39 Kungl.
1013 1604 116 40 Maj:t,
1147 1604 203 40 förslagsvis
1398 1604 117 30 21000

546 1658 30 29 2.
613 1658 212 39 Avlöningar
862 1658 52 30 till
951 1658 95 39 övrig
1082 1657 268 31 icke-ordinarie
1393 1653 19 49 =
1581 1684 113 3 000000.

612 1711 171 39 personal,
811 1711 204 40 förslagsvis
1051 1737 290 3 ..ssssssssss
1312 1707 31 49 ss
1374 1710 65 30 424
1453 1711 62 30 000

546 1764 29 30 3.
612 1764 133 40 Rörligt
761 1764 130 40 tillägg,
909 1765 203 40 förslagsvis
1139 1790 201 4 ...:......
1376 1764 61 30 190
1451 1764 63 30 000
1562 1764 62 30 635
1639 1764 62 30 000

932 1835 368 30 Omkostnader

546 1897 268 35 Omkostnader,
843 1897 203 40 förslagsvis
1083 1893 290 48 s.ossssosssrsss
1392 1923 114 4 reses
1584 1897 39 30 25
1638 1897 63 30 000

1326 1968 145 30 Summa
1488 1968 52 30 kr.
1559 1968 63 30 660
1636 1968 79 34 000;

589 2039 38 34 b)
655 2039 51 30 till
729 2039 378 39 Medicinalstyrelsens
1131 2039 349 30 skärmbildscentral
1504 2039 55 30 för
1582 2038 142 40 budget-

546 2092 72 30 året
641 2092 131 33 1964/65
793 2092 121 30 anvisa
935 2094 45 28 ett
1002 2092 270 38 förslagsanslag
1292 2102 43 21 av
1355 2092 61 29 660
1428 2092 60 30 000
1508 2092 52 29 kr.

281 2233 114 34 167:0)
422 2233 280 36 Nyanskaffning
731 2243 43 20 av
804 2233 155 30 materiel
989 2234 56 29 för
1074 2234 67 29 den
1171 2233 136 36 statliga
1338 2233 385 30 skärmbildsverksam-

238 2286 110 29 heten.
365 2286 13 29 I
395 2286 149 37 enlighet
559 2287 78 29 med
653 2287 122 37 Kungl.
792 2287 122 36 Maj:ts
931 2287 129 37 förslag
1080 2287 126 37 (punkt
1226 2287 67 34 178,
1311 2296 25 20 s.
1352 2286 60 30 349
1430 2286 64 30 och
1510 2286 91 34 350),
1616 2287 108 29 vilket

237 2338 146 30 innebär
396 2348 42 21 en
452 2339 289 41 anslagshöjning
753 2340 80 29 med
847 2340 41 30 80
903 2340 62 30 000
980 2341 62 33 kr.,
1056 2340 203 30 hemställer
1272 2339 181 34 utskottet,

588 2395 52 28 att
662 2393 187 40 riksdagen
872 2393 57 30 må
951 2394 52 30 till
1024 2394 286 40 Nyanskaffning
1332 2404 43 20 av
1397 2394 159 30 materiel
1577 2394 57 40 för
1656 2395 66 29 den

546 2446 140 39 statliga
704 2446 483 30 skärmbildsverksamheten
1206 2447 55 30 för
1278 2447 205 39 budgetåret
1504 2447 139 34 1964/65
1663 2457 60 20 an-

546 2499 74 30 visa
638 2501 48 28 ett
703 2499 356 40 reservationsanslag
1077 2509 44 20 av
1141 2499 60 31 140
1215 2500 63 30 000
1296 2500 53 30 kr.
