1894 2762
240 152 41 30 30
608 154 285 31 Statsutskottets
913 155 180 31 utlåtande
1111 166 43 20 nr
1172 158 19 29 5
1209 157 40 30 år
1268 158 83 30 1964

592 235 50 28 att
660 233 187 40 riksdagen
867 234 57 30 må
942 235 53 29 till
1013 235 140 30 Statens
1172 235 139 30 institut
1329 236 57 40 för
1403 236 219 40 folkhälsan:
1643 237 82 31 Om-

547 285 189 30 kostnader
760 286 54 30 för
837 287 205 40 budgetåret
1069 288 139 33 1964/65
1233 289 120 30 anvisa
1377 292 49 27 ett
1450 290 275 40 förslagsanslag

548 348 42 20 av
611 339 93 31 1400
718 339 63 31 000
800 340 53 29 kr.

278 429 96 35 68:0)
398 430 230 36 Utredningar
650 441 43 20 m.
716 441 43 21 m.
781 434 147 29 rörande
950 434 320 36 luftföroreningar.
1293 436 13 29 I
1328 436 150 37 enlighet
1499 437 78 29 med
1599 437 124 37 Kungl.

237 482 124 39 Maj:ts
383 483 131 40 förslag
542 484 129 39 (punkt
693 485 51 34 74,
767 495 25 20 s.
818 486 204 35 133—135),
1044 487 107 30 vilket
1173 487 146 31 innebär
1340 488 215 31 oförändrad
1577 490 146 30 medels-

237 535 194 40 anvisning,
454 537 202 30 hemställer
678 539 180 34 utskottet,

588 592 50 28 att
660 591 186 40 riksdagen
868 593 58 29 må
946 593 54 29 till
1023 593 232 40 Utredningar
1276 603 45 21 m.
1343 604 46 21 m.
1411 595 149 30 rörande
1582 595 141 40 luftför-

544 643 185 40 oreningar
753 644 55 30 för
831 645 205 40 budgetåret
1064 646 139 34 1964/65
1229 647 121 30 anvisa
1374 650 49 28 ett
1448 648 274 41 förslagsanslag

543 705 44 21 av
602 697 63 30 250
679 697 64 30 000
760 698 51 30 kr.

274 787 97 34 69:0)
401 787 136 30 Statens
564 789 290 36 bakteriologiska
881 791 265 31 laboratorium:
1175 793 223 36 Avlöningar.
1426 795 13 29 I
1467 794 150 38 enlighet
1642 795 79 30 med

235 839 125 40 Kungl.
384 840 125 40 Maj:ts
532 841 131 41 förslag
691 843 130 39 (punkt
846 844 50 35 75,
920 854 27 20 s.
974 845 204 35 136—142),
1201 846 108 30 vilket
1331 847 148 30 innebär
1501 857 43 21 en
1568 848 153 40 uppräk-

234 892 85 40 ning
337 902 43 20 av
396 894 158 39 anslaget
573 896 78 29 med
670 896 63 30 386
747 897 63 29 000
830 897 63 34 kr.,
913 898 204 30 hemställer
1135 900 180 34 utskottet,

585 950 52 28 att
657 949 187 40 riksdagen
865 951 58 30 må

586 1001 36 34 a)
656 1002 209 40 bemyndiga
893 1004 127 39 Kungl.
1050 1005 107 39 Maj:t
1184 1007 52 29 att
1264 1006 140 40 vidtaga
1433 1007 68 29 den
1530 1007 149 40 ändring
1708 1008 11 29 i

541 1055 430 41 personalförteckningen
995 1057 56 30 för
1073 1060 132 29 statens
1229 1059 297 40 bakteriologiska
1548 1060 172 31 laborato-

541 1106 104 35 rium,
661 1117 76 21 som
752 1108 198 32 föranledes
965 1120 43 20 av
1021 1111 67 30 vad
1103 1111 386 40 departementschefen
1503 1114 12 29 i
1530 1114 187 30 statsråds-

541 1161 207 38 protokollet
770 1162 82 30 över
872 1163 262 30 socialärenden
1156 1164 55 30 för
1231 1165 67 30 den
1319 1166 19 30 3
1358 1166 142 39 januari
1525 1167 83 29 1964
1629 1167 90 30 före-

541 1213 116 40 slagit;

583 1266 38 35 b)
648 1267 186 40 godkänna
856 1269 158 40 följande
1036 1271 253 40 avlöningsstat
1311 1272 56 30 för
1389 1274 133 29 statens
1545 1273 172 30 bakterio-

540 1319 135 40 logiska
691 1320 262 37 laboratorium,
971 1325 52 28 att
1039 1323 176 40 tillämpas
1234 1324 71 30 tills
1322 1325 118 30 vidare
1458 1326 43 30 fr.
1520 1335 30 20 o.
1568 1336 45 20 m.
1631 1327 84 29 bud-

539 1373 130 39 getåret
689 1373 155 34 1964/65:

998 1438 262 40 Avlöningsstat

541 1497 27 29 1.
604 1498 212 40 Avlöningar
854 1500 52 29 till
946 1500 174 30 ordinarie
1159 1501 226 40 tjänstemän,
1424 1503 72 39 för-

602 1551 146 40 SlAGSVIS
798 1578 135 4 rer
996 1579 5 4 r
1020 1580 25 3 ee
1064 1580 25 3 ee
1108 1580 47 3 rer
1174 1580 47 4 rer
1240 1581 69 3 rese
1328 1582 158 4 essens
1553 1557 62 30 608
1630 1557 62 30 000

538 1603 29 30 2.
603 1604 161 30 Arvoden
780 1606 64 29 och
861 1606 175 31 särskilda
1052 1608 244 40 ersättningar,
1313 1609 181 31 bestämda

603 1667 42 20 av
669 1658 124 40 Kungl.
818 1659 117 40 Maj:t,
958 1660 204 40 förslagsvis
1195 1687 290 5 -.............
1552 1663 62 31 232
1629 1664 63 30 000

536 1709 30 30 3.
602 1711 244 40 Ersättningar
865 1712 51 30 till
937 1714 150 38 expertis
1107 1715 65 29 och
1191 1714 154 41 tillfällig
1364 1716 131 30 arbets-

602 1764 105 34 kraft,
734 1765 204 40 förslagsvis
973 1792 511 7 oso
1238 1760 55 51 ser
1302 1760 55 51 ees
1369 1760 119 51 isens
1573 1770 39 30 51
1628 1771 63 30 000

535 1816 30 30 4.
602 1818 212 39 Avlöningar
838 1819 51 29 till
916 1819 98 40 övrig
1038 1820 267 31 icke-ordinarie
1331 1823 160 39 personal
1517 1823 20 29 4
1553 1823 60 30 717
1628 1824 62 30 000

536 1870 29 29 5.
602 1870 132 40 Rörligt
759 1871 128 40 tillägg,
912 1872 204 41 förslagsvis
1149 1900 334 5 —sssssssso..
1414 1866 72 51 sn.
1517 1876 96 30 2396
1628 1877 62 30 000

1278 1945 143 32 Summa
1437 1947 53 30 kr.
1515 1947 19 30 8
1549 1947 63 30 004
1625 1948 79 35 000;

579 2012 34 34 ec)
643 2013 53 29 till
721 2013 139 30 Statens
887 2014 292 41 bakteriologiska
1207 2016 266 31 laboratorium:
1499 2018 214 40 Avlöningar

536 2065 55 29 för
607 2065 202 40 budgetåret
830 2066 139 34 1964/65
987 2068 120 30 anvisa
1124 2070 49 28 ett
1189 2069 274 41 förslagsanslag
1479 2081 42 20 av
1537 2072 20 30 8
1571 2072 63 30 004
1648 2072 62 30 000

534 2118 52 30 kr:

268 2205 94 33 70:0)
386 2205 135 30 Statens
542 2206 290 36 bakteriologiska
854 2208 264 31 laboratorium:
1143 2211 263 31 Omkostnader.
1429 2214 12 28 I
1463 2214 150 37 enlighet
1634 2215 78 30 med

227 2257 125 40 Kungl.
376 2259 124 39 Maj:ts
525 2259 130 40 förslag
684 2261 130 39 (punkt
840 2261 49 34 76,
915 2271 26 20 s.
968 2261 61 31 142
1054 2263 64 30 och
1145 2263 93 35 143),
1262 2264 107 31 vilket
1392 2266 147 30 innebär
1562 2277 44 20 en
1630 2267 79 30 med

227 2311 63 29 669
305 2311 61 29 000
384 2312 51 29 kr.
453 2312 92 30 ökad
562 2313 326 40 medelsanvisning,
905 2315 204 30 hemställer
1124 2317 181 35 utskottet,

577 2368 50 28 att
657 2367 187 40 riksdagen
875 2369 58 29 må
963 2369 52 29 till
1045 2370 139 30 Statens
1216 2371 293 40 bakteriologiska
1540 2373 170 30 laborato-

532 2418 109 30 rium:
667 2420 258 30 Omkostnader
949 2422 56 29 för
1028 2422 203 40 budgetåret
1258 2424 139 34 1964/65
1422 2426 123 30 anvisa
1568 2429 48 28 ett
1641 2427 69 30 för-

534 2472 215 41 slagsanslag
769 2483 42 20 av
831 2475 18 29 5
864 2474 61 30 051
942 2475 63 30 000
1026 2476 52 30 kr.
