1864 2764
490 167 286 30 Statsutskottets
796 166 179 30 utlåtande
993 175 42 21 nr
1053 167 20 28 5
1091 165 39 30 år
1150 166 83 29 1964
1586 164 19 29 5

472 249 51 28 att
539 247 187 39 riksdagen
743 246 57 30 må
817 246 51 30 till
885 244 445 41 Riksförsäkringsverket:
1350 242 257 30 Omkostnader

429 301 54 29 för
499 300 204 40 budgetåret
723 299 139 33 1964/65
880 298 120 31 anvisa
1018 300 48 28 ett
1084 297 273 39 förslagsanslag
1373 306 43 20 av
1433 296 19 30 6
1466 295 62 30 430
1543 295 64 29 000

428 354 51 30 kr.

164 489 93 33 11:0)
284 488 198 35 Ersättning
503 487 51 30 till
577 487 195 35 postverket
795 487 55 28 för
873 484 429 37 pensionsutbetalningar.
1326 484 11 28 I
1361 483 149 37 enlighet
1531 483 78 29 med

120 543 126 38 Kungl.
270 542 125 39 Maj:ts
418 541 130 39 förslag
575 540 131 40 (punkt
733 541 48 34 12,
806 549 24 20 s.
855 540 40 29 23
919 540 65 29 och
1008 539 73 33 24),
1105 538 107 29 vilket
1236 538 145 29 innebär
1404 536 205 29 oförändrat

120 596 130 38 anslag,
268 595 203 29 hemställer
487 594 180 33 utskottet,

476 649 50 28 att
549 647 188 39 riksdagen
762 647 57 29 må
843 647 51 28 till
919 645 205 39 Ersättning
1150 644 51 30 till
1225 643 199 40 postverket
1447 643 57 39 för
1527 651 83 30 pen-

432 700 358 39 sionsutbetalningar
820 699 56 29 för
904 698 204 40 budgetåret
1141 697 139 32 1964/65
1311 696 120 31 anvisa
1461 697 48 28 ett
1540 695 69 30 för-

432 754 214 40 slagsanslag
661 762 42 21 av
718 753 18 29 6
751 753 62 29 200
827 752 63 30 000
907 752 51 29 kr.

170 889 94 33 12:0)
288 888 126 35 Bidrag
433 887 53 29 till
505 886 338 36 sjukförsäkringen.
864 885 123 38 Kungl.
1009 885 103 36 Maj:t
1132 884 64 30 har
1221 884 126 37 (punkt
1371 883 46 34 13,
1439 892 25 20 s.
1485 881 40 31 24
1546 882 66 30 och

125 942 59 33 25)
209 941 181 40 föreslagit
408 940 188 39 riksdagen
615 942 52 28 att
688 939 50 30 till
759 939 128 40 Bidrag
905 938 53 31 till
979 937 331 41 sjukförsäkringen
1332 936 55 29 för
1406 935 204 39 budgetåret

129 994 140 34 1964/65
285 994 123 31 anvisa
423 996 49 28 ett
487 992 274 41 förslagsanslag
775 1002 43 21 av
834 992 62 30 395
910 991 63 30 000
988 991 63 30 000
1068 991 52 29 kr.

171 1074 166 40 Anslaget
352 1075 39 29 är
406 1074 11 29 i
433 1073 158 40 gällande
607 1073 146 30 riksstat
770 1072 144 40 uppfört
929 1072 80 29 med
1024 1070 63 30 365
1101 1070 64 30 000
1179 1069 63 30 000
1259 1070 52 28 kr.

172 1155 13 30 I
200 1155 59 30 två
272 1154 224 40 likalydande
511 1153 183 34 motioner,
710 1153 125 30 väckta
849 1152 68 30 den
931 1160 66 21 ena
1012 1152 97 29 inom
1124 1150 113 30 första
1251 1149 206 30 kammaren
1472 1157 43 21 av
1529 1147 82 30 herr

125 1208 236 40 Sveningsson
384 1207 46 35 (1:
445 1207 81 34 417)
547 1207 66 29 och
630 1207 67 29 den
713 1206 111 30 andra
839 1206 97 29 inom
952 1205 112 30 andra
1080 1204 206 29 kammaren
1303 1211 43 21 av
1362 1202 57 29 fru
1436 1201 176 30 Kristens-

126 1271 65 21 son
216 1262 63 34 (II:
294 1261 97 35 524),
410 1261 65 30 har
493 1260 198 30 hemställts
710 1262 51 28 att
780 1259 188 39 riksdagen
986 1258 109 30 måtte
1114 1257 137 30 besluta
1269 1258 51 28 att
1339 1255 53 30 till
1412 1254 127 40 Bidrag
1557 1253 53 31 till

128 1314 332 41 sjukförsäkringen
497 1314 55 29 för
589 1313 204 40 budgetåret
834 1312 139 33 1964/65
1011 1312 123 30 anvisa
1172 1313 49 28 ett
1260 1309 273 41 förslagsanslag
1569 1318 44 21 av

128 1368 64 30 348
206 1368 63 30 500
283 1367 63 30 000
365 1368 52 29 kr.

172 1421 228 31 Beträffande
416 1420 252 39 motiveringen
684 1419 54 30 för
753 1419 173 40 yrkandet
941 1418 165 30 hänvisas
1124 1417 52 30 till
1193 1417 177 30 motionen
1386 1416 47 30 II:
1448 1415 74 31 523.

175 1501 185 30 Utskottet.
378 1500 80 30 Med
475 1499 99 30 bifall
592 1499 53 30 till
664 1499 68 30 vad
749 1499 111 30 andra
877 1497 229 41 lagutskottet
1125 1496 179 30 hemställt
1322 1496 11 29 i
1353 1495 60 31 sitt
1431 1495 181 30 utlåtande

129 1564 44 20 nr
189 1555 18 29 5
225 1555 40 29 år
284 1554 83 29 1964
384 1554 65 29 har
465 1553 188 39 riksdagen
670 1561 147 21 numera
834 1550 146 40 avslagit
997 1551 221 29 motionerna
1235 1549 30 30 I:
1280 1549 63 30 440
1361 1549 66 29 och
1444 1548 46 30 II:
1505 1547 75 31 523.
1598 1547 13 29 I

130 1608 156 30 nämnda
300 1607 172 30 motioner
485 1608 64 28 har
564 1605 197 40 föreslagits
775 1605 94 30 vissa
883 1604 191 40 ändringar
1086 1604 12 29 i
1113 1603 99 40 fråga
1226 1612 60 20 om
1299 1602 246 39 statsbidraget
1559 1601 53 30 till

131 1661 331 40 sjukförsäkringen
480 1669 45 21 m.
544 1669 45 20 m.
608 1659 53 30 Då
679 1659 101 30 dessa
799 1658 131 40 förslag
948 1658 103 39 utgör
1068 1656 109 31 motiv
1195 1656 56 30 för
1269 1656 66 30 den
1354 1656 11 30 i
1384 1655 228 30 förevarande

125 1715 172 29 motioner
315 1714 30 30 I:
360 1714 63 29 417
443 1714 65 29 och
527 1714 45 29 II:
588 1713 64 30 524
670 1713 131 39 yrkade
821 1710 401 40 anslagsminskningen,
1243 1709 181 39 avstyrker
1444 1708 171 30 utskottet

125 1768 102 30 dessa
244 1767 344 39 motionsyrkanden.

175 1821 187 33 Utskottet,
383 1828 75 21 som
479 1820 71 29 inte
572 1819 119 29 funnit
712 1818 188 40 anledning
920 1818 53 29 till
994 1818 140 29 erinran
1157 1819 72 27 mot
1251 1816 125 39 Kungl.
1398 1816 123 39 Maj:ts
1544 1814 69 30 för-

131 1874 84 39 slag,
231 1873 211 33 hemställer,

485 1927 50 28 att
549 1925 187 39 riksdagen
752 1925 57 29 må
823 1924 79 30 med
916 1923 98 30 bifall
1030 1923 52 30 till
1098 1923 125 39 Kungl.
1238 1922 124 39 Maj:ts
1378 1922 130 38 förslag
1523 1922 90 28 samt

441 1979 78 29 med
542 1978 119 40 avslag
683 1978 20 29 å
726 1977 218 30 motionerna
967 1976 29 30 1:
1012 1976 62 29 417
1099 1976 66 29 och
1188 1975 46 30 II:
1250 1975 63 29 524
1335 1974 53 30 till
1411 1974 127 39 Bidrag
1563 1973 51 30 till

440 2031 330 40 sjukförsäkringen
790 2031 55 29 för
862 2029 204 40 budgetåret
1087 2028 139 33 1964/65
1246 2028 121 30 anvisa
1384 2029 48 28 ett
1451 2027 164 38 förslags-

441 2085 120 38 anslag
580 2094 41 20 av
640 2084 62 29 395
718 2084 62 29 000
794 2083 63 30 000
877 2084 51 28 kr.

177 2228 93 32 13:0)
299 2226 101 29 Vissa
426 2225 441 35 yrkesskadeersättningar
894 2234 41 19 m.
963 2234 43 18 m.
1035 2225 9 27 I
1072 2224 148 36 enlighet
1246 2223 75 29 med
1348 2222 123 36 Kungl.
1497 2221 120 36 Maj:ts

132 2280 130 39 förslag
288 2279 131 39 (punkt
445 2279 47 32 14,
517 2289 24 18 s.
566 2278 72 34 25),
662 2278 105 30 vilket
792 2278 144 29 innebär
959 2276 205 29 oförändrat
1187 2275 130 37 anslag,
1341 2274 201 29 hemställer
1567 2276 51 26 ut-

130 2333 138 32 skottet,

483 2386 50 28 att
555 2384 184 38 riksdagen
763 2383 55 29 må
840 2383 51 29 till
916 2382 97 30 Vissa
1036 2380 449 40 yrkesskadeersättningar
1506 2388 45 20 m.
1573 2388 45 20 m.

441 2438 54 28 för
511 2437 202 38 budgetåret
736 2436 137 32 1964/65
893 2435 118 30 anvisa
1031 2437 46 27 ett
1098 2434 270 37 förslagsanslag
1386 2442 41 20 av
1445 2432 19 29 4
1478 2432 62 29 900
1555 2432 62 29 000

440 2491 51 28 kr.
