1882 2766
511 147 287 32 Statsutskottets
820 147 180 31 utlåtande
1021 155 44 22 nr
1085 147 20 30 5
1126 147 40 30 år
1189 146 84 31 1964
1595 144 40 31 63

191 228 115 35 149:0)
333 229 134 30 Statens
495 227 364 37 sjuksköterskeskola
888 227 11 30 i
927 226 236 36 Norrköping:
1195 225 223 36 Avlöningar.
1447 226 13 28 I
1490 224 149 38 enlighet

149 282 80 30 med
257 282 126 40 Kungl.
412 282 124 39 Maj:ts
565 281 131 39 förslag
730 281 131 40 (punkt
892 280 71 34 160,
993 289 27 21 s.
1049 279 207 34 318—320),
1285 278 107 31 vilket
1421 278 146 30 innebär
1596 286 41 21 en

149 335 227 40 uppräkning
392 344 41 21 av
452 335 156 39 anslaget
627 335 79 30 med
725 335 40 30 95
780 334 63 30 000
862 334 64 34 kr.,
945 333 203 30 hemställer
1167 332 181 34 utskottet,

502 390 50 28 att
575 388 187 39 riksdagen
785 387 57 30 må

502 441 36 34 a)
569 441 186 40 godkänna
779 440 158 40 följande
960 439 255 39 avlöningsstat
1239 439 55 30 för
1318 440 132 29 statens
1475 438 165 39 sjukskö-

458 495 216 29 terskeskola
696 495 11 28 i
729 493 233 40 Norrköping,
985 495 50 28 att
1058 492 177 40 tillämpas
1258 492 71 30 tills
1351 491 119 31 vidare
1492 491 43 30 fr.
1549 500 29 21 o.
1593 500 45 20 m.

458 548 204 39 budgetåret
684 547 156 33 1964/65:

916 616 265 40 Avlöningsstat

461 683 27 29 1.
524 681 172 39 Avlöning
715 681 53 30 till
788 680 176 30 ordinarie
983 679 227 40 tjänsteman,
1230 678 204 40 förslagsvis
1499 677 117 31 23000

458 735 29 30 2.
524 734 160 30 Arvoden
709 734 66 30 och
800 733 176 31 särskilda
1000 731 245 41 ersättningar,
1271 731 181 31 bestämda

524 797 42 21 av
587 787 125 40 Kungl.
735 787 116 39 Maj:t,
873 785 205 41 förslagsvis
1108 812 25 3 =.
1153 811 290 4 .sssssssss
1373 781 72 50 ss
1521 784 18 30 6
1553 784 63 30 000

458 842 30 30 3.
525 841 160 30 Arvoden
704 840 35 31 åt
758 840 179 39 tillfälliga
954 840 124 34 lärare,
1097 838 205 40 förslagsvis
1330 865 113 3 ......
1500 837 40 31 74
1554 838 62 30 000

457 895 31 29 4.
514 894 213 39 Avlöningar
746 893 53 30 till
821 893 96 40 övrig
937 892 269 31 icke-ordinarie
1227 892 161 40 personal
1418 918 25 3 ..
1478 891 138 30 184000

458 948 29 30 3.
513 947 133 40 Rörligt
671 947 129 39 tillägg,
826 946 205 40 förslagsvis
1064 971 379 4 =ssssssssssre
1351 942 31 49 ss
1394 942 53 49 ess
1499 944 40 31 93
1554 944 62 30 000

1232 1016 145 30 Summa
1397 1016 53 29 kr.
1475 1015 63 30 380
1553 1015 62 30 000
1630 1024 7 25 ;

501 1089 38 34 b)
568 1089 53 30 till
635 1089 139 29 Statens
789 1087 371 40 sjuksköterskeskola
1181 1087 6 29 i
1199 1086 239 39 Norrköping:
1453 1085 188 39 Avlöning-

459 1151 39 20 ar
534 1142 54 29 för
623 1141 206 40 budgetåret
868 1140 140 34 1964/65
1046 1140 121 30 anvisa
1203 1141 49 29 ett
1289 1139 272 40 förslagsanslag
1597 1147 43 21 av

459 1196 62 30 380
536 1195 63 31 000
622 1195 52 30 kr.

192 1284 114 35 150:0)
333 1285 135 29 Statens
488 1283 364 36 sjuksköterskeskola
874 1283 12 29 i
907 1282 235 36 Norrköping:
1168 1282 264 30 Omkostnader.
1455 1282 13 28 I
1491 1280 148 38 enlighet

151 1337 79 30 med
245 1338 126 39 Kungl.
387 1337 124 40 Maj:ts
527 1337 130 39 förslag
678 1337 131 39 (punkt
827 1337 71 33 161,
915 1345 26 20 s.
958 1336 62 30 320
1037 1336 66 29 och
1118 1335 96 34 321),
1230 1335 108 30 vilket
1353 1335 146 29 innebär
1514 1336 50 28 att
1580 1343 60 21 an-

150 1390 108 40 slaget
280 1391 87 29 ökar
389 1391 79 29 med
493 1390 60 30 173
568 1390 62 30 000
654 1390 63 34 kr.,
741 1389 203 30 hemställer
967 1389 181 34 utskottet,

502 1445 50 28 att
576 1443 188 39 riksdagen
788 1442 58 30 må
868 1442 53 30 till
944 1441 140 30 Statens
1108 1440 370 39 sjuksköterskeskola
1504 1440 11 29 i
1536 1441 103 28 Norr-

458 1496 146 39 köping:
625 1495 260 31 Omkostnader
904 1495 54 29 för
976 1494 206 39 budgetåret
1203 1494 140 34 1964/65
1363 1494 122 30 anvisa
1503 1495 49 28 ett
1571 1493 69 29 för-

459 1550 215 38 slagsanslag
694 1559 43 20 av
757 1549 64 30 322
835 1548 63 30 000
919 1548 53 29 kr.

192 1639 114 34 151:0o)
334 1638 125 36 Bidrag
477 1638 52 30 till
548 1638 93 29 vissa
660 1636 396 37 sjuksköterskeskolor.
1077 1636 12 29 I
1110 1636 149 37 enlighet
1278 1636 78 30 med
1375 1635 124 38 Kungl.
1519 1635 121 37 Maj:ts

150 1692 131 39 förslag
301 1692 130 39 (punkt
448 1692 71 34 162,
536 1701 25 20 s.
578 1691 206 34 321—324),
799 1690 109 30 vilket
922 1689 147 30 innebär
1083 1699 44 20 en
1142 1689 164 30 minskad
1320 1688 319 39 medelsanvisning

149 1745 79 30 med
249 1745 41 30 99
305 1745 63 30 000
389 1745 63 34 kr.,
473 1744 202 31 hemställer
696 1744 182 34 utskottet,

502 1799 50 28 att
576 1797 187 39 riksdagen
788 1797 57 29 må
869 1796 53 30 till
945 1796 129 39 Bidrag
1099 1795 52 29 till
1175 1795 92 30 vissa
1291 1794 349 39 sjuksköterskesko-

458 1850 52 29 lor
544 1850 54 30 för
632 1849 204 40 budgetåret
874 1848 140 34 1964/65
1051 1847 121 31 anvisa
1206 1850 49 28 ett
1291 1848 272 38 förslagsanslag
1598 1857 42 19 av

462 1902 91 30 1061
569 1902 63 30 000
654 1902 52 30 kr.

192 1993 114 34 152:0)
334 1993 134 29 Statens
484 1992 136 29 institut
636 1991 55 30 för
706 1992 106 35 högre
829 1990 197 35 utbildning
1041 1998 42 21 av
1099 1989 299 35 sjuksköterskor:
1418 1989 221 35 Avlöningar.

150 2045 126 40 Kungl.
295 2045 107 40 Maj:t
420 2045 64 30 har
508 2045 130 39 (punkt
660 2044 71 35 163,
752 2054 26 20 s.
798 2043 192 35 324—327)
1012 2043 182 39 föreslagit
1214 2042 187 40 riksdagen
1421 2044 51 29 att
1491 2042 73 30 dels
1583 2042 56 30 be-

149 2098 166 41 myndiga
334 2099 125 39 Kungl.
479 2098 106 39 Maj:t
604 2100 50 28 att
672 2098 141 39 vidtaga
831 2097 43 30 de
892 2096 192 39 ändringar
1103 2096 10 29 i
1133 2095 432 40 personalförteckningen
1584 2095 54 30 för

150 2154 133 28 statens
303 2151 141 30 institut
466 2151 55 30 för
543 2151 105 39 högre
670 2150 200 39 utbildning
891 2159 43 21 av
956 2149 300 39 sjuksköterskor,
1279 2157 75 21 som
1378 2148 196 30 föranledes
1597 2157 41 21 av

149 2205 68 29 vad
241 2204 386 40 departementschefen
652 2203 192 39 föreslagit,
872 2202 73 30 dels
971 2202 188 39 godkänna
1185 2211 42 20 av
1253 2201 384 40 departementschefen

150 2257 167 30 förordad
335 2257 254 39 avlöningsstat
608 2256 55 29 för
683 2258 133 28 statens
835 2255 141 30 institut
996 2255 55 29 för
1070 2255 105 38 högre
1196 2254 198 39 utbildning
1413 2263 43 21 av
1475 2254 164 39 sjukskö-

150 2310 147 34 terskor,
319 2311 51 29 att
390 2310 177 38 tillämpas
587 2309 72 30 tills
679 2308 119 30 vidare
820 2308 42 29 fr.
884 2317 29 20 o.
935 2316 46 21 m.
1002 2307 205 39 budgetåret
1232 2306 150 34 1964/65,
1405 2306 72 30 dels
1500 2307 64 29 ock
1585 2306 52 30 till

153 2364 138 30 Statens
319 2362 141 31 institut
489 2362 55 30 för
571 2362 107 39 högre
706 2360 200 40 utbildning
934 2369 43 21 av
1006 2359 305 40 sjuksköterskor:
1342 2359 213 39 Avlöningar
1584 2359 54 29 för

152 2425 136 22 samma
302 2415 169 40 budgetår
486 2415 122 31 anvisa
622 2417 48 28 ett
686 2414 275 39 förslagsanslag
976 2423 42 20 av
1035 2413 14 29 1
1066 2413 62 30 225
1143 2413 63 29 000
1222 2413 53 29 kr.

195 2496 166 40 Anslaget
375 2496 63 30 är
425 2488 17 52 i
454 2495 158 40 gällande
628 2494 146 30 riksstat
789 2493 144 41 uppfört
949 2493 78 30 med
1043 2492 63 31 885
1121 2492 62 30 000
1200 2492 52 29 kr.
