1862 2766
489 144 286 30 Statsutskottets
795 144 179 31 utlåtande
993 154 43 21 nr
1053 146 20 29 5
1090 145 41 30 år
1150 146 85 30 1964
1587 146 20 29 3

164 223 75 34 7:0)
266 223 340 35 Försäkringsrådet:
633 223 221 36 Avlöningar.
878 224 13 29 I
914 223 150 38 enlighet
1086 225 78 29 med
1186 225 124 37 Kungl.
1334 225 121 37 Maj:ts
1477 224 131 39 förslag

123 276 132 39 (punkt
272 276 28 35 7,
317 285 26 21 s.
362 276 39 30 14
417 277 65 29 och
500 277 71 34 15),
587 277 109 30 vilket
711 277 147 30 innebär
872 287 43 20 en
931 277 132 40 ökning
1079 287 42 20 av
1137 277 158 40 anslaget
1311 278 78 29 med
1408 277 40 30 14
1461 278 63 30 000
1540 278 63 34 kr.,

115 329 205 30 hemställer
335 330 180 35 utskottet,

471 385 50 28 att
534 383 188 40 riksdagen
736 383 59 31 må

470 437 37 33 a)
533 437 188 39 godkänna
742 437 157 39 följande
920 437 255 40 avlöningsstat
1197 437 56 30 för
1275 437 329 40 försäkringsrådet,

428 491 51 29 att
498 489 178 40 tillämpas
695 490 71 30 tills
786 490 119 31 vidare
925 490 43 30 fr.
983 499 30 21 o.
1026 499 46 21 m.
1091 491 206 39 budgetåret
1320 491 156 33 1964/65:

883 570 264 40 Avlöningsstat

431 632 27 29 1.
494 632 214 40 Avlöningar
732 633 53 30 till
811 633 176 30 ordinarie
1012 633 227 39 tjänstemän,
1265 633 165 40 förslags-

491 685 51 31 ÖS
584 681 70 50 area
674 712 47 4 esi
762 712 25 3 vs
843 681 100 50 dirr
961 712 26 4 Ri
1005 712 48 4 la
1065 681 11 50 få
1099 681 29 50 ben
1140 712 24 4 SN
1183 681 58 50 ren
1250 713 26 3 or
1290 681 29 50 seger
1343 713 42 4 oki
1404 713 4 3 R
1441 687 62 30 332
1518 686 63 31 400

425 739 29 30 2.
491 739 161 31 Arvoden
676 740 66 29 och
766 740 175 30 särskilda
964 739 246 41 ersättningar,
1235 740 182 30 bestämda

491 802 43 20 av
554 793 126 39 Kungl.
702 792 116 40 Maj:t,
839 792 205 41 förslagsvis
1073 819 335 4 =..sssssssss.
1338 788 74 49 ss.
1465 793 39 31 76
1518 793 64 30 300

424 845 31 31 3.
491 846 214 40 Avlöningar
722 846 52 30 till
793 846 96 40 övrig
907 846 269 31 icke-ordinarie
1194 847 162 39 personal
1383 873 25 3 ..
1445 846 60 31 124
1519 847 63 30 000

424 898 30 30 4.
491 899 133 40 Rörligt
644 899 131 40 tillägg,
796 899 204 40 förslagsvis
1029 926 247 3 =.ssssssssss
1307 926 101 3 sena
1442 900 62 30 205
1518 900 63 30 300

1209 971 144 30 Summa
1369 971 51 29 kr.
1447 970 62 31 738
1523 970 79 36 000;

467 1041 39 34 b)
530 1041 52 30 till
601 1041 351 40 Försäkringsrådet:
972 1041 215 40 Avlöningar
1206 1041 56 30 för
1280 1042 204 39 budgetåret
1506 1041 97 33 1964/

425 1094 40 30 65
480 1094 121 30 anvisa
613 1096 49 29 ett
674 1094 275 40 förslagsanslag
961 1104 44 20 av
1018 1094 62 31 738
1094 1095 63 30 000
1171 1095 52 30 kr.

159 1208 77 34 8:0)
265 1208 341 37 Försäkringsrådet:
634 1210 264 30 Omkostnader.
925 1210 12 29 I
963 1210 149 37 enlighet
1136 1211 80 29 med
1240 1210 123 38 Kungl.
1389 1210 120 37 Maj:ts
1536 1210 70 29 för-

113 1262 75 39 slag
215 1263 131 39 (punkt
368 1263 30 34 8,
421 1272 26 20 s.
474 1263 70 34 15),
568 1263 107 30 vilket
698 1263 146 30 innebär
867 1273 43 21 en
934 1263 203 40 minskning
1161 1273 43 21 av
1226 1264 156 39 anslaget
1406 1264 78 29 med
1510 1264 93 29 1000

113 1316 63 33 kr.,
193 1316 203 30 hemställer
412 1316 181 34 utskottet,

468 1372 50 27 att
539 1370 188 39 riksdagen
747 1370 59 29 må
825 1370 51 30 till
896 1370 351 39 Försäkringsrådet:
1271 1370 257 30 Omkostnader
1549 1370 55 30 för

423 1422 204 39 budgetåret
649 1422 140 33 1964/65
809 1423 122 29 anvisa
949 1424 49 28 ett
1017 1423 273 39 förslagsanslag
1309 1433 41 19 av
1369 1423 41 30 34
1424 1423 62 30 000
1506 1423 53 29 kr.

158 1537 76 33 9:0)
254 1538 437 35 Riksförsäkringsverket:
712 1538 222 36 Avlöningar.
950 1539 124 36 Kungl.
1091 1539 102 36 Maj:t
1209 1539 64 29 har
1294 1539 126 37 (punkt
1436 1539 28 34 9,
1482 1549 25 19 s.
1526 1539 79 29 15—

115 1590 58 34 20)
205 1590 179 40 föreslagit
410 1591 187 40 riksdagen
623 1593 51 28 att
700 1592 73 29 dels
799 1591 211 40 bemyndiga
1034 1592 126 39 Kungl.
1187 1592 106 39 Maj:t
1319 1594 50 28 att
1395 1592 139 39 vidtaga
1560 1593 41 29 de

111 1643 193 40 ändringar
318 1644 11 29 i
345 1644 432 40 personalförteckningen
794 1644 55 30 för
865 1644 429 40 riksförsäkringsverket,
1312 1654 74 21 som
1404 1645 196 30 föranledes

112 1705 44 20 av
170 1697 67 29 vad
254 1697 385 39 departementschefen
656 1697 190 40 föreslagit,
864 1699 72 29 dels
953 1699 187 39 godkänna
1157 1709 43 21 av
1216 1700 385 39 departementschefen

114 1749 168 30 förordad
305 1750 253 39 avlöningsstat
582 1750 55 30 för
659 1751 428 40 riksförsäkringsverket,
1112 1754 51 29 att
1187 1753 177 40 tillämpas
1389 1754 71 30 tills
1483 1754 119 30 vidare

112 1802 44 30 fr.
170 1812 30 20 o.
214 1813 46 20 m.
279 1803 204 39 budgetåret
504 1804 150 35 1964/65,
675 1805 73 29 dels
767 1805 65 29 ock
851 1805 52 30 till
922 1805 445 40 Riksförsäkringsverket:
1389 1808 212 38 Avlöningar

114 1855 56 30 för
183 1865 137 20 samma
331 1856 170 39 budgetår
515 1857 120 30 anvisa
649 1860 48 27 ett
712 1857 273 40 förslagsanslag
999 1868 42 20 av
1058 1859 37 29 16
1110 1859 63 29 034
1188 1859 62 30 000
1266 1860 50 28 kr.

156 1936 166 39 Anslaget
336 1936 38 29 är
386 1936 11 29 i
410 1936 160 39 gällande
584 1937 145 29 riksstat
743 1937 144 39 uppfört
901 1938 80 29 med
997 1938 37 29 15
1051 1938 60 29 793
1127 1939 62 29 000
1204 1939 52 29 kr.

158 2015 13 29 I
196 2025 42 19 en
263 2015 94 29 inom
382 2016 110 29 andra
515 2016 206 29 kammaren
746 2026 42 20 av
812 2017 124 30 fröken
961 2017 122 30 Elmén
1109 2018 65 30 och
1197 2019 82 29 herr
1305 2019 168 29 Wiklund
1496 2020 102 29 väckt

111 2068 134 30 motion
272 2068 62 33 (II:
351 2069 80 33 620)
456 2069 65 29 har
542 2069 209 39 föreslagits,
773 2072 49 27 att
844 2070 187 39 riksdagen
1053 2071 107 30 måtte
1182 2072 136 29 besluta
1340 2074 49 27 att
1411 2082 41 19 en
1474 2073 125 29 befatt-

114 2121 84 38 ning
224 2130 74 20 som
325 2122 352 38 personalkonsulent
703 2123 10 28 i
740 2123 47 29 Ae
816 2123 38 29 19
880 2124 148 29 inrättas
1054 2124 11 29 i
1090 2124 417 39 riksförsäkringsverket
1534 2126 64 29 och

112 2175 50 28 att
176 2174 279 38 personalstaten
470 2174 54 29 för
536 2175 120 29 verket
669 2176 204 38 uppräknas
888 2176 78 29 med
982 2176 40 29 28
1037 2176 62 29 260
1114 2177 52 29 kr.

157 2225 227 31 Beträffande
404 2226 251 39 motiveringen
675 2227 55 29 för
748 2228 172 38 yrkandet
940 2228 164 29 hänvisas
1125 2230 51 28 till
1197 2230 187 29 motionen.

155 2306 184 29 Utskottet.
364 2307 411 37 Departementschefens
800 2308 130 38 förslag
954 2308 51 29 till
1030 2309 401 38 personalorganisation
1455 2310 146 29 innebär

111 2359 43 28 bl.
183 2369 30 19 a.
241 2368 43 20 en
312 2359 131 38 ökning
470 2369 42 19 av
540 2360 434 38 riksförsäkringsverkets
1003 2370 158 21 resurser
1188 2362 56 28 för
1271 2363 259 39 handläggning
1558 2373 38 20 av

109 2412 67 29 den
201 2412 163 38 frivilliga
388 2413 255 38 försäkringen.
668 2413 110 30 Medel
803 2414 172 29 beräknas
1000 2415 85 28 även
1112 2415 54 28 för
1191 2415 152 39 tillfällig
1367 2417 233 37 personalför-

109 2465 186 39 stärkning
316 2466 7 28 i
347 2465 169 30 samband
539 2466 77 29 med
638 2467 216 38 övergången
876 2467 51 29 till
950 2469 47 27 ett
1020 2468 230 29 automatiskt
1273 2468 326 40 databehandlings-
