2224 2738
715 210 261 32 Stats-Utskottets
1003 209 159 32 Utlåtande
1186 209 63 31 N:o
1272 211 52 29 62.
1777 214 38 27 15

211 292 199 58 Styrelsen
444 296 54 32 att
530 291 199 48 angående
762 289 383 38 Tulldistriktchefen
1178 290 220 36 Karströms
1426 289 391 49 tjensteverksamhet

210 344 62 48 sig
300 349 118 43 yttra;
461 343 72 37 och
564 342 168 37 uttalade
762 342 199 49 Styrelsen
989 340 146 49 dervid,
1173 346 55 31 att
1256 341 64 36 det
1346 353 90 24 vore
1466 353 46 23 en
1540 340 68 36 kär
1635 339 101 50 pligt
1763 345 55 31 att

211 394 174 38 vitsorda
412 394 86 37 »det
524 394 200 36 Karström
753 393 122 37 under
903 406 46 23 en
977 370 198 80 tjenstetid
1204 392 41 36 af
1268 405 102 23 mera
1399 396 48 31 än
1475 393 47 35 50
1551 394 38 33 år
1609 391 208 48 ådagalagt

209 446 107 36 »icke
357 445 96 37 blott
493 446 78 47 hög
613 444 97 48 grad
744 444 40 36 af
807 444 236 48 skicklighet
1074 443 12 36 i
1115 443 48 36 all
1192 443 60 37 sin
1279 442 319 50 tjensteutöfning
1625 447 92 32 utan
1744 443 71 35 ock

210 502 76 31 »ett
313 501 100 32 ännu
441 496 11 36 i
480 496 95 36 hans
609 495 256 37 framskridna
899 495 104 37 ålder
1031 498 41 33 så
1100 495 244 36 oförtröttadt
1372 494 70 36 och
1470 493 177 37 lefvande
1676 493 56 36 nit
1759 493 57 36 för

210 549 208 48 »tjenstens
442 547 253 57 fullgörande
730 547 71 36 och
829 546 56 37 för
914 546 262 49 befrämjande
1205 545 41 37 af
1267 545 225 36 tullverkets
1520 544 211 48 tidsenliga
1758 549 58 31 ut-

211 599 202 48 »veckling
439 598 12 37 i
480 598 73 36 alla
574 597 228 48 riktningar,
831 602 54 32 att
905 602 54 32 ett
977 596 255 37 framstående
1252 595 244 37 erkännande
1516 595 111 36 häraf
1642 615 49 4 —
1705 615 48 4 —
1767 615 49 4 —

211 647 47 50 »(i
287 650 46 36 då
357 627 125 59 afsedt
501 626 244 70 hänseende)
756 668 48 4 —
825 669 45 3 —
889 668 49 4 -
957 648 84 36 icke
1060 653 91 31 utan
1170 647 152 57 verklig
1342 647 183 36 orättvisa
1545 646 123 37 skulle
1688 647 128 36 kunna

211 701 286 36 »åsidosättas.>
552 699 81 38 Och
661 701 148 35 täcktes
838 699 123 37 Eders
990 699 140 48 Kongl.
1160 698 106 49 Maj:t
1293 698 11 36 i
1332 697 117 48 nådig
1477 697 238 57 proposition
1743 697 72 36 N:o

211 754 46 34 26
285 752 59 37 till
375 753 95 35 1870
499 754 59 33 års
587 751 174 48 Riksdag
789 750 166 37 förklara
982 750 200 37 Karström
1211 749 114 36 hafva
1352 750 103 48 gjort
1477 748 83 48 »sig
1579 748 62 36 väl
1660 748 158 49 förtjent

211 803 62 37 »af
297 803 64 36 det
388 802 149 37 vitsord
567 775 416 79 Generaltullstyrelsen
1002 801 24 36 i
1017 815 12 22 i
1049 801 66 36 sitt
1138 801 69 36 här
1231 800 101 37 förut
1351 779 250 58 omförmälda
1621 799 195 37 utlåtande

210 854 222 49 »angående
459 854 141 36 honom
628 853 168 37 uttalat.»

282 883 105 59 ”Det
413 918 68 24 var
510 905 97 36 dock
635 904 85 36 icke
748 903 97 37 blott
872 916 139 35 genom
1041 902 59 37 sin
1128 902 160 37 sålunda
1315 901 221 37 vitsordade
1562 901 255 49 tjensteverk-

214 957 161 46 samhet,
405 968 81 24 som
515 955 198 37 Karström
742 933 153 58 nitiskt
905 953 179 38 arbetade
1112 953 58 36 för
1198 953 101 37 hvad
1328 953 95 36 efter
1450 952 95 36 hans
1570 952 249 57 uppfattning

212 1007 128 37 kunde
368 985 186 71 befrämja
582 1006 64 37 det
674 1006 190 37 allmänna
891 1005 120 37 bästa.
1057 1005 75 36 För
1155 1018 46 22 en
1220 1003 211 37 förbättrad
1450 1002 273 49 lagstiftning
1729 1016 88 23 inom

214 1059 65 36 det
315 1058 165 47 område,
522 1070 82 24 som
638 1062 171 31 närmast
840 1056 162 36 berörde
1030 1055 208 37 föremålen
1266 1055 57 36 för
1350 1055 96 36 hans
1474 1054 257 61 verksamhet,
1760 1067 57 23 ar-

213 1109 138 37 betade
392 1109 76 36 han
508 1108 77 37 lika
625 1108 135 36 nitiskt
791 1107 96 36 både
921 1109 126 34 såsom
1075 1105 332 38 komité-ledamot
1434 1105 71 37 och
1534 1107 126 34 såsom
1690 1104 127 37 skrift-

214 1161 165 47 ställare,
408 1160 12 35 i
448 1172 134 24 senare
611 1159 238 36 hänseendet
876 1158 224 48 antagligen
1127 1157 84 37 icke
1237 1162 91 32 utan
1353 1155 226 38 ekonomisk
1597 1156 222 49 uppoffring

213 1211 133 36 tillika.

315 1261 170 37 Nutiden
525 1262 127 48 njuter
692 1260 196 37 frukterna
929 1260 40 36 af
1005 1260 65 36 det
1108 1258 284 48 reformarbete,
1430 1258 155 37 hvartill
1616 1257 201 37 Karström

216 1313 160 36 sålunda
409 1311 136 37 nitiskt
579 1312 71 36 och
679 1311 196 37 verksamt
902 1310 180 48 bidragit,
1112 1311 71 35 och
1212 1303 198 69 Styrelsen
1438 1312 119 45 vågar
1585 1314 151 43 antaga,
1766 1313 54 31 att

216 1363 264 37 erkännandet
520 1362 110 37 deraf
666 1375 140 35 genom
847 1338 237 72 beviljandet
1125 1361 40 37 af
1200 1364 126 44 någon
1365 1337 259 71 statspension
1659 1337 39 58 åt
1722 1338 95 57 hans

217 1415 98 36 enka
344 1414 71 36 och
444 1414 136 47 dotter,
610 1416 40 34 så
666 1391 126 70 länge
822 1414 114 35 också
964 1412 76 37 hon
1067 1412 120 36 lefver
1215 1392 109 66 enka,
1354 1411 97 37 skall
1479 1410 40 37 af
1533 1410 123 36 Eders
1677 1410 140 48 Kongl.

217 1466 107 45 Maj:t
364 1466 71 36 och
476 1443 223 69 Riksdagen
740 1441 121 59 ÄnDeS
903 1464 62 35 väl
1005 1462 226 49 rättfärdiga
1270 1462 74 37 den
1381 1461 224 48 statsutgift,
1635 1475 81 22 som
1744 1438 77 59 kan

216 1516 294 48 ifrågakomma;
552 1493 280 59 hemställande
873 1514 198 49 Styrelsen
1111 1491 281 70 underdånigst
1425 1518 54 31 att
1506 1490 125 58 denna
1658 1511 162 50 pension

216 1570 115 34 måtte
360 1567 232 36 bestämmas
620 1566 58 36 till
707 1567 71 35 800
806 1565 123 36 R:dr.»

318 1617 76 38 Vid
414 1617 177 37 ärendets
611 1616 279 48 föredragning
910 1616 75 36 den
1004 1618 21 34 8
1044 1615 158 37 Januari
1224 1614 258 37 innevarande
1502 1616 40 33 år
1560 1614 68 35 har
1649 1613 171 36 emeller-

217 1669 56 36 tid
314 1669 141 48 Kongl.
497 1669 117 48 Maj:t,
651 1667 154 50 jemlikt
845 1680 145 23 samma
1031 1666 76 47 dag
1139 1666 58 35 till
1218 1664 438 49 Generaltullstyrelsen
1684 1664 137 36 aflåten

217 1720 118 48 nådig
376 1718 215 48 skrifvelse,
633 1723 126 31 ansett
799 1717 143 37 sådana
975 1716 330 48 omständigheter
1337 1716 84 36 icke
1454 1728 90 23 vara
1571 1714 58 36 för
1656 1715 165 46 handen,

219 1776 53 31 att
311 1773 48 46 på
399 1769 139 57 grund
567 1769 111 37 deraf
713 1768 141 48 Kongl.
890 1768 107 48 Maj:t
1028 1767 89 37 ville
1145 1745 70 58 hos
1244 1767 223 47 Riksdagen
1495 1771 94 42 göra
1616 1765 204 37 framställ-

218 1821 95 48 ning
341 1834 60 23 om
430 1820 183 49 pensions
641 1819 219 49 beviljande
890 1821 37 34 åt
950 1782 213 83 Sökemden,
1186 1823 99 31 samt
1303 1817 58 36 för
1381 1795 73 58 den
1474 1795 98 58 skull
1594 1816 84 36 icke
1698 1816 125 36 funnit

219 1872 81 36 skäl
331 1877 53 31 att
410 1871 251 36 förenämnda
689 1869 219 49 ansökning
935 1869 152 48 bevilja.

319 1922 112 37 Hvad
460 1922 160 36 sålunda
647 1921 11 36 i
688 1921 103 36 detta
820 1898 139 59 ärende
987 1919 244 37 förekommit
1258 1919 68 36 har
1353 1918 197 37 Utskottet
1576 1918 99 48 tagit
1701 1918 122 36 under

220 1973 286 48 öfvervägande
535 1972 83 47 och,
648 1971 156 38 oaktadt
823 1970 381 37 Tulldistriktechefen
1229 1970 219 36 Karströms
1474 1947 246 58 verksamhet
1738 1968 85 36 blif-

220 2025 56 35 vit
316 2024 40 37 af
379 2001 303 59 vederbörande
724 2022 380 56 embetsmyndighet
1140 2020 248 51 synnerligen
1421 2020 63 36 väl
1516 2019 211 47 vitsordad,
1756 2019 68 36 har

221 2075 118 37 likväl
378 2075 209 46 Utskottet,
631 2074 47 36 då
719 2073 108 49 fråga
868 2087 58 23 om
969 2086 162 36 pension
1172 2072 57 36 för
1269 2072 95 36 hans
1398 2070 272 38 efterlemnade
1704 2048 117 70 familj

220 2126 99 37 varit
345 2126 158 36 föremål
530 2104 59 57 för
621 2125 140 47 Kongl.
791 2124 126 57 Maj:ts
946 2124 141 47 nådiga
1114 2122 194 50 pröfning,
1337 2122 71 36 och
1437 2122 140 47 Kongl.
1607 2121 106 49 Maj:t
1742 2121 82 36 der-

220 2177 66 37 vid
327 2176 83 37 icke
450 2176 126 36 funnit
609 2176 84 36 skäl
721 2181 55 30 att
802 2189 12 22 i
842 2175 136 37 sådant
1004 2152 221 58 hänseende
1253 2173 58 36 till
1338 2150 224 70 Riksdagen
1590 2177 95 43 göra
1712 2171 113 36 fram-

222 2227 196 48 ställning,
456 2232 125 31 ansett
617 2227 63 47 sig
716 2226 84 36 icke
828 2226 128 36 kunna
984 2225 257 37 motionärens
1270 2224 147 47 förslag
1444 2196 262 79 understödja,
1734 2227 91 32 utan

221 2278 233 47 hemställer,
