1897 2835
290 183 19 29 2
665 182 285 32 Statsutskottets
966 184 180 32 utlåtande
1160 194 43 21 nr
1216 186 42 30 39
1273 186 39 30 år
1327 187 84 29 1968

337 262 64 30 Vid
417 263 162 30 ärendets
596 264 286 40 slutbehandling
899 265 93 30 inom
1013 267 170 29 utskottet
1199 268 66 29 har
1282 268 156 30 närvarit

336 326 79 30 från
471 328 138 30 första
635 328 222 32 kammaren:
874 330 121 31 herrar
1010 331 181 31 Näsström
1212 332 65 35 (s),
1294 331 177 32 Gillström
1492 333 65 35 (s),
1575 334 118 40 Birger
1709 335 68 29 An-

286 372 146 30 dersson
460 373 64 34 (s),
545 374 84 29 Axel
651 374 201 31 Andersson
878 375 87 41 (fp),
988 376 76 30 Ivar
1084 377 199 30 Johansson
1310 379 90 39 (cp),
1422 379 93 29 Fritz
1536 380 148 29 Persson
1712 380 63 35 (s),

288 417 132 29 Rikard
437 417 172 30 Svensson
629 419 65 34 (s),
709 420 58 29 fru
782 420 247 31 Wallentheim
1050 421 65 35 (s),
1131 422 121 30 herrar
1266 423 148 37 Kaijser,
1436 424 70 34 (h),
1522 425 107 29 Bertil
1645 426 133 29 Peters-

293 471 62 20 son
383 463 63 34 (s),
470 463 168 30 Ollosson
665 464 71 35 (h),
760 465 64 30 Per
846 466 191 30 Jacobsson
1065 466 87 41 (fp),
1176 468 197 30 Wallmark
1400 468 72 36 (h),
1496 469 85 30 Erik
1603 470 174 30 Svensson

296 512 48 29 (s)
369 509 63 29 och
451 509 114 29 Johan
585 509 127 30 Olsson
737 510 75 40 (cp)
838 513 89 28 samt

336 571 78 30 från
478 572 121 29 andra
627 573 221 31 kammaren:
867 574 122 30 herrar
1006 575 160 30 Bohman
1188 576 72 35 (h),
1279 577 168 30 Karlsson
1464 579 11 29 i
1493 578 194 31 Olofström
1709 579 65 35 (s),

291 616 152 31 Blidfors
472 617 64 35 (s),
559 618 161 30 Eliasson
742 620 11 29 i
777 619 186 31 Sundborn
989 620 90 41 (cp),
1103 621 174 40 Mellqvist
1305 622 65 35 (s),
1393 623 58 30 fru
1473 623 302 32 Lewén-Eliasson

297 662 64 34 (s),
381 662 122 31 herrar
522 663 156 32 Nihlfors
703 664 87 40 (fp),
811 665 172 40 Bergman
1007 666 65 35 (s),
1093 667 125 30 fröken
1238 667 128 31 Olsson
1391 668 65 35 (s),
1476 669 122 30 herrar
1618 670 157 30 Gustafs-

292 716 62 21 son
371 709 12 29 i
404 708 186 31 Skellefteå
613 709 87 40 (fp),
720 710 187 31 Lindholm
932 711 64 35 (s),
1016 711 210 31 Gustafsson
1244 714 10 30 i
1274 713 191 31 Uddevalla
1489 714 64 35 (s),
1574 715 201 30 Antonsson

294 753 90 40 (cp),
401 754 173 30 Mundebo
594 754 72 41 (fp)
686 756 64 29 och
766 756 184 30 Petersson
969 756 72 35 (h).

916 958 230 34 Reservation

332 1068 41 20 av
392 1059 120 30 herrar
531 1060 86 29 Axel
634 1060 202 30 Andersson
862 1061 86 40 (fp),
969 1063 78 29 Ivar
1066 1063 199 30 Johansson
1292 1064 90 40 (cp),
1403 1064 139 37 Kaijser
1568 1066 71 35 (h),
1662 1065 115 30 Ottos-

286 1120 65 21 son
380 1114 71 33 (h),
474 1114 66 28 Per
561 1114 190 29 Jacobsson
780 1115 86 40 (fp),
893 1116 193 30 Wallmark
1115 1117 71 35 (h),
1209 1117 114 30 Johan
1347 1118 126 30 Olsson
1502 1119 90 41 (cp),
1615 1120 159 29 Bohman

290 1166 72 35 (h),
383 1166 160 30 Eliasson
564 1168 11 29 i
597 1168 185 30 Sundborn
809 1170 90 39 (cp),
920 1169 157 40 Nihlfors
1103 1171 86 40 (fp),
1213 1171 207 40 Gustafsson
1442 1175 10 28 i
1475 1174 186 30 Skellefteå
1687 1174 86 40 (fp),

288 1220 202 30 Antonsson
513 1222 90 40 (cp),
622 1223 174 29 Mundebo
819 1224 72 39 (fp)
913 1225 65 29 och
994 1225 186 29 Petersson
1204 1226 57 34 (h)
1284 1234 75 22 som
1377 1236 102 21 anser

329 1274 73 30 dels
425 1278 50 27 alt
498 1276 57 29 det
578 1277 119 39 stycke
719 1278 11 29 i
754 1278 188 31 utskottets
964 1279 163 39 yttrande
1151 1289 74 21 som
1248 1280 120 37 börjar
1391 1282 79 29 med
1495 1282 196 30 »Utlskottet
1715 1283 57 29 är»

288 1330 65 29 och
369 1330 110 29 slutar
494 1331 80 29 med
591 1331 256 40 »föreliggande
862 1333 239 30 motionerna»
1120 1334 77 30 bort
1213 1335 148 30 ersättas
1378 1336 79 29 med
1472 1338 71 27 text
1559 1346 42 20 av
1616 1337 157 36 följande

287 1383 146 40 lydelse:

331 1437 196 31 >Utskotlet
551 1438 117 30 finner
692 1439 154 30 rådande
870 1441 246 29 förhållanden
1141 1442 169 30 motivera
1334 1452 43 20 en
1401 1444 131 39 ökning
1557 1454 42 19 av
1625 1453 149 21 reserva-

284 1491 508 41 tionsmedelsförbrukningen
811 1494 110 29 under
940 1495 235 30 innevarande
1194 1496 168 39 budgetår
1381 1498 64 28 och
1464 1497 59 30 vill
1542 1499 9 28 i
1570 1499 204 38 anslutning

283 1545 54 29 till
359 1545 55 30 det
436 1546 205 30 motionsvis
663 1547 122 38 gjorda
806 1548 172 39 yrkandet
1000 1549 142 30 förorda
1164 1552 49 27 att
1235 1550 107 30 minst
1364 1550 40 30 50
1427 1551 87 37 milj.
1536 1552 52 29 kr.
1610 1561 43 20 av
1674 1552 101 30 dessa

285 1599 111 29 medel
420 1601 53 28 ias
495 1600 11 29 i
529 1600 154 39 anspråk
705 1601 55 29 för
783 1603 50 27 alt
857 1602 181 30 stimulera
1061 1604 313 39 sysselsättningen
1398 1605 94 29 inom
1516 1605 258 30 försvarsindu-

284 1653 98 29 strin.

328 1707 48 29 De
398 1707 148 30 sålunda
565 1708 249 39 möjliggjorda
834 1710 111 29 ökade
965 1710 297 39 beställningarna
1283 1712 62 29 bör
1367 1713 178 38 samlidigt
1566 1714 147 38 avvägas
1735 1713 39 29 så

284 1762 50 27 att
352 1761 40 29 de
410 1768 57 32 ger
485 1763 71 37 gott
573 1762 120 39 ulbyte
709 1763 10 29 i
737 1762 92 29 form
847 1772 41 20 av
905 1763 91 30 ökad
1013 1764 279 30 försvarseffekl.
1309 1765 145 40 Förslag
1471 1766 51 29 till
1540 1766 156 30 medlens
1714 1776 59 20 an-

283 1815 179 39 vändning
484 1816 95 29 lorde
599 1816 120 29 därför
739 1816 84 30 böra
843 1818 174 38 uppgöras
1038 1819 10 29 i
1069 1818 139 30 samråd
1230 1820 127 28 mellan
1379 1818 55 30 ÖB
1455 1820 63 29 och
1540 1820 233 30 arbetsmark-

282 1868 293 40 nadsstyrelsen.>

327 1921 73 30 dels
415 1925 50 27 att
480 1924 188 29 utskottets
682 1924 210 29 hemställan
907 1925 77 29 bort
998 1925 45 29 ha
1057 1926 158 36 följande
1230 1927 144 38 lydelse:

650 1980 70 27 »att
743 1978 187 39 riksdagen
953 1980 10 28 i
987 1979 188 39 anledning
1198 1990 42 19 av
1262 1981 219 29 motionerna
1505 1981 29 29 I:
1550 1981 63 30 520
1636 1982 65 29 och
1726 1982 44 29 II:

604 2031 62 30 652
685 2032 200 30 hemställer
902 2034 50 28 att
968 2032 126 40 Kungl.
1112 2033 106 37 Maj:t
1235 2043 41 20 av
1293 2034 216 40 förefintliga
1526 2036 246 29 reservations-

603 2086 112 29 medel
740 2086 110 30 under
873 2086 116 37 fjärde
1013 2087 223 30 huvudtiteln
1260 2088 45 39 på
1328 2089 69 29 sält
1421 2089 170 30 utskottet
1616 2089 156 30 förordat

604 2139 110 30 under
731 2140 204 39 budgetåret
953 2140 150 36 1967/68
1120 2141 175 40 utnytljar
1312 2143 107 30 minst
1436 2142 41 30 50
1492 2143 63 29 000
1570 2142 62 30 000
1650 2143 51 29 kr.
1719 2145 52 27 ut-

602 2194 80 28 över
703 2194 66 28 vad
790 2195 11 28 i
822 2194 262 39 proposilionen
1107 2204 41 20 nr
1172 2195 60 29 110
1257 2195 49 29 till
1330 2195 81 30 1967
1436 2196 56 29 års
1514 2196 142 39 riksdag
1677 2197 94 38 angi-

601 2247 98 29 vils.»

1392 2565 71 16 KUNGL
1477 2566 68 15 BOKTR
1560 2566 65 15 STHLM
1638 2566 35 15 19688
1695 2566 76 16 680027
