2180 2665
615 158 400 32 Konstitutionsutskottets
1036 157 164 32 utlåtande
1223 157 52 32 Nr
1299 159 52 31 37.
1717 159 19 30 5

181 238 116 49 ingen
325 238 140 36 tvekan
492 238 75 36 kan
594 237 102 48 råda,
724 238 75 36 kan
827 251 88 23 man
942 237 82 36 icke
1052 239 111 47 spåra
1190 240 129 46 någon
1347 235 235 52 enhetlighet
1610 238 85 36 med
1724 238 54 36 af-

182 290 138 38 seende
349 293 21 34 å
396 290 458 37 kassationsförfarandet.
910 289 59 37 En
996 289 91 37 liten
1116 289 354 51 sammanställning
1504 290 39 36 af
1572 290 102 37 vissa
1701 289 78 50 fall,

181 343 48 36 då
260 343 103 36 såväl
391 342 278 49 godkännande
698 355 79 24 som
802 341 321 38 underkännande
1143 346 67 45 ägt
1224 356 94 34 rum,
1334 343 107 36 torde
1455 356 91 23 vara
1561 342 217 50 belysande.

316 395 34 48 1)
380 395 169 48 gulhvitt
577 408 157 36 papper;

313 446 36 49 2)
376 447 178 48 linjeradt
581 460 158 35 papper;

314 499 36 48 3)
373 499 120 49 jämte
521 499 167 36 valsedel
716 503 116 33 annat
859 498 167 37 innehåll
1054 497 12 37 i
1093 498 252 46 valkuvertet;

315 551 36 49 4)
380 551 204 50 märkning
625 551 85 36 med
753 551 278 50 blyertsstreck,
1076 550 191 48 »kråkor»,
1297 551 123 36 siffror
1448 550 69 37 och
1545 550 233 37 bokstäfver.

314 603 98 49 (Med
453 604 149 49 hänsyn
635 603 58 36 till
720 604 114 36 fallen
863 606 20 34 3
914 603 70 36 och
1011 605 24 34 4
1063 616 113 36 synes
1203 603 239 49 Konungens
1469 603 311 48 befallningshaf-

183 656 121 37 vande
330 656 12 36 i
369 655 248 49 Kronobergs
657 656 63 36 län
760 656 148 37 förfarit
936 655 167 45 mildast;
1132 655 73 37 den
1231 655 206 37 resolverar
1465 661 25 30 t.
1521 668 56 24 ex.
1607 655 12 36 1
1642 660 53 32 ett
1715 655 86 46 fall.

182 712 49 46 på
259 708 167 48 följande
454 713 89 32 sätt:
573 708 58 37 En
659 709 178 47 valsedel,
868 711 20 33 å
915 707 156 37 hvilken
1099 708 154 36 framför
1279 721 164 23 namnen
1471 708 170 36 tecknats
1661 710 120 47 några

182 761 235 47 bokstäfver,
460 761 183 49 möjligen
685 761 266 37 föreställande
992 760 41 47 F,
1078 759 37 49 S,
1155 759 37 49 S,
1222 760 231 48 godkändes.
1509 760 59 36 En
1596 760 13 35 i
1637 773 143 23 samma

182 814 136 35 kuvert
345 813 271 48 inneliggande
639 812 270 51 blyertspenna
937 815 138 46 ansågs
1096 812 82 37 icke
1207 817 135 43 utgöra
1371 812 81 37 skäl
1480 813 59 35 för
1567 812 209 48 kassering.

182 866 182 36 Däremot
397 869 118 45 ansåg
548 865 240 50 Konungens
816 864 422 49 befallningshafvande
1265 865 12 36 i
1307 863 216 51 Göteborgs
1552 864 71 37 och
1650 863 129 38 Bohus

183 919 75 45 län,
289 923 54 31 att
383 917 199 50 kassering
622 918 117 36 borde
780 918 66 36 ske
888 917 40 36 af
952 917 175 47 valsedel,
1162 917 125 35 därför
1316 922 53 30 att
1397 917 239 36 valkuvertet
1660 916 120 48 jämte

182 970 190 37 valsedeln
401 970 167 36 innehöll
596 975 54 32 ett
678 976 114 30 annat
818 968 162 50 kuvert.)

316 1022 36 49 5)
381 1022 234 36 sönderrifna
643 1023 201 44 valsedlar;
875 1021 31 49 (I
933 1021 106 49 regel
1066 1021 107 36 torde
1188 1021 329 49 sönderrifningen
1541 1020 240 50 uppkommit

183 1075 64 35 vid
275 1075 205 35 kuvertens
510 1075 201 49 öppnande
739 1075 119 35 under
885 1073 412 49 sammanräkningen.)

316 1126 36 49 6)
380 1126 83 37 icke
492 1127 124 36 slutna
642 1127 150 44 kuvert;

318 1178 34 49 7)
381 1178 91 36 flera
500 1179 125 36 streck
652 1181 48 46 på
728 1178 208 45 valsedeln;

315 1232 37 46 8)
381 1230 134 37 endast
542 1230 339 50 partibeteckning.

314 1283 67 36 Ett
420 1296 68 36 par
525 1283 180 37 särskildt
732 1283 265 49 egendomliga
1025 1284 242 48 kasseringar
1294 1284 105 36 torde
1428 1284 163 49 förtjäna
1619 1289 55 32 att
1703 1297 78 23 om-

184 1341 173 31 nämnas.
428 1334 49 38 Så
517 1335 69 37 har
623 1335 11 36 1
674 1335 212 38 Malmöhus
927 1337 61 36 län
1030 1350 46 23 en
1104 1336 164 37 valsedel
1296 1336 191 36 kasserats
1515 1339 48 47 på
1591 1337 124 49 grund
1744 1336 41 37 af

183 1388 244 50 perforering
454 1387 12 36 i
495 1388 152 45 kanten,
676 1388 71 36 och
776 1401 46 23 en
851 1402 124 23 annan
1003 1389 126 36 därför
1158 1394 54 31 att
1240 1389 71 36 den
1338 1394 149 44 upptog
1516 1388 264 50 »beteckning,

186 1454 82 23 som
310 1440 33 47 ej
387 1440 162 49 angåfve
589 1440 170 49 politiskt
793 1441 133 49 parti».
982 1441 59 36 En
1069 1440 219 50 gottländsk
1316 1442 151 35 valman
1496 1441 77 47 har,
1603 1442 41 36 af
1668 1442 114 48 pryd-

184 1492 293 49 lighetshänsyn
510 1493 89 36 eller
627 1506 125 23 annan
776 1493 121 49 orsak,
926 1494 12 35 1
966 1493 127 36 stället
1122 1493 57 36 för
1207 1499 54 30 att
1290 1493 128 49 stryka
1447 1497 54 32 ett
1528 1507 116 23 namn
1672 1494 70 36 och
1769 1493 13 36 i

186 1545 125 36 stället
348 1544 199 37 ditskrifva
575 1549 53 32 ett
655 1550 126 42 annat,
810 1545 123 50 klippt
960 1559 44 22 ur
1031 1545 102 36 detta
1162 1558 129 23 senare
1318 1558 44 23 ur
1390 1558 46 23 en
1464 1558 124 24 annan
1615 1545 167 37 valsedel

185 1596 73 37 och
298 1596 149 36 klistrat
475 1597 63 35 det
566 1597 163 48 ofvanpå
758 1597 63 35 det
848 1598 110 35 förra.
1015 1597 132 36 Denna
1174 1597 166 36 valsedel
1367 1597 219 37 betraktade
1618 1599 164 47 länssty-

185 1648 123 36 relsen
335 1649 77 35 inte
441 1648 134 37 endast
603 1651 123 34 såsom
754 1653 76 31 rätt
857 1649 163 48 märklig
1047 1671 50 4 —
1138 1649 63 36 det
1229 1648 120 37 skulle
1377 1649 33 48 ej
1440 1649 113 36 väckt
1575 1649 207 37 förundran

186 1722 51 4 —
277 1705 92 31 utan
411 1703 125 33 såsom
565 1700 133 37 märkt.
763 1699 88 38 Som
886 1701 151 47 bekant,
1066 1705 41 32 är
1136 1701 61 37 det
1225 1701 134 36 tillåtet
1388 1705 55 32 att
1472 1701 164 37 aflämna
1663 1701 119 37 hand-

187 1752 146 36 skrifna
359 1752 197 47 valsedlar,
586 1752 120 36 ehuru
736 1753 63 36 det
826 1753 220 48 påtagligen
1073 1754 13 35 i
1112 1753 108 49 långt
1248 1753 118 48 högre
1393 1754 94 48 grad
1507 1758 40 31 är
1565 1754 142 48 ägnadt
1727 1759 55 31 att

186 1804 83 48 röja
310 1804 322 49 valhemligheten
672 1809 47 31 än
747 1804 65 37 det
844 1803 269 51 blyertsstreck
1140 1808 47 46 på
1214 1805 185 37 baksidan
1427 1805 41 36 af
1492 1805 178 48 valsedel,
1700 1818 82 24 som

187 1856 80 37 ofta
294 1856 96 36 varit
416 1855 346 51 kasseringsorsak.

317 1908 83 36 Hur
442 1908 95 36 skall
564 1922 87 23 man
679 1912 91 33 ernå
797 1922 47 23 en
872 1910 168 47 enhetlig
1066 1910 128 49 praxis
1224 1909 58 37 för
1309 1909 252 37 bedömandet
1590 1910 40 36 af
1655 1910 127 36 kasse-

186 1959 243 49 ringsorsak?
497 1959 225 50 Säkerligen
762 1961 82 36 icke
885 1974 140 36 genom
1068 1975 45 23 en
1156 1966 118 32 större
1302 1961 224 49 detaljering
1554 1962 41 36 af
1620 1961 162 37 bestäm-

188 2012 186 37 melserna
400 2012 12 36 i
439 2013 187 48 vallagen.
682 2012 82 37 Den
793 2012 166 38 önskade
987 2014 280 47 enhetligheten
1294 2036 50 4 —
1376 2027 81 23 som
1486 2018 40 31 är
1552 2013 230 49 nödvändig,

187 2064 159 37 emedan
361 2065 225 36 valmännen
602 2065 106 49 eljest
723 2065 12 36 i
751 2066 45 36 de
811 2066 363 36 sammanräknande
1188 2065 336 50 myndigheternas
1540 2066 101 36 olika
1654 2066 128 48 kynne

187 2116 70 37 lätt
285 2119 111 47 spåra
432 2130 47 23 en
506 2117 79 37 viss
612 2117 291 50 godtycklighet
930 2140 50 5 —
1008 2131 112 35 synes
1148 2117 81 49 mig
1256 2119 127 35 lättast
1410 2118 130 36 kunna
1568 2118 214 37 åstadkom-

187 2181 81 24 mas
309 2181 138 36 genom
489 2182 45 23 en
580 2171 274 35 centralisation
895 2171 44 45 af
969 2172 491 45 sammanräkningsarbetet,
1491 2183 47 23 en
1567 2170 216 36 centralisa-

187 2221 80 36 tion
308 2223 50 47 på
400 2224 40 33 så
482 2226 86 43 sätt,
612 2227 54 31 att
707 2222 46 36 de
782 2223 216 36 nuvarande
1024 2222 312 37 valförrättarnes
1369 2221 126 38 arbete
1527 2222 256 49 begränsades

188 2272 56 37 till
286 2278 55 31 att
377 2279 178 43 upprätta
583 2273 229 50 hjälpsedlar
840 2274 42 36 af
906 2288 145 23 samma
1078 2280 112 31 natur
1218 2288 81 23 som
1328 2274 59 49 de,
1416 2274 127 37 hvilka
1572 2274 211 37 statistiska
