2180 2675
225 667 41 24 II:
285 667 57 24 181.

451 157 20 31 4
841 157 396 33 Konstitutionsutskottets
1261 157 160 33 utlåtande
1444 158 52 32 Nr
1519 159 51 32 37.

407 237 138 50 tillägg
586 237 41 37 af
664 237 177 49 innehåll,
884 243 55 32 att
980 238 230 50 stadgandet
1238 238 100 38 afser
1366 238 63 38 det
1457 238 77 50 fall,
1564 243 55 33 att
1646 239 180 50 uppehåll
1854 239 86 38 sker
1967 239 42 37 af

408 304 125 23 annan
562 291 208 50 anledning
798 296 48 31 än
874 291 231 50 gudstjänst.

537 343 73 38 Det
651 358 52 22 nu
742 344 157 37 anförda
927 349 41 32 är
997 345 121 37 afsedt
1146 350 56 32 att
1230 345 159 37 allenast
1416 345 251 50 exemplifiera
1696 345 45 37 de
1769 358 103 24 mera
1898 345 106 50 iögo-

406 396 241 38 nenfallande
688 397 148 47 brister,
883 411 80 23 som
1004 398 65 37 vid
1112 399 193 48 vallagens
1334 398 244 50 tillämpning
1604 399 160 36 kommit
1792 398 58 37 till
1878 412 124 36 synes.

406 449 73 37 Det
506 448 94 38 lider
626 449 95 37 intet
749 449 144 48 tvifvel,
923 455 55 32 att
1002 451 46 37 de
1067 451 279 49 myndigheter,
1367 464 80 24 som
1468 451 80 37 haft
1567 456 54 31 att
1639 453 49 48 på
1708 457 54 31 ett
1781 452 90 36 eller
1891 457 113 31 annat

407 506 74 32 sätt
508 508 92 43 taga
626 502 217 50 befattning
871 503 84 37 med
983 503 122 49 valen,
1134 504 114 37 äfven
1275 504 12 36 i
1315 502 117 38 andra
1461 504 203 37 afseenden
1683 504 127 37 funnit
1828 503 177 51 vallagen

406 568 89 23 vara
522 555 12 36 1
563 555 118 37 behof
707 555 41 37 af
772 556 206 49 ändringar
1005 557 71 36 och
1104 557 342 49 förtydliganden.»

535 661 99 37 Herr
661 662 133 36 Nilson
821 661 12 36 i
863 651 142 47 Örebro
1035 662 69 36 har
1132 662 11 37 i
1172 663 58 36 sin
1258 662 146 37 motion
1431 677 45 22 nr
1506 664 70 35 181
1604 663 11 36 i
1634 662 130 37 Andra
1783 663 221 38 kammaren

406 713 203 46 hemställt,
643 718 75 30 »att
745 713 220 47 Riksdagen
991 714 88 35 ville
1108 715 11 34 i
1148 715 198 35 skrifvelse
1375 714 56 36 till
1458 715 142 47 Kungl.
1628 714 110 49 Maj:t
1765 715 149 35 anhålla
1942 728 62 23 om

406 764 204 49 utredning
638 765 78 36 dels
744 765 12 36 i
786 764 110 50 fråga
924 778 60 24 om
1014 766 194 49 åtgärders
1235 766 232 51 vidtagande
1494 766 13 37 i
1526 766 174 38 ändamål
1718 771 54 32 att
1792 766 211 52 förebygga

405 818 302 48 masskassering
749 818 40 36 af
826 818 65 36 vid
931 819 60 36 val
1033 819 40 36 af
1109 819 207 37 ledamöter
1357 820 56 36 till
1449 819 231 49 Riksdagen,
1709 819 195 49 landsting
1931 821 73 36 och

407 869 345 50 stadsfullmäktige
794 870 145 49 afgifna
978 871 197 50 valsedlar,
1209 872 79 37 dels
1330 872 186 37 huruvida
1553 872 70 37 och
1649 875 49 46 på
1725 872 101 37 hvad
1855 876 74 33 sätt
1956 886 47 23 en

405 922 290 49 centralisering
727 922 43 36 af
794 923 505 50 sammanräkningsarbetet
1326 924 64 37 vid
1418 925 62 36 val
1508 924 41 37 af
1572 924 209 38 ledamöter
1809 925 57 37 till
1892 924 111 38 Riks-

406 975 144 48 dagens
578 975 128 36 Andra
733 975 205 48 kammare,
967 976 57 36 till
1052 977 194 49 landsting
1274 977 71 37 och
1364 978 57 36 till
1441 977 344 49 stadsfullmäktige
1804 980 61 34 må
1883 977 120 50 lämp-

404 1027 104 49 ligen
535 1027 128 37 kunna
691 1028 279 37 åstadkommas
999 1029 70 37 och
1097 1029 58 37 för
1178 1029 218 50 Riksdagen
1416 1029 214 50 framlägga
1649 1030 46 36 de
1714 1030 156 49 förslag,
1891 1030 111 37 hvar-

405 1079 56 37 till
490 1093 46 23 en
565 1080 114 37 sådan
707 1080 207 49 utredning
941 1082 75 36 kan
1044 1081 104 49 gifva
1177 1082 243 49 anledning».

534 1132 72 37 Till
635 1132 83 37 stöd
747 1133 59 36 för
834 1133 65 37 sitt
927 1133 144 49 förslag
1098 1134 69 37 har
1194 1134 233 37 motionären
1457 1135 123 36 anfört
1607 1134 183 50 följande:

534 1185 406 47 »Röstkasseringarna
966 1186 65 35 vid
1059 1186 168 49 fjolårets
1256 1186 351 37 andrakammarval
1634 1187 116 36 hafva
1777 1187 98 36 varit
1903 1187 99 36 före-

405 1236 74 37 mål
521 1236 58 37 för
607 1250 45 23 en
693 1241 75 32 rätt
810 1237 95 50 liflig
933 1238 225 37 diskussion.
1213 1238 55 37 De
1296 1239 128 36 kunna
1451 1238 207 51 lämpligen
1686 1239 183 50 uppdelas
1898 1239 12 36 i
1939 1242 64 34 två

405 1288 330 50 hufvudgrupper:

538 1340 34 49 1)
601 1341 211 50 Kassering
839 1342 41 36 af
903 1342 84 36 hela
1015 1347 230 32 röstmassan
1273 1344 84 36 från
1384 1344 102 36 vissa
1513 1344 238 45 kommuner;

536 1393 36 47 2)
601 1393 211 51 Kassering
841 1394 40 36 af
906 1395 154 36 enstaka
1087 1396 218 36 röstsedlar.

534 1445 299 50 Kasseringarna
875 1447 120 36 under
1035 1460 125 36 grupp
1205 1448 34 48 1)
1282 1448 11 36 i
1323 1448 215 48 allmänhet,
1562 1449 54 49 ja,
1645 1449 188 36 måhända
1860 1450 141 36 uteslu-

405 1497 113 38 tande
547 1498 186 37 beroende
762 1499 124 50 därpå,
917 1504 54 31 att
999 1499 215 50 respektive
1242 1501 247 36 valnämnder
1516 1500 203 37 underlåtit
1747 1506 55 31 att
1817 1501 109 36 ställa
1941 1502 61 50 sig

403 1550 337 37 bestämmelserna
766 1552 12 35 i
807 1551 195 49 vallagens
1031 1551 42 49 $$
1101 1553 151 36 42—55
1281 1553 56 36 till
1366 1553 257 36 efterrättelse.
1678 1553 75 37 Vid
1780 1559 54 31 ett
1853 1553 146 38 tillfälle

404 1603 68 36 har
501 1603 44 49 ju
587 1602 55 37 till
684 1603 70 36 och
796 1604 84 36 med
920 1604 178 47 inträffat,
1129 1610 54 31 att
1210 1618 138 36 genom
1377 1618 46 24 en
1451 1605 336 49 posttjänstemans
1815 1606 187 37 måhända

405 1655 126 36 alltför
559 1660 100 31 stora
687 1655 56 37 nit
770 1669 46 23 en
844 1656 105 50 dylik
976 1655 200 51 kassering
1202 1662 67 44 ägt
1296 1671 94 23 rum.
1446 1657 72 38 Det
1546 1663 41 31 är
1606 1658 215 49 säkerligen
1841 1658 160 38 känslan

403 1707 43 36 af
470 1707 62 37 det
560 1707 165 49 oriktiga
753 1708 12 35 i
794 1713 57 32 att
878 1708 170 49 väljarna
1075 1712 41 33 så
1144 1709 150 37 alldeles
1305 1715 90 31 utan
1411 1723 100 35 egen
1522 1709 206 50 förskyllan
1744 1710 173 37 beröfvas
1934 1711 66 37 sitt

403 1759 208 49 inflytande
652 1763 48 45 på
732 1760 121 37 valets
880 1763 159 47 utgång,
1069 1774 81 23 som
1177 1762 99 36 varit
1304 1762 254 49 anledningen
1586 1762 57 36 till
1673 1767 53 31 att
1761 1762 239 48 Konungens

403 1811 423 49 befallningshafvande
853 1813 12 35 i
893 1814 107 46 regel
1027 1814 98 35 varit
1154 1814 150 49 mycket
1331 1814 115 36 milda
1472 1815 13 35 i
1513 1815 58 35 sin
1596 1815 177 48 tolkning
1805 1815 42 36 af
1862 1815 140 37 sådana

403 1864 76 36 fall.
548 1863 76 37 Det
665 1869 41 31 är
744 1864 107 48 dock,
881 1878 114 35 synes
1024 1865 62 37 det
1113 1866 92 48 mig,
1234 1879 46 23 en
1307 1866 173 49 påtaglig
1506 1866 96 37 brist
1629 1867 70 36 hos
1727 1867 189 48 vallagen,
1947 1873 55 31 att

404 1915 71 37 den
504 1915 32 49 ej
567 1915 126 49 gifver
720 1919 118 46 något
866 1917 124 49 skydd
1019 1917 58 37 för
1104 1930 47 24 en
1179 1917 105 50 dylik
1312 1918 310 50 masskassering.

532 1968 74 36 Vid
646 1968 200 50 kassering
888 1969 40 36 af
966 1970 155 36 enstaka
1160 1970 205 37 röstsedlar
1402 1983 113 37 synas
1543 1971 313 49 länsstyrelserna
1883 1971 115 37 hafva

403 2020 84 48 följt
528 2020 46 36 de
610 2026 96 30 mest
747 2021 188 36 skiftande
968 2022 176 48 grunder.
1199 2021 255 38 Valkuverten
1482 2023 49 36 ha
1559 2023 39 49 ju
1624 2023 83 36 haft
1735 2029 53 30 ett
1815 2023 185 37 växlande

402 2071 179 37 innehåll.
651 2072 18 36 I
710 2073 125 36 stället
872 2073 58 36 för
957 2073 188 37 valsedlar
1172 2074 50 36 ha
1250 2074 242 37 förekommit
1519 2075 224 49 valupprop,
1773 2075 142 48 förslag
1942 2075 56 36 till

402 2123 235 49 kandidater,
679 2124 206 50 räkningar
925 2125 71 37 och
1037 2126 241 37 ströskrifter.
1348 2126 59 37 En
1447 2128 151 36 valman
1625 2128 12 35 i
1664 2127 245 50 Kronobergs
1937 2128 62 36 län

402 2176 68 36 har
511 2177 12 35 1
564 2177 124 36 stället
729 2177 59 36 för
828 2178 164 36 valsedel
1024 2179 81 48 lagt
1132 2178 39 36 in
1199 2192 45 23 en
1272 2179 167 49 begäran
1469 2192 59 23 om
1559 2179 229 49 anteckning
1815 2180 56 35 till
1898 2185 99 31 natt-

401 2228 231 50 vardsgång.
698 2228 18 37 I
757 2236 77 30 stor
873 2230 265 49 utsträckning
1169 2231 49 36 ha
1239 2231 46 49 ju
1313 2231 113 37 också
1454 2231 264 37 dubbelsedlar
1747 2232 249 36 förekommit.

400 2280 87 38 Men
525 2294 60 24 om
624 2295 87 23 man
753 2281 235 50 undantager
1029 2282 141 38 sådana
1210 2283 66 37 fall
1318 2296 80 24 som
1440 2283 46 38 de
1515 2283 167 49 anförda,
1713 2297 60 24 om
1802 2283 129 38 hvilka
1959 2284 40 48 ju
