1894 2796
306 142 115 30 Andra
437 142 197 31 kammarens
652 145 42 28 tr
706 142 48 31 ed
765 141 42 39 je
824 141 168 39 tillfälliga
1008 142 136 31 utskotts
1162 141 171 32 utlåtande
1350 151 42 20 nr
1408 142 29 30 8.
1597 139 19 30 5

128 233 195 31 verkställas.
344 234 99 30 Fasta
461 233 103 39 regler
581 233 169 38 härvidlag
767 233 114 32 saknas
898 233 54 31 för
970 232 204 32 närvarande
1191 232 57 31 och
1266 231 102 32 skulle
1386 230 94 32 alltså
1496 229 121 32 behöva

126 287 126 38 skapas.
270 287 49 31 Då
334 287 101 38 syftet
450 287 73 31 med
539 287 62 31 den
616 286 184 39 föreslagna
816 287 160 30 reformen
989 286 104 31 skulle
1109 285 191 38 motverkas,
1316 295 49 21 om
1379 294 101 28 yngre
1495 283 122 38 utskyl-

130 340 57 32 der
207 341 91 38 finge
318 344 130 35 uttagas
471 341 69 32 före
560 340 89 32 äldre
668 360 42 3 —
729 340 72 32 med
821 340 66 31 risk
908 340 53 31 för
981 339 221 39 preskription
1223 337 203 33 beträffande
1446 337 38 32 de
1505 347 112 21 senare

127 412 43 5 —
187 395 98 31 måste
305 394 90 32 dessa
413 394 104 39 regler
536 394 36 31 få
590 394 101 32 sådan
711 394 166 39 innebörd,
897 397 49 28 att
965 394 91 31 tiden
1079 394 53 31 för
1151 393 299 31 införselbeslutens
1471 392 148 31 ankomst

129 449 48 31 till
199 449 237 38 arbetsgivaren
457 449 67 32 icke
543 448 89 32 bleve
651 448 184 38 avgörande
857 448 53 31 för
929 448 63 31 den
1012 447 149 38 ordning,
1182 447 11 30 i
1215 446 106 31 vilken
1343 446 40 32 de
1402 445 103 32 skulle
1526 445 90 31 verk-

128 503 120 31 ställas.
269 503 63 31 Det
350 513 93 27 synes
461 502 171 39 sannolikt,
651 506 47 28 att
717 502 39 31 de
776 501 193 39 åligganden
986 501 55 31 för
1060 500 248 39 arbetsgivarna,
1328 510 68 21 som
1414 499 102 31 skulle
1535 498 84 39 följa

128 557 110 38 härav,
261 556 103 32 skulle
385 556 87 32 bliva
496 556 113 31 alltför
629 555 213 39 betungande.
866 556 118 30 Risken
1007 555 53 31 för
1080 555 134 38 misstag
1236 555 57 30 och
1316 553 224 32 förbiseenden
1563 552 56 32 vid

129 609 464 39 prioritetsbestämmelsernas
614 610 206 38 tillämpning
841 608 102 33 skulle
965 608 224 38 otvivelaktigt
1209 607 89 32 bliva
1319 611 76 35 stor,
1417 607 57 31 och
1496 606 121 31 arbets-

130 664 133 38 givaren
282 664 100 31 skulle
399 663 255 39 uppenbarligen
673 663 68 32 icke
758 664 109 30 kunna
885 663 131 38 åläggas
1034 666 48 28 att
1100 663 120 30 ersätta
1236 661 41 32 de
1295 661 162 38 förluster,
1477 670 67 22 som
1563 660 55 31 det

130 718 164 31 allmänna
309 718 187 37 härigenom
512 717 152 31 vållades.

213 772 118 31 Därest
363 770 239 32 införselbeslut
632 772 76 30 från
739 770 105 32 skilda
872 770 276 38 utmätningsmän
1177 769 123 31 komme
1330 773 49 29 att
1408 768 209 38 konkurrera,

128 825 103 32 skulle
248 825 248 38 olägenheterna
513 836 40 20 av
569 829 49 28 att
633 825 109 38 praxis
758 824 139 31 rörande
913 824 157 31 storleken
1088 833 41 21 av
1146 822 56 32 det
1217 823 127 38 belopp,
1362 832 68 21 som
1445 821 56 32 vid
1517 821 102 32 inför-

130 879 45 31 sel
194 879 188 31 förbehålles
399 879 63 31 den
477 878 237 39 skattskyldige
731 878 177 38 respektive
925 877 186 38 innehålles,
1129 878 38 30 är
1182 876 162 32 skiftande
1362 876 86 31 inom
1465 876 85 31 olika
1566 876 52 31 län

129 932 58 31 och
210 932 433 39 utmätningsmansdistrikt,
664 931 257 39 uppenbarligen
941 931 87 32 bliva
1049 930 287 39 iögonenfallande.
1359 930 128 32 Sådana
1507 929 112 31 konse-

130 987 133 31 kvenser
286 987 111 31 kunna
421 986 188 38 visserligen
634 985 102 32 delvis
760 984 202 40 förebyggas,
987 995 50 21 om
1061 983 250 39 normalbelopp,
1336 983 175 38 graderade
1536 983 85 31 efter

130 1040 113 38 dyrort
262 1040 59 31 och
339 1040 312 38 försörjningsplikt,
670 1039 180 31 fastställas
868 1039 54 31 för
938 1038 64 31 vad
1019 1048 67 22 som
1102 1038 56 31 vid
1177 1038 135 30 införsel
1328 1037 81 32 skall
1427 1036 193 32 förbehållas

131 1094 63 31 den
209 1093 243 39 skattskyldige,
469 1104 74 21 men
559 1094 10 30 i
586 1093 40 33 de
639 1093 159 32 särskilda
814 1092 99 32 fallen
929 1092 113 31 kunna
1057 1092 69 31 ofta
1142 1091 273 38 omständigheter
1429 1090 190 38 tillkomma,

128 1158 68 21 som
215 1148 152 31 motivera
385 1147 157 40 avvikelse
560 1147 78 31 från
655 1146 292 38 normalbeloppen,
966 1146 59 31 och
1043 1146 53 30 för
1109 1144 124 32 sådana
1251 1144 58 32 fall
1326 1144 148 31 kvarstår
1489 1144 130 38 möjlig-

130 1202 104 37 heten,
256 1205 48 29 att
325 1202 102 31 skilda
447 1202 278 37 utmätningsmän
745 1201 83 31 fatta
850 1200 85 31 olika
955 1200 106 32 beslut
1080 1199 167 39 angående
1267 1199 161 31 storleken
1448 1208 43 21 av
1510 1197 108 32 förbe-

130 1256 99 31 hållet
246 1255 128 39 belopp.

213 1309 75 31 Vad
306 1319 69 21 som
393 1309 117 32 hittills
529 1309 128 31 anförts
675 1308 59 32 har
753 1307 155 32 avseende
928 1307 114 32 enbart
1058 1307 20 31 å
1095 1306 235 38 skattskyldiga
1347 1306 86 31 vilka
1452 1305 167 39 samtidigt

132 1364 55 30 äro
211 1363 163 31 restförda
397 1363 87 30 inom
506 1363 56 30 två
585 1362 77 31 eller
686 1362 83 31 flera
792 1360 438 39 utmätningsmansdistrikt.
1265 1360 131 38 Frågan
1420 1359 63 31 kan
1506 1359 115 31 därför

129 1416 119 38 ställas,
265 1426 49 21 om
331 1416 67 31 icke
413 1427 40 21 en
468 1416 123 31 reform
606 1414 98 33 skulle
720 1415 109 31 kunna
843 1414 175 39 begränsas
1033 1415 49 32 till
1098 1413 244 38 skattskyldiga,
1357 1412 161 32 restförda
1534 1413 87 30 inom

132 1469 114 32 endast
264 1473 45 28 ett
326 1469 139 32 distrikt.
483 1470 64 30 Det
563 1469 86 30 visar
663 1468 50 38 sig
729 1468 176 31 emellertid
920 1472 50 27 att
984 1468 40 30 de
1039 1467 119 38 skarpa
1176 1468 136 37 gränser
1326 1466 117 31 mellan
1459 1465 40 32 de
1514 1465 108 32 skilda

132 1523 230 38 kategorierna,
387 1532 66 21 som
479 1532 39 21 en
540 1522 102 31 sådan
666 1521 156 38 klyvning
843 1521 105 31 skulle
973 1521 187 37 förutsätta,
1186 1520 68 31 icke
1277 1520 113 31 kunna
1413 1519 127 38 dragas.
1567 1519 54 30 En

131 1577 214 38 skattskyldig
367 1576 73 31 med
462 1586 38 21 en
521 1576 249 37 restföringsort
791 1575 64 30 kan
878 1575 98 37 flytta
999 1574 51 30 till
1074 1578 101 28 annat
1196 1572 425 39 utmätningsmansdistrikt

132 1630 58 31 och
210 1630 154 31 restföras
381 1629 69 39 där,
470 1629 102 31 innan
592 1629 40 32 de
650 1629 87 31 äldre
756 1628 211 38 utskylderna
988 1628 118 31 hunnit
1125 1631 137 35 uttagas,
1283 1627 59 32 och
1362 1631 48 29 att
1429 1627 55 31 för
1503 1637 42 21 en
1565 1626 57 32 och

131 1694 120 21 samma
276 1683 217 38 skattskyldig
514 1683 60 31 och
598 1692 120 22 samma
742 1681 169 38 utskylder
934 1680 146 39 tillämpa
1102 1681 86 31 vissa
1213 1680 105 39 regler
1340 1681 70 30 före
1432 1680 60 31 och
1516 1679 105 32 andra

132 1737 85 31 efter
234 1736 215 38 restföringen
466 1737 11 30 i
494 1736 65 31 den
576 1747 66 27 nya
659 1739 90 28 orten
765 1735 103 32 skulle
884 1745 78 21 vara
980 1734 267 39 ogenomförbart.

215 1790 386 37 Riksräkenskapsverket
618 1789 58 30 vill
691 1789 155 38 slutligen
863 1788 110 32 erinra
989 1798 51 21 om
1056 1792 48 27 att
1122 1788 245 31 statsmakterna
1382 1786 57 31 vid
1455 1787 84 31 olika
1554 1786 66 30 till-

134 1843 99 31 fällen
257 1842 103 31 under
380 1852 111 21 senare
515 1843 38 30 år
575 1843 74 30 haft
671 1842 51 31 sin
745 1841 285 39 uppmärksamhet
1054 1841 107 31 riktad
1185 1842 42 36 på
1251 1840 193 31 hithörande
1467 1840 153 38 problem.

133 1896 143 31 Sålunda
294 1896 174 38 föreligger
486 1896 76 30 från
581 1895 64 31 den
663 1897 17 28 1
698 1895 62 38 juli
778 1895 80 30 1943
883 1895 114 37 (1943:
1015 1894 75 38 218)
1114 1893 185 39 skyldighet
1334 1894 54 30 för
1404 1892 217 39 arbetsgivare

132 1953 57 33 att,
210 1949 72 30 med
301 1949 79 31 visst
399 1948 176 38 undantag,
596 1948 50 32 till
666 1948 340 37 utmätningsmannen
1024 1947 11 30 i
1055 1950 92 28 orten
1166 1947 78 38 göra
1262 1946 152 31 anmälan
1434 1957 49 20 om
1502 1946 118 31 anstäl-

133 2002 94 31 lande
246 2012 41 20 av
307 2001 216 38 arbetstagare
543 2002 87 30 inom
651 2011 38 21 en
710 2001 93 32 vecka
823 2001 84 30 efter
926 2000 254 38 anställningens
1199 1999 128 39 början,
1347 2000 57 30 och
1425 2000 74 30 från
1519 1999 62 31 den
1603 2001 16 29 1

133 2055 133 38 januari
293 2056 78 30 1945
396 2056 38 30 är
457 2055 215 38 arbetsgivare
695 2055 99 38 enligt
818 2055 38 29 21
882 2052 18 40 $
924 2053 227 39 införsellagen
1180 2053 114 38 (1944:
1317 2053 76 37 304)
1420 2053 130 38 skyldig
1573 2056 48 28 att

133 2110 126 30 anmäla
279 2109 214 37 anställnings
512 2108 222 38 upphörande.
755 2108 78 30 Man
851 2108 59 30 har
929 2107 178 37 anledning
1126 2110 48 28 att
1194 2110 127 34 antaga,
1341 2109 50 27 att
1408 2106 90 31 dessa
1518 2106 102 31 refor-

132 2172 67 21 mer
216 2163 85 30 efter
317 2162 86 30 hand
420 2162 194 30 åtminstone
629 2161 102 31 delvis
747 2161 126 30 komma
889 2164 47 28 att
952 2159 183 38 undanröja
1152 2160 40 30 de
1208 2159 412 38 indrivningssvårigheter,

132 2216 44 37 på
192 2215 88 30 vilka
297 2215 238 30 motionärerna
552 2214 91 38 peka.

216 2269 48 29 De
289 2268 123 36 brister,
438 2268 83 30 vilka
544 2267 132 30 vidlåda
700 2265 481 38 handräckningsförfarandet,
1205 2265 84 31 hava
1312 2266 51 30 till
1388 2265 160 38 väsentlig
1570 2265 51 31 del

132 2322 50 31 sin
197 2321 92 31 orsak
304 2321 10 29 i
330 2325 48 26 att
393 2319 283 38 folkbokföringen
691 2320 67 31 icke
772 2320 37 30 är
823 2319 136 31 effektiv.
977 2319 60 30 Om
1052 2319 55 30 det
1121 2329 40 20 av
1174 2317 448 38 folkbokföringskommittén

134 2374 80 31 1944
247 2373 185 38 framlagda
462 2373 154 37 förslaget
647 2372 49 31 till
726 2372 269 37 omorganisation
1026 2382 38 20 av
1095 2370 284 38 folkbokföringen
1410 2371 210 37 genomföres,

132 2429 125 30 komma
281 2427 316 37 förutsältningarna
618 2426 53 30 för
692 2435 39 21 en
755 2424 252 37 effektivisering
1028 2425 81 30 även
1132 2433 39 21 av
1191 2423 429 38 handräckningsförfaran-
