2242 2679
469 219 18 30 8
915 213 261 32 Slatsutskottets
1206 211 175 33 Utlåtande
1404 211 64 31 N:o
1493 212 28 30 5.

428 306 157 38 stämda.
640 303 243 38 Beträffande
925 301 269 38 fältartilleriet
1227 301 69 36 har
1327 299 205 50 jämkning
1560 299 41 37 af
1626 298 143 38 antalet
1796 297 223 38 underbefäl

426 360 41 37 af
501 357 309 51 manskapsklass
846 357 124 49 gjorts
998 355 41 37 af
1063 368 124 24 annan
1215 353 137 50 grund,
1382 352 192 49 nämligen
1603 352 97 37 efter
1729 351 144 38 antalet
1900 350 121 37 batte-

426 413 75 37 rier
528 411 65 38 vid
620 411 132 49 hvarje
780 408 291 51 truppförband,
1102 410 40 34 så
1170 412 56 32 att
1254 406 73 37 alla
1354 405 181 37 batterier
1563 404 122 37 skulle
1709 404 129 37 kunna
1857 403 167 38 tilldelas

425 466 78 37 lika
531 464 104 37 antal
662 462 222 38 underbefäl
912 461 40 37 af
977 461 46 36 de
1053 459 186 38 särskilda
1265 458 298 38 löneklasserna.

529 517 75 37 Vid
633 530 47 23 en
704 514 223 51 jämförelse
956 513 139 37 mellan
1123 511 224 38 förberörda
1375 509 372 51 öfvergångsplaner
1768 509 71 37 och
1858 523 52 22 nu
1925 509 100 36 före-

426 570 181 50 liggande
645 568 286 50 förslagsstater
963 565 237 38 beträffande
1227 564 223 37 infanteriet
1478 563 72 37 och
1579 562 196 37 artilleriet
1803 562 76 36 kan
1908 562 114 36 äfven

426 624 64 37 vid
518 623 102 37 vissa
647 620 277 51 truppförband
954 619 193 49 iakttagas
1176 620 126 47 någon
1330 616 147 37 mindre
1506 614 262 50 skiljaktighet
1795 614 12 37 i
1832 614 110 49 fråga
1961 627 61 24 om

426 676 153 48 menige
620 674 227 37 volontärer.
903 672 210 37 Emnahanda
1154 670 218 48 anledning,
1415 683 79 23 som
1537 668 74 37 den
1652 681 90 36 nyss
1784 667 238 46 omnämnda,

427 728 213 48 föreligger
680 726 136 47 härtill,
861 725 92 35 eller
997 729 55 31 att
1088 724 69 48 jag
1197 723 64 35 vid
1303 721 302 37 bestämmandet
1633 720 41 35 af
1699 720 63 35 det
1794 719 113 44 antal,
1942 732 81 22 som

426 780 177 51 uppförts
638 782 20 34 å
689 777 196 51 kompani-
915 776 92 37 eller
1042 775 226 47 batteristat,
1303 774 98 49 tagit
1434 773 150 49 hänsyn
1611 771 56 37 till
1698 770 141 38 antalet
1867 770 153 50 kompa-

426 834 83 36 nier
551 833 92 36 eller
675 831 179 37 batterier
885 830 64 36 vid
977 828 332 50 truppförbandet,
1338 827 12 36 1
1384 826 116 37 afsikt
1528 830 56 32 att
1610 825 132 49 hvarje
1771 823 106 49 dylik
1904 822 119 38 afdel-

428 887 94 48 ning
560 885 40 36 af
626 889 55 32 ett
707 882 277 51 truppförband
1012 880 120 38 skulle
1162 879 142 37 erhålla
1332 891 142 24 samma
1502 877 102 38 antal
1631 877 229 36 volontärer.

530 937 240 38 Beträffande
799 935 176 37 arméns
1003 931 410 51 officerspersonal
1432 931 135 49 vidtog
1581 929 181 37 nästlidet
1777 931 60 34 års
1852 927 174 48 Riksdag

427 994 122 46 några
572 989 247 50 jämkningar
838 988 10 36 i
869 988 46 36 de
945 987 46 37 då
1009 985 279 50 föreliggande,
1311 985 98 36 efter
1427 983 319 49 generalstabens
1767 981 255 49 öfvergångs-

427 1044 133 50 planer
601 1041 226 51 upprättade
869 1040 157 48 förslag.
1084 1038 164 38 Sålunda
1276 1040 119 45 ansåg
1422 1036 232 48 Riksdagen,
1684 1039 57 32 att
1768 1033 254 37 tillsättandet

429 1096 40 37 af
504 1096 45 36 de
584 1095 63 37 vid
675 1095 206 50 infanteriet
908 1092 121 47 enligt
1057 1091 73 37 den
1157 1103 75 37 nya
1260 1089 286 49 härordningen
1573 1087 153 38 felande
1756 1089 46 33 25
1832 1099 74 36 nya
1935 1086 88 48 löjt-

427 1147 441 48 nantsbeställningarna
909 1145 41 36 af
987 1144 121 37 första
1135 1143 155 37 klassen
1318 1141 207 50 lämpligen
1552 1140 125 37 kunde
1706 1139 164 37 fördelas
1899 1141 47 46 på
1975 1151 47 23 en

427 1201 135 49 längre
602 1199 168 50 tidrymd
812 1203 47 31 än
886 1197 220 48 föreslagna
1133 1201 58 30 tre
1221 1198 57 41 år;
1310 1195 71 35 och
1410 1193 208 49 beviljades
1646 1192 60 35 för
1735 1194 40 33 år
1807 1192 96 35 1906
1934 1189 89 37 aflö-

428 1253 93 49 ning
558 1252 59 37 för
656 1253 20 35 5
710 1251 41 37 af
775 1249 166 38 nämnda
968 1248 288 48 beställningar,
1285 1246 129 37 hvilka
1441 1244 215 38 tilldelades
1685 1243 46 37 de
1760 1246 262 46 regementen,

430 1319 80 23 som
547 1304 128 37 kunde
719 1308 135 32 väntas
882 1302 120 36 under
1032 1304 40 33 år
1103 1302 96 34 1906
1231 1300 70 36 och
1330 1299 116 48 därpå
1473 1297 169 49 följande
1672 1299 41 33 år
1740 1296 115 36 hafva
1883 1295 140 48 högsta

429 1358 143 37 antalet
614 1360 287 33 surnumerärer
927 1354 12 36 i
967 1350 464 51 underlöjtnantsgraden.
1487 1349 182 49 Följande
1712 1348 123 37 denna
1854 1347 41 37 af
1915 1347 110 36 Riks-

429 1410 125 48 dagen
583 1408 157 48 angifna
767 1406 124 50 grund
922 1405 160 37 föreslår
1105 1405 80 49 jag,
1208 1409 53 31 att
1289 1403 41 37 af
1355 1403 46 37 de
1430 1416 50 22 nu
1508 1400 240 38 återstående
1778 1401 47 35 20
1853 1412 76 36 nya
1956 1399 68 36 be-

429 1462 274 48 ställningarna
731 1460 12 36 i
771 1459 162 37 berörda
973 1456 193 38 löneklass
1208 1458 20 34 5
1259 1458 115 34 måtte
1413 1458 20 33 å
1465 1456 96 35 1907
1592 1456 60 34 års
1681 1457 119 32 stater
1827 1451 196 50 uppföras,

429 1528 47 24 en
512 1515 64 37 vid
612 1514 113 36 hvart
753 1513 71 36 och
853 1516 55 32 ett
936 1511 41 36 af
1002 1510 188 49 Västgöta
1217 1512 233 46 regemente,
1480 1506 314 49 Dalregementet
1823 1508 98 33 samt
1949 1503 75 37 Bo-

427 1567 169 46 husläns,
626 1564 295 38 Västmanlands
950 1563 71 36 och
1049 1561 226 38 Värmlands
1304 1564 259 45 regementen.

531 1618 73 38 Vid
634 1616 642 53 fördelningskavalleriregementena
1310 1615 153 45 återstå,
1499 1611 117 37 sedan
1644 1609 221 49 Riksdagen
1893 1608 60 36 för
1982 1610 42 34 år

431 1674 97 35 1906
571 1670 156 50 uppfört
770 1672 18 33 1
832 1682 52 35 ny
926 1665 420 52 löjtnantsbeställning
1388 1665 40 36 af
1458 1665 119 35 första
1606 1662 154 37 klassen
1789 1664 21 33 å
1836 1660 188 38 hvardera

429 1729 125 32 staten
594 1724 60 35 för
693 1722 325 48 Lifregementets
1059 1720 160 36 husarer
1253 1718 71 37 och
1354 1716 197 38 Smålands
1580 1716 348 46 husarregemente,
1958 1726 67 23 en-

429 1777 85 36 dast
542 1779 21 33 2
594 1774 128 50 dylika
749 1773 288 48 beställningar,
1066 1771 192 49 nämligen
1286 1770 64 37 vid
1378 1769 335 49 Lifregementets.
1731 1767 192 48 dragoner
1952 1765 72 36 och

427 1828 214 37 Norrlands
670 1827 382 47 dragonregemente,
1080 1824 60 36 för
1169 1827 55 32 att
1253 1822 74 37 den
1354 1835 76 36 nya
1457 1820 312 50 organisationen
1787 1817 237 38 beträffande

429 1879 378 51 officerspersonalen
844 1877 95 37 skall
974 1877 118 37 blifva
1128 1875 86 37 fullt
1250 1873 238 51 genomförd.
1543 1872 120 37 Dessa
1692 1870 238 37 återstående
1958 1869 65 37 be-

429 1933 238 48 ställningar,
696 1930 218 49 föreslagna
947 1930 119 36 redan
1093 1928 60 36 för
1183 1931 39 33 år
1253 1929 109 45 1906,
1392 1932 66 31 äro
1487 1926 12 35 i
1527 1923 284 39 vederbörande
1840 1922 185 48 förslags-

429 1991 120 31 stater
577 1985 59 36 för
665 1987 40 33 år
737 1985 94 34 1907
864 1986 97 45 ånyo
990 1986 206 44 upptagna.

530 2037 16 36 I
574 2036 293 49 förslagsstaten
895 2036 58 35 för
980 2032 200 50 Lifgardet
1207 2031 58 37 till
1292 2032 85 36 häst
1396 2031 68 36 har
1483 2029 74 37 den
1576 2032 21 34 å
1616 2028 134 37 staben
1768 2040 49 23 nu
1837 2025 188 50 uppförda

427 2087 471 52 löjtnantsbeställningen
932 2086 41 37 af
1011 2086 116 36 andra
1169 2084 163 45 klassen,
1363 2096 82 24 som
1473 2081 177 49 angifves
1679 2083 125 33 såsom
1833 2092 45 24 en
1908 2078 116 37 andra

427 2138 650 53 regementsadjutantsbefattning,
1106 2138 146 35 kunnat
1280 2136 129 48 flyttas
1437 2134 58 36 till
1523 2133 352 36 skvadronsstaten.

531 2194 73 37 För
632 2192 204 39 hvartdera
869 2191 41 37 af
934 2191 164 38 Skånska
1127 2191 126 35 husar-
1273 2188 69 37 och
1367 2189 390 48 dragonregementena,
1788 2197 78 24 som
1897 2182 59 37 för
1984 2183 41 35 år

432 2248 96 36 1906
567 2246 109 38 ökats
704 2245 86 37 med
821 2247 17 34 1
869 2243 300 50 underlöjtnant,
1199 2244 141 34 återstå
1368 2245 100 31 ännu
1496 2241 24 34 4
1548 2235 475 51 löjtnantsbeställningar,

428 2298 193 50 nämligen
665 2301 18 33 1
727 2298 41 36 af
806 2298 120 36 första
968 2296 72 36 och
1069 2298 20 33 3
1120 2295 40 36 af
1186 2294 118 36 andra
1330 2292 166 38 klassen.
1553 2291 55 36 Af
1633 2290 111 37 dessa
1771 2287 161 39 föreslår
1955 2287 71 49 jag
