2225 2673
711 215 266 33 Statsutskottets
1006 214 176 33 Utlåtande
1204 219 62 27 N:o
1290 217 28 29 5.
1723 216 39 31 41

208 304 210 50 uppdeladt
462 304 12 36 i
520 304 63 36 nio
626 303 183 37 särskilda
851 303 103 37 titlar
999 303 87 37 med
1131 303 81 37 sina
1256 302 372 49 underafdelningar.
1684 302 17 36 I
1748 302 57 37 sin

210 356 250 38 omförmälda
502 356 260 49 underdåniga
804 355 201 38 skrifvelse
1047 356 74 36 den
1165 358 45 34 19
1253 355 157 37 oktober
1453 356 96 35 1905
1586 355 70 36 har
1684 356 121 35 armé-

211 409 287 48 förvaltningen
526 411 21 34 å
574 408 462 50 artilleridepartementet
1063 408 81 37 dels
1174 407 153 47 erinrat,
1357 412 66 43 att,
1448 407 154 49 jämlikt
1622 407 45 36 de
1687 407 12 36 i
1718 421 86 35 pro-

210 462 167 49 position
405 461 56 36 till
491 462 97 35 1901
618 464 60 33 års
706 461 170 49 Riksdag
902 460 159 49 intagna
1088 459 270 49 beräkningar,
1387 459 63 37 det
1479 459 151 49 belopp,
1651 459 154 37 hvartill

210 513 293 50 ifrågavarande
532 512 134 50 anslag
694 513 96 37 efter
808 513 245 48 fullständigt
1067 512 228 50 genomförd
1310 512 328 49 härorganisation
1653 511 152 37 komme

211 571 56 32 att
294 568 140 47 uppgå,
463 565 174 49 utgjorde
667 567 203 47 3,176,000
899 565 153 48 kronor,
1082 565 234 37 oberäknadt
1348 563 257 38 kostnaderna
1632 564 60 36 för
1719 577 86 36 per-

212 619 156 37 sonalen
397 621 20 34 å
446 622 75 33 stat
548 618 64 37 vid
640 618 219 37 artilleriets
888 617 181 47 fabriker,
1098 617 127 37 hvilka
1254 617 218 47 kostnader,
1492 617 59 36 för
1570 616 236 37 närvarande

210 671 229 50 uppgående
480 670 57 36 till
578 672 138 46 43,575
760 671 152 46 kronor,
949 670 182 48 gäldades
1168 670 85 36 från
1291 669 103 37 detta
1422 668 145 50 anslag,
1597 669 116 36 ehuru
1742 669 63 36 de-

212 737 143 23 samma
381 723 13 36 i
422 722 63 37 det
527 722 41 37 af
607 723 137 37 chefen
779 723 60 36 för
874 722 295 49 generalstaben
1206 722 146 49 afgifna
1381 721 148 49 förslag
1557 721 57 36 till
1642 735 52 35 ny
1721 720 85 37 här-

211 775 165 48 ordning
404 774 177 50 uppförts
610 775 121 37 under
758 775 175 49 anslaget
960 774 190 49 »aflöning
1178 774 69 37 och
1274 774 246 48 rekrytering
1547 787 48 23 m.
1621 786 81 36 m.»,
1724 773 82 37 dels

210 828 72 37 ock
322 827 106 49 gjort
467 827 283 48 framställning
791 841 61 23 om
888 827 194 48 anslagets
1116 827 165 48 höjande
1310 826 70 36 och
1409 826 132 36 därvid
1570 825 237 37 beträffande

210 879 294 38 nedannämnda
545 878 103 38 titlar
690 880 70 36 och
801 878 366 49 underafdelningar
1208 878 128 37 anfört
1377 877 318 49 bufvudsakligen
1737 877 69 37 föl-

206 933 129 49 jande.

740 1089 69 33 Tit.
839 1089 29 33 I.
924 1089 347 33 Artillerimatericl.

317 1199 34 49 a)
405 1200 73 36 För
499 1199 271 48 fältartilleriet.

315 1286 35 44 Å
378 1294 125 37 denna
530 1293 217 48 undertitel,
776 1292 156 38 hvilken
960 1305 91 24 vore
1081 1291 134 38 afsedd
1250 1291 60 37 för
1337 1291 200 37 underhåll
1566 1291 41 37 af
1633 1290 176 38 fältartil-

211 1346 256 47 lerimateriel,
497 1346 56 37 till
589 1345 242 48 inventarier,
861 1345 228 37 materialier
1118 1344 69 37 och
1214 1344 431 49 förbrukningsartiklar
1682 1357 47 23 m.
1759 1357 48 23 m.

215 1400 63 36 vid
305 1399 250 49 tygförråden
583 1399 12 36 i
625 1398 234 47 Stockholm,
899 1397 209 49 Göteborg,
1145 1396 272 48 Kristianstad,
1454 1387 223 56 Östersund,
1706 1395 104 50 Upp-

214 1452 90 48 sala,
346 1451 224 49 Jönköping
604 1451 70 36 och
710 1450 133 50 Visby,
880 1449 97 37 hade
1005 1449 211 49 utgifterna
1245 1448 66 37 allt
1338 1449 234 36 fortfarande
1602 1448 120 47 ökats,
1751 1447 58 37 till

213 1504 94 49 följd
351 1504 137 36 hvaraf
521 1508 55 32 ett
613 1508 121 31 större
767 1501 296 50 anslagsbelopp
1105 1506 49 31 än
1198 1501 62 37 det
1300 1500 57 37 till
1386 1502 163 47 220,000
1578 1501 142 37 kronor
1748 1500 59 37 för

214 1560 41 33 år
286 1558 97 34 1906
413 1556 216 36 beräknade
658 1556 59 35 för
746 1558 40 33 år
818 1556 95 35 1907
945 1554 252 36 erfordrades.

317 1608 224 49 Höjningen
570 1607 41 36 af
635 1607 212 48 utgifterna
874 1606 166 37 berodde
1061 1605 319 49 hufvudsakligen
1401 1605 129 49 därpå,
1552 1609 55 32 att
1625 1604 106 37 tiden
1750 1604 60 36 för

214 1660 229 48 öfningarna
471 1659 86 37 med
586 1659 195 50 anspända
809 1658 137 37 fordon
974 1658 192 49 betydligt
1194 1657 121 48 ökats,
1336 1663 55 31 att
1411 1657 227 48 öfningarna
1653 1669 157 24 numera

213 1713 13 35 i
253 1713 88 36 vida
368 1713 121 48 högre
518 1712 107 49 grad,
655 1717 47 31 än
731 1711 99 37 hvad
846 1711 103 37 förut
963 1711 99 36 varit
1076 1710 117 47 fallet,
1209 1709 161 49 förlagts
1387 1710 84 36 från
1484 1709 256 37 exercisfältet
1755 1708 56 36 till

214 1778 104 23 mera
359 1764 154 48 oländig
549 1769 170 44 terräng,
763 1769 98 31 samt
902 1768 55 31 att
994 1763 120 36 under
1141 1762 197 49 pågående
1368 1761 329 49 omorganisation
1724 1760 86 37 fält-

215 1817 201 36 artilleriet
436 1817 127 35 städse
587 1816 156 46 ökades,
774 1819 40 33 så
842 1820 54 32 att
924 1815 120 36 under
1074 1818 39 33 år
1145 1816 94 34 1907
1271 1814 179 48 öfningar
1479 1814 149 36 komme
1658 1817 55 32 att
1739 1817 72 43 äga

214 1883 83 22 rum
326 1868 87 37 med
440 1868 91 37 flere
560 1868 180 37 batterier
768 1873 49 31 än
845 1867 120 37 under
994 1870 40 33 år
1065 1868 109 45 1906,
1203 1866 154 36 hvartill
1383 1866 151 37 komme
1560 1870 54 32 att
1634 1865 74 37 den
1727 1865 84 36 från

216 1924 22 34 8
259 1934 67 24 cm.
349 1921 231 37 batterierna
598 1920 57 37 till
675 1920 73 37 den
776 1933 75 36 nya
879 1919 222 37 materielen
1129 1918 267 50 öfverflyttade
1424 1918 104 37 äldre
1557 1917 252 48 utredningen

215 1973 136 37 kräfde
398 1978 121 31 större
564 1972 397 37 wunderhållskostnad.
1026 1972 123 36 Dessa
1194 1970 326 48 omständigheter
1560 1969 250 37 tillsammans

215 2025 150 50 gjorde,
408 2029 56 33 att
504 2024 208 49 utgifterna
753 2025 59 36 för
854 2023 240 38 materielens
1121 2023 216 50 reparation
1370 2022 134 37 ställde
1534 2022 59 49 sig
1620 2021 192 50 betydligt

214 2078 121 49 högre
364 2082 48 32 än
440 2077 112 37 förut.

320 2130 87 36 Med
434 2130 151 48 hänsyn
613 2129 127 37 härtill
769 2129 72 36 och
870 2128 47 37 då
944 2127 87 37 hela
1058 2127 268 37 fältartilleriet
1352 2127 236 37 beräknades
1617 2139 90 23 vara
1734 2125 77 37 för-

218 2182 85 37 sedt
331 2182 87 36 med
446 2182 75 36 den
548 2195 75 35 nya
652 2180 223 38 materielen
902 2180 121 36 under
1047 2189 40 28 år
1110 2181 111 46 1907,
1243 2183 143 45 ansåge
1407 2178 404 49 arméförvaltningen,

216 2239 56 32 att
301 2234 125 37 denna
462 2233 207 38 undertitel
696 2233 118 37 borde
843 2233 94 36 ökas
966 2233 86 36 med
1081 2233 137 45 20,000
1248 2232 140 37 kronor
1417 2231 70 37 och
1517 2231 147 37 således
1692 2230 122 36 under

217 2289 41 34 år
288 2288 95 35 1907
415 2289 93 46 utgå
536 2286 86 36 med
651 2287 164 46 240,000
843 2285 152 36 kronor.

301 2400 65 27 Bih.
393 2400 45 28 till
460 2399 100 28 Riksd.
584 2400 81 27 Prot.
691 2396 94 30 1906.
831 2395 20 30 4
873 2398 90 28 Saml.
1009 2396 18 29 1
1051 2397 69 37 Afd.
1167 2396 20 29 3
1209 2397 86 37 Häft.
1753 2395 17 27 6
