1923 2841
276 183 44 31 28
649 183 285 30 Statsutskottets
955 182 177 32 utlåtande
1150 193 43 21 nr
1212 184 19 29 6
1249 184 39 30 år
1309 182 83 31 1967

323 266 195 30 »Utskottet
536 266 116 30 finner
670 266 10 30 i
698 266 110 30 likhet
826 266 79 29 med
922 265 261 30 motionärerna
1200 265 358 40 lånefinansieringen
1574 266 125 40 utgöra
1716 267 48 28 ett

276 321 214 40 nödvändigt
515 321 238 40 komplement
777 321 53 30 till
855 320 393 39 direktfinansieringen
1273 329 57 21 om
1356 320 57 30 det
1439 321 89 29 skall
1553 320 49 30 bli
1626 320 138 40 möjligt

275 377 53 28 att
347 383 39 32 ge
406 376 161 39 vägnätet
589 385 42 20 en
653 374 317 41 standardhöjning
992 384 74 21 som
1087 374 325 31 tillfredsställande
1434 375 176 40 uppfyller
1632 375 131 30 kraven

274 429 46 40 på
342 430 344 39 transportekonomi
710 430 65 29 och
797 429 284 30 trafiksäkerhet.

320 484 64 30 Det
408 483 98 31 torde
532 484 119 29 därför
678 485 136 28 snarast
839 484 85 29 böra
947 482 142 31 utredas
1114 483 10 30 i
1148 483 118 30 vilken
1289 483 246 40 utsträckning
1560 483 41 30 de
1627 483 136 30 direkta

272 538 452 30 automobilskattemedlen
747 538 71 29 kan
842 538 195 34 reduceras,
1064 546 56 21 om
1146 539 47 28 ett
1219 537 464 40 lånefinansieringssystem
1708 537 55 30 för

274 593 231 39 motorvägar,
533 592 144 30 tunnlar
704 592 65 29 och
797 592 175 30 storbroar
1000 592 112 30 införs
1139 592 11 30 i
1179 592 114 30 stället
1321 592 55 30 för
1403 591 358 41 direktfinansiering.

319 646 227 30 Beträffande
570 646 94 30 vissa
689 647 109 30 större
822 647 79 39 väg-
926 646 64 29 och
1014 645 199 41 broföretag
1238 646 38 30 är
1301 646 163 30 intresset
1489 646 54 29 för
1569 646 101 30 deras
1694 646 69 30 till-

273 701 119 30 komst
419 701 38 30 så
483 702 86 29 stort
596 703 50 28 att
672 700 259 31 trafikanterna
957 701 37 29 är
1020 700 151 30 beredda
1198 701 49 29 att
1275 708 124 32 genom
1426 700 336 40 avgiftsbeläggning

272 755 148 30 bekosta
442 754 317 41 anläggningarnas
782 755 181 30 tillkomst.
987 755 65 30 Det
1075 755 70 29 kan
1169 755 174 39 knappast
1366 764 97 21 resas
1486 754 109 40 några
1617 754 146 30 invänd-

274 809 125 40 ningar
417 809 159 30 häremot
595 809 78 30 från
692 819 81 20 vare
793 809 51 40 sig
863 809 134 39 sakliga
1014 809 82 30 eller
1114 808 219 40 principiella
1352 809 228 40 synpunkter.
1600 809 76 29 Den
1693 810 69 29 tra-

275 863 52 29 fik
347 872 74 20 som
440 864 38 28 är
496 863 95 39 villig
609 865 50 28 att
680 863 213 29 underkasta
912 863 51 39 sig
981 865 48 27 ett
1049 863 154 38 speciellt
1222 863 261 39 avgiftssystem
1503 863 54 29 för
1577 865 50 28 att
1646 863 37 30 få
1703 863 58 30 sitt

271 915 302 31 trafikledsbehov
595 916 124 30 snabbt
741 915 213 41 tillgodosett
976 916 71 29 kan
1070 917 144 38 antagas
1236 916 47 30 ha
1306 915 109 30 sådan
1437 917 101 38 nytta
1559 925 43 20 av
1624 915 138 40 anlägg-

274 970 130 40 ningen
426 972 49 28 att
499 970 195 40 avgifterna
716 970 65 30 har
802 970 137 30 mindre
961 970 186 40 betydelse.

318 1024 176 30 Utskottet
510 1024 60 29 vill
586 1024 11 29 i
614 1025 204 39 anslutning
834 1024 119 29 härtill
969 1024 116 30 erinra
1101 1033 57 21 om
1175 1026 50 28 att
1242 1024 80 29 med
1340 1024 77 30 stöd
1435 1034 42 20 av
1493 1023 126 40 Kungl.
1637 1023 125 40 Maj:ts

271 1078 280 40 bemyndigande
580 1077 125 31 chefen
734 1078 54 30 för
818 1078 396 39 finansdepartementet
1242 1077 112 30 under
1385 1077 82 30 1965
1496 1078 165 30 tillkallat
1691 1078 71 29 sär-

272 1132 116 30 skilda
411 1132 222 39 sakkunniga
654 1133 79 29 med
755 1131 139 40 uppgift
916 1134 50 28 att
987 1132 190 30 verkställa
1198 1133 148 38 översyn
1369 1142 42 20 av
1431 1131 331 40 vägtrafikbeskatt-

274 1186 129 39 ningen
435 1186 66 29 och
533 1185 144 30 därmed
710 1185 346 40 sammanhängande
1088 1185 128 40 frågor.
1249 1186 13 29 I
1296 1185 195 30 direktiven
1524 1193 129 32 angavs
1687 1194 74 21 som

273 1240 265 39 utgångspunkt
565 1240 54 29 för
646 1240 340 39 ulredningsarbetet
1014 1242 50 28 att
1091 1239 237 30 kostnaderna
1356 1240 54 29 för
1436 1239 233 40 vägväsendet
1696 1239 65 29 och

272 1293 353 40 vägtrafikväsendet,
646 1294 128 29 liksom
794 1302 48 21 nu
862 1294 11 29 i
892 1293 136 40 princip
1049 1294 37 29 är
1107 1293 107 35 fallet,
1237 1293 88 30 skall
1345 1293 103 30 bäras
1468 1302 42 21 av
1528 1293 232 39 vägtrafiken.

271 1347 61 29 Att
359 1347 195 30 bestämma
581 1347 101 30 dessa
708 1347 189 29 kostnader
925 1349 118 37 syntes
1070 1347 193 29 emellertid
1289 1356 84 20 vara
1400 1347 137 29 förenat
1565 1347 79 29 med
1673 1347 88 29 flera

271 1400 223 40 djupgående
520 1400 157 40 problem
704 1410 41 20 av
771 1400 221 30 ekonomiskt
1019 1400 65 30 och
1109 1400 270 40 trafikpolitiskt
1407 1400 82 39 slag.
1515 1399 68 31 För
1610 1401 50 28 att
1686 1400 75 30 lösa

270 1454 105 30 dessa
392 1454 156 40 problem
566 1455 64 29 har
647 1454 125 30 chefen
791 1455 54 29 för
863 1454 604 39 kommunikationsdepartementet
1484 1454 125 30 tillsatt
1628 1463 44 20 en
1690 1454 71 30 sär-

270 1508 94 29 skild
388 1507 394 40 expertundersökning,
808 1508 62 29 där
894 1508 232 39 utredningen
1148 1508 45 29 bl.
1218 1518 29 20 a.
1272 1508 106 39 enligt
1403 1508 195 29 direktiven
1622 1508 63 29 har
1710 1509 50 28 att

270 1562 109 39 pröva
399 1562 95 29 vilka
514 1561 189 30 kostnader
726 1561 54 30 för
802 1562 57 29 det
881 1562 178 29 allmänna
1082 1571 74 21 som
1178 1562 62 29 bör
1263 1561 168 30 hänföras
1453 1562 53 29 till
1528 1561 231 40 vägtrafiken.

269 1614 96 31 Även
384 1615 125 40 frågan
526 1616 67 29 hur
612 1616 101 29 dessa
731 1615 190 30 kostnader
939 1615 188 40 lämpligen
1146 1616 63 29 bör
1227 1615 153 30 fördelas
1399 1615 44 40 på
1462 1615 93 30 olika
1573 1615 187 30 trafikant-

272 1669 195 40 kategorier
491 1670 87 29 skall
603 1670 187 39 övervägas
814 1679 41 20 av
878 1669 242 40 utredningen.

315 1723 65 29 Det
399 1732 81 20 vore
501 1723 106 39 enligt
628 1724 188 29 utskottets
836 1723 227 39 uppfattning
1082 1723 190 30 värdefullt
1292 1732 57 20 om
1369 1723 195 29 direktiven
1584 1723 53 29 till
1659 1722 101 30 dessa

268 1777 230 39 utredningar
518 1777 294 39 kompletterades
832 1777 45 39 på
897 1776 124 31 sådant
1042 1777 68 30 sätt
1131 1778 49 29 att
1202 1777 86 30 även
1308 1776 124 40 frågan
1452 1785 57 21 om
1530 1785 42 21 en
1592 1776 169 30 framtida

271 1830 361 40 avgiftsfinansiering
657 1830 169 40 ingående
852 1830 117 30 kunde
994 1831 135 39 prövas,
1156 1831 92 34 eller,
1275 1840 57 20 om
1359 1830 38 30 så
1421 1831 71 29 inte
1518 1831 113 29 skulle
1656 1839 103 21 anses

267 1884 172 39 lämpligt,
461 1886 49 27 att
530 1893 43 20 en
593 1893 47 31 ny
658 1884 189 40 utredning
865 1884 143 30 tillsätts
1028 1884 54 30 för
1104 1886 49 28 att
1174 1884 169 40 ingående
1364 1884 107 40 pröva
1492 1884 115 29 denna
1627 1884 129 39 fråga.»

315 1937 73 30 dels
409 1938 64 29 ock
493 1938 189 29 utskottets
702 1937 211 30 hemställan
933 1938 111 29 under
1064 1938 56 30 XI.
1140 1938 78 30 bort
1238 1938 47 30 ha
1304 1937 158 40 följande
1481 1937 147 40 lydelse:

626 1991 74 29 »XI.
725 1993 49 27 att
797 1990 187 40 riksdagen
1007 1991 66 34 må,
1098 1992 11 29 i
1132 1991 188 39 anledning
1344 2000 42 20 av
1408 1991 220 29 motionerna
1651 1991 29 29 1:
1697 1990 61 29 295

578 2036 65 29 och
668 2036 45 30 II:
729 2035 72 36 373,
826 2036 11 30 i
863 2036 166 30 skrivelse
1052 2036 53 30 till
1128 2036 126 39 Kungl.
1279 2036 106 39 Maj:t
1409 2044 39 32 ge
1472 2036 53 30 till
1549 2036 119 30 känna
1691 2036 67 29 vad

577 2090 170 29 utskottet
771 2090 117 30 anfört
911 2089 222 31 beträffande
1157 2090 188 39 utredning
1369 2100 42 20 av
1435 2089 124 40 frågan
1583 2098 57 21 om
1664 2089 93 30 Jlåne-

577 2144 66 29 och
665 2143 361 41 avgiftsfinansiering
1049 2153 42 21 av
1112 2144 79 39 väg-
1215 2144 64 30 och
1302 2143 300 40 brobyggnader;>»

315 2241 36 34 2)
369 2241 57 30 vid
441 2242 159 39 punkten
615 2242 41 29 32
678 2242 220 40 (Ersättning
913 2242 52 29 till
980 2242 247 40 trafikföretag
1243 2242 53 30 för
1312 2242 85 30 drift
1414 2251 42 21 av
1470 2242 75 30 icke
1560 2242 198 30 lönsamma

268 2295 208 40 busslinjer)
503 2305 43 20 av
566 2295 81 30 herr
668 2295 222 40 Strandberg.

900 2546 78 13 ESSELTE
989 2546 28 13 AB,
1029 2545 60 13 STHLM
1101 2545 21 14 87

971 2569 76 16 714830
