2235 2661
747 163 248 33 Statsutskottets
1024 160 167 34 Utlåtande
1220 158 53 32 Nr
1297 160 50 31 67.
1783 156 19 31 3

243 249 159 42 tomten,
432 242 250 49 hvarigenom
713 242 123 37 denna
863 241 150 36 komme
1041 244 55 32 att
1122 239 177 37 beröfvas
1320 237 102 37 såväl
1441 237 66 36 sitt
1526 236 217 49 trädgårds-
1764 249 81 23 som

246 297 68 36 sitt
355 296 317 50 gårdsutrymme,
716 294 127 37 kunde
887 294 62 37 det
989 293 254 48 ifrågasättas,
1286 290 187 37 huruvida
1510 290 63 36 det
1600 288 126 38 kunde
1756 301 90 24 vara

245 350 178 49 lämpligt
452 354 54 31 att
533 348 193 49 nedlägga
756 349 41 34 så
825 353 101 31 stora
953 345 207 38 kostnader
1187 347 48 47 på
1263 344 73 36 den
1364 343 128 49 gamla
1519 341 245 50 byggnaden.

379 402 75 36 För
483 406 55 31 att
566 405 148 43 utröna,
744 400 98 35 huru
870 398 255 37 kostnaderna
1153 398 59 35 för
1240 401 54 32 ett
1317 395 198 48 tidsenligt
1535 394 169 37 residens
1724 393 122 37 skulle

245 455 115 35 ställa
388 454 72 47 sig,
489 453 98 36 hade
616 452 165 36 ämbetet
805 450 206 51 uppdragit
1031 453 36 33 åt
1087 449 211 36 arkitekten
1318 448 101 36 Aron
1438 447 219 37 Johansson
1677 451 54 31 att
1750 459 95 36 upp-

248 511 96 45 göra
372 506 184 48 ritnings-
586 505 70 37 och
686 504 330 47 kostnadsförslag
1043 502 57 37 till
1128 500 249 51 nybyggnad,
1399 499 160 50 belägen
1579 502 19 33 å
1618 512 47 23 en
1686 499 159 36 omedel-

249 559 83 36 bart
373 558 98 36 intill
513 558 65 36 det
618 571 75 35 nya
730 555 319 37 landsstatshuset
1076 553 182 50 liggande
1286 558 105 31 tomt.
1446 551 223 37 Kostnaden
1697 550 149 50 belöpte

243 611 64 49 sig
347 610 57 36 till"
452 611 162 46 190,000
656 609 152 46 kronor,
852 608 163 37 förutom
1056 607 156 48 inköpet
1250 605 39 36 af
1315 605 72 36 den
1414 618 77 35 nya
1520 608 157 42 tomten,
1708 605 137 46 20,000

246 663 153 47 kronor,
442 662 156 36 hvilken
639 674 132 24 senare
814 673 146 24 summa
1002 673 87 22 man
1122 657 225 47 beräknade,
1376 662 56 30 att
1460 656 134 36 staden
1621 655 226 37 Härnösand

243 715 126 36 skulle
398 714 126 37 betala
552 714 58 36 för
639 713 72 37 den
741 713 60 36 del
831 713 40 36 af
896 712 328 45 residenetomten,
1254 722 81 24 som
1360 709 184 36 behöfdes
1564 708 56 36 för
1639 708 74 36 den
1733 708 114 36 ofvan

244 766 171 38 nämnda
443 766 269 48 strandgatans
743 764 303 49 framdragande.

377 819 83 36 Den
488 819 129 48 gamla
644 816 411 50 residensbyggnaden
1083 815 121 36 skulle
1234 815 46 35 då
1308 813 214 36 ominredas
1553 812 71 36 och
1651 812 196 35 användas

245 872 59 36 till
331 870 382 37 landtmäterikontor
743 869 86 37 med
857 868 193 37 brandfria
1078 866 250 38 arkivlokaler
1355 866 12 36 i
1386 864 338 48 bottenvåningen.
1771 863 75 37 Vå-

247 924 146 48 ningen
438 926 16 33 1
499 928 135 44 trappa
675 936 78 35 upp
796 922 121 35 skulle
945 920 191 37 innehålla
1164 932 46 23 en
1237 917 348 49 bostadslägenhet,
1616 929 80 23 som
1726 916 121 36 skulle

248 989 112 37 passa
401 976 59 36 för
502 989 46 23 en
587 975 118 36 förste
738 974 250 36 landtmätare
1017 973 90 36 eller
1135 972 129 35 kunna
1292 970 157 49 uthyras
1479 969 59 36 för
1568 970 110 47 1,000
1708 968 140 36 kronor

247 1041 68 37 per
345 1031 50 33 år.
443 1028 16 36 I
489 1027 190 49 våningen
710 1029 21 33 2
761 1031 156 44 trappor
945 1039 77 36 upp
1049 1024 121 37 skulle
1190 1023 151 37 inredas
1359 1028 57 30 tre
1435 1020 412 38 vaktmästarbostäder

247 1094 62 23 om
339 1083 21 33 2
389 1094 83 22 rum
500 1080 70 36 och
590 1080 77 36 kök
686 1079 196 36 hvardera.
925 1077 221 37 Kostnaden
1165 1077 59 35 för
1244 1076 102 35 detta
1367 1074 159 48 förslags
1547 1072 299 50 genomförande

247 1146 91 24 vore
366 1132 192 37 beräknad
587 1131 57 36 till
673 1132 138 46 35,000
841 1130 151 36 kronor.

377 1185 212 36 Resultatet
629 1184 40 36 af
702 1183 335 47 undersökningen
1065 1181 125 36 kunde
1219 1180 108 36 alltså
1360 1178 286 37 sammanfattas
1677 1177 168 37 sålunda.

250 1263 72 49 1:0)
351 1263 229 49 Reparation
622 1262 40 36 af
704 1262 73 36 den
822 1262 126 48 gamla
993 1258 404 50 residensbyggnaden

353 1316 71 36 och
453 1316 238 35 densammas
720 1313 248 37 användande
1000 1313 56 36 till
1087 1311 309 48 landshöfdinge-

353 1367 319 37 bostad.......vz..v
880 1397 2 4 .
1102 1397 2 2 .
1241 1395 118 4 ene
1427 1362 138 36 kronor
1622 1362 215 47 -78,500:
1800 1358 39 56 —

354 1420 112 36 Tomt
495 1420 59 36 för
582 1418 381 37 landtmäterikontor
1054 1447 305 4 ..=e--e---1----:-::---10
1493 1427 17 23 »
1622 1414 147 47 10,000:
1787 1435 49 3 —

353 1472 62 49 Ny
441 1471 185 50 byggnad
646 1471 58 36 för
723 1471 391 46 landtmäterikontor,
1136 1468 86 37 med
1241 1467 156 49 ledning

354 1524 39 36 af
419 1524 60 37 för
507 1524 118 37 andra
655 1523 126 36 städer
809 1523 217 49 uppgjorda
1055 1520 264 50 detaljförslag
1343 1551 50 4 ......
1492 1531 18 23 »
1620 1519 149 44 50,000:
1787 1539 50 4 —

1424 1589 140 36 kronor
1595 1589 174 47 138,500:
1788 1608 49 6 —

247 1680 77 49 2:0)
354 1681 249 49 Nybyggnad
632 1681 58 35 för
718 1678 484 49 landshöfdingebostaden
1343 1707 50 5 «-—
1425 1676 140 36 kronor
1596 1676 173 47 190,000:
1790 1696 44 4 —

356 1733 237 49 Kostnaden
634 1733 59 36 för
733 1737 107 42 tomt,
884 1732 137 47 20,000
1063 1731 152 46 kronor,
1244 1729 154 37 hvilken

354 1788 120 34 måste
515 1785 249 36 förskotteras
806 1784 42 36 af
885 1783 239 47 statsverket,
1167 1781 106 37 torde
1302 1786 95 31 mot-

354 1851 129 23 svaras
526 1838 41 35 af
604 1837 216 36 inkomsten
861 1836 64 36 vid
972 1841 53 31 ett
1071 1834 205 37 eventuellt
1322 1834 74 36 för-

355 1890 170 48 säljande
567 1890 56 36 till
665 1889 132 37 staden
840 1888 42 37 af
918 1901 46 23 en
1006 1887 60 38 del
1108 1888 40 35 af
1181 1886 217 36 nuvarande

354 1941 345 48 residenstomten.)

355 1993 278 49 Ominredning
662 1993 39 37 af
727 1993 72 36 den
828 1993 127 48 gamla
982 1992 184 36 bostaden
1194 1990 58 37 till
1274 1990 123 37 landt-

354 2046 275 36 mäterikontor
657 2060 48 22 IM.
736 2059 47 22 IM.
820 2075 249 6 sessecee-cssececs
1088 2077 16 2 ss
1123 2074 273 5 series
1494 2055 18 22 »
1621 2042 217 46 35,000:
1799 2037 42 55 —

1429 2129 138 36 kronor
1595 2129 175 47 225,000:
1789 2150 49 3 —

381 2184 74 37 Vid
485 2184 64 36 det
577 2197 133 23 senare
739 2183 260 37 alternativets
1029 2181 298 51 genomförande
1357 2181 140 37 erhölle
1517 2194 98 34 man,
1636 2193 81 24 som
1739 2180 112 36 ofvan

250 2236 170 50 antydts,
450 2239 67 46 »på
546 2236 136 50 köpet»
712 2236 80 36 dels
822 2249 47 23 en
896 2235 134 37 bostad
1058 2235 58 36 till
1143 2234 213 50 uthyrning
1379 2233 180 50 gifvande
1582 2234 110 47 1,000
1712 2233 140 35 kronor

252 2290 12 34 i
290 2289 97 48 årlig
415 2289 95 49 hyra
538 2288 78 36 dels
647 2288 70 36 ock
736 2293 54 31 tre
810 2287 414 37 vaktmästarbostäder
1244 2299 60 24 om
1325 2289 20 33 2
1367 2300 83 22 rum
1471 2285 69 37 och
1559 2285 77 37 kök
1655 2284 195 37 hvardera.
