2246 2640
745 152 250 33 Statsutskottets
1018 155 162 31 memorial
1203 155 52 31 Nr
1280 157 71 31 120.
1762 159 37 30 15

378 228 70 36 Vid
477 229 105 36 bifall
612 229 54 37 till
696 230 71 36 vad
797 231 184 36 utskottet
1009 232 155 36 sålunda
1194 233 205 49 föreslagit,
1424 234 151 37 komma
1604 238 239 35 inkomsterna

247 291 43 24 av
319 284 135 32 statens
478 283 223 43 produktiva
724 282 134 43 fonder
887 288 55 30 att
972 283 10 35 i
1009 284 203 36 riksstaten
1242 287 181 47 uppföras
1454 287 84 35 med
1567 292 52 31 ett
1639 287 137 50 belopp
1797 302 46 22 av

248 331 227 46 60,103,600
503 332 150 36 kronor.

609 469 33 31 (C.
690 469 109 33 Andel
822 471 13 30 i
859 471 237 33 riksbankens
1120 472 97 32 vinst
1239 472 58 33 för
1320 475 41 31 år
1386 474 93 32 1914.

377 555 71 48 6:0)
476 554 130 38 Under
635 557 148 35 erinran
814 562 55 31 att
896 558 205 47 riksdagen
1129 559 12 35 i
1169 559 167 48 enlighet
1364 561 83 35 med
1476 562 72 35 vad
1574 561 141 49 Kungl.
1737 563 107 48 Maj:t

248 604 192 49 föreslagit
479 606 174 48 beslutat,
682 612 56 31 att
766 621 46 23 av
840 609 250 36 riksbankens
1120 610 100 36 vinst
1240 611 57 35 för
1325 613 41 33 år
1397 613 96 34 1914
1522 613 96 35 skall
1647 614 55 35 till
1731 620 111 30 stats-

248 656 129 36 verket
405 658 234 36 överlämnas
668 660 202 46 8,760,000
901 660 150 47 kronor,
1079 661 58 36 får
1164 662 183 36 utskottet
1375 662 208 48 hemställa,

768 768 54 30 att
849 763 54 36 uti
934 765 96 34 1916
1060 767 60 32 års
1148 765 153 36 riksstat
1321 772 187 43 upptages
1531 767 116 36 under
1666 768 178 37 rubriken

644 814 109 36 andel
781 815 12 34 i
821 814 250 37 riksbankens
1099 816 101 36 vinst
1230 817 56 35 för
1314 819 39 34 år
1386 819 94 34 1914
1509 820 166 35 nämnda
1694 819 150 50 belopp,

644 867 203 45 8,760,000
876 866 148 36 kronor.

649 1018 40 31 D.
735 1019 18 31 I
777 1019 157 41 anspråk
957 1020 107 40 tagna
1087 1020 349 43 kapitaltillgångar.

377 1104 71 49 7:0)
502 1104 239 39 Beträffande
765 1106 45 37 de
830 1106 363 50 kapitaltillgångar,
1213 1110 219 49 uppkomna
1451 1123 46 23 av
1517 1111 194 49 egentliga
1730 1117 112 31 stats-

246 1156 216 48 inkomster,
491 1157 102 36 vilka
621 1157 119 50 enligt
769 1159 492 49 statsverkspropositionen
1289 1162 105 36 skola
1421 1167 110 44 tagas
1559 1164 12 35 i
1601 1164 162 48 anspråk
1783 1164 59 36 för

247 1207 204 49 budgeten,
493 1208 67 36 har
600 1209 183 38 utskottet
823 1210 83 36 icke
943 1211 82 36 haft
1058 1214 117 46 något
1202 1218 53 31 att
1284 1214 124 35 erinra
1436 1221 78 29 mot
1542 1215 141 48 Kungl.
1712 1215 128 50 Maj:ts

246 1259 153 48 förslag,
428 1260 12 35 i
467 1260 73 36 vad
569 1264 118 45 angår
714 1261 245 49 besparingar
987 1265 21 33 å
1035 1263 321 51 riksstatsanslag.

374 1311 302 38 Vidkommande
717 1313 141 48 Kungl.
900 1314 127 48 Maj:ts
1064 1314 144 50 förslag
1250 1321 54 31 att
1346 1317 57 36 för
1446 1319 97 34 1916
1586 1321 59 33 års
1685 1319 155 36 riksstat

245 1368 90 43 taga
362 1363 12 35 i
403 1364 163 47 anspråk
594 1364 78 36 viss
700 1364 59 37 del
787 1378 47 22 av
863 1365 245 37 statsverkets
1136 1366 205 38 kassafond
1369 1368 179 48 kommer,
1577 1370 84 36 med
1690 1370 149 49 hänsyn

244 1417 21 33 å
292 1427 71 23 ena
391 1415 107 36 sidan
525 1415 56 36 till
610 1415 45 36 de
684 1429 45 23 av
756 1416 204 49 riksdagen
988 1416 194 38 beslutade
1211 1419 207 48 utgifterna
1437 1425 98 31 samt
1554 1423 20 33 å
1595 1421 117 36 andra
1731 1422 109 36 sidan

245 1466 78 36 dels
364 1466 55 36 till
461 1466 45 36 de
548 1480 47 23 av
631 1467 204 49 riksdagen
868 1468 115 36 redan
1025 1469 143 36 fattade
1203 1470 124 37 beslut
1354 1471 11 35 i
1395 1472 235 37 avseende
1605 1462 23 59 å
1657 1473 102 37 vissa
1786 1473 55 37 in-

244 1518 237 47 komsttitlar,
524 1518 79 37 dels
646 1520 70 36 ock
745 1520 54 35 till
836 1520 71 36 vad
943 1520 11 36 i
992 1521 126 48 övrigt
1151 1535 48 22 av
1226 1523 180 36 utskottet
1434 1524 11 36 i
1475 1524 102 36 detta
1605 1524 237 38 betänkande

244 1569 109 37 blivit
394 1570 189 36 hemställt
624 1572 12 34 i
677 1571 108 48 fråga
827 1585 60 23 om
929 1573 428 50 inkomstberäkningen
1399 1575 58 36 för
1491 1579 41 33 år
1563 1578 109 46 1916,
1701 1583 56 30 att
1785 1578 57 36 för

244 1622 357 48 statsregleringens
644 1623 222 37 avslutande
907 1624 187 36 erfordras
1136 1630 55 31 ett
1232 1625 134 50 bidrag
1400 1627 82 36 från
1510 1628 256 37 kassafonden
1795 1643 46 22 av

245 1674 228 46 20,698,100
492 1674 150 37 kronor.
681 1675 56 36 Då
758 1675 183 37 utskottet
960 1676 83 36 med
1063 1676 149 49 hänsyn
1228 1678 55 36 till
1299 1678 262 49 föreliggande
1577 1679 263 38 förhållanden

245 1738 110 23 anser
397 1726 61 48 sig
496 1726 93 36 böra
630 1726 199 50 tillstyrka,
872 1732 56 31 att
967 1727 159 37 berörda
1157 1728 136 51 belopp
1322 1733 60 33 må
1410 1736 109 43 tagas
1547 1731 12 36 i
1587 1732 166 49 anspråk
1781 1733 59 36 för

243 1776 204 49 budgeten,
489 1778 68 35 har
597 1779 184 36 utskottet
822 1779 205 36 emellertid
1068 1779 83 37 icke
1183 1780 185 49 förbisett,
1399 1787 53 31 att
1480 1782 254 38 kassafonden
1763 1784 76 36 kan

243 1828 152 36 komma
437 1834 54 31 att
531 1829 213 37 vidkännas
784 1831 222 48 ytterligare
1046 1831 217 49 belastning
1301 1834 103 35 såväl
1432 1836 48 46 på
1508 1835 125 48 grund
1662 1849 48 22 av
1744 1849 94 36 upp-

243 1880 154 36 stående
434 1880 94 37 brist
555 1881 12 35 i
596 1882 338 49 statsregleringen
974 1883 59 36 för
1074 1886 40 33 år
1144 1886 97 34 1915
1270 1897 80 24 som
1380 1885 69 36 ock
1476 1889 49 46 på
1557 1887 124 48 grund
1710 1887 128 47 därav,

243 1937 54 31 att
337 1932 45 36 de
423 1933 159 48 utgifter
622 1934 120 36 under
782 1934 253 36 innevarande
1078 1938 39 33 år
1158 1936 57 36 för
1256 1937 348 49 upprätthållandet
1646 1952 46 23 av
1723 1939 115 36 rikets

243 1984 226 48 neutralitet,
512 1997 79 23 som
634 1988 60 34 må
728 1986 123 36 finnas
879 1986 255 49 nödvändiga,
1164 1987 101 48 böra,
1295 1989 97 36 intill
1420 1989 85 37 dess
1532 1990 204 49 riksdagen
1764 1991 74 36 kan

243 2039 118 33 sättas
397 2035 12 36 i
443 2037 146 36 tillfälle
631 2043 55 30 att
728 2038 94 36 fatta
863 2037 122 37 beslut
1024 2039 160 36 rörande
1226 2045 112 31 sättet
1379 2041 58 36 för
1477 2055 144 23 samma
1662 2043 176 48 utgifters

242 2087 196 47 täckande,
468 2102 46 22 av
541 2088 144 49 Kungl.
715 2089 107 48 Maj:t
851 2089 206 49 förskjutas
1086 2103 46 23 av
1160 2091 379 39 omhänderhbavande
1566 2093 132 37 medel.

370 2139 160 37 Jämlikt
570 2140 223 49 riksdagens
835 2142 113 46 förut,
990 2144 48 47 på
1083 2143 295 37 statsutskottets
1424 2145 238 47 hemställan,
1695 2146 143 36 fattade

241 2190 123 37 beslut
391 2191 68 36 har
486 2192 206 48 riksdagen
720 2193 194 49 medgivit,
944 2199 55 31 att
1027 2193 57 37 till
1111 2195 185 36 täckande
1324 2208 46 23 av
1400 2196 180 49 anslagen
1600 2197 59 36 för
1678 2201 41 33 år
1740 2199 97 35 1916

242 2242 54 36 till
338 2244 380 48 engångskostnader
759 2244 58 37 för
859 2245 185 37 försvaret
1086 2248 60 34 må
1180 2259 47 23 av
1255 2248 247 36 statsverkets
1530 2249 308 37 värnskattefond

1861 562 84 24 Andel
1971 563 10 23 i
2003 563 64 23 riks-

1863 598 111 23 bankens
1990 598 76 23 vinst.

1882 1116 161 31 Kapitaltill-

1867 1151 102 32 gångar
1987 1159 65 22 wpp-

1876 1187 106 32 komna
2003 1194 31 15 av

1899 1222 124 31 egentliga

1922 1259 78 22 stats-

1887 1292 146 24 inkomster.
