1914 2824
96 530 130 23 Utskottet.

281 182 41 31 34
739 181 263 29 Statsutskottets
1026 179 165 30 utlåtande
1213 180 46 27 Nr
1282 180 27 27 6.

283 258 157 32 delsefull
464 257 137 42 uppgift
623 258 83 30 även
730 267 55 20 om
809 254 279 33 verksamhetens
1111 254 100 31 natur
1233 254 63 40 gör
1318 252 57 31 det
1396 251 174 41 vanskligt
1592 252 51 30 att
1664 250 120 41 påvisa

282 308 148 42 positiva
463 308 153 31 resultat.
671 306 51 31 Av
757 304 282 34 statsfinansiella
1072 303 73 33 skäl
1181 304 112 31 anser
1317 302 53 42 sig
1403 301 378 42 departementschefen

283 358 189 32 emellertid
505 358 74 31 icke
610 357 115 31 kunna
759 356 171 41 tillstyrka
956 355 106 41 högre
1085 354 118 41 anslag
1226 355 42 29 än
1293 353 57 31 det
1372 353 52 31 för
1446 351 230 32 innevarande
1700 350 84 32 bud-

284 411 94 39 getår
400 408 172 38 anvisade,
596 408 114 38 50,000
732 407 136 31 kronor.

337 519 120 32 Såsom
481 517 204 32 motionsvis
707 516 204 32 framhållits
943 516 61 30 har
1026 514 195 32 biltrafiken
1245 514 86 30 efter
1349 512 93 32 hand
1462 513 154 30 avsevärt
1631 511 152 41 nedgått.

283 570 123 31 Denna
440 568 255 42 omständighet
729 569 89 30 samt
840 566 59 32 det
920 565 230 33 förhållandet
1172 566 51 30 att
1245 563 201 41 föreningen
1469 562 59 32 vid
1551 563 171 40 ingången
1746 573 39 19 av

283 619 230 33 innevarande
536 619 165 41 budgetår
724 616 229 43 disponerade
977 618 80 30 över
1080 627 41 20 en
1144 615 54 31 till
1221 615 11 31 i
1256 616 80 30 runt
1358 614 48 31 tal
1430 614 115 38 79,000
1561 613 125 31 kronor
1702 623 83 31 upp-

285 670 128 42 gående
447 669 208 41 behållning,
682 668 114 32 vilken
830 678 123 31 genom
982 668 116 39 sträng
1119 665 224 41 hushållning
1365 663 108 33 borde
1497 663 211 32 åtminstone
1732 662 54 32 till

284 723 110 39 någon
422 720 56 32 del
501 721 115 30 kunna
637 720 137 31 kvarstå
797 720 83 29 även
903 717 55 32 till
981 718 99 31 nästa
1100 716 179 41 budgetår,
1303 715 113 31 kunde
1439 714 11 31 i
1474 713 195 32 nuvarande
1686 715 101 30 stats-

284 771 193 32 finansiella
499 771 76 40 läge
597 770 68 31 tala
686 769 53 31 för
762 780 41 20 en
826 768 71 32 viss
920 767 223 41 nedsättning
1164 778 40 20 av
1227 765 222 32 förevarande
1473 764 127 41 anslag.
1744 759 2 2 |

337 822 181 31 Utskottet
540 822 60 30 har
623 819 201 37 emellertid,
848 818 78 32 med
948 820 102 39 tagen
1072 817 134 41 hänsyn
1230 816 103 32 också
1355 815 53 31 till
1429 815 42 31 de
1486 814 198 42 ytterligare
1703 825 84 30 upp-

284 872 176 42 lysningar
483 871 168 32 utskottet
673 870 11 31 i
707 870 142 31 ärendet
870 868 224 38 införskaffat,
1108 867 73 32 icke
1204 866 115 32 funnit
1345 866 53 41 sig
1420 866 117 30 kunna
1554 865 173 41 tillstyrka
1745 875 41 20 en

286 923 96 41 dylik
412 922 230 41 nedsättning.
697 920 175 32 Jämsides
906 918 79 32 med
1019 918 41 32 de
1082 919 77 30 rent
1180 917 189 41 budgetära
1396 915 259 43 synpunkterna
1677 916 110 30 måste

287 973 171 41 nämligen
491 972 141 32 beaktas
665 972 67 31 den
767 973 92 29 stora
891 969 180 42 betydelse
1097 968 221 40 föreningens
1340 966 218 32 verksamhet
1581 966 62 30 har
1665 966 53 31 för
1745 976 41 20 en

287 1025 110 31 bättre
424 1023 217 32 trafikkultur
674 1022 65 31 och
773 1020 140 32 därmed
947 1020 103 32 också
1082 1019 52 31 för
1162 1018 263 42 möjligheterna
1448 1018 50 30 att
1521 1016 134 32 minska
1678 1016 111 31 trafik-

289 1075 202 42 olyckornas
508 1073 144 41 alltjämt
675 1074 94 30 stora
792 1072 144 40 omfång.

340 1125 18 31 I
391 1125 95 31 detta
524 1123 244 40 sammanhang
800 1122 59 31 vill
893 1121 170 32 utskottet
1095 1120 127 32 betona
1244 1119 115 31 vikten
1382 1129 40 20 av
1446 1119 50 29 att
1519 1119 83 29 även
1628 1116 122 32 radion
1774 1116 11 31 i

288 1175 141 42 lämplig
467 1174 238 41 utsträckning
742 1173 124 31 anlitas
904 1172 11 31 i
953 1169 513 44 upplysningsverksamhetens
1498 1168 115 40 tjänst.
1671 1166 118 42 Cykel-

288 1227 162 31 trafikens
473 1224 201 42 tilltagande
697 1223 205 41 omfattning
928 1222 99 31 torde
1053 1221 102 32 också
1181 1217 159 35 motivera
1355 1218 266 43 propagandans
1638 1217 149 32 utökade

289 1276 189 41 inriktning
508 1277 45 40 på
575 1275 111 31 denna
708 1274 191 40 trafikgren.
945 1272 71 31 Det
1037 1271 106 32 borde
1165 1270 117 32 vidare
1305 1270 115 31 kunna
1442 1269 182 37 förväntas,
1649 1269 51 30 att
1724 1269 67 30 sär-

291 1327 82 32 skilt
405 1324 359 42 försäkringsbolagen
795 1323 10 31 i
839 1324 76 40 eget
949 1322 148 31 intresse
1125 1321 96 31 skola
1243 1322 94 29 finna
1359 1319 58 31 det
1440 1319 179 40 angeläget
1641 1320 51 29 att
1715 1318 75 31 eko-

292 1377 151 32 nomiskt
464 1376 94 32 bistå
579 1374 210 41 föreningen.

342 1427 82 32 Med
447 1424 240 43 tillstyrkande
711 1425 101 30 alltså
834 1425 49 30 att
906 1423 155 40 anslaget
1082 1422 52 31 för
1156 1420 284 33 nästkommande
1464 1420 167 41 budgetår
1645 1419 145 31 bestäm-

291 1489 72 21 mes
396 1478 54 31 till
484 1477 59 31 det
573 1488 40 19 av
635 1475 125 41 Kungl.
785 1474 97 40 Maj:t
904 1473 194 41 föreslagna
1119 1472 166 41 beloppet
1307 1471 115 38 50,000
1444 1471 127 31 kronor
1593 1469 199 32 hemställer

290 1529 178 37 utskottet,

612 1595 49 30 att
683 1593 192 41 riksdagen,
889 1591 80 32 med
991 1591 96 32 bifall
1110 1590 54 31 till
1186 1590 126 40 Kungl.
1337 1589 116 41 Maj:ts
1477 1589 127 41 förslag
1626 1588 64 31 och
1712 1587 78 32 med

561 1645 115 40 avslag
709 1646 19 29 å
761 1643 175 31 motionen
970 1641 47 32 II:
1052 1641 67 37 178,
1154 1642 55 29 må
1242 1640 55 31 till
1332 1639 127 41 Bidrag
1497 1640 50 31 till
1582 1637 211 41 nationalför-

560 1696 133 39 eningen
721 1693 60 41 för
816 1692 297 42 trafiksäkerhetens
1131 1690 195 41 främjande
1352 1690 53 31 för
1426 1689 205 42 budgetåret
1654 1688 138 42 1942/43

561 1745 116 32 anvisa
711 1746 50 30 ett
793 1744 118 40 anslag
934 1754 41 20 av
994 1742 114 38 50,000
1130 1742 136 37 kronor,
1290 1742 50 30 att
1362 1740 164 32 avräknas
1550 1742 71 29 mot
1643 1741 150 30 automo-

560 1794 309 34 bilskattemedlen.

346 1900 84 42 52:0)
452 1900 134 39 Bidrag
607 1899 57 32 till
685 1898 94 32 vissa
801 1896 286 32 internationella
1109 1894 366 40 sammanslutningar.
1510 1892 120 31 Ehuru
1652 1892 75 31 icke
1745 1903 47 20 nu

293 1952 67 31 kan
382 1952 153 39 avgöras,
552 1947 167 33 huruvida
734 1945 256 43 ifrågavarande
1006 1945 127 41 anslag,
1150 1943 170 33 avseende
1342 1943 122 41 bidrag
1481 1943 52 31 till
1550 1943 65 31 den
1632 1942 160 41 ständiga

293 2000 279 33 internationella
603 1998 201 41 föreningen
837 1997 52 31 för
911 1997 114 40 frågor
1046 1995 145 32 rörande
1213 1994 230 41 vägväsendet
1465 1996 161 29 ävensom
1649 1993 53 31 till
1725 1992 66 32 den

293 2050 280 34 internationella
597 2047 435 37 luftfartskommissionen,
1058 2046 153 31 kommer
1238 2047 50 29 att
1314 2044 134 38 anlitas,
1477 2044 50 31 får
1550 2043 169 32 utskottet
1741 2043 52 31 för

294 2105 51 29 att
377 2101 221 40 erforderliga
623 2099 112 32 medel
758 2099 96 31 skola
876 2098 112 31 finnas
1012 2096 211 42 tillgängliga
1245 2095 173 41 tillstyrka
1440 2095 126 41 Kungl.
1591 2094 116 41 Maj:ts
1729 2094 65 31 för-

298 2154 73 40 slag
393 2152 121 43 (punkt
536 2152 49 37 53,
604 2150 61 32 sid.
694 2150 59 31 140
776 2149 63 32 och
864 2147 79 43 141).
990 2147 179 32 Utskottet
1191 2146 199 31 hemställer
1414 2145 112 38 alltså,

611 2229 50 30 att
682 2226 182 41 riksdagen
889 2227 55 29 må
967 2224 55 31 till
1043 2223 129 41 Bidrag
1189 2223 52 32 till
1256 2223 86 31 vissa
1357 2222 264 32 internationella
1636 2232 158 20 samman-

564 2278 185 39 slutningar
781 2277 52 30 för
864 2275 205 41 budgetåret
1093 2273 138 32 1942/43
1254 2272 117 32 anvisa
1394 2274 49 30 ett
1466 2271 267 42 förslagsanslag
1755 2282 39 20 av

568 2329 111 38 10,000
701 2328 135 31 kronor.

349 2432 84 42 53:o)
466 2432 133 40 Bidrag
631 2431 57 32 till
709 2430 239 41 upprättande
976 2438 45 22 av
1048 2437 41 23 en
1110 2427 209 41 regionplan
1341 2427 54 31 för
1415 2426 179 40 Göteborg
1616 2426 80 32 med
1721 2434 73 23 om-

298 2484 199 40 givningar.
543 2481 124 41 Kungl.
692 2480 99 41 Maj:t
824 2479 61 31 har
917 2478 123 42 (punkt
1072 2478 49 37 54,
1146 2477 63 32 sid.
1236 2475 71 43 141)
1328 2476 178 41 föreslagit
1540 2475 182 41 riksdagen
1746 2476 51 30 att
