1920 2838
610 175 264 29 Statsutskottets
897 177 167 29 utlåtande
1085 178 46 28 Nr
1157 180 27 27 6.
1628 179 20 30 9

148 243 53 41 sig
233 246 101 46 ägnat
367 247 51 30 att
450 246 159 33 befordra
641 248 271 42 planmässighet
943 251 64 30 och
1030 252 216 40 sparsamhet
1268 252 57 31 vid
1348 252 300 42 vägunderhållets

147 285 218 40 bedrivande,
390 299 99 21 anser
510 289 56 42 jag
588 290 70 41 mig
680 291 84 31 böra
786 292 146 38 förorda,
950 295 50 28 att
1022 293 95 31 detta
1140 298 128 37 system
1290 294 126 41 jämväl
1438 295 52 31 för
1512 297 37 29 år
1566 296 82 31 1942

147 328 64 31 och
234 329 72 31 tills
328 330 116 32 vidare
466 331 93 41 gives
582 333 139 31 fortsatt
743 334 252 41 tillämplighet.

199 413 160 33 Rörande
394 416 133 31 utfallet
560 428 40 20 av
637 418 77 30 1941
750 420 54 29 års
838 419 455 41 vägunderhållskostnader
1326 421 128 31 sådana
1477 421 102 32 dessa
1601 433 46 20 nu

146 463 115 32 kunna
277 465 214 41 preliminärt
506 467 213 32 överblickas
735 469 77 31 med
828 469 142 42 ledning
985 481 40 20 av
1036 470 269 42 vägdistriktens
1317 471 332 43 kvartalsrapporter

146 513 62 32 har
240 516 473 42 vägunderhållsinspektionen
746 519 11 31 i
781 531 41 19 en
847 520 66 31 den
937 521 37 30 21
999 520 151 32 februari
1175 522 80 31 1942
1278 522 214 41 dagtecknad
1518 520 130 48 prome-

147 565 108 31 moria
276 566 130 32 lämnat
427 567 12 31 i
462 568 180 32 huvudsak
665 569 150 41 följande
838 571 184 41 uppgifter.

199 632 76 32 Den
298 645 41 20 av
361 637 74 39 väg-
458 636 63 31 och
544 637 469 42 vattenbyggnadsstyrelsen
1029 639 196 32 beräknade
1241 640 131 41 skäliga
1387 641 192 32 kostnaden
1596 642 52 31 för

146 675 282 40 vägunderhållet
450 680 36 29 år
510 679 77 31 1941
613 679 158 41 utgjorde
793 681 191 36 44,600.000
1006 681 136 32 kronor.

199 717 117 42 Enligt
338 719 268 41 vägdistriktens
633 721 332 43 kvartalsrapporter
986 725 102 39 utgör
1110 724 149 40 verkliga
1283 725 192 32 kostnaden
1498 726 54 31 för
1573 728 74 40 väg-

145 759 217 33 underhållet
378 763 37 29 år
432 763 88 36 1941,
534 763 175 32 exklusive
725 765 196 31 annuiteter
937 767 18 29 å
970 766 55 31 lån
1041 766 54 31 för
1110 767 173 41 varaktiga
1298 767 244 42 beläggningar
1558 771 89 29 samt

144 801 267 43 avskrivningar,
435 805 189 38 37,700,000
646 806 135 32 kronor.
827 807 197 41 Utgifterna
1046 809 53 30 för
1121 809 160 31 annuiter
1297 809 65 31 och
1379 810 266 42 avskrivningar,

144 843 90 32 vilka
266 845 74 31 icke
373 846 126 41 framgå
523 858 40 20 av
590 847 386 43 kvartalsrapporterna,
1000 851 116 30 kunna
1138 853 141 39 antagas
1303 855 116 38 uppgå
1441 853 53 31 till
1517 864 130 20 samma

144 886 128 42 belopp
296 898 74 21 som
394 889 42 31 de
459 900 40 20 av
521 892 73 39 väg-
618 891 64 30 och
704 892 470 42 vattenbyggnadsstyrelsen
1191 894 194 31 beräknade
1402 895 82 31 eller
1499 895 148 42 tillhopa

144 929 167 72 000
332 930 135 33 kronor.
512 932 53 31 De
595 933 151 41 verkliga
768 934 231 32 kostnaderna
1022 935 110 32 skulle
1156 936 135 31 således
1314 939 122 39 utgöra
1457 938 190 38 46,200,000

168 981 111 22 ronor.

196 1013 68 32 För
285 1014 119 32 landet
427 1026 71 21 som
523 1016 119 32 helhet
657 1017 44 31 ha
716 1017 100 32 alltså
834 1020 152 30 staterna
1001 1019 225 32 överskridits
1243 1020 77 32 med
1339 1021 165 38 1,600,000
1519 1022 128 31 kronor

144 1055 83 31 eller
249 1056 78 31 med
350 1057 92 31 cirka
464 1059 47 31 3.6
537 1061 153 39 procent.

197 1097 145 33 Utfallet
364 1099 92 32 inom
481 1100 41 31 de
546 1101 157 31 enskilda
721 1102 248 40 vägdistrikten
993 1103 119 41 skiljer
1135 1104 53 40 sig
1210 1104 74 32 från
1307 1105 43 31 de
1371 1105 143 41 tidigare
1530 1105 115 31 beräk-

143 1139 166 41 ningarna
332 1142 79 31 med
434 1142 101 42 högst
565 1153 24 30 +
621 1144 37 31 10
680 1147 143 38 procent
838 1145 94 31 inom
949 1146 40 31 99
1004 1157 41 19 av
1059 1146 138 31 landets
1216 1147 59 31 170
1290 1147 211 41 vägdistrikt.
1528 1147 116 32 Sättes

143 1182 288 42 maximigränsen
464 1185 11 30 i
509 1187 116 30 stället
657 1186 58 31 vid
742 1196 25 30 +
796 1187 38 31 15
857 1190 144 37 procent
1034 1188 83 31 ökas
1140 1189 106 31 totala
1268 1190 130 31 antalet
1420 1190 52 31 till
1497 1191 60 30 124
1580 1190 65 31 och

143 1224 56 31 vid
228 1234 24 31 +
279 1226 40 30 20
341 1229 144 38 procent
517 1228 53 31 till
595 1229 60 30 142
677 1240 41 19 av
741 1229 150 31 nämnda
916 1230 59 31 170
997 1230 213 41 vägdistrikt.
1254 1231 101 32 Inom
1379 1232 39 31 28
1441 1232 204 42 vägdistrikt

144 1267 110 32 skulle
277 1268 101 32 alltså
402 1269 192 33 skillnaden
618 1271 171 42 överstiga
811 1272 42 31 20
875 1274 151 39 procent.

195 1359 52 33 De
280 1361 58 31 vid
373 1362 79 31 1941
487 1365 54 30 års
575 1363 140 42 riksdag
747 1364 182 32 beslutade
963 1365 150 32 ändrade
1136 1366 195 40 grunderna
1353 1367 53 31 för
1428 1367 57 31 det
1508 1367 138 42 statliga

142 1411 423 43 vägunderhållsbidraget
587 1414 180 38 inneburo,
792 1417 50 29 att
865 1415 211 42 statsbidrag
1098 1416 54 31 till
1178 1417 75 30 1941
1273 1419 54 29 års
1348 1417 298 33 barmarksunder-

142 1460 70 32 håll
236 1462 110 32 skulle
362 1465 82 39 utgå
460 1464 85 31 efter
561 1475 41 20 en
620 1475 41 20 av
676 1467 73 39 väg-
765 1465 65 31 och
845 1466 469 42 vattenbyggnadsstyrelsen
1331 1467 54 32 för
1400 1468 89 41 varje
1506 1468 140 32 distrikt

140 1511 187 32 verkställd
361 1513 197 42 beräkning,
582 1514 124 32 medan
729 1515 53 31 till
805 1515 111 41 grund
939 1516 52 31 för
1012 1516 160 41 bidraget
1194 1517 53 31 till
1269 1517 376 43 vinterväghållningen

141 1562 146 41 alltjämt
310 1563 111 32 skulle
443 1564 116 41 läggas
582 1565 42 31 de
648 1565 147 32 faktiska
816 1566 233 31 kostnaderna
1072 1566 111 32 under
1205 1568 285 41 nästföregående
1513 1571 45 30 år.

196 1613 19 31 I
247 1613 108 32 likhet
379 1615 77 30 med
480 1615 378 41 departementschefen
882 1616 62 31 har
965 1617 171 31 utskottet
1158 1617 114 32 funnit
1295 1618 59 31 det
1377 1620 90 30 ännu
1490 1630 80 20 vara
1592 1620 53 31 för

140 1663 103 41 tidigt
275 1666 50 29 att
348 1664 81 32 fälla
452 1667 48 30 ett
523 1666 187 41 slutgiltigt
733 1667 159 31 omdöme
916 1678 54 20 om
995 1667 94 31 detta
1111 1679 68 30 nya
1202 1670 138 39 system.
1386 1669 62 31 Att
1470 1670 115 31 märka
1608 1672 37 29 är

140 1715 50 29 att
227 1716 105 40 några
365 1727 93 20 mera
490 1716 177 31 definitiva
699 1717 228 41 beräkningar
950 1729 54 20 om
1028 1718 136 32 utfallet
1186 1719 11 31 i
1221 1719 90 31 olika
1335 1720 192 32 avseenden
1550 1720 94 32 inom

140 1764 136 32 landets
302 1766 60 31 170
384 1767 204 41 vägdistrikt
611 1770 92 28 ännu
726 1768 30 40 ej
780 1768 167 41 föreligga
968 1769 53 31 för
1043 1771 37 29 år
1105 1770 89 31 1941.
1240 1770 190 38 Utskottet,
1452 1782 72 20 som
1541 1771 103 32 likväl

141 1818 114 29 ansett
277 1816 53 41 sig
352 1817 85 31 böra
458 1817 173 42 tillstyrka
653 1818 58 31 det
734 1829 40 20 av
796 1818 127 41 Kungl.
948 1819 97 41 Maj:t
1067 1820 188 41 framlagda
1270 1821 164 41 förslaget
1449 1822 53 30 till
1518 1822 127 31 förord-

141 1866 83 41 ning
256 1867 11 30 i
300 1868 125 37 ämnet,
448 1868 202 31 förutsätter
672 1868 95 39 dock,
799 1871 50 29 att
871 1869 250 41 verkningarna
1144 1881 40 20 av
1207 1870 58 31 det
1287 1882 68 30 nya
1377 1873 166 39 systemet
1565 1883 80 30 nog-

140 1920 99 38 grant
271 1917 101 41 följas
407 1920 88 29 samt
527 1920 50 29 att
611 1919 277 31 erfarenheterna
910 1919 103 31 härav
1037 1920 126 31 samlas
1187 1921 63 30 och
1274 1921 190 41 föreläggas
1487 1933 42 20 en
1552 1922 92 31 kom-

140 1967 123 32 mande
296 1967 140 41 riksdag
461 1968 11 30 i
500 1969 168 30 samband
691 1969 77 30 med
791 1969 118 41 frågan
933 1981 54 19 om
1011 1970 43 31 de
1077 1981 67 30 nya
1164 1971 214 40 grundernas
1404 1972 159 31 fortsatta
1589 1973 55 31 be-

141 2017 110 31 stånd.
296 2018 83 31 Med
413 2018 64 31 vad
511 2019 145 31 sålunda
691 2020 130 30 anförts
855 2020 62 30 har
949 2020 170 31 utskottet
1153 2023 113 29 ansett
1289 2022 41 31 de
1354 2022 11 30 i
1389 2023 113 30 ämnet
1524 2023 120 31 väckta

140 2068 215 31 motionerna
378 2080 79 19 vara
478 2069 196 31 besvarade.

192 2118 74 31 Vad
289 2121 105 38 angår
416 2120 371 40 anslagsberäkningen
811 2120 62 31 har
895 2121 78 31 med
996 2123 259 40 utgångspunkt
1276 2123 74 31 från
1367 2125 50 29 att
1433 2124 211 41 statsbidrag

139 2169 148 40 alltjämt
320 2170 87 30 skall
440 2172 80 38 utgå
553 2170 79 32 med
656 2171 40 30 85
718 2173 143 38 procent
884 2183 40 19 av
948 2171 231 32 kostnaderna
1202 2173 155 40 anslaget
1381 2174 52 30 till
1455 2174 189 32 barmarks-

139 2219 217 31 underhållet
389 2222 131 29 ansetts
553 2221 85 31 böra
661 2221 98 40 höjas
783 2222 78 30 med
884 2222 168 38 5,400,000
1074 2223 127 30 kronor
1224 2223 52 31 till
1298 2224 189 37 43,400,000
1508 2225 135 31 kronor.

139 2269 83 31 Med
255 2270 134 40 hänsyn
424 2272 19 28 å
476 2281 63 20 ena
566 2270 99 31 sidan
694 2271 52 30 till
769 2271 43 31 de
836 2272 114 30 starka
972 2272 247 41 beskärningar
1240 2272 11 31 i
1274 2274 94 39 fråga
1391 2285 53 20 om
1468 2275 175 40 grusning,

139 2319 310 41 makadamisering
471 2320 63 31 och
557 2320 138 41 röjning
718 2332 41 20 m.
785 2332 52 27 m.,
863 2333 73 19 som
961 2322 42 30 de
1027 2324 138 29 senaste
1188 2325 79 28 åren
1291 2325 90 29 måst
1403 2325 62 39 äga
1479 2336 85 26 rum,
1578 2325 63 30 och

139 2372 19 28 å
181 2371 105 29 andra
309 2370 99 31 sidan
432 2371 42 30 de
496 2370 110 31 risker
629 2371 52 30 för
704 2371 108 31 ökade
844 2371 309 41 framtidsutgifter,
1189 2384 73 19 som
1297 2375 50 29 ett
1369 2374 144 31 sålunda
1536 2375 109 30 starkt

138 2420 183 40 begränsat
354 2420 245 40 vägunderhåll
632 2421 66 30 kan
722 2421 162 39 medföra,
908 2422 109 30 finner
1036 2423 172 31 utskottet
1230 2423 56 41 fog
1309 2423 164 42 föreligga
1498 2425 53 30 för
1577 2425 66 31 den

139 2470 127 31 äskade
289 2471 338 41 anslagshöjningen.

1701 1375 131 24 Utskottet.
