1852 2784
428 184 124 36 Tredje
567 182 245 37 lagutskottets
828 179 181 31 utlåtande
1022 187 42 21 nr
1078 179 19 28 4
1112 177 39 30 år
1167 177 82 29 1965
1563 173 15 29 1

785 503 115 39 Nr
872 499 31 54 4

302 613 187 31 Utlåtande
520 612 11 30 i
559 610 189 37 anledning
777 619 42 21 av
850 608 124 31 väckta
1005 606 172 31 motioner
1206 602 179 38 angående
1415 599 173 36 marklag-

501 664 218 38 stiftningen.

149 775 128 37 Tredje
302 774 229 40 lagutskottet
556 772 64 30 har
646 770 189 31 behandlat
861 768 57 31 två
945 769 95 29 inom
1068 765 185 37 riksdagen
1279 762 136 35 väckta,
1442 761 51 30 till
1521 760 69 36 lag-

106 829 135 30 utskott
259 827 192 31 hänvisade
470 826 182 34 motioner,
672 833 41 21 nr
733 823 62 30 534
815 824 10 29 i
846 822 111 30 första
977 821 204 30 kammaren
1201 827 42 21 av
1261 817 123 29 herrar
1402 809 188 45 Adolfsson

107 882 65 31 och
189 882 111 36 Lager
316 880 66 31 och
400 889 42 21 nr
460 878 63 31 648
541 879 11 30 i
570 878 110 30 andra
699 877 206 30 kammaren
922 884 43 21 av
983 874 80 29 herr
1079 872 140 30 Nilsson
1236 871 13 30 i
1267 869 104 31 Gävle
1388 877 45 21 m.
1446 867 39 38 fl.

151 936 14 29 I
186 935 231 32 motionerna,
439 941 75 22 som
536 933 37 29 är
595 930 234 38 likalydande,
852 928 147 30 föreslås
1022 928 70 29 »att
1114 925 184 36 riksdagen
1320 924 11 28 i
1353 920 166 33 skrivelse
1541 919 51 30 till

109 988 125 38 Kungl.
253 987 106 37 Maj:t
377 986 109 30 måtte
503 984 185 31 hemställa
707 985 50 28 att
776 983 40 30 de
840 983 5 30 i
865 982 114 29 denna
998 980 131 29 motion
1149 976 197 32 framförda
1365 973 229 32 alternativen

109 1043 11 29 i
141 1041 101 38 fråga
265 1049 56 22 om
345 1038 325 38 marklagstiftning
692 1036 66 30 blir
782 1034 146 31 föremål
953 1034 55 29 för
1032 1032 190 38 skyndsam
1246 1029 187 35 utredning
1456 1026 63 30 och
1544 1026 51 29 att

112 1094 131 38 förslag
258 1095 139 30 snarast
411 1092 107 30 måtte
531 1090 196 37 föreläggas
742 1089 220 37 riksdagen».

154 1146 229 32 Beträffande
407 1145 237 30 motionernas
670 1141 229 37 fullständiga
923 1139 155 31 innehåll
1104 1138 54 30 får
1183 1137 180 32 utskottet,
1394 1135 4 29 i
1422 1133 66 30 den
1515 1132 80 29 mån

115 1200 215 38 redogörelse
345 1199 30 37 ej
393 1199 136 30 lämnas
544 1197 125 34 nedan,
681 1195 149 30 hänvisa
844 1194 52 30 till
913 1193 177 30 motionen
1105 1191 45 29 II:
1167 1189 73 31 648.

583 1322 153 34 Frågans
753 1320 146 35 tidigare
918 1317 209 35 behandling

158 1397 51 30 En
234 1396 146 36 utförlig
403 1394 168 31 historisk
596 1392 153 30 översikt
772 1392 11 29 i
807 1390 125 37 frågan
957 1398 56 21 om
1038 1387 172 36 oförtjänt
1235 1381 363 37 markvärdestegring

115 1450 96 31 finns
236 1450 11 29 i
272 1445 461 37 markvärdeutredningens
759 1442 221 31 betänkande
1005 1439 177 40 angående
1207 1437 210 37 indragning
1441 1444 42 21 av
1508 1433 92 31 oför-

115 1503 93 37 tjänt
222 1499 343 40 jordvärdestegring
585 1497 101 36 (SOU
705 1496 98 31 1957:
820 1495 51 36 43,
888 1505 25 20 s.
930 1493 184 35 99—162).
1131 1492 50 29 Av
1197 1492 114 29 denna
1326 1488 153 31 översikt
1495 1487 106 29 fram-

115 1556 72 38 går,
207 1557 52 29 att
277 1554 125 37 frågan
422 1562 56 21 om
498 1551 185 31 införande
703 1559 41 21 av
763 1559 42 21 en
826 1548 151 31 särskild
999 1547 93 29 skatt
1111 1546 20 30 å
1151 1545 109 30 sådan
1279 1541 260 37 värdestegring
1559 1548 42 21 av

117 1608 168 39 fastighet
307 1608 108 30 sedan
438 1605 149 38 ungefär
609 1604 40 30 50
673 1604 38 29 år
733 1602 147 31 tillbaka
902 1600 91 30 varit
1016 1598 145 31 föremål
1186 1597 54 30 för
1263 1597 50 30 ett
1335 1595 104 31 tidvis
1463 1592 139 39 mycket

119 1662 166 30 intensivt
311 1658 336 38 utredningsarbete,
676 1656 106 30 vilket
810 1654 106 31 också
943 1652 185 31 resulterat
1156 1652 9 29 i
1194 1648 264 38 framläggande
1484 1655 43 21 av
1554 1646 48 29 ett

120 1714 114 31 flertal
262 1711 374 38 författningsförslag.
663 1710 102 30 Trots
792 1710 51 28 att
870 1707 127 37 många
1023 1704 242 39 myndigheter
1291 1703 90 29 visat
1408 1710 42 20 en
1476 1699 128 38 positiv

119 1767 205 37 inställning
349 1765 52 31 till
428 1765 129 31 tanken
582 1763 45 38 på
652 1772 41 21 en
718 1759 376 39 värdestegringsskatt
1119 1758 64 29 har
1208 1755 176 37 förslagen
1409 1753 31 37 ej
1465 1752 138 30 kunnat

119 1821 193 29 realiseras.
328 1818 161 31 Orsaken
504 1816 118 30 härtill
639 1816 63 29 har
719 1815 126 29 främst
861 1813 89 30 varit
967 1813 64 29 den
1049 1810 153 31 rådande
1217 1808 205 37 oenigheten
1439 1815 55 21 om
1512 1805 93 30 skat-

122 1876 77 29 tens
214 1872 230 36 utformning.

167 1926 65 29 Det
252 1926 119 29 senast
391 1922 196 37 framlagda
608 1921 165 36 förslaget
793 1920 9 28 i
824 1919 123 36 frågan
968 1919 38 28 är
1025 1917 57 29 det
1102 1925 41 20 av
1163 1912 441 36 markvärdeutredningen

122 1980 38 29 år
185 1978 81 31 1957
292 1977 206 37 framlagda.
524 1975 116 37 Enligt
664 1974 93 30 detta
782 1972 113 30 skulle
917 1971 45 30 bl.
977 1979 29 21 a.
1031 1965 490 40 värdestegringsindragning
1546 1963 60 31 ske

125 2040 122 29 genom
269 2032 49 29 ett
339 2029 141 38 system,
501 2028 151 38 grundat
672 2026 44 38 på
736 2035 41 20 en
799 2023 282 39 nykonstruerad
1102 2022 135 30 sakrätt
1255 2038 45 3 —
1319 2029 26 20 s.
1360 2020 32 28 k.
1412 2017 195 36 värdesteg-

122 2083 252 39 ringshypotek
390 2101 44 3 —
451 2084 10 29 i
478 2081 242 31 kombination
738 2079 77 29 med
833 2079 92 29 vissa
944 2076 189 39 ändringar
1150 2076 9 29 i
1178 2065 430 49 expropriationslagstift-

124 2139 138 36 ningen.
285 2136 189 36 Förslaget,
497 2144 74 20 som
594 2134 76 29 icke
691 2141 91 21 vann
804 2130 204 36 anslutning
1030 2138 42 20 av
1093 2128 114 36 någon
1230 2136 41 20 av
1293 2127 42 28 de
1357 2127 9 28 i
1389 2123 220 36 utrednings-

125 2191 132 29 arbetet
275 2188 208 38 deltagande
503 2187 325 37 representanterna
848 2183 55 30 för
922 2183 41 29 de
982 2181 164 37 politiska
1165 2179 188 40 partierna,
1372 2178 65 28 har
1456 2176 74 30 icke
1550 2184 59 21 an-

126 2245 85 28 setts
231 2243 120 28 kunna
372 2241 99 37 tjäna
492 2248 74 21 som
586 2238 170 38 grundval
777 2237 55 29 för
852 2236 137 35 lösning
1010 2243 40 20 av
1072 2232 228 30 förevarande
1320 2230 165 37 problem.

171 2295 120 30 Såsom
312 2294 146 30 uttalats
478 2293 11 29 i
508 2291 194 30 direktiven
724 2289 53 29 för
798 2289 66 29 den
884 2287 114 30 nedan
1018 2284 154 31 nämnda
1192 2280 418 33 markvärdekommittén

132 2345 390 39 (riksdagsberättelsen
542 2344 38 29 år
602 2343 83 30 1964
707 2353 24 19 s.
754 2341 55 34 79)
835 2340 142 37 betyder
997 2339 57 29 det
1074 2337 148 31 anförda
1241 2334 193 33 emellertid
1455 2333 85 35 icke,
1560 2333 51 29 att

127 2398 405 38 värdestegringsfrågan
551 2396 150 29 lämnats
719 2393 170 31 obeaktad
908 2393 10 29 i
936 2391 273 37 lagstiftningen.
1228 2389 130 29 Härom
1377 2388 78 35 sägs
1472 2387 10 29 i
1499 2385 113 30 direk-

131 2455 91 29 tiven
238 2451 168 38 följande.

173 2521 388 41 Lagstiftningsarbetet
585 2521 65 29 har
674 2519 149 29 tvärtom
849 2517 11 30 i
886 2515 112 31 skilda
1024 2513 254 36 sammanhang
1304 2510 163 31 inriktats
1492 2509 43 38 på
1560 2510 52 29 att

135 2630 133 35 Bihang
289 2629 51 29 till
361 2629 204 34 riksdagens
585 2625 174 38 protokoll
782 2625 91 28 1965.
894 2625 19 27 9
933 2622 97 30 saml.
1051 2623 18 27 3
1089 2620 76 30 avd.
1185 2620 47 29 Nr
1251 2621 17 28 4
