<?xml version="1.0" encoding="UTF-8"?>
<alto xmlns="http://www.loc.gov/standards/alto/ns-v3#" xmlns:xlink="http://www.w3.org/1999/xlink" xmlns:xsi="http://www.w3.org/2001/XMLSchema-instance" xsi:schemaLocation="http://www.loc.gov/standards/alto/ns-v3# http://www.loc.gov/alto/v3/alto-3-0.xsd">
	<Description>
		<MeasurementUnit>pixel</MeasurementUnit>
		<sourceImageInformation>
			<fileName>/tmp/tess_8lkub9pc_input.PNG</fileName>
		</sourceImageInformation>
		<OCRProcessing ID="OCR_0">
			<ocrProcessingStep>
				<processingSoftware>
					<softwareName>tesseract 5.3.0</softwareName>
				</processingSoftware>
			</ocrProcessingStep>
		</OCRProcessing>
	</Description>
	<Layout>
		<Page WIDTH="2134" HEIGHT="2671" PHYSICAL_IMG_NR="0" ID="page_0">
			<PrintSpace HPOS="0" VPOS="0" WIDTH="2134" HEIGHT="2671">
				<ComposedBlock ID="cblock_0" HPOS="615" VPOS="168" WIDTH="1117" HEIGHT="42">
					<TextBlock ID="block_0" HPOS="615" VPOS="168" WIDTH="1117" HEIGHT="42">
						<TextLine ID="line_0" HPOS="615" VPOS="168" WIDTH="1117" HEIGHT="42">
							<String ID="string_0" HPOS="615" VPOS="179" WIDTH="254" HEIGHT="31" WC="0.90" CONTENT="Statsutskottets"/><SP WIDTH="29" VPOS="179" HPOS="869"/>
							<String ID="string_1" HPOS="898" VPOS="174" WIDTH="170" HEIGHT="33" WC="0.95" CONTENT="Utlåtande"/><SP WIDTH="22" VPOS="174" HPOS="1068"/>
							<String ID="string_2" HPOS="1090" VPOS="175" WIDTH="62" HEIGHT="30" WC="0.95" CONTENT="N:o"/><SP WIDTH="24" VPOS="175" HPOS="1152"/>
							<String ID="string_3" HPOS="1176" VPOS="175" WIDTH="71" HEIGHT="29" WC="0.94" CONTENT="137."/><SP WIDTH="447" VPOS="175" HPOS="1247"/>
							<String ID="string_4" HPOS="1694" VPOS="168" WIDTH="38" HEIGHT="29" WC="0.96" CONTENT="17"/>
						</TextLine>
					</TextBlock>
				</ComposedBlock>
				<ComposedBlock ID="cblock_1" HPOS="133" VPOS="248" WIDTH="1609" HEIGHT="724">
					<TextBlock ID="block_1" HPOS="133" VPOS="248" WIDTH="1601" HEIGHT="111">
						<TextLine ID="line_1" HPOS="237" VPOS="248" WIDTH="1497" HEIGHT="56">
							<String ID="string_5" HPOS="237" VPOS="264" WIDTH="33" HEIGHT="40" WC="0.95" CONTENT="6)"/><SP WIDTH="29" VPOS="264" HPOS="270"/>
							<String ID="string_6" HPOS="299" VPOS="275" WIDTH="45" HEIGHT="22" WC="0.95" CONTENT="en"/><SP WIDTH="37" VPOS="275" HPOS="344"/>
							<String ID="string_7" HPOS="381" VPOS="260" WIDTH="40" HEIGHT="36" WC="0.92" CONTENT="af"/><SP WIDTH="28" VPOS="260" HPOS="421"/>
							<String ID="string_8" HPOS="449" VPOS="261" WIDTH="267" HEIGHT="35" WC="0.91" CONTENT="konservatorn"/><SP WIDTH="27" VPOS="261" HPOS="716"/>
							<String ID="string_9" HPOS="743" VPOS="256" WIDTH="62" HEIGHT="37" WC="0.96" CONTENT="vid"/><SP WIDTH="26" VPOS="256" HPOS="805"/>
							<String ID="string_10" HPOS="831" VPOS="256" WIDTH="193" HEIGHT="35" WC="0.96" CONTENT="botaniska"/><SP WIDTH="27" VPOS="256" HPOS="1024"/>
							<String ID="string_11" HPOS="1051" VPOS="258" WIDTH="142" HEIGHT="31" WC="0.96" CONTENT="museet"/><SP WIDTH="28" VPOS="258" HPOS="1193"/>
							<String ID="string_12" HPOS="1221" VPOS="251" WIDTH="62" HEIGHT="37" WC="0.96" CONTENT="vid"/><SP WIDTH="26" VPOS="251" HPOS="1283"/>
							<String ID="string_13" HPOS="1309" VPOS="251" WIDTH="255" HEIGHT="36" WC="0.96" CONTENT="universitetet"/><SP WIDTH="27" VPOS="251" HPOS="1564"/>
							<String ID="string_14" HPOS="1591" VPOS="250" WIDTH="13" HEIGHT="34" WC="0.93" CONTENT="i"/><SP WIDTH="27" VPOS="250" HPOS="1604"/>
							<String ID="string_15" HPOS="1631" VPOS="248" WIDTH="103" HEIGHT="49" WC="0.91" CONTENT="Upp-"/>
						</TextLine>
						<TextLine ID="line_2" HPOS="133" VPOS="301" WIDTH="1458" HEIGHT="58">
							<String ID="string_16" HPOS="133" VPOS="316" WIDTH="75" HEIGHT="35" WC="0.91" CONTENT="sala"/><SP WIDTH="28" VPOS="316" HPOS="208"/>
							<String ID="string_17" HPOS="236" VPOS="313" WIDTH="43" HEIGHT="36" WC="0.88" CONTENT="K."/><SP WIDTH="30" VPOS="313" HPOS="279"/>
							<String ID="string_18" HPOS="309" VPOS="313" WIDTH="44" HEIGHT="36" WC="0.89" CONTENT="A."/><SP WIDTH="29" VPOS="313" HPOS="353"/>
							<String ID="string_19" HPOS="382" VPOS="312" WIDTH="42" HEIGHT="36" WC="0.90" CONTENT="T."/><SP WIDTH="28" VPOS="312" HPOS="424"/>
							<String ID="string_20" HPOS="452" VPOS="310" WIDTH="89" HEIGHT="38" WC="0.96" CONTENT="Seth"/><SP WIDTH="27" VPOS="310" HPOS="541"/>
							<String ID="string_21" HPOS="568" VPOS="309" WIDTH="109" HEIGHT="50" WC="0.93" CONTENT="gjord"/><SP WIDTH="28" VPOS="309" HPOS="677"/>
							<String ID="string_22" HPOS="705" VPOS="307" WIDTH="231" HEIGHT="48" WC="0.92" CONTENT="underdånig"/><SP WIDTH="27" VPOS="307" HPOS="936"/>
							<String ID="string_23" HPOS="963" VPOS="306" WIDTH="206" HEIGHT="47" WC="0.96" CONTENT="ansökning"/><SP WIDTH="27" VPOS="306" HPOS="1169"/>
							<String ID="string_24" HPOS="1196" VPOS="317" WIDTH="60" HEIGHT="22" WC="0.95" CONTENT="om"/><SP WIDTH="27" VPOS="317" HPOS="1256"/>
							<String ID="string_25" HPOS="1283" VPOS="301" WIDTH="308" HEIGHT="48" WC="0.95" CONTENT="löneförhöjning."/>
						</TextLine>
					</TextBlock>
					<TextBlock ID="block_2" HPOS="134" VPOS="350" WIDTH="1603" HEIGHT="164">
						<TextLine ID="line_3" HPOS="233" VPOS="350" WIDTH="1503" HEIGHT="63">
							<String ID="string_26" HPOS="233" VPOS="365" WIDTH="74" HEIGHT="48" WC="0.96" CONTENT="Jag"/><SP WIDTH="35" VPOS="365" HPOS="307"/>
							<String ID="string_27" HPOS="342" VPOS="364" WIDTH="66" HEIGHT="36" WC="0.96" CONTENT="har"/><SP WIDTH="36" VPOS="364" HPOS="408"/>
							<String ID="string_28" HPOS="444" VPOS="362" WIDTH="113" HEIGHT="36" WC="0.91" CONTENT="redan"/><SP WIDTH="27" VPOS="362" HPOS="557"/>
							<String ID="string_29" HPOS="584" VPOS="360" WIDTH="159" HEIGHT="49" WC="0.91" CONTENT="angifvit"/><SP WIDTH="27" VPOS="360" HPOS="743"/>
							<String ID="string_30" HPOS="770" VPOS="359" WIDTH="44" HEIGHT="35" WC="0.96" CONTENT="de"/><SP WIDTH="28" VPOS="359" HPOS="814"/>
							<String ID="string_31" HPOS="842" VPOS="357" WIDTH="83" HEIGHT="50" WC="0.92" CONTENT="fyra"/><SP WIDTH="26" VPOS="357" HPOS="925"/>
							<String ID="string_32" HPOS="951" VPOS="355" WIDTH="284" HEIGHT="48" WC="0.91" CONTENT="hufvudfrågor,"/><SP WIDTH="30" VPOS="355" HPOS="1235"/>
							<String ID="string_33" HPOS="1265" VPOS="367" WIDTH="78" HEIGHT="23" WC="0.96" CONTENT="som"/><SP WIDTH="28" VPOS="367" HPOS="1343"/>
							<String ID="string_34" HPOS="1371" VPOS="354" WIDTH="100" HEIGHT="35" WC="0.96" CONTENT="skola"/><SP WIDTH="26" VPOS="354" HPOS="1471"/>
							<String ID="string_35" HPOS="1497" VPOS="351" WIDTH="115" HEIGHT="37" WC="0.93" CONTENT="blifva"/><SP WIDTH="28" VPOS="351" HPOS="1612"/>
							<String ID="string_36" HPOS="1640" VPOS="350" WIDTH="96" HEIGHT="36" WC="0.92" CONTENT="före-"/>
						</TextLine>
						<TextLine ID="line_4" HPOS="134" VPOS="401" WIDTH="1603" HEIGHT="58">
							<String ID="string_37" HPOS="134" VPOS="418" WIDTH="73" HEIGHT="35" WC="0.95" CONTENT="mål"/><SP WIDTH="41" VPOS="418" HPOS="207"/>
							<String ID="string_38" HPOS="248" VPOS="415" WIDTH="58" HEIGHT="36" WC="0.95" CONTENT="för"/><SP WIDTH="40" VPOS="415" HPOS="306"/>
							<String ID="string_39" HPOS="346" VPOS="416" WIDTH="78" HEIGHT="34" WC="0.95" CONTENT="min"/><SP WIDTH="41" VPOS="416" HPOS="424"/>
							<String ID="string_40" HPOS="465" VPOS="413" WIDTH="275" HEIGHT="46" WC="0.96" CONTENT="framställning"/><SP WIDTH="39" VPOS="413" HPOS="740"/>
							<String ID="string_41" HPOS="779" VPOS="412" WIDTH="13" HEIGHT="33" WC="0.96" CONTENT="i"/><SP WIDTH="40" VPOS="412" HPOS="792"/>
							<String ID="string_42" HPOS="832" VPOS="409" WIDTH="101" HEIGHT="36" WC="0.95" CONTENT="detta"/><SP WIDTH="36" VPOS="409" HPOS="933"/>
							<String ID="string_43" HPOS="969" VPOS="408" WIDTH="144" HEIGHT="36" WC="0.95" CONTENT="ärende."/><SP WIDTH="51" VPOS="408" HPOS="1113"/>
							<String ID="string_44" HPOS="1164" VPOS="407" WIDTH="81" HEIGHT="35" WC="0.96" CONTENT="Den"/><SP WIDTH="32" VPOS="407" HPOS="1245"/>
							<String ID="string_45" HPOS="1277" VPOS="405" WIDTH="114" HEIGHT="36" WC="0.96" CONTENT="första"/><SP WIDTH="27" VPOS="405" HPOS="1391"/>
							<String ID="string_46" HPOS="1418" VPOS="403" WIDTH="40" HEIGHT="37" WC="0.96" CONTENT="af"/><SP WIDTH="24" VPOS="403" HPOS="1458"/>
							<String ID="string_47" HPOS="1482" VPOS="403" WIDTH="104" HEIGHT="37" WC="0.95" CONTENT="dessa"/><SP WIDTH="27" VPOS="403" HPOS="1586"/>
							<String ID="string_48" HPOS="1613" VPOS="401" WIDTH="124" HEIGHT="49" WC="0.96" CONTENT="frågor"/>
						</TextLine>
						<TextLine ID="line_5" HPOS="134" VPOS="458" WIDTH="1231" HEIGHT="56">
							<String ID="string_49" HPOS="134" VPOS="467" WIDTH="107" HEIGHT="37" WC="0.96" CONTENT="torde"/><SP WIDTH="28" VPOS="467" HPOS="241"/>
							<String ID="string_50" HPOS="269" VPOS="466" WIDTH="204" HEIGHT="48" WC="0.96" CONTENT="lämpligen"/><SP WIDTH="26" VPOS="466" HPOS="473"/>
							<String ID="string_51" HPOS="499" VPOS="465" WIDTH="126" HEIGHT="34" WC="0.96" CONTENT="kunna"/><SP WIDTH="27" VPOS="465" HPOS="625"/>
							<String ID="string_52" HPOS="652" VPOS="461" WIDTH="178" HEIGHT="49" WC="0.96" CONTENT="uppdelas"/><SP WIDTH="27" VPOS="461" HPOS="830"/>
							<String ID="string_53" HPOS="857" VPOS="462" WIDTH="12" HEIGHT="32" WC="0.96" CONTENT="i"/><SP WIDTH="27" VPOS="462" HPOS="869"/>
							<String ID="string_54" HPOS="896" VPOS="464" WIDTH="56" HEIGHT="31" WC="0.96" CONTENT="tre"/><SP WIDTH="27" VPOS="464" HPOS="952"/>
							<String ID="string_55" HPOS="979" VPOS="460" WIDTH="171" HEIGHT="47" WC="0.95" CONTENT="punkter,"/><SP WIDTH="28" VPOS="460" HPOS="1150"/>
							<String ID="string_56" HPOS="1178" VPOS="458" WIDTH="187" HEIGHT="46" WC="0.96" CONTENT="nämligen"/>
						</TextLine>
					</TextBlock>
					<TextBlock ID="block_3" HPOS="136" VPOS="503" WIDTH="1602" HEIGHT="214">
						<TextLine ID="line_6" HPOS="173" VPOS="503" WIDTH="1564" HEIGHT="61">
							<String ID="string_57" HPOS="173" VPOS="519" WIDTH="27" HEIGHT="36" WC="0.91" CONTENT="I."/><SP WIDTH="55" VPOS="519" HPOS="200"/>
							<String ID="string_58" HPOS="255" VPOS="516" WIDTH="290" HEIGHT="48" WC="0.90" CONTENT="Lönereglering"/><SP WIDTH="28" VPOS="516" HPOS="545"/>
							<String ID="string_59" HPOS="573" VPOS="513" WIDTH="56" HEIGHT="37" WC="0.96" CONTENT="för"/><SP WIDTH="27" VPOS="513" HPOS="629"/>
							<String ID="string_60" HPOS="656" VPOS="512" WIDTH="286" HEIGHT="49" WC="0.96" CONTENT="professorerna,"/><SP WIDTH="30" VPOS="512" HPOS="942"/>
							<String ID="string_61" HPOS="972" VPOS="509" WIDTH="84" HEIGHT="36" WC="0.93" CONTENT="med"/><SP WIDTH="25" VPOS="509" HPOS="1056"/>
							<String ID="string_62" HPOS="1081" VPOS="506" WIDTH="267" HEIGHT="51" WC="0.92" CONTENT="inbegripande"/><SP WIDTH="27" VPOS="506" HPOS="1348"/>
							<String ID="string_63" HPOS="1375" VPOS="505" WIDTH="40" HEIGHT="37" WC="0.96" CONTENT="af"/><SP WIDTH="16" VPOS="505" HPOS="1415"/>
							<String ID="string_64" HPOS="1431" VPOS="510" WIDTH="105" HEIGHT="32" WC="0.96" CONTENT="extra"/><SP WIDTH="18" VPOS="510" HPOS="1536"/>
							<String ID="string_65" HPOS="1554" VPOS="503" WIDTH="183" HEIGHT="38" WC="0.96" CONTENT="ordinarie"/>
						</TextLine>
						<TextLine ID="line_7" HPOS="253" VPOS="562" WIDTH="824" HEIGHT="55">
							<String ID="string_66" HPOS="253" VPOS="567" WIDTH="248" HEIGHT="50" WC="0.90" CONTENT="professurers"/><SP WIDTH="28" VPOS="567" HPOS="501"/>
							<String ID="string_67" HPOS="529" VPOS="563" WIDTH="236" HEIGHT="49" WC="0.96" CONTENT="förvandling"/><SP WIDTH="26" VPOS="563" HPOS="765"/>
							<String ID="string_68" HPOS="791" VPOS="564" WIDTH="58" HEIGHT="34" WC="0.94" CONTENT="till"/><SP WIDTH="34" VPOS="564" HPOS="849"/>
							<String ID="string_69" HPOS="883" VPOS="562" WIDTH="194" HEIGHT="35" WC="0.96" CONTENT="ordinarie."/>
						</TextLine>
						<TextLine ID="line_8" HPOS="161" VPOS="611" WIDTH="1236" HEIGHT="55">
							<String ID="string_70" HPOS="161" VPOS="621" WIDTH="45" HEIGHT="35" WC="0.80" CONTENT="II."/><SP WIDTH="55" VPOS="621" HPOS="206"/>
							<String ID="string_71" HPOS="261" VPOS="618" WIDTH="288" HEIGHT="48" WC="0.80" CONTENT="Lönereglering"/><SP WIDTH="27" VPOS="618" HPOS="549"/>
							<String ID="string_72" HPOS="576" VPOS="615" WIDTH="57" HEIGHT="36" WC="0.96" CONTENT="för"/><SP WIDTH="27" VPOS="615" HPOS="633"/>
							<String ID="string_73" HPOS="660" VPOS="616" WIDTH="96" HEIGHT="35" WC="0.96" CONTENT="vissa"/><SP WIDTH="27" VPOS="616" HPOS="756"/>
							<String ID="string_74" HPOS="783" VPOS="613" WIDTH="113" HEIGHT="36" WC="0.96" CONTENT="andra"/><SP WIDTH="26" VPOS="613" HPOS="896"/>
							<String ID="string_75" HPOS="922" VPOS="614" WIDTH="117" HEIGHT="33" WC="0.96" CONTENT="lärare"/><SP WIDTH="28" VPOS="614" HPOS="1039"/>
							<String ID="string_76" HPOS="1067" VPOS="611" WIDTH="68" HEIGHT="36" WC="0.96" CONTENT="och"/><SP WIDTH="26" VPOS="611" HPOS="1135"/>
							<String ID="string_77" HPOS="1161" VPOS="611" WIDTH="236" HEIGHT="47" WC="0.96" CONTENT="tjänstemän."/>
						</TextLine>
						<TextLine ID="line_9" HPOS="136" VPOS="656" WIDTH="1602" HEIGHT="61">
							<String ID="string_78" HPOS="136" VPOS="671" WIDTH="64" HEIGHT="36" WC="0.49" CONTENT="III."/><SP WIDTH="60" VPOS="671" HPOS="200"/>
							<String ID="string_79" HPOS="260" VPOS="669" WIDTH="289" HEIGHT="48" WC="0.75" CONTENT="Lönereglering"/><SP WIDTH="27" VPOS="669" HPOS="549"/>
							<String ID="string_80" HPOS="576" VPOS="666" WIDTH="57" HEIGHT="36" WC="0.93" CONTENT="för"/><SP WIDTH="26" VPOS="666" HPOS="633"/>
							<String ID="string_81" HPOS="659" VPOS="665" WIDTH="252" HEIGHT="48" WC="0.91" CONTENT="vaktbetjänte"/><SP WIDTH="24" VPOS="665" HPOS="911"/>
							<String ID="string_82" HPOS="935" VPOS="662" WIDTH="84" HEIGHT="37" WC="0.96" CONTENT="med"/><SP WIDTH="18" VPOS="662" HPOS="1019"/>
							<String ID="string_83" HPOS="1037" VPOS="662" WIDTH="88" HEIGHT="36" WC="0.95" CONTENT="flera"/><SP WIDTH="18" VPOS="662" HPOS="1125"/>
							<String ID="string_84" HPOS="1143" VPOS="659" WIDTH="185" HEIGHT="37" WC="0.96" CONTENT="likställda"/><SP WIDTH="18" VPOS="659" HPOS="1328"/>
							<String ID="string_85" HPOS="1346" VPOS="656" WIDTH="392" HEIGHT="50" WC="0.90" CONTENT="befattningshafvare."/>
						</TextLine>
					</TextBlock>
					<TextBlock ID="block_4" HPOS="257" VPOS="711" WIDTH="1113" HEIGHT="53">
						<TextLine ID="line_10" HPOS="257" VPOS="711" WIDTH="1113" HEIGHT="53">
							<String ID="string_86" HPOS="257" VPOS="721" WIDTH="73" HEIGHT="35" WC="0.95" CONTENT="Till"/><SP WIDTH="29" VPOS="721" HPOS="330"/>
							<String ID="string_87" HPOS="359" VPOS="720" WIDTH="104" HEIGHT="36" WC="0.96" CONTENT="dessa"/><SP WIDTH="27" VPOS="720" HPOS="463"/>
							<String ID="string_88" HPOS="490" VPOS="724" WIDTH="56" HEIGHT="30" WC="0.93" CONTENT="tre"/><SP WIDTH="28" VPOS="724" HPOS="546"/>
							<String ID="string_89" HPOS="574" VPOS="717" WIDTH="232" HEIGHT="47" WC="0.92" CONTENT="afdelningar"/><SP WIDTH="29" VPOS="717" HPOS="806"/>
							<String ID="string_90" HPOS="835" VPOS="716" WIDTH="96" HEIGHT="34" WC="0.96" CONTENT="sluta"/><SP WIDTH="28" VPOS="716" HPOS="931"/>
							<String ID="string_91" HPOS="959" VPOS="715" WIDTH="56" HEIGHT="46" WC="0.95" CONTENT="sig"/><SP WIDTH="27" VPOS="715" HPOS="1015"/>
							<String ID="string_92" HPOS="1042" VPOS="712" WIDTH="162" HEIGHT="49" WC="0.95" CONTENT="följande"/><SP WIDTH="28" VPOS="712" HPOS="1204"/>
							<String ID="string_93" HPOS="1232" VPOS="711" WIDTH="138" HEIGHT="48" WC="0.96" CONTENT="frågor:"/>
						</TextLine>
					</TextBlock>
					<TextBlock ID="block_5" HPOS="138" VPOS="768" WIDTH="619" HEIGHT="49">
						<TextLine ID="line_11" HPOS="138" VPOS="768" WIDTH="619" HEIGHT="49">
							<String ID="string_94" HPOS="138" VPOS="773" WIDTH="64" HEIGHT="36" WC="0.95" CONTENT="IV."/><SP WIDTH="57" VPOS="773" HPOS="202"/>
							<String ID="string_95" HPOS="259" VPOS="770" WIDTH="72" HEIGHT="38" WC="0.92" CONTENT="Om"/><SP WIDTH="28" VPOS="770" HPOS="331"/>
							<String ID="string_96" HPOS="359" VPOS="768" WIDTH="398" HEIGHT="49" WC="0.90" CONTENT="docentstipendierna."/>
						</TextLine>
					</TextBlock>
					<TextBlock ID="block_6" HPOS="163" VPOS="809" WIDTH="1579" HEIGHT="100">
						<TextLine ID="line_12" HPOS="163" VPOS="809" WIDTH="1579" HEIGHT="54">
							<String ID="string_97" HPOS="163" VPOS="824" WIDTH="45" HEIGHT="35" WC="0.92" CONTENT="V."/><SP WIDTH="53" VPOS="824" HPOS="208"/>
							<String ID="string_98" HPOS="261" VPOS="822" WIDTH="71" HEIGHT="37" WC="0.92" CONTENT="Om"/><SP WIDTH="27" VPOS="822" HPOS="332"/>
							<String ID="string_99" HPOS="359" VPOS="818" WIDTH="351" HEIGHT="39" WC="0.84" CONTENT="vikariatsarfvoden"/><SP WIDTH="28" VPOS="818" HPOS="710"/>
							<String ID="string_100" HPOS="738" VPOS="818" WIDTH="67" HEIGHT="35" WC="0.96" CONTENT="och"/><SP WIDTH="29" VPOS="818" HPOS="805"/>
							<String ID="string_101" HPOS="834" VPOS="816" WIDTH="247" HEIGHT="47" WC="0.94" CONTENT="ersättningar"/><SP WIDTH="28" VPOS="816" HPOS="1081"/>
							<String ID="string_102" HPOS="1109" VPOS="817" WIDTH="36" HEIGHT="32" WC="0.96" CONTENT="åt"/><SP WIDTH="28" VPOS="817" HPOS="1145"/>
							<String ID="string_103" HPOS="1173" VPOS="814" WIDTH="96" HEIGHT="35" WC="0.93" CONTENT="vissa"/><SP WIDTH="16" VPOS="814" HPOS="1269"/>
							<String ID="string_104" HPOS="1285" VPOS="816" WIDTH="229" HEIGHT="44" WC="0.91" CONTENT="opponenter"/><SP WIDTH="19" VPOS="816" HPOS="1514"/>
							<String ID="string_105" HPOS="1533" VPOS="810" WIDTH="62" HEIGHT="37" WC="0.93" CONTENT="vid"/><SP WIDTH="19" VPOS="810" HPOS="1595"/>
							<String ID="string_106" HPOS="1614" VPOS="809" WIDTH="128" HEIGHT="49" WC="0.91" CONTENT="dispu-"/>
						</TextLine>
						<TextLine ID="line_13" HPOS="256" VPOS="874" WIDTH="172" HEIGHT="35">
							<String ID="string_107" HPOS="256" VPOS="874" WIDTH="172" HEIGHT="35" WC="0.91" CONTENT="tationer."/>
						</TextLine>
					</TextBlock>
					<TextBlock ID="block_7" HPOS="139" VPOS="913" WIDTH="1480" HEIGHT="59">
						<TextLine ID="line_14" HPOS="139" VPOS="913" WIDTH="1480" HEIGHT="59">
							<String ID="string_108" HPOS="139" VPOS="925" WIDTH="64" HEIGHT="36" WC="0.60" CONTENT="VIL"/><SP WIDTH="54" VPOS="925" HPOS="203"/>
							<String ID="string_109" HPOS="257" VPOS="923" WIDTH="202" HEIGHT="49" WC="0.78" CONTENT="Angående"/><SP WIDTH="29" VPOS="923" HPOS="459"/>
							<String ID="string_110" HPOS="488" VPOS="921" WIDTH="158" HEIGHT="47" WC="0.96" CONTENT="ändring"/><SP WIDTH="26" VPOS="921" HPOS="646"/>
							<String ID="string_111" HPOS="672" VPOS="921" WIDTH="12" HEIGHT="33" WC="0.96" CONTENT="i"/><SP WIDTH="28" VPOS="921" HPOS="684"/>
							<String ID="string_112" HPOS="712" VPOS="924" WIDTH="121" HEIGHT="31" WC="0.96" CONTENT="staten"/><SP WIDTH="28" VPOS="924" HPOS="833"/>
							<String ID="string_113" HPOS="861" VPOS="917" WIDTH="56" HEIGHT="35" WC="0.92" CONTENT="för"/><SP WIDTH="28" VPOS="917" HPOS="917"/>
							<String ID="string_114" HPOS="945" VPOS="913" WIDTH="674" HEIGHT="48" WC="0.90" CONTENT="universitetskanslersexpeditionen."/>
						</TextLine>
					</TextBlock>
				</ComposedBlock>
				<ComposedBlock ID="cblock_2" HPOS="922" VPOS="1065" WIDTH="40" HEIGHT="41">
					<TextBlock ID="block_8" HPOS="922" VPOS="1065" WIDTH="40" HEIGHT="41">
						<TextLine ID="line_15" HPOS="922" VPOS="1065" WIDTH="40" HEIGHT="41">
							<String ID="string_115" HPOS="922" VPOS="1065" WIDTH="40" HEIGHT="41" WC="0.86" CONTENT="I."/>
						</TextLine>
					</TextBlock>
				</ComposedBlock>
				<ComposedBlock ID="cblock_3" HPOS="168" VPOS="1165" WIDTH="1553" HEIGHT="118">
					<TextBlock ID="block_9" HPOS="168" VPOS="1165" WIDTH="1553" HEIGHT="118">
						<TextLine ID="line_16" HPOS="168" VPOS="1165" WIDTH="1553" HEIGHT="57">
							<String ID="string_116" HPOS="168" VPOS="1176" WIDTH="321" HEIGHT="46" WC="0.90" CONTENT="Lönereglering"/><SP WIDTH="25" VPOS="1176" HPOS="489"/>
							<String ID="string_117" HPOS="514" VPOS="1173" WIDTH="67" HEIGHT="37" WC="0.96" CONTENT="för"/><SP WIDTH="25" VPOS="1173" HPOS="581"/>
							<String ID="string_118" HPOS="606" VPOS="1173" WIDTH="253" HEIGHT="45" WC="0.93" CONTENT="professorer"/><SP WIDTH="26" VPOS="1173" HPOS="859"/>
							<String ID="string_119" HPOS="885" VPOS="1181" WIDTH="50" HEIGHT="25" WC="0.77" CONTENT="m."/><SP WIDTH="28" VPOS="1181" HPOS="935"/>
							<String ID="string_120" HPOS="963" VPOS="1170" WIDTH="40" HEIGHT="35" WC="0.43" CONTENT="f$."/><SP WIDTH="53" VPOS="1170" HPOS="1003"/>
							<String ID="string_121" HPOS="1056" VPOS="1169" WIDTH="130" HEIGHT="35" WC="0.66" CONTENT="Extra"/><SP WIDTH="28" VPOS="1169" HPOS="1186"/>
							<String ID="string_122" HPOS="1214" VPOS="1166" WIDTH="205" HEIGHT="37" WC="0.92" CONTENT="ordinarie"/><SP WIDTH="26" VPOS="1166" HPOS="1419"/>
							<String ID="string_123" HPOS="1445" VPOS="1165" WIDTH="276" HEIGHT="45" WC="0.90" CONTENT="professurers"/>
						</TextLine>
						<TextLine ID="line_17" HPOS="643" VPOS="1236" WIDTH="606" HEIGHT="47">
							<String ID="string_124" HPOS="643" VPOS="1239" WIDTH="261" HEIGHT="44" WC="0.95" CONTENT="förvandling"/><SP WIDTH="26" VPOS="1239" HPOS="904"/>
							<String ID="string_125" HPOS="930" VPOS="1238" WIDTH="73" HEIGHT="35" WC="0.96" CONTENT="till"/><SP WIDTH="28" VPOS="1238" HPOS="1003"/>
							<String ID="string_126" HPOS="1031" VPOS="1236" WIDTH="218" HEIGHT="36" WC="0.95" CONTENT="ordinarie."/>
						</TextLine>
					</TextBlock>
				</ComposedBlock>
				<ComposedBlock ID="cblock_4" HPOS="147" VPOS="1319" WIDTH="1621" HEIGHT="1016">
					<TextBlock ID="block_10" HPOS="147" VPOS="1319" WIDTH="1613" HEIGHT="565">
						<TextLine ID="line_18" HPOS="261" VPOS="1319" WIDTH="1489" HEIGHT="57">
							<String ID="string_127" HPOS="261" VPOS="1330" WIDTH="115" HEIGHT="36" WC="0.48" CONTENT="Redan"/><SP WIDTH="39" VPOS="1330" HPOS="376"/>
							<String ID="string_128" HPOS="415" VPOS="1329" WIDTH="113" HEIGHT="46" WC="0.95" CONTENT="tidigt"/><SP WIDTH="36" VPOS="1329" HPOS="528"/>
							<String ID="string_129" HPOS="564" VPOS="1339" WIDTH="108" HEIGHT="37" WC="0.96" CONTENT="synas"/><SP WIDTH="31" VPOS="1339" HPOS="672"/>
							<String ID="string_130" HPOS="703" VPOS="1325" WIDTH="63" HEIGHT="37" WC="0.96" CONTENT="vid"/><SP WIDTH="32" VPOS="1325" HPOS="766"/>
							<String ID="string_131" HPOS="798" VPOS="1325" WIDTH="99" HEIGHT="35" WC="0.66" CONTENT="såväl"/><SP WIDTH="28" VPOS="1325" HPOS="897"/>
							<String ID="string_132" HPOS="925" VPOS="1323" WIDTH="268" HEIGHT="35" WC="0.96" CONTENT="universiteten"/><SP WIDTH="27" VPOS="1323" HPOS="1193"/>
							<String ID="string_133" HPOS="1220" VPOS="1334" WIDTH="78" HEIGHT="22" WC="0.96" CONTENT="som"/><SP WIDTH="27" VPOS="1334" HPOS="1298"/>
							<String ID="string_134" HPOS="1325" VPOS="1319" WIDTH="209" HEIGHT="36" WC="0.95" CONTENT="karolinska"/><SP WIDTH="26" VPOS="1319" HPOS="1534"/>
							<String ID="string_135" HPOS="1560" VPOS="1319" WIDTH="190" HEIGHT="34" WC="0.96" CONTENT="institutet"/>
						</TextLine>
						<TextLine ID="line_19" HPOS="148" VPOS="1368" WIDTH="1603" HEIGHT="61">
							<String ID="string_136" HPOS="148" VPOS="1381" WIDTH="108" HEIGHT="37" WC="0.95" CONTENT="hafva"/><SP WIDTH="24" VPOS="1381" HPOS="256"/>
							<String ID="string_137" HPOS="280" VPOS="1382" WIDTH="115" HEIGHT="47" WC="0.96" CONTENT="jämte"/><SP WIDTH="27" VPOS="1382" HPOS="395"/>
							<String ID="string_138" HPOS="422" VPOS="1378" WIDTH="229" HEIGHT="50" WC="0.96" CONTENT="professorer"/><SP WIDTH="26" VPOS="1378" HPOS="651"/>
							<String ID="string_139" HPOS="677" VPOS="1376" WIDTH="145" HEIGHT="36" WC="0.96" CONTENT="funnits"/><SP WIDTH="32" VPOS="1376" HPOS="822"/>
							<String ID="string_140" HPOS="854" VPOS="1376" WIDTH="118" HEIGHT="35" WC="0.96" CONTENT="lärare"/><SP WIDTH="31" VPOS="1376" HPOS="972"/>
							<String ID="string_141" HPOS="1003" VPOS="1373" WIDTH="142" HEIGHT="35" WC="0.93" CONTENT="kallade"/><SP WIDTH="29" VPOS="1373" HPOS="1145"/>
							<String ID="string_142" HPOS="1174" VPOS="1372" WIDTH="209" HEIGHT="47" WC="0.92" CONTENT="adjunkter."/><SP WIDTH="52" VPOS="1372" HPOS="1383"/>
							<String ID="string_143" HPOS="1435" VPOS="1370" WIDTH="64" HEIGHT="35" WC="0.92" CONTENT="Ett"/><SP WIDTH="27" VPOS="1370" HPOS="1499"/>
							<String ID="string_144" HPOS="1526" VPOS="1369" WIDTH="119" HEIGHT="47" WC="0.96" CONTENT="tredje"/><SP WIDTH="28" VPOS="1369" HPOS="1645"/>
							<String ID="string_145" HPOS="1673" VPOS="1368" WIDTH="78" HEIGHT="46" WC="0.95" CONTENT="slag"/>
						</TextLine>
						<TextLine ID="line_20" HPOS="147" VPOS="1419" WIDTH="1604" HEIGHT="56">
							<String ID="string_146" HPOS="147" VPOS="1433" WIDTH="41" HEIGHT="35" WC="0.96" CONTENT="af"/><SP WIDTH="31" VPOS="1433" HPOS="188"/>
							<String ID="string_147" HPOS="219" VPOS="1435" WIDTH="129" HEIGHT="40" WC="0.95" CONTENT="lärare,"/><SP WIDTH="43" VPOS="1435" HPOS="348"/>
							<String ID="string_148" HPOS="391" VPOS="1431" WIDTH="184" HEIGHT="41" WC="0.96" CONTENT="docenter,"/><SP WIDTH="41" VPOS="1431" HPOS="575"/>
							<String ID="string_149" HPOS="616" VPOS="1427" WIDTH="108" HEIGHT="37" WC="0.96" CONTENT="fanns"/><SP WIDTH="42" VPOS="1427" HPOS="724"/>
							<String ID="string_150" HPOS="766" VPOS="1426" WIDTH="38" HEIGHT="36" WC="0.96" CONTENT="af"/><SP WIDTH="37" VPOS="1426" HPOS="804"/>
							<String ID="string_151" HPOS="841" VPOS="1425" WIDTH="176" HEIGHT="49" WC="0.93" CONTENT="gammalt"/><SP WIDTH="27" VPOS="1425" HPOS="1017"/>
							<String ID="string_152" HPOS="1044" VPOS="1424" WIDTH="63" HEIGHT="35" WC="0.96" CONTENT="vid"/><SP WIDTH="28" VPOS="1424" HPOS="1107"/>
							<String ID="string_153" HPOS="1135" VPOS="1423" WIDTH="267" HEIGHT="47" WC="0.96" CONTENT="universiteten"/><SP WIDTH="39" VPOS="1423" HPOS="1402"/>
							<String ID="string_154" HPOS="1441" VPOS="1433" WIDTH="85" HEIGHT="23" WC="0.96" CONTENT="men"/><SP WIDTH="27" VPOS="1433" HPOS="1526"/>
							<String ID="string_155" HPOS="1553" VPOS="1420" WIDTH="154" HEIGHT="35" WC="0.96" CONTENT="omtalas"/><SP WIDTH="31" VPOS="1420" HPOS="1707"/>
							<String ID="string_156" HPOS="1738" VPOS="1419" WIDTH="13" HEIGHT="34" WC="0.96" CONTENT="i"/>
						</TextLine>
						<TextLine ID="line_21" HPOS="149" VPOS="1470" WIDTH="1603" HEIGHT="56">
							<String ID="string_157" HPOS="149" VPOS="1483" WIDTH="212" HEIGHT="36" WC="0.96" CONTENT="karolinska"/><SP WIDTH="26" VPOS="1483" HPOS="361"/>
							<String ID="string_158" HPOS="387" VPOS="1482" WIDTH="209" HEIGHT="34" WC="0.96" CONTENT="institutets"/><SP WIDTH="28" VPOS="1482" HPOS="596"/>
							<String ID="string_159" HPOS="624" VPOS="1479" WIDTH="149" HEIGHT="47" WC="0.96" CONTENT="stadgar"/><SP WIDTH="36" VPOS="1479" HPOS="773"/>
							<String ID="string_160" HPOS="809" VPOS="1476" WIDTH="92" HEIGHT="36" WC="0.96" CONTENT="först"/><SP WIDTH="32" VPOS="1476" HPOS="901"/>
							<String ID="string_161" HPOS="933" VPOS="1479" WIDTH="39" HEIGHT="31" WC="0.96" CONTENT="år"/><SP WIDTH="30" VPOS="1479" HPOS="972"/>
							<String ID="string_162" HPOS="1002" VPOS="1476" WIDTH="106" HEIGHT="34" WC="0.93" CONTENT="1861."/><SP WIDTH="53" VPOS="1476" HPOS="1108"/>
							<String ID="string_163" HPOS="1161" VPOS="1472" WIDTH="127" HEIGHT="37" WC="0.80" CONTENT="Afven"/><SP WIDTH="28" VPOS="1472" HPOS="1288"/>
							<String ID="string_164" HPOS="1316" VPOS="1485" WIDTH="27" HEIGHT="22" WC="0.90" CONTENT="s."/><SP WIDTH="29" VPOS="1485" HPOS="1343"/>
							<String ID="string_165" HPOS="1372" VPOS="1473" WIDTH="34" HEIGHT="34" WC="0.92" CONTENT="k."/><SP WIDTH="29" VPOS="1473" HPOS="1406"/>
							<String ID="string_166" HPOS="1435" VPOS="1476" WIDTH="107" HEIGHT="30" WC="0.96" CONTENT="extra"/><SP WIDTH="26" VPOS="1476" HPOS="1542"/>
							<String ID="string_167" HPOS="1568" VPOS="1470" WIDTH="184" HEIGHT="36" WC="0.96" CONTENT="ordinarie"/>
						</TextLine>
						<TextLine ID="line_22" HPOS="150" VPOS="1517" WIDTH="1604" HEIGHT="65">
							<String ID="string_168" HPOS="150" VPOS="1534" WIDTH="229" HEIGHT="48" WC="0.96" CONTENT="professorer"/><SP WIDTH="26" VPOS="1534" HPOS="379"/>
							<String ID="string_169" HPOS="405" VPOS="1531" WIDTH="137" HEIGHT="36" WC="0.91" CONTENT="funnos"/><SP WIDTH="26" VPOS="1531" HPOS="542"/>
							<String ID="string_170" HPOS="568" VPOS="1550" WIDTH="49" HEIGHT="4" WC="0.91" CONTENT="—"/><SP WIDTH="28" VPOS="1550" HPOS="617"/>
							<String ID="string_171" HPOS="645" VPOS="1529" WIDTH="212" HEIGHT="48" WC="0.95" CONTENT="egentligen"/><SP WIDTH="27" VPOS="1529" HPOS="857"/>
							<String ID="string_172" HPOS="884" VPOS="1526" WIDTH="84" HEIGHT="36" WC="0.96" CONTENT="med"/><SP WIDTH="27" VPOS="1526" HPOS="968"/>
							<String ID="string_173" HPOS="995" VPOS="1526" WIDTH="119" HEIGHT="35" WC="0.96" CONTENT="denna"/><SP WIDTH="26" VPOS="1526" HPOS="1114"/>
							<String ID="string_174" HPOS="1140" VPOS="1524" WIDTH="225" HEIGHT="47" WC="0.96" CONTENT="benämning"/><SP WIDTH="27" VPOS="1524" HPOS="1365"/>
							<String ID="string_175" HPOS="1392" VPOS="1526" WIDTH="119" HEIGHT="32" WC="0.96" CONTENT="såsom"/><SP WIDTH="19" VPOS="1526" HPOS="1511"/>
							<String ID="string_176" HPOS="1530" VPOS="1517" WIDTH="224" HEIGHT="57" WC="0.95" CONTENT="hederstitel."/>
						</TextLine>
						<TextLine ID="line_23" HPOS="151" VPOS="1571" WIDTH="1605" HEIGHT="49">
							<String ID="string_177" HPOS="151" VPOS="1585" WIDTH="76" HEIGHT="35" WC="0.96" CONTENT="Vid"/><SP WIDTH="27" VPOS="1585" HPOS="227"/>
							<String ID="string_178" HPOS="254" VPOS="1584" WIDTH="268" HEIGHT="35" WC="0.95" CONTENT="universiteten"/><SP WIDTH="27" VPOS="1584" HPOS="522"/>
							<String ID="string_179" HPOS="549" VPOS="1588" WIDTH="215" HEIGHT="28" WC="0.95" CONTENT="omnämnas"/><SP WIDTH="38" VPOS="1588" HPOS="764"/>
							<String ID="string_180" HPOS="802" VPOS="1579" WIDTH="43" HEIGHT="35" WC="0.93" CONTENT="de"/><SP WIDTH="32" VPOS="1579" HPOS="845"/>
							<String ID="string_181" HPOS="877" VPOS="1578" WIDTH="162" HEIGHT="35" WC="0.91" CONTENT="hvarken"/><SP WIDTH="26" VPOS="1578" HPOS="1039"/>
							<String ID="string_182" HPOS="1065" VPOS="1577" WIDTH="13" HEIGHT="35" WC="0.96" CONTENT="i"/><SP WIDTH="28" VPOS="1577" HPOS="1078"/>
							<String ID="string_183" HPOS="1106" VPOS="1581" WIDTH="73" HEIGHT="30" WC="0.96" CONTENT="stat"/><SP WIDTH="29" VPOS="1581" HPOS="1179"/>
							<String ID="string_184" HPOS="1208" VPOS="1575" WIDTH="88" HEIGHT="35" WC="0.96" CONTENT="eller"/><SP WIDTH="28" VPOS="1575" HPOS="1296"/>
							<String ID="string_185" HPOS="1324" VPOS="1579" WIDTH="158" HEIGHT="30" WC="0.96" CONTENT="statuter"/><SP WIDTH="26" VPOS="1579" HPOS="1482"/>
							<String ID="string_186" HPOS="1508" VPOS="1572" WIDTH="127" HEIGHT="36" WC="0.96" CONTENT="förrän"/><SP WIDTH="27" VPOS="1572" HPOS="1635"/>
							<String ID="string_187" HPOS="1662" VPOS="1571" WIDTH="94" HEIGHT="37" WC="0.96" CONTENT="efter"/>
						</TextLine>
						<TextLine ID="line_24" HPOS="153" VPOS="1623" WIDTH="1604" HEIGHT="59">
							<String ID="string_188" HPOS="153" VPOS="1634" WIDTH="296" HEIGHT="48" WC="0.91" CONTENT="omregleringen"/><SP WIDTH="18" VPOS="1634" HPOS="449"/>
							<String ID="string_189" HPOS="467" VPOS="1635" WIDTH="47" HEIGHT="45" WC="0.96" CONTENT="på"/><SP WIDTH="20" VPOS="1635" HPOS="514"/>
							<String ID="string_190" HPOS="534" VPOS="1631" WIDTH="218" HEIGHT="36" WC="0.96" CONTENT="1870-talet."/><SP WIDTH="29" VPOS="1631" HPOS="752"/>
							<String ID="string_191" HPOS="781" VPOS="1628" WIDTH="126" HEIGHT="36" WC="0.96" CONTENT="Redan"/><SP WIDTH="20" VPOS="1628" HPOS="907"/>
							<String ID="string_192" HPOS="927" VPOS="1627" WIDTH="99" HEIGHT="36" WC="0.93" CONTENT="förut"/><SP WIDTH="19" VPOS="1627" HPOS="1026"/>
							<String ID="string_193" HPOS="1045" VPOS="1626" WIDTH="227" HEIGHT="35" WC="0.91" CONTENT="förekommo"/><SP WIDTH="16" VPOS="1626" HPOS="1272"/>
							<String ID="string_194" HPOS="1288" VPOS="1624" WIDTH="43" HEIGHT="35" WC="0.93" CONTENT="de"/><SP WIDTH="20" VPOS="1624" HPOS="1331"/>
							<String ID="string_195" HPOS="1351" VPOS="1628" WIDTH="20" HEIGHT="31" WC="0.90" CONTENT="å"/><SP WIDTH="15" VPOS="1628" HPOS="1371"/>
							<String ID="string_196" HPOS="1386" VPOS="1629" WIDTH="72" HEIGHT="30" WC="0.96" CONTENT="stat"/><SP WIDTH="16" VPOS="1629" HPOS="1458"/>
							<String ID="string_197" HPOS="1474" VPOS="1623" WIDTH="62" HEIGHT="35" WC="0.96" CONTENT="vid"/><SP WIDTH="14" VPOS="1623" HPOS="1536"/>
							<String ID="string_198" HPOS="1550" VPOS="1623" WIDTH="207" HEIGHT="34" WC="0.95" CONTENT="karolinska"/>
						</TextLine>
						<TextLine ID="line_25" HPOS="152" VPOS="1672" WIDTH="1605" HEIGHT="53">
							<String ID="string_199" HPOS="152" VPOS="1687" WIDTH="201" HEIGHT="35" WC="0.95" CONTENT="institutet."/><SP WIDTH="54" VPOS="1687" HPOS="353"/>
							<String ID="string_200" HPOS="407" VPOS="1684" WIDTH="166" HEIGHT="35" WC="0.95" CONTENT="Allmänt"/><SP WIDTH="28" VPOS="1684" HPOS="573"/>
							<String ID="string_201" HPOS="601" VPOS="1682" WIDTH="67" HEIGHT="35" WC="0.96" CONTENT="och"/><SP WIDTH="19" VPOS="1682" HPOS="668"/>
							<String ID="string_202" HPOS="687" VPOS="1682" WIDTH="13" HEIGHT="34" WC="0.95" CONTENT="i"/><SP WIDTH="19" VPOS="1682" HPOS="700"/>
							<String ID="string_203" HPOS="719" VPOS="1685" WIDTH="76" HEIGHT="31" WC="0.96" CONTENT="stor"/><SP WIDTH="19" VPOS="1685" HPOS="795"/>
							<String ID="string_204" HPOS="814" VPOS="1679" WIDTH="258" HEIGHT="46" WC="0.96" CONTENT="utsträckning"/><SP WIDTH="18" VPOS="1679" HPOS="1072"/>
							<String ID="string_205" HPOS="1090" VPOS="1676" WIDTH="202" HEIGHT="36" WC="0.96" CONTENT="inrättades"/><SP WIDTH="20" VPOS="1676" HPOS="1292"/>
							<String ID="string_206" HPOS="1312" VPOS="1676" WIDTH="119" HEIGHT="35" WC="0.96" CONTENT="denna"/><SP WIDTH="23" VPOS="1676" HPOS="1431"/>
							<String ID="string_207" HPOS="1454" VPOS="1675" WIDTH="96" HEIGHT="35" WC="0.95" CONTENT="klass"/><SP WIDTH="28" VPOS="1675" HPOS="1550"/>
							<String ID="string_208" HPOS="1578" VPOS="1672" WIDTH="39" HEIGHT="36" WC="0.93" CONTENT="af"/><SP WIDTH="24" VPOS="1672" HPOS="1617"/>
							<String ID="string_209" HPOS="1641" VPOS="1674" WIDTH="116" HEIGHT="34" WC="0.91" CONTENT="lärar-"/>
						</TextLine>
						<TextLine ID="line_26" HPOS="153" VPOS="1724" WIDTH="1606" HEIGHT="58">
							<String ID="string_210" HPOS="153" VPOS="1737" WIDTH="268" HEIGHT="45" WC="0.96" CONTENT="beställningar"/><SP WIDTH="27" VPOS="1737" HPOS="421"/>
							<String ID="string_211" HPOS="448" VPOS="1747" WIDTH="133" HEIGHT="35" WC="0.96" CONTENT="genom"/><SP WIDTH="28" VPOS="1747" HPOS="581"/>
							<String ID="string_212" HPOS="609" VPOS="1732" WIDTH="135" HEIGHT="47" WC="0.94" CONTENT="Kungl."/><SP WIDTH="37" VPOS="1732" HPOS="744"/>
							<String ID="string_213" HPOS="781" VPOS="1731" WIDTH="122" HEIGHT="46" WC="0.96" CONTENT="Maj:ts"/><SP WIDTH="37" VPOS="1731" HPOS="903"/>
							<String ID="string_214" HPOS="940" VPOS="1729" WIDTH="67" HEIGHT="36" WC="0.96" CONTENT="och"/><SP WIDTH="32" VPOS="1729" HPOS="1007"/>
							<String ID="string_215" HPOS="1039" VPOS="1728" WIDTH="228" HEIGHT="47" WC="0.95" CONTENT="Riksdagens"/><SP WIDTH="33" VPOS="1728" HPOS="1267"/>
							<String ID="string_216" HPOS="1300" VPOS="1727" WIDTH="123" HEIGHT="36" WC="0.96" CONTENT="beslut"/><SP WIDTH="28" VPOS="1727" HPOS="1423"/>
							<String ID="string_217" HPOS="1451" VPOS="1728" WIDTH="86" HEIGHT="33" WC="0.96" CONTENT="åren"/><SP WIDTH="30" VPOS="1728" HPOS="1537"/>
							<String ID="string_218" HPOS="1567" VPOS="1726" WIDTH="94" HEIGHT="34" WC="0.96" CONTENT="1877"/><SP WIDTH="30" VPOS="1726" HPOS="1661"/>
							<String ID="string_219" HPOS="1691" VPOS="1724" WIDTH="68" HEIGHT="35" WC="0.96" CONTENT="och"/>
						</TextLine>
						<TextLine ID="line_27" HPOS="156" VPOS="1776" WIDTH="1604" HEIGHT="53">
							<String ID="string_220" HPOS="156" VPOS="1788" WIDTH="96" HEIGHT="35" WC="0.96" CONTENT="1878"/><SP WIDTH="30" VPOS="1788" HPOS="252"/>
							<String ID="string_221" HPOS="282" VPOS="1799" WIDTH="59" HEIGHT="23" WC="0.96" CONTENT="om"/><SP WIDTH="29" VPOS="1799" HPOS="341"/>
							<String ID="string_222" HPOS="370" VPOS="1785" WIDTH="44" HEIGHT="36" WC="0.95" CONTENT="de"/><SP WIDTH="40" VPOS="1785" HPOS="414"/>
							<String ID="string_223" HPOS="454" VPOS="1783" WIDTH="266" HEIGHT="37" WC="0.91" CONTENT="förutvarande"/><SP WIDTH="41" VPOS="1783" HPOS="720"/>
							<String ID="string_224" HPOS="761" VPOS="1779" WIDTH="495" HEIGHT="50" WC="0.91" CONTENT="adjunktsbefattningarnas"/><SP WIDTH="40" VPOS="1779" HPOS="1256"/>
							<String ID="string_225" HPOS="1296" VPOS="1777" WIDTH="233" HEIGHT="46" WC="0.96" CONTENT="ombildning"/><SP WIDTH="30" VPOS="1777" HPOS="1529"/>
							<String ID="string_226" HPOS="1559" VPOS="1776" WIDTH="59" HEIGHT="35" WC="0.96" CONTENT="till"/><SP WIDTH="36" VPOS="1776" HPOS="1618"/>
							<String ID="string_227" HPOS="1654" VPOS="1780" WIDTH="106" HEIGHT="30" WC="0.96" CONTENT="extra"/>
						</TextLine>
						<TextLine ID="line_28" HPOS="155" VPOS="1834" WIDTH="453" HEIGHT="50">
							<String ID="string_228" HPOS="155" VPOS="1838" WIDTH="186" HEIGHT="36" WC="0.96" CONTENT="ordinarie"/><SP WIDTH="26" VPOS="1838" HPOS="341"/>
							<String ID="string_229" HPOS="367" VPOS="1834" WIDTH="241" HEIGHT="50" WC="0.96" CONTENT="professurer."/>
						</TextLine>
					</TextBlock>
					<TextBlock ID="block_11" HPOS="156" VPOS="1876" WIDTH="1612" HEIGHT="417">
						<TextLine ID="line_29" HPOS="256" VPOS="1876" WIDTH="1505" HEIGHT="59">
							<String ID="string_230" HPOS="256" VPOS="1888" WIDTH="85" HEIGHT="36" WC="0.96" CONTENT="Med"/><SP WIDTH="27" VPOS="1888" HPOS="341"/>
							<String ID="string_231" HPOS="368" VPOS="1888" WIDTH="144" HEIGHT="47" WC="0.96" CONTENT="hänsyn"/><SP WIDTH="39" VPOS="1888" HPOS="512"/>
							<String ID="string_232" HPOS="551" VPOS="1887" WIDTH="59" HEIGHT="35" WC="0.95" CONTENT="till"/><SP WIDTH="40" VPOS="1887" HPOS="610"/>
							<String ID="string_233" HPOS="650" VPOS="1884" WIDTH="191" HEIGHT="36" WC="0.96" CONTENT="föremålet"/><SP WIDTH="39" VPOS="1884" HPOS="841"/>
							<String ID="string_234" HPOS="880" VPOS="1882" WIDTH="57" HEIGHT="36" WC="0.96" CONTENT="för"/><SP WIDTH="36" VPOS="1882" HPOS="937"/>
							<String ID="string_235" HPOS="973" VPOS="1883" WIDTH="77" HEIGHT="34" WC="0.96" CONTENT="min"/><SP WIDTH="32" VPOS="1883" HPOS="1050"/>
							<String ID="string_236" HPOS="1082" VPOS="1879" WIDTH="274" HEIGHT="48" WC="0.93" CONTENT="framställning"/><SP WIDTH="28" VPOS="1879" HPOS="1356"/>
							<String ID="string_237" HPOS="1384" VPOS="1879" WIDTH="118" HEIGHT="35" WC="0.93" CONTENT="under"/><SP WIDTH="27" VPOS="1879" HPOS="1502"/>
							<String ID="string_238" HPOS="1529" VPOS="1876" WIDTH="190" HEIGHT="48" WC="0.91" CONTENT="afdelning"/><SP WIDTH="26" VPOS="1876" HPOS="1719"/>
							<String ID="string_239" HPOS="1745" VPOS="1876" WIDTH="16" HEIGHT="36" WC="0.96" CONTENT="I"/>
						</TextLine>
						<TextLine ID="line_30" HPOS="156" VPOS="1927" WIDTH="1604" HEIGHT="60">
							<String ID="string_240" HPOS="156" VPOS="1940" WIDTH="108" HEIGHT="36" WC="0.96" CONTENT="torde"/><SP WIDTH="24" VPOS="1940" HPOS="264"/>
							<String ID="string_241" HPOS="288" VPOS="1940" WIDTH="77" HEIGHT="47" WC="0.96" CONTENT="jag,"/><SP WIDTH="28" VPOS="1940" HPOS="365"/>
							<String ID="string_242" HPOS="393" VPOS="1939" WIDTH="113" HEIGHT="34" WC="0.96" CONTENT="innan"/><SP WIDTH="24" VPOS="1939" HPOS="506"/>
							<String ID="string_243" HPOS="530" VPOS="1937" WIDTH="65" HEIGHT="47" WC="0.96" CONTENT="jag"/><SP WIDTH="36" VPOS="1937" HPOS="595"/>
							<String ID="string_244" HPOS="631" VPOS="1939" WIDTH="65" HEIGHT="45" WC="0.96" CONTENT="går"/><SP WIDTH="31" VPOS="1939" HPOS="696"/>
							<String ID="string_245" HPOS="727" VPOS="1935" WIDTH="136" HEIGHT="39" WC="0.96" CONTENT="vidare,"/><SP WIDTH="33" VPOS="1935" HPOS="863"/>
							<String ID="string_246" HPOS="896" VPOS="1947" WIDTH="50" HEIGHT="21" WC="0.95" CONTENT="nu"/><SP WIDTH="35" VPOS="1947" HPOS="946"/>
							<String ID="string_247" HPOS="981" VPOS="1932" WIDTH="89" HEIGHT="36" WC="0.96" CONTENT="böra"/><SP WIDTH="31" VPOS="1932" HPOS="1070"/>
							<String ID="string_248" HPOS="1101" VPOS="1932" WIDTH="122" HEIGHT="34" WC="0.96" CONTENT="lämna"/><SP WIDTH="28" VPOS="1932" HPOS="1223"/>
							<String ID="string_249" HPOS="1251" VPOS="1944" WIDTH="44" HEIGHT="21" WC="0.95" CONTENT="en"/><SP WIDTH="27" VPOS="1944" HPOS="1295"/>
							<String ID="string_250" HPOS="1322" VPOS="1930" WIDTH="83" HEIGHT="35" WC="0.96" CONTENT="kort"/><SP WIDTH="27" VPOS="1930" HPOS="1405"/>
							<String ID="string_251" HPOS="1432" VPOS="1928" WIDTH="233" HEIGHT="48" WC="0.96" CONTENT="redogörelse"/><SP WIDTH="27" VPOS="1928" HPOS="1665"/>
							<String ID="string_252" HPOS="1692" VPOS="1927" WIDTH="68" HEIGHT="39" WC="0.96" CONTENT="för,"/>
						</TextLine>
						<TextLine ID="line_31" HPOS="159" VPOS="1979" WIDTH="1603" HEIGHT="49">
							<String ID="string_253" HPOS="159" VPOS="1992" WIDTH="96" HEIGHT="35" WC="0.92" CONTENT="huru"/><SP WIDTH="36" VPOS="1992" HPOS="255"/>
							<String ID="string_254" HPOS="291" VPOS="1987" WIDTH="365" HEIGHT="39" WC="0.90" CONTENT="löneförhållandena"/><SP WIDTH="35" VPOS="1987" HPOS="656"/>
							<String ID="string_255" HPOS="691" VPOS="1985" WIDTH="58" HEIGHT="36" WC="0.96" CONTENT="för"/><SP WIDTH="37" VPOS="1985" HPOS="749"/>
							<String ID="string_256" HPOS="786" VPOS="1984" WIDTH="183" HEIGHT="36" WC="0.95" CONTENT="ordinarie"/><SP WIDTH="33" VPOS="1984" HPOS="969"/>
							<String ID="string_257" HPOS="1002" VPOS="1983" WIDTH="68" HEIGHT="35" WC="0.96" CONTENT="och"/><SP WIDTH="32" VPOS="1983" HPOS="1070"/>
							<String ID="string_258" HPOS="1102" VPOS="1987" WIDTH="106" HEIGHT="31" WC="0.96" CONTENT="extra"/><SP WIDTH="28" VPOS="1987" HPOS="1208"/>
							<String ID="string_259" HPOS="1236" VPOS="1981" WIDTH="184" HEIGHT="35" WC="0.96" CONTENT="ordinarie"/><SP WIDTH="28" VPOS="1981" HPOS="1420"/>
							<String ID="string_260" HPOS="1448" VPOS="1979" WIDTH="276" HEIGHT="49" WC="0.96" CONTENT="professorerna"/><SP WIDTH="27" VPOS="1979" HPOS="1724"/>
							<String ID="string_261" HPOS="1751" VPOS="1979" WIDTH="11" HEIGHT="34" WC="0.96" CONTENT="i"/>
						</TextLine>
						<TextLine ID="line_32" HPOS="159" VPOS="2029" WIDTH="1605" HEIGHT="56">
							<String ID="string_262" HPOS="159" VPOS="2041" WIDTH="203" HEIGHT="37" WC="0.95" CONTENT="allmänhet"/><SP WIDTH="33" VPOS="2041" HPOS="362"/>
							<String ID="string_263" HPOS="395" VPOS="2040" WIDTH="188" HEIGHT="35" WC="0.96" CONTENT="utvecklat"/><SP WIDTH="33" VPOS="2040" HPOS="583"/>
							<String ID="string_264" HPOS="616" VPOS="2039" WIDTH="56" HEIGHT="46" WC="0.96" CONTENT="sig"/><SP WIDTH="33" VPOS="2039" HPOS="672"/>
							<String ID="string_265" HPOS="705" VPOS="2037" WIDTH="111" HEIGHT="35" WC="0.96" CONTENT="sedan"/><SP WIDTH="32" VPOS="2037" HPOS="816"/>
							<String ID="string_266" HPOS="848" VPOS="2036" WIDTH="215" HEIGHT="41" WC="0.94" CONTENT="1870-talet,"/><SP WIDTH="30" VPOS="2036" HPOS="1063"/>
							<String ID="string_267" HPOS="1093" VPOS="2034" WIDTH="46" HEIGHT="34" WC="0.96" CONTENT="då"/><SP WIDTH="26" VPOS="2034" HPOS="1139"/>
							<String ID="string_268" HPOS="1165" VPOS="2033" WIDTH="141" HEIGHT="47" WC="0.96" CONTENT="viktiga"/><SP WIDTH="28" VPOS="2033" HPOS="1306"/>
							<String ID="string_269" HPOS="1334" VPOS="2031" WIDTH="260" HEIGHT="47" WC="0.96" CONTENT="förändringar"/><SP WIDTH="27" VPOS="2031" HPOS="1594"/>
							<String ID="string_270" HPOS="1621" VPOS="2030" WIDTH="12" HEIGHT="34" WC="0.95" CONTENT="i"/><SP WIDTH="27" VPOS="2030" HPOS="1633"/>
							<String ID="string_271" HPOS="1660" VPOS="2029" WIDTH="104" HEIGHT="47" WC="0.96" CONTENT="fråga"/>
						</TextLine>
						<TextLine ID="line_33" HPOS="161" VPOS="2079" WIDTH="1603" HEIGHT="59">
							<String ID="string_272" HPOS="161" VPOS="2106" WIDTH="60" HEIGHT="22" WC="0.96" CONTENT="om"/><SP WIDTH="28" VPOS="2106" HPOS="221"/>
							<String ID="string_273" HPOS="249" VPOS="2092" WIDTH="186" HEIGHT="35" WC="0.92" CONTENT="ordinarie"/><SP WIDTH="27" VPOS="2092" HPOS="435"/>
							<String ID="string_274" HPOS="462" VPOS="2089" WIDTH="294" HEIGHT="49" WC="0.91" CONTENT="professorernas"/><SP WIDTH="28" VPOS="2089" HPOS="756"/>
							<String ID="string_275" HPOS="784" VPOS="2088" WIDTH="102" HEIGHT="34" WC="0.91" CONTENT="löner"/><SP WIDTH="28" VPOS="2088" HPOS="886"/>
							<String ID="string_276" HPOS="914" VPOS="2086" WIDTH="170" HEIGHT="46" WC="0.91" CONTENT="vidtogos"/><SP WIDTH="20" VPOS="2086" HPOS="1084"/>
							<String ID="string_277" HPOS="1104" VPOS="2084" WIDTH="67" HEIGHT="35" WC="0.96" CONTENT="och"/><SP WIDTH="25" VPOS="2084" HPOS="1171"/>
							<String ID="string_278" HPOS="1196" VPOS="2088" WIDTH="106" HEIGHT="30" WC="0.96" CONTENT="extra"/><SP WIDTH="27" VPOS="2088" HPOS="1302"/>
							<String ID="string_279" HPOS="1329" VPOS="2081" WIDTH="184" HEIGHT="36" WC="0.96" CONTENT="ordinarie"/><SP WIDTH="27" VPOS="2081" HPOS="1513"/>
							<String ID="string_280" HPOS="1540" VPOS="2079" WIDTH="224" HEIGHT="50" WC="0.90" CONTENT="professors-"/>
						</TextLine>
						<TextLine ID="line_34" HPOS="161" VPOS="2130" WIDTH="1606" HEIGHT="60">
							<String ID="string_281" HPOS="161" VPOS="2143" WIDTH="314" HEIGHT="47" WC="0.91" CONTENT="befattningarna,"/><SP WIDTH="30" VPOS="2143" HPOS="475"/>
							<String ID="string_282" HPOS="505" VPOS="2143" WIDTH="118" HEIGHT="33" WC="0.93" CONTENT="såsom"/><SP WIDTH="29" VPOS="2143" HPOS="623"/>
							<String ID="string_283" HPOS="652" VPOS="2138" WIDTH="162" HEIGHT="49" WC="0.92" CONTENT="antydts,"/><SP WIDTH="29" VPOS="2138" HPOS="814"/>
							<String ID="string_284" HPOS="843" VPOS="2139" WIDTH="12" HEIGHT="32" WC="0.96" CONTENT="i"/><SP WIDTH="29" VPOS="2139" HPOS="855"/>
							<String ID="string_285" HPOS="884" VPOS="2142" WIDTH="93" HEIGHT="30" WC="0.96" CONTENT="stort"/><SP WIDTH="28" VPOS="2142" HPOS="977"/>
							<String ID="string_286" HPOS="1005" VPOS="2135" WIDTH="100" HEIGHT="36" WC="0.96" CONTENT="antal"/><SP WIDTH="27" VPOS="2135" HPOS="1105"/>
							<String ID="string_287" HPOS="1132" VPOS="2134" WIDTH="214" HEIGHT="35" WC="0.96" CONTENT="inrättades."/><SP WIDTH="45" VPOS="2134" HPOS="1346"/>
							<String ID="string_288" HPOS="1391" VPOS="2132" WIDTH="72" HEIGHT="49" WC="0.96" CONTENT="Jag"/><SP WIDTH="21" VPOS="2132" HPOS="1463"/>
							<String ID="string_289" HPOS="1484" VPOS="2133" WIDTH="72" HEIGHT="35" WC="0.95" CONTENT="kan"/><SP WIDTH="19" VPOS="2133" HPOS="1556"/>
							<String ID="string_290" HPOS="1575" VPOS="2130" WIDTH="94" HEIGHT="36" WC="0.96" CONTENT="fatta"/><SP WIDTH="21" VPOS="2130" HPOS="1669"/>
							<String ID="string_291" HPOS="1690" VPOS="2131" WIDTH="77" HEIGHT="47" WC="0.96" CONTENT="mig"/>
						</TextLine>
						<TextLine ID="line_35" HPOS="161" VPOS="2182" WIDTH="1606" HEIGHT="58">
							<String ID="string_292" HPOS="161" VPOS="2196" WIDTH="96" HEIGHT="41" WC="0.96" CONTENT="kort,"/><SP WIDTH="29" VPOS="2196" HPOS="257"/>
							<String ID="string_293" HPOS="286" VPOS="2195" WIDTH="12" HEIGHT="33" WC="0.96" CONTENT="i"/><SP WIDTH="28" VPOS="2195" HPOS="298"/>
							<String ID="string_294" HPOS="326" VPOS="2192" WIDTH="62" HEIGHT="36" WC="0.96" CONTENT="det"/><SP WIDTH="24" VPOS="2192" HPOS="388"/>
							<String ID="string_295" HPOS="412" VPOS="2193" WIDTH="65" HEIGHT="47" WC="0.96" CONTENT="jag"/><SP WIDTH="26" VPOS="2193" HPOS="477"/>
							<String ID="string_296" HPOS="503" VPOS="2192" WIDTH="59" HEIGHT="35" WC="0.96" CONTENT="till"/><SP WIDTH="27" VPOS="2192" HPOS="562"/>
							<String ID="string_297" HPOS="589" VPOS="2190" WIDTH="216" HEIGHT="49" WC="0.96" CONTENT="ytterligare"/><SP WIDTH="35" VPOS="2190" HPOS="805"/>
							<String ID="string_298" HPOS="840" VPOS="2188" WIDTH="227" HEIGHT="47" WC="0.96" CONTENT="upplysning"/><SP WIDTH="32" VPOS="2188" HPOS="1067"/>
							<String ID="string_299" HPOS="1099" VPOS="2186" WIDTH="171" HEIGHT="34" WC="0.96" CONTENT="hänvisar"/><SP WIDTH="31" VPOS="2186" HPOS="1270"/>
							<String ID="string_300" HPOS="1301" VPOS="2185" WIDTH="58" HEIGHT="34" WC="0.96" CONTENT="till"/><SP WIDTH="28" VPOS="2185" HPOS="1359"/>
							<String ID="string_301" HPOS="1387" VPOS="2183" WIDTH="44" HEIGHT="35" WC="0.96" CONTENT="de"/><SP WIDTH="27" VPOS="2183" HPOS="1431"/>
							<String ID="string_302" HPOS="1458" VPOS="2183" WIDTH="63" HEIGHT="36" WC="0.93" CONTENT="vid"/><SP WIDTH="28" VPOS="2183" HPOS="1521"/>
							<String ID="string_303" HPOS="1549" VPOS="2182" WIDTH="218" HEIGHT="36" WC="0.92" CONTENT="statsverks-"/>
						</TextLine>
						<TextLine ID="line_36" HPOS="164" VPOS="2231" WIDTH="1604" HEIGHT="62">
							<String ID="string_304" HPOS="164" VPOS="2245" WIDTH="322" HEIGHT="48" WC="0.91" CONTENT="propositionerna"/><SP WIDTH="27" VPOS="2245" HPOS="486"/>
							<String ID="string_305" HPOS="513" VPOS="2243" WIDTH="58" HEIGHT="34" WC="0.95" CONTENT="till"/><SP WIDTH="31" VPOS="2243" HPOS="571"/>
							<String ID="string_306" HPOS="602" VPOS="2242" WIDTH="93" HEIGHT="34" WC="0.96" CONTENT="1898"/><SP WIDTH="30" VPOS="2242" HPOS="695"/>
							<String ID="string_307" HPOS="725" VPOS="2240" WIDTH="67" HEIGHT="35" WC="0.96" CONTENT="och"/><SP WIDTH="31" VPOS="2240" HPOS="792"/>
							<String ID="string_308" HPOS="823" VPOS="2239" WIDTH="93" HEIGHT="35" WC="0.96" CONTENT="1902"/><SP WIDTH="22" VPOS="2239" HPOS="916"/>
							<String ID="string_309" HPOS="938" VPOS="2241" WIDTH="57" HEIGHT="32" WC="0.93" CONTENT="års"/><SP WIDTH="20" VPOS="2241" HPOS="995"/>
							<String ID="string_310" HPOS="1015" VPOS="2236" WIDTH="205" HEIGHT="37" WC="0.92" CONTENT="Riksdagar"/><SP WIDTH="27" VPOS="2236" HPOS="1220"/>
							<String ID="string_311" HPOS="1247" VPOS="2234" WIDTH="133" HEIGHT="49" WC="0.96" CONTENT="fogade"/><SP WIDTH="27" VPOS="2234" HPOS="1380"/>
							<String ID="string_312" HPOS="1407" VPOS="2234" WIDTH="233" HEIGHT="48" WC="0.96" CONTENT="protokollen"/><SP WIDTH="26" VPOS="2234" HPOS="1640"/>
							<String ID="string_313" HPOS="1666" VPOS="2231" WIDTH="102" HEIGHT="36" WC="0.95" CONTENT="öfver"/>
						</TextLine>
					</TextBlock>
					<TextBlock ID="block_12" HPOS="264" VPOS="2296" WIDTH="1404" HEIGHT="39">
						<TextLine ID="line_37" HPOS="264" VPOS="2296" WIDTH="1404" HEIGHT="39">
							<String ID="string_314" HPOS="264" VPOS="2307" WIDTH="61" HEIGHT="26" WC="0.92" CONTENT="Bih."/><SP WIDTH="19" VPOS="2307" HPOS="325"/>
							<String ID="string_315" HPOS="344" VPOS="2306" WIDTH="43" HEIGHT="26" WC="0.90" CONTENT="till"/><SP WIDTH="16" VPOS="2306" HPOS="387"/>
							<String ID="string_316" HPOS="403" VPOS="2306" WIDTH="99" HEIGHT="27" WC="0.88" CONTENT="Riksd."/><SP WIDTH="19" VPOS="2306" HPOS="502"/>
							<String ID="string_317" HPOS="521" VPOS="2306" WIDTH="72" HEIGHT="25" WC="0.96" CONTENT="Prot."/><SP WIDTH="20" VPOS="2306" HPOS="593"/>
							<String ID="string_318" HPOS="613" VPOS="2304" WIDTH="66" HEIGHT="27" WC="0.95" CONTENT="908."/><SP WIDTH="36" VPOS="2304" HPOS="679"/>
							<String ID="string_319" HPOS="715" VPOS="2304" WIDTH="18" HEIGHT="25" WC="0.92" CONTENT="4"/><SP WIDTH="18" VPOS="2304" HPOS="733"/>
							<String ID="string_320" HPOS="751" VPOS="2303" WIDTH="85" HEIGHT="26" WC="0.65" CONTENT="Sam!."/><SP WIDTH="37" VPOS="2303" HPOS="836"/>
							<String ID="string_321" HPOS="873" VPOS="2303" WIDTH="16" HEIGHT="24" WC="0.94" CONTENT="1"/><SP WIDTH="20" VPOS="2303" HPOS="889"/>
							<String ID="string_322" HPOS="909" VPOS="2302" WIDTH="71" HEIGHT="33" WC="0.73" CONTENT="Afa."/><SP WIDTH="673" VPOS="2302" HPOS="980"/>
							<String ID="string_323" HPOS="1653" VPOS="2296" WIDTH="15" HEIGHT="25" WC="0.96" CONTENT="3"/>
						</TextLine>
					</TextBlock>
				</ComposedBlock>
				<ComposedBlock ID="cblock_5" HPOS="1793" VPOS="1321" WIDTH="120" HEIGHT="24">
					<TextBlock ID="block_13" HPOS="1793" VPOS="1321" WIDTH="120" HEIGHT="24">
						<TextLine ID="line_38" HPOS="1793" VPOS="1321" WIDTH="120" HEIGHT="24">
							<String ID="string_324" HPOS="1793" VPOS="1321" WIDTH="120" HEIGHT="24" WC="0.95" CONTENT="Historik."/>
						</TextLine>
					</TextBlock>
				</ComposedBlock>
			</PrintSpace>
		</Page>
	</Layout>
</alto>
