2202 2666
683 213 253 32 Statsutskottets
966 212 168 33 Utlåtande
1160 215 60 30 N:o
1244 215 69 30 137.
1740 215 60 31 161

200 305 45 23 en
282 293 129 36 relativ
444 292 139 37 visshet
610 306 59 22 om
698 306 44 22 en
770 293 31 47 ej
832 292 125 37 alltför
984 293 161 48 aflägsen
1172 293 199 37 befordran
1397 295 59 35 till
1484 294 73 37 fast
1583 295 69 36 och
1678 295 121 37 bättre

196 344 143 36 aflönad
379 343 220 49 befattning.
653 344 394 49 Docentstipendierna
1087 347 77 33 åter
1198 346 174 35 tillsättas
1395 346 44 47 ju
1466 345 97 37 blott
1591 346 57 37 för
1675 360 45 23 en
1746 348 55 36 tid

196 393 41 37 af
269 400 55 31 tre
360 397 50 41 år;
440 396 116 47 enligt
582 394 216 50 ifrågasatta
825 396 67 35 och
920 396 66 35 här
1012 395 119 36 nedan
1159 395 194 37 förordade
1380 396 276 38 bestämmelser
1683 399 117 36 skulle

196 447 276 47 tillsättningen
513 447 62 34 ske
606 446 118 36 under
751 447 243 43 konkurrens,
1023 447 68 35 och
1119 445 238 50 förlängning
1384 447 41 35 af
1448 448 102 35 tiden
1579 448 56 36 för
1662 450 140 48 stipen-

196 497 146 36 diernas
384 497 217 48 åtnjutande
642 503 106 42 göras
787 497 182 36 beroende
1009 501 47 45 på
1082 500 190 46 utgången
1299 498 40 36 af
1362 512 51 35 ny
1439 499 241 36 konkurrens.
1733 500 69 36 Be-

195 547 400 49 fordringsutsikterna
620 548 63 35 vid
709 549 267 35 universiteten
996 556 62 28 äro
1078 548 125 36 därtill
1222 549 118 36 under
1359 549 44 36 de
1422 550 105 35 flesta
1546 550 256 37 förhållanden

196 599 99 36 såväl
323 611 133 36 genom
484 600 203 47 platsernas
716 598 89 37 fåtal
832 612 79 23 som
938 612 134 36 genom
1100 600 354 47 tjänstemeriternas
1482 602 106 48 ringa
1610 602 190 49 betydelse

195 649 64 37 vid
299 651 317 45 tillsättningarna
655 649 40 36 af
731 663 45 22 en
816 649 228 49 ojämförligt
1080 663 100 23 mera
1207 652 95 35 oviss
1329 652 172 36 karaktär
1528 653 67 36 och
1623 654 32 47 ej
1685 654 116 35 sällan

197 700 109 37 äfven
345 701 187 49 betydligt
571 714 101 22 mera
712 702 162 48 aflägsna
904 709 47 27 än
978 702 63 35 vid
1066 703 215 34 läroverken
1309 710 40 28 är
1375 702 115 37 fallet.
1544 703 145 49 Lägger
1716 718 85 22 man

196 752 128 35 härtill
364 753 176 47 slutligen
580 751 44 36 de
665 756 117 31 större
817 751 85 36 kraf
926 756 46 45 på
999 751 252 37 anskaffandet
1278 753 40 36 af
1341 754 190 36 litteratur
1558 768 47 22 m.
1635 768 61 32 m.,
1723 769 78 23 som

196 803 71 35 den
293 803 279 48 vetenskapliga
597 803 278 36 verksamheten
903 804 174 47 pålägger
1105 804 179 36 docenten
1311 805 12 35 i
1342 804 214 49 jämförelse
1575 807 84 35 med
1679 812 124 30 extra-

195 854 155 42 läraren,
393 866 109 37 synes
542 855 181 47 knappast
758 855 126 35 kunna
916 853 180 46 förnekas,
1126 859 54 31 att
1207 860 53 31 ett
1286 856 75 36 lika
1388 856 135 49 belopp
1552 860 20 32 å
1600 857 202 38 docentsti-

196 904 201 49 pendierna
437 918 78 22 som
552 908 20 32 å
603 905 403 36 extralärararfvodena
1032 906 76 35 icke
1134 906 156 48 betyder
1317 908 215 35 ekonomisk
1558 908 244 49 likställighet

198 955 56 36 för
281 955 94 36 båda
401 956 268 49 kategorierna.
722 955 72 37 Det
820 956 106 36 torde
953 970 86 22 vara
1064 957 239 49 nödvändigt,
1333 964 53 30 att
1414 959 388 48 docentstipendierna

196 1007 13 35 i
237 1020 44 22 en
309 1010 113 45 något
450 1010 38 32 så
514 1014 66 28 när
608 1006 169 37 afsevärd
804 1008 92 47 grad
923 1007 199 49 öfverstiga
1141 1008 384 45 extralärararfvodet,
1546 1022 59 23 om
1625 1023 46 23 en
1690 1011 112 36 sådan

196 1058 245 48 likställighet
469 1058 91 36 skall
587 1058 147 36 komma
760 1058 56 35 till
845 1058 107 36 stånd
979 1059 67 35 och
1074 1059 265 37 universiteten
1365 1068 69 40 äga
1451 1061 142 47 verklig
1612 1062 116 35 utsikt
1747 1067 55 30 att

197 1108 57 36 för
281 1110 403 35 universitetslärarens
712 1108 150 50 uppgift
889 1110 111 35 vinna
1027 1110 44 35 de
1098 1109 119 37 bättre
1245 1109 244 51 förmågorna.

301 1160 138 48 »Lägre
466 1167 47 29 än
542 1161 71 34 500
640 1160 137 35 kronor
804 1162 95 34 lärer
927 1160 119 36 denna
1073 1161 157 35 skillnad
1248 1162 80 35 icke
1348 1163 165 47 skäligen
1532 1163 124 35 kunna
1675 1168 124 40 sättas,

195 1223 60 23 om
284 1211 70 36 den
382 1212 107 47 eljest
517 1211 91 36 skall
635 1210 109 37 hafva
769 1214 113 45 något
909 1216 53 31 att
989 1211 145 49 betyda.
1188 1211 46 37 Så
1260 1213 107 49 länge
1395 1214 266 36 extralärarnas
1689 1215 112 48 högre

196 1261 151 37 arfvode
375 1265 111 45 utgår
513 1262 85 36 med
626 1264 109 42 2,000
763 1263 147 42 kronor,
939 1275 107 36 synes
1074 1264 106 35 alltså
1208 1263 108 36 äfven
1343 1263 83 37 från
1453 1265 71 35 den
1552 1265 65 35 här
1645 1266 156 47 anlagda

196 1314 240 47 synpunkten
476 1313 405 48 docentstipendiernas
921 1313 132 48 belopp
1090 1313 88 36 böra
1204 1313 199 38 fastställas
1430 1316 58 35 till
1517 1316 109 44 2,500
1654 1317 145 35 kronor.

194 1363 132 37 Därest
367 1365 63 36 det
469 1364 101 37 förra
610 1365 116 34 skulle
765 1365 147 34 komma
951 1370 52 30 att
1038 1365 115 47 höjas,
1183 1378 108 35 synas
1319 1367 366 48 stipendiebeloppen
1712 1367 89 36 böra

195 1415 167 48 undergå
402 1428 46 23 en
488 1415 255 36 motsvarande
770 1416 147 47 ökning.
969 1415 55 35 Då
1050 1416 95 35 intet
1172 1417 126 47 giltigt
1326 1417 76 35 skäl
1429 1418 96 35 lärer
1552 1418 125 35 kunna
1704 1418 96 36 före-

194 1465 150 48 bringas
385 1465 57 36 för
483 1471 53 31 att
576 1466 45 35 de
653 1467 136 46 rörliga
817 1465 249 49 stipendierna
1094 1467 116 35 skulle
1238 1470 90 46 utgå
1355 1467 84 36 med
1465 1470 101 46 lägre
1594 1468 132 49 belopp
1755 1476 46 29 än

196 1516 44 36 de
268 1516 105 45 fasta,
403 1518 69 35 och
499 1517 46 35 då
572 1530 45 22 en
644 1517 224 47 provisorisk
895 1517 210 48 utjämning
1132 1518 192 49 härvidlag
1351 1519 113 35 redan
1484 1524 62 43 ägt
1565 1533 83 21 rum
1667 1533 132 34 genom

195 1567 62 36 det
284 1571 47 45 på
359 1573 106 31 extra
492 1573 73 30 stat
593 1567 57 36 för
677 1571 39 32 år
746 1570 93 34 1908
864 1568 182 47 beviljade
1074 1570 174 46 anslaget,
1276 1582 108 36 synes
1412 1570 62 35 det
1501 1571 66 34 här
1594 1569 207 49 föreslagna

195 1618 174 48 beloppet
395 1619 90 35 böra
512 1619 96 48 gälla
635 1617 56 36 för
718 1618 93 35 både
839 1618 93 36 fasta
959 1619 67 35 och
1053 1619 136 48 rörliga
1216 1619 211 48 stipendier.

299 1669 93 36 >Det
419 1669 67 36 har
513 1669 63 36 vid
599 1669 168 36 ärendets
787 1669 156 49 tidigare
962 1669 277 50 handläggning
1256 1670 39 36 af
1311 1672 491 36 matematisk-naturveten-

196 1720 166 49 skapliga
390 1721 190 36 sektionen
607 1722 12 33 i
642 1720 159 49 Uppsala
823 1722 162 43 uttalats,
1006 1726 54 30 att
1080 1727 51 30 ett
1150 1727 116 30 större
1286 1722 319 49 stipendiebelopp
1625 1731 46 27 än
1690 1725 110 42 2,000

195 1772 136 35 kronor
358 1772 69 35 lätt
455 1772 122 35 kunde
604 1771 83 36 leda
715 1772 148 43 därhän,
893 1777 53 30 att
973 1772 250 48 stipendierna
1245 1772 234 37 betraktades
1499 1777 119 32 såsom
1637 1775 165 47 verkliga

195 1823 113 44 löner,
337 1823 125 36 hvilka
489 1823 118 36 skulle
634 1823 106 35 locka
767 1822 222 37 docenterna
1016 1828 52 30 att
1096 1822 124 37 alltför
1247 1824 109 48 länge
1380 1829 130 32 stanna
1529 1826 88 35 kvar
1636 1824 63 37 vid
1717 1827 84 33 uni-

195 1875 208 34 versiteten.
457 1874 71 35 Det
567 1875 65 35 vill
673 1874 92 35 dock
805 1886 119 36 synas,
966 1887 77 22 som
1076 1875 117 34 skulle
1221 1875 191 35 sektionen
1439 1876 63 35 vid
1530 1875 207 36 uttalandet
1765 1875 39 36 af

196 1923 120 36 denna
342 1924 266 48 betänklighet,
637 1924 147 36 hvilken
812 1925 30 47 ej
874 1938 106 35 synes
1008 1924 109 37 hafva
1145 1925 116 36 delats
1289 1925 40 35 af
1352 1929 122 45 någon
1493 1939 120 23 annan
1632 1927 170 48 myndig-

196 1975 72 43 het,
309 1976 59 35 väl
409 1976 147 48 mycket
583 1974 108 37 hafva
718 1975 255 36 underskattat
1000 1977 136 35 verkan
1164 1975 39 36 af
1228 1976 70 35 den
1327 1978 165 47 stegring
1519 1978 12 34 i
1557 1977 245 36 lefnadskost-

195 2026 172 44 naderna,
409 2039 78 22 som
521 2029 47 45 på
596 2039 125 22 senare
750 2029 85 32 åren
862 2026 151 35 inträdt.
1066 2026 85 35 Man
1179 2026 104 36 torde
1312 2029 59 34 väl
1399 2033 89 30 utan
1516 2029 133 34 tvekan
1676 2028 125 35 kunna

196 2076 178 36 beteckna
400 2076 108 36 äfven
538 2078 109 42 2,500
674 2077 135 35 kronor
837 2080 119 32 såsom
984 2082 52 30 ett
1063 2077 116 35 under
1206 2078 214 35 nuvarande
1440 2078 255 36 förhållanden
1715 2078 87 35 full-

197 2127 164 48 ständigt
400 2128 241 47 otillräckligt
681 2128 230 35 ekonomiskt
945 2127 180 49 underlag
1152 2127 57 36 för
1236 2129 218 47 grundande
1482 2129 39 35 af
1546 2129 131 46 familj,
1713 2130 90 34 allra

197 2178 96 35 helst
319 2185 66 28 när
413 2191 84 22 man
523 2178 184 44 besinnar,
737 2184 52 30 att
815 2178 173 49 beloppet
1014 2179 95 35 blott
1136 2186 40 28 är
1202 2179 238 48 garanteradt
1468 2179 57 37 för
1553 2193 45 22 en
1617 2180 55 36 tid
1691 2179 38 36 af
1745 2186 57 30 tre

197 2232 50 32 år.
293 2228 243 49 Farhågorna,
566 2234 53 30 att
646 2229 265 35 innehafvaren
938 2229 39 35 af
1002 2235 51 30 ett
1081 2230 227 47 stipendium
1337 2230 57 36 för
1423 2244 45 22 en
1494 2231 127 48 längre
1646 2230 92 49 följd
1766 2230 40 36 af

197 2283 40 32 år
278 2279 150 36 därmed
469 2281 116 34 skulle
625 2280 74 36 låta
739 2281 56 47 sig
834 2281 95 46 nöja,
963 2293 108 35 synas
1112 2280 231 37 fördenskull
1383 2282 12 34 i
1437 2281 155 37 dubbelt
1633 2280 169 37 afseende

297 2343 64 27 Bih.
379 2344 41 26 till
438 2344 97 26 Riksd.
554 2344 75 26 Prot.
649 2343 87 28 1908.
772 2344 17 26 4
808 2343 86 26 Saml.
931 2344 15 25 1
966 2344 70 33 Afd.
1669 2348 31 24 21
