2187 2683
401 192 39 31 68
888 199 255 35 Statsutskottets
1172 203 170 33 Utlåtande
1366 207 61 30 N:o
1454 209 67 29 137.

503 274 11 36 I
559 273 102 49 fråga
700 290 61 23 om
789 279 227 47 aflöningens
1043 282 134 48 belopp
1206 290 95 31 samt
1327 291 120 32 rätten
1474 288 59 36 till
1560 288 256 51 ålderstillägg
1845 296 164 37 ansluter

397 325 67 47 Jag
490 327 76 47 mig
591 328 59 36 till
678 328 44 37 de
749 331 246 48 sakkunniges
1023 332 149 50 förslag,
1201 336 93 37 dock
1322 343 54 31 att
1404 341 210 48 ortstillägg
1641 342 40 37 af
1716 343 101 38 förut
1855 347 152 47 angifna

401 378 80 36 skäl
508 379 31 46 ej
568 380 68 36 bör
663 381 96 47 utgå.
811 382 55 37 Af
889 384 70 37 den
986 384 210 50 föreslagna
1223 389 220 49 aflöningen,
1472 394 107 45 4,500
1607 395 148 47 kronor,
1782 397 91 37 böra
1892 400 115 47 enligt

400 430 77 36 min
516 433 160 46 mening,
716 434 84 36 med
832 435 237 50 tillämpning
1096 439 40 36 af
1160 440 44 36 de
1231 442 189 37 allmänna
1446 445 212 46 grunderna
1684 447 12 36 i
1724 450 281 39 statskontorets

398 486 82 42 stat,
510 484 108 45 3,000
645 485 138 38 kronor
810 492 133 42 utgöra
969 490 64 36 lön
1060 492 68 36 och
1159 494 105 45 1,500
1292 494 138 38 kronor
1456 492 481 61 tjänstgöringspenningar.

496 586 74 38 För
611 588 45 37 de
695 589 96 37 båda
823 592 305 39 bibliotekarierna
1157 596 60 36 vid
1244 598 431 41 universitetsbiblioteken
1703 604 13 35 i
1750 605 164 48 Uppsala
1944 610 60 35 och

397 637 122 46 Lund,
561 640 127 37 hvilka
714 642 113 37 sedan
855 646 179 44 gammalt
1061 652 136 32 ansetts
1224 649 92 36 böra
1334 663 90 23 vara
1443 652 190 38 likställda
1652 655 83 36 med
1755 656 44 37 de
1819 658 185 39 ordinarie

395 689 275 46 professorerna
708 694 64 35 vid
813 696 270 46 universiteten,
1123 699 69 35 bör
1227 700 108 36 alltså
1361 702 176 46 uppföras
1566 718 44 22 en
1638 707 164 46 aflöning
1829 708 42 36 af
1896 712 106 43 7,500

395 741 147 46 kronor,
579 742 109 37 däraf
720 745 107 45 5,000
859 746 138 37 kronor
1023 748 64 37 lön
1114 749 68 37 och
1218 751 108 45 2,500
1353 752 139 39 kronor
1518 750 484 63 tjänstgöringspenningar,

394 792 84 37 med
505 798 75 32 rätt
605 795 58 37 till
690 800 52 32 ett
768 796 253 50 ålderstillägg
1047 800 21 36 å
1096 802 71 36 600
1194 802 148 38 kronor.

494 896 268 39 Konservatorn
790 901 62 36 vid
880 901 184 39 botaniska
1092 917 159 25 museum
1279 906 61 37 vid
1368 908 241 39 universitetet
1636 911 13 36 i
1681 911 175 50 Uppsala.
1900 916 100 37 Kon-

392 954 183 30 servatorn
618 950 60 36 vid
717 952 185 37 botaniska
942 954 248 39 institutionen
1231 958 60 36 vid
1331 960 241 38 universitetet
1600 963 13 35 i
1640 963 122 37 Lund.
1816 965 55 37 Af
1894 967 106 38 dessa

392 998 162 47 åtnjuter
594 1000 59 37 för
687 1004 231 36 närvarande
958 1005 71 37 den
1068 1006 98 38 förre
1194 1021 44 24 en
1266 1010 165 47 aflöning
1457 1011 41 37 af
1524 1014 107 45 1,509
1659 1014 148 49 kronor,
1831 1017 117 47 jämte
1976 1022 20 34 3

391 1049 146 38 famnar
563 1053 71 36 ved
660 1054 39 36 in
726 1059 134 33 natura
887 1057 58 36 till
971 1058 205 37 beräknadt
1202 1061 111 37 värde
1341 1062 41 36 af
1405 1064 45 35 45
1480 1064 147 48 kronor,
1654 1066 70 37 den
1743 1081 126 25 senare
1891 1073 106 43 1,350

391 1103 147 46 kronor,
579 1105 57 36 till
664 1106 141 37 hvilket
832 1108 133 47 belopp
1007 1110 91 48 hans
1134 1112 173 48 aflöning,
1334 1113 101 37 förut
1464 1117 71 35 750
1563 1117 146 47 kronor,
1738 1120 97 46 höjts
1863 1135 133 33 genom

390 1153 228 48 Riksdagens
654 1157 121 37 beslut
801 1158 41 36 år
875 1162 100 35 1905.
1028 1160 126 39 Äfven
1181 1164 285 38 konservatorns
1493 1168 12 35 i
1532 1168 166 47 Uppsala
1723 1171 64 36 lön
1814 1172 67 37 har
1907 1179 89 31 täm-

390 1205 98 45 ligen
515 1208 152 45 nyligen
695 1209 97 45 höjts
819 1211 58 35 till
905 1212 62 35 sitt
993 1214 215 37 nuvarande
1235 1216 146 47 belopp,
1407 1219 187 46 nämligen
1614 1233 134 33 genom
1767 1222 227 49 Riksdagens

389 1256 121 36 beslut
538 1257 40 37 år
608 1261 104 44 1899,
740 1260 47 36 då
813 1260 59 38 för
898 1263 138 37 honom
1064 1265 175 46 begärdes
1267 1281 45 22 en
1338 1269 228 48 löneökning
1591 1271 82 37 från
1704 1275 70 35 750
1802 1275 58 36 till
1888 1278 105 44 1,800

388 1307 148 48 kronor,
577 1310 150 37 hvilken
768 1312 94 37 dock
902 1314 41 36 af
974 1315 210 48 Riksdagen
1203 1318 245 47 begränsades
1474 1322 59 36 till
1561 1322 60 37 det
1649 1337 51 23 nu
1727 1325 183 46 utgående
1937 1328 57 37 be-

388 1359 134 47 loppet,
553 1363 106 44 1,500
686 1364 147 36 kronor.

488 1411 72 36 För
587 1414 267 38 konservatorn
881 1417 12 36 i
925 1417 160 47 Uppsala
1112 1420 67 36 har
1206 1420 40 37 af
1272 1421 61 37 det
1359 1427 118 33 större
1500 1425 240 38 akademiska
1757 1428 236 39 konsistoriet

388 1461 187 39 därstädes
611 1465 13 35 i
664 1465 45 36 de
748 1467 119 36 under
907 1469 39 35 år
976 1470 95 36 1907
1100 1471 140 46 afoifna
1266 1474 286 47 riksdagspetita
1577 1477 176 46 påyrkats
1782 1493 44 23 en
1853 1481 138 47 förhöj-

385 1513 91 47 ning
502 1514 41 36 af
566 1516 110 37 lönen
703 1518 58 35 till
791 1520 105 44 1,800
926 1521 145 37 kronor.
1125 1522 53 37 De
1205 1525 229 47 sakkunnige
1462 1527 111 37 hafva
1599 1531 171 45 upptagit
1797 1531 101 37 detta
1921 1533 69 36 för-

385 1565 80 45 slag
491 1566 85 36 med
603 1568 131 46 tillägg
761 1569 40 36 af
824 1571 62 36 två
914 1571 262 49 ålderstillägg,
1205 1576 199 37 hvartdera
1430 1577 21 36 3
1480 1580 71 35 250
1578 1580 147 37 kronor.

484 1617 17 35 I
529 1617 70 37 den
627 1618 40 36 af
698 1620 267 39 konservatorn
994 1624 87 37 Seth
1107 1625 152 47 ingifna,
1287 1628 12 35 i
1328 1628 61 36 det
1407 1628 221 48 föregående
1656 1633 247 38 omförmälda
1930 1650 59 22 an-

383 1668 204 46 sökningen
628 1671 67 35 har
735 1671 87 37 Seth
853 1673 128 47 begärt
1009 1688 44 23 en
1080 1677 63 35 lön
1172 1677 40 36 af
1236 1680 107 44 3,000
1370 1681 139 36 kronor
1535 1683 86 35 med
1647 1683 64 36 två
1738 1684 251 49 ålderstillägg

382 1717 21 36 å
432 1719 71 36 300
531 1720 139 37 kronor
697 1722 207 39 hvartdera.
958 1725 132 38 Denna
1117 1729 208 47 ansökning
1352 1730 143 47 åtföljes
1524 1732 41 37 af
1586 1733 63 37 två
1674 1735 109 47 intyg
1808 1736 82 37 från
1908 1737 79 38 före

382 1769 101 37 detta
516 1771 212 46 professorn
763 1775 12 36 i
815 1776 153 37 botanik
995 1779 68 35 och
1088 1780 168 45 praktisk
1283 1782 172 37 ekonomi
1481 1784 64 36 vid
1571 1786 253 38 universitetet
1850 1789 13 35 i
1890 1789 96 47 Upp-

381 1821 78 36 sala
498 1822 38 36 'T.
565 1823 46 36 M.
638 1824 111 47 Fries,
777 1826 150 38 hvilken
954 1829 115 36 bland
1096 1836 114 31 annat
1236 1831 224 49 framhåller,
1489 1840 54 31 att
1569 1837 287 38 konservatorns
1883 1848 103 38 göro-

380 1871 84 46 mål,
492 1873 116 37 redan
634 1874 101 38 förut
762 1879 140 45 ganska
929 1879 200 48 afsevärda,
1156 1884 214 46 ytterligare
1389 1886 105 36 ökats
1518 1887 111 37 sedan
1652 1889 332 50 lönetillökningen

383 1924 104 36 1899.
543 1925 50 36 På
632 1927 267 39 konservatorn
940 1932 148 37 hvilade
1129 1934 61 36 det
1229 1934 205 39 förnämsta
1475 1944 170 32 ansvaret
1684 1940 59 37 för
1781 1942 139 37 vården
1947 1943 42 37 af

379 1976 215 47 oersättliga
620 1980 277 47 vetenskapliga
923 1984 201 46 samlingar
1152 1986 67 36 och
1247 1986 40 36 af
1310 1992 52 31 ett
1389 2002 177 34 museum,
1595 2003 78 24 som
1699 1992 13 36 1
1739 1993 63 36 sitt
1829 1994 79 49 slag
1932 2002 52 29 sär

378 2026 163 47 kerligen
580 2028 59 37 för
665 2033 231 36 närvarande
929 2048 87 23 vore
1044 2036 62 36 det
1132 2041 135 33 största
1292 2039 102 36 inom
1420 2039 307 41 fäderneslandet.
1780 2045 203 37 Konserva-

377 2082 102 32 torns
507 2079 63 37 lön
597 2080 115 38 borde
740 2083 31 46 ej
804 2097 90 24 vara
925 2086 142 37 mindre
1087 2095 46 28 än
1152 2091 260 36 motsvarande
1431 2092 240 46 tjänstemans
1690 2096 64 35 vid
1772 2098 210 45 zoologiska

376 2128 258 40 institutionen
664 2152 45 4 —
737 2133 59 37 för
819 2138 231 36 närvarande
1071 2140 107 45 2,200
1197 2140 139 37 kronor
1351 2142 115 46 jämte
1487 2145 18 35 6
1526 2143 147 38 famnar
1690 2147 71 36 ved
1778 2147 38 36 in
1835 2153 144 32 natura.

475 2180 73 37 För
587 2183 268 40 konservatorn
894 2188 14 36 i
942 2188 108 38 Lund
1090 2190 77 37 åter
1207 2192 68 36 har
1310 2193 41 36 af
1374 2194 44 36 de
1446 2195 227 48 sakkunnige
1700 2197 206 48 föreslagits
1934 2214 46 23 en

378 2232 164 47 aflöning
586 2234 41 36 af
664 2238 107 43 1,600
810 2239 146 46 kronor,
993 2241 142 45 jämväl
1174 2244 84 35 med
1311 2250 61 30 rätt
1403 2246 59 35 till
1488 2247 63 36 två
1578 2247 252 49 ålderstillägg
1857 2250 20 37 å
1906 2253 73 35 250

376 2282 138 38 kronor
540 2285 208 39 hvartdera.
