2195 2666
678 217 253 31 Statsutskottets
961 214 169 33 Utlåtande
1154 217 61 29 N:o
1241 216 68 30 137.
1735 213 57 31 167

290 299 75 36 Två
405 297 39 37 af
482 297 43 36 de
565 296 101 37 öfver
707 296 103 36 dessa
850 295 312 48 framställningar
1203 293 141 50 afgifna
1383 293 197 50 yttranden
1607 294 186 35 innehålla

190 349 205 38 emellertid
435 348 215 37 uttalanden
689 350 13 33 i
741 361 51 22 nu
833 346 236 37 förevarande
1109 353 116 37 ämne,
1259 346 120 35 hvilka
1408 359 107 36 synas
1543 347 76 46 mig
1645 358 84 23 vara
1756 343 39 37 af

190 404 166 34 intresse.

291 451 233 36 Beträffande
553 450 71 36 den
652 449 273 48 sammanlagda
950 448 56 36 tid
1033 462 45 21 en
1106 448 131 35 docent
1264 448 65 34 bör
1356 448 125 34 kunna
1507 446 197 36 innehafva
1732 446 63 36 do-

192 502 311 49 centstipendium
539 501 180 36 uttalades
747 499 39 37 af
810 500 71 36 den
908 499 631 47 matematisk-naturvetenskapliga
1566 498 190 35 sektionen
1782 499 12 33 i

192 555 173 48 Uppsala,
408 558 51 30 att
495 552 225 49 stipendium
748 552 199 47 lämpligen
975 550 112 36 borde
1115 551 126 34 kunna
1268 550 103 35 sökas
1399 550 68 34 och
1496 549 154 35 erhållas
1678 548 117 36 under

192 607 107 47 högst
338 610 56 30 tre
425 603 168 49 perioder
620 604 68 35 och
716 602 138 36 således
880 600 214 37 innehafvas
1122 600 267 48 sammanlagdt
1417 602 19 33 9
1466 603 49 32 år.
1569 600 65 35 Att
1662 613 45 21 en
1734 600 62 35 be-

192 657 203 48 gränsning
435 657 12 33 i
484 654 99 36 detta
622 653 170 36 afseende
832 666 85 23 vore
957 651 218 49 nödvändig,
1209 656 123 44 syntes
1359 664 85 22 vara
1471 651 217 48 uppenbart,
1717 655 40 44 ty
1783 652 13 33 i

193 712 111 31 annat
344 705 64 37 fall
447 705 120 36 blefve
608 704 248 49 stipendierna
896 703 148 36 faktiskt
1084 702 93 36 fasta
1216 705 77 33 små
1332 703 113 40 löner,
1482 702 68 35 och
1578 701 71 35 den
1676 702 121 47 gamla

194 758 434 48 adjunktsinstitutionen
655 754 162 37 infördes
845 754 85 36 med
952 756 70 34 alla
1041 754 80 36 dess
1141 754 244 48 olägenheter.
1430 751 125 37 Skulle
1575 752 60 36 det
1655 752 142 36 undan-

192 811 136 47 tagsvis
368 822 85 22 vara
492 806 206 44 önskvärdt,
740 812 51 30 att
819 819 45 22 en
892 806 131 35 docent
1049 806 97 46 finge
1174 805 143 35 behålla
1344 803 225 48 stipendium
1597 816 76 22 mer
1701 810 46 28 än
1776 805 19 33 9

195 864 50 41 år,
286 859 123 36 kunde
442 857 157 37 fakultet
626 858 89 35 eller
742 857 152 43 sektion,
924 860 117 32 såsom
1068 855 113 36 redan
1208 868 51 22 nu
1286 854 63 36 vid
1374 855 89 35 flera
1488 853 173 36 tillfällen
1689 854 108 48 prak-

194 913 156 41 tiserats,
379 911 64 34 hos
473 909 135 48 Kungl.
636 908 104 48 Maj:t
767 909 145 34 anhålla
938 921 59 22 om
1026 912 104 30 extra
1156 905 247 49 förlängning.

296 961 108 37 Detta
431 960 137 48 förslag
595 959 144 36 anföres
767 958 107 37 äfven
902 957 39 37 af
965 958 61 36 det
1054 963 114 31 större
1195 958 234 35 konsistoriet
1462 958 6 33 i
1495 955 173 49 Uppsala.

296 1012 180 36 Kanslern
517 1010 151 36 anförde
707 1012 13 33 i
761 1011 62 34 sitt
863 1009 198 44 utlåtande,
1091 1013 52 31 att
1171 1007 70 36 den
1281 1007 65 42 tid,
1389 1020 45 22 en
1462 1006 131 36 docent
1619 1006 113 36 borde
1760 1005 37 36 få

196 1064 146 35 behålla
368 1064 136 34 honom
530 1061 184 36 tilldeladt
742 1059 369 49 docentstipendium,
1141 1059 30 48 ej
1190 1064 123 44 syntes
1344 1060 13 33 i
1376 1059 99 47 regel
1493 1058 88 35 böra
1600 1060 123 45 uppgå
1741 1058 57 33 till

197 1128 78 22 mer
302 1121 46 29 än
378 1115 31 42 6,
439 1112 262 48 undantagsvis
730 1114 19 33 9
779 1115 49 32 år.
881 1111 70 35 Det
978 1112 81 47 låge
1086 1111 186 46 nämligen
1299 1110 76 35 vikt
1403 1111 109 46 uppå,
1541 1113 52 30 att
1621 1108 178 36 docenten

196 1167 79 34 icke
316 1177 132 36 genom
489 1169 52 30 att
581 1162 123 37 alltför
743 1163 107 47 länge
877 1162 201 35 bibehållas
1105 1160 63 36 vid
1195 1159 331 48 docentstipendiet
1553 1158 167 36 lockades
1748 1164 52 30 att

197 1215 221 37 obefordrad
457 1216 219 34 kvarstanna
714 1212 63 37 vid
816 1214 263 34 universitetet.
1132 1210 208 49 Skapandet
1380 1209 39 37 af
1449 1223 44 22 en
1521 1223 50 36 ny
1599 1208 94 37 form
1721 1208 82 37 utaf

200 1267 71 36 den
298 1267 122 48 gamla
447 1265 434 48 adjunktsinstitutionen
909 1263 112 36 borde
1050 1262 188 36 undvikas.

1814 293 165 22 Universitets-

1799 326 196 31 myndigheterna

1819 362 7 21 i
1846 360 114 30 Uppsala.

1814 1008 168 24 Universitets-

1837 1042 122 23 kanslern.

298 1368 71 49 Jag
409 1367 168 49 öfvergår
616 1380 51 22 nu
703 1367 56 34 till
787 1364 241 37 omförmälan
1056 1363 39 37 af
1120 1363 43 36 de
1192 1365 244 46 sakkunniges
1464 1362 241 48 utredningar
1732 1362 270 36 och9esakkunnige.

199 1419 137 49 förslag
375 1421 12 33 i
428 1424 133 30 ämnet.
615 1418 53 35 De
709 1430 96 31 anse,
847 1422 52 30 att
939 1416 31 47 ej
1014 1428 137 23 samma
1190 1413 113 37 behof
1333 1419 51 30 att
1410 1415 178 47 begränsa
1614 1412 103 36 tiden
1744 1412 57 37 för

197 1469 272 38 innehafvande
497 1468 39 37 af
561 1467 343 49 docenstipendium
932 1466 196 48 föreligger
1155 1465 56 37 för
1239 1466 70 35 alla
1327 1464 206 43 fakulteter,
1553 1464 143 35 hvadan
1715 1463 86 36 fullt

200 1521 211 49 likformiga
449 1521 274 35 bestämmelser
763 1518 56 36 för
855 1518 82 35 dem
966 1518 168 47 samtliga
1161 1517 31 48 ej
1222 1530 84 22 vore
1334 1515 40 36 af
1398 1515 120 36 nöden
1545 1516 12 34 i
1585 1514 169 36 afseende
1782 1518 20 32 å

201 1573 44 35 de
280 1572 62 36 vid
368 1574 73 33 viss
469 1570 156 36 fakultet
653 1571 87 34 eller
768 1570 141 35 sektion
935 1568 152 36 bundna
1114 1567 260 48 stipendierna.
1427 1566 118 48 Något
1572 1565 231 36 annorlunda

201 1623 129 36 ställde
359 1624 56 47 sig
442 1623 110 35 saken
578 1623 13 33 i
619 1620 102 49 fråga
748 1633 60 23 om
836 1619 43 36 de
908 1618 56 37 för
991 1620 70 34 alla
1079 1618 196 36 fakulteter
1293 1630 273 36 gemensamma
1584 1617 135 47 rörliga
1738 1618 64 33 sti-

200 1674 213 49 pendierna.
466 1672 85 36 Med
591 1673 142 47 hänsyn
767 1672 58 34 till
853 1670 103 36 dessa
983 1669 217 49 stipendiers
1228 1668 176 36 särskilda
1430 1666 149 50 uppgift
1606 1672 124 44 syntes
1758 1680 44 22 en

200 1725 256 36 bestämmelse
496 1726 12 33 i
549 1723 98 35 detta
686 1721 170 37 afseende
883 1722 78 34 icke
988 1722 125 34 kunna
1140 1719 191 36 undvaras.
1385 1719 16 35 I
1428 1718 375 36 öfverensstämmelse

202 1775 85 36 med
313 1775 96 36 hvad
436 1774 39 36 af
498 1775 89 35 flera
614 1773 256 49 myndigheter
898 1771 190 41 förordats,
1118 1774 131 44 ansåge
1278 1769 43 36 de
1349 1770 226 46 sakkunnige
1604 1768 119 35 denna
1749 1768 55 35 tid

203 1828 65 34 här
287 1827 164 47 skäligen
470 1826 88 35 böra
576 1825 195 47 begränsas
789 1824 57 34 till
865 1823 106 47 högst
989 1827 55 30 tre
1058 1820 285 49 treårsperioder
1358 1821 88 34 eller
1460 1821 240 34 tillsammans
1718 1820 19 35 9
1754 1822 49 32 år.

303 1877 16 36 I
360 1876 103 48 fråga
493 1889 61 22 om
582 1880 107 31 sättet
716 1874 57 36 för
800 1872 400 49 docentstipendiernas
1227 1870 225 36 tillsättande
1480 1870 146 49 hyllade
1654 1870 43 35 de
1725 1871 79 34 sak-

204 1929 163 47 kunnige
407 1925 473 37 universitetskommitténs
920 1925 160 46 mening,
1118 1928 51 30 att
1201 1922 99 36 detta
1326 1921 112 36 borde
1467 1922 60 34 ske
1555 1920 92 36 efter
1674 1921 129 35 ansök-

204 1981 102 46 ning.
358 1978 110 35 Detta
507 1977 93 35 dock
640 1976 126 35 endast
806 1974 116 36 såvidt
950 1975 130 47 angick
1108 1973 43 35 de
1178 1973 62 36 vid
1265 1974 71 34 viss
1364 1971 156 36 fakultet
1547 1972 88 34 eller
1663 1972 140 35 sektion

205 2029 152 36 bundna
400 2027 260 49 stipendierna.
713 2026 16 36 I
774 2025 102 49 fråga
915 2038 60 23 om
1015 2024 44 36 de
1099 2025 145 47 rörliga,
1285 2024 122 34 hvilka
1446 2022 44 35 de
1531 2023 225 47 sakkunnige
1791 2023 13 34 i

206 2085 150 31 motsats
400 2085 77 30 mot
512 2077 219 37 kommittén
765 2078 85 35 ville
886 2076 153 41 behålla,
1077 2078 133 45 ansågo
1247 2074 55 43 de,
1332 2079 51 30 att
1410 2073 70 36 den
1508 2086 51 22 nu
1587 2071 218 38 föreskrifna

207 2131 228 49 proceduren
474 2149 49 4 —
550 2130 222 46 tillsättning
800 2127 39 36 af
862 2128 181 40 kanslern,
1073 2126 110 36 sedan
1211 2126 169 47 samtliga
1407 2123 196 37 fakulteter
1630 2124 68 36 och
1727 2124 78 35 sek-

207 2184 120 34 tioner
354 2182 87 35 hvar
469 2180 56 37 för
553 2182 55 47 sig
635 2178 145 50 afgifvit
808 2178 136 49 förslag
974 2197 40 4 —
1047 2176 225 37 fortfarande
1300 2175 111 36 borde
1439 2176 105 48 gälla.
