1886 2840
491 168 122 30 Första
638 168 239 36 lagutskottets
903 167 177 31 utlåtande
1103 167 49 31 Nr
1174 170 50 30 34.
1575 165 34 30 11

102 254 176 29 räckvidd.
309 253 246 36 Skyldigheten
572 252 165 31 framstår
755 252 176 37 nämligen
950 253 62 30 där
1031 262 75 21 som
1125 256 46 27 ett
1190 253 165 36 naturligt
1374 253 236 36 komplement

104 296 49 29 till
173 297 42 29 de
235 296 178 30 allmänna
435 295 216 30 föreskrifter
671 304 56 21 om
750 295 254 30 advokaternas
1025 296 204 35 kompetens
1249 296 66 30 och
1336 296 149 30 rörande
1506 296 103 30 advo-

102 339 160 36 katyrket
284 338 11 29 i
317 338 119 36 övrigt,
461 347 74 21 som
556 337 11 30 i
591 338 252 30 allmänhetens
866 338 145 30 intresse
1032 338 135 30 införts.
1203 337 110 37 Syftet
1335 338 80 30 med
1438 338 99 31 dessa
1560 337 49 32 åt-

103 382 122 35 gärder
244 380 67 30 blir
331 381 80 29 med
432 380 108 30 andra
561 381 63 29 ord
645 380 120 30 endast
785 383 49 27 att
854 381 164 35 upprätta
1038 381 42 30 de
1101 380 128 31 skador
1249 390 42 21 en
1312 381 168 30 advokats
1502 381 107 30 klien-

102 427 51 26 ter
173 424 118 29 kunna
310 423 70 30 lida
400 431 123 28 genom
543 425 49 28 att
610 423 121 35 denne,
752 423 68 30 alla
839 422 258 37 förebyggande
1116 422 159 37 åtgärder
1294 423 51 30 till
1364 426 94 33 trots,
1479 424 61 36 gör
1560 423 50 37 sig

103 466 136 37 skyldig
261 465 51 30 till
336 465 173 36 brottsligt
530 465 208 35 handlande,
765 475 82 20 men
871 466 156 30 däremot
1050 466 77 30 icke
1151 469 49 27 att
1224 466 74 31 lösa
1322 469 46 27 ett
1391 467 218 35 kompetens-

102 508 166 36 problem.
305 507 131 31 Genom
460 511 49 27 att
531 508 251 36 advokatyrket
806 509 39 29 är
868 508 149 36 lagligen
1040 509 154 36 reglerat,
1220 509 70 30 kan
1313 518 83 21 man
1420 510 109 30 ordna
1553 509 57 30 det

103 550 47 36 så,
169 554 48 27 att
235 551 114 30 denna
368 550 194 37 skyldighet
581 551 151 30 drabbar
749 551 69 30 alla
837 551 247 36 yrkesutövare
1103 551 80 31 lika.

147 593 49 30 Av
220 594 61 29 lätt
304 593 146 30 insedda
474 593 74 30 skäl
574 594 39 29 är
635 594 55 29 det
714 594 77 30 icke
814 593 136 37 möjligt
974 597 49 27 att
1046 593 122 37 ålägga
1192 603 42 21 en
1260 594 152 31 advokat
1436 597 49 28 att
1510 594 99 31 ställa

103 636 158 30 säkerhet
282 635 56 31 för
356 636 166 30 vartenda
541 637 59 29 öre
619 645 42 21 av
682 636 41 30 de
741 636 123 35 medel,
885 646 75 20 som
980 637 72 30 han
1071 637 110 29 under
1201 646 43 21 en
1264 637 69 30 viss
1352 637 50 30 tid
1423 637 70 30 kan
1512 638 96 29 kom-

102 688 58 21 ma
183 681 49 27 att
256 679 284 30 omhänderhava
565 678 55 30 för
645 679 73 30 sina
744 679 163 30 klienters
932 679 157 37 räkning.
1127 679 64 31 Det
1215 680 70 30 kan
1309 680 76 30 icke
1407 680 48 30 bli
1481 681 46 29 tal
1552 689 57 21 om

102 724 106 27 annat
230 722 45 29 än
299 730 42 21 en
363 721 193 36 begränsad
580 721 168 30 säkerhet.

147 763 48 30 På
212 762 172 37 åtskilliga
403 762 72 31 håll
492 762 218 37 ifrågasätter
728 773 93 26 man,
841 773 58 21 om
918 774 42 20 en
979 764 192 36 begränsad
1192 765 161 30 säkerhet
1369 766 39 29 är
1427 765 50 30 till
1495 764 116 37 någon

102 808 96 34 nytta
221 805 56 31 för
299 806 202 30 klienterna.
538 806 210 30 Säkerheten
771 805 121 37 måste,
917 806 205 31 framhåller
1144 816 83 21 man
1250 807 74 36 här,
1347 808 187 36 begränsas
1559 807 51 31 till

103 848 163 36 tämligen
291 848 217 36 blygsamma
534 849 136 35 belopp,
698 858 80 21 men
804 849 242 30 erfarenheten
1072 850 100 35 visar,
1200 853 49 28 att
1275 850 10 29 i
1312 851 42 29 de
1379 850 73 36 fall,
1480 851 63 29 där
1567 859 43 21 en

102 891 150 30 advokat
278 894 21 27 t.
325 900 50 21 ex.
401 891 75 30 icke
500 891 172 31 redovisat
696 892 309 31 omhänderhavda
1030 893 230 35 klientmedel,
1288 893 56 30 det
1367 893 73 30 ofta
1466 894 70 30 rört
1560 893 50 36 sig

100 943 57 20 om
173 932 273 31 förhållandevis
464 936 90 28 stora
570 934 136 36 belopp,
724 934 118 31 varför
860 935 204 30 säkerheten
1082 935 110 30 skulle
1210 935 73 30 visa
1300 936 50 35 sig
1361 935 216 36 otillräcklig.
1595 935 14 30 I

103 975 130 31 sådana
255 976 62 30 fall
340 976 120 35 skulle,
485 986 100 20 anser
608 986 91 26 man,
724 986 42 21 en
788 977 216 37 lagstiftning
1028 987 42 21 av
1094 981 111 33 antytt
1228 978 72 37 slag
1322 979 11 28 i
1357 979 253 29 allmänhetens

102 1019 89 35 ögon
207 1017 147 32 framstå
373 1028 75 21 som
465 1019 10 29 i
493 1019 67 36 hög
578 1020 83 35 grad
681 1019 350 31 otillfredsställande.
1063 1020 124 30 Vidare
1207 1021 117 30 kunde
1343 1021 56 30 det
1415 1021 76 30 icke
1509 1030 100 21 anses

101 1061 169 35 uteslutet,
296 1064 49 27 att
368 1061 64 30 hos
457 1062 234 29 allmänheten
715 1063 67 29 den
807 1062 166 36 felaktiga
997 1062 269 37 uppfattningen
1291 1063 140 30 komme
1454 1066 49 27 att
1526 1064 84 36 göra

103 1103 49 36 sig
172 1103 167 36 gällande,
360 1107 48 27 att
427 1104 203 30 säkerheten
648 1105 112 35 gällde
779 1104 55 31 för
853 1105 56 30 det
926 1105 181 31 bestämda
1124 1105 160 36 beloppet
1303 1105 56 31 för
1376 1105 96 37 varje
1491 1107 117 29 klient.

104 1145 218 36 Upptäckten
341 1149 49 27 att
409 1145 37 31 så
463 1146 76 30 icke
557 1156 80 20 vore
655 1147 95 30 fallet
769 1148 118 29 kunde
905 1148 77 36 giva
1000 1148 141 36 upphov
1160 1148 50 30 till
1228 1149 67 29 den
1314 1148 294 37 föreställningen,

102 1191 49 27 att
170 1188 55 30 det
246 1188 113 37 skydd
380 1188 216 37 lagstiftaren
617 1189 64 30 här
701 1190 89 30 velat
812 1190 110 36 skapa
942 1199 81 21 vore
1044 1200 74 21 mer
1139 1191 163 30 skenbart
1323 1192 46 29 än
1389 1192 154 35 verkligt.

148 1230 13 30 I
185 1231 65 29 vad
274 1230 83 31 mån
381 1232 99 29 dessa
503 1231 256 36 invändningar
782 1233 61 29 äro
867 1233 164 35 bärande,
1056 1233 97 30 torde
1176 1243 83 21 vara
1282 1233 92 31 svårt
1399 1237 49 27 att
1472 1235 136 35 avgöra.

102 1273 136 36 Mycket
258 1273 101 30 beror
380 1273 45 36 på
445 1274 67 29 hur
532 1277 70 27 stor
625 1275 167 35 säkerhet,
816 1284 75 21 som
912 1276 70 29 kan
1002 1276 142 30 komma
1165 1279 49 27 att
1232 1275 221 31 föreskrivas.
1488 1277 120 35 Belop-

102 1318 74 33 pets
200 1316 126 30 storlek
351 1315 55 31 får
430 1317 56 29 väl
509 1315 73 31 åter
605 1317 211 31 bestämmas
840 1318 111 30 under
974 1318 305 37 hänsynstagande
1303 1319 51 30 till
1377 1318 20 31 å
1422 1328 64 22 ena
1510 1320 100 30 sidan

102 1358 56 30 det
184 1358 198 36 sedvanliga
408 1358 177 37 omfånget
611 1369 42 20 av
677 1360 214 30 advokatens
917 1361 227 30 ekonomiska
1169 1371 126 21 ansvar
1320 1365 73 27 mot
1417 1362 193 30 klienterna

102 1401 65 29 och
192 1399 20 31 å
236 1401 67 29 den
328 1402 109 29 andra
462 1401 88 30 hans
577 1402 227 31 ekonomiska
828 1403 169 30 bärkraft.
1036 1398 142 42 Ålägges
1204 1404 196 30 advokaten
1425 1414 43 20 en
1492 1404 117 31 alltför

103 1446 84 32 tung
212 1443 110 30 börda
347 1443 11 29 i
387 1444 91 29 detta
505 1445 178 34 avseende,
712 1445 70 30 kan
810 1445 93 30 detta
931 1446 142 30 komma
1101 1449 49 27 att
1176 1447 180 29 motverka
1383 1447 42 30 de
1451 1445 158 38 åsyftade

103 1485 254 36 verkningarna
386 1495 42 20 av
456 1486 67 29 den
550 1485 202 37 ifrågasatta
779 1487 271 36 lagstiftningen.
1093 1488 64 30 Vid
1185 1489 233 30 bedömandet
1447 1499 41 20 av
1517 1490 92 33 detta

102 1526 170 36 spörsmål
288 1526 57 31 får
360 1537 83 20 man
460 1528 75 30 icke
551 1528 138 36 förbise,
709 1533 49 26 att
775 1539 43 20 en
835 1533 69 26 stor
921 1531 54 29 del
993 1540 42 20 av
1050 1531 134 30 landets
1200 1531 189 30 advokater
1406 1532 76 29 leva
1499 1532 110 30 under

103 1569 74 30 små
200 1569 227 31 ekonomiska
449 1569 245 32 förhållanden
715 1572 66 29 och
803 1575 50 27 att
876 1573 42 29 de
938 1573 12 29 i
972 1576 71 26 stor
1064 1573 239 37 utsträckning
1326 1574 132 36 nödgas
1480 1574 129 36 bevilja

102 1612 75 29 sina
201 1612 145 30 klienter
368 1611 199 37 långvariga
591 1614 158 30 krediter.

148 1654 62 30 Det
233 1655 38 29 är
293 1655 174 36 antagligt,
493 1659 48 26 alt
566 1656 86 30 även
676 1657 55 30 det
755 1666 48 20 nu
826 1657 219 31 behandlade
1069 1657 205 36 spörsmålet
1298 1659 111 30 skulle
1433 1659 90 31 lösas
1546 1660 61 29 lät-

102 1699 81 32 tare,
207 1706 57 20 om
286 1697 240 36 skyldigheten
548 1701 49 27 att
620 1699 98 30 ställa
741 1699 161 31 säkerhet
924 1700 210 31 inordnades
1158 1710 74 21 som
1256 1704 45 27 ett
1322 1702 56 29 led
1400 1702 10 29 i
1434 1702 91 30 vissa
1548 1702 60 30 all-

101 1739 129 30 männa
256 1739 219 31 föreskrifter
499 1741 148 30 rörande
672 1742 269 35 advokatyrkets
966 1743 183 30 utövande.
1189 1743 82 30 Man
1297 1744 110 30 skulle
1434 1745 175 35 nämligen

102 1781 9 28 i
136 1780 37 31 så
194 1781 62 30 fall
279 1782 119 31 kunna
421 1783 109 29 räkna
552 1784 80 29 med
654 1787 48 26 att
723 1784 42 30 de
786 1784 228 36 föreskrifter,
1039 1795 74 20 som
1136 1786 10 29 i
1168 1785 258 38 förebyggande
1448 1787 88 36 syfte
1558 1787 49 30 in-

103 1823 124 35 fördes,
247 1824 139 30 komme
404 1828 48 26 att
470 1826 176 35 strängare
663 1826 180 31 efterlevas
861 1828 64 29 och
944 1831 48 27 att
1009 1828 239 36 skyldigheten
1266 1832 48 26 att
1332 1830 100 29 ställa
1449 1830 159 30 säkerhet

102 1865 92 37 förty
220 1866 110 30 skulle
354 1867 120 30 kunna
499 1867 170 31 utformas
694 1878 74 20 som
795 1879 42 20 en
861 1869 55 30 för
940 1879 83 22 rena
1048 1871 259 36 undantagsfall
1333 1872 129 30 avsedd
1488 1872 119 30 skade-

102 1908 232 35 upprättande
354 1908 130 36 åtgärd.

148 1949 55 30 Ett
227 1954 107 27 annat
357 1950 180 36 spörsmål,
561 1961 74 20 som
659 1953 63 29 bör
744 1955 101 33 göras
869 1954 50 29 till
943 1953 147 31 föremål
1114 1954 55 30 för
1193 1956 193 36 utredning,
1412 1957 38 28 är
1474 1955 133 37 frågan,

102 1992 67 29 hur
192 2001 82 20 man
298 1993 9 28 i
332 1996 45 27 ett
402 1994 143 29 aktuellt
570 1994 61 30 fall
657 1994 43 36 på
724 1999 45 26 ett
796 1995 209 36 tillförlitligt
1030 1998 66 29 sätt
1121 1998 87 29 skall
1233 1999 136 34 avgöra,
1396 1998 92 31 vilka
1514 1998 93 30 ford-

102 2034 115 36 ringar
240 2044 75 20 som
341 2036 60 29 iro
425 2046 42 19 av
491 2037 66 29 den
581 2037 254 36 beskaffenhet,
860 2041 50 28 att
933 2039 236 30 innehavaren
1193 2040 64 30 har
1282 2050 42 20 en
1348 2040 260 31 företrädesrätt

103 2077 49 28 till
176 2077 213 30 säkerheten.
427 2078 13 29 I
464 2078 110 36 Norge
597 2079 63 30 har
684 2089 82 21 man
789 2081 66 30 löst
879 2082 92 29 detta
993 2082 158 35 problem
1175 2081 46 37 så,
1246 2086 48 26 att
1318 2082 45 31 då
1386 2086 46 27 ett
1455 2083 153 37 anspråk

101 2128 41 20 av
165 2120 91 29 detta
278 2120 72 36 slag
373 2121 107 29 riktas
502 2125 72 26 mot
596 2132 41 19 en
661 2123 151 30 advokat
834 2125 65 28 och
923 2124 75 30 icke
1020 2124 190 37 omgående
1231 2135 42 20 av
1296 2126 129 29 honom
1449 2128 156 33 regleras,

102 2159 55 30 får
200 2161 232 30 »skifteretten»
458 2165 77 33 taga
556 2164 94 29 hand
672 2174 56 19 om
749 2165 214 30 säkerheten.
998 2166 123 30 Rätten
1141 2168 169 28 anmodar
1331 2176 124 27 genom
1477 2168 130 36 kungö-

102 2203 85 29 relse
210 2204 117 35 övriga
350 2204 287 36 fordringsägare,
664 2216 73 20 som
761 2206 105 31 också
889 2217 82 20 anse
995 2208 50 36 sig
1068 2209 45 29 ha
1136 2208 260 31 företrädesrätt
1419 2210 50 29 till
1493 2211 114 29 säker-

103 2244 110 32 heten,
235 2248 48 26 att
305 2246 95 29 inom
423 2247 67 29 viss
514 2248 45 28 tid
581 2249 136 29 anmäla
740 2250 59 34 sig,
822 2250 56 29 vid
900 2251 143 35 äventyr
1064 2254 48 26 att
1134 2251 40 29 de
1196 2251 97 35 eljest
1313 2252 131 30 förlora
1467 2253 52 29 sin
1539 2249 67 44 pri-

103 2287 203 34 vilegierade
334 2289 170 34 ställning.
545 2289 150 35 Uppstår
722 2291 124 29 härvid
874 2292 79 29 tvist
979 2302 57 19 om
1064 2295 46 27 ett
1136 2295 131 27 anmält
1295 2294 85 29 krav
1408 2295 38 28 är
1472 2305 41 19 av
1541 2296 65 28 den

102 2329 252 35 beskaffenhet,
382 2333 44 26 all
456 2331 55 29 det
536 2332 38 28 är
599 2332 134 29 förenat
759 2334 79 28 med
864 2333 259 31 företrädesrätt
1151 2335 47 29 till
1225 2336 214 35 säkerheten,
1466 2338 141 34 avgöres

103 2371 112 29 denna
241 2371 78 29 tvist
343 2382 42 19 av
410 2373 119 29 rätten.
568 2373 63 30 Det
655 2375 38 28 är
718 2375 88 29 även
832 2376 121 34 rätten,
980 2386 74 19 som
1079 2377 152 30 fördelar
1256 2378 222 30 säkerhetens
1503 2380 104 28 värde

103 2413 125 29 mellan
248 2413 41 29 de
309 2414 259 35 privilegierade
590 2416 303 35 fordringsägarna
914 2418 7 29 i
943 2417 220 31 förhållande
1185 2420 48 28 till
1254 2421 172 28 storleken
1446 2431 42 19 av
1508 2422 99 28 deras

105 2455 203 34 fordringar.
347 2456 63 28 Om
437 2466 40 19 en
502 2458 193 36 anordning
720 2469 41 19 av
785 2460 91 30 detta
903 2461 71 34 slag
999 2464 82 26 utan
1108 2461 116 30 vidare
1249 2462 68 29 kan
1341 2462 132 30 införas
1499 2463 6 29 i
1534 2462 73 31 vårt
