2226 2622
402 195 39 30 10
558 193 122 31 Första
704 193 209 31 kammarens
930 193 141 39 första
1094 192 178 42 tillfälliga
1294 195 141 32 utskotts
1458 195 177 32 utlåtande
1656 196 53 31 Nr
1730 200 50 28 11.

358 270 143 35 kallelse,
529 270 79 29 eller
630 279 71 21 som
724 269 234 39 undantagsvis
981 270 102 30 önska
1105 271 69 30 helt
1196 273 82 36 ägna
1300 272 49 38 sig
1371 273 34 30 åt
1428 271 101 31 sådan
1552 272 111 39 tjänst,
1688 273 82 31 hava
1792 273 192 31 förberedel-

359 322 49 21 ser
440 312 153 37 vidtagits
627 321 40 22 av
699 311 301 40 Diakonistyrelsen
1034 312 59 30 och
1128 313 307 38 Sigtunastiftelsen,
1460 315 42 38 på
1523 316 64 28 sätt
1612 315 104 38 bilaga
1738 316 26 29 B
1787 315 60 31 och
1872 315 24 30 C
1919 326 65 20 om-

358 354 74 30 tala.
479 353 154 31 Sistlidne
666 354 75 30 höst
773 354 148 31 stiftades
956 357 46 28 ett
1035 354 321 31 lekmannaförbund
1389 356 284 39 Kyrkobröderna,
1707 368 69 20 som
1800 361 91 27 ännu
1913 358 71 30 icke

359 398 106 28 ansett
487 396 48 38 sig
558 397 77 29 böra
658 396 178 30 framträda
859 397 11 29 i
893 397 255 38 offentligheten,
1173 407 75 20 men
1271 407 72 21 vars
1367 398 153 31 ändamål
1543 400 35 29 så
1601 401 77 28 nära
1694 402 291 29 överensstämmer

358 437 76 31 med
456 438 184 30 motionens
662 439 96 39 syfte,
781 441 47 27 att
850 439 55 39 jag
930 448 92 21 anser
1044 440 67 37 mig
1134 440 78 30 böra
1234 439 108 39 bifoga
1365 440 291 40 Kyrkobrödernas
1679 451 158 29 program.
1873 442 111 39 Bilaga

358 480 38 30 D.
442 480 47 30 De
523 481 122 36 kurser,
669 490 70 21 som
767 481 301 39 Diakonistyrelsen
1092 483 42 37 på
1156 491 109 21 senare
1288 483 34 28 år
1346 483 160 30 anordnat
1529 484 61 29 och
1613 493 70 20 som
1707 486 73 28 rönt
1802 485 60 30 allt
1885 488 99 27 större

358 523 200 38 anslutning,
582 523 84 30 hava
688 524 11 28 i
722 523 158 38 väsentlig
903 525 78 29 mån
1004 526 104 28 avsett
1131 527 47 27 att
1200 524 171 30 intressera
1394 524 132 31 lekmän
1548 525 51 29 för
1621 525 55 30 det
1698 526 148 38 religiösa
1861 528 124 29 arbetet

358 565 61 29 och
442 565 120 40 främja
585 567 92 28 deras
700 565 193 38 deltagande
916 565 78 31 däri.
1040 566 110 38 Bilaga
1173 566 35 30 E.
1255 566 137 30 Särskilt
1413 566 178 31 värdefullt
1613 570 35 27 är
1670 567 55 31 det
1745 568 144 37 intresse,
1914 579 70 20 som

359 607 168 37 därvidlag
560 607 185 39 ådagalagts
777 617 39 20 av
849 607 217 31 medlemmar
1089 618 40 20 av
1152 608 212 30 lärarekåren.
1411 608 281 40 Symptomatiska
1714 610 192 30 uttalanden
1930 621 54 20 om

358 649 214 31 lekmännens
606 649 158 39 ställning
796 650 11 29 i
830 649 128 40 kyrkan
982 650 83 30 hava
1088 651 42 38 på
1153 660 109 21 senare
1285 648 50 33 tid
1358 651 211 30 förekommit
1591 652 11 29 i
1625 660 70 21 mer
1717 655 41 27 än
1782 662 40 20 en
1846 662 40 21 av
1908 654 77 29 våra

358 691 128 38 dagliga
518 691 174 39 tidningar,
726 692 11 29 i
770 692 188 30 tidskriften
992 692 65 30 Vår
1084 693 104 30 Lösen
1210 693 117 38 (bilaga
1350 693 37 38 F)
1410 693 60 30 och
1494 694 11 29 i
1528 693 100 30 andra
1650 694 147 39 religiösa
1819 695 166 39 tidningar

358 743 41 21 av
422 733 106 31 skilda
549 734 190 38 riktningar.

495 776 76 30 Man
606 777 66 29 kan
705 786 77 21 vara
815 776 160 36 tveksam,
1000 776 161 31 huruvida
1183 776 61 30 den
1268 786 39 20 av
1330 778 203 29 motionären
1556 777 180 39 föreslagna
1758 779 126 30 formen
1909 780 76 30 med

360 818 358 38 kyrkostämmobeslut
739 828 43 20 m.
806 828 44 20 m.
874 821 36 27 är
933 818 62 30 den
1018 819 206 39 lämpligaste
1247 819 50 30 för
1320 822 47 27 att
1390 822 65 28 rätt
1476 820 68 30 lösa
1567 819 63 31 den
1652 821 67 29 lika
1741 821 153 38 ömtåliga
1914 832 70 19 som

359 860 239 39 oundgängliga
632 861 181 39 uppgiften.
859 860 70 30 Allt
963 870 70 20 som
1057 861 64 30 kan
1144 864 90 36 göras
1259 861 10 29 i
1293 862 219 30 motionärens
1535 862 222 31 välförstådda
1779 864 85 39 syfte
1888 874 96 29 synes

359 902 68 38 mig
460 912 76 21 vara
569 906 71 28 värt
672 905 236 38 uppmuntran.
954 903 80 30 Gott
1066 913 75 20 vore
1175 913 53 20 om
1262 903 309 40 Diakonistyrelsen,
1606 914 70 21 som
1700 905 192 31 tillkommit
1915 906 70 30 icke

359 945 101 29 minst
483 945 75 31 med
580 946 100 30 tanke
704 946 40 38 på
766 944 194 32 hithörande
983 946 157 38 problem,
1163 945 109 30 kunde
1294 946 49 30 för
1367 946 90 30 detta
1479 946 152 31 ändamål
1654 947 75 30 med
1744 948 46 38 sig
1807 947 178 40 adjungera

359 996 151 29 personer
532 988 72 30 från
627 988 56 30 det
704 988 192 39 frikyrkliga
918 988 110 36 lägret.
1073 988 16 29 I
1112 989 88 39 varje
1223 988 58 30 fall
1304 989 58 29 vill
1385 989 55 39 jag
1462 989 11 29 i
1495 988 259 40 underdånighet
1777 990 139 37 förorda,
1939 994 46 26 att

360 1038 151 29 personer
534 1030 75 29 med
633 1030 140 38 kristligt
795 1030 48 29 nit
866 1030 61 30 och
950 1030 147 30 förstånd
1121 1033 86 27 samt
1229 1030 76 30 med
1328 1030 99 39 nödig
1450 1031 183 31 erfarenhet
1655 1033 101 29 måtte
1780 1033 105 30 betros
1909 1033 76 30 med

359 1070 62 30 den
446 1071 173 39 utredning
642 1072 202 30 motionären
867 1071 142 30 föreslår.

1723 1340 69 31 Bil.
1816 1342 31 29 2.

799 1421 161 31 Yttrande
983 1431 41 21 av
1048 1421 153 40 biskopen
1223 1424 73 29 över
1318 1422 121 32 Lunds
1461 1423 83 39 stift.

501 1508 59 29 Att
575 1506 56 30 det
646 1509 34 27 är
695 1507 11 29 i
722 1506 62 38 hög
806 1506 78 38 grad
900 1505 164 39 behövligt
1086 1506 60 30 och
1175 1507 160 36 önskvärt,
1360 1510 47 27 att
1430 1508 10 29 i
1463 1507 325 39 församlingsvården
1811 1511 82 29 även
1917 1509 67 30 där-

362 1549 52 30 till
437 1548 131 39 dugliga
591 1549 61 30 och
675 1548 112 42 villiga
809 1548 133 30 lekmän
965 1548 132 30 komme
1131 1551 47 28 att
1202 1549 103 31 aktivt
1328 1549 138 39 deltaga,
1491 1550 89 30 torde
1603 1560 75 20 vara
1702 1551 121 38 ganska
1846 1551 139 30 allmänt

362 1591 81 30 känt
465 1591 60 30 och
548 1591 124 29 erkänt.
718 1591 90 29 Aven
833 1590 113 30 därom
969 1593 34 27 är
1026 1590 77 29 eller
1125 1591 197 30 åtminstone
1339 1592 57 29 bör
1412 1602 77 20 man
1505 1602 76 21 vara
1603 1593 183 39 övertygad,
1810 1596 47 27 att
1879 1594 106 29 vilkor

362 1634 50 29 för
446 1636 47 27 ett
525 1633 259 38 välsignelserikt
816 1633 117 29 sådant
965 1632 191 38 deltagande
1188 1635 44 34 är,
1266 1637 48 27 att
1346 1634 124 30 mellan
1504 1637 108 36 pastor
1645 1635 61 29 och
1742 1635 263 31 vederbörande
1987 1628 22 49 .

362 1676 132 29 lekmän
517 1675 63 30 blir
603 1678 46 27 ett
670 1674 271 37 förtroendefullt,
965 1674 137 38 verkligt
1124 1675 188 31 samarbete.

495 1717 177 30 Formerna
694 1718 50 28 för
766 1717 196 30 samarbetet
984 1718 103 28 måste
1111 1717 46 29 bli
1180 1718 129 38 mycket
1331 1718 163 30 växlande
1516 1718 80 30 efter
1619 1718 105 31 skilda
1739 1719 244 38 församlingars

361 1759 88 30 olika
472 1759 104 31 behov
609 1760 61 29 och
705 1759 213 39 möjligheter.
963 1759 113 37 Någon
1113 1759 137 30 allmänt
1282 1760 151 38 gällande
1456 1760 204 39 lagstiftning
1682 1762 50 28 för
1755 1760 116 31 sådant
1893 1761 92 30 torde

361 1802 159 37 svårligen
543 1802 114 29 kunna
679 1802 180 34 utarbetas;
883 1803 79 28 utan
986 1801 47 29 lär
1054 1800 53 30 väl
1141 1801 11 29 i
1175 1801 39 30 de
1252 1802 78 30 allra
1353 1802 92 30 flesta
1467 1802 60 30 fall
1561 1803 250 38 frivillighetens
1845 1804 61 29 och
1930 1804 54 29 fri-

362 1844 113 29 hetens
498 1846 60 35 väg
580 1853 76 21 vara
679 1843 63 30 den
765 1843 84 30 enda
871 1843 238 38 framkomliga.
1155 1844 95 30 Detta
1283 1844 133 30 hindrar
1450 1844 83 31 dock
1567 1846 41 36 ej,
1632 1847 48 28 att
1702 1846 97 37 några
1821 1845 164 40 riktlinjer

362 1885 104 30 skulle
489 1885 113 30 kunna
625 1885 156 30 utstakas.
818 1885 201 30 Motionären
1036 1884 146 31 uttalar
1173 1880 17 50 i
1203 1886 50 29 sin
1276 1887 206 37 motivering,
1505 1889 48 27 att
1576 1889 81 28 även
1680 1897 40 20 en
1736 1887 248 39 Domkapitlens

361 1928 244 39 prövningsrätt
628 1928 60 29 och
726 1926 185 39 skyldighet
933 1926 90 30 torde
1047 1927 76 29 böra
1145 1927 137 31 fastslås.
1328 1928 61 38 Jag
1411 1929 191 30 instämmer
1625 1929 108 30 häruti
1755 1929 130 31 särskilt
1908 1929 76 30 med

361 1970 134 30 hänsikt
517 1969 52 30 till
591 1970 85 29 vissa
699 1969 158 30 tänkbara
880 1969 350 30 verksamhetsformer.

495 2012 58 30 Att
576 2012 97 38 något
706 2013 68 36 gott
806 2010 85 31 skall
925 2011 112 29 kunna
1070 2011 219 30 framkomma
1312 2021 71 20 som
1417 2013 135 30 resultat
1579 2022 40 21 av
1642 2012 63 31 den
1728 2013 184 39 föreslagna
1937 2017 48 27 ut-

361 2053 186 39 redningen,
572 2054 64 29 kan
653 2063 77 20 man
752 2053 53 31 väl
828 2056 128 35 antaga.
1012 2053 116 30 Därför
1151 2063 91 21 anser
1264 2054 54 39 jag
1341 2055 67 38 mig
1432 2055 77 30 böra
1531 2055 165 39 tillstyrka
1719 2055 202 31 densamma.
