2220 2620
167 832 138 32 Imgdoms-

152 866 146 25 kurserna.

159 1202 131 25 Instruk-

137 1236 178 25 tionskurser

151 1269 45 31 för
218 1270 82 25 utbil-

152 1303 94 25 dande
267 1312 33 16 av

126 1337 196 32 medhjälpare

149 1372 12 24 i
179 1370 119 31 försam-

124 1405 195 31 Uingsarbetet.

126 1839 93 42 Åtgär
222 1849 48 24 der
281 1848 45 30 för

381 202 38 30 18
539 201 123 32 Första
686 202 209 31 kammarens
911 202 142 39 första
1076 201 178 42 tillfälliga
1276 202 141 32 utskotts
1440 203 175 31 utlåtande
1637 204 53 30 Nr
1712 207 51 28 11.

337 283 46 26 att
415 279 49 29 för
498 278 215 37 fullgörandet
736 288 39 20 av
798 278 50 30 sin
871 279 10 29 i
904 278 188 38 stadgarnas
1115 279 19 37 $
1160 284 14 24 1
1199 282 139 36 angivna
1361 280 131 38 uppgift
1514 279 99 31 verka
1634 281 122 38 jämväl
1777 290 118 51 genom
1919 285 46 26 att

337 320 170 40 uppväcka
529 320 299 31 lekmannakrafter
851 321 50 29 till
923 302 192 56 deltagande
1138 321 10 29 i
1172 321 53 30 det
1248 322 147 39 kyrkliga
1419 322 132 30 arbetet.

472 362 61 30 För
556 372 39 20 en
620 372 88 20 mera
730 363 158 38 ingående
911 363 186 30 kännedom
1120 373 53 19 om
1197 364 60 29 vad
1280 364 297 39 Diakonistyrelsen
1601 365 41 37 på
1664 365 85 30 olika
1765 367 64 28 sätt
1844 366 117 38 åtgjort

336 405 49 28 för
415 406 46 28 att
489 404 81 39 fylla
593 404 88 30 detta
704 406 55 29 sitt
782 406 156 38 uppdrag,
963 407 48 28 får
1034 405 164 39 Styrelsen
1221 407 135 30 hänvisa
1378 407 50 29 till
1452 407 70 29 sina
1547 407 46 28 till
1621 406 80 31 1915
1726 408 61 30 och
1812 408 81 30 1918
1916 409 49 29 års

337 447 165 29 allmänna
525 446 214 39 kyrkomöten
763 449 135 36 avgivna
922 447 194 36 berättelser,
1139 447 87 30 vilka
1252 449 57 28 här
1333 449 141 38 biläggas
1497 447 128 40 (bilaga
1647 450 20 28 4
1692 448 58 31 och
1773 449 39 37 5).

472 488 43 30 På
538 492 46 26 ett
607 489 77 30 eller
707 494 101 25 annat
830 492 62 27 sätt
915 491 49 28 stå
987 490 163 37 nämligen
1175 489 39 30 de
1237 490 80 30 allra
1340 491 92 29 flesta
1454 501 40 20 av
1518 490 39 30 de
1579 501 39 19 av
1634 491 163 38 Styrelsen
1814 493 151 38 vidtagna

336 531 190 37 åtgärderna
549 532 11 28 i
583 535 46 26 ett
652 531 106 30 direkt
781 531 76 30 eller
879 531 142 30 indirekt
1044 532 158 29 samband
1227 532 74 30 med
1324 532 72 30 dess
1413 533 170 30 strävande
1600 535 47 27 att
1663 534 68 29 föra
1747 533 218 41 församlings-

336 573 268 36 medlemmarna,
629 576 75 27 män
728 574 60 29 och
814 574 147 35 kvinnor,
985 575 33 28 in
1042 575 11 28 i
1077 577 45 27 ett
1145 574 101 30 aktivt
1269 571 319 55 församlingsarbete
1612 576 59 29 och
1695 576 111 29 lämna
1829 576 74 31 dem
1919 582 46 26 ut-

336 616 148 37 rustning
507 616 60 28 och
591 597 122 56 sakliga
738 616 198 38 hjälpmedel
960 616 48 29 för
1032 620 46 26 ett
1100 616 162 30 verksamt
1286 616 191 38 deltagande
1500 617 10 28 i
1534 617 191 31 detsamma.
1771 618 96 30 Detta
1882 620 83 37 syfte

337 658 57 28 har
427 660 20 26 t.
473 667 49 19 ex.
548 667 40 19 en
623 658 129 39 mycket
776 661 65 26 stor
864 658 51 30 del
938 669 39 19 av
1000 658 63 30 den
1087 659 201 29 omfattande
1311 659 382 38 föredragsverksamhet,
1718 670 67 20 som
1812 661 151 31 bedrivits

336 709 39 19 av
398 699 39 29 de
461 709 39 19 av
525 700 162 38 Siyrelsen
711 700 158 30 anställda
893 701 188 38 prästerliga
1104 701 227 34 sekreterarna,
1356 701 84 29 velat
1456 703 110 37 tjäna;
1585 702 49 29 till
1650 702 88 30 detta
1754 703 101 37 syftes
1871 705 92 29 främ-

335 741 97 39 jande
456 741 58 29 har
538 742 163 38 Styrelsen
726 743 73 29 låtit
822 743 109 34 utgiva
953 743 88 29 såväl
1067 742 181 38 periodiska
1271 744 130 28 skrifter
1418 753 70 19 som
1506 753 160 28 program-
1683 746 59 28 och
1759 744 206 32 handböcker

338 784 72 29 med
444 793 97 26 mera,
577 786 59 28 och
661 794 125 20 samma
813 785 84 38 syfte
923 786 55 28 har
1000 788 82 27 även
1107 787 80 28 varit
1210 785 323 30 medbestämmande
1556 786 49 29 för
1629 787 163 39 Styrelsen
1815 789 55 28 vid
1894 790 70 29 dess

336 808 276 56 understödjande
635 827 60 29 och
718 826 208 30 anordnande
949 837 39 19 av
1012 827 39 30 de
1074 827 103 30 under
1200 838 110 19 senare
1333 829 34 28 år
1385 827 108 30 hållna
1512 828 118 29 talrika
1646 830 148 38 kyrkliga
1811 830 153 31 kurserna

336 878 37 20 av
397 868 87 29 olika
507 868 76 38 slag.
629 869 46 29 De
699 869 91 29 flesta
813 880 39 18 av
875 869 92 30 dessa
990 870 113 29 kurser
1119 870 42 29 ha
1178 871 79 28 varit
1273 880 24 19 s.
1315 870 29 28 k.
1364 870 282 38 ungdomskurser,
1664 872 60 29 och
1741 871 222 32 erfarenheten

335 910 56 29 har
425 911 91 35 visat,
551 913 48 27 att
632 911 93 30 dessa
752 912 72 29 haft
846 914 64 27 stor
933 912 166 38 betydelse
1123 912 48 29 för
1194 918 46 23 att
1268 913 58 28 hos
1365 922 39 19 en
1428 912 155 30 avsevärd
1606 913 52 30 del
1682 924 39 19 av
1744 913 39 30 de
1807 915 157 30 tusentals

334 963 94 28 unga,
453 962 71 20 som
548 953 103 29 under
674 954 92 29 årens
792 955 76 37 lopp
891 954 133 38 deltagit
1047 954 10 29 i
1081 954 84 36 dem,
1190 955 99 29 väcka
1313 964 39 19 en
1376 954 101 30 sådan
1498 955 115 30 känsla
1628 966 40 19 av
1685 956 280 39 medansvarighet

334 996 10 28 i
368 996 59 28 och
451 995 112 30 kärlek
586 995 50 29 till
662 996 141 38 kyrkans
827 997 143 37 gärning,
995 999 47 27 att
1066 997 39 29 de
1128 997 10 28 i
1161 998 69 28 sina
1253 997 307 38 hemförsamlingar
1584 999 145 38 erbjudit
1752 999 47 36 sig
1823 1002 46 27 att
1892 1003 72 34 taga

334 1038 89 28 aktiv
456 1038 51 28 del
533 1040 8 26 i
565 1037 339 38 församlingsarbetet.
952 1039 44 28 De
1031 1039 91 29 flesta
1156 1049 38 20 av
1228 1039 84 35 dem,
1348 1049 69 19 som
1452 1049 45 19 nu
1531 1040 49 28 stå
1614 1050 70 20 som
1708 1021 217 63 medhjälpare
1944 1025 19 45 i

335 1079 147 38 kyrkliga
505 1073 304 57 barngudstjänster
832 1080 59 29 och
915 1080 248 38 söndagsskolor
1185 1083 59 27 och
1268 1091 70 19 som
1363 1081 213 39 gruppledare
1599 1083 10 28 i
1627 1083 150 38 kyrkliga
1792 1083 170 38 ungdoms-

336 1122 121 29 kretsar
481 1121 82 30 hava
586 1121 62 29 fått
671 1122 71 28 sina
764 1122 156 38 impulser
943 1122 54 29 vid
1018 1104 96 48 dessa
1137 1123 287 38 ungdomskurser.

469 1205 62 30 För
565 1208 47 27 att
640 1205 4 29 i
668 1206 105 37 någon
807 1206 76 29 mån
908 1206 71 37 giva
1002 1205 39 30 de
1066 1207 41 37 på
1131 1207 86 29 olika
1239 1209 64 27 sätt
1325 1207 50 28 för
1398 1206 148 38 frivilligt
1569 1207 193 38 deltagande
1786 1210 10 28 i
1821 1209 141 39 kyrkans

336 1248 206 29 verksamhet
564 1248 211 29 intresserade
798 1248 163 29 krafterna
984 1258 39 19 en
1048 1258 88 19 mera
1160 1249 197 37 planmässig
1381 1232 188 55 utbildning
1592 1250 58 29 har
1666 1251 296 39 Diakonistyrelsen

335 1289 98 30 sedan
469 1290 82 29 1914
584 1290 121 37 årligen
740 1290 158 30 anordnat
921 1300 38 19 en
984 1296 46 24 tre
1054 1290 131 30 veckors
1208 1291 295 30 instruktionskurs
1527 1292 49 30 för
1600 1293 193 30 utbildande
1816 1304 40 19 av
1879 1294 85 29 med-

338 1332 142 37 hjälpare
504 1333 10 28 i
537 1332 339 38 församlingsarbetet.
923 1333 127 29 Sådana
1074 1333 112 29 kurser
1209 1334 40 28 ha
1272 1334 111 28 hållits
1400 1333 10 28 i
1427 1333 160 37 Västerås,
1606 1334 185 34 Skellefteå,
1810 1336 152 34 Mörrum,

337 1374 162 30 Vadstena
533 1375 60 28 och
617 1375 129 34 Arvika,
771 1375 60 29 och
855 1377 33 26 är
911 1375 48 29 för
982 1375 218 29 innevarande
1223 1377 33 27 år
1280 1376 153 38 planerad
1456 1379 46 26 att
1525 1379 59 35 äga
1606 1387 73 19 rum
1702 1378 11 28 i
1736 1378 112 29 Arbrå.
1895 1379 68 28 Del-

337 1416 228 38 tagareantalet
599 1417 56 29 har
682 1417 110 29 växlat
819 1417 118 29 mellan
962 1418 39 28 53
1025 1417 60 29 och
1111 1417 90 38 högst
1224 1418 49 28 99.
1320 1418 100 29 Dessa
1443 1419 345 30 instruktionskursers
1813 1429 148 29 program

336 1460 40 28 ha
400 1458 150 39 upptagit
583 1459 146 37 föredrag
752 1468 54 20 om
830 1459 140 39 kyrkans
994 1459 155 38 ställning
1172 1460 58 28 och
1254 1460 140 38 uppgift,
1418 1460 62 29 den
1505 1461 206 41 evangeliska
1736 1462 227 30 kristendoms-

335 1501 268 39 uppfattningens
637 1501 211 30 trosinnehåll
883 1501 59 30 och
976 1511 53 20 om
1065 1501 40 30 de
1139 1504 142 27 närmast
1314 1502 217 37 föreliggande
1566 1504 316 38 arbetsuppgifterna
1915 1505 49 29 för

335 1543 290 31 åstadkommande
660 1554 39 19 av
722 1547 46 26 ett
791 1544 103 29 rikare
916 1544 255 37 församlingsliv
1198 1544 59 29 och
1281 1554 39 20 en
1344 1544 187 30 effektivare
1556 1545 292 36 församlingsvård.
1895 1546 68 29 Del-

335 1589 130 34 tagarna
500 1586 42 28 ha
575 1586 103 38 själva
712 1586 62 30 fått
805 1585 137 38 fullgöra
965 1596 39 19 en
1028 1586 53 29 del
1104 1586 164 38 praktiska
1291 1588 164 36 övningar.
1502 1585 16 31 I
1542 1586 40 30 de
1605 1588 79 30 allra
1708 1588 92 30 flesta
1823 1588 59 29 fall
1905 1589 59 28 har

336 1628 124 39 kyrkan
495 1628 10 29 i
539 1627 185 39 deltagarna
757 1629 10 28 i
805 1627 92 30 dessa
930 1628 327 29 instruktionskurser
1290 1630 118 28 vunnit
1442 1639 39 19 en
1505 1630 154 29 avsevärd
1683 1630 94 30 skara
1801 1630 161 38 frivilliga,

335 1670 177 30 oavlönade
535 1670 130 35 krafter,
689 1680 69 20 som
782 1671 10 29 i
815 1670 70 29 sina
902 1672 160 28 hemorter
1078 1673 74 35 göra
1167 1681 38 18 en
1222 1675 109 33 trogen
1348 1671 113 29 insatts
1478 1672 10 28 i
1504 1671 50 30 sin
1571 1671 204 39 församlings
1798 1673 55 35 liv,
1870 1673 93 29 fram-

335 1712 109 30 förallt
456 1722 69 20 som
543 1712 221 39 medhjälpare
780 1714 10 28 i
806 1714 89 28 barn-
911 1713 59 29 och
987 1713 294 36 ungdomsarbetet,
1298 1713 105 30 vadan
1420 1713 93 30 alltså
1528 1713 92 31 dessa
1636 1714 327 30 instruktionskurser

335 1755 89 30 torde
447 1755 142 38 förtjäna
611 1765 38 19 en
674 1755 127 30 erinran
825 1756 10 28 i
858 1754 158 31 samband
1040 1755 76 29 med
1139 1755 38 29 de
1194 1756 177 35 önskemål,
1388 1757 33 28 åt
1436 1755 88 30 vilka
1540 1757 165 29 motionen
1721 1756 86 38 giver
1823 1757 138 38 uttryck.

470 1838 191 30 Emellertid
684 1839 122 37 åsyftar
828 1840 36 36 ju
888 1840 202 29 motionären
1107 1838 142 38 tydligen
1267 1840 10 28 i
1293 1839 101 30 första
1412 1839 87 30 hand
1516 1839 217 30 anställandet
1749 1850 39 19 av
1806 1840 156 30 avlönade

124 1881 198 34 upprättande
336 1880 410 39 lekmannamedhjälpare,
770 1881 88 30 vilka
883 1881 109 29 kunna
1017 1880 126 30 biträda
1166 1881 236 39 prästerskapet
1424 1882 122 37 jämväl
1571 1882 75 29 med
1668 1881 209 39 predikande.

126 1925 34 17 av
172 1924 33 17 en
217 1916 110 25 anstalt

151 1950 45 31 för
214 1950 86 25 utbil-

152 1984 94 25 dande
265 1992 34 16 av

163 2018 59 31 fast
240 2026 50 16 an-

133 2051 108 26 ställda
261 2051 88 27 lek-
333 2047 21 39 a

166 2093 120 17 manna-

158 2119 139 32 hjälpare.

471 1922 297 39 Diakonistyrelsen
792 1932 92 20 anser
907 1924 47 36 sig
977 1923 76 29 böra
1077 1922 156 35 meddela,
1258 1925 46 26 att
1321 1923 163 39 Styrelsen
1501 1924 71 29 haft
1587 1924 112 37 frågan
1716 1933 53 20 om
1786 1924 177 30 vinnandet

337 1975 38 19 av
409 1964 403 39 lekmannamedhjälpare
846 1967 81 27 även
950 1965 10 28 i
983 1965 107 29 denna
1123 1964 84 30 form
1240 1964 104 30 under
1377 1966 157 36 ingående
1569 1967 227 37 överläggning
1831 1967 58 29 och
1913 1967 49 29 för

337 2008 70 29 dess
430 2007 134 30 lösande
587 2006 137 38 vidtagit
747 2009 63 27 rätt
833 2007 88 37 långt
944 2008 122 28 komna
1089 2006 231 30 förberedande
1343 2007 155 38 åtgärder,
1524 2008 89 30 vilka
1636 2009 112 29 kunna
1772 2018 92 20 anses
1887 2019 76 21 vara

336 2060 38 19 av
397 2050 53 29 det
473 2049 145 42 intresse,
643 2053 46 25 att
712 2049 40 29 de
776 2050 57 28 här
857 2050 96 35 något
976 2049 187 37 utförligare
1186 2051 205 28 omnämnas.

470 2084 45 36 År
552 2091 80 29 1911
667 2091 193 29 hemställde
894 2075 208 45 Hernösands
1136 2091 85 29 stifts
1255 2094 176 36 prästmöte
1466 2102 114 27 genom
1616 2092 118 29 stiftets
1769 2092 124 39 biskop,
1917 2095 46 26 att

336 2133 294 39 Diakonistyrelsen
665 2134 100 29 måtte
799 2136 73 35 taga
905 2133 105 30 under
1045 2133 195 48 behandling
1273 2134 112 37 frågan
1419 2143 54 20 om
1507 2134 207 30 utbildandet
1747 2144 40 20 av
1822 2134 141 39 kyrkligt

335 2175 134 30 sinnade
492 2176 133 29 lekmän
649 2175 49 30 till
723 2178 181 36 prästernas
930 2176 91 38 hjälp
1045 2176 11 28 i
1079 2175 339 38 församlingsarbetet.
1459 2176 121 39 Biskop
1605 2177 36 29 N.
1666 2177 145 36 Lövgren
1828 2177 135 35 föreslog

336 2218 115 35 tillika,
488 2221 46 26 att
568 2218 299 39 Diakonietyrelsen
902 2219 99 28 måtte
1024 2218 11 29 i
1058 2218 159 29 samband
1251 2218 74 30 med
1349 2218 88 30 detta
1460 2219 127 34 ärende,
1612 2226 69 22 som
1705 2219 97 37 avsåg
1825 2219 64 29 fast
1912 2228 51 19 an-

336 2243 158 46 ställande
528 2270 40 20 av
602 2260 129 29 särskilt
764 2259 168 30 utbildade
966 2260 143 36 lekmän,
1144 2262 80 28 även
1259 2260 161 30 behandla
1453 2261 113 38 frågan
1602 2270 53 20 om
1678 2260 224 30 anordnandet
1925 2269 38 20 av
