1916 2796
500 163 436 35 Konstitutionsutskottets
965 166 175 32 utlåtande
1168 168 48 30 Nr
1234 165 48 35 19.
1625 160 15 35 i

810 441 59 39 Nr
897 441 60 39 19.

508 546 124 26 Ankom
656 546 45 26 till
725 546 175 34 riksdagens
924 547 100 26 kansli
1047 547 60 26 den
1130 547 38 26 28
1193 548 61 33 maj
1282 547 78 27 1938
1384 548 41 26 kl.
1454 549 32 25 11
1514 548 19 27 f.
1559 555 41 20 m.

360 656 437 30 Konstitutionsutskottets
828 656 176 30 utlåtande
1034 658 10 28 i
1074 657 185 37 anledning
1291 667 41 20 av
1364 658 123 36 Kungl.
1522 658 118 36 Maj:ts

580 708 215 36 proposition
837 708 49 29 till
927 707 186 37 riksdagen
1142 709 79 28 med
1250 708 129 37 förslag
1409 708 49 30 till
1491 709 149 35 omlägg-

580 759 82 35 ning
687 768 41 19 av
753 758 67 30 den
844 758 134 30 direkta
1003 758 353 37 statsbeskattningen
1380 769 44 21 m.
1453 769 57 28 m.,
1539 761 9 28 i
1575 759 65 30 vad

576 810 259 35 propositionen
856 809 178 30 hänvisats
1046 809 50 30 till
1107 809 533 38 konstitutionsutskottet,även-

582 869 74 20 som
677 861 10 28 i
710 861 116 28 ämnet
847 860 124 30 väckta
994 861 179 30 motioner.

180 960 65 30 Till
277 960 431 30 konstitutionsutskottets
739 961 262 36 handläggning
1033 962 90 30 hava
1154 961 91 32 båda
1278 963 187 31 kamrarna
1498 964 66 29 den
1598 964 40 29 29

135 1019 93 22 mars
256 1011 84 30 1938
364 1011 161 30 hänvisat
549 1021 43 20 en
618 1021 42 20 av
686 1012 122 35 Kungl.
835 1011 101 37 Maj:t
963 1012 51 30 till
1041 1013 185 35 riksdagen
1250 1012 136 31 avlåten
1413 1014 224 36 proposition,

134 1070 40 21 nr
193 1062 73 35 258,
286 1062 79 30 med
384 1061 128 36 förslag
533 1062 51 30 till
602 1062 220 36 omläggning
841 1072 42 21 av
902 1063 67 30 den
989 1063 135 30 direkta
1144 1064 350 36 statsbeskattningen
1516 1074 44 21 m.
1581 1074 55 26 m.,

135 1112 10 29 i
169 1112 67 29 vad
261 1112 258 36 propositionen
543 1113 145 29 innebär
713 1113 261 35 framläggande
1000 1114 54 29 för
1080 1114 183 36 riksdagen
1288 1125 41 20 av
1355 1115 114 30 nedan
1497 1116 141 35 intagna

134 1162 129 36 förslag
280 1163 52 29 till

181 1209 30 39 1)
239 1213 55 36 lag
320 1212 176 37 angående
521 1214 133 29 ändrad
678 1214 128 37 lydelse
829 1224 40 20 av
896 1215 39 29 67
965 1215 17 37 8
1006 1215 98 35 lagen
1130 1215 65 30 den
1221 1217 19 28 6
1265 1216 74 36 juni
1366 1217 83 30 1930
1479 1211 53 40 (nr
1557 1217 75 40 251)

134 1273 57 20 om
210 1264 349 37 kommunalstyrelse
580 1263 45 38 på
644 1265 129 33 landet;

184 1314 31 38 2)
246 1315 54 35 lag
326 1314 176 36 angående
526 1315 134 30 ändrad
683 1315 128 37 lydelse
835 1326 41 20 av
899 1317 40 28 62
966 1317 17 36 8
1009 1317 98 35 lagen
1132 1317 65 30 den
1223 1319 19 27 6
1265 1317 75 37 juni
1368 1319 83 29 1930
1481 1317 53 40 (nr
1558 1320 74 33 252)

134 1374 57 19 om
209 1365 349 37 kommunalstyrelse
575 1366 10 29 i
603 1367 89 34 stad;

178 1415 31 39 3)
237 1416 55 35 lag
314 1415 176 36 angående
513 1416 134 30 ändrad
668 1417 129 36 lydelse
819 1427 41 20 av
885 1418 40 29 54
951 1419 18 35 $
990 1418 102 35 lagen
1115 1418 66 30 den
1209 1420 36 28 15
1269 1418 75 37 juni
1369 1420 82 29 1935
1480 1419 53 40 (nr
1556 1421 75 38 337)

134 1474 57 21 om
212 1466 348 36 kommunalstyrelse
581 1467 10 29 i
614 1466 214 37 Stockholm;

178 1515 31 38 4)
237 1515 55 37 lag
312 1515 177 37 angående
508 1517 134 30 ändrad
662 1518 128 35 lydelse
811 1528 41 20 av
873 1519 18 28 2
913 1519 18 36 $
951 1519 98 35 lagen
1072 1519 65 29 den
1161 1520 19 28 6
1198 1519 76 36 juni
1297 1521 82 29 1930
1406 1520 52 39 (nr
1479 1521 74 39 262)
1580 1531 57 20 om

134 1566 219 37 skolstyrelse
373 1567 10 29 i
405 1568 91 29 vissa
515 1568 221 35 kommuner;

178 1612 33 40 5)
238 1617 55 36 lag
315 1617 177 36 angående
515 1618 134 30 ändrad
671 1619 127 35 lydelse
821 1629 42 20 av
888 1620 36 28 17
950 1620 18 36 8
994 1620 98 35 lagen
1118 1621 65 29 den
1206 1622 41 29 28
1270 1622 71 37 maj
1368 1623 80 29 1937
1480 1622 53 39 (nr
1557 1619 77 39 249)

139 1676 58 20 om
213 1667 294 37 inskränkningar
525 1669 10 29 i
553 1670 110 29 rätten
682 1673 48 26 att
748 1670 225 31 utbekomma
991 1670 178 31 allmänna
1188 1672 217 36 handlingar.

179 1718 225 31 Beträffande
432 1719 248 36 motiveringen
712 1720 54 29 för
797 1721 40 30 de
868 1721 228 31 förevarande
1127 1722 230 36 lagförslagen
1388 1723 54 30 får
1472 1725 164 30 utskottet

134 1767 146 32 hänvisa
302 1768 50 31 till
379 1769 55 30 det
460 1769 259 37 propositionen
743 1771 138 36 bilagda
905 1772 159 36 utdraget
1089 1783 42 20 av
1156 1773 376 37 statsrådsprotokollet
1558 1776 79 29 över

135 1817 269 32 finansärenden
423 1820 66 30 den
511 1821 38 29 12
569 1830 93 21 mars
685 1822 93 29 1938.

179 1869 12 29 I
218 1869 170 30 samband
413 1871 78 29 med
516 1871 258 36 propositionen
800 1873 62 29 har
888 1873 166 29 utskottet
1078 1873 50 29 till
1153 1873 210 37 behandling
1387 1875 153 31 förehaft
1565 1876 72 30 dels

137 1920 175 29 motionen
332 1929 41 20 nr
391 1921 62 29 455
472 1921 10 28 i
502 1922 110 29 andra
632 1922 204 29 kammaren
858 1932 41 20 av
919 1923 81 29 herr
1019 1923 194 37 Lundberg,
1233 1924 71 29 dels
1324 1925 63 29 ock
1407 1926 66 28 den
1494 1926 50 29 till
1558 1927 81 29 kon-

135 1970 340 30 stitutionsutskottet
500 1971 9 29 i
535 1971 68 30 viss
629 1971 52 29 del
707 1972 188 30 hänvisade
920 1973 176 30 motionen
1123 1984 40 19 nr
1187 1975 64 29 459
1276 1984 42 20 av
1343 1976 54 29 fru
1426 1976 210 30 Rönn-Chri-

135 2021 173 29 stiansson
326 2030 44 20 m.
389 2020 36 38 fl.

186 2070 10 29 I
237 2071 175 30 motionen
450 2072 43 29 II:
521 2073 64 28 455
611 2072 207 36 hemställes,
848 2077 66 26 »att
942 2074 183 35 riksdagen
1152 2075 105 30 måtte
1283 2077 132 30 besluta
1443 2087 58 20 om
1529 2078 108 30 sådan

136 2121 147 35 ändring
308 2131 41 20 av
378 2123 34 28 17
442 2123 18 35 $
487 2122 10 29 i
520 2123 99 35 lagen
644 2123 63 30 den
735 2124 41 29 28
802 2124 69 36 maj
903 2125 80 29 1937
1011 2134 57 20 om
1096 2126 293 37 inskränkningar
1415 2128 10 29 i
1451 2129 112 29 rätten
1589 2133 48 26 att

135 2170 225 31 utbekomma
385 2172 178 31 allmänna
588 2173 217 36 handlingar,
832 2178 48 26 att
906 2174 29 36 ej
964 2175 106 29 heller
1096 2176 258 36 inkomstlängd
1380 2178 56 30 må
1462 2182 84 27 utan
1572 2180 65 29 den

136 2221 265 36 skattskyldiges
424 2223 178 35 samtycke
622 2224 174 30 utlämnas
817 2225 47 29 till
888 2234 116 21 annan
1028 2226 143 35 tidigare
1193 2228 44 28 än
1260 2226 94 37 tjugo
1375 2228 39 29 år
1436 2229 87 29 efter
1545 2230 92 35 läng-

136 2269 83 31 dens
239 2271 153 30 datum>.

181 2320 12 29 I
215 2321 176 29 motionen
411 2322 43 29 II:
476 2322 63 29 459
560 2323 207 35 hemställes,
794 2328 67 26 »att
881 2326 18 35 8
923 2326 36 28 17
984 2325 7 29 i
1014 2325 98 35 lagen
1133 2327 65 28 den
1219 2328 41 28 28
1281 2328 70 36 maj
1376 2329 80 28 1937
1485 2323 53 39 (nr
1558 2330 78 35 249)

137 2380 56 19 om
212 2371 293 36 inskränkningar
523 2373 8 29 i
552 2374 108 28 rätten
680 2377 46 26 att
747 2375 223 30 utbekomma
990 2376 176 30 allmänna
1190 2377 205 35 handlingar
1416 2378 105 31 måtte
1539 2380 98 29 kvar-

138 2420 49 30 stå
208 2421 244 30 oförändrad».

172 2485 109 31 Bihang
302 2486 40 23 till
363 2487 165 30 riksdagens
550 2488 144 30 protokoll
719 2491 71 22 1938.
827 2492 14 21 3
862 2490 79 23 saml.
981 2491 14 22 2
1012 2490 55 23 avd.
1099 2491 37 23 Nr
1152 2492 36 23 19.
1597 2493 10 23 1
