2267 2742
670 146 100 35 Stats-
789 138 165 48 Utskottets
973 145 162 32 Utlåtande
1166 144 60 33 N:o
1259 145 44 31 14.
1727 154 18 17 3

896 435 92 40 N:o
1018 435 85 41 14.

737 626 79 28 Ank.
840 625 46 29 till
910 624 102 30 Riksd.
1038 623 105 29 Kansli
1168 623 27 29 d.
1224 624 36 27 18
1285 622 84 29 Febr.
1397 620 89 36 1867,
1510 620 42 28 kl.
1581 622 11 26 I
1623 629 24 20 e
1672 629 36 18 m.

400 772 198 47 Utlåtande,
641 770 17 36 i
695 770 191 48 anledning
924 771 45 49 af
993 767 127 50 Kongl.
1149 766 123 48 Maj:ts
1299 765 139 49 nädiga
1464 763 240 49 Proposition,
1732 777 62 22 on-

589 824 138 48 gående
768 823 115 47 utbyte
920 822 45 49 af
988 818 418 39 komministersbostället
1434 816 16 36 ?
1475 816 217 49 Lungsunds
1720 828 73 23 soc-

592 876 75 41 ken,
720 875 335 47 bergskronotorper
1105 862 107 45 Östra
1253 870 62 36 och
1364 869 118 36 Vestra
1523 867 142 37 Lindås
1707 874 88 29 emot

597 926 130 48 Ys:dels
755 925 135 37 mantal
917 925 225 35 kronoskatte
1168 923 184 36 Sundstad
1379 921 66 36 N:o
1479 924 27 31 1.

1563 972 41 48 (1.
1632 971 61 46 A.)

328 1091 46 31 Af
416 1089 240 33 ofvanberörda
698 1088 119 43 nådiga
858 1086 207 43 Proposition
1097 1085 120 41 (införd
1248 1085 106 31 under
1380 1083 61 32 N:o
1472 1083 43 31 38
1547 1082 8 31 i
1590 1083 79 29 1:sta
1698 1080 94 33 Sam-

193 1144 109 42 lingen
345 1143 31 31 af
417 1142 163 43 Bihanget
623 1141 47 31 till
711 1140 205 42 Riksdagens
957 1134 183 44 Protokoll)
1184 1137 169 37 inhemtas,
1383 1136 154 31 hurusom
1566 1133 138 43 Kroppa
1733 1133 60 32 och

194 1196 213 42 Lungsunds,
451 1194 47 32 till
542 1201 45 24 ett
615 1198 145 38 pastorat
789 1191 153 32 förenade
972 1190 228 41 församlingar
1228 1189 8 30 i
1265 1187 213 33 Wermlands
1506 1187 51 30 län
1589 1197 115 31 genom
1735 1185 56 32 be-

194 1247 249 43 fullmägtigade
486 1246 125 31 ombud
652 1245 57 31 hos
751 1244 121 42 Kongl.
913 1242 95 42 Maj:t
1035 1241 237 43 underdånigst
1300 1240 132 31 anhållit
1461 1251 50 20 om
1542 1237 204 32 stadfästelse
1776 1240 18 28 å

196 1299 282 41 församlingarnes
508 1301 44 40 på
582 1297 242 42 kyrkostämma
860 1296 62 30 den
955 1295 42 30 18
1030 1293 191 44 September
1253 1293 91 31 1865
1376 1291 121 32 fattade
1525 1290 116 38 beslut,
1672 1296 45 24 att
1746 1289 46 31 till

196 1351 135 32 boställe
372 1353 32 29 åt
445 1351 50 31 sin
539 1349 224 32 komminister
804 1347 134 43 upplåta
967 1347 181 31 sedermera
1178 1345 48 31 för
1258 1345 130 37 14,300
1417 1343 174 32 Riksdaler
1619 1341 176 42 Riksmynt

197 1403 134 42 inköpta
375 1398 130 48 /g:dels
549 1401 120 31 mantal
712 1400 209 31 kronoskatte
964 1398 167 33 Sundstad
1161 1398 9 30 i
1199 1396 204 42 Lungsunds
1432 1395 118 32 socken
1581 1394 61 32 och
1671 1400 45 24 att
1746 1394 46 31 till

197 1455 144 32 Storfors
385 1454 197 43 bruksegare
623 1454 50 30 för
713 1464 37 19 en
787 1450 298 33 öfverenskommen
1115 1449 219 42 köpeskilling
1363 1449 31 30 af
1423 1446 221 43 nyssnämnda
1674 1445 117 43 belopp

194 1507 132 41 försälja
370 1507 53 30 det
465 1505 189 32 nuvarande
697 1502 402 38 komministersbostället,
1140 1501 310 42 bergskronotorpet
1477 1499 127 31 Lindås
1632 1498 9 31 i
1671 1509 122 20 samma

195 1559 140 38 socken
331 1546 19 55 ;
366 1558 135 31 hvarvid
531 1557 108 31 blifvit
670 1556 140 37 anfördt,
840 1561 45 25 att
914 1555 201 31 sistnämnda
1143 1552 163 43 lägenhet,
1335 1564 67 20 som
1433 1554 33 28 år
1501 1552 92 31 1682
1624 1551 31 30 af
1670 1550 123 42 Kongl.

195 1610 94 41 Maj:t
332 1610 155 31 skänktes
531 1609 45 31 till
619 1607 234 43 prestboställe,
896 1618 75 20 vore
998 1606 10 31 i
1038 1605 159 32 anseende
1239 1604 46 31 till
1315 1604 54 31 sitt
1398 1604 72 42 läge
1499 1603 9 30 i
1537 1614 60 20 ena
1625 1602 106 31 ändan
1761 1602 32 30 af

194 1662 204 42 Lungsunds
427 1661 131 37 socken,
588 1660 129 30 hvarest
745 1658 245 32 komministern
1019 1658 82 31 hade
1130 1658 48 30 sin
1215 1656 254 42 hufvudsakliga
1498 1654 225 42 tjenstgöring,
1751 1656 41 39 på

195 1721 45 23 ett
280 1714 127 31 afstånd
445 1714 31 30 af
507 1708 154 47 2!/j;:dels
691 1711 54 31 mil
774 1711 69 31 från
872 1716 136 36 yttersta
1036 1710 183 31 hemmanet
1247 1708 86 31 inom
1364 1718 123 21 samma
1515 1706 190 42 församling
1733 1705 60 32 och

195 1771 79 25 nära
304 1777 36 19 en
372 1765 54 31 mil
457 1765 70 30 från
556 1763 259 42 församlingens,
859 1763 135 41 ungefär
1033 1763 8 30 i
1080 1760 159 32 socknens
1274 1759 210 43 medelpunkt
1513 1758 136 42 belägna
1676 1757 115 42 kyrka,

196 1817 47 31 dit
284 1828 37 20 en
366 1816 129 43 mycket
530 1814 118 43 backig
677 1814 58 32 och
766 1815 82 31 vissa
878 1814 135 32 årstider
1041 1813 161 42 knappast
1232 1810 106 32 farbar
1366 1817 62 36 väg
1456 1810 104 38 ledde,
1599 1811 103 30 såsom
1733 1809 57 31 bo-

195 1869 91 31 ställe
327 1868 206 43 synnerligen
577 1866 185 43 olämpligt;
806 1873 45 24 att
894 1866 144 31 deremot
1080 1865 185 31 hemmanet
1294 1862 168 33 Sundstad
1491 1874 77 20 vore
1597 1861 128 42 beläget
1753 1864 41 39 på

195 1921 137 42 ungefär
365 1916 127 47 !/g:dels
522 1920 70 31 mils
622 1918 127 32 afstånd
779 1919 70 30 från
880 1917 124 41 kyrkan
1036 1918 153 41 sjövägen
1217 1915 60 32 och
1309 1916 114 30 endast
1452 1916 98 40 något
1568 1914 112 42 längre
1699 1913 93 31 land-

196 1978 124 37 vägen;
363 1978 46 25 att
448 1971 126 32 Lindås
617 1970 102 43 enligt
760 1981 37 20 en
827 1970 32 31 af
886 1970 229 41 församlingen
1145 1970 34 29 år
1213 1968 93 31 1865
1337 1966 211 33 föranstaltad
1577 1965 216 43 uppmätning

196 2024 202 31 innefattade
440 2036 38 19 en
520 2023 85 32 areal
635 2023 31 31 af
698 2022 67 32 125
797 2022 159 31 tunnland
988 2023 42 29 24
1061 2021 176 42 kappland,
1268 2020 89 31 deraf
1388 2019 43 31 23
1462 2018 159 32 tunnland
1651 2018 17 31 6
1691 2018 103 42 kapp-

195 2076 77 31 land
314 2076 87 38 åker,
441 2087 69 20 men
542 2075 143 31 saknade
713 2085 78 31 egen
823 2073 81 43 skog
933 2073 60 33 och
1023 2073 82 43 egde
1134 2073 115 31 endast
1278 2077 45 26 att
1351 2072 31 31 af
1409 2070 183 43 Bjurbäcks
1622 2082 169 31 masugns-

195 2139 104 31 egare,
341 2139 70 20 som
455 2128 58 30 fått
554 2128 49 41 sig
645 2127 32 30 af
706 2126 122 42 Kongl.
858 2126 92 42 Maj:t
978 2126 153 42 upplåten
1162 2125 61 30 den
1254 2123 228 43 angränsande
1510 2123 134 40 skogen,
1674 2118 120 46 erhålla

195 2180 54 31 sitt
291 2179 219 43 skogsbehof;
553 2186 45 24 att
639 2178 183 32 hemmanet
851 2177 168 33 Sundstad
1048 2177 160 31 innehölle
1236 2182 45 26 ett
1310 2176 131 32 område
1469 2176 32 30 af
1534 2175 67 31 136
1633 2174 160 32 tunnland

199 2233 42 30 10
273 2231 178 43 kappland,
481 2231 90 31 deraf
601 2231 96 31 minst
727 2231 43 31 32
803 2230 159 31 tunnland
991 2229 86 39 åker,
1106 2229 60 32 och
1194 2228 83 32 hade
1306 2240 37 20 en
1373 2227 246 43 skogstillgång,
1648 2238 67 20 som
1736 2237 56 20 en-

194 2284 61 41 ligt
285 2284 159 31 förrättad
474 2283 186 43 besigtning
689 2283 73 31 med
791 2282 148 31 säkerhet
966 2284 116 40 ansågs
1111 2287 161 26 motsvara
1300 2280 138 42 gårdens
1468 2279 115 38 behof;
1612 2285 82 25 samt
1712 2279 80 31 slut-

198 2335 98 43 ligen,
326 2341 45 26 att
400 2334 295 44 pastoratsboerne,
724 2335 8 30 i
763 2334 153 32 händelse
945 2333 223 43 ansökningen
1198 2332 137 38 bifölles,
1365 2332 75 32 ville
1469 2334 95 41 åtaga
1591 2331 49 43 sig
1667 2343 38 19 en
1735 2336 56 27 nö-
