2194 2616
387 178 41 30 22
605 177 117 31 Andra
746 177 202 31 kammarens
964 177 128 37 femie
1116 177 172 40 tillfälliga
1310 177 138 31 utskotts
1471 176 170 32 utlåtande
1664 178 53 30 Nr
1741 180 28 28 6.

521 256 59 31 Ett
604 255 121 32 sådant
748 256 254 41 förfaringssätt
1025 255 108 33 skulle
1149 256 184 33 emellertid
1351 256 169 41 knappast
1533 256 117 32 kunna
1665 256 184 42 begränsas
1867 258 120 32 enbart

386 300 50 32 till
461 299 161 33 arbetare.
671 300 53 32 En
748 298 219 44 obligatorisk
997 300 193 42 skyldighet
1214 306 86 27 även
1325 301 52 31 för
1400 301 92 32 vissa
1516 301 105 31 andra
1645 301 268 42 skatteskyldige
1938 306 49 28 att

386 355 43 22 av
452 344 146 42 löpande
621 344 187 33 inkomster
831 348 131 29 avsätta
987 356 42 21 en
1053 345 68 32 viss
1146 349 139 38 procent
1308 345 50 32 till
1382 345 135 38 skatter,
1543 345 94 32 torde
1655 345 109 32 under
1781 345 128 33 sådana
1921 347 65 31 för-

386 389 182 32 hållanden
593 389 91 33 bliva
709 389 207 42 nödvändig.
964 390 16 31 TI
1005 389 88 41 regel
1116 390 93 32 torde
1234 390 99 41 bolag
1357 390 63 31 och
1444 390 347 40 sammanslutningar
1816 390 103 32 redan
1938 401 48 21 nu

386 434 154 42 begagna
566 434 157 33 metoden
747 437 49 29 att
820 445 43 22 av
887 436 87 30 årets
1000 435 90 31 vinst
1113 438 132 29 avsätta
1270 435 162 32 beräknat
1458 434 123 42 belopp
1605 434 49 32 till
1678 435 134 31 skatter.

521 478 77 32 Med
633 481 47 30 ett
703 478 313 42 uppbördssystem,
1042 478 69 42 lagt
1134 480 85 31 efter
1243 479 113 43 dessa
1375 478 159 42 grunder,
1560 479 107 32 skulle
1692 479 144 40 givetvis
1861 479 120 33 skatte-

386 523 221 33 restantierna
630 523 117 32 kunna
771 523 99 41 högst
893 527 156 29 avsevärt
1072 524 214 41 nedbringas.
1334 523 97 33 Aven
1455 524 54 31 för
1532 523 66 33 den
1623 523 152 33 enskilde
1799 524 106 33 skulle
1927 524 59 32 det

385 578 83 21 vara
491 568 51 32 till
566 578 99 31 gagn,
690 571 49 29 att
763 568 131 32 skatten
919 568 89 42 finge
1032 568 151 51 erläggas
1208 569 191 38 successivt,
1424 568 44 32 då
1493 569 193 41 avsättning
1710 568 51 32 till
1785 568 89 32 skatt
1895 579 90 22 ome-

386 612 132 32 delbart
542 614 84 31 efter
648 612 210 33 inkomstens
883 612 200 42 intjänande
1107 614 29 40 ej
1164 613 147 33 behöver
1334 613 130 32 kännas
1490 614 37 30 så
1540 612 215 43 betungande
1775 623 72 22 som
1863 613 122 32 skatte-

386 656 218 42 betalningen
629 659 77 30 med
747 657 198 49 nuvarande
980 658 312 42 uppbördssystem.
1340 658 65 31 Det
1440 657 149 32 behöver
1624 638 108 51 under
1766 658 126 32 sådana
1917 668 68 22 om-

387 682 232 66 ständigheter
633 702 29 41 ej
679 701 103 33 heller
810 691 222 50 förekomma,
1058 705 48 29 att
1130 703 88 31 skatt
1242 703 52 31 för
1318 705 104 29 större
1447 702 186 32 inkomster
1657 701 86 33 skall
1768 705 147 39 utgöras,
1942 703 45 31 då

387 746 92 41 lägre
503 746 196 42 förtjänster
723 747 126 32 inträtt.
897 747 79 31 Med
1000 738 47 41 ett
1071 747 119 32 sådant
1215 750 125 39 system
1365 746 107 32 skulle
1497 746 101 32 också
1621 746 85 42 följa
1724 757 42 21 en
1782 746 107 33 bättre
1906 748 80 32 kon-

387 791 75 31 troll
486 795 80 28 över
605 791 309 42 inkomsttagarnas
939 791 294 41 beskattningsort.
1283 791 79 32 Som
1386 791 229 32 förhållandet
1638 802 48 20 pu
1711 795 45 35 är,
1782 791 61 32 bar
1867 792 118 32 visser-

386 835 91 42 ligen
512 835 252 42 arbetsgivaren
799 836 195 41 skyldighet
1027 839 48 29 att
1110 837 151 41 uppgiva
1289 836 62 32 hos
1375 836 129 32 honom
1529 835 166 33 anställda
1720 846 175 31 personers
1920 837 66 31 för-

367 880 169 41 tjänster,
563 891 78 21 men
665 880 56 32 det
745 881 89 32 finns
847 881 103 41 ingen
974 881 145 32 kontroll
1139 883 52 40 på,
1217 884 49 29 att
1289 881 65 32 den
1379 892 42 21 av
1438 880 177 33 arbetaren
1632 881 178 41 uppgivna
1827 880 159 32 mantals-

387 925 290 41 skrivningsorten
701 929 36 27 är
761 924 65 32 den
851 926 131 40 riktiga.
1031 925 178 42 Tillfälligt
1233 925 165 33 anställda
1421 935 160 31 personer
1606 925 115 31 kunna
1746 925 115 32 därför
1885 925 101 41 högst

388 969 106 32 sällan
518 972 133 29 taxeras
676 969 50 32 till
750 970 52 32 sin
826 969 152 42 verkliga
1004 970 160 33 inkomst.
1201 970 41 42 Ej
1268 970 104 32 heller
1396 974 37 27 är
1457 969 57 32 det
1539 973 93 28 utom
1655 970 10 31 i
1682 980 82 21 rena
1780 969 204 42 undantags-

387 1014 61 31 fall
484 1013 133 43 möjligt
651 1016 48 31 att
730 1014 78 32 med
832 1014 216 42 tillämpning
1072 1024 43 23 av
1138 1014 55 42 lag
1217 1025 55 21 om
1297 1015 139 31 införsel
1460 1016 20 30 å
1503 1013 56 33 lön
1584 1012 133 34 indriva
1741 1014 175 41 utskylder
1940 1025 44 21 av

387 1058 163 42 tillfälligt
573 1059 166 32 anställda
762 1058 159 33 arbetare.

521 1103 58 32 Ett
602 1103 333 42 uppbördsväsende,
960 1114 73 21 som
1058 1103 126 42 bygger
1208 1106 44 39 på
1276 1106 48 30 att
1348 1103 109 32 medel
1481 1103 51 31 till
1556 1103 133 32 skatten
1715 1103 84 32 skall
1818 1103 165 32 inbetalas

389 1147 80 32 eller
492 1151 149 29 avsättas
665 1148 10 31 i
699 1149 154 38 förskott,
879 1148 170 32 förefaller
1073 1148 183 32 emellertid
1281 1149 163 41 styrelsen
1468 1158 83 22 vara
1575 1148 10 31 i
1608 1148 80 32 flera
1713 1147 190 33 avseenden
1919 1148 65 32 för-

388 1195 79 29 enat
491 1192 78 32 med
593 1194 37 30 så
654 1195 89 30 stora
767 1193 218 42 svårigheter,
1011 1196 49 29 att
1083 1193 161 41 styrelsen
1268 1193 73 32 icke
1365 1204 47 20 nu
1436 1195 106 38 vågar
1566 1192 106 31 uttala
1695 1194 114 38 någon
1833 1192 153 32 bestämd

388 1237 221 42 uppfattning
644 1248 55 21 om
734 1237 258 42 möjligheterna
1027 1241 49 28 att
1100 1238 198 41 genomföra
1322 1240 46 29 ett
1392 1236 122 33 sådant
1537 1239 134 39 system.
1721 1236 119 32 Gaällde
1864 1236 57 32 det
1944 1248 43 21 en

389 1282 143 31 bestämd
567 1282 187 38 skattesats,
791 1293 71 21 som
898 1282 50 32 till
972 1282 155 42 exempel
1150 1282 282 32 inkomstskatten
1457 1281 51 32 till
1532 1284 118 35 staten,
1676 1291 73 22 som
1773 1282 93 41 varje
1890 1283 37 30 år
1951 1286 37 27 är

389 1325 134 33 relativt
558 1326 78 39 lika,
674 1326 108 32 skulle
807 1327 104 32 saken
935 1337 82 22 vara
1043 1327 132 32 mindre
1199 1328 78 31 svår
1301 1330 49 29 att
1373 1327 210 41 genomföra.
1632 1326 80 32 Men
1736 1325 44 32 då
1803 1326 96 41 fråga
1922 1325 66 33 blir

389 1381 55 21 om
469 1370 222 42 utskylderna
715 1371 50 32 till
789 1372 258 38 kommunerna,
1073 1372 77 32 med
1174 1371 96 33 deras
1294 1371 169 33 växlande
1488 1370 237 42 debiteringar,
1751 1370 90 32 bliva
1864 1370 124 33 förhål-

389 1415 146 33 landena
560 1416 224 32 annorlunda.
833 1416 76 32 Vad
934 1416 86 32 skall
1046 1416 189 41 egentligen
1258 1426 83 23 vara
1364 1415 248 42 normgivande
1634 1416 53 32 för
1703 1415 283 32 förskottsavsätt-

389 1460 85 41 ning
509 1459 51 33 till
580 1460 404 42 kommunalutskylder?
1031 1461 16 31 I
1071 1461 209 39 kommuner,
1305 1460 78 32 med
1407 1470 94 21 mera
1528 1460 119 39 jämna
1674 1460 227 41 skatteobjekt
1923 1460 65 32 och

390 1504 11 31 i
425 1504 111 41 övrigt
560 1504 122 32 stabila
704 1505 246 38 förhållanden,
976 1506 69 31 kan
1070 1505 231 40 debiteringen
1325 1505 198 40 visserligen
1548 1504 106 32 hållas
1672 1504 129 42 ganska
1818 1505 168 31 konstant.

390 1548 80 32 Men
494 1549 10 31 i
529 1549 107 32 andra
670 1549 215 39 kommuner,
919 1550 61 31 där
1004 1549 392 41 bevillningskronornas
1420 1549 93 31 antal
1537 1548 63 32 och
1624 1548 42 32 de
1690 1549 220 32 kommunala
1934 1549 53 32 be-

390 1593 113 33 hoven
539 1593 101 33 växla
675 1594 181 41 väsentligt
884 1594 109 31 under
1017 1594 89 32 olika
1131 1595 45 37 år,
1201 1594 68 31 kan
1293 1594 43 41 på
1360 1593 147 32 förhand
1533 1593 73 33 icke
1630 1598 152 36 avgöras,
1808 1594 88 31 huru
1920 1596 69 30 stor

389 1638 195 40 uttaxering
620 1638 67 31 kan
722 1638 93 33 bliva
845 1638 207 40 erforderlig.
1101 1638 112 41 Några
1236 1640 53 30 års
1314 1636 157 34 medeltal
1496 1639 19 30 å
1539 1637 232 43 debiteringen
1796 1638 106 32 skulle
1925 1639 64 32 vis-

390 1682 145 41 serligen
571 1682 117 33 kunna
722 1683 117 42 läggas
874 1683 49 32 till
947 1683 113 41 grund
1083 1684 53 31 för
1159 1683 401 41 förskottsavsättningen
1584 1682 78 33 eller
1686 1683 63 32 ock
1773 1694 72 21 mer
1867 1693 122 22 avrun-

390 1726 88 33 dade
513 1727 247 42 grundbelopp,
798 1738 73 22 som
909 1730 192 30 sedermera
1124 1728 89 40 finge
1237 1729 44 41 på
1303 1727 156 41 lämpligt
1483 1730 66 29 sätt
1572 1727 183 42 utjämnas.
1802 1727 53 32 En
1879 1728 108 31 utred-

390 1772 86 41 ning
510 1772 95 32 torde
642 1772 186 33 emellertid
852 1772 117 32 kunna
994 1778 155 27 närmare
1173 1772 122 42 bringa
1317 1771 132 33 klarhet
1473 1772 10 31 i
1509 1771 90 33 detta
1624 1772 164 32 svårlösta
1812 1772 174 42 spörsmål,

390 1827 77 22 vars
492 1817 139 32 resultat
654 1817 68 31 kan
746 1828 82 21 vara
852 1817 196 42 avgörande
1073 1818 52 31 för
1152 1818 128 41 frågan.

525 1861 52 32 Då
601 1861 144 33 behovet
769 1872 43 22 av
836 1865 46 28 ett
905 1864 181 30 förbättrat
1110 1862 277 41 uppbördsväsen
1413 1860 143 33 sålunda
1580 1861 53 31 får
1656 1861 9 31 i
1692 1861 134 41 mycket
1850 1864 67 29 stor
1940 1864 47 30 ut-

392 1905 196 41 sträckning
623 1916 97 22 anses
752 1917 81 21 vara
856 1907 54 32 för
934 1906 146 39 handen,
1106 1906 58 32 vill
1189 1906 161 42 styrelsen
1375 1907 10 31 i
1410 1905 132 42 princip
1568 1905 136 32 förorda
1729 1916 42 22 en
1795 1905 191 42 utredning.

526 1968 194 33 Stockholm
745 1969 66 31 den
836 1969 40 31 31
903 1979 90 22 mars
1022 1970 92 32 1921.

747 2039 156 33 Svenska
926 2040 381 33 Landskommunernas
1332 2039 179 32 Förbunds
1536 2038 155 43 Styrelse.

1061 2095 51 31 Sv.
1138 2095 189 40 Bengtsson,

1092 2151 199 31 riksdagsman.

972 2203 167 34 Styrelsens
1157 2202 63 27 vice
1240 2202 180 27 ordförande.

1588 2236 33 32 J.
1647 2235 41 33 A.
1715 2235 139 32 Zander.
