2210 2616
416 188 116 31 Andra
556 190 199 31 kammarens
773 190 125 37 femte
924 192 169 41 tillfälliga
1117 194 136 31 utskotts
1275 195 168 31 utlåtande
1468 196 52 30 Nr
1545 202 28 24 6.
1769 200 35 28 13

199 270 48 28 att
272 267 40 32 de
337 271 88 28 stora
450 268 285 33 skattebetalarna
761 270 183 42 vanligtvis
970 272 142 41 fullgöra
1136 274 73 31 sina
1234 273 224 42 förpliktelser
1475 275 9 31 i
1503 279 65 29 rätt
1586 276 58 31 tid.
1688 277 116 32 Debet-

198 312 156 31 sedlarna
389 315 43 39 på
467 313 127 32 mindre
631 313 122 43 belopp
788 315 116 40 gäldas
941 316 149 33 däremot
1125 319 72 31 icke
1221 319 271 33 tillnärmelsevis
1518 321 69 31 lika
1611 321 191 42 ordentligt.

201 356 185 41 Belysande
419 357 117 31 härför
573 362 46 34 är,
657 362 48 28 att
728 359 122 32 medan
880 361 208 41 exempelvis
1112 362 10 31 i
1148 363 178 32 Stockholm
1351 365 43 40 på
1418 364 387 41 uppbördsstämmorna

199 401 114 32 inflöto
350 403 35 29 år
424 402 83 30 1916
545 403 41 30 82
617 405 103 36 2,år
758 405 82 30 1917
879 405 41 31 85
950 408 47 36 2,
1025 408 36 29 år
1099 408 84 30 1918
1219 408 39 30 87
1290 410 47 35 2,
1363 410 37 29 år
1436 410 84 30 1919
1546 411 39 29 84
1619 412 32 33 «
1680 411 61 30 och
1768 413 35 29 år

203 447 82 30 1920
322 446 40 31 79
392 448 33 34 2
454 457 41 21 av
532 446 41 31 de
610 448 184 31 debiterade
830 449 158 40 beloppen,
1022 452 36 29 så
1083 452 216 31 motsvarade
1325 452 95 32 dessa
1446 453 250 42 inbetalningar
1720 454 84 32 blott

198 489 190 42 respektive
413 491 51 37 50,
491 491 51 37 53,
569 491 53 37 56,
648 492 42 30 53
715 492 61 31 och
802 493 40 30 55
865 496 33 33 &
921 504 42 21 av
988 494 75 31 hela
1089 496 124 31 antalet
1237 497 343 41 debetsedelsnummer.
1630 498 88 32 Nära
1736 510 68 30 nog

197 534 101 31 halva
332 533 125 32 antalet
489 535 245 41 skattskyldige
770 536 137 32 kommo
944 538 144 31 sålunda
1121 542 44 38 på
1189 540 180 40 restlängd.
1417 541 104 31 Ännu
1547 547 110 27 sämre
1682 546 56 28 äro
1763 543 41 31 de

197 579 75 30 från
301 578 156 41 Göteborg
481 578 212 42 tillgängliga
709 580 167 33 siffrorna.
917 581 15 31 I
949 582 152 32 nämnda
1117 584 74 30 stad
1209 584 116 31 inflöto
1342 584 57 32 vid
1416 585 388 41 uppbördsstämmorna

200 623 83 31 1919
320 622 62 31 och
421 624 84 30 1920
542 624 41 30 85
620 624 62 31 och
719 625 38 30 81
790 627 33 33 2
851 636 42 21 av
918 626 185 32 debiterade
1139 628 117 40 belopp,
1294 639 87 29 men,
1420 640 53 20 ser
1504 640 80 21 man
1610 632 43 40 på
1678 632 125 30 antalet

197 666 183 41 ordentligt
405 666 190 33 inbetalade
620 668 219 39 debetsedlar,
865 671 37 30 så
926 671 157 41 utgjorde
1107 671 91 32 detta
1223 672 119 32 endast
1370 674 42 30 45
1437 674 62 32 och
1525 677 43 29 44
1598 678 33 33 2
1660 686 42 21 av
1727 676 74 38 alla,

197 721 71 21 som
294 711 186 42 utskrivits.

330 755 97 33 Aven
453 767 55 21 om
534 756 41 32 de
599 757 168 33 restförda
793 758 167 43 beloppen
984 760 92 33 hålla
1100 762 51 40 sig
1175 761 93 33 inom
1294 763 153 41 måttliga
1472 764 63 31 och
1559 764 53 31 för
1630 764 171 33 städernas

196 800 159 32 ekonomi
391 801 233 42 överkomliga
660 807 147 37 gränser,
844 804 107 41 ligger
976 805 56 31 det
1055 805 216 42 naturligtvis
1296 809 103 39 något
1423 807 179 42 högeligen
1627 809 174 33 otillfreds-

196 844 165 33 ställande
397 845 81 39 däri,
516 849 56 36 att,
606 848 45 40 på
674 850 66 29 sätt
764 858 81 30 nyss
873 849 145 31 anförda
1041 850 113 33 siffror
1177 851 79 41 giva
1279 851 59 32 vid
1362 852 147 39 handen,
1536 854 37 30 så
1597 856 88 29 stora
1710 854 92 41 lager

195 899 42 22 av
273 890 247 41 skattskyldige
553 891 69 31 låta
654 891 138 32 komma
816 893 51 40 sig
891 894 239 41 försumlighet
1154 895 58 32 vid
1237 895 150 33 skattens
1412 896 218 33 inbetalande
1655 898 49 31 till
1727 898 72 33 last.

195 933 65 33 Det
295 937 37 29 är
365 935 101 31 också
497 934 93 33 detta
625 935 305 40 missförhållande,
965 939 44 40 på
1044 939 104 32 vilket
1177 940 251 32 motionärerna
1452 942 123 31 främst
1598 943 85 40 tagit
1706 943 94 31 sikte.

195 978 79 32 Kan
298 977 145 43 ändring
467 978 208 33 härutinnan
700 980 253 33 åstadkommas
976 982 128 33 medels
1128 984 240 42 anordningar,
1394 996 72 21 som
1493 986 78 32 med
1599 986 134 42 hänsyn
1751 988 50 31 till

195 1023 57 32 det
287 1022 113 33 arbete
436 1024 63 31 och
535 1024 41 33 de
613 1024 190 40 kostnader,
840 1026 41 32 de
913 1028 107 31 måste
1045 1029 186 37 förorsaka,
1257 1031 51 30 stå
1332 1030 10 31 i
1367 1030 123 42 skäligt
1514 1030 213 34 förhållande
1751 1032 49 31 till

195 1067 67 32 den
297 1068 220 32 ekonomiska
552 1069 63 33 och
651 1069 179 33 moraliska
863 1070 143 41 vinsten,
1031 1072 91 33 hava
1146 1073 154 33 städerna
1325 1075 271 42 uppenbarligen
1620 1076 44 32 all
1688 1077 111 31 anled-

195 1112 84 42 ning
303 1115 49 29 att
375 1113 94 31 hälsa
495 1112 92 34 detta
612 1114 78 31 med
714 1114 298 34 tillfredsställelse.

328 1157 249 33 Motionärerna
610 1159 89 32 hava
724 1160 236 41 otvivelaktigt
984 1161 137 32 bedömt
1145 1162 203 33 situationen
1373 1166 75 36 rätt,
1475 1164 43 32 då
1542 1165 41 31 de
1608 1166 109 31 såsom
1744 1166 56 32 det

194 1201 182 42 viktigaste
416 1202 102 32 målet
557 1204 53 31 för
650 1204 95 32 dessa
784 1206 334 33 reformsträvanden
1153 1208 126 41 angiva
1314 1211 46 29 ett
1398 1209 285 42 undanrödjande
1722 1210 77 32 eller

196 1246 205 33 åtminstone
425 1248 287 32 neutraliserande
736 1250 10 30 i
771 1250 191 42 möjligaste
986 1252 80 31 mån
1090 1262 43 23 av
1159 1251 41 33 de
1225 1252 219 42 svårigheter,
1470 1265 73 21 som
1568 1259 57 27 äro
1649 1254 148 43 förknip-

195 1291 87 41 pade
318 1293 79 31 med
432 1291 57 32 det
521 1293 200 32 nuvarande
757 1296 88 30 stora
876 1295 248 33 tidsavståndet
1149 1297 123 32 mellan
1298 1298 326 33 inkomstförvärvet
1648 1299 63 32 och
1735 1301 63 31 för-

193 1335 291 33 falloterminerna
519 1338 54 30 för
608 1337 65 32 den
699 1340 43 40 på
772 1349 131 22 samma
927 1340 151 32 inkomst
1101 1341 189 42 belöpande
1315 1342 141 32 skatten.
1505 1343 118 32 Under
1646 1344 153 41 perioder

194 1389 43 22 av
272 1380 239 42 uppåtgående
546 1382 250 41 konjunkturer
831 1384 62 31 och
929 1385 92 31 stark
1049 1385 155 33 inflation
1228 1405 43 4 —
1295 1386 56 32 det
1375 1398 48 21 nu
1447 1387 248 43 tilländalupna
1719 1389 79 32 kris-

194 1424 135 33 skedets
364 1425 164 33 särskilda
563 1426 231 33 kännetecken
831 1447 40 4 —
901 1429 135 32 märkas
1060 1430 215 42 naturligtvis
1300 1431 97 33 dessa
1421 1432 210 41 svårigheter
1655 1433 142 39 mindre,

191 1469 44 41 ja,
261 1469 148 42 respiten
437 1470 78 33 med
541 1471 150 33 skattens
715 1472 202 42 erläggande
942 1474 67 31 kan
1033 1477 75 29 rent
1131 1485 42 22 av
1197 1486 40 21 ur
1261 1475 41 32 de
1331 1476 262 43 skattskyldiges
1625 1479 174 41 synpunkt

192 1514 143 32 framstå
370 1525 73 22 som
479 1526 41 21 en
556 1516 120 37 fördel,
712 1518 183 32 varom-de
919 1518 93 33 förut
1036 1519 171 33 skildrade
1231 1521 275 34 erfarenheterna
1530 1523 78 31 från
1636 1523 84 32 1918
1745 1524 52 31 års

192 1558 156 42 uppbörd
378 1559 82 32 bära
483 1560 117 32 vittne.
649 1561 89 40 Men,
764 1566 61 28 när
848 1563 325 42 högkonjunkturen
1203 1565 150 42 förbytes
1377 1566 11 31 i
1413 1566 207 43 depression,
1647 1567 63 33 blir
1734 1569 63 31 för-

191 1603 176 33 hållandet
401 1607 47 30 ett
482 1608 114 29 annat.
645 1605 72 33 Och
753 1607 255 42 svårigheterna
1043 1609 138 32 komma
1217 1610 43 32 då
1296 1610 73 32 icke
1394 1610 84 34 blott
1503 1615 49 29 att
1576 1615 87 30 sätta
1686 1614 110 41 spår
1777 1599 23 60 i

192 1648 361 42 uppbördsböckernas
577 1651 341 33 restantiekolumner
941 1656 83 29 utan
1049 1658 80 37 göra
1155 1654 51 42 sig
1230 1655 176 32 kännbara
1433 1657 54 31 för
1511 1657 287 33 skattebetalarna

191 1693 10 30 i
225 1703 132 31 gemen,
383 1704 73 22 som
480 1695 114 32 ställas
619 1695 91 33 inför
726 1696 136 42 väldiga
882 1697 195 34 skattekrav
1094 1699 59 33 vid
1170 1699 65 32 den
1252 1700 54 32 för
1323 1700 96 32 deras
1436 1702 172 32 infriande
1625 1702 172 32 måhända

190 1738 104 31 minst
330 1738 124 43 lägliga
489 1739 216 42 tidpunkten.
753 1741 60 32 Att
845 1741 11 32 i
890 1745 48 29 ett
972 1743 122 33 sådant
1129 1743 74 43 läge
1238 1744 267 34 kommunernas
1541 1747 160 32 ekonomi
1728 1747 67 32 kan

191 1782 139 32 komma
360 1786 48 30 att
440 1787 144 29 utsättas
608 1786 54 31 för
685 1785 175 42 allvarliga
883 1787 252 42 påfrestningar
1159 1793 36 27 är
1218 1790 202 41 uppenbart.
1468 1791 131 42 Tyvärr
1623 1792 93 32 torde
1740 1792 57 32 det

190 1827 102 32 också
325 1838 82 22 vara
436 1829 202 41 uppenbart,
664 1833 48 29 att
736 1830 41 32 de
802 1832 171 39 reformer,
1000 1843 73 21 som
1098 1833 162 42 möjligen
1286 1836 44 40 på
1354 1835 301 43 lagstiftningsväg
1679 1836 116 33 kunna

190 1873 218 40 genomföras
443 1873 11 31 i
489 1875 88 40 syfte
602 1877 49 29 att
675 1874 192 34 underlätta
891 1877 378 43 skatteinbetalningen,
1295 1880 206 42 näppeligen
1526 1881 107 32 hinna
1658 1884 102 29 sättas
1784 1883 11 30 i

190 1916 118 33 verket
331 1918 37 30 så
386 1921 107 35 snart,
519 1921 49 30 att
592 1921 113 40 någon
729 1920 150 41 lindring
902 1922 11 31 i
934 1921 41 32 de
995 1923 193 32 stundande
1205 1926 100 31 svåra
1322 1927 290 41 övergångsårens
1629 1926 166 33 särskilda

191 1961 200 42 bekymmer
415 1963 199 42 därigenom
639 1964 127 33 vinnes.

323 2006 66 33 För
424 2010 48 29 att
504 2008 296 43 överhuvudtaget
835 2012 44 40 på
913 2014 48 29 ett
997 2011 154 33 effektivt
1179 2016 65 29 sätt
1268 2013 139 33 komma
1431 2015 50 31 till
1505 2018 87 28 rätta
1616 2015 78 32 med
1719 2015 40 32 de
1784 2016 9 30 i

189 2051 173 32 motionen
399 2052 154 41 påtalade
590 2053 260 42 olägenheterna
874 2056 134 31 fordras
1033 2055 104 43 enligt
1161 2058 75 31 vårt
1260 2058 220 33 förmenande
1506 2070 41 21 en
1572 2059 222 43 omläggning

189 2106 42 22 av
255 2096 78 32 hela
356 2096 397 43 beskattningstekniken
777 2099 11 31 i
812 2100 66 32 den
902 2100 205 41 riktningen,
1133 2104 49 29 att
1205 2102 257 33 tidsskillnaden
1488 2103 126 33 mellan
1633 2104 160 33 inkomst-

188 2141 173 32 förvärvet
396 2141 63 32 och
492 2142 329 43 skattebetalningen
847 2145 170 41 väsentligt
1042 2146 178 32 förkortas.
1269 2146 15 32 I
1309 2148 106 31 likhet
1439 2148 78 33 med
1542 2149 251 32 motionärerna

189 2185 73 32 inse
297 2186 34 32 vi
367 2185 146 39 tillfullo,
552 2187 65 32 hur
645 2188 156 41 vansklig
830 2199 42 22 en
897 2189 96 42 dylik
1017 2190 221 43 omläggning
1262 2193 108 31 måste
1394 2203 91 29 vara,
1511 2193 63 33 och
1599 2193 56 33 det
1679 2198 36 28 är
1739 2205 53 22 oss

187 2229 74 32 icke
296 2230 134 42 möjligt
466 2234 47 29 att
549 2232 79 42 giva
663 2233 183 42 anvisning
881 2236 44 41 på
960 2236 113 40 någon
1109 2236 220 43 framkomlig
1364 2242 66 37 väg
1464 2239 53 32 för
1542 2238 112 33 denna
1677 2239 114 41 frågas

187 2274 148 33 lösande.
384 2276 77 32 Men
499 2277 254 42 svårigheterna
789 2278 94 33 torde
929 2279 170 43 knappast
1135 2280 91 34 bliva
1263 2281 141 40 mindre,
1441 2283 44 32 då
1521 2283 56 32 det
1613 2282 103 44 gäller
1744 2287 48 29 att
