2192 2614
404 177 116 31 Andra
546 176 202 32 kammarens
765 174 127 39 femte
917 175 170 41 tillfälliga
1110 176 134 31 utskotts
1268 176 166 31 utlåtande
1458 175 53 32 Nr
1536 180 27 26 6.
1765 176 11 30 1

920 770 62 40 Nr
1011 770 37 40 6.

702 934 111 24 Ankom
832 934 47 24 till
897 933 165 31 riksdagens
1082 933 91 24 kansli
1193 933 54 24 den
1269 934 31 23 21
1321 934 73 30 april
1415 934 65 24 1921
1502 934 38 24 kl.
1562 934 14 24 3
1596 941 23 17 e.
1640 942 36 17 m.

397 1077 146 36 Andra
587 1077 225 35 kammarens
842 1076 133 49 femte
1008 1074 188 51 tillfälliga
1225 1076 148 36 utskotts
1401 1075 202 44 utlåtande,
1633 1089 44 23 nr
1708 1076 35 46 6,
1774 1078 13 34 i

609 1148 194 47 anledning
832 1160 45 24 av
904 1148 127 36 väckta
1051 1148 169 36 motioner
1235 1148 75 36 dels
1329 1160 56 24 om
1400 1148 162 36 skrivelse
1577 1147 56 37 till
1649 1148 135 49 Kungl.

610 1219 110 49 Maj:t
748 1219 185 49 angående
961 1226 46 29 ett
1035 1219 204 49 effektivare
1266 1218 227 38 utkrävande
1513 1219 96 51 från
1623 1221 162 48 försum-

610 1291 73 49 liga
711 1290 261 49 skattskyldiga
992 1304 45 23 av
1053 1291 168 49 påförda
1241 1291 193 46 utskylder,
1457 1291 72 36 dels
1549 1304 55 23 om
1623 1290 164 38 skrivelse

612 1363 56 35 till
709 1362 136 48 Kungl.
888 1360 109 50 Maj:t
1037 1362 14 35 i
1080 1361 120 50 fråga
1238 1374 56 24 om
1329 1362 316 49 åvägabringande
1673 1374 44 24 av
1745 1375 41 24 en

612 1432 168 38 rationell
805 1432 290 49 skatteuppbörd.

318 1595 17 36 I
378 1606 47 25 en
467 1594 100 36 inom
609 1593 118 36 andra
767 1593 219 36 kammaren
1028 1605 46 24 av
1116 1593 130 36 herrar
1282 1594 154 37 Jönsson
1475 1594 12 35 i
1523 1593 153 37 Fridhill
1715 1594 69 37 och
1816 1592 183 27 Motionerna.

185 1650 181 37 Pehrsson
407 1649 12 35 i
461 1647 216 47 Bramstorp
719 1646 125 45 väckt,
887 1646 57 36 till
981 1647 185 36 utskottet
1194 1647 217 37 remitterad
1438 1648 152 44 motion,
1620 1660 45 24 nr
1694 1648 89 45 229,

184 1705 102 35 hava
312 1698 278 41 motionärerna
616 1701 122 48 yrkat,
769 1704 57 32 att
851 1700 200 47 riksdagen
1079 1701 117 36 måtte
1221 1701 12 35 i
1253 1701 183 37 skrivelse
1456 1701 56 36 till
1531 1701 134 49 Kungl.
1685 1701 103 48 Maj:t

184 1757 211 45 hemställa,
439 1759 57 33 att
533 1755 134 47 Kungl.
705 1753 107 48 Maj:t
850 1754 87 36 ville
965 1755 80 35 låta
1071 1754 145 45 utreda,
1247 1755 184 36 huruvida
1459 1755 68 37 och
1556 1755 12 36 i
1597 1756 72 36 vad
1698 1756 87 35 mån

184 1813 134 35 utöver
355 1809 73 38 vad
465 1808 116 37 redan
618 1809 137 36 funnes
791 1808 150 46 stadgat
968 1808 188 48 möjlighet
1183 1808 126 37 kunde
1338 1809 272 48 åvägabringas
1638 1810 59 36 för
1724 1813 62 32 ut-

185 1865 163 48 tagande
377 1876 50 24 av
455 1862 156 48 påförda
639 1861 196 49 utskylder
854 1874 49 24 av
922 1861 217 48 försumliga
1159 1862 69 36 och
1247 1862 228 37 tredskande
1495 1863 289 48 skattskyldiga,

185 1923 100 33 samt
312 1917 166 37 härefter
508 1920 151 33 snarast
686 1916 56 36 till
770 1915 201 47 riksdagen
1000 1916 136 47 avgiva
1163 1916 150 47 förslag.

318 1972 17 36 I
378 1983 46 25 en
466 1982 127 24 annan
634 1969 182 37 likaledes
857 1969 57 36 till
956 1970 185 36 utskottet
1177 1970 217 37 remitterad
1431 1970 151 44 motion,
1622 1982 44 24 nr
1695 1970 90 45 244,

185 2039 81 25 som
301 2026 98 36 inom
437 2024 118 37 andra
587 2024 219 36 kammaren
835 2023 133 37 väckts
997 2035 48 24 av
1074 2024 86 36 herr
1186 2024 160 37 Jansson
1374 2025 13 35 1
1413 2024 220 37 Edsbäcken
1662 2036 45 24 m.
1736 2024 49 45 fl,

184 2082 69 35 har
298 2080 143 48 yrkats,
486 2081 56 33 att
583 2078 198 47 riksdagen
825 2077 117 36 måtte
975 2077 158 45 besluta,
1177 2081 57 32 att
1278 2078 12 35 i
1331 2078 182 36 skrivelse
1555 2078 56 36 till
1653 2078 134 47 Kungl.

184 2135 102 47 Maj:t
316 2133 162 41 anhålla,
510 2135 56 33 att
593 2130 134 49 Kungl.
756 2130 106 48 Maj:t
889 2131 148 36 täcktes
1065 2131 79 36 låta
1171 2131 209 37 verkställa
1408 2131 197 48 utredning
1628 2132 159 36 rörande

184 2188 103 37 vilka
325 2186 171 48 åtgärder
534 2197 79 25 som
641 2184 201 48 lämpligen
862 2184 111 37 borde
1002 2184 171 48 vidtagas
1201 2184 59 36 för
1288 2185 345 48 åvägabringandet
1662 2197 49 25 av
1740 2197 46 25 en

183 2241 173 37 rationell
398 2238 291 49 skatteuppbörd
727 2239 69 36 och
828 2238 58 36 för
923 2238 199 47 riksdagen
1157 2242 152 33 snarast
1336 2239 140 48 möjligt
1504 2239 209 47 framlägga
1741 2239 45 36 de

182 2296 151 47 förslag,
364 2294 124 37 vartill
522 2305 46 25 en
598 2292 118 37 sådan
745 2292 198 48 utredning
970 2292 124 37 kunde
1124 2292 87 48 giva
1238 2293 208 48 anledning.

250 2356 134 41 Bihang
408 2356 50 32 till
481 2355 191 41 riksdagens
691 2354 157 41 protokoll
871 2355 90 32 1921.
1003 2356 42 30 13
1060 2355 92 32 saml.
1198 2358 22 28 5
1243 2354 71 33 avd.
1362 2358 21 28 5
1408 2354 80 42 häft.
1540 2354 69 41 (Nr
1626 2355 47 41 6)
1722 2355 16 31 1
