1866 2796
510 159 123 29 Första
653 158 246 39 lagutskottets
921 157 178 31 utlåtande
1119 167 42 20 nr
1184 160 48 30 44.
1585 155 37 30 43

119 243 142 37 angivas
276 243 12 29 i
303 241 388 39 specialmotiveringen,
707 242 49 28 att
773 240 79 30 från
867 240 66 29 den
949 240 195 37 föreslagna
1160 238 383 38 vapenförordningens
1559 237 66 29 till-

121 294 182 40 lämpning
319 294 84 29 böra
420 293 221 38 undantagas
656 310 45 3 —
716 292 156 29 förutom
889 292 101 38 hagel
1009 300 74 20 som
1100 289 106 40 enligt
1227 290 158 39 gällande
1404 288 221 31 bestämmel-

122 355 53 21 ser
193 345 30 39 ej
244 345 167 30 hänföres
428 344 53 31 till
501 343 234 30 ammunition
753 360 45 3 —
815 342 266 39 hagelpatroner
1100 341 64 30 och
1183 340 205 30 tändhattar
1407 339 55 30 för
1483 339 140 32 sådana,

121 396 152 30 massiva
289 396 103 29 kulor
410 397 90 28 samt
517 396 141 38 patron-
674 393 65 30 och
750 389 314 42 laddningshylsor
1081 393 84 28 utan
1183 390 215 31 tändhattar.

162 446 227 31 Beträffande
409 446 67 29 den
496 444 199 39 föreslagna
715 443 297 39 överflyttningen
1032 452 42 21 av
1093 440 432 32 ammunitionsärendena
1546 439 79 30 från

118 496 291 40 länsstyrelserna
430 496 53 29 till
506 496 42 29 de
569 495 114 30 lokala
705 493 383 41 polismyndigheterna
1107 493 138 29 medför
1266 493 114 29 denna
1401 491 160 38 ändring,
1582 490 44 39 på

123 550 67 29 sätt
217 549 42 29 de
287 546 470 41 explosivvarusakkunniga
783 544 206 35 framhållit,
1018 543 275 41 uppenbarligen
1320 543 93 29 vissa
1441 540 185 41 praktiska

122 599 154 31 fördelar
301 599 30 39 ej
359 598 108 30 minst
492 598 56 29 för
574 597 247 30 allmänheten.
847 596 47 30 Ur
920 595 225 40 synpunkten
1171 596 50 28 att
1248 593 246 30 åstadkomma
1519 601 43 21 en
1589 591 37 29 så

123 651 95 38 långt
244 650 61 30 ske
332 650 70 29 kan
428 648 154 39 enhetlig
607 647 173 40 prövning
806 656 41 20 av
873 645 175 31 ärendena
1073 645 70 29 kan
1169 644 160 31 däremot
1355 643 178 29 måhända
1559 642 67 29 den

122 701 204 30 nuvarande
362 700 194 38 ordningen
592 707 101 20 anses
728 706 84 21 vara
847 698 50 29 att
932 696 195 38 föredraga.
1163 693 146 31 Erinras
1344 694 58 29 må
1438 691 187 39 nämligen,

117 754 49 28 att
187 750 432 31 ammunitionsärendena
640 748 107 39 enligt
771 748 81 29 1927
877 748 56 30 års
953 745 326 41 vapenförfattning
1301 744 10 30 i
1333 744 163 30 städerna
1516 743 109 30 hand-

118 803 95 29 lades
239 811 42 21 av
306 802 41 30 de
374 801 117 30 lokala
517 799 382 41 polismyndigheterna
925 798 65 30 och
1017 799 49 28 att
1093 796 176 30 ärendena
1297 794 250 40 överflyttades
1574 793 51 30 till

120 852 292 40 länsstyrelserna
437 851 55 30 för
519 852 51 29 att
595 859 81 21 man
705 849 112 30 skulle
845 849 46 30 nå
915 857 43 21 en
983 848 11 29 i
1019 847 197 40 möjligaste
1243 846 83 30 mån
1353 845 181 39 likformig
1559 844 67 30 till-

120 904 191 40 lämpning.
354 902 204 30 Emellertid
587 910 101 21 anser
717 900 61 40 jag
805 899 239 39 övervägande
1073 898 74 30 skäl
1178 897 71 30 tala
1279 897 55 30 för
1362 898 49 28 att
1440 896 67 30 den
1537 895 89 30 före-

118 954 120 39 slagna
264 952 353 39 decentraliseringen
639 951 62 30 bör
725 950 233 40 genomföras.
994 950 164 29 Intresset
1184 958 42 20 av
1251 949 127 29 största
1401 946 145 40 möjliga
1570 955 55 20 en-

118 1005 168 39 hetlighet
313 1004 57 30 vid
398 1002 218 41 prövningen
643 1002 99 29 torde
770 1002 122 29 kunna
919 1000 201 39 tillgodoses
1148 1007 124 31 genom
1301 998 41 30 de
1369 996 257 41 tillämpnings-

120 1054 233 34 föreskrifter,
370 1062 75 21 som
460 1053 45 40 på
522 1053 68 29 sätt
604 1052 147 39 tidigare
768 1051 202 30 omnämnts
987 1059 98 21 avses
1102 1049 97 30 skola
1217 1048 161 30 utfärdas
1394 1049 11 29 i
1424 1047 204 38 anslutning

120 1105 53 30 till
206 1105 67 29 den
306 1113 68 30 nya
404 1102 383 41 vapenförfattningen,
820 1102 89 29 samt
941 1108 124 32 genom
1097 1101 49 29 att
1178 1099 175 40 klagorätt
1383 1098 134 30 införes
1548 1098 79 29 över

120 1154 401 41 polismyndigheternas
543 1152 123 31 beslut.

164 1206 74 29 Vad
259 1205 109 39 angår
385 1203 344 40 förutsättningarna
747 1203 56 30 för
820 1202 159 30 tillstånd
998 1202 53 31 till
1070 1201 140 31 förvärv
1229 1210 43 20 av
1291 1199 235 31 ammunition
1545 1198 83 30 böra

120 1256 11 29 i
153 1258 87 28 stort
263 1257 66 28 sett
351 1264 48 21 nu
422 1255 160 39 gällande
603 1253 264 31 bestämmelser
888 1252 202 30 bibehållas.
1113 1251 174 30 Tillstånd
1309 1250 61 30 bör
1394 1250 134 30 således
1554 1258 74 21 som

121 1306 90 39 regel
229 1305 146 40 beviljas
394 1306 124 29 endast
538 1304 136 31 enskild
691 1313 138 31 person.
848 1303 91 30 Från
959 1303 115 30 denna
1090 1302 91 40 regel
1199 1302 85 30 böra
1302 1301 88 30 dock
1407 1300 221 38 undantagas

121 1356 319 40 skytteföreningar
462 1356 65 29 och
548 1355 108 30 andra
677 1354 168 30 liknande
867 1353 370 39 sammanslutningar.
1261 1352 143 30 Liksom
1428 1360 48 20 nu
1498 1350 63 30 bör
1581 1350 48 29 vi-

123 1409 81 30 dare
222 1409 139 33 krävas,
381 1410 49 28 att
450 1408 180 30 sökanden
648 1408 64 29 har
730 1407 111 29 behov
861 1416 41 21 av
924 1405 234 31 ammunition
1177 1405 65 30 och
1263 1404 156 39 skäligen
1438 1404 72 29 kan
1530 1404 96 28 anta-

122 1465 58 31 gas
201 1457 30 39 ej
253 1457 143 29 komma
415 1458 49 28 att
483 1455 200 30 missbruka
704 1455 216 29 densamma.

166 1508 13 29 I
203 1507 111 29 likhet
338 1507 78 29 med
440 1505 348 41 vapenutredningen
815 1513 101 21 anser
939 1504 60 39 jag
1023 1505 50 29 att
1097 1503 159 30 tillstånd
1281 1502 53 31 till
1360 1501 269 31 ammunitions-

122 1558 141 30 förvärv
286 1557 11 29 i
321 1557 192 30 allmänhet
537 1556 62 30 bör
626 1556 90 39 gälla
741 1555 112 30 under
877 1556 48 28 ett
950 1555 39 30 år
1012 1554 79 30 med
1114 1554 70 29 rätt
1208 1553 56 30 för
1287 1551 342 42 polismyndigheten

124 1612 49 28 att
189 1611 9 29 i
217 1609 142 31 särskilt
375 1609 62 30 fall
455 1608 181 30 utsträcka
653 1607 274 40 giltighetstiden
944 1607 83 30 eller
1043 1606 170 39 begränsa
1230 1606 216 29 densamma.
1463 1603 164 31 Tillstån-

124 1661 56 29 det
197 1660 62 29 bör
278 1660 127 29 liksom
422 1659 127 30 hittills
567 1658 160 30 utfärdas
747 1658 12 29 i
777 1657 92 30 form
886 1667 42 20 av
944 1655 285 32 tillståndsbevis.
1248 1655 75 30 Den
1341 1664 42 21 av
1400 1655 41 29 de
1458 1653 169 40 explosiv-

123 1708 311 39 varusakkunniga
456 1707 200 38 föreslagna
677 1706 259 38 benämningen
958 1705 208 39 inköpskort
1189 1713 103 30 synes
1314 1703 137 30 mindre
1474 1701 153 40 lämplig.

167 1761 50 29 De
233 1761 121 38 regler,
373 1769 73 21 som
463 1760 108 38 enligt
586 1759 73 29 min
675 1759 143 38 mening
836 1758 148 30 sålunda
1003 1757 84 30 böra
1104 1756 90 40 gälla
1210 1757 10 29 i
1239 1756 99 39 fråga
1355 1765 57 20 om
1429 1755 142 30 förvärv
1586 1763 41 21 av

122 1809 245 33 ammunition,
389 1808 141 29 ansluta
552 1807 50 39 sig
622 1807 11 29 i
657 1808 87 28 stort
766 1808 66 27 sett
853 1805 52 30 till
927 1806 42 29 de
990 1804 487 40 explosivvarusakkunnigas
1499 1802 131 39 förslag

122 1860 64 29 och
206 1859 160 29 medföra
388 1858 55 29 för
466 1857 256 30 allmänhetens
742 1856 271 30 vidkommande
1035 1864 133 21 samma
1188 1854 155 30 fördelar
1364 1863 74 20 som
1461 1854 104 29 detta.

165 1909 68 29 Till
255 1908 254 30 förhindrande
530 1917 42 20 av
592 1907 180 29 missbruk
794 1916 41 19 av
855 1906 67 29 den
945 1905 107 30 friare
1073 1905 199 39 inköpsrätt
1294 1913 75 20 som
1391 1903 149 30 sålunda
1562 1903 68 29 för-

123 1960 119 29 ordats
266 1959 85 29 böra
374 1958 93 30 vissa
494 1956 378 31 kontrollföreskrifter
897 1955 187 30 meddelas.
1109 1955 110 29 Dessa
1244 1954 84 30 böra
1355 1954 89 30 dock
1470 1953 30 39 ej
1530 1954 100 38 göras

123 2018 94 21 mera
244 2009 218 30 omfattande
488 2009 43 28 än
558 2017 73 20 som
655 2008 38 28 är
718 2006 224 38 nödvändigt.

169 2060 121 29 Såsom
317 2059 145 39 tidigare
491 2058 214 30 framhållits
732 2058 38 29 är
797 2057 56 29 det
879 2066 42 20 av
947 2056 73 30 vikt
1047 2058 50 28 att
1123 2055 421 30 licensbestämmelserna
1574 2063 55 20 om

124 2110 234 29 ammunition
380 2109 178 39 tillämpas
578 2108 44 39 på
641 2110 48 28 ett
709 2107 167 38 enhetligt
897 2107 64 29 och
982 2107 121 38 riktigt
1126 2107 78 28 sätt.
1227 2106 102 29 Detta
1350 2105 106 39 gäller
1477 2105 77 29 icke
1574 2113 56 21 en-

123 2160 77 29 dast
223 2160 41 29 de
289 2160 178 29 allmänna
491 2158 342 38 förutsättningarna
858 2158 85 28 utan
967 2157 106 29 också
1098 2155 442 39 ammunitionsmängden.
1564 2154 66 29 Till

126 2210 198 38 främjande
343 2210 108 28 härav
469 2209 83 29 böra
572 2207 513 40 tillämpningsföreskrifterna
1105 2207 100 38 göras
1226 2206 37 30 så
1284 2206 166 38 utförliga
1470 2205 65 29 och
1554 2206 77 37 väg-

126 2259 144 29 ledande
289 2268 74 20 som
380 2258 149 39 möjligt.
548 2258 101 29 Detta
669 2259 38 27 är
725 2257 179 38 angeläget
922 2257 30 38 ej
973 2257 107 28 minst
1097 2256 120 29 därför
1235 2258 50 27 att
1305 2255 325 39 licensprövningen

124 2309 88 29 skall
234 2309 198 29 tillkomma
454 2310 48 28 ett
523 2308 184 38 väsentligt
731 2308 110 28 större
862 2307 95 28 antal
978 2306 242 38 myndigheter
1242 2306 44 28 än
1306 2306 66 28 vad
1393 2314 47 19 nu
1464 2306 38 28 är
1523 2305 107 29 fallet.

171 2359 281 29 Föreskrifterna
473 2358 84 29 böra
578 2358 43 29 bl.
644 2368 28 19 a.
694 2358 174 29 behandla
888 2356 223 40 principerna
1131 2356 55 29 för
1210 2356 263 29 bestämmande
1498 2365 42 19 av
1561 2364 70 20 am-

123 2408 457 38 munitionstilldelningens
607 2408 140 29 storlek.
774 2408 12 28 I
812 2407 108 30 likhet
946 2407 76 29 med
1049 2407 346 38 vapenutredningen
1421 2406 64 29 och
1511 2406 41 29 de
1577 2415 54 20 ex-

123 2458 427 41 plosivvarusakkunniga
570 2467 101 20 anser
690 2457 70 39 jag,
781 2459 49 28 att
850 2458 66 28 den
937 2466 47 20 nu
1006 2457 8 29 i
1035 2457 190 29 allmänhet
1247 2456 201 39 tillämpade
1468 2456 163 37 ordning-

124 2518 40 21 en
190 2509 79 30 med
296 2509 146 39 rigoröst
469 2508 65 30 och
560 2508 314 38 sechablonmässigt
899 2507 263 29 bestämmande
1189 2516 41 19 av
1257 2506 375 38 ammunitionsmäng-
