1876 2796
504 149 124 29 Första
651 147 246 40 lagutskottets
919 145 179 31 utlåtande
1119 154 43 20 nr
1182 149 48 31 44.

226 235 184 36 (Gällande
439 231 297 35 bestämmelser:
717 227 21 48 )

107 321 99 39 dylik
236 320 168 38 egendom
437 318 75 31 föra
546 316 251 38 anteckningar
830 313 13 30 i

109 371 151 31 särskild
292 370 69 30 bok
395 369 82 31 eller
511 369 11 29 i
558 367 110 31 sådan
703 364 140 40 försälj-

110 421 183 40 ningsbok,
318 429 121 22 varom
464 419 139 39 stadgas
626 419 13 29 i
663 417 41 30 65
733 416 15 37 $
774 415 71 30 för-

110 472 192 39 ordningen
323 472 68 29 den
413 470 40 30 18
472 469 69 40 maj
568 468 85 31 1928
679 467 58 35 (nr
759 466 79 33 139)

108 523 178 39 angående
309 521 177 41 explosiva
508 529 113 22 varor.
646 517 198 32 Beträffan-

108 573 42 31 de
173 573 97 40 varje
293 571 213 41 försäljning
530 570 99 31 skola
653 569 190 31 antecknas

156 625 29 29 1.
210 624 111 39 dagen
344 623 55 30 för
421 621 273 40 försäljningen;

156 675 30 30 2.
210 674 175 40 köparens
405 672 230 39 fullständiga
654 679 118 25 namn,
790 677 57 31 yr-

109 726 44 31 ke
172 725 66 30 och
254 724 167 35 hemvist;

155 776 30 30 3.
210 776 11 29 i
245 775 100 39 fråga
370 784 57 21 om
454 773 213 40 skjutvapen
689 778 156 34 vapnens

112 827 95 30 antal
233 826 63 30 och
323 825 74 40 slag
421 827 90 28 samt
534 824 11 30 i
569 823 101 39 fråga
694 831 56 21 om
773 830 74 22 am-

110 877 178 31 munition
314 876 59 30 det
403 875 82 31 eller
516 876 41 29 de
586 873 165 39 varuslag
780 870 65 32 och

111 928 67 30 den
209 926 210 40 myckenhet
449 926 108 30 därav
588 923 257 40 försäljningen

112 978 120 39 avsåg;

159 1028 30 30 4.
213 1028 68 30 den
313 1026 236 40 länsstyrelse,
583 1033 74 22 som
688 1023 159 30 utfärdat

112 1079 57 31 det
193 1088 42 22 av
257 1078 156 40 köparen
437 1076 193 40 åberopade
654 1074 193 31 tillstånds-

112 1129 141 34 beviset,
275 1128 111 40 jämte
408 1128 111 39 dagen
542 1126 58 30 för
620 1126 149 30 bevisets
793 1126 55 28 ut-

113 1179 181 31 färdande.

160 1230 120 30 Såsom
304 1229 133 39 bilagor
461 1228 98 32 skola
580 1227 59 31 vid
661 1226 113 30 boken
797 1225 52 30 fo-

114 1287 60 32 gas
201 1279 175 41 dupletter
404 1288 41 21 av
472 1276 329 33 tillståndsbevisen.

165 1885 155 31 Särskild
339 1882 301 41 försäljningsbok
660 1880 86 33 skall
764 1880 90 39 jäm-

116 1939 34 27 te
176 1935 133 39 bilagor
336 1934 158 30 förvaras
522 1933 113 29 under
661 1940 43 22 en
731 1931 50 30 tid
809 1939 43 21 av

117 1986 109 31 minst
251 1985 49 30 tio
328 1984 38 30 år
394 1984 79 29 från
500 1984 67 29 den
594 1983 68 38 dag
691 1981 82 30 sista
799 1981 53 29 in-

120 2035 226 39 skrivningen
368 2034 138 41 gjordes
526 2051 45 3 —
588 2050 45 4 —
653 2050 53 12 —.

1579 143 40 31 21

1016 228 145 40 (Kungl.
1186 228 125 40 Maj:ts
1336 226 167 41 förslag:)

885 316 96 40 varje
1009 314 214 40 försäljning
1251 314 99 31 skola
1377 314 12 29 i
1416 313 113 30 boken
1557 321 62 22 an-

884 367 144 30 tecknas
1052 366 111 39 dagen
1188 365 54 30 för
1266 363 268 40 försäljningen,
1557 363 62 30 kö-

885 427 126 31 parens
1030 426 120 25 namn,
1169 416 84 39 yrke
1273 415 65 31 och
1357 414 160 34 hemvist,
1536 422 84 31 vap-

885 478 87 21 nens
993 468 94 30 antal
1109 467 65 30 och
1196 466 81 40 slag,
1297 465 145 34 kaliber,
1464 463 155 31 fabrikat

886 519 65 30 och
969 518 421 39 tillverkningsnummer,
1411 515 38 31 så
1467 515 65 30 ock
1551 514 69 30 den

885 570 215 40 myndighet,
1127 577 75 22 som
1229 567 159 30 utfärdat
1411 566 57 31 det
1492 574 43 21 av
1558 564 63 30 kö-

886 629 108 32 paren
1049 618 194 41 åberopade
1263 610 8 55 =
1297 614 322 34 tillståndsbeviset,

889 673 89 28 samt
998 670 150 30 bevisets
1167 677 162 21 nummer
1350 666 65 30 och
1434 666 111 39 dagen
1565 664 56 30 för

888 722 78 29 dess
988 719 224 31 utfärdande.

936 1225 120 31 Såsom
1093 1223 133 40 bilagor
1265 1220 98 31 skola
1400 1219 56 30 vid
1483 1216 142 41 försälj-

890 1275 219 40 ningsboken
1128 1274 99 39 fogas
1245 1271 175 41 dupletter
1439 1279 41 21 av
1497 1269 128 40 köpar-

891 1336 64 21 nas
980 1323 285 33 tillståndsbevis.

935 1375 14 29 I
968 1374 61 30 fall
1048 1382 75 21 som
1143 1380 97 22 avses
1256 1372 13 29 i
1286 1370 19 30 6
1325 1369 15 37 8
1359 1368 111 40 tredje
1489 1367 135 39 stycket

893 1427 98 30 skola
1017 1426 12 30 i
1057 1422 348 41 försäljningsboken
1433 1419 192 32 antecknas

890 1494 45 4 —
962 1476 156 30 förutom
1147 1475 109 38 dagen
1284 1472 56 30 för
1368 1469 258 40 försäljningen

894 1529 90 28 samt
1004 1526 177 39 köparens
1200 1531 119 25 namn,
1340 1522 85 39 yrke
1446 1520 65 30 och
1529 1519 98 29 hem-

892 1576 68 29 vist
979 1592 44 3 —
1044 1575 69 29 den
1133 1572 155 31 försålda
1308 1569 232 42 vapendelens
1563 1568 64 32 art,

894 1627 67 29 den
983 1624 216 41 myndighet,
1224 1632 74 21 som
1323 1620 157 31 utfärdat
1504 1619 57 30 det
1586 1626 42 21 av

893 1678 156 39 köparen
1087 1673 193 41 åberopade
1317 1671 192 31 tillstånds-
1545 1668 83 31 eller

895 1725 370 33 deklarationsbeviset
1304 1722 149 31 rörande
1489 1720 140 40 vapnet,

896 1780 90 28 samt
1005 1777 151 30 bevisets
1176 1783 162 21 nummer
1358 1772 65 31 och
1442 1772 110 38 dagen
1573 1770 56 29 för

895 1830 79 29 dess
995 1826 223 31 utfärdande.

941 1876 357 40 Försäljningsboken
1343 1873 109 39 jämte
1497 1870 134 39 bilagor

897 1928 88 30 skall
1008 1928 161 29 förvaras
1192 1925 110 29 under
1326 1924 49 29 tio
1399 1923 37 29 år
1459 1921 79 30 från
1562 1920 68 29 den

894 1980 66 38 dag
985 1978 84 30 sista
1092 1974 257 39 anteckningen
1376 1972 147 40 gjordes.

1214 2075 41 31 33
1279 2075 28 37 8.

940 2138 64 31 Det
1026 2136 130 39 åligger
1179 2131 338 44 polismyndigheten
1541 2130 11 29 i
1577 2137 53 21 or-

896 2191 57 27 ten
980 2189 51 29 att
1056 2186 104 33 tillse,
1188 2186 50 30 att
1265 2184 101 38 olaga
1393 2180 126 31 handel
1547 2178 81 31 med

897 2239 211 39 skjutvapen
1131 2236 31 40 ej
1187 2237 78 37 äger
1285 2243 81 21 rum
1390 2234 89 29 samt
1501 2233 50 28 att
1571 2239 59 21 va-

896 2298 66 30 pen
981 2296 74 22 som
1073 2286 192 31 innehavas
1282 2293 42 21 av
1341 2281 200 32 handlande
1559 2280 71 30 för-

897 2348 101 20 varas
1015 2337 45 41 på
1077 2335 210 31 föreskrivet
1305 2335 79 29 sätt.

942 2384 343 40 Polismyndigheten
1322 2381 88 30 skall
1445 2380 107 29 minst
1588 2385 43 21 en

898 2436 89 39 gång
1003 2435 133 38 årligen
1154 2434 70 29 låta
1242 2432 151 40 granska
1412 2428 218 32 handlandes
