1872 2794
349 232 184 35 (Gällande
562 234 296 35 bestämmelser:)

232 316 115 31 vilken
370 317 64 30 har
458 319 51 29 att
531 319 107 38 pröva
658 318 175 31 huruvida
855 318 110 31 besla-

233 370 54 35 get
318 367 86 30 skall
434 367 99 31 bestå
560 368 75 35 och,
666 369 117 30 därest
812 369 152 40 beslaget

231 416 117 31 finnes
364 417 76 30 icke
457 417 86 33 böra
558 418 119 35 hävas,
694 419 119 30 vidare
829 419 134 30 förfara

230 467 47 39 på
299 468 66 29 sätt
386 476 85 31 nyss
495 471 102 37 sagts.

277 517 184 35 Anställes,
483 519 11 29 i
516 519 62 30 fall
600 520 44 29 då
665 521 127 38 ägaren
814 521 69 30 kan
905 530 61 20 an-

230 568 137 34 träffas,
391 568 31 40 ej
450 568 72 31 åtal
544 569 94 30 inom
663 579 45 20 en
731 570 127 30 månad
882 570 81 30 från

230 617 161 40 beslaget,
413 628 82 20 vare
517 620 195 30 detsamma
734 620 154 31 förfallet

234 710 59 33 (25
320 710 16 37 8
365 712 14 28 1
409 712 145 38 stycket,
582 712 40 30 24
651 712 16 37 $
696 713 19 29 2
743 713 132 39 stycket
901 714 66 30 och

447 762 42 30 25
509 763 16 36 8
543 763 19 29 2
579 762 164 40 stycket.)

273 813 101 30 Böter
410 822 76 21 som
523 814 143 30 ådömas
703 814 107 40 enligt
846 815 116 29 denna

228 863 208 39 kungörelse
454 866 90 28 samt
561 864 169 39 egendom
748 874 73 21 som
838 866 37 28 är
891 865 72 30 för-

228 913 129 30 verkad
376 914 166 30 ävensom
560 914 125 41 belopp
705 924 74 21 som
797 915 135 40 utgives
950 916 12 29 i

229 963 114 30 stället
381 964 56 30 för
474 965 97 39 dylik
610 966 171 38 egendom
820 966 141 30 tillfalla

226 1014 147 31 kronan.
397 1016 136 30 Saknas
555 1016 145 40 tillgång
721 1016 53 31 till
796 1017 164 30 böternas

227 1064 179 40 gäldande,
434 1067 100 30 skola
559 1067 41 31 de
625 1067 203 31 förvandlas
852 1067 107 40 enligt

226 1116 177 31 allmänna
425 1118 218 39 strafflagen.

270 1166 72 31 Har
363 1168 171 39 egendom
558 1169 192 31 förklarats
773 1170 187 30 förverkad

223 1223 124 31 genom
369 1216 78 40 laga
467 1217 98 30 kraft
587 1219 133 38 ägande
743 1218 113 40 utslag
877 1219 84 30 eller

225 1269 40 28 är
299 1269 167 39 egendom
498 1270 187 30 förverkad
717 1271 106 40 enligt
854 1270 41 31 23
929 1270 29 38 $,

226 1318 89 30 skall
342 1320 144 30 därmed
515 1320 153 32 förfaras
696 1322 46 39 på
771 1323 67 29 sätt
865 1322 94 30 läns-

226 1369 169 39 styrelsen
414 1370 222 31 bestämmer.

271 1419 93 30 Skall
389 1421 170 38 egendom
584 1431 83 21 vara
693 1422 187 31 förverkad
906 1422 54 31 så-

221 1469 57 29 väl
312 1469 141 39 jämlikt
488 1471 114 31 denna
636 1472 209 39 kungörelse
882 1482 75 21 som

223 1518 143 39 jämlikt
391 1529 121 21 annan
538 1521 222 40 författning,
788 1522 88 31 skall
903 1523 56 29 be-

223 1572 178 31 träffande
433 1573 249 34 förverkandet
711 1576 66 29 vad
806 1575 12 29 i
848 1575 109 32 sådan

223 1622 212 40 författning
471 1624 39 30 är
543 1625 135 39 stadgat
711 1626 63 39 äga
806 1625 152 41 tillämp-

223 1680 95 31 ning.

622 150 125 30 Första
769 150 245 39 lagutskottets
1036 151 180 31 utlåtande
1237 161 41 20 nr
1302 158 49 29 44.

1138 236 145 40 (Kungl.
1308 238 124 39 Maj:ts
1457 239 167 40 förslag:)

1332 718 41 30 38
1396 718 28 37 8.

1052 818 113 35 Böter,
1206 828 74 22 som
1322 820 144 31 ådömas
1494 821 105 40 enligt
1628 822 117 30 denna

1008 869 218 40 förordning,
1252 870 139 31 tillfalla
1416 871 147 31 kronan.

1044 1176 76 30 Med
1145 1176 188 31 förverkad
1357 1178 169 38 egendom
1551 1177 89 30 skall
1664 1177 71 30 för-

999 1226 96 31 faras
1115 1227 45 40 på
1183 1228 68 29 sätt
1273 1227 121 30 därom
1418 1228 38 29 är
1480 1227 140 31 särskilt
1643 1228 91 30 före-

1008 1276 139 31 skrivet.

1044 1428 94 31 Skall
1163 1429 170 39 egendom
1357 1439 84 21 vara
1467 1429 187 31 förverkad
1681 1429 53 31 så-

998 1478 55 30 väl
1068 1478 143 40 jämlikt
1228 1479 114 30 denna
1358 1479 208 39 förordning
1583 1488 74 21 som
1675 1487 59 22 en-

997 1528 61 40 ligt
1092 1538 117 21 annan
1243 1529 221 40 författning,
1492 1530 89 30 skall
1602 1530 131 30 beträf-

998 1579 105 30 fande
1123 1579 249 30 förverkandet
1393 1579 90 40 gälla
1504 1580 66 30 vad
1589 1580 11 29 i
1621 1579 110 30 sådan

1003 1629 213 41 författning
1243 1631 37 29 är
1309 1631 152 39 stadgat;
1491 1631 88 29 dock
1608 1631 89 30 skall
1725 1631 12 29 i

1003 1680 99 39 fråga
1126 1689 58 21 om
1206 1681 222 30 förfarandet
1452 1681 79 30 med
1556 1682 180 39 egendom,

1005 1739 73 21 som
1095 1731 200 30 förverkats
1312 1731 107 40 enligt
1437 1732 99 39 lagen
1555 1741 56 21 om
1631 1732 106 30 straff

1002 1780 56 30 för
1081 1780 128 41 olovlig
1233 1782 244 35 varuinförsel,
1502 1783 11 29 i
1542 1783 114 30 stället
1680 1783 56 30 för

1003 1830 311 32 bestämmelserna
1332 1832 11 29 i
1363 1833 106 39 sagda
1488 1833 56 39 lag
1561 1833 90 39 gälla
1669 1833 67 31 vad

1004 1889 74 21 som
1100 1882 38 29 är
1161 1881 208 31 föreskrivet
1391 1882 222 31 beträffande
1636 1891 101 32 egen-

1002 1930 91 35 dom,
1123 1940 75 21 som
1227 1932 197 31 förverkats
1450 1933 142 39 jämlikt
1618 1934 118 30 denna

1004 1980 217 41 förordning.

740 2069 175 30 Särskilda
940 2071 268 31 bestämmelser.

454 2127 59 32 (26
533 2127 15 37 $
566 2128 19 30 2
601 2129 124 33 mom.)

262 2178 21 30 2
318 2188 104 21 mom.
463 2181 73 31 Hos
573 2181 250 40 länsstyrelsen
862 2182 89 31 skall

222 2229 173 40 därjämte
424 2230 99 31 föras
556 2232 223 40 förteckning
807 2234 149 29 rörande

221 2279 169 32 inkomna
427 2281 239 40 ansökningar
703 2291 57 21 om
798 2283 157 30 tillstånd

222 2330 52 29 att
291 2330 174 31 innehava
486 2331 211 41 skjutvapen
717 2332 83 30 eller
816 2335 51 28 att
886 2333 71 30 för-

220 2380 107 30 värva
341 2380 245 31 ammunition.
604 2381 114 31 Sådan
735 2382 222 39 förteckning

221 2429 91 30 skall
328 2430 179 31 innehålla

265 2480 28 29 1.
316 2481 161 31 ärendets
500 2490 162 22 nummer
685 2483 65 30 och
774 2484 108 39 dagen
906 2483 44 30 då

220 2531 243 40 ansökningen
483 2532 136 36 inkom;

1325 2133 42 30 39
1387 2133 27 38 8.

1040 2183 71 31 Hos
1133 2184 235 40 länsstyrelse,
1393 2186 37 30 så
1454 2186 64 30 ock
1540 2186 63 31 hos
1624 2187 106 39 polis-

996 2234 204 39 myndighet
1222 2234 12 30 i
1253 2244 116 21 annan
1389 2237 53 29 ort
1462 2237 45 29 än
1527 2235 202 32 Stockholm

998 2283 99 35 skall,
1120 2285 10 29 i
1153 2284 153 40 enlighet
1328 2286 79 29 med
1430 2286 41 30 de
1494 2287 161 30 närmare
1679 2287 52 30 fö-

996 2333 183 30 reskrifter
1217 2334 194 40 Konungen
1437 2334 171 35 utfärdar,
1634 2335 98 30 föras

996 2384 144 39 register
1166 2384 56 30 för
1250 2384 212 40 anteckning
1487 2395 42 20 av
1553 2385 179 40 uppgifter

1001 2434 148 30 rörande
1176 2435 153 30 ärenden
1357 2444 75 21 som
1460 2444 98 22 avses
1582 2436 10 29 i
1619 2436 116 30 denna

1002 2484 216 41 förordning.
