2232 2606
670 166 277 32 Bankoutskottets
970 163 164 32 utlåtande
1158 162 51 32 Nr
1235 164 37 29 11
1299 163 36 28 B.
1724 157 35 31 17

493 264 37 35 B.
587 262 109 38 Det
725 261 247 38 militära
999 254 528 54 pensionsväsendet.

337 350 72 47 5:0)
453 350 15 35 I
498 349 123 49 punkt
650 351 20 34 5
700 349 68 36 har
798 348 141 47 Kungl.
970 346 108 47 Maj:t
1108 344 197 47 föreslagit
1332 342 206 47 riksdagen
1569 346 65 42 att,
1663 341 11 35 i
1705 339 100 37 avbi-

206 402 74 36 dan
309 404 48 47 på
385 401 70 37 den
483 400 234 50 proposition
747 413 59 22 om
837 398 204 37 anvisande
1070 410 46 23 av
1147 396 120 36 medel
1298 395 56 35 för
1383 393 222 45 ändamålet,
1631 405 81 23 som
1735 391 73 36 kan

206 454 102 36 bliva
337 453 170 48 förelagd
528 452 218 48 riksdagen,
776 451 57 35 till
861 448 213 39 beredande
1102 462 47 22 av
1178 446 286 50 dyrtidstillägg
1492 444 118 36 under
1639 446 40 33 år
1711 444 94 34 1921

207 507 38 33 åt
274 505 24 35 f.
330 504 33 35 d.
399 504 162 35 militära
590 502 377 47 befattningshavare
996 503 20 33 å
1044 500 237 46 tilläggsstat
1310 498 56 35 för
1394 499 39 33 år
1465 498 93 33 1921
1590 497 122 33 såsom
1734 494 74 35 för-

208 555 241 49 slagsanslag
476 554 165 36 beräkna
669 560 53 30 ett
752 553 137 49 belopp
918 565 46 23 av
994 551 202 47 5,400,000
1226 550 148 35 kronor.

339 649 99 46 Över
480 658 123 36 denna
640 656 282 48 framställning
950 656 169 35 kommer
1147 652 185 37 utskottet
1361 651 199 36 framdeles
1589 654 54 31 att
1673 648 137 49 avgiva

208 710 211 44 utlåtande;
450 709 117 37 vilket
594 708 187 37 utskottet
810 707 123 37 skolat
962 705 154 37 härmed
1145 705 60 36 för
1232 703 205 48 riksdagen

737 794 160 37 anmäla.

340 900 73 48 6:0)
456 899 143 48 Kungl.
631 898 105 48 Maj:t
763 898 69 35 har
859 899 12 35 i
898 896 122 50 punkt
1041 898 20 33 6
1083 895 197 48 föreslagit
1298 893 207 48 riksdagen
1526 898 65 42 att,
1612 893 12 35 i
1645 891 163 37 avbidan

209 955 48 47 på
286 952 71 37 den
385 951 235 49 proposition
648 963 60 23 om
739 949 205 36 anvisande
973 962 45 22 av
1047 947 120 36 medel
1193 946 56 36 för
1269 945 222 46 ändamålet,
1511 958 81 23 som
1611 944 75 36 kan
1708 943 100 37 bliva

209 1003 173 49 förelagd
422 1002 215 49 riksdagen,
676 1002 57 35 till
773 1000 211 37 beredande
1027 1012 45 23 av
1113 998 287 50 dyrtidstillägg
1427 996 120 37 under
1574 999 39 33 år
1644 998 95 35 1921
1771 998 37 34 åt

208 1054 420 51 pensionsberättigade
669 1053 119 36 änkor
829 1053 71 36 och
935 1052 94 37 barn
1058 1051 93 36 efter
1179 1050 163 36 militära
1369 1048 390 48 befattningshavare,
1789 1051 20 33 å

208 1108 236 49 tilläggsstat
485 1106 58 37 för
584 1108 40 34 år
667 1107 95 35 1921
807 1108 122 33 såsom
972 1102 301 49 förslagsanslag
1312 1101 165 37 beräkpa
1518 1106 53 31 ett
1598 1100 138 50 belopp
1763 1113 47 23 av

214 1161 201 46 1,300,000
443 1159 149 36 kronor.

342 1255 151 37 Jämväl
530 1259 90 32 över
656 1252 125 37 denna
810 1250 281 48 framställning
1119 1249 173 37 kommer
1320 1248 185 37 utskottet
1533 1247 201 37 framdeles
1763 1253 54 30 att

212 1307 139 49 avgiva
378 1305 210 45 utlåtande;
617 1305 119 36 vilket
765 1304 183 36 utskottet
977 1302 124 36 skolat
1128 1300 156 37 härmed
1314 1300 58 36 för
1399 1299 202 50 riksdagen

743 1390 158 37 anmäla.

346 1497 71 50 7:0)
458 1497 17 36 I
502 1496 170 50 punkten
702 1497 18 34 7
752 1493 67 37 har
848 1492 142 49 Kungl.
1021 1491 106 49 Maj:t
1155 1490 208 48 föreslagit,
1394 1495 53 31 att
1473 1489 204 49 riksdagen
1698 1491 115 34 måtte

344 1551 74 35 dels
463 1548 187 49 medgiva,
699 1551 53 32 att
797 1546 72 36 den
915 1544 212 47 ersättning
1155 1542 11 37 i
1195 1542 208 48 anledning
1448 1554 46 24 av
1539 1541 273 49 kroppsskada,

215 1603 167 48 ådragen
420 1600 118 37 under
578 1596 416 51 militärtjänstgöring,
1036 1608 81 24 som
1145 1597 127 47 utgått
1301 1595 90 35 eller
1418 1596 112 45 utgår
1558 1596 124 34 såsom
1712 1593 100 48 sjuk-

214 1653 342 50 hjälpsersättning
584 1651 91 37 eller
701 1650 163 37 livränta
892 1648 59 36 för
979 1647 54 36 tid
1062 1647 119 36 under
1209 1652 40 30 är
1280 1648 96 34 1921
1399 1646 89 36 eller
1507 1647 124 34 såsom
1651 1645 161 48 begrav-

214 1706 220 49 ningshjälp
464 1705 11 35 i
504 1703 206 47 anledning
740 1715 46 23 av
814 1699 174 46 dödsfall,
1008 1699 168 36 inträffat
1196 1698 121 36 under
1336 1696 166 37 nämnda
1521 1700 51 43 år,
1592 1700 73 44 må,
1686 1696 127 37 därest

215 1758 144 37 skadan
401 1755 239 51 uppkommit
679 1755 82 35 före
802 1752 73 37 den
918 1753 18 34 1
975 1750 151 50 januari
1171 1752 110 42 1921,
1324 1749 108 49 höjas
1470 1749 83 37 med
1583 1750 47 35 50
1661 1754 154 44 procent

215 1815 136 32 utöver
380 1809 63 37 det
472 1808 147 48 belopp,
648 1806 128 36 vartill
801 1802 260 49 ersättningen
1101 1805 59 34 må
1189 1802 229 37 bestämmas
1449 1801 121 48 enligt
1593 1800 221 49 grunderna

215 1862 12 36 i
256 1861 275 48 förordningen
560 1859 72 36 den
664 1860 44 34 18
739 1856 80 49 juni
851 1856 95 36 1909
977 1867 60 24 om
1067 1854 213 48 ersättning
1308 1853 11 36 i
1349 1852 207 49 anledning
1581 1866 47 23 av
1653 1853 160 49 kropps-

216 1914 131 46 skada,
377 1913 168 48 ådrägen
573 1910 120 36 under
720 1906 413 49 militärtjänstgöring,
1489 1903 2 3 |

345 1966 75 35 dels
448 1966 62 35 ock
538 1963 58 36 för
624 1960 241 39 bestridande
893 1972 45 23 av
965 1959 117 36 härav
1120 1957 221 37 föranledda
1366 1956 203 37 kostnader
1592 1958 21 34 å
1641 1956 174 49 tilläggs-

217 2024 76 31 stat
336 2017 57 36 för
437 2019 41 34 år
525 2016 96 36 1921
669 2013 119 37 under
834 2012 87 36 elfte
967 2010 237 36 huvudtiteln
1251 2009 130 36 anvisa
1422 2014 54 31 ett
1515 2008 302 50 förslagsanslag

217 2084 47 23 av
295 2069 161 48 175,000
485 2067 149 36 kronor.

346 2163 266 47 Utredningen
653 2162 12 36 i
707 2164 130 33 ämnet
878 2158 202 36 återfinnes
1121 2158 11 35 i
1175 2156 412 50 statsrådsprotokollet
1624 2161 90 31 över
1742 2155 75 43 för-

218 2215 272 39 svarsärenden
528 2215 58 35 för
613 2213 72 37 den
716 2215 44 33 17
792 2209 195 39 december
1017 2208 253 49 1920.(Prop.
1301 2222 45 22 nr
1375 2210 34 46 2,
1438 2207 68 37 sid.
1538 2207 46 49 6),
1614 2207 58 37 till
1700 2207 118 37 vilket

217 2269 185 37 utskottet
430 2267 56 37 får
513 2266 170 37 hänvisa.
1788 2272 2 2 |

219 2330 128 41 Bihang
370 2329 48 32 till
440 2327 187 43 riksdagens
646 2325 157 43 protokoll
826 2324 101 39 1921.
968 2324 20 31 8
1011 2322 88 32 saml.
1146 2322 21 31 9
1189 2322 79 41 häft.
1359 2321 64 40 (Nr
1447 2321 40 31 11
1513 2320 116 32 A—11
1657 2319 54 38 B)
1755 2320 19 31 3

1826 335 207 34 Dyrtidstillägg

1827 373 24 24 åt
1860 373 49 30 f.d.
1916 370 118 25 militära

1846 406 171 32 befattnings-

1879 443 106 22 havare.

1830 892 206 32 Dyrtidstillägg

1840 928 27 24 åt
1886 928 135 30 pensions-

1854 962 162 32 berättigade

1855 998 84 24 änkor
1960 997 46 25 och

1858 1033 67 23 barn
1944 1034 69 29 efter

1840 1067 120 25 militära
1980 1068 40 22 be-

1865 1102 139 32 fattnings-

1882 1138 105 23 havare.

1901 1173 67 46 [6.]

1840 1483 159 32 Ersättning
2018 1483 10 24 i

1837 1519 141 32 anledning
1998 1526 32 16 av

1843 1554 187 32 kroppsskada,

1833 1589 115 33 ådragen
1954 1589 85 24 under

1832 1623 199 32 militärtjänst-

1884 1658 103 34 göring.

1904 1695 69 46 [7.]
