2228 2624
391 199 117 32 Andra
531 197 219 33 Kammarens
776 196 180 40 Tillfälliga
985 193 138 33 Utskotts
1148 190 77 43 (N:o
1251 191 35 40 3)
1316 188 173 34 Utlåtande
1512 186 62 33 N:o
1600 188 51 31 14.
1783 185 37 31 11

223 282 168 37 tillfällen
419 281 149 36 anförda
596 280 88 45 skäl,
714 280 63 35 och
809 279 78 36 dess
916 276 231 51 afstyrkande
1176 273 211 37 utlåtanden
1416 271 121 36 blefvo
1561 270 37 36 af
1616 268 207 47 Riksdagen

224 336 199 53 godkända.

330 391 53 35 År
416 391 99 35 1896
546 388 176 48 föreslogo
746 388 82 35 herr
855 385 35 37 J.
922 384 47 37 4.
1002 383 69 50 Sjö
1097 397 47 22 m.
1176 383 34 36 fl.
1241 381 149 47 (motion
1419 380 12 34 i
1459 379 125 35 Andra
1604 378 221 35 Kammaren

226 458 60 23 n:o
317 443 61 48 94)
409 444 66 35 och
504 443 81 35 herr
613 441 43 37 L.
686 441 42 36 P.
758 440 168 36 Larsson
954 440 12 34 i
995 439 116 46 Berga
1139 451 47 21 m.
1208 436 35 36 fl.
1261 435 151 46 (motion
1434 434 10 34 i
1460 433 125 35 Andra
1604 432 220 35 Kammaren

226 511 60 23 n:o
320 498 86 45 111)
435 509 44 23 en
508 496 186 36 skrifvelse
723 495 57 36 till
804 493 138 48 Kungl.
974 493 109 46 Maj:t
1112 504 57 22 om
1200 489 194 46 utredning
1423 487 65 35 och
1518 485 132 47 förslag
1678 484 148 35 rörande

225 552 136 36 inlösen
392 551 67 35 och
487 550 219 46 afskrifning
735 549 37 35 af
799 547 348 36 frälseskatteräntor
1175 545 46 47 på
1249 554 135 24 samma
1403 543 71 33 sätt
1492 553 75 22 som
1589 537 238 37 skattefrälse-

225 607 130 35 räntor.
412 604 125 36 Under
570 602 230 51 upprepande
829 602 37 35 af
894 601 97 35 förut
1014 600 13 35 i
1055 599 126 47 frågan
1206 596 147 36 anförda
1382 594 76 36 skäl
1486 592 211 37 hemställde
1726 593 101 33 stats-

225 660 181 36 utskottet
428 658 237 47 (betänkande
695 669 59 23 n:o
788 655 72 48 17),
891 656 54 34 att
973 653 225 36 motionerna
1225 650 77 36 icke
1333 650 110 34 måtte
1463 647 154 44 bifallas,
1639 646 66 35 och
1724 645 103 35 Riks-

228 714 115 47 dagen
372 712 62 48 gaf
461 712 105 36 äfven
596 712 117 35 denna
741 711 96 46 gång
865 707 270 37 statsutskottet
1162 707 83 33 rätt.

333 767 179 46 Slutligen
541 765 125 36 väckte
696 766 38 34 år
757 764 96 35 1901
878 763 82 34 herr
988 760 46 36 BE.
1057 759 44 36 L.
1123 758 53 36 M.
1198 756 131 37 Hedin
1345 757 12 34 i
1372 757 96 46 Torp
1484 768 47 22 m.
1548 755 35 35 fl.
1601 754 55 35 uti
1672 765 42 23 en
1730 753 98 34 inom

229 821 123 35 Andra
389 821 220 34 Kammaren
640 818 105 35 väckt
778 817 137 35 motion
946 828 59 22 n:o
1038 815 73 34 134
1142 812 132 46 förslag
1302 823 58 23 om
1390 809 184 36 skrifvelse
1602 807 58 36 till
1687 805 140 48 Kungl.

229 876 108 46 Maj:t
375 873 148 36 rörande
564 872 208 46 utredning,
816 883 58 22 om
910 870 66 34 och
1004 869 46 47 på
1085 867 94 35 hvad
1211 865 127 35 villkor
1367 864 42 35 de
1438 862 239 41 frälseräntor,
1707 860 123 35 hvilka

230 929 61 35 det
316 927 147 48 jämlikt
486 926 164 48 gällande
679 925 257 46 författningar
965 924 30 46 ej
1027 921 137 47 åligger
1192 918 216 36 statsverket
1427 918 53 34 att
1500 916 186 44 inlösa,
1643 910 46 56 må
1707 914 124 35 kunna

230 982 153 48 aflyftas.

338 1035 156 35 Berörda
523 1034 137 35 motion
685 1031 205 37 föranledde
922 1029 121 36 Andra
1066 1029 240 35 Kammarens
1336 1025 113 47 fjärde
1478 1023 183 46 tillfälliga
1690 1021 142 35 utskott

231 1090 57 36 till
316 1102 44 23 en
388 1087 211 37 hemställan
629 1087 37 35 af
694 1085 185 37 enahanda
902 1082 172 45 innehåll,
1104 1094 76 23 som
1210 1080 241 35 motionärens
1475 1076 231 37 förevarande
1726 1075 105 35 fram-

233 1143 181 47 ställning.

340 1196 207 35 Utskottets
587 1194 147 36 berörda
776 1191 209 37 hemställan
1017 1203 94 22 vann
1138 1187 132 49 jämväl
1298 1186 124 36 Andra
1451 1186 239 34 Kammarens
1717 1182 115 44 bifall,

234 1263 82 23 men
360 1250 44 34 då
445 1248 147 36 ärendet
632 1248 197 35 sedermera
857 1245 254 36 öfverlämnats
1143 1241 58 36 till
1228 1241 125 35 Första
1382 1240 238 34 Kammarens
1650 1236 180 48 pröfning,

233 1304 76 36 blef
349 1303 148 36 berörda
538 1301 213 36 hemställan
787 1300 37 35 af
860 1311 134 23 samma
1034 1297 198 35 kammares
1270 1294 110 35 första
1407 1292 181 46 tillfälliga
1616 1290 142 35 utskott
1785 1289 49 35 af-

233 1357 130 48 styrkt,
392 1357 13 34 i
432 1356 61 35 det
521 1356 180 35 utskottet
728 1354 112 35 anför:

354 1392 21 65 >»
378 1410 97 35 Utan
518 1408 129 37 tvifvel
683 1408 123 35 tillhör
834 1407 124 46 frågan
989 1402 221 38 fortfarande
1239 1400 285 37 statsutskottets
1552 1396 281 48 handläggning,

236 1478 60 22 om
338 1475 129 24 annars
510 1463 164 35 ärendets
710 1463 106 34 natur
844 1460 67 35 och
939 1459 78 35 icke
1046 1457 188 47 förslagets
1263 1455 92 35 form
1386 1455 62 34 bör
1476 1453 12 34 i
1516 1452 100 36 dessa
1644 1450 190 36 afseenden

237 1530 101 24 anses
376 1517 280 36 bestämmande.
714 1516 19 35 I
767 1514 93 36 hvad
890 1513 63 35 fall
982 1525 74 23 som
1088 1511 95 35 helst
1210 1508 101 37 torde
1340 1508 43 35 de
1408 1508 97 34 förut
1533 1505 160 43 anförda,
1723 1504 114 34 under

238 1585 60 23 sex
337 1571 184 47 riksdagar
560 1571 37 35 af
625 1568 270 37 statsutskottet
923 1565 198 49 åberopade
1150 1563 121 36 skälen
1301 1562 55 35 för
1384 1560 114 47 afslag
1525 1561 21 34 å
1574 1559 43 35 de
1641 1557 195 44 önskemål,

240 1626 123 35 hvilka
390 1628 44 32 än
464 1637 44 22 en
538 1625 97 46 gång
663 1636 49 22 nu
742 1621 197 46 framlagts,
970 1620 77 35 icke
1077 1618 108 35 hafva
1213 1616 148 35 förlorat
1389 1615 54 34 sin
1473 1613 132 35 kraft.»

343 1679 125 34 Första
482 1678 234 41 Kammaren,
737 1688 76 23 som
838 1674 122 36 delade
980 1673 196 35 utskottets
1196 1670 104 43 åsikt,
1326 1668 115 46 afslog
1457 1666 133 48 jämväl
1610 1665 229 35 förenämnda

239 1731 223 37 hemställan.

349 1947 58 35 Då
449 1945 196 36 utskottets
683 1942 225 49 ståndpunkt
940 1942 12 34 i
981 1941 125 46 frågan
1136 1936 264 38 sammanfaller
1424 1934 81 37 med
1533 1934 68 35 den
1631 1932 104 44 åsikt,
1766 1944 75 23 som

243 2000 125 36 Andra
399 2000 238 34 Kammarens
676 1997 113 47 fjärde
818 1995 181 46 tillfälliga
1027 1993 141 35 utskott
1197 1992 12 34 i
1237 1992 64 34 sitt
1329 1990 36 35 af
1394 1989 219 35 motionären
1644 1986 198 47 åberopade

245 2053 185 35 utlåtande
460 2064 60 22 n:o
552 2053 47 33 29
631 2049 143 43 uttalar,
804 2049 134 34 tillåter
966 2047 55 46 sig
1050 2046 179 34 utskottet
1256 2043 56 35 till
1341 2055 42 22 en
1414 2042 125 45 början
1568 2041 154 45 åberopa
1751 2039 94 34 hvad

245 2106 74 36 däri
347 2105 137 34 anförts
512 2103 148 36 rörande
690 2103 116 34 denna
836 2101 110 46 fråga.
1009 2099 42 34 »I
1070 2096 234 37 betraktande
1325 2095 74 43 af»,
1421 2097 99 43 säger
1539 2093 190 42 utskottet,
1757 2092 86 34 »den

245 2158 231 46 behandling,
519 2169 76 23 som
638 2156 124 46 frågan
802 2154 148 35 sålunda
979 2152 60 35 vid
1067 2150 212 47 föregående
1308 2148 164 35 tillfällen
1503 2147 71 34 fått
1602 2149 96 39 röna,
1726 2145 119 34 kunde

247 2212 61 36 det
335 2211 136 48 tyckas,
502 2223 75 22 som
607 2222 58 22 om
696 2221 43 23 en
768 2208 143 45 lösning
939 2206 37 35 af
1003 2205 206 35 densamma
1237 2203 12 34 i
1277 2202 36 35 af
1341 2203 92 33 årets
1462 2200 214 35 motionärer
1704 2198 142 47 åsyftad

248 2265 163 46 riktning
450 2264 77 35 icke
557 2263 115 35 skulle
702 2262 107 35 hafva
838 2262 109 45 några
975 2258 76 35 skäl
1081 2258 54 34 för
1159 2257 65 45 sig.
1283 2256 78 34 Den
1394 2253 214 46 motivering
1638 2252 53 34 för
1720 2251 125 44 afslag,
