2220 2614
417 195 18 31 8
573 195 115 33 Andra
711 196 218 34 Kammarens
959 198 177 41 Tillfälliga
1165 199 137 33 Utskotts
1326 200 77 41 (N:o
1428 201 36 40 3)
1494 201 173 33 Utlåtande
1690 203 62 32 N:o
1778 206 51 29 14.

414 277 82 35 med
535 278 335 47 jordäganderätten
913 280 179 43 förenade,
1131 283 57 34 må
1215 282 13 35 i
1257 283 82 35 mån
1367 295 75 24 som
1468 284 262 37 vederbörande
1758 288 104 45 ägare
1891 287 121 36 därom

414 330 198 36 framställa
652 332 132 46 anbud,
828 333 107 36 sedan
978 334 150 48 behörig
1170 336 194 48 utredning
1392 350 57 23 om
1479 340 185 34 räntornas
1692 341 93 34 rätta
1813 341 106 34 natur
1947 341 67 35 och

414 383 133 49 belopp
575 387 62 45 ägt
663 398 92 33 rum,
785 387 56 35 för
868 388 231 36 statsverkets
1126 389 154 48 räkning
1307 390 139 36 inlösas.

521 438 141 36 Samma
690 439 126 48 kungl.
847 441 211 48 förordning
1090 442 198 48 medgifver
1316 444 129 45 vidare,
1476 447 53 34 att
1557 446 232 36 innehafvare
1817 447 38 36 af
1882 447 131 36 skatte-

413 491 287 46 frälsehemman,
743 494 182 36 hvarifrån
967 495 124 49 dylika
1132 496 56 35 till
1229 498 213 35 statsverket
1480 499 130 36 inlösta
1651 502 121 34 räntor
1813 502 99 45 utgå,
1955 503 59 33 må

412 545 144 47 åtnjuta
589 558 134 25 samma
755 548 242 48 nedsättning,
1036 561 76 24 som
1146 550 164 48 beviljats
1342 551 12 36 i
1382 552 101 47 fråga
1512 565 59 23 om
1600 553 114 48 öfriga
1748 554 265 47 grundskatter.

522 599 140 36 Genom
705 601 125 48 kungl.
874 602 237 48 kungörelsen
1156 603 68 36 den
1269 607 20 33 3
1333 618 92 23 mars
1467 607 100 35 1888
1602 607 65 36 och
1696 607 104 48 lagen
1830 608 183 48 angående

414 652 502 51 grundskatteafskrifningen
959 656 70 36 den
1061 659 20 33 2
1116 656 185 38 december
1332 660 98 35 1892
1460 659 199 37 bestämdes
1687 661 118 36 tillika
1833 663 54 34 att
1915 662 98 35 inne-

413 706 148 36 hafvare
589 707 37 35 af
653 708 123 49 dylika
813 709 180 45 hemman,
1023 710 140 36 hvilkas
1204 713 122 35 räntor
1352 715 96 33 ännu
1477 713 78 36 icke
1584 714 122 36 blifvit
1733 715 38 35 af
1798 715 217 36 statsverket

414 759 143 46 inlösta,
600 761 116 36 skulle
757 765 66 45 äga
864 764 54 35 att
945 764 38 35 af
1010 763 179 37 allmänna
1216 765 117 36 medel
1360 766 118 36 därför
1506 766 133 37 erhålla
1667 768 199 48 ersättning
1893 769 12 35 i
1934 782 80 35 pro-

414 813 145 48 portion
588 816 247 36 motsvarande
863 816 511 51 grundskatteafskrifningen.

522 867 259 38 Förstnämnda
822 870 195 48 stadgande
1059 871 65 35 har
1164 873 38 34 af
1237 872 262 37 vederbörande
1528 874 216 49 myndighet
1770 875 78 36 icke
1877 877 135 35 ansetts

415 920 124 36 kunna
566 922 178 49 tillämpas
772 924 46 47 på
846 924 130 35 sådana
1008 924 356 48 skattefrälseräntor,
1389 927 124 35 hvilka
1541 927 179 37 tillförene
1749 929 114 36 under
1882 931 130 46 någon,

415 986 59 23 om
517 974 105 37 också
663 976 77 36 helt
781 977 93 45 kort,
903 978 54 35 tid
1002 978 90 35 varit
1119 978 168 38 förenade
1316 980 80 36 med
1422 980 337 49 jordäganderätten
1788 995 82 23 men
1900 983 111 36 seder-

415 1039 97 24 mera
540 1028 121 37 blifvit
689 1030 156 36 därifrån
873 1030 125 36 skilda.

522 1081 53 36 Af
615 1083 116 35 denna
774 1083 193 48 anledning
1010 1084 118 45 hafva,
1168 1086 114 48 enligt
1305 1087 133 36 hvad
1425 1077 24 61 i
1476 1089 403 37 utskottsbetänkandet
1910 1092 98 35 1901

413 1134 182 49 upplyses,
624 1137 37 35 af
692 1138 113 41 1,228
835 1137 57 36 till
919 1138 138 35 inlösen
1095 1139 221 48 hembjudna
1343 1141 345 37 skattefrälseräntor
1720 1145 72 34 148
1823 1144 189 36 förklarats

414 1189 116 35 såsom
558 1190 77 35 icke
662 1190 188 36 inlösbara.

524 1244 58 35 Då
622 1244 181 35 dessutom
846 1244 68 36 alla
955 1245 347 38 frälseskatteräntor
1341 1247 76 36 icke
1457 1252 59 32 äro
1559 1249 148 36 föremål
1735 1250 56 35 för
1817 1250 193 48 inlösning,

416 1297 109 35 hafva
552 1297 38 35 af
626 1298 221 47 hembjudna
886 1298 227 37 frälseräntor
1149 1301 114 35 såsom
1294 1301 197 36 oinlösbara
1519 1302 188 37 förklarats
1737 1305 31 46 ej
1799 1304 139 36 mindre
1966 1308 45 32 än

418 1351 75 35 214
535 1363 85 23 rena
661 1351 345 36 frälseskatteräntor
1044 1355 92 34 samt
1170 1355 70 35 193
1280 1354 235 43 frälseräntor,
1545 1356 123 36 hvilka
1696 1358 88 47 utgå
1812 1358 79 35 från
1917 1358 93 48 jord,

414 1415 78 24 som
521 1404 61 35 vid
608 1404 99 36 tiden
749 1405 56 35 för
832 1407 143 34 räntans
1009 1406 197 49 föryttring
1234 1408 79 36 från
1343 1408 134 37 kronan
1507 1409 57 36 till
1593 1410 138 36 enskild
1760 1423 127 36 person
1917 1412 94 35 varit

413 1457 38 35 af
478 1457 230 37 krononatur.

528 1727 180 37 Motioner
751 1728 107 36 hafva
899 1729 82 35 med
1022 1729 194 48 anledning
1257 1730 101 36 häraf
1397 1730 83 36 flera
1515 1732 134 46 gånger
1676 1732 100 35 inom
1803 1732 207 48 Riksdagen

414 1780 134 46 väckts,
578 1781 247 37 innefattande
854 1782 131 47 förslag
1014 1795 57 23 om
1102 1795 95 24 mera
1214 1784 212 47 vidtgående
1446 1784 265 36 bestämmelser
1730 1786 148 35 rörande
1895 1786 116 36 frälse-

411 1836 139 34 räntors
578 1835 147 36 inlösen.
1046 1839 2 3 |
1705 1884 18 6 -

521 1888 155 36 Sålunda
704 1889 211 36 hemställde
943 1890 108 36 redan
1081 1892 38 34 år
1150 1892 98 35 1886
1280 1892 80 35 herr
1387 1890 85 36 WNils
1507 1890 130 38 Olsson
1665 1892 12 35 i
1696 1894 164 35 Attersta
1879 1906 130 35 genom

412 1942 140 35 motion
594 1942 11 35 i
646 1942 124 37 Andra
798 1943 231 41 Kammaren,
1060 1957 59 23 n:o
1153 1946 85 43 100,
1269 1958 57 22 om
1355 1945 107 35 sådan
1491 1945 151 48 ändring
1670 1946 11 35 i
1710 1947 23 45 8
1765 1948 17 34 1
1816 1947 37 35 af
1881 1947 126 47 kungl.

412 1995 255 48 förordningen
706 1997 69 35 den
822 1998 43 34 11
912 1998 203 48 september
1159 2000 113 42 1885,
1311 2000 53 34 att
1392 1999 127 35 orden:
1556 2000 86 34 »och
1671 1999 77 36 icke
1779 1999 121 49 blifvit
1928 2001 83 35 med

409 2049 336 48 jordäganderätten
789 2051 187 36 förenade»
1025 2051 115 36 skulle
1178 2052 146 48 utbytas
1352 2054 77 33 mot
1453 2052 127 36 orden:
1616 2054 83 35 »och
1728 2054 78 35 icke
1832 2056 66 33 äro
1928 2055 82 35 med

408 2103 336 47 jordäganderätten
773 2104 204 36 förenade».

519 2157 21 34 I
581 2157 63 36 sitt
684 2157 100 36 öfver
826 2158 97 35 detta
965 2158 133 48 förslag
1132 2159 139 47 afgifna
1299 2159 224 36 betänkande
1554 2160 73 46 (n:o
1657 2159 62 50 47)
1749 2161 124 47 gjorde
1902 2162 106 35 stats-

411 2209 181 37 utskottet
632 2211 160 48 följande
824 2212 196 44 uttalande,
1051 2212 138 36 hvilket
1217 2213 56 35 för
1301 2212 142 47 frågans
1471 2213 121 36 vidare
1620 2214 221 48 behandling
1865 2215 70 36 fått
1964 2227 43 23 en

411 2265 36 34 så
472 2263 192 47 afgörande
693 2265 195 48 betydelse,
919 2267 53 33 att
1001 2266 61 35 det
1085 2266 99 36 torde
1216 2267 83 35 böra
1328 2266 12 35 i
1369 2267 53 34 sin
1452 2266 123 37 helhet
1603 2267 62 36 här
1688 2269 209 46 återgifvas:
