2230 2636
760 193 249 32 Statsutskottets
1036 189 170 34 Utlåtande
1228 189 64 33 N:o
1314 190 51 31 56.
1768 185 40 31 19

248 275 159 37 domens
445 274 215 49 styckning,
690 273 67 36 har
785 271 429 48 landtmäteristyrelsen
1242 268 199 47 meddelat,
1471 273 65 41 att,
1566 267 47 36 då
1639 265 65 37 vid
1732 264 118 37 indel-

250 328 143 48 ningen
435 326 41 36 af
512 324 259 39 förstnämnda
804 324 76 37 fem
907 325 112 36 lotter
1047 322 104 49 följts
1179 322 89 49 laga
1295 320 151 38 skiftets
1476 318 216 48 fördelning
1720 317 11 36 i
1760 321 91 44 ägo-

247 380 124 46 lotter,
402 378 146 47 funnes,
570 377 119 37 under
709 376 273 49 förutsättning
1002 381 54 30 att
1074 374 175 37 utskiftet
1268 372 182 37 försåldes
1470 373 124 35 såsom
1615 368 234 48 afsöndring,

249 430 121 50 enligt
409 429 444 49 landtmäteristyrelsens
891 428 98 36 åsikt
1016 427 82 36 icke
1127 426 134 36 hinder
1289 425 59 37 för
1376 424 73 37 den
1477 423 219 47 föreslagna
1724 419 127 50 styck-

249 483 154 48 ningen,
432 481 153 37 hvilken
613 481 96 36 dock
737 483 119 34 måste
883 479 239 48 handläggas
1150 478 12 36 i
1192 480 63 33 två
1275 475 283 49 förrättningar,
1580 487 46 23 en
1647 473 58 36 för
1724 473 128 35 hvart-

250 535 89 36 dera
366 534 227 37 hemmanet.

380 586 17 36 I
418 585 171 49 afgifvet,
609 584 211 37 infordradt
839 583 192 37 utlåtande
1046 583 69 36 har
1130 580 280 38 vederbörande
1426 578 337 49 öfverjägmästare
1779 575 74 36 för-

249 639 122 35 klarat
398 638 61 48 sig
483 637 82 36 icke
591 636 113 36 hafva
727 639 128 46 någon
883 634 205 49 anledning
1107 634 56 36 till
1182 633 148 37 erinran
1349 637 79 31 mot
1447 631 45 36 de
1513 631 40 35 af
1569 626 285 40 vederbörande

250 690 359 49 skogstjänsteman,
651 690 48 47 på
732 692 74 32 sätt
840 687 101 36 förut
978 691 164 42 nämnts,
1172 688 119 34 åsatta
1320 683 224 37 saluvärden
1573 684 21 33 å
1623 680 147 49 skogen
1798 678 55 37 till

250 741 257 50 egendomens
535 746 96 43 torp.

380 793 76 36 För
483 805 98 35 egen
610 792 58 36 del
697 791 68 36 har
793 791 326 48 domänstyrelsen
1138 788 182 48 tillstyrkt
1338 787 105 37 bifall
1464 786 55 36 till
1538 783 317 51 uppskattnings-

251 850 185 48 männens
466 844 153 49 förslag.

381 896 128 36 Äfven
545 895 71 49 jag
653 909 108 23 anser
790 895 80 48 mig
898 895 92 36 böra
1018 893 148 37 biträda
1195 893 103 35 detta
1327 891 155 48 förslag.
1539 888 133 37 Såsom
1702 887 154 36 domän-

250 949 246 36 intendenten
538 947 214 46 framhållit,
796 946 206 48 föreligger
1039 945 193 48 nämligen
1259 949 54 31 ett
1342 943 83 36 från
1453 944 139 45 många
1620 938 237 51 synpunkter

251 1000 244 50 synnerligen
535 999 175 49 lämpligt
737 998 149 37 tillfälle
915 1003 54 31 att
996 997 103 37 bilda
1128 1010 74 35 nya
1230 1009 99 35 egna
1356 995 99 36 hem.
1511 992 84 37 Den
1623 989 234 49 omständig-

250 1053 127 48 heten,
407 1057 54 31 att
488 1051 57 36 till
574 1050 94 50 följd
697 1050 42 36 af
763 1056 164 43 ägornas
956 1048 228 49 belägenhet
1213 1047 252 50 styckningen
1493 1044 33 49 ej
1549 1044 145 36 kunnat
1711 1041 145 37 utföras

251 1106 51 45 så,
342 1109 55 31 att
426 1103 45 37 de
499 1109 105 43 ägor,
634 1116 81 23 som
744 1102 120 37 skulle
891 1101 168 37 behållas
1089 1103 37 34 åt
1153 1098 303 50 hufvudgården,
1485 1096 159 37 kommit
1673 1100 54 31 att
1753 1092 104 37 bilda

252 1170 47 22 en
341 1154 373 49 sammanhängande
756 1153 189 49 ägofigur,
986 1153 70 36 bör
1096 1152 64 36 vid
1202 1151 136 37 sådant
1379 1148 232 38 förhållande
1640 1147 31 49 ej
1703 1146 38 36 få
1767 1158 90 23 vara

252 1207 221 49 afgörande,
502 1207 99 35 helst
629 1206 62 36 det
719 1219 113 36 synes
860 1205 93 36 böra
982 1205 38 35 få
1048 1217 108 23 anses
1184 1203 137 46 utredt,
1351 1208 54 31 att
1438 1202 72 36 den
1529 1199 174 37 behållna
1723 1197 135 48 skogs-

250 1259 157 36 marken
448 1258 169 36 kommer
659 1263 53 30 att
753 1257 118 36 blifva
912 1256 205 48 tillräcklig
1146 1255 57 36 för
1231 1255 163 48 gårdens
1422 1252 155 48 vanliga
1603 1250 127 46 behof,
1760 1253 98 32 samt

251 1309 292 50 ifrågavarande
571 1309 227 48 skogsmark
826 1308 82 36 icke
936 1308 74 36 kan
1039 1320 111 23 anses
1177 1306 109 48 ligga
1314 1306 203 36 obekvämt
1544 1303 59 36 till
1622 1302 59 36 för
1695 1299 163 38 hufvud-

251 1362 179 48 gården.»

390 1465 81 36 Med
518 1464 203 48 anledning
762 1463 40 37 af
838 1463 243 36 förevarande
1109 1460 282 48 framställning
1418 1459 216 37 hemställer
1662 1457 195 45 utskottet,

787 1573 54 30 att
881 1566 216 49 Riksdagen
1139 1567 60 34 må
1241 1563 127 36 bifalla
1410 1562 137 48 Kungl.
1592 1560 127 48 Maj:ts
1762 1559 97 36 före-

656 1619 163 36 varande
847 1618 244 50 proposition.

391 1723 217 37 Stockholm
639 1723 68 35 den
742 1724 45 34 19
817 1735 98 23 mars
947 1722 109 34 1909.

780 1825 52 36 På
860 1824 295 36 statsutskottets
1185 1825 155 44 vägnar:

908 1927 45 36 G.
985 1925 221 38 BILLING.
