1868 2796
549 148 319 31 Utrikesutskottets
891 148 176 32 utlåtande
1091 160 40 20 nr
1161 151 28 28 6.
1596 145 19 29 3

111 228 136 29 sänder.
265 228 64 29 Det
346 228 98 29 torde
463 227 36 30 få
519 227 189 29 ankomma
726 226 44 40 på
790 226 124 39 Kungl.
934 227 105 39 Maj:t
1060 229 49 28 att
1128 235 124 31 genom
1272 228 165 30 skrivelse
1457 228 51 30 till
1528 228 87 29 riks-

109 279 111 37 dagen
240 278 129 38 årligen
390 277 151 34 anhålla,
562 279 50 28 att
633 277 172 39 delegater
825 279 106 27 utses.

153 329 13 28 I
184 328 98 38 fråga
301 338 55 20 om
373 328 236 29 kostnaderna
628 328 55 29 för
702 328 154 38 Sveriges
874 328 213 29 medverkan
1104 328 10 30 i
1132 328 238 40 Europarådet
1388 330 38 28 är
1443 330 56 29 det
1518 330 93 28 ännu

108 379 75 29 icke
206 378 136 39 möjligt
365 380 50 28 att
438 378 194 39 framlägga
657 379 108 38 några
789 378 246 40 specificerade
1059 379 237 39 anslagskrav.
1318 379 65 39 Jag
1406 380 206 29 förutsätter

109 429 202 34 emellertid,
332 431 50 27 att
404 429 237 30 kostnaderna
662 429 55 30 för
739 429 154 38 Sveriges
913 431 277 37 representation
1213 430 10 29 i
1243 430 370 29 ministerkommittén

111 482 65 29 och
193 482 67 29 den
281 482 210 38 rådgivande
510 482 252 38 församlingen
782 481 97 31 skola
896 482 37 30 få
949 482 171 30 bestridas
1138 482 80 30 från
1236 482 308 39 förslagsanslaget
1558 483 51 29 till

111 530 172 29 särskilda
305 530 266 38 förhandlingar
592 530 79 29 med
695 530 221 29 främmande
937 531 137 28 makter
1096 533 91 27 samt
1209 532 49 28 att
1280 531 85 30 även
1389 531 155 38 Sveriges
1566 531 48 28 bi-

109 581 85 38 drag
212 580 53 29 till
284 580 257 40 Europarådets
561 588 260 31 gemensamma
838 580 201 35 kostnader,
1060 581 116 29 därest
1195 581 74 30 icke
1289 581 188 39 riksdagen
1497 581 116 29 finner

108 631 189 38 anledning
317 631 50 29 till
391 631 142 29 erinran
555 631 169 34 häremot,
749 631 87 29 skall
859 631 35 29 få
916 631 83 39 utgå
1021 631 78 29 från
1122 641 134 20 samma
1279 632 120 38 anslag
1420 632 91 29 intill
1533 632 79 29 dess

106 682 49 28 att
175 681 185 39 riksdagen
380 681 71 30 kan
473 681 135 30 besluta
628 681 231 30 annorlunda.

154 780 184 38 Utskottet,
363 790 74 21 som
461 782 111 28 under
596 782 162 29 ärendets
782 781 248 40 föredragning
1052 782 174 30 inhämtat
1249 782 199 39 ytterligare
1472 782 140 40 upplys-

107 831 125 39 ningar
252 832 63 29 och
337 841 73 20 som
431 832 53 29 till
507 832 212 39 behandling
739 832 11 29 i
772 834 47 29 ett
841 833 255 38 sammanhang
1116 833 159 39 upptagit
1298 833 86 30 både
1405 833 206 39 propositio-

106 890 67 20 nen
192 881 63 30 214
275 882 63 29 och
356 882 67 29 den
440 883 11 28 i
472 883 109 29 andra
599 883 206 29 kammaren
822 883 125 29 väckta
965 883 178 30 motionen
1161 893 42 20 nr
1221 883 72 34 417,
1313 883 156 30 ansluter
1489 884 51 38 sig
1557 883 51 30 till

105 932 41 28 de
164 941 43 20 av
224 932 384 39 departementschefen
629 933 204 30 utvecklade
852 934 162 38 grunder,
1032 934 107 39 varpå
1159 934 125 38 Kungl.
1304 933 105 39 Maj:t
1430 934 178 38 föreslagit

104 983 193 37 riksdagen,
317 985 47 27 att
383 983 137 38 Sverige
538 984 103 29 måtte
660 984 136 30 ansluta
816 984 51 37 sig
884 985 53 29 till
957 984 235 37 Europarådet
1211 985 64 29 och
1295 984 53 30 för
1367 985 55 29 sin
1441 985 53 29 del
1513 984 92 29 med-

103 1033 106 29 verka
234 1033 52 29 till
311 1035 48 28 att
384 1034 83 38 göra
491 1034 78 28 dess
592 1041 164 32 program
783 1034 51 29 till
858 1043 43 20 en
926 1034 145 30 realitet.
1108 1035 175 30 Utskottet
1307 1035 182 39 avstyrker
1513 1035 94 38 förty

107 1083 172 38 yrkandet
300 1083 10 29 i
334 1084 65 29 den
421 1084 53 29 till
495 1084 169 30 utskottet
686 1085 189 29 hänvisade
896 1085 11 29 i
929 1086 109 29 andra
1060 1085 205 30 kammaren
1287 1086 124 29 väckta
1434 1085 175 29 motionen

107 1142 41 19 nr
168 1132 74 30 417.
261 1133 226 30 Beträffande
506 1135 283 30 enskildheterna
807 1136 11 29 i
835 1136 262 39 propositionen
1115 1136 131 29 önskar
1264 1136 192 29 emellertid
1477 1136 134 28 utskot-

106 1184 48 28 tet
180 1184 81 37 göra
287 1184 91 30 vissa
403 1185 199 38 ytterligare
629 1186 216 29 uttalanden.
871 1186 51 30 Av
947 1186 124 29 artikel
1096 1186 51 34 23,
1174 1196 20 20 a
1219 1186 35 34 2)
1285 1195 41 21 av
1350 1186 259 39 Europarådets

110 1236 121 39 stadga
252 1236 163 39 framgår,
437 1239 50 28 att
507 1238 66 29 den
592 1238 212 38 rådgivande
824 1238 271 39 församlingens
1115 1238 206 39 befogenhet
1341 1240 50 28 att
1413 1238 90 39 själv
1522 1247 86 31 upp-

107 1284 77 29 föra
203 1284 117 38 frågor
338 1285 43 39 på
401 1286 53 29 sin
473 1286 217 39 dagordning
708 1287 38 29 är
764 1286 162 39 betingad
946 1296 42 20 av
1007 1287 388 30 ministerkommitténs
1414 1287 99 29 bifall
1533 1287 78 29 här-

105 1334 63 30 till.
193 1335 174 29 Utskottet
392 1336 59 29 vill
475 1336 78 29 med
579 1337 189 38 anledning
791 1337 108 30 härav
923 1338 111 29 uttala
1058 1338 280 39 förhoppningen
1363 1339 50 28 att
1438 1337 171 39 ifrågava-

107 1387 107 29 rande
232 1387 242 30 bestämmelse
492 1389 10 28 i
521 1389 146 38 stadgan
683 1390 75 28 icke
777 1390 105 30 måtte
902 1390 38 30 så
956 1390 186 38 tillämpas,
1162 1392 49 28 att
1229 1390 270 38 församlingens
1518 1389 87 39 möj-

103 1434 145 39 ligheter
272 1437 48 28 att
344 1435 51 29 till
419 1436 187 38 dryftande
630 1439 153 37 upptaga
806 1438 118 38 frågor
948 1438 95 28 inom
1070 1438 257 39 Europarådets
1351 1438 255 28 verksamhets-

104 1487 141 29 område
275 1487 46 29 bli
350 1487 120 29 alltför
500 1489 98 29 snävt
627 1488 223 39 begränsade.
891 1489 207 39 Ytterligare
1128 1490 64 28 har
1222 1489 169 30 utskottet
1433 1489 170 33 bemärkt,

102 1539 48 27 att
184 1537 105 38 enligt
322 1537 125 39 Kungl.
481 1538 123 39 Maj:ts
637 1539 141 38 förslag,
812 1539 124 30 sådant
969 1540 56 29 det
1059 1540 192 29 återfinnes
1282 1540 12 29 i
1326 1540 275 40 departements-

102 1586 140 30 chefens
271 1586 62 30 här
362 1597 90 19 ovan
491 1587 175 38 återgivna
705 1589 157 36 yttrande
902 1589 65 29 och
1007 1589 193 30 sedermera
1240 1589 139 29 särskilt
1418 1589 184 30 tillkänna-

107 1637 101 39 givits
236 1639 9 28 i
272 1639 203 29 ministerns
502 1640 53 29 för
582 1640 134 30 utrikes
743 1641 174 30 ärendena
945 1650 87 20 ovan
1059 1641 146 30 berörda
1232 1641 49 29 till
1310 1642 205 38 riksdagens
1543 1641 62 30 tal-

102 1688 81 28 män
205 1687 132 30 riktade
361 1688 65 29 och
449 1688 52 29 till
526 1689 165 29 utskottet
713 1689 188 30 hänvisade
926 1689 184 30 skrivelser
1134 1699 42 20 av
1200 1690 65 29 den
1289 1690 37 29 20
1350 1690 70 36 maj
1449 1689 88 35 1949,
1561 1690 41 29 de

104 1747 57 20 sex
183 1739 152 30 svenska
358 1739 220 39 delegaterna
603 1740 51 30 till
680 1740 252 40 församlingen
958 1741 97 30 skola
1079 1741 112 39 väljas
1216 1742 44 38 på
1286 1742 36 29 så
1348 1743 78 32 sätt,
1452 1743 49 28 att
1527 1751 74 20 var-

102 1788 82 30 dera
207 1789 205 30 kammaren
435 1792 96 27 utser
553 1792 51 28 tre
625 1790 175 39 delegater
821 1791 108 29 bland
952 1791 224 30 kammarens
1200 1791 189 40 ledamöter
1414 1794 89 27 samt
1526 1801 74 30 per-

103 1838 132 38 sonliga
258 1839 223 39 suppleanter
503 1840 53 29 för
578 1850 106 19 envar
707 1850 42 20 av
770 1841 87 29 dem.
884 1841 176 29 Utskottet
1083 1842 157 33 föreslår,
1264 1844 48 27 att
1334 1843 57 29 det
1413 1843 10 28 i
1446 1842 154 39 proposi-

101 1889 119 29 tionen
245 1889 145 30 sålunda
414 1890 149 37 angivna
587 1890 357 39 tillvägagångssättet
968 1891 53 28 för
1045 1892 165 29 utseende
1234 1902 41 19 av
1297 1892 173 37 delegater
1494 1893 105 28 måtte

101 1939 128 29 ändras
255 1939 143 34 därhän,
425 1941 49 28 att
501 1940 144 29 vardera
671 1940 205 30 kammaren
904 1940 57 29 vid
987 1941 89 29 valet
1104 1941 74 29 icke
1206 1941 87 29 skall
1320 1951 82 20 vara
1430 1942 167 29 hänvisad

101 1990 122 29 endast
246 1990 48 28 till
316 1990 190 29 ledamöter
527 1999 41 20 av
585 1999 138 20 samma
747 1990 191 34 kammare,
961 1992 83 27 utan
1067 1993 48 27 att
1136 1991 90 29 valet
1247 2001 41 19 av
1309 1992 93 28 såväl
1425 1992 173 30 ordinarie

100 2038 172 38 delegater
296 2049 70 19 som
392 2039 223 39 suppleanter
640 2039 87 30 skall
751 2040 119 30 kunna
894 2040 174 38 företagas
1091 2040 107 30 bland
1221 2041 204 38 riksdagens
1451 2042 147 29 ledamö-

102 2090 59 27 ter.
181 2088 174 32 Utskottet
375 2090 204 29 förutsätter
598 2089 128 33 vidare,
746 2092 48 27 att
815 2090 8 28 i
842 2090 165 29 händelse
1026 2091 199 37 ytterligare
1244 2091 115 29 förfall
1382 2092 112 29 skulle
1513 2101 84 30 upp-

101 2138 61 33 stå,
186 2138 123 38 Kungl.
333 2139 104 38 Maj:t
462 2140 104 28 måtte
591 2140 75 27 utse
690 2139 225 38 erforderliga
942 2141 177 28 ersättare.

142 2186 115 29 Under
281 2187 217 39 åberopande
522 2197 40 19 av
584 2187 66 29 vad
676 2187 145 29 sålunda
848 2187 136 29 anförts
1008 2188 53 28 får
1084 2189 170 28 utskottet
1276 2189 195 34 hemställa,

457 2263 32 30 1)
520 2265 48 27 att
594 2263 184 36 riksdagen
807 2264 115 31 måtte,
949 2264 76 28 med
1051 2264 96 28 bifall
1176 2265 48 28 till
1254 2264 121 38 Kungl.
1402 2265 123 38 Maj:ts
1550 2267 49 27 fö-

408 2313 188 28 revarande
628 2313 213 38 proposition
875 2315 89 27 samt
997 2314 74 28 med
1104 2314 117 37 avslag
1251 2315 18 28 å
1301 2314 129 30 motion
1465 2316 42 27 II:
1525 2315 72 32 417,

409 2363 154 28 meddela
593 2372 42 19 av
663 2362 124 38 Kungl.
816 2363 102 38 Maj:t
949 2364 99 29 äskat
1078 2364 252 36 godkännande
1359 2375 42 19 av
1427 2366 64 28 den
1521 2367 75 27 med

409 2412 258 39 propositionen
694 2413 254 33 överlämnade,
975 2414 64 28 den
1065 2414 17 27 5
1109 2414 69 38 maj
1211 2413 80 29 1949
1318 2415 280 30 undertecknade

402 2463 144 37 stadgan
571 2463 52 28 för
644 2463 249 38 Europarådet,
