1894 2836
483 168 395 38 Bevillningsutskottets
903 169 218 31 betänkande
1145 170 50 31 Nr
1214 172 50 29 17.
1611 166 19 30 9

123 249 106 38 jande
256 261 42 21 av
323 252 181 30 hästaveln
531 252 169 31 likställas
725 253 81 30 med
832 251 208 33 åtminstone
1064 253 388 38 biografföreställning,
1477 255 92 30 hava
1596 254 34 31 vi

124 305 120 33 ansett,
271 305 49 28 att
344 303 164 30 utskottet
530 304 79 30 bort
634 304 194 36 hemställa,

475 406 49 27 att
549 403 195 37 riksdagen,
771 404 13 30 i
812 403 185 37 anledning
1024 414 43 21 av
1095 404 40 30 de
1161 404 223 37 likalydande
1411 394 217 41 motionerna

431 453 26 30 I:
476 454 61 30 105
558 455 66 29 och
648 454 42 30 II:
708 455 74 36 255,
804 454 107 31 måtte
933 454 143 36 besluta,
1100 458 48 27 att
1171 455 66 31 den
1260 455 11 30 i
1294 456 19 29 3
1336 453 20 41 $
1381 454 248 37 förordningen

428 505 67 30 den
520 505 42 30 30
585 505 72 38 maj
683 505 83 30 1919
788 515 59 21 om
869 506 68 30 rätt
960 505 53 31 för
1037 506 170 30 kommun
1229 509 48 27 att
1301 509 154 34 upptaga
1478 506 148 30 särskild

433 555 108 36 avgift
559 555 59 31 vid
634 555 91 31 vissa
740 556 185 37 offentliga
942 556 356 38 nöjestillställningar
1314 557 235 30 omförmälda
1568 558 59 29 nö-

429 606 144 37 Jesskatt
593 607 97 35 skall,
715 607 5 30 i
739 608 66 30 vad
825 607 107 36 angår
951 607 238 36 kapplöpning
1207 608 66 29 och
1293 607 235 37 travkörning,
1546 606 82 38 utgå

428 658 78 29 med
530 656 156 38 följande
704 657 139 37 belopp:
869 659 19 29 5
912 659 57 29 öre
990 658 54 31 för
1065 657 121 37 biljett,
1209 667 78 21 vars
1309 658 72 36 pris
1403 659 39 29 är
1462 658 100 36 högst
1584 658 41 30 50

429 708 68 35 öre,
525 709 39 29 10
587 709 59 29 öre
670 707 53 32 för
747 708 121 37 biljett,
893 718 77 21 vars
994 708 71 37 pris
1088 708 184 37 överstiger
1296 709 42 30 50
1363 709 58 30 öre
1445 718 80 21 men
1548 708 32 38 ej
1609 709 14 29 1

428 758 121 36 krona,
576 759 68 29 och
673 759 183 30 därutöver
888 760 38 29 10
953 761 58 29 öre
1037 758 54 32 för
1117 758 95 37 varje
1238 758 163 38 påbörjat
1428 759 125 37 belopp
1583 768 42 22 av

429 809 41 30 50
488 810 58 29 öre
565 812 83 27 utav
667 808 246 38 biljettpriset.»

154 2541 110 32 Bihang
285 2541 41 25 till
346 2542 165 31 riksdagens
532 2541 145 32 protokoll
699 2543 74 25 1936.
803 2543 14 24 7
839 2542 79 25 saml.
950 2543 39 23 Nr
1008 2544 106 25 16—217.
1575 2545 17 24 2
