1936 2844
544 156 274 31 Statsutskottets
845 153 174 31 utlåtande
1045 153 49 30 Nr
1116 153 69 29 161.
1595 142 36 31 il

124 246 171 35 budgeten
313 243 186 36 medtagna
518 242 171 35 varuslag.
722 240 211 31 Kommittén
952 238 139 37 påvisar
1111 237 128 34 vidare,
1259 238 49 28 att
1329 244 42 20 en
1390 235 240 35 dyrortsgrup-

126 289 129 36 pering,
284 286 148 31 baserad
460 286 122 30 endast
612 284 44 37 på
686 284 167 29 olikheter
883 283 10 28 i
923 282 155 30 bostads-
1110 281 65 29 och
1207 280 284 34 skatteposterna,
1523 271 111 45 skulle

125 331 201 35 missgynna
352 329 42 30 de
420 328 101 30 flesta
547 330 92 27 orter
665 327 10 29 i
702 325 219 31 förhållande
947 324 51 30 till
1028 322 202 32 Stockholm
1257 321 66 30 och
1353 319 152 36 speciellt
1533 317 98 30 miss-

124 381 116 28 gynna
264 372 293 34 Norrlandsorter,
579 370 112 29 vilkas
716 369 123 35 dyrhet
861 367 125 30 främst
1008 366 102 30 beror
1132 364 46 37 på
1200 364 91 36 höga
1313 356 318 46 livsmedelspriser,

126 416 10 30 i
155 415 221 31 förhållande
395 414 50 30 till
464 416 92 27 orter
574 413 10 29 i
605 412 119 36 övriga
742 411 96 30 delar
859 420 41 21 av
919 410 126 29 landet.

170 458 50 31 På
242 458 99 30 dessa
365 457 150 36 grunder
537 465 102 21 anser
662 455 49 35 sig
733 453 206 31 kommittén
961 452 76 30 icke
1060 451 121 29 kunna
1203 449 143 30 förorda
1370 457 41 21 en
1436 445 197 36 förenkling

126 511 42 21 av
187 499 546 38 dyrortsgrupperingssystemet;
754 495 224 31 kommitténs
998 493 264 36 överväganden
1283 492 47 29 ha
1348 491 149 29 tvärtom
1515 506 45 4 —
1581 487 51 31 så-

127 554 75 21 som
224 542 155 37 framgår
403 552 41 21 av
465 542 56 30 det
542 541 157 36 följande
720 557 44 3 —
784 539 180 30 resulterat
986 538 10 29 i
1017 537 131 35 förslag
1169 535 51 30 till
1240 533 202 38 utbyggnad
1463 541 42 22 av
1528 534 105 34 syste-

127 590 69 27 met
222 586 11 30 i
259 586 89 36 syfte
374 588 49 27 att
449 585 113 29 bättre
588 582 211 36 förverkliga
825 582 76 30 dess
930 579 175 32 ändamål.
1135 577 213 31 Kommittén
1375 575 146 31 förbiser
1547 574 86 35 icke,

127 632 49 28 att
198 630 66 30 den
285 627 278 32 administrativa
587 629 147 33 apparat
756 625 65 30 och
844 625 41 29 de
906 623 198 35 kostnader,
1129 631 75 21 som
1227 621 66 29 den
1316 619 54 30 för
1393 619 240 36 dyrortsgrup-

127 672 165 36 peringen
316 670 226 36 erforderliga
566 669 86 36 pris-
677 669 65 29 och
768 665 355 32 hushållsstatistiken
1147 665 134 34 kräver,
1306 670 124 28 genom
1455 670 43 20 en
1525 660 110 30 sådan

128 714 200 37 utbyggnad
350 714 97 29 torde
466 713 136 29 behöva
624 712 95 34 ökas,
740 719 79 21 men
841 709 111 35 anför,
973 711 50 27 att
1043 708 67 29 den
1130 706 160 35 statistik,
1312 714 75 21 som
1407 704 100 35 utgör
1528 705 107 27 mate-

129 758 64 30 rial
221 757 54 30 för
303 754 510 38 dyrortsgrupperingsarbetet,
850 752 4 29 i
881 751 128 36 många
1038 750 143 35 stycken
1210 749 38 29 är
1278 747 160 35 behövlig
1465 747 87 29 även
1580 744 56 30 för

129 801 110 30 andra
265 798 164 32 ändamål
455 799 44 28 än
524 795 393 39 dyrortsgrupperingen
941 795 66 28 och
1033 795 50 28 att
1107 792 76 30 dess
1209 790 209 35 förbättring
1442 791 194 27 motsvarar

129 842 225 32 önskemålen
375 851 57 21 om
453 850 42 21 en
515 840 192 37 fördjupad
727 836 256 33 socialstatistik
1004 836 11 30 i
1035 835 190 31 allmänhet
1246 843 75 21 som
1342 832 112 36 grund
1476 831 55 30 för
1550 831 85 29 kän-

129 887 172 29 nedomen
330 894 57 20 om
414 885 41 29 de
481 883 192 30 materiella
701 880 323 34 levnadsvillkoren,
1052 876 400 33 bostadsförhållanden,
1481 873 155 36 närings-

130 927 245 31 förhållanden
399 936 30 20 o.
457 936 24 20 s.
508 935 29 21 v.
563 925 96 30 inom
684 924 92 30 olika
803 922 328 35 samhällsgrupper.
1170 919 213 30 Kommittén
1410 917 155 36 påpekar
1589 915 47 30 vi-

130 972 83 29 dare
234 971 66 29 den
322 970 158 30 alltmera
499 968 146 36 vidgade
664 966 184 37 betydelse,
871 974 74 21 som
965 965 67 29 den
1053 962 168 31 officiella
1243 959 394 40 dyrortsgrupperingen

130 1013 137 31 erhållit
288 1013 55 30 för
364 1011 217 31 löneavtalen
603 1010 20 31 å
645 1010 66 29 den
733 1009 177 30 allmänna
932 1005 345 35 arbetsmarknaden,
1301 1004 105 29 vilket
1429 1003 86 29 ökar
1536 1009 101 28 ange-

131 1057 203 35 lägenheten
361 1064 42 21 av
431 1057 49 27 att
505 1051 532 39 dyrortsgrupperingssystemet
1064 1048 172 30 utformas
1262 1046 47 37 på
1336 1045 123 31 sådant
1485 1045 76 34 sätt,
1589 1046 49 28 att

132 1100 55 30 det
208 1107 57 28 ger
285 1108 42 21 en
348 1097 330 36 verklighetstrogen
698 1095 72 30 bild
791 1111 45 4 —
856 1093 37 30 så
914 1092 93 37 långt
1029 1092 93 30 detta
1143 1092 38 29 är
1202 1089 134 37 möjligt
1356 1107 45 3 —
1421 1098 42 21 av
1484 1088 156 30 levnads-

132 1141 252 31 kostnadernas
408 1139 169 30 olikheter
601 1139 66 29 och
691 1137 185 30 motiverar
901 1137 180 35 systemets
1104 1132 211 37 utbyggnad,
1340 1131 10 30 i
1374 1132 66 29 den
1463 1129 83 31 mån
1569 1129 69 30 för-

132 1184 192 35 bättringar
351 1182 202 36 därigenom
580 1182 121 28 kunna
729 1179 158 30 erhållas.

177 1226 213 30 Kommittén
417 1225 146 29 betonar
590 1222 292 37 angelägenheten
908 1230 52 26 av,
990 1222 49 28 att
1064 1228 83 21 man
1174 1218 57 30 vid
1257 1216 238 36 avvägningen
1521 1224 43 21 av
1591 1215 48 29 lö-

133 1278 109 21 nerna
259 1268 20 31 å
295 1268 94 30 olika
407 1270 90 27 orter
515 1266 155 36 skäligen
687 1268 94 33 tager
798 1265 137 34 hänsyn
954 1264 87 29 även
1059 1262 51 30 till
1130 1260 303 35 omständigheter,
1453 1258 93 30 vilka
1564 1257 76 30 icke

133 1312 121 30 kunna
271 1310 182 31 statistiskt
471 1309 112 30 mätas
602 1309 66 29 och
688 1307 119 31 därför
823 1307 76 30 icke
917 1307 144 28 komma
1078 1304 51 30 till
1148 1304 138 35 uttryck
1306 1303 10 29 i
1333 1301 233 36 beräkningar
1583 1309 57 21 av-

134 1354 124 30 seende
277 1351 422 38 dyrhetsförhållandena.
732 1350 66 30 Om
820 1358 82 21 man
921 1349 80 29 med
1021 1348 162 29 lönernas
1206 1343 322 39 dyrortsgradering
1548 1341 92 39 åsyf-

134 1399 53 28 tar
212 1399 48 27 att
285 1404 38 28 ge
347 1395 213 36 tjänstemän
584 1394 11 29 i
619 1393 68 30 viss
711 1392 172 30 löneklass
907 1391 72 30 lika
1003 1390 104 30 reella
1131 1389 162 35 fördelar,
1320 1389 131 28 oavsett
1474 1385 167 36 tjänstgö-

135 1439 158 36 ringsort,
312 1437 110 31 måste
440 1440 98 27 utom
559 1436 41 30 de
618 1436 159 29 mätbara
796 1432 533 32 levnadskostnadsolikheterna
1346 1429 130 37 jämväl
1496 1428 145 30 beaktas

135 1481 132 30 sådana
291 1480 79 30 med
396 1478 230 38 tjänstgöring
650 1477 20 31 å
694 1477 67 30 viss
788 1479 53 27 ort
867 1476 201 30 förbundna
1093 1474 103 29 reella
1222 1472 155 31 fördelar
1398 1472 83 29 eller
1505 1471 136 35 olägen-

135 1524 105 33 heter,
265 1532 74 20 som
364 1522 75 30 icke
463 1522 121 29 kunna
607 1519 256 37 prisstatistiskt
886 1518 193 29 behandlas
1103 1519 84 27 utan
1211 1516 123 29 endast
1358 1513 283 37 uppskattnings-

136 1566 50 30 vis
206 1566 172 28 värderas.
411 1565 13 28 I
444 1564 68 29 viss
533 1563 85 36 grad
636 1563 97 29 torde
754 1561 93 30 detta
865 1561 120 29 kunna
1005 1560 100 35 sägas
1126 1567 83 21 vara
1227 1557 91 37 gjort
1336 1556 11 30 i
1366 1557 65 29 och
1452 1556 79 29 med
1549 1555 93 29 löne-

136 1609 140 29 skalans
299 1605 343 37 sammanpressning
665 1605 10 29 i
696 1603 219 31 förhållande
935 1603 50 29 till
1009 1600 311 31 ortsindexskalan.

181 1650 213 30 Kommittén
419 1648 161 30 förordar
605 1647 126 35 vidare,
759 1649 48 28 att
832 1643 393 39 dyrortsgrupperingen
1252 1641 218 31 fortfarande
1495 1640 55 30 för
1576 1639 68 31 alla

136 1693 180 36 lönelägen
335 1693 97 35 göres
451 1690 150 36 enhetlig
620 1690 66 30 och
706 1689 150 36 grundas
877 1687 45 37 på
941 1697 42 21 en
1002 1687 100 34 enda,
1122 1687 156 29 närmast
1300 1685 55 30 för
1375 1685 55 29 det
1450 1686 93 27 stora
1564 1683 79 30 fler-

137 1737 82 29 talet
245 1736 194 35 löntagares
467 1731 491 33 konsumtionsförhållanden
987 1731 149 29 adekvat
1162 1729 137 35 budget.
1331 1727 66 30 Till
1423 1726 139 36 ledning
1589 1725 55 30 för

137 1788 42 21 en
205 1777 230 37 omprövning
462 1786 42 21 av
530 1776 225 36 löneplanens
783 1772 322 40 dyrortsgradering
1132 1772 10 29 i
1168 1772 41 29 de
1235 1771 190 35 lönelägen,
1452 1778 75 21 som
1555 1768 91 36 ligga

137 1823 158 29 avsevärt
319 1822 81 29 över
422 1820 190 35 budgetens
638 1816 245 36 inkomstnivå,
909 1817 64 29 bör
998 1816 89 30 dock
1112 1814 203 30 verkställas
1343 1822 42 20 en
1409 1811 149 32 särskild
1583 1820 61 21 un-

138 1864 211 36 dersökning
379 1863 55 30 för
465 1865 49 28 att
544 1862 120 35 belysa
697 1858 424 32 levnadskostnadstalens
1154 1856 194 31 avvikande
1379 1854 180 37 spridning
1590 1853 56 30 för

138 1908 101 29 dessa
258 1907 189 34 lönelägen.
480 1905 12 29 I
514 1904 99 36 fråga
635 1913 57 20 om
712 1904 66 29 den
798 1901 207 36 familjetyp,
1027 1910 78 20 vars
1128 1899 225 30 konsumtion
1374 1898 63 29 bör
1456 1897 116 35 läggas
1597 1896 49 30 till

138 1950 113 35 grund
276 1949 55 29 för
357 1946 404 37 dyrortsgrupperingen,
787 1944 100 36 utgår
915 1943 207 30 kommittén
1149 1941 79 30 från
1254 1944 50 27 att
1331 1941 171 35 budgeten
1531 1939 115 30 såsom

138 1992 123 30 hittills
281 1992 63 28 bör
368 1999 165 27 avpassas
556 1989 87 30 efter
665 1987 274 35 förbrukningen
962 1986 55 29 för
1037 1995 43 19 en
1106 1983 290 36 »normalfamilj»
1424 1992 42 20 av
1489 1983 49 28 3.3
1561 1982 84 29 kon-

140 2034 321 30 sumtionsenheter.
499 2032 79 30 Med
605 2031 168 30 avseende
799 2029 20 31 å
846 2028 365 35 »normalbudgetens»
1240 2025 322 30 inkomststandard
1587 2033 59 21 an-

140 2087 54 20 ser
215 2076 206 30 kommittén
443 2074 197 36 självfallet,
661 2077 49 27 att
730 2072 211 36 anpassning
963 2071 110 30 måste
1096 2071 60 29 ske
1176 2069 87 30 efter
1283 2069 56 29 det
1361 2068 163 34 löneläge,
1546 2066 102 35 kring

141 2120 105 30 vilket
264 2120 56 29 det
337 2121 92 28 stora
449 2117 149 30 flertalet
615 2116 223 36 nyreglerade
856 2115 144 36 tjänster
1019 2115 120 34 hopas.
1174 2112 46 29 Ur
1238 2112 114 29 denna
1371 2110 177 37 synpunkt
1566 2110 81 33 kan,

141 2164 87 28 även
248 2172 57 19 om
325 2171 42 20 en
388 2161 67 29 viss
476 2159 211 34 löneökning
707 2167 122 27 genom
852 2156 292 36 löneregleringen
1167 2155 110 29 skulle
1299 2155 142 28 komma
1461 2153 51 29 till
1535 2151 112 34 stånd,

141 2205 114 35 någon
278 2213 95 20 mera
396 2203 166 30 avsevärd
587 2201 146 37 höjning
757 2210 41 20 av
821 2200 202 29 nuvarande
1047 2197 228 35 inkomstläge
1298 2213 44 4 —
1366 2196 104 28 vilket
1492 2195 157 29 närmast

142 2250 194 27 motsvarar
361 2247 38 28 10
422 2245 219 29 löneklassen
667 2243 20 31 å
709 2243 178 35 medeldyr
910 2245 53 26 ort
983 2259 44 3 —
1051 2241 175 34 knappast
1251 2239 263 34 ifrågakomma.

187 2287 301 31 Lönekommittén
516 2287 196 29 diskuterar
736 2284 168 35 ingående
928 2284 56 28 det
1010 2282 244 34 förhållandet,
1282 2284 48 26 att
1356 2290 41 20 av
1422 2281 63 28 den
1512 2289 47 19 nu
1584 2278 65 30 till-

143 2332 161 34 Jämpade
321 2330 159 29 metoden
500 2331 48 27 att
568 2327 172 36 periodvis
759 2327 154 33 företaga
931 2325 170 35 generella
1119 2322 310 36 omgrupperingar
1449 2331 41 20 av
1511 2324 139 26 orterna

143 2376 84 27 utan
252 2372 170 30 samband
446 2372 79 28 med
550 2371 130 29 allmän
707 2368 246 35 lönereglering
977 2366 113 36 följer,
1117 2369 48 27 att
1190 2376 41 19 en
1258 2364 236 36 förskjutning
1518 2373 42 20 av
1587 2363 65 30 den

146 2415 140 30 relativa
306 2415 167 34 dyrheten
495 2413 43 35 på
557 2422 43 20 en
621 2415 52 26 ort
694 2412 67 29 kan
785 2411 75 29 leda
882 2410 49 29 till
952 2412 49 27 att
1021 2410 42 28 de
1085 2408 171 35 utgående
1278 2407 250 34 lönebeloppen
1551 2405 9 29 1
1583 2405 67 28 viss

144 2457 239 34 utsträckning
408 2455 100 36 höjas
535 2458 85 26 trots
648 2453 197 36 sjunkande
870 2451 333 30 levnadskostnader
1228 2450 65 29 och
1321 2449 150 29 omvänt.
1514 2448 11 29 I
1553 2448 97 28 kom-
