1928 2840
303 165 37 29 14
750 169 275 32 Statsutskottets
1051 171 174 31 utlåtande
1250 172 48 30 Nr
1319 174 68 29 161.

304 253 127 36 ningen
450 263 43 20 av
511 254 111 31 denna
641 257 77 33 post
736 255 116 35 läggas
873 255 291 37 inkomstbelopp,
1184 256 280 32 differentierade
1482 257 87 31 efter
1589 259 219 33 löneskalans

305 295 337 48 dyrortsgradering,
676 300 91 26 samt
798 296 184 31 skattefria
1015 298 139 35 avdrag,
1186 298 192 35 graderade
1409 298 108 36 enligt
1547 300 261 35 skattegruppe-

304 345 131 28 ringen.

349 378 300 31 Lönekommittén
674 381 64 30 har
763 382 120 34 prövat
908 381 41 30 de
974 382 84 34 skäl,
1084 391 73 20 som
1181 382 57 30 vid
1261 382 145 36 tidigare
1429 382 212 36 behandling
1663 393 42 20 av
1730 384 77 35 dyr-

303 420 426 37 ortsgrupperingsfrågan
748 422 134 31 anförts
899 422 55 30 för
971 433 41 20 en
1030 422 201 37 minskning
1246 433 43 21 av
1305 425 131 29 antalet
1454 427 232 33 ortsgrupper.
1706 424 101 31 Kom-

304 462 121 31 mittén
444 463 65 30 har
527 464 87 29 dock
633 463 76 31 icke
730 464 115 30 funnit
864 466 98 29 dessa
982 465 75 30 skäl
1078 474 82 22 vara
1178 465 197 36 tillräckligt
1395 467 154 29 bärande
1570 467 55 30 för
1643 470 49 27 att
1712 467 9 29 i
1741 467 65 30 och

304 503 55 31 för
383 504 50 36 sig
459 505 119 30 kunna
603 505 181 31 föranleda
807 515 41 21 en
871 515 95 21 mera
989 507 85 29 snäv
1097 506 232 37 begränsning
1351 517 42 21 av
1416 509 252 34 gruppantalet.
1693 508 115 36 Enligt

304 546 223 31 kommitténs
549 547 139 36 mening
711 548 64 29 bör
796 548 128 31 antalet
947 551 222 33 ortsgrupper
1192 550 210 30 bestämmas
1425 550 80 29 med
1527 550 135 35 hänsyn
1686 551 51 29 till
1758 553 50 27 att

304 589 316 30 löneskillnaderna
643 590 128 29 mellan
798 590 41 31 de
866 590 92 30 olika
984 592 268 34 ortsgrupperna
1277 590 30 36 ej
1333 590 94 31 bliva
1452 590 37 32 så
1514 594 101 33 stora,
1640 595 51 27 att
1715 593 92 29 löne-

304 630 121 30 skalan
459 631 157 30 kommer
647 634 49 27 att
730 632 108 30 förete
872 632 55 30 för
960 632 196 36 betydande
1188 632 311 31 diskontinuiteter.
1558 633 249 36 Gruppantalet

303 668 62 79 här
385 671 148 32 sålunda
555 674 97 35 göras
675 673 10 30 i
707 674 68 30 viss
796 672 81 32 mån
899 674 172 30 beroende
1090 683 43 21 av
1153 675 548 36 levnadskostnadssplittringens
1723 679 82 26 stor-

316 723 51 21 ek.

347 755 301 32 Lönekommittén
674 756 219 37 ifrågasätter
916 760 48 28 ett
989 757 228 36 övergivande
1240 766 42 22 av
1305 758 276 30 hittillsvarande
1605 758 202 36 förfarings-

303 798 66 29 sätt
388 801 50 27 att
458 798 57 30 vid
537 799 390 36 dyrortsgrupperingen
946 799 153 30 uträkna
1118 800 355 35 riksmedeldyrheten
1495 801 66 29 och
1581 801 162 29 använda
1763 799 44 37 på

303 839 113 31 denna
440 840 176 35 grundade
639 841 163 30 indextal.
825 841 201 30 Indextalen
1051 842 59 29 äro
1134 841 30 36 ej
1188 841 180 36 behövliga
1391 841 56 30 för
1468 842 276 30 bestämmandet
1764 851 43 21 av

303 884 156 28 orternas
480 882 141 30 relativa
641 882 133 36 dyrhet,
796 883 114 29 vilken
931 883 70 30 lika
1024 884 55 29 väl
1100 884 81 29 eller
1203 884 111 29 bättre
1333 884 70 29 kan
1426 883 187 30 fastställas
1636 884 80 29 med
1736 884 69 29 led-

302 923 82 35 ning
405 932 43 21 av
470 923 180 31 krontalen
671 924 55 30 för
747 924 386 31 levnadskostnaderna.
1178 924 48 31 De
1247 925 118 30 kunna
1387 926 157 29 däremot
1564 925 61 30 lätt
1647 925 77 35 giva
1746 934 59 20 an-

303 964 139 37 ledning
464 965 51 31 till
539 965 309 36 missuppfattning
871 967 65 29 och
960 967 120 29 kunna
1104 966 156 30 försvåra
1284 969 46 28 ett
1353 966 219 30 bedömande
1593 976 43 20 av
1660 967 146 30 behovet

302 1015 43 21 av
365 1007 189 36 ändringar
572 1008 10 29 i
601 1008 216 35 löneplanen.
860 1007 123 30 Därest
1001 1008 57 30 det
1080 1008 109 30 skulle
1211 1017 98 21 anses
1329 1008 165 31 önskvärt
1514 1011 49 27 att
1582 1009 86 29 även
1687 1008 57 30 vid
1764 1017 40 21 en

302 1049 211 35 gruppering
531 1052 82 27 utan
635 1049 230 30 användande
883 1058 44 21 av
948 1049 114 36 någon
1081 1049 432 36 riksmedeldyrhetssiffra
1533 1049 132 30 erhålla
1685 1059 43 21 en
1749 1050 55 29 be-

302 1091 114 29 stämd
437 1090 259 37 utgångspunkt
718 1091 55 30 för
797 1091 212 36 dragningen
1031 1100 42 21 av
1094 1092 310 34 gruppgränserna,
1428 1101 73 20 som
1523 1092 69 29 kan
1614 1091 192 30 bibehållas

302 1131 78 31 från
400 1134 47 29 ett
469 1132 362 36 grupperingstillfälle
852 1133 51 30 till
922 1135 46 28 ett
989 1136 116 32 annat,
1126 1142 99 26 synes
1245 1134 56 29 det
1321 1133 198 35 lämpligast
1541 1136 48 27 att
1610 1132 56 30 vid
1688 1134 116 34 gräns-

302 1174 214 36 dragningen
537 1173 79 37 utgå
641 1174 79 30 från
743 1175 378 29 levnadskostnaderna
1145 1174 20 30 å
1188 1175 65 29 den
1276 1175 137 35 dyraste
1436 1177 62 33 ort,
1521 1174 78 30 från
1622 1175 115 29 vilken
1760 1177 45 27 ett

301 1215 319 31 tillfredsställande
639 1216 231 36 prismaterial
889 1216 191 36 föreligger.

345 1258 14 30 I
379 1259 171 29 samband
570 1259 78 29 med
669 1258 241 31 diskussionen
930 1259 10 29 i
959 1257 490 37 dyrortsgrupperingsfrågan
1468 1259 45 29 ha
1532 1258 57 30 vid
1608 1258 113 30 skilda
1739 1259 65 29 till-

302 1300 105 30 fällen
429 1300 92 30 vissa
544 1299 115 37 frågor
681 1300 148 30 rörande
853 1300 516 35 dyrortsgrupperingsarbetets
1389 1300 235 35 organisation
1646 1300 88 29 varit
1755 1300 50 29 fö-

300 1341 107 30 remål
433 1342 57 30 för
514 1342 321 35 uppmärksamhet.
886 1341 212 30 Kommittén
1123 1341 134 30 erinrar
1282 1341 124 30 härvid
1431 1351 58 20 om
1515 1341 290 36 socialstyrelsens

301 1384 10 29 i
335 1384 221 30 betänkande
578 1382 38 31 år
640 1384 84 29 1933
752 1382 87 36 (stat.
862 1382 63 31 off.
948 1383 135 30 utredn.
1110 1383 95 29 1933:
1221 1381 52 36 21)
1304 1382 196 36 framlagda
1525 1383 128 35 förslag
1676 1392 57 20 om
1755 1382 49 30 in-

302 1425 159 30 rättande
490 1435 42 20 av
560 1424 320 37 länsprisnämnder
909 1425 65 29 och
1003 1433 43 21 en
1074 1424 286 36 riksprisnämnd.
1413 1424 303 30 Lönekommittén
1745 1425 64 29 har

301 1470 111 28 ansett
439 1468 50 35 sig
517 1468 107 30 sakna
652 1467 186 35 anledning
864 1470 49 26 att
940 1466 80 36 ingå
1046 1466 43 36 på
1114 1467 41 29 de
1181 1465 115 37 frågor
1322 1476 43 20 av
1392 1467 277 35 huvudsakligen
1696 1467 107 30 admi-

300 1509 158 31 nistrativ
483 1512 112 32 natur,
622 1518 74 21 som
722 1508 186 30 innefattas
934 1509 11 29 i
972 1508 92 30 detta
1093 1507 289 37 socialstyrelsens
1410 1508 394 36 organisationsförslag.

343 1593 227 31 Beträffande
593 1594 41 29 de
656 1594 82 29 över
760 1592 305 30 lönekommitténs
1087 1592 220 30 betänkande
1332 1591 148 36 avgivna
1503 1592 208 36 yttrandena
1736 1593 68 28 kan

298 1643 116 32 såsom
439 1653 44 21 en
508 1644 129 30 allmän
666 1642 313 37 sammanfattning
1005 1652 42 21 av
1073 1643 41 29 de
1140 1642 75 30 däri
1241 1642 225 30 framkomna
1492 1642 313 36 uppfattningarna

299 1696 108 35 sägas,
432 1697 50 28 att
504 1695 41 29 de
566 1694 110 30 hörda
698 1693 288 36 myndigheterna
1008 1694 66 29 och
1096 1693 320 36 organisationerna
1438 1693 79 29 med
1539 1693 121 30 endast
1684 1692 37 30 få
1743 1702 61 20 un-

298 1746 128 35 dantag
450 1745 12 30 i
484 1745 183 30 huvudsak
691 1744 83 36 givit
796 1744 52 30 sin
872 1743 200 37 anslutning
1094 1744 51 29 till
1168 1743 80 30 eller
1271 1744 133 29 lämnat
1426 1746 85 27 utan
1535 1743 138 30 erinran
1697 1743 42 29 de
1762 1752 42 20 av

297 1795 287 31 lönekommittén
610 1794 197 36 framlagda
830 1794 185 36 förslagen.
1061 1789 94 34 Även
1178 1794 64 29 när
1264 1794 218 30 tveksamhet
1506 1793 10 30 i
1540 1793 91 30 vissa
1655 1794 150 35 punkter

298 1846 81 30 eller
399 1846 132 36 förslag
549 1845 51 31 till
619 1845 285 30 modifikationer
924 1845 10 29 i
955 1843 145 37 detaljer
1120 1844 199 35 framföras,
1341 1845 65 29 har
1426 1844 89 30 dock
1538 1853 74 21 som
1634 1844 90 35 regel
1745 1853 58 21 an-

298 1899 91 33 setts,
408 1899 50 27 att
475 1897 42 29 de
535 1895 305 36 huvudprinciper,
860 1904 74 21 som
953 1895 89 36 ligga
1060 1895 50 30 till
1128 1895 111 35 grund
1258 1894 55 30 för
1330 1894 174 36 förslaget,
1524 1895 60 29 äro
1603 1895 134 35 ägnade
1756 1896 48 28 att

297 1946 245 31 åstadkomma
566 1956 41 20 en
634 1955 96 21 mera
754 1945 119 31 rättvis
898 1945 149 36 ordning
1072 1945 10 30 i
1106 1944 100 37 fråga
1230 1954 57 21 om
1311 1944 491 36 levnadskostnadsjämförel-

298 2006 100 22 serna
419 1997 67 30 och
507 1997 66 30 den
593 1996 110 36 därpå
723 1996 178 36 grundade
922 1995 254 37 grupperingen
1198 2005 42 21 av
1261 1998 139 27 orterna
1421 1995 88 30 efter
1530 1993 273 38 dyrhetsförhål-

297 2048 160 30 landena.
498 2047 69 30 När
585 2047 218 30 tveksamhet
824 2047 64 29 har
906 2049 137 33 yppats,
1066 2046 64 30 har
1150 2046 65 30 den
1235 2046 11 29 i
1266 2046 42 29 de
1328 2045 102 30 flesta
1450 2045 107 30 fallen
1578 2045 82 36 gällt
1681 2045 121 30 försla-

297 2106 64 28 gen
386 2098 150 30 rörande
563 2097 283 35 bostadspostens
871 2096 203 36 beräkning,
1102 2096 138 30 särskilt
1266 2095 46 37 på
1336 2095 249 36 landsbygden.
1636 2095 13 29 I
1677 2094 126 36 många

297 2149 186 36 yttranden
505 2148 64 30 har
591 2151 69 27 stor
681 2147 74 31 vikt
776 2147 86 36 lagts
885 2147 58 30 vid
965 2147 42 30 de
1029 2146 117 36 frågor
1167 2147 148 29 rörande
1338 2145 464 37 dyrortsgrupperingsarbe-

296 2202 64 27 tets
381 2198 245 37 organisation,
650 2207 75 21 som
745 2197 288 31 lönekommittén
1054 2197 76 30 icke
1150 2199 111 28 ansett
1281 2196 50 37 sig
1351 2197 87 29 böra
1458 2199 79 33 taga
1558 2196 162 35 ställning
1741 2195 60 30 till.

299 2249 280 36 Socialstyrelsen
595 2249 64 30 har
665 2242 15 47 i
702 2248 58 30 sitt
776 2248 160 36 yttrande
954 2247 158 36 utförligt
1128 2248 66 29 och
1211 2247 138 30 kritiskt
1366 2247 192 30 diskuterat
1576 2247 41 30 de
1634 2246 95 30 olika
1747 2246 55 30 de-

296 2300 100 30 larna
424 2309 44 21 av
495 2299 223 30 kommitténs
747 2298 138 36 förslag,
916 2299 89 29 dock
1033 2300 85 28 utan
1146 2298 148 30 bestämt
1322 2297 233 36 avstyrkande
1584 2299 106 28 annat
1719 2297 44 29 än
1792 2296 10 29 i

297 2350 91 31 vissa
408 2349 236 37 detaljfrågor.

341 2400 14 30 I
373 2400 101 37 fråga
492 2410 57 20 om
569 2401 41 30 de
627 2399 58 31 två
703 2399 181 37 viktigaste
903 2409 42 21 av
963 2398 287 31 lönekommittén
1269 2397 197 31 framförda
1485 2396 316 36 reformförslagen,

296 2451 174 36 nämligen
491 2450 556 37 dyrortsgrupperingsbudgetens
1067 2448 294 36 fullständigande
1381 2448 65 30 och
1465 2448 42 30 de
1527 2447 153 31 ändrade
1701 2455 100 28 grun-
