1924 2844
557 144 275 32 Statsutskottets
857 141 176 31 utlåtande
1058 140 49 31 Nr
1129 140 69 30 161.
1607 129 37 30 17

135 233 160 36 lämpade
314 231 252 35 avkortningen
586 239 42 21 av
647 228 171 36 budgeten
837 225 138 31 medför
993 234 43 21 en
1056 224 76 30 icke
1152 221 189 37 oväsentlig
1361 220 194 35 felvisning,
1577 219 66 30 och

135 276 45 31 då
197 276 114 30 därtill
329 275 42 29 de
388 272 310 36 undersökningar,
720 279 74 21 som
814 270 127 29 krävas
960 267 56 30 för
1033 265 255 37 utbyggnaden,
1308 264 47 30 ha
1374 266 85 27 stort
1478 262 105 30 värde
1601 270 42 21 ur

136 316 275 33 socialstatistisk
432 315 188 36 synpunkt,
643 322 100 27 synes
767 310 267 37 ifrågavarande
1056 308 130 31 reform
1207 307 85 30 värd
1314 309 49 27 att
1384 304 213 38 genomföra.

181 361 12 29 I
212 360 99 35 fråga
329 368 57 21 om
404 359 101 29 sättet
522 358 55 29 för
593 356 284 35 bostadspostens
895 352 193 35 beräkning
1106 351 97 30 torde
1221 350 57 29 det
1297 358 42 21 av
1357 346 287 32 lönekommittén

136 404 196 34 föreslagna
356 398 387 39 vägningsförfarandet
766 396 223 31 beträffande
1013 391 418 36 medeltalsberäkningen
1456 389 46 37 på
1527 390 116 35 hyres-

137 446 154 31 räknade
314 447 91 27 orter
427 446 84 27 utan
534 443 127 29 tvekan
683 441 121 29 kunna
825 439 188 29 betecknas
1036 446 76 21 som
1135 445 42 21 en
1203 434 218 35 förbättring.
1469 428 175 44 Förslaget

137 492 49 27 att
204 489 195 29 bestämma
419 485 234 31 förhållandet
674 483 127 30 mellan
821 479 379 32 bostadskostnaderna
1221 477 46 37 på
1288 477 76 30 icke
1385 474 260 38 hyresräknade

137 530 192 36 respektive
352 528 260 37 hyresräknade
637 529 91 27 orter
751 523 134 32 utifrån
911 522 235 31 förhållandet
1172 520 127 30 mellan
1324 518 320 37 byggnadskostna-

138 575 107 29 derna
269 573 55 29 för
348 581 42 20 en
415 571 68 30 viss
508 568 292 33 standardbostad
826 567 66 30 har
915 566 12 30 i
951 565 91 30 vissa
1064 564 185 37 yttranden
1273 563 106 29 mötts
1403 561 80 30 med
1508 560 136 34 tvekan,

139 625 74 21 som
231 616 51 29 till
301 617 71 28 stor
391 614 55 30 del
465 622 100 27 synes
583 611 162 36 betingad
765 619 43 21 av
827 608 218 37 svårigheten
1065 610 49 27 att
1134 605 45 37 på
1200 605 152 30 förhand
1372 604 157 30 beräkna
1548 602 97 29 verk-

138 659 170 35 ningarna
333 666 42 21 av
399 666 42 20 en
465 655 108 31 sådan
597 653 230 36 omläggning.
874 651 65 30 Det
961 651 65 30 har
1050 659 42 21 av
1118 647 288 31 lönekommittén
1431 645 88 36 själv
1544 647 101 33 sagts,

139 704 49 28 att
206 701 56 29 det
280 699 198 35 föreslagna
495 697 314 35 beräkningssättet
829 695 39 29 är
891 694 272 33 »konstruerat»,
1184 691 65 29 och
1269 690 57 30 det
1345 688 182 36 föreligger
1546 687 102 36 ingen

139 743 133 36 garanti
296 742 56 30 för
376 744 49 27 att
449 740 154 30 faktiska
626 737 332 31 bostadskostnader
980 735 47 36 på
1050 735 94 29 olika
1168 736 90 27 orter
1284 732 136 30 variera
1443 730 46 37 på
1513 738 135 22 samma

140 787 66 29 sätt
227 794 74 21 som
322 781 474 39 nybyggnadskostnaderna.
837 779 80 30 Med
938 778 42 30 de
1002 780 94 27 stora
1117 776 167 30 olikheter
1305 775 11 29 i
1338 773 132 31 faktisk
1491 772 155 30 bostads-

140 828 175 34 standard,
340 836 76 21 som
438 825 84 31 råda
542 825 11 30 i
574 825 126 34 landet,
721 822 110 31 måste
852 822 90 29 dock
963 819 96 36 varje
1082 818 289 35 beräkningssätt,
1395 825 75 21 som
1491 810 156 44 tillgodo-

141 880 53 21 ser
217 871 55 29 det
296 868 217 37 principiella
536 868 121 29 kravet
680 865 46 37 på
748 864 172 36 likvärdig
944 862 167 31 standard
1135 870 75 21 som
1233 858 306 38 jämförelsebasis,
1565 865 84 21 vara

140 914 11 29 i
168 913 37 30 så
220 912 109 31 måtto
344 912 230 33 konstruerat,
592 919 74 20 som
684 909 56 29 det
755 906 199 31 eliminerar
969 906 132 29 verkan
1118 913 42 21 av
1180 904 99 29 dessa
1296 901 156 31 faktiska
1469 900 178 30 olikheter.

141 955 64 30 Det
227 964 100 27 synes
350 953 139 31 särskilt
511 952 186 36 angeläget,
722 953 49 27 att
794 958 82 21 man
899 949 10 29 i
931 947 99 37 fråga
1052 956 57 21 om
1131 947 56 29 det
1208 945 130 36 viktiga
1360 946 155 28 moment
1537 942 10 30 i
1570 942 77 35 dyr-

141 996 474 37 ortsgrupperingssystemet,
636 1003 74 21 som
729 993 138 35 utgöres
887 1001 43 20 av
951 990 266 36 jämförelserna
1237 987 127 30 mellan
1384 986 83 30 land
1487 985 65 30 och
1573 983 76 31 stad

141 1041 10 29 i
170 1040 98 36 fråga
287 1049 57 20 om
363 1038 171 35 bostäder,
556 1037 101 30 strikt
675 1036 177 35 tillämpar
872 1034 67 30 den
959 1032 155 31 nämnda
1133 1030 191 37 principen,
1346 1032 50 27 att
1415 1027 232 36 jämförelser-

142 1093 44 20 na
206 1083 98 30 skola
324 1090 80 22 avse
425 1079 171 36 likvärdig
617 1078 175 31 standard.

188 1125 63 30 Det
273 1124 107 36 ligger
402 1121 273 38 uppenbarligen
699 1123 70 27 stor
792 1119 74 30 vikt
888 1117 106 37 uppå,
1019 1120 49 27 att
1091 1117 57 29 det
1171 1114 168 35 material,
1365 1112 109 37 varpå
1498 1112 150 35 dyrorts-

143 1167 253 36 grupperingen
420 1165 153 36 grundar
595 1164 60 36 sig,
679 1164 39 29 är
744 1161 38 31 så
805 1162 117 30 säkert
945 1169 75 21 som
1043 1158 145 36 möjligt.
1234 1157 50 30 De
1309 1166 42 21 av
1375 1154 275 35 socialstyrelsen

143 1211 196 34 föreslagna
379 1207 277 32 administrativa
696 1204 284 35 anordningarna
1024 1199 335 40 (länsprishämnder
1385 1198 66 30 och
1492 1192 158 43 rikspris-

143 1252 142 37 nämnd)
313 1252 66 30 och
401 1250 123 36 frågan
546 1259 57 20 om
625 1249 66 30 den
713 1246 283 37 representation,
1019 1254 75 21 som
1116 1243 121 30 därvid
1258 1242 64 29 bör
1344 1240 143 30 beredas
1509 1238 141 36 tjänste-

144 1297 149 29 männen
316 1297 91 27 samt
428 1292 224 36 arbetsgivar-
675 1291 65 29 och
762 1290 380 34 arbetstagarparterna
1164 1285 45 36 på
1230 1285 67 29 den
1323 1283 178 31 allmänna
1523 1281 127 30 arbets-

144 1337 226 34 marknaden,
395 1336 98 30 torde
515 1333 189 32 emellertid
729 1336 98 26 tarva
850 1331 197 36 ytterligare
1071 1327 264 36 överväganden
1360 1326 11 29 i
1398 1324 254 34 sammanhang

144 1380 78 30 med
244 1378 290 37 planläggningen
556 1386 42 21 av
620 1374 236 36 nästföljande
878 1370 358 39 dyrortsgruppering.

190 1423 63 35 Jag
277 1422 65 29 har
367 1423 112 28 ansett
502 1420 70 35 mig
600 1419 10 29 i
636 1419 92 29 detta
754 1416 255 34 sammanhang
1033 1415 86 29 böra
1144 1413 117 29 lämna
1286 1420 42 20 en
1356 1409 214 36 redogörelse
1598 1407 55 30 för

145 1463 304 31 lönekommitténs
467 1462 129 35 förslag
612 1461 10 29 i
639 1456 493 40 dyrortsgrupperingsfrågan
1151 1455 64 29 och
1232 1455 42 28 de
1291 1454 10 29 i
1318 1452 187 35 anledning
1522 1460 42 21 av
1582 1451 70 29 det-

146 1516 134 21 samma
300 1505 148 36 avgivna
467 1503 207 37 yttrandena
695 1503 165 28 ävensom
882 1500 124 35 angiva
1027 1499 73 29 min
1123 1496 199 35 inställning
1344 1495 51 30 till
1416 1495 42 29 de
1479 1502 95 21 mera
1596 1493 55 28 vä-

146 1549 143 35 sentliga
310 1547 211 36 problemen.
564 1546 66 29 Till
651 1545 41 29 de
713 1554 41 20 av
775 1542 208 31 kommittén
1004 1540 196 35 framlagda
1220 1538 175 35 förslagen
1416 1537 64 28 bör
1501 1535 151 30 emeller-

148 1592 47 30 tid
219 1591 121 35 Kungl.
367 1589 102 35 Maj:t
491 1592 79 32 taga
593 1587 115 35 slutlig
732 1585 217 36 ståndpunkt
971 1583 88 30 först
1082 1583 11 29 i
1116 1581 170 30 samband
1310 1580 79 29 med
1415 1576 237 38 planläggnin-

147 1642 62 28 gen
233 1643 42 20 av
299 1633 131 29 arbetet
453 1631 54 30 för
530 1632 99 28 nästa
652 1626 379 39 dyrortsgruppering.>

192 1689 388 39 Departementschefen
604 1687 141 36 övergår
767 1685 153 31 härefter
944 1684 50 30 till
1018 1687 48 27 att
1091 1682 173 31 behandla
1292 1680 83 30 1936
1399 1678 55 31 års
1478 1678 175 30 lönekom-

151 1743 109 30 mittés
284 1742 129 36 förslag
436 1741 49 29 till
509 1740 92 30 civilt
624 1737 397 35 avlöningsreglemente.

400 1936 230 49 Förslaget
657 1934 64 39 till
750 1933 118 39 civilt
899 1928 519 52 avlöningsreglemente.

614 2056 31 31 1.
692 2054 215 32 Allmänna
931 2050 260 44 synpunkter.

199 2149 63 30 Det
294 2158 40 19 av
372 2148 82 28 1936
487 2146 54 30 års
575 2143 259 31 lönekommitté
869 2141 193 35 framlagda
1096 2137 368 37 reglementsförslaget
1498 2135 159 29 förutsät-

155 2203 47 26 tes
224 2199 91 29 bliva
333 2197 198 35 tillämpligt
550 2196 54 29 för
623 2196 40 29 de
684 2194 99 30 civila
803 2192 365 34 förvaltningsgrenar,
1188 2189 110 29 vilkas
1316 2186 343 35 befattningshavare

155 2251 89 28 hava
276 2248 75 30 sina
386 2246 322 30 löneförhållanden
740 2243 154 30 ordnade
928 2242 104 34 enligt
1064 2237 470 32 kommunikationsverkens
1567 2236 90 29 avlö-

157 2300 238 34 ningssystem.
439 2297 114 34 Enligt
572 2294 303 30 lönekommitténs
895 2291 225 36 uppfattning
1141 2289 192 30 förefinnas
1355 2288 75 28 icke
1449 2286 116 36 giltiga
1585 2284 74 30 skäl

156 2350 54 28 för
233 2353 46 25 ett
304 2347 243 30 bibehållande
571 2355 41 20 av
637 2344 170 30 särskilda
833 2341 410 34 avlöningsreglementen
1270 2338 55 29 för
1350 2337 93 29 olika
1467 2336 100 29 civila
1592 2336 67 28 för-

158 2397 339 36 valtningsområden
520 2399 83 26 utan
629 2395 114 29 finner
766 2392 206 30 kommittén
996 2391 55 28 det
1076 2399 41 20 av
1143 2389 94 29 såväl
1263 2387 180 36 praktiska
1468 2395 73 20 som
1568 2385 92 36 prin-

157 2449 134 36 cipiella
320 2447 106 30 motiv
454 2446 165 29 önskvärt
644 2445 65 29 och
735 2442 157 36 lämpligt
919 2444 48 27 att
995 2440 238 30 sammanföra
1260 2435 400 37 avlöningsbestämmel-

196 2514 108 29 Bihang
325 2512 41 24 till
387 2511 166 30 riksdagens
575 2508 144 32 protokoll
743 2508 72 24 1938.
851 2508 14 22 6
891 2506 79 24 saml.
1003 2505 36 23 Nr
1061 2505 53 23 161.
1616 2497 14 23 2
