1886 2812
101 237 129 25 Utskottet.

93 2293 128 26 Utskottet.

274 153 40 29 40
731 160 275 33 Statsutskottets
1028 162 175 32 utlåtande
1225 173 42 21 nr
1289 165 29 30 9.

322 240 166 36 Uskottet,
508 251 73 20 som
601 242 83 36 tagit
703 243 53 30 del
778 253 41 21 av
838 245 41 29 de
899 244 50 30 till
969 246 141 30 ärendet
1128 246 156 31 hörande
1303 247 261 38 handlingarna,
1585 250 196 37 tillstyrker,

277 293 49 27 att
355 291 120 36 anslag
503 291 54 30 för
584 291 264 37 ifrågavarande
875 295 376 37 beredskapsändamål
1279 298 136 31 anvisas
1443 300 10 29 i
1480 300 66 29 den
1574 301 208 37 omfattning

278 339 120 37 Kungl.
421 341 101 36 Maj:t
543 341 185 38 föreslagit.
752 344 169 31 Utskottet
943 346 207 37 hemställer,

627 426 48 27 att
694 423 184 37 riksdagen
894 424 57 31 må
969 425 56 31 för
1043 426 201 37 budgetåret
1264 425 134 41 1946/47
1420 429 119 31 anvisa
1557 430 155 37 följande
1728 432 50 30 in-

583 473 317 38 vesteringsanslag,
919 476 174 37 nämligen
1110 477 49 30 till

582 531 344 38 Radioorganisation
945 527 13 49 oo
983 559 426 8 oscssosssrserrrserr
1355 527 56 49 res
1440 539 130 30 kronor
1626 541 64 29 400
1704 541 63 30 000

582 583 120 36 Skydd
721 584 57 37 för
798 585 376 37 inmatningsstationer
1202 612 204 7 ..........
1497 601 12 14 »
1593 592 18 29 2
1629 592 60 30 100
1703 593 64 29 000

582 633 469 38 Kontaktledningsmateriel
1077 629 13 47 oo
1113 661 294 8 ..ssscsoserssea
1502 651 6 14 Å
1629 642 60 30 100
1703 643 64 29 000

580 683 374 39 Mobiliseringsförråd
997 712 409 8 —soossseseresrrrrssrra
1497 702 11 14 »
1629 694 60 29 110
1703 694 64 29 000

583 734 430 38 Värmetransformatorer
1068 762 340 9 o..osssesesrserserrra
1502 753 7 14 >
1626 744 63 29 225
1703 744 74 30 000.

316 866 90 40 80:0)
426 867 287 40 Nyanskaffning
730 880 43 21 av
791 873 188 30 motorlok.
998 873 79 30 Med
1096 874 246 37 tillstyrkande
1362 885 43 21 av
1428 876 122 37 Kungl.
1572 878 118 36 Maj:ts
1709 879 70 30 för-

276 918 73 36 slag
372 917 123 40 (punkt
514 921 51 35 80,
585 931 24 20 s.
631 917 90 40 120),
742 922 104 31 vilket
862 933 98 21 avser
973 925 189 30 anvisande
1179 935 43 21 av
1240 926 109 31 under
1367 928 99 29 nästa
1486 927 167 37 budgetår
1671 929 106 30 erfor-

273 967 120 37 derligt
410 969 124 36 belopp
554 969 55 31 för
628 971 166 30 dellikvid
813 971 20 31 å
851 982 43 20 en
911 973 51 30 till
983 983 40 21 ca
1045 975 62 29 565
1121 975 63 30 000
1204 976 131 30 kronor
1352 977 346 32 kostnadsberäknad
1718 989 58 21 an-

273 1018 179 38 skaffning
470 1029 42 21 av
531 1024 46 26 ett
596 1021 284 32 dieselelektriskt
901 1025 183 35 motorlok,
1104 1025 199 31 hemställer
1323 1024 173 44 utskottet,

623 1109 49 27 att
695 1107 185 36 riksdagen
901 1107 59 31 må
980 1109 52 30 till
1051 1110 285 38 Nyanskaffning
1357 1121 41 21 av
1421 1113 174 31 motorlok
1614 1113 55 32 för
1689 1115 87 30 bud-

578 1155 128 37 getåret
730 1153 136 41 1946/47
891 1159 121 31 anvisa
1035 1163 46 27 ett
1101 1160 347 39 investeringsanslag
1470 1173 42 20 av
1535 1165 65 29 200
1612 1165 63 30 000
1698 1166 77 29 kro-

579 1216 72 21 nor.

313 1338 90 39 81:0)
431 1340 287 38 Nyanskaffning
741 1352 44 21 av
805 1344 207 31 elektrolok.
1036 1345 122 36 Kungl.
1183 1346 101 36 Maj:t
1305 1348 64 29 har
1396 1349 125 37 (punkt
1544 1350 52 35 81,
1621 1359 24 21 s.
1672 1352 107 29 120—

273 1389 72 41 121)
374 1392 175 37 föreslagit
570 1393 185 37 riksdagen
776 1399 49 27 att
845 1395 51 31 till
918 1396 280 38 Nyanskaffning
1220 1407 43 21 av
1285 1399 189 31 elektrolok
1496 1400 55 31 för
1573 1397 200 45 budgetåret

273 1437 136 41 1946/47
434 1443 119 32 anvisa
576 1447 46 28 ett
643 1444 347 39 investeringsanslag
1011 1457 41 21 av
1074 1448 19 29 6
1107 1448 63 30 575
1184 1449 65 29 000
1270 1450 138 30 kronor.

314 1542 65 31 Till
405 1543 280 39 Nyanskaffning
712 1555 42 21 av
780 1547 188 31 elektrolok
996 1548 64 31 har
1085 1549 54 30 för
1165 1549 234 33 innevarande
1426 1552 167 36 budgetår
1620 1554 151 30 anvisats

269 1595 46 28 ett
334 1593 342 39 investeringsanslag
695 1606 43 21 av
756 1597 19 28 4
790 1597 62 30 275
866 1598 63 29 000
949 1599 138 30 kronor.
1107 1599 15 30 I
1143 1601 93 30 detta
1256 1601 125 37 belopp
1403 1602 79 37 ingå
1504 1603 14 28 1
1535 1603 62 29 800
1610 1604 65 29 000
1694 1604 77 29 kro-

268 1653 64 20 nor
353 1645 50 29 till
423 1646 177 30 slutlikvid
621 1647 55 30 för
698 1648 108 30 redan
826 1649 168 31 beställda
1016 1651 255 30 ackumulator-
1293 1653 66 29 och
1383 1653 224 37 växlingslok,
1631 1655 63 29 600
1707 1655 64 30 000

267 1695 129 30 kronor
412 1696 51 30 till
481 1696 275 32 förskottslikvid
774 1699 54 30 för
845 1699 70 30 fem
933 1709 68 27 nya
1020 1701 299 32 ackumulatorlok
1339 1706 88 27 samt
1450 1704 14 29 1
1481 1704 63 30 875
1559 1705 63 29 000
1641 1705 129 31 kronor

268 1744 50 31 till
340 1746 275 31 förskottslikvid
635 1748 54 30 för
708 1752 48 27 ett
776 1749 96 30 tiotal
892 1751 198 30 elektrolok.

311 1796 335 38 Järnvägsstyrelsen
666 1799 65 30 har
749 1800 183 36 hemställt,
953 1804 49 27 att
1023 1802 56 30 för
1095 1803 98 30 nästa
1214 1803 167 37 budgetår
1400 1804 106 32 måtte
1525 1807 136 31 anvisas
1680 1816 90 21 sam-

268 1847 152 36 manlagt
443 1848 20 29 6
483 1848 57 30 575
560 1843 58 51 000
638 1850 132 30 kronor
792 1850 49 31 till
865 1852 275 38 nyanskaffning
1164 1864 42 21 av
1228 1855 199 30 elektrolok.
1453 1856 50 30 Av
1529 1857 92 31 detta
1643 1857 126 38 belopp

267 1896 217 33 erfordrades
502 1899 17 29 2
534 1898 62 30 975
610 1899 65 30 000
690 1901 130 30 kronor
835 1902 51 30 till
902 1903 177 30 slutlikvid
1096 1904 55 30 för
1169 1904 144 37 tidigare
1329 1906 168 32 beställda
1514 1908 254 30 ackumulator-

266 1947 58 30 lok
339 1948 67 30 och
421 1950 187 30 elektrolok
624 1954 89 27 samt
730 1951 20 29 3
764 1952 63 29 600
840 1952 63 29 000
920 1954 129 29 kronor
1065 1954 50 30 till
1131 1955 277 32 förskottslikvid
1424 1957 55 30 för
1495 1961 46 28 ett
1558 1959 105 30 25-tal
1679 1959 89 29 elek-

266 1998 111 30 trolok
393 2008 74 21 som
484 2000 154 31 behövde
653 2002 181 31 anskaffas
848 2004 79 29 med
943 2004 138 37 hänsyn
1096 2005 49 31 till
1161 2007 67 29 den
1246 2006 217 33 förestående
1479 2009 289 37 elektrifieringen

266 2057 43 21 av
337 2048 310 38 järnvägslinjerna
677 2051 796 41 Varberg-—Borås—Herrljunga—Uddevalla
1505 2063 88 27 samt
1624 2059 146 31 Lund—

267 2098 260 32 Landskrona—
539 2094 187 54 Billeberga
747 2104 66 29 och
830 2103 92 32 vilka
940 2105 186 32 beräknats
1144 2107 107 37 draga
1269 2118 42 21 en
1329 2110 83 29 total
1432 2106 335 45 anskaffningskost-

265 2150 71 29 nad
356 2160 43 21 av
421 2151 39 29 10
474 2151 63 30 240
551 2152 62 30 000
635 2153 139 31 kronor.

309 2200 387 41 Departementschefen
719 2204 65 30 har
807 2205 163 37 tillstyrkt
993 2206 348 39 järnvägsstyrelsens
1365 2210 138 37 förslag.

310 2300 115 31 Under
446 2302 227 32 förevarande
695 2306 113 34 punkt
828 2306 64 30 har
914 2308 117 30 äskats
1051 2308 111 31 medel
1184 2310 72 30 dels
1279 2310 49 31 till
1349 2311 176 31 slutlikvid
1549 2313 54 30 för
1625 2313 143 38 tidigare

267 2349 157 32 beslutad
442 2352 226 37 anskaffning
684 2363 43 21 av
745 2355 199 36 elektrolok,
962 2357 72 30 dels
1052 2359 64 29 ock
1135 2358 55 30 för
1209 2359 218 36 fullgörande
1445 2370 42 21 av
1508 2361 176 38 sedvanlig
1702 2363 68 30 för-

264 2402 218 31 skottslikvid
503 2403 10 30 i
534 2404 170 31 samband
727 2407 79 29 med
826 2406 205 39 beställning
1052 2418 41 21 av
1115 2412 46 28 ett
1181 2410 107 31 25-tal
1310 2420 66 28 nya
1398 2412 198 38 elektrolok,
1619 2423 74 22 som
1716 2423 49 22 er-

264 2451 136 32 fordras
424 2453 10 30 i
458 2454 168 31 samband
650 2456 79 30 med
754 2456 170 38 övergång
947 2458 51 31 till
1023 2460 161 30 elektrisk
1210 2461 85 31 drift
1319 2461 55 32 vid
1399 2463 147 37 linjerna
1571 2464 195 37 Varberg—
