<?xml version="1.0" encoding="UTF-8"?>
<alto xmlns="http://www.loc.gov/standards/alto/ns-v3#" xmlns:xlink="http://www.w3.org/1999/xlink" xmlns:xsi="http://www.w3.org/2001/XMLSchema-instance" xsi:schemaLocation="http://www.loc.gov/standards/alto/ns-v3# http://www.loc.gov/alto/v3/alto-3-0.xsd">
	<Description>
		<MeasurementUnit>pixel</MeasurementUnit>
		<sourceImageInformation>
			<fileName>/tmp/tess_0z3undgz_input.PNG</fileName>
		</sourceImageInformation>
		<OCRProcessing ID="OCR_0">
			<ocrProcessingStep>
				<processingSoftware>
					<softwareName>tesseract 5.3.0</softwareName>
				</processingSoftware>
			</ocrProcessingStep>
		</OCRProcessing>
	</Description>
	<Layout>
		<Page WIDTH="1888" HEIGHT="2816" PHYSICAL_IMG_NR="0" ID="page_0">
			<PrintSpace HPOS="0" VPOS="0" WIDTH="1888" HEIGHT="2816">
				<ComposedBlock ID="cblock_0" HPOS="550" VPOS="141" WIDTH="1049" HEIGHT="41">
					<TextBlock ID="block_0" HPOS="550" VPOS="141" WIDTH="1049" HEIGHT="41">
						<TextLine ID="line_0" HPOS="550" VPOS="141" WIDTH="1049" HEIGHT="41">
							<String ID="string_0" HPOS="550" VPOS="151" WIDTH="275" HEIGHT="31" WC="0.90" CONTENT="Statsutskottets"/><SP WIDTH="23" VPOS="151" HPOS="825"/>
							<String ID="string_1" HPOS="848" VPOS="149" WIDTH="176" HEIGHT="31" WC="0.95" CONTENT="utlåtande"/><SP WIDTH="22" VPOS="149" HPOS="1024"/>
							<String ID="string_2" HPOS="1046" VPOS="159" WIDTH="41" HEIGHT="20" WC="0.96" CONTENT="nr"/><SP WIDTH="23" VPOS="159" HPOS="1087"/>
							<String ID="string_3" HPOS="1110" VPOS="149" WIDTH="29" HEIGHT="30" WC="0.95" CONTENT="9."/><SP WIDTH="423" VPOS="149" HPOS="1139"/>
							<String ID="string_4" HPOS="1562" VPOS="141" WIDTH="37" HEIGHT="29" WC="0.67" CONTENT="al"/>
						</TextLine>
					</TextBlock>
				</ComposedBlock>
				<ComposedBlock ID="cblock_1" HPOS="92" VPOS="230" WIDTH="1526" HEIGHT="2012">
					<TextBlock ID="block_1" HPOS="92" VPOS="230" WIDTH="1515" HEIGHT="700">
						<TextLine ID="line_1" HPOS="93" VPOS="230" WIDTH="1509" HEIGHT="45">
							<String ID="string_5" HPOS="93" VPOS="237" WIDTH="202" HEIGHT="37" WC="0.93" CONTENT="budgetåret"/><SP WIDTH="23" VPOS="237" HPOS="295"/>
							<String ID="string_6" HPOS="318" VPOS="234" WIDTH="137" HEIGHT="41" WC="0.91" CONTENT="1944/45"/><SP WIDTH="20" VPOS="234" HPOS="455"/>
							<String ID="string_7" HPOS="475" VPOS="236" WIDTH="95" HEIGHT="30" WC="0.96" CONTENT="torde"/><SP WIDTH="19" VPOS="236" HPOS="570"/>
							<String ID="string_8" HPOS="589" VPOS="236" WIDTH="144" HEIGHT="29" WC="0.96" CONTENT="komma"/><SP WIDTH="17" VPOS="236" HPOS="733"/>
							<String ID="string_9" HPOS="750" VPOS="237" WIDTH="48" HEIGHT="27" WC="0.96" CONTENT="att"/><SP WIDTH="20" VPOS="237" HPOS="798"/>
							<String ID="string_10" HPOS="818" VPOS="234" WIDTH="127" HEIGHT="29" WC="0.96" CONTENT="ändras"/><SP WIDTH="19" VPOS="234" HPOS="945"/>
							<String ID="string_11" HPOS="964" VPOS="233" WIDTH="49" HEIGHT="29" WC="0.95" CONTENT="till"/><SP WIDTH="19" VPOS="233" HPOS="1013"/>
							<String ID="string_12" HPOS="1032" VPOS="242" WIDTH="45" HEIGHT="21" WC="0.95" CONTENT="en"/><SP WIDTH="19" VPOS="242" HPOS="1077"/>
							<String ID="string_13" HPOS="1096" VPOS="232" WIDTH="189" HEIGHT="35" WC="0.93" CONTENT="ansträngd"/><SP WIDTH="19" VPOS="232" HPOS="1285"/>
							<String ID="string_14" HPOS="1304" VPOS="230" WIDTH="218" HEIGHT="31" WC="0.92" CONTENT="kraftbalans"/><SP WIDTH="19" VPOS="230" HPOS="1522"/>
							<String ID="string_15" HPOS="1541" VPOS="239" WIDTH="61" HEIGHT="21" WC="0.93" CONTENT="un-"/>
						</TextLine>
						<TextLine ID="line_2" HPOS="95" VPOS="281" WIDTH="1509" HEIGHT="40">
							<String ID="string_16" HPOS="95" VPOS="289" WIDTH="58" HEIGHT="31" WC="0.96" CONTENT="der"/><SP WIDTH="31" VPOS="289" HPOS="153"/>
							<String ID="string_17" HPOS="184" VPOS="288" WIDTH="82" HEIGHT="31" WC="0.92" CONTENT="åren"/><SP WIDTH="35" VPOS="288" HPOS="266"/>
							<String ID="string_18" HPOS="301" VPOS="288" WIDTH="182" HEIGHT="33" WC="0.59" CONTENT="1946—48,"/><SP WIDTH="32" VPOS="288" HPOS="483"/>
							<String ID="string_19" HPOS="515" VPOS="286" WIDTH="124" HEIGHT="30" WC="0.96" CONTENT="uttalat"/><SP WIDTH="32" VPOS="286" HPOS="639"/>
							<String ID="string_20" HPOS="671" VPOS="285" WIDTH="165" HEIGHT="36" WC="0.93" CONTENT="följande."/><SP WIDTH="34" VPOS="285" HPOS="836"/>
							<String ID="string_21" HPOS="870" VPOS="283" WIDTH="289" HEIGHT="36" WC="0.92" CONTENT="Nämforsbygget"/><SP WIDTH="30" VPOS="283" HPOS="1159"/>
							<String ID="string_22" HPOS="1189" VPOS="282" WIDTH="90" HEIGHT="30" WC="0.93" CONTENT="hade"/><SP WIDTH="30" VPOS="282" HPOS="1279"/>
							<String ID="string_23" HPOS="1309" VPOS="281" WIDTH="213" HEIGHT="36" WC="0.92" CONTENT="uppskjutits"/><SP WIDTH="33" VPOS="281" HPOS="1522"/>
							<String ID="string_24" HPOS="1555" VPOS="283" WIDTH="49" HEIGHT="27" WC="0.85" CONTENT="ett"/>
						</TextLine>
						<TextLine ID="line_3" HPOS="92" VPOS="331" WIDTH="1515" HEIGHT="41">
							<String ID="string_25" HPOS="92" VPOS="338" WIDTH="39" HEIGHT="31" WC="0.96" CONTENT="år"/><SP WIDTH="23" VPOS="338" HPOS="131"/>
							<String ID="string_26" HPOS="154" VPOS="339" WIDTH="11" HEIGHT="30" WC="0.96" CONTENT="i"/><SP WIDTH="26" VPOS="339" HPOS="165"/>
							<String ID="string_27" HPOS="191" VPOS="337" WIDTH="220" HEIGHT="32" WC="0.96" CONTENT="förhållande"/><SP WIDTH="25" VPOS="337" HPOS="411"/>
							<String ID="string_28" HPOS="436" VPOS="337" WIDTH="49" HEIGHT="30" WC="0.93" CONTENT="till"/><SP WIDTH="25" VPOS="337" HPOS="485"/>
							<String ID="string_29" HPOS="510" VPOS="335" WIDTH="385" HEIGHT="37" WC="0.91" CONTENT="vattenfallsstyrelsens"/><SP WIDTH="23" VPOS="335" HPOS="895"/>
							<String ID="string_30" HPOS="918" VPOS="334" WIDTH="110" HEIGHT="30" WC="0.96" CONTENT="första"/><SP WIDTH="24" VPOS="334" HPOS="1028"/>
							<String ID="string_31" HPOS="1052" VPOS="333" WIDTH="140" HEIGHT="36" WC="0.96" CONTENT="förslag."/><SP WIDTH="26" VPOS="333" HPOS="1192"/>
							<String ID="string_32" HPOS="1218" VPOS="333" WIDTH="100" HEIGHT="30" WC="0.96" CONTENT="Detta"/><SP WIDTH="23" VPOS="333" HPOS="1318"/>
							<String ID="string_33" HPOS="1341" VPOS="333" WIDTH="91" HEIGHT="30" WC="0.96" CONTENT="hade"/><SP WIDTH="23" VPOS="333" HPOS="1432"/>
							<String ID="string_34" HPOS="1455" VPOS="331" WIDTH="152" HEIGHT="31" WC="0.96" CONTENT="medfört"/>
						</TextLine>
						<TextLine ID="line_4" HPOS="93" VPOS="383" WIDTH="1512" HEIGHT="42">
							<String ID="string_35" HPOS="93" VPOS="390" WIDTH="166" HEIGHT="29" WC="0.96" CONTENT="liknande"/><SP WIDTH="18" VPOS="390" HPOS="259"/>
							<String ID="string_36" HPOS="277" VPOS="388" WIDTH="161" HEIGHT="37" WC="0.96" CONTENT="uppskov"/><SP WIDTH="22" VPOS="388" HPOS="438"/>
							<String ID="string_37" HPOS="460" VPOS="388" WIDTH="76" HEIGHT="29" WC="0.93" CONTENT="med"/><SP WIDTH="26" VPOS="388" HPOS="536"/>
							<String ID="string_38" HPOS="562" VPOS="386" WIDTH="272" HEIGHT="30" WC="0.91" CONTENT="Forsmoforsen."/><SP WIDTH="23" VPOS="386" HPOS="834"/>
							<String ID="string_39" HPOS="857" VPOS="384" WIDTH="387" HEIGHT="31" WC="0.92" CONTENT="Verkstadskonflikten"/><SP WIDTH="21" VPOS="384" HPOS="1244"/>
							<String ID="string_40" HPOS="1265" VPOS="384" WIDTH="90" HEIGHT="29" WC="0.96" CONTENT="hade"/><SP WIDTH="23" VPOS="384" HPOS="1355"/>
							<String ID="string_41" HPOS="1378" VPOS="383" WIDTH="104" HEIGHT="30" WC="0.93" CONTENT="vållat"/><SP WIDTH="22" VPOS="383" HPOS="1482"/>
							<String ID="string_42" HPOS="1504" VPOS="386" WIDTH="101" HEIGHT="33" WC="0.91" CONTENT="ytter-"/>
						</TextLine>
						<TextLine ID="line_5" HPOS="94" VPOS="434" WIDTH="1511" HEIGHT="43">
							<String ID="string_43" HPOS="94" VPOS="440" WIDTH="106" HEIGHT="36" WC="0.96" CONTENT="ligare"/><SP WIDTH="20" VPOS="440" HPOS="200"/>
							<String ID="string_44" HPOS="220" VPOS="438" WIDTH="166" HEIGHT="39" WC="0.95" CONTENT="dröjsmål"/><SP WIDTH="19" VPOS="438" HPOS="386"/>
							<String ID="string_45" HPOS="405" VPOS="438" WIDTH="79" HEIGHT="30" WC="0.95" CONTENT="med"/><SP WIDTH="20" VPOS="438" HPOS="484"/>
							<String ID="string_46" HPOS="504" VPOS="437" WIDTH="308" HEIGHT="36" WC="0.96" CONTENT="färdigställandet."/><SP WIDTH="23" VPOS="437" HPOS="812"/>
							<String ID="string_47" HPOS="835" VPOS="436" WIDTH="49" HEIGHT="30" WC="0.97" CONTENT="De"/><SP WIDTH="19" VPOS="436" HPOS="884"/>
							<String ID="string_48" HPOS="903" VPOS="435" WIDTH="175" HEIGHT="31" WC="0.93" CONTENT="ordinarie"/><SP WIDTH="21" VPOS="435" HPOS="1078"/>
							<String ID="string_49" HPOS="1099" VPOS="435" WIDTH="284" HEIGHT="36" WC="0.92" CONTENT="utbyggnaderna"/><SP WIDTH="20" VPOS="435" HPOS="1383"/>
							<String ID="string_50" HPOS="1403" VPOS="434" WIDTH="90" HEIGHT="30" WC="0.93" CONTENT="hade"/><SP WIDTH="19" VPOS="434" HPOS="1493"/>
							<String ID="string_51" HPOS="1512" VPOS="435" WIDTH="93" HEIGHT="28" WC="0.91" CONTENT="över-"/>
						</TextLine>
						<TextLine ID="line_6" HPOS="94" VPOS="483" WIDTH="1511" HEIGHT="43">
							<String ID="string_52" HPOS="94" VPOS="492" WIDTH="121" HEIGHT="30" WC="0.96" CONTENT="huvud"/><SP WIDTH="20" VPOS="492" HPOS="215"/>
							<String ID="string_53" HPOS="235" VPOS="494" WIDTH="90" HEIGHT="32" WC="0.96" CONTENT="taget"/><SP WIDTH="21" VPOS="494" HPOS="325"/>
							<String ID="string_54" HPOS="346" VPOS="490" WIDTH="200" HEIGHT="36" WC="0.96" CONTENT="begränsats"/><SP WIDTH="19" VPOS="490" HPOS="546"/>
							<String ID="string_55" HPOS="565" VPOS="488" WIDTH="112" HEIGHT="30" WC="0.96" CONTENT="under"/><SP WIDTH="21" VPOS="488" HPOS="677"/>
							<String ID="string_56" HPOS="698" VPOS="487" WIDTH="42" HEIGHT="30" WC="0.95" CONTENT="de"/><SP WIDTH="22" VPOS="487" HPOS="740"/>
							<String ID="string_57" HPOS="762" VPOS="490" WIDTH="134" HEIGHT="27" WC="0.96" CONTENT="senaste"/><SP WIDTH="19" VPOS="490" HPOS="896"/>
							<String ID="string_58" HPOS="915" VPOS="485" WIDTH="82" HEIGHT="31" WC="0.96" CONTENT="åren"/><SP WIDTH="20" VPOS="485" HPOS="997"/>
							<String ID="string_59" HPOS="1017" VPOS="484" WIDTH="46" HEIGHT="38" WC="0.96" CONTENT="på"/><SP WIDTH="18" VPOS="484" HPOS="1063"/>
							<String ID="string_60" HPOS="1081" VPOS="485" WIDTH="114" HEIGHT="36" WC="0.96" CONTENT="grund"/><SP WIDTH="21" VPOS="485" HPOS="1195"/>
							<String ID="string_61" HPOS="1216" VPOS="494" WIDTH="43" HEIGHT="21" WC="0.96" CONTENT="av"/><SP WIDTH="21" VPOS="494" HPOS="1259"/>
							<String ID="string_62" HPOS="1280" VPOS="485" WIDTH="69" HEIGHT="30" WC="0.96" CONTENT="den"/><SP WIDTH="21" VPOS="485" HPOS="1349"/>
							<String ID="string_63" HPOS="1370" VPOS="483" WIDTH="235" HEIGHT="37" WC="0.95" CONTENT="föreliggande"/>
						</TextLine>
						<TextLine ID="line_7" HPOS="95" VPOS="534" WIDTH="1508" HEIGHT="44">
							<String ID="string_64" HPOS="95" VPOS="540" WIDTH="408" HEIGHT="38" WC="0.91" CONTENT="knapphetssituationen"/><SP WIDTH="28" VPOS="540" HPOS="503"/>
							<String ID="string_65" HPOS="531" VPOS="540" WIDTH="10" HEIGHT="29" WC="0.96" CONTENT="i"/><SP WIDTH="28" VPOS="540" HPOS="541"/>
							<String ID="string_66" HPOS="569" VPOS="538" WIDTH="98" HEIGHT="37" WC="0.96" CONTENT="fråga"/><SP WIDTH="29" VPOS="538" HPOS="667"/>
							<String ID="string_67" HPOS="696" VPOS="548" WIDTH="58" HEIGHT="21" WC="0.95" CONTENT="om"/><SP WIDTH="30" VPOS="548" HPOS="754"/>
							<String ID="string_68" HPOS="784" VPOS="537" WIDTH="210" HEIGHT="31" WC="0.95" CONTENT="arbetskraft"/><SP WIDTH="30" VPOS="537" HPOS="994"/>
							<String ID="string_69" HPOS="1024" VPOS="537" WIDTH="66" HEIGHT="30" WC="0.93" CONTENT="och"/><SP WIDTH="29" VPOS="537" HPOS="1090"/>
							<String ID="string_70" HPOS="1119" VPOS="534" WIDTH="391" HEIGHT="39" WC="0.90" CONTENT="byggnadsmaterialier"/><SP WIDTH="27" VPOS="534" HPOS="1510"/>
							<String ID="string_71" HPOS="1537" VPOS="534" WIDTH="66" HEIGHT="30" WC="0.96" CONTENT="och"/>
						</TextLine>
						<TextLine ID="line_8" HPOS="95" VPOS="584" WIDTH="1510" HEIGHT="45">
							<String ID="string_72" HPOS="95" VPOS="593" WIDTH="51" HEIGHT="30" WC="0.96" CONTENT="till"/><SP WIDTH="21" VPOS="593" HPOS="146"/>
							<String ID="string_73" HPOS="167" VPOS="593" WIDTH="91" HEIGHT="36" WC="0.96" CONTENT="följd"/><SP WIDTH="19" VPOS="593" HPOS="258"/>
							<String ID="string_74" HPOS="277" VPOS="602" WIDTH="43" HEIGHT="20" WC="0.96" CONTENT="av"/><SP WIDTH="21" VPOS="602" HPOS="320"/>
							<String ID="string_75" HPOS="341" VPOS="595" WIDTH="49" HEIGHT="27" WC="0.96" CONTENT="att"/><SP WIDTH="20" VPOS="595" HPOS="390"/>
							<String ID="string_76" HPOS="410" VPOS="594" WIDTH="127" HEIGHT="28" WC="0.96" CONTENT="statens"/><SP WIDTH="20" VPOS="594" HPOS="537"/>
							<String ID="string_77" HPOS="557" VPOS="591" WIDTH="179" HEIGHT="29" WC="0.93" CONTENT="allmänna"/><SP WIDTH="23" VPOS="591" HPOS="736"/>
							<String ID="string_78" HPOS="759" VPOS="587" WIDTH="348" HEIGHT="37" WC="0.90" CONTENT="investeringspolitik"/><SP WIDTH="25" VPOS="587" HPOS="1107"/>
							<String ID="string_79" HPOS="1132" VPOS="585" WIDTH="177" HEIGHT="32" WC="0.96" CONTENT="framstått"/><SP WIDTH="20" VPOS="585" HPOS="1309"/>
							<String ID="string_80" HPOS="1329" VPOS="595" WIDTH="76" HEIGHT="23" WC="0.96" CONTENT="som"/><SP WIDTH="22" VPOS="595" HPOS="1405"/>
							<String ID="string_81" HPOS="1427" VPOS="584" WIDTH="178" HEIGHT="38" WC="0.96" CONTENT="påverkad"/>
						</TextLine>
						<TextLine ID="line_9" HPOS="96" VPOS="636" WIDTH="1508" HEIGHT="41">
							<String ID="string_82" HPOS="96" VPOS="654" WIDTH="42" HEIGHT="19" WC="0.96" CONTENT="av"/><SP WIDTH="19" VPOS="654" HPOS="138"/>
							<String ID="string_83" HPOS="157" VPOS="642" WIDTH="215" HEIGHT="32" WC="0.91" CONTENT="önskemålet"/><SP WIDTH="16" VPOS="642" HPOS="372"/>
							<String ID="string_84" HPOS="388" VPOS="646" WIDTH="49" HEIGHT="26" WC="0.96" CONTENT="att"/><SP WIDTH="16" VPOS="646" HPOS="437"/>
							<String ID="string_85" HPOS="453" VPOS="651" WIDTH="101" HEIGHT="26" WC="0.96" CONTENT="spara"/><SP WIDTH="17" VPOS="651" HPOS="554"/>
							<String ID="string_86" HPOS="571" VPOS="640" WIDTH="277" HEIGHT="31" WC="0.96" CONTENT="arbetstillfällen"/><SP WIDTH="17" VPOS="640" HPOS="848"/>
							<String ID="string_87" HPOS="865" VPOS="639" WIDTH="51" HEIGHT="31" WC="0.95" CONTENT="till"/><SP WIDTH="21" VPOS="639" HPOS="916"/>
							<String ID="string_88" HPOS="937" VPOS="639" WIDTH="66" HEIGHT="31" WC="0.93" CONTENT="den"/><SP WIDTH="16" VPOS="639" HPOS="1003"/>
							<String ID="string_89" HPOS="1019" VPOS="637" WIDTH="377" HEIGHT="36" WC="0.91" CONTENT="arbetslöshetsperiod,"/><SP WIDTH="20" VPOS="637" HPOS="1396"/>
							<String ID="string_90" HPOS="1416" VPOS="646" WIDTH="76" HEIGHT="21" WC="0.93" CONTENT="som"/><SP WIDTH="16" VPOS="646" HPOS="1492"/>
							<String ID="string_91" HPOS="1508" VPOS="636" WIDTH="96" HEIGHT="30" WC="0.92" CONTENT="befa-"/>
						</TextLine>
						<TextLine ID="line_10" HPOS="96" VPOS="686" WIDTH="1510" HEIGHT="43">
							<String ID="string_92" HPOS="96" VPOS="698" WIDTH="70" HEIGHT="27" WC="0.95" CONTENT="rats"/><SP WIDTH="26" VPOS="698" HPOS="166"/>
							<String ID="string_93" HPOS="192" VPOS="694" WIDTH="58" HEIGHT="31" WC="0.96" CONTENT="vid"/><SP WIDTH="27" VPOS="694" HPOS="250"/>
							<String ID="string_94" HPOS="277" VPOS="693" WIDTH="127" HEIGHT="36" WC="0.96" CONTENT="krigets"/><SP WIDTH="28" VPOS="693" HPOS="404"/>
							<String ID="string_95" HPOS="432" VPOS="692" WIDTH="238" HEIGHT="36" WC="0.92" CONTENT="upphörande."/><SP WIDTH="42" VPOS="692" HPOS="670"/>
							<String ID="string_96" HPOS="712" VPOS="691" WIDTH="116" HEIGHT="35" WC="0.95" CONTENT="Kriget"/><SP WIDTH="25" VPOS="691" HPOS="828"/>
							<String ID="string_97" HPOS="853" VPOS="690" WIDTH="11" HEIGHT="30" WC="0.96" CONTENT="i"/><SP WIDTH="26" VPOS="690" HPOS="864"/>
							<String ID="string_98" HPOS="890" VPOS="690" WIDTH="142" HEIGHT="35" WC="0.96" CONTENT="Europa"/><SP WIDTH="25" VPOS="690" HPOS="1032"/>
							<String ID="string_99" HPOS="1057" VPOS="689" WIDTH="93" HEIGHT="30" WC="0.96" CONTENT="hade"/><SP WIDTH="27" VPOS="689" HPOS="1150"/>
							<String ID="string_100" HPOS="1177" VPOS="688" WIDTH="191" HEIGHT="30" WC="0.95" CONTENT="emellertid"/><SP WIDTH="24" VPOS="688" HPOS="1368"/>
							<String ID="string_101" HPOS="1392" VPOS="686" WIDTH="66" HEIGHT="31" WC="0.96" CONTENT="fått"/><SP WIDTH="29" VPOS="686" HPOS="1458"/>
							<String ID="string_102" HPOS="1487" VPOS="688" WIDTH="119" HEIGHT="35" WC="0.96" CONTENT="längre"/>
						</TextLine>
						<TextLine ID="line_11" HPOS="96" VPOS="738" WIDTH="1508" HEIGHT="43">
							<String ID="string_103" HPOS="96" VPOS="745" WIDTH="218" HEIGHT="36" WC="0.96" CONTENT="varaktighet"/><SP WIDTH="27" VPOS="745" HPOS="314"/>
							<String ID="string_104" HPOS="341" VPOS="746" WIDTH="45" HEIGHT="28" WC="0.96" CONTENT="än"/><SP WIDTH="27" VPOS="746" HPOS="386"/>
							<String ID="string_105" HPOS="413" VPOS="753" WIDTH="82" HEIGHT="20" WC="0.96" CONTENT="man"/><SP WIDTH="25" VPOS="753" HPOS="495"/>
							<String ID="string_106" HPOS="520" VPOS="744" WIDTH="128" HEIGHT="28" WC="0.96" CONTENT="väntat."/><SP WIDTH="28" VPOS="744" HPOS="648"/>
							<String ID="string_107" HPOS="676" VPOS="742" WIDTH="75" HEIGHT="30" WC="0.96" CONTENT="Den"/><SP WIDTH="29" VPOS="742" HPOS="751"/>
							<String ID="string_108" HPOS="780" VPOS="745" WIDTH="91" HEIGHT="26" WC="0.96" CONTENT="stora"/><SP WIDTH="28" VPOS="745" HPOS="871"/>
							<String ID="string_109" HPOS="899" VPOS="740" WIDTH="131" HEIGHT="36" WC="0.96" CONTENT="ökning"/><SP WIDTH="25" VPOS="740" HPOS="1030"/>
							<String ID="string_110" HPOS="1055" VPOS="750" WIDTH="43" HEIGHT="20" WC="0.93" CONTENT="av"/><SP WIDTH="28" VPOS="750" HPOS="1098"/>
							<String ID="string_111" HPOS="1126" VPOS="738" WIDTH="376" HEIGHT="36" WC="0.91" CONTENT="kraftkonsumtionen,"/><SP WIDTH="27" VPOS="738" HPOS="1502"/>
							<String ID="string_112" HPOS="1529" VPOS="747" WIDTH="75" HEIGHT="21" WC="0.95" CONTENT="som"/>
						</TextLine>
						<TextLine ID="line_12" HPOS="96" VPOS="784" WIDTH="1509" HEIGHT="46">
							<String ID="string_113" HPOS="96" VPOS="796" WIDTH="256" HEIGHT="30" WC="0.91" CONTENT="kännetecknat"/><SP WIDTH="22" VPOS="796" HPOS="352"/>
							<String ID="string_114" HPOS="374" VPOS="793" WIDTH="187" HEIGHT="37" WC="0.95" CONTENT="krigsåren,"/><SP WIDTH="24" VPOS="793" HPOS="561"/>
							<String ID="string_115" HPOS="585" VPOS="794" WIDTH="91" HEIGHT="30" WC="0.96" CONTENT="hade"/><SP WIDTH="20" VPOS="794" HPOS="676"/>
							<String ID="string_116" HPOS="696" VPOS="792" WIDTH="120" HEIGHT="30" WC="0.96" CONTENT="därför"/><SP WIDTH="19" VPOS="792" HPOS="816"/>
							<String ID="string_117" HPOS="835" VPOS="792" WIDTH="138" HEIGHT="30" WC="0.96" CONTENT="fortsatt"/><SP WIDTH="19" VPOS="792" HPOS="973"/>
							<String ID="string_118" HPOS="992" VPOS="792" WIDTH="119" HEIGHT="35" WC="0.96" CONTENT="längre"/><SP WIDTH="23" VPOS="792" HPOS="1111"/>
							<String ID="string_119" HPOS="1134" VPOS="792" WIDTH="46" HEIGHT="29" WC="0.96" CONTENT="än"/><SP WIDTH="22" VPOS="792" HPOS="1180"/>
							<String ID="string_120" HPOS="1202" VPOS="799" WIDTH="76" HEIGHT="21" WC="0.93" CONTENT="som"/><SP WIDTH="22" VPOS="799" HPOS="1278"/>
							<String ID="string_121" HPOS="1300" VPOS="789" WIDTH="187" HEIGHT="31" WC="0.92" CONTENT="förutsetts."/><SP WIDTH="24" VPOS="789" HPOS="1487"/>
							<String ID="string_122" HPOS="1511" VPOS="784" WIDTH="94" HEIGHT="34" WC="0.90" CONTENT="Åter-"/>
						</TextLine>
						<TextLine ID="line_13" HPOS="96" VPOS="840" WIDTH="1508" HEIGHT="40">
							<String ID="string_123" HPOS="96" VPOS="847" WIDTH="210" HEIGHT="30" WC="0.91" CONTENT="hållsamhet"/><SP WIDTH="18" VPOS="847" HPOS="306"/>
							<String ID="string_124" HPOS="324" VPOS="845" WIDTH="222" HEIGHT="31" WC="0.92" CONTENT="beträffande"/><SP WIDTH="16" VPOS="845" HPOS="546"/>
							<String ID="string_125" HPOS="562" VPOS="843" WIDTH="287" HEIGHT="37" WC="0.92" CONTENT="utbyggnaderna"/><SP WIDTH="19" VPOS="843" HPOS="849"/>
							<String ID="string_126" HPOS="868" VPOS="843" WIDTH="65" HEIGHT="30" WC="0.96" CONTENT="och"/><SP WIDTH="20" VPOS="843" HPOS="933"/>
							<String ID="string_127" HPOS="953" VPOS="842" WIDTH="139" HEIGHT="30" WC="0.93" CONTENT="fortsatt"/><SP WIDTH="20" VPOS="842" HPOS="1092"/>
							<String ID="string_128" HPOS="1112" VPOS="840" WIDTH="413" HEIGHT="37" WC="0.90" CONTENT="krigstidselektrifiering"/><SP WIDTH="19" VPOS="840" HPOS="1525"/>
							<String ID="string_129" HPOS="1544" VPOS="840" WIDTH="60" HEIGHT="29" WC="0.91" CONTENT="ha-"/>
						</TextLine>
						<TextLine ID="line_14" HPOS="98" VPOS="892" WIDTH="1036" HEIGHT="38">
							<String ID="string_130" HPOS="98" VPOS="898" WIDTH="42" HEIGHT="30" WC="0.96" CONTENT="de"/><SP WIDTH="19" VPOS="898" HPOS="140"/>
							<String ID="string_131" HPOS="159" VPOS="898" WIDTH="201" HEIGHT="30" WC="0.96" CONTENT="medverkat"/><SP WIDTH="19" VPOS="898" HPOS="360"/>
							<String ID="string_132" HPOS="379" VPOS="896" WIDTH="49" HEIGHT="30" WC="0.95" CONTENT="till"/><SP WIDTH="22" VPOS="896" HPOS="428"/>
							<String ID="string_133" HPOS="450" VPOS="897" WIDTH="66" HEIGHT="29" WC="0.96" CONTENT="den"/><SP WIDTH="20" VPOS="897" HPOS="516"/>
							<String ID="string_134" HPOS="536" VPOS="895" WIDTH="166" HEIGHT="30" WC="0.93" CONTENT="befarade"/><SP WIDTH="20" VPOS="895" HPOS="702"/>
							<String ID="string_135" HPOS="722" VPOS="894" WIDTH="223" HEIGHT="36" WC="0.92" CONTENT="knappheten"/><SP WIDTH="22" VPOS="894" HPOS="945"/>
							<String ID="string_136" HPOS="967" VPOS="892" WIDTH="44" HEIGHT="37" WC="0.96" CONTENT="på"/><SP WIDTH="19" VPOS="892" HPOS="1011"/>
							<String ID="string_137" HPOS="1030" VPOS="892" WIDTH="104" HEIGHT="31" WC="0.96" CONTENT="kraft."/>
						</TextLine>
					</TextBlock>
					<TextBlock ID="block_2" HPOS="96" VPOS="941" WIDTH="1515" HEIGHT="295">
						<TextLine ID="line_15" HPOS="143" VPOS="941" WIDTH="1464" HEIGHT="43">
							<String ID="string_138" HPOS="143" VPOS="947" WIDTH="374" HEIGHT="37" WC="0.90" CONTENT="Vattenfallsstyrelsen"/><SP WIDTH="17" VPOS="947" HPOS="517"/>
							<String ID="string_139" HPOS="534" VPOS="956" WIDTH="102" HEIGHT="20" WC="0.96" CONTENT="anser"/><SP WIDTH="14" VPOS="956" HPOS="636"/>
							<String ID="string_140" HPOS="650" VPOS="945" WIDTH="160" HEIGHT="36" WC="0.96" CONTENT="åtgärder"/><SP WIDTH="14" VPOS="945" HPOS="810"/>
							<String ID="string_141" HPOS="824" VPOS="945" WIDTH="86" HEIGHT="29" WC="0.96" CONTENT="böra"/><SP WIDTH="15" VPOS="945" HPOS="910"/>
							<String ID="string_142" HPOS="925" VPOS="944" WIDTH="155" HEIGHT="36" WC="0.96" CONTENT="vidtagas"/><SP WIDTH="18" VPOS="944" HPOS="1080"/>
							<String ID="string_143" HPOS="1098" VPOS="944" WIDTH="58" HEIGHT="31" WC="0.93" CONTENT="för"/><SP WIDTH="16" VPOS="944" HPOS="1156"/>
							<String ID="string_144" HPOS="1172" VPOS="941" WIDTH="314" HEIGHT="32" WC="0.91" CONTENT="åstadkommande"/><SP WIDTH="17" VPOS="941" HPOS="1486"/>
							<String ID="string_145" HPOS="1503" VPOS="951" WIDTH="42" HEIGHT="20" WC="0.96" CONTENT="av"/><SP WIDTH="20" VPOS="951" HPOS="1545"/>
							<String ID="string_146" HPOS="1565" VPOS="949" WIDTH="42" HEIGHT="21" WC="0.96" CONTENT="en"/>
						</TextLine>
						<TextLine ID="line_16" HPOS="98" VPOS="993" WIDTH="1511" HEIGHT="36">
							<String ID="string_147" HPOS="98" VPOS="999" WIDTH="194" HEIGHT="30" WC="0.92" CONTENT="förbättrad"/><SP WIDTH="29" VPOS="999" HPOS="292"/>
							<String ID="string_148" HPOS="321" VPOS="997" WIDTH="226" HEIGHT="31" WC="0.91" CONTENT="kraftbalans."/><SP WIDTH="32" VPOS="997" HPOS="547"/>
							<String ID="string_149" HPOS="579" VPOS="996" WIDTH="68" HEIGHT="30" WC="0.96" CONTENT="För"/><SP WIDTH="29" VPOS="996" HPOS="647"/>
							<String ID="string_150" HPOS="676" VPOS="997" WIDTH="66" HEIGHT="29" WC="0.95" CONTENT="den"/><SP WIDTH="28" VPOS="997" HPOS="742"/>
							<String ID="string_151" HPOS="770" VPOS="996" WIDTH="91" HEIGHT="30" WC="0.95" CONTENT="skull"/><SP WIDTH="28" VPOS="996" HPOS="861"/>
							<String ID="string_152" HPOS="889" VPOS="996" WIDTH="106" HEIGHT="29" WC="0.96" CONTENT="borde"/><SP WIDTH="28" VPOS="996" HPOS="995"/>
							<String ID="string_153" HPOS="1023" VPOS="995" WIDTH="163" HEIGHT="30" WC="0.96" CONTENT="arbetena"/><SP WIDTH="27" VPOS="995" HPOS="1186"/>
							<String ID="string_154" HPOS="1213" VPOS="994" WIDTH="10" HEIGHT="30" WC="0.93" CONTENT="i"/><SP WIDTH="29" VPOS="994" HPOS="1223"/>
							<String ID="string_155" HPOS="1252" VPOS="993" WIDTH="263" HEIGHT="31" WC="0.90" CONTENT="Forsmoforsen"/><SP WIDTH="29" VPOS="993" HPOS="1515"/>
							<String ID="string_156" HPOS="1544" VPOS="993" WIDTH="65" HEIGHT="30" WC="0.96" CONTENT="och"/>
						</TextLine>
						<TextLine ID="line_17" HPOS="100" VPOS="1043" WIDTH="1508" HEIGHT="37">
							<String ID="string_157" HPOS="100" VPOS="1050" WIDTH="217" HEIGHT="30" WC="0.89" CONTENT="Hölleforsen"/><SP WIDTH="16" VPOS="1050" HPOS="317"/>
							<String ID="string_158" HPOS="333" VPOS="1049" WIDTH="159" HEIGHT="30" WC="0.96" CONTENT="bedrivas"/><SP WIDTH="18" VPOS="1049" HPOS="492"/>
							<String ID="string_159" HPOS="510" VPOS="1049" WIDTH="10" HEIGHT="29" WC="0.96" CONTENT="i"/><SP WIDTH="21" VPOS="1049" HPOS="520"/>
							<String ID="string_160" HPOS="541" VPOS="1047" WIDTH="172" HEIGHT="30" WC="0.96" CONTENT="snabbare"/><SP WIDTH="19" VPOS="1047" HPOS="713"/>
							<String ID="string_161" HPOS="732" VPOS="1047" WIDTH="73" HEIGHT="30" WC="0.96" CONTENT="takt"/><SP WIDTH="19" VPOS="1047" HPOS="805"/>
							<String ID="string_162" HPOS="824" VPOS="1047" WIDTH="45" HEIGHT="29" WC="0.95" CONTENT="än"/><SP WIDTH="19" VPOS="1047" HPOS="869"/>
							<String ID="string_163" HPOS="888" VPOS="1046" WIDTH="68" HEIGHT="29" WC="0.96" CONTENT="vad"/><SP WIDTH="18" VPOS="1046" HPOS="956"/>
							<String ID="string_164" HPOS="974" VPOS="1055" WIDTH="74" HEIGHT="20" WC="0.96" CONTENT="som"/><SP WIDTH="19" VPOS="1055" HPOS="1048"/>
							<String ID="string_165" HPOS="1067" VPOS="1045" WIDTH="120" HEIGHT="30" WC="0.96" CONTENT="hittills"/><SP WIDTH="22" VPOS="1045" HPOS="1187"/>
							<String ID="string_166" HPOS="1209" VPOS="1044" WIDTH="88" HEIGHT="30" WC="0.96" CONTENT="varit"/><SP WIDTH="19" VPOS="1044" HPOS="1297"/>
							<String ID="string_167" HPOS="1316" VPOS="1044" WIDTH="168" HEIGHT="30" WC="0.96" CONTENT="avsikten."/><SP WIDTH="23" VPOS="1044" HPOS="1484"/>
							<String ID="string_168" HPOS="1507" VPOS="1043" WIDTH="101" HEIGHT="29" WC="0.96" CONTENT="Detta"/>
						</TextLine>
						<TextLine ID="line_18" HPOS="98" VPOS="1093" WIDTH="1511" HEIGHT="43">
							<String ID="string_169" HPOS="98" VPOS="1100" WIDTH="94" HEIGHT="36" WC="0.95" CONTENT="finge"/><SP WIDTH="21" VPOS="1100" HPOS="192"/>
							<String ID="string_170" HPOS="213" VPOS="1100" WIDTH="50" HEIGHT="30" WC="0.95" CONTENT="till"/><SP WIDTH="20" VPOS="1100" HPOS="263"/>
							<String ID="string_171" HPOS="283" VPOS="1099" WIDTH="89" HEIGHT="36" WC="0.96" CONTENT="följd"/><SP WIDTH="22" VPOS="1099" HPOS="372"/>
							<String ID="string_172" HPOS="394" VPOS="1102" WIDTH="48" HEIGHT="26" WC="0.96" CONTENT="att"/><SP WIDTH="21" VPOS="1102" HPOS="442"/>
							<String ID="string_173" HPOS="463" VPOS="1099" WIDTH="118" HEIGHT="34" WC="0.93" CONTENT="anslag"/><SP WIDTH="18" VPOS="1099" HPOS="581"/>
							<String ID="string_174" HPOS="599" VPOS="1097" WIDTH="220" HEIGHT="30" WC="0.90" CONTENT="erfordrades"/><SP WIDTH="20" VPOS="1097" HPOS="819"/>
							<String ID="string_175" HPOS="839" VPOS="1096" WIDTH="21" HEIGHT="30" WC="0.88" CONTENT="å"/><SP WIDTH="21" VPOS="1096" HPOS="860"/>
							<String ID="string_176" HPOS="881" VPOS="1096" WIDTH="203" HEIGHT="36" WC="0.92" CONTENT="tilläggsstat"/><SP WIDTH="18" VPOS="1096" HPOS="1084"/>
							<String ID="string_177" HPOS="1102" VPOS="1095" WIDTH="235" HEIGHT="30" WC="0.95" CONTENT="innevarande"/><SP WIDTH="19" VPOS="1095" HPOS="1337"/>
							<String ID="string_178" HPOS="1356" VPOS="1093" WIDTH="176" HEIGHT="38" WC="0.93" CONTENT="budgetår."/><SP WIDTH="22" VPOS="1093" HPOS="1532"/>
							<String ID="string_179" HPOS="1554" VPOS="1094" WIDTH="55" HEIGHT="29" WC="0.93" CONTENT="Vi-"/>
						</TextLine>
						<TextLine ID="line_19" HPOS="98" VPOS="1144" WIDTH="1513" HEIGHT="39">
							<String ID="string_180" HPOS="98" VPOS="1152" WIDTH="83" HEIGHT="29" WC="0.96" CONTENT="dare"/><SP WIDTH="26" VPOS="1152" HPOS="181"/>
							<String ID="string_181" HPOS="207" VPOS="1150" WIDTH="106" HEIGHT="30" WC="0.96" CONTENT="borde"/><SP WIDTH="25" VPOS="1150" HPOS="313"/>
							<String ID="string_182" HPOS="338" VPOS="1149" WIDTH="248" HEIGHT="30" WC="0.95" CONTENT="förberedelser"/><SP WIDTH="25" VPOS="1149" HPOS="586"/>
							<String ID="string_183" HPOS="611" VPOS="1148" WIDTH="155" HEIGHT="35" WC="0.96" CONTENT="vidtagas"/><SP WIDTH="26" VPOS="1148" HPOS="766"/>
							<String ID="string_184" HPOS="792" VPOS="1147" WIDTH="57" HEIGHT="30" WC="0.93" CONTENT="vid"/><SP WIDTH="27" VPOS="1147" HPOS="849"/>
							<String ID="string_185" HPOS="876" VPOS="1145" WIDTH="236" HEIGHT="38" WC="0.92" CONTENT="Harsprånget"/><SP WIDTH="24" VPOS="1145" HPOS="1112"/>
							<String ID="string_186" HPOS="1136" VPOS="1146" WIDTH="80" HEIGHT="30" WC="0.96" CONTENT="eller"/><SP WIDTH="25" VPOS="1146" HPOS="1216"/>
							<String ID="string_187" HPOS="1241" VPOS="1144" WIDTH="104" HEIGHT="37" WC="0.96" CONTENT="något"/><SP WIDTH="26" VPOS="1144" HPOS="1345"/>
							<String ID="string_188" HPOS="1371" VPOS="1149" WIDTH="106" HEIGHT="26" WC="0.96" CONTENT="annat"/><SP WIDTH="26" VPOS="1149" HPOS="1477"/>
							<String ID="string_189" HPOS="1503" VPOS="1146" WIDTH="108" HEIGHT="28" WC="0.96" CONTENT="större"/>
						</TextLine>
						<TextLine ID="line_20" HPOS="96" VPOS="1195" WIDTH="1503" HEIGHT="41">
							<String ID="string_190" HPOS="96" VPOS="1201" WIDTH="224" HEIGHT="31" WC="0.94" CONTENT="norrländskt"/><SP WIDTH="30" VPOS="1201" HPOS="320"/>
							<String ID="string_191" HPOS="350" VPOS="1200" WIDTH="71" HEIGHT="36" WC="0.95" CONTENT="fall,"/><SP WIDTH="30" VPOS="1200" HPOS="421"/>
							<String ID="string_192" HPOS="451" VPOS="1200" WIDTH="36" HEIGHT="30" WC="0.96" CONTENT="så"/><SP WIDTH="27" VPOS="1200" HPOS="487"/>
							<String ID="string_193" HPOS="514" VPOS="1203" WIDTH="47" HEIGHT="26" WC="0.96" CONTENT="att"/><SP WIDTH="28" VPOS="1203" HPOS="561"/>
							<String ID="string_194" HPOS="589" VPOS="1199" WIDTH="94" HEIGHT="30" WC="0.96" CONTENT="kraft"/><SP WIDTH="28" VPOS="1199" HPOS="683"/>
							<String ID="string_195" HPOS="711" VPOS="1199" WIDTH="116" HEIGHT="30" WC="0.96" CONTENT="kunde"/><SP WIDTH="25" VPOS="1199" HPOS="827"/>
							<String ID="string_196" HPOS="852" VPOS="1198" WIDTH="101" HEIGHT="36" WC="0.96" CONTENT="börja"/><SP WIDTH="28" VPOS="1198" HPOS="953"/>
							<String ID="string_197" HPOS="981" VPOS="1198" WIDTH="167" HEIGHT="29" WC="0.96" CONTENT="levereras"/><SP WIDTH="29" VPOS="1198" HPOS="1148"/>
							<String ID="string_198" HPOS="1177" VPOS="1195" WIDTH="157" HEIGHT="32" WC="0.96" CONTENT="därifrån"/><SP WIDTH="28" VPOS="1195" HPOS="1334"/>
							<String ID="string_199" HPOS="1362" VPOS="1196" WIDTH="121" HEIGHT="30" WC="0.96" CONTENT="hösten"/><SP WIDTH="33" VPOS="1196" HPOS="1483"/>
							<String ID="string_200" HPOS="1516" VPOS="1195" WIDTH="83" HEIGHT="30" WC="0.95" CONTENT="1950"/>
						</TextLine>
					</TextBlock>
					<TextBlock ID="block_3" HPOS="144" VPOS="1245" WIDTH="1443" HEIGHT="44">
						<TextLine ID="line_21" HPOS="144" VPOS="1245" WIDTH="1443" HEIGHT="44">
							<String ID="string_201" HPOS="144" VPOS="1251" WIDTH="388" HEIGHT="38" WC="0.91" CONTENT="Departementschefen"/><SP WIDTH="21" VPOS="1251" HPOS="532"/>
							<String ID="string_202" HPOS="553" VPOS="1250" WIDTH="64" HEIGHT="30" WC="0.96" CONTENT="har"/><SP WIDTH="21" VPOS="1250" HPOS="617"/>
							<String ID="string_203" HPOS="638" VPOS="1250" WIDTH="10" HEIGHT="29" WC="0.96" CONTENT="i"/><SP WIDTH="21" VPOS="1250" HPOS="648"/>
							<String ID="string_204" HPOS="669" VPOS="1249" WIDTH="198" HEIGHT="36" WC="0.96" CONTENT="anslutning"/><SP WIDTH="22" VPOS="1249" HPOS="867"/>
							<String ID="string_205" HPOS="889" VPOS="1248" WIDTH="118" HEIGHT="30" WC="0.96" CONTENT="härtill"/><SP WIDTH="21" VPOS="1248" HPOS="1007"/>
							<String ID="string_206" HPOS="1028" VPOS="1247" WIDTH="117" HEIGHT="30" WC="0.96" CONTENT="anfört"/><SP WIDTH="19" VPOS="1247" HPOS="1145"/>
							<String ID="string_207" HPOS="1164" VPOS="1247" WIDTH="108" HEIGHT="30" WC="0.96" CONTENT="bland"/><SP WIDTH="20" VPOS="1247" HPOS="1272"/>
							<String ID="string_208" HPOS="1292" VPOS="1250" WIDTH="108" HEIGHT="26" WC="0.96" CONTENT="annat"/><SP WIDTH="22" VPOS="1250" HPOS="1400"/>
							<String ID="string_209" HPOS="1422" VPOS="1245" WIDTH="165" HEIGHT="37" WC="0.96" CONTENT="följande."/>
						</TextLine>
					</TextBlock>
					<TextBlock ID="block_4" HPOS="98" VPOS="1305" WIDTH="1518" HEIGHT="641">
						<TextLine ID="line_22" HPOS="144" VPOS="1305" WIDTH="1465" HEIGHT="40">
							<String ID="string_210" HPOS="144" VPOS="1311" WIDTH="113" HEIGHT="30" WC="0.93" CONTENT="Sedan"/><SP WIDTH="27" VPOS="1311" HPOS="257"/>
							<String ID="string_211" HPOS="284" VPOS="1309" WIDTH="366" HEIGHT="36" WC="0.90" CONTENT="vattenfallsstyrelsen"/><SP WIDTH="28" VPOS="1309" HPOS="650"/>
							<String ID="string_212" HPOS="678" VPOS="1316" WIDTH="108" HEIGHT="28" WC="0.96" CONTENT="avgav"/><SP WIDTH="28" VPOS="1316" HPOS="786"/>
							<String ID="string_213" HPOS="814" VPOS="1308" WIDTH="53" HEIGHT="30" WC="0.96" CONTENT="sin"/><SP WIDTH="28" VPOS="1308" HPOS="867"/>
							<String ID="string_214" HPOS="895" VPOS="1317" WIDTH="81" HEIGHT="27" WC="0.96" CONTENT="nyss"/><SP WIDTH="27" VPOS="1317" HPOS="976"/>
							<String ID="string_215" HPOS="1003" VPOS="1306" WIDTH="178" HEIGHT="37" WC="0.96" CONTENT="återgivna"/><SP WIDTH="24" VPOS="1306" HPOS="1181"/>
							<String ID="string_216" HPOS="1205" VPOS="1305" WIDTH="215" HEIGHT="36" WC="0.96" CONTENT="redogörelse"/><SP WIDTH="28" VPOS="1305" HPOS="1420"/>
							<String ID="string_217" HPOS="1448" VPOS="1305" WIDTH="64" HEIGHT="29" WC="0.92" CONTENT="har"/><SP WIDTH="26" VPOS="1305" HPOS="1512"/>
							<String ID="string_218" HPOS="1538" VPOS="1308" WIDTH="71" HEIGHT="26" WC="0.91" CONTENT="vat-"/>
						</TextLine>
						<TextLine ID="line_23" HPOS="98" VPOS="1348" WIDTH="1514" HEIGHT="40">
							<String ID="string_219" HPOS="98" VPOS="1353" WIDTH="365" HEIGHT="31" WC="0.91" CONTENT="tenkraftsituationen"/><SP WIDTH="18" VPOS="1353" HPOS="463"/>
							<String ID="string_220" HPOS="481" VPOS="1352" WIDTH="103" HEIGHT="36" WC="0.96" CONTENT="något"/><SP WIDTH="17" VPOS="1352" HPOS="584"/>
							<String ID="string_221" HPOS="601" VPOS="1352" WIDTH="205" HEIGHT="30" WC="0.96" CONTENT="försämrats"/><SP WIDTH="20" VPOS="1352" HPOS="806"/>
							<String ID="string_222" HPOS="826" VPOS="1350" WIDTH="46" HEIGHT="37" WC="0.96" CONTENT="på"/><SP WIDTH="19" VPOS="1350" HPOS="872"/>
							<String ID="string_223" HPOS="891" VPOS="1350" WIDTH="112" HEIGHT="37" WC="0.96" CONTENT="grund"/><SP WIDTH="19" VPOS="1350" HPOS="1003"/>
							<String ID="string_224" HPOS="1022" VPOS="1359" WIDTH="42" HEIGHT="21" WC="0.96" CONTENT="av"/><SP WIDTH="19" VPOS="1359" HPOS="1064"/>
							<String ID="string_225" HPOS="1083" VPOS="1352" WIDTH="50" HEIGHT="28" WC="0.96" CONTENT="att"/><SP WIDTH="17" VPOS="1352" HPOS="1133"/>
							<String ID="string_226" HPOS="1150" VPOS="1348" WIDTH="238" HEIGHT="31" WC="0.96" CONTENT="nederbörden"/><SP WIDTH="19" VPOS="1348" HPOS="1388"/>
							<String ID="string_227" HPOS="1407" VPOS="1348" WIDTH="111" HEIGHT="30" WC="0.93" CONTENT="under"/><SP WIDTH="14" VPOS="1348" HPOS="1518"/>
							<String ID="string_228" HPOS="1532" VPOS="1348" WIDTH="80" HEIGHT="29" WC="0.89" CONTENT="hös-"/>
						</TextLine>
						<TextLine ID="line_24" HPOS="98" VPOS="1391" WIDTH="1513" HEIGHT="41">
							<String ID="string_229" HPOS="98" VPOS="1400" WIDTH="59" HEIGHT="26" WC="0.96" CONTENT="ten"/><SP WIDTH="19" VPOS="1400" HPOS="157"/>
							<String ID="string_230" HPOS="176" VPOS="1396" WIDTH="89" HEIGHT="30" WC="0.96" CONTENT="varit"/><SP WIDTH="17" VPOS="1396" HPOS="265"/>
							<String ID="string_231" HPOS="282" VPOS="1396" WIDTH="108" HEIGHT="36" WC="0.95" CONTENT="ringa,"/><SP WIDTH="21" VPOS="1396" HPOS="390"/>
							<String ID="string_232" HPOS="411" VPOS="1395" WIDTH="104" HEIGHT="30" WC="0.96" CONTENT="vilket"/><SP WIDTH="18" VPOS="1395" HPOS="515"/>
							<String ID="string_233" HPOS="533" VPOS="1394" WIDTH="151" HEIGHT="30" WC="0.96" CONTENT="medfört"/><SP WIDTH="20" VPOS="1394" HPOS="684"/>
							<String ID="string_234" HPOS="704" VPOS="1397" WIDTH="48" HEIGHT="28" WC="0.96" CONTENT="att"/><SP WIDTH="19" VPOS="1397" HPOS="752"/>
							<String ID="string_235" HPOS="771" VPOS="1392" WIDTH="253" HEIGHT="32" WC="0.95" CONTENT="vattenståndet"/><SP WIDTH="25" VPOS="1392" HPOS="1024"/>
							<String ID="string_236" HPOS="1049" VPOS="1393" WIDTH="4" HEIGHT="29" WC="0.96" CONTENT="i"/><SP WIDTH="20" VPOS="1393" HPOS="1053"/>
							<String ID="string_237" HPOS="1073" VPOS="1391" WIDTH="127" HEIGHT="37" WC="0.96" CONTENT="många"/><SP WIDTH="19" VPOS="1391" HPOS="1200"/>
							<String ID="string_238" HPOS="1219" VPOS="1401" WIDTH="42" HEIGHT="20" WC="0.93" CONTENT="av"/><SP WIDTH="17" VPOS="1401" HPOS="1261"/>
							<String ID="string_239" HPOS="1278" VPOS="1391" WIDTH="241" HEIGHT="30" WC="0.89" CONTENT="kraftverkens"/><SP WIDTH="19" VPOS="1391" HPOS="1519"/>
							<String ID="string_240" HPOS="1538" VPOS="1398" WIDTH="73" HEIGHT="27" WC="0.92" CONTENT="reg-"/>
						</TextLine>
						<TextLine ID="line_25" HPOS="100" VPOS="1432" WIDTH="1513" HEIGHT="44">
							<String ID="string_241" HPOS="100" VPOS="1439" WIDTH="222" HEIGHT="36" WC="0.91" CONTENT="leringssjöar"/><SP WIDTH="31" VPOS="1439" HPOS="322"/>
							<String ID="string_242" HPOS="353" VPOS="1438" WIDTH="141" HEIGHT="38" WC="0.96" CONTENT="sjunkit."/><SP WIDTH="32" VPOS="1438" HPOS="494"/>
							<String ID="string_243" HPOS="526" VPOS="1438" WIDTH="13" HEIGHT="29" WC="0.95" CONTENT="I"/><SP WIDTH="31" VPOS="1438" HPOS="539"/>
							<String ID="string_244" HPOS="570" VPOS="1437" WIDTH="167" HEIGHT="30" WC="0.96" CONTENT="händelse"/><SP WIDTH="31" VPOS="1437" HPOS="737"/>
							<String ID="string_245" HPOS="768" VPOS="1437" WIDTH="157" HEIGHT="29" WC="0.93" CONTENT="normala"/><SP WIDTH="32" VPOS="1437" HPOS="925"/>
							<String ID="string_246" HPOS="957" VPOS="1434" WIDTH="362" HEIGHT="31" WC="0.90" CONTENT="vattenförhållanden"/><SP WIDTH="29" VPOS="1434" HPOS="1319"/>
							<String ID="string_247" HPOS="1348" VPOS="1443" WIDTH="80" HEIGHT="20" WC="0.96" CONTENT="vore"/><SP WIDTH="31" VPOS="1443" HPOS="1428"/>
							<String ID="string_248" HPOS="1459" VPOS="1432" WIDTH="154" HEIGHT="30" WC="0.96" CONTENT="rådande"/>
						</TextLine>
						<TextLine ID="line_26" HPOS="101" VPOS="1474" WIDTH="1511" HEIGHT="43">
							<String ID="string_249" HPOS="101" VPOS="1483" WIDTH="110" HEIGHT="29" WC="0.96" CONTENT="skulle"/><SP WIDTH="22" VPOS="1483" HPOS="211"/>
							<String ID="string_250" HPOS="233" VPOS="1482" WIDTH="88" HEIGHT="29" WC="0.92" CONTENT="dock"/><SP WIDTH="21" VPOS="1482" HPOS="321"/>
							<String ID="string_251" HPOS="342" VPOS="1480" WIDTH="354" HEIGHT="37" WC="0.91" CONTENT="kraftproduktionen"/><SP WIDTH="23" VPOS="1480" HPOS="696"/>
							<String ID="string_252" HPOS="719" VPOS="1479" WIDTH="55" HEIGHT="30" WC="0.96" CONTENT="för"/><SP WIDTH="21" VPOS="1479" HPOS="774"/>
							<String ID="string_253" HPOS="795" VPOS="1479" WIDTH="218" HEIGHT="30" WC="0.96" CONTENT="närvarande"/><SP WIDTH="20" VPOS="1479" HPOS="1013"/>
							<String ID="string_254" HPOS="1033" VPOS="1478" WIDTH="120" HEIGHT="29" WC="0.96" CONTENT="kunna"/><SP WIDTH="23" VPOS="1478" HPOS="1153"/>
							<String ID="string_255" HPOS="1176" VPOS="1477" WIDTH="84" HEIGHT="36" WC="0.96" CONTENT="fylla"/><SP WIDTH="24" VPOS="1477" HPOS="1260"/>
							<String ID="string_256" HPOS="1284" VPOS="1477" WIDTH="42" HEIGHT="29" WC="0.95" CONTENT="de"/><SP WIDTH="21" VPOS="1477" HPOS="1326"/>
							<String ID="string_257" HPOS="1347" VPOS="1479" WIDTH="92" HEIGHT="27" WC="0.95" CONTENT="stora"/><SP WIDTH="21" VPOS="1479" HPOS="1439"/>
							<String ID="string_258" HPOS="1460" VPOS="1474" WIDTH="152" HEIGHT="37" WC="0.96" CONTENT="anspråk"/>
						</TextLine>
						<TextLine ID="line_27" HPOS="101" VPOS="1518" WIDTH="1510" HEIGHT="42">
							<String ID="string_259" HPOS="101" VPOS="1535" WIDTH="76" HEIGHT="20" WC="0.96" CONTENT="som"/><SP WIDTH="19" VPOS="1535" HPOS="177"/>
							<String ID="string_260" HPOS="196" VPOS="1525" WIDTH="116" HEIGHT="30" WC="0.96" CONTENT="ställas"/><SP WIDTH="20" VPOS="1525" HPOS="312"/>
							<String ID="string_261" HPOS="332" VPOS="1522" WIDTH="45" HEIGHT="38" WC="0.96" CONTENT="på"/><SP WIDTH="20" VPOS="1522" HPOS="377"/>
							<String ID="string_262" HPOS="397" VPOS="1524" WIDTH="211" HEIGHT="29" WC="0.95" CONTENT="densamma."/><SP WIDTH="19" VPOS="1524" HPOS="608"/>
							<String ID="string_263" HPOS="627" VPOS="1523" WIDTH="165" HEIGHT="29" WC="0.96" CONTENT="Däremot"/><SP WIDTH="18" VPOS="1523" HPOS="792"/>
							<String ID="string_264" HPOS="810" VPOS="1520" WIDTH="109" HEIGHT="32" WC="0.96" CONTENT="måste"/><SP WIDTH="19" VPOS="1520" HPOS="919"/>
							<String ID="string_265" HPOS="938" VPOS="1531" WIDTH="82" HEIGHT="20" WC="0.96" CONTENT="man"/><SP WIDTH="18" VPOS="1531" HPOS="1020"/>
							<String ID="string_266" HPOS="1038" VPOS="1520" WIDTH="112" HEIGHT="30" WC="0.96" CONTENT="räkna"/><SP WIDTH="19" VPOS="1520" HPOS="1150"/>
							<String ID="string_267" HPOS="1169" VPOS="1520" WIDTH="89" HEIGHT="34" WC="0.96" CONTENT="med,"/><SP WIDTH="21" VPOS="1520" HPOS="1258"/>
							<String ID="string_268" HPOS="1279" VPOS="1522" WIDTH="48" HEIGHT="27" WC="0.96" CONTENT="att"/><SP WIDTH="18" VPOS="1522" HPOS="1327"/>
							<String ID="string_269" HPOS="1345" VPOS="1519" WIDTH="111" HEIGHT="29" WC="0.96" CONTENT="under"/><SP WIDTH="19" VPOS="1519" HPOS="1456"/>
							<String ID="string_270" HPOS="1475" VPOS="1518" WIDTH="42" HEIGHT="29" WC="0.93" CONTENT="de"/><SP WIDTH="17" VPOS="1518" HPOS="1517"/>
							<String ID="string_271" HPOS="1534" VPOS="1518" WIDTH="77" HEIGHT="29" WC="0.92" CONTENT="när-"/>
						</TextLine>
						<TextLine ID="line_28" HPOS="100" VPOS="1559" WIDTH="1511" HEIGHT="39">
							<String ID="string_272" HPOS="100" VPOS="1571" WIDTH="110" HEIGHT="27" WC="0.96" CONTENT="maste"/><SP WIDTH="24" VPOS="1571" HPOS="210"/>
							<String ID="string_273" HPOS="234" VPOS="1566" WIDTH="83" HEIGHT="31" WC="0.96" CONTENT="åren"/><SP WIDTH="24" VPOS="1566" HPOS="317"/>
							<String ID="string_274" HPOS="341" VPOS="1567" WIDTH="148" HEIGHT="29" WC="0.96" CONTENT="behovet"/><SP WIDTH="23" VPOS="1567" HPOS="489"/>
							<String ID="string_275" HPOS="512" VPOS="1575" WIDTH="42" HEIGHT="20" WC="0.96" CONTENT="av"/><SP WIDTH="27" VPOS="1575" HPOS="554"/>
							<String ID="string_276" HPOS="581" VPOS="1565" WIDTH="95" HEIGHT="29" WC="0.96" CONTENT="kraft"/><SP WIDTH="26" VPOS="1565" HPOS="676"/>
							<String ID="string_277" HPOS="702" VPOS="1565" WIDTH="70" HEIGHT="29" WC="0.96" CONTENT="kan"/><SP WIDTH="25" VPOS="1565" HPOS="772"/>
							<String ID="string_278" HPOS="797" VPOS="1565" WIDTH="142" HEIGHT="29" WC="0.96" CONTENT="komma"/><SP WIDTH="26" VPOS="1565" HPOS="939"/>
							<String ID="string_279" HPOS="965" VPOS="1567" WIDTH="49" HEIGHT="26" WC="0.96" CONTENT="att"/><SP WIDTH="25" VPOS="1567" HPOS="1014"/>
							<String ID="string_280" HPOS="1039" VPOS="1564" WIDTH="87" HEIGHT="29" WC="0.96" CONTENT="växa"/><SP WIDTH="26" VPOS="1564" HPOS="1126"/>
							<String ID="string_281" HPOS="1152" VPOS="1562" WIDTH="170" HEIGHT="30" WC="0.96" CONTENT="snabbare"/><SP WIDTH="23" VPOS="1562" HPOS="1322"/>
							<String ID="string_282" HPOS="1345" VPOS="1562" WIDTH="45" HEIGHT="29" WC="0.96" CONTENT="än"/><SP WIDTH="26" VPOS="1562" HPOS="1390"/>
							<String ID="string_283" HPOS="1416" VPOS="1559" WIDTH="195" HEIGHT="37" WC="0.96" CONTENT="tillgången,"/>
						</TextLine>
						<TextLine ID="line_29" HPOS="101" VPOS="1602" WIDTH="1512" HEIGHT="40">
							<String ID="string_284" HPOS="101" VPOS="1611" WIDTH="109" HEIGHT="30" WC="0.95" CONTENT="sådan"/><SP WIDTH="24" VPOS="1611" HPOS="210"/>
							<String ID="string_285" HPOS="234" VPOS="1610" WIDTH="113" HEIGHT="30" WC="0.96" CONTENT="denna"/><SP WIDTH="22" VPOS="1610" HPOS="347"/>
							<String ID="string_286" HPOS="369" VPOS="1608" WIDTH="44" HEIGHT="31" WC="0.96" CONTENT="då"/><SP WIDTH="22" VPOS="1608" HPOS="413"/>
							<String ID="string_287" HPOS="435" VPOS="1609" WIDTH="158" HEIGHT="30" WC="0.96" CONTENT="kommer"/><SP WIDTH="24" VPOS="1609" HPOS="593"/>
							<String ID="string_288" HPOS="617" VPOS="1611" WIDTH="48" HEIGHT="27" WC="0.96" CONTENT="att"/><SP WIDTH="21" VPOS="1611" HPOS="665"/>
							<String ID="string_289" HPOS="686" VPOS="1617" WIDTH="83" HEIGHT="21" WC="0.96" CONTENT="vara"/><SP WIDTH="22" VPOS="1617" HPOS="769"/>
							<String ID="string_290" HPOS="791" VPOS="1607" WIDTH="85" HEIGHT="30" WC="0.96" CONTENT="efter"/><SP WIDTH="23" VPOS="1607" HPOS="876"/>
							<String ID="string_291" HPOS="899" VPOS="1616" WIDTH="42" HEIGHT="20" WC="0.96" CONTENT="en"/><SP WIDTH="23" VPOS="1616" HPOS="941"/>
							<String ID="string_292" HPOS="964" VPOS="1605" WIDTH="199" HEIGHT="37" WC="0.96" CONTENT="utbyggnad"/><SP WIDTH="21" VPOS="1605" HPOS="1163"/>
							<String ID="string_293" HPOS="1184" VPOS="1605" WIDTH="11" HEIGHT="30" WC="0.96" CONTENT="i"/><SP WIDTH="21" VPOS="1605" HPOS="1195"/>
							<String ID="string_294" HPOS="1216" VPOS="1604" WIDTH="152" HEIGHT="36" WC="0.96" CONTENT="enlighet"/><SP WIDTH="23" VPOS="1604" HPOS="1368"/>
							<String ID="string_295" HPOS="1391" VPOS="1604" WIDTH="78" HEIGHT="29" WC="0.95" CONTENT="med"/><SP WIDTH="22" VPOS="1604" HPOS="1469"/>
							<String ID="string_296" HPOS="1491" VPOS="1602" WIDTH="122" HEIGHT="30" WC="0.95" CONTENT="hittills"/>
						</TextLine>
						<TextLine ID="line_30" HPOS="100" VPOS="1645" WIDTH="1514" HEIGHT="44">
							<String ID="string_297" HPOS="100" VPOS="1653" WIDTH="187" HEIGHT="36" WC="0.96" CONTENT="godkända"/><SP WIDTH="18" VPOS="1653" HPOS="287"/>
							<String ID="string_298" HPOS="305" VPOS="1653" WIDTH="130" HEIGHT="35" WC="0.96" CONTENT="planer."/><SP WIDTH="21" VPOS="1653" HPOS="435"/>
							<String ID="string_299" HPOS="456" VPOS="1651" WIDTH="118" HEIGHT="30" WC="0.90" CONTENT="Ehuru"/><SP WIDTH="18" VPOS="1651" HPOS="574"/>
							<String ID="string_300" HPOS="592" VPOS="1660" WIDTH="42" HEIGHT="21" WC="0.96" CONTENT="en"/><SP WIDTH="19" VPOS="1660" HPOS="634"/>
							<String ID="string_301" HPOS="653" VPOS="1650" WIDTH="171" HEIGHT="36" WC="0.96" CONTENT="forcering"/><SP WIDTH="18" VPOS="1650" HPOS="824"/>
							<String ID="string_302" HPOS="842" VPOS="1659" WIDTH="43" HEIGHT="21" WC="0.93" CONTENT="av"/><SP WIDTH="17" VPOS="1659" HPOS="885"/>
							<String ID="string_303" HPOS="902" VPOS="1649" WIDTH="285" HEIGHT="36" WC="0.91" CONTENT="utbyggnaderna"/><SP WIDTH="18" VPOS="1649" HPOS="1187"/>
							<String ID="string_304" HPOS="1205" VPOS="1648" WIDTH="11" HEIGHT="29" WC="0.96" CONTENT="i"/><SP WIDTH="15" VPOS="1648" HPOS="1216"/>
							<String ID="string_305" HPOS="1231" VPOS="1646" WIDTH="203" HEIGHT="31" WC="0.96" CONTENT="nuvarande"/><SP WIDTH="16" VPOS="1646" HPOS="1434"/>
							<String ID="string_306" HPOS="1450" VPOS="1646" WIDTH="74" HEIGHT="35" WC="0.96" CONTENT="läge"/><SP WIDTH="18" VPOS="1646" HPOS="1524"/>
							<String ID="string_307" HPOS="1542" VPOS="1645" WIDTH="72" HEIGHT="30" WC="0.96" CONTENT="kan"/>
						</TextLine>
						<TextLine ID="line_31" HPOS="102" VPOS="1688" WIDTH="1511" HEIGHT="43">
							<String ID="string_308" HPOS="102" VPOS="1697" WIDTH="95" HEIGHT="29" WC="0.96" CONTENT="möta"/><SP WIDTH="18" VPOS="1697" HPOS="197"/>
							<String ID="string_309" HPOS="215" VPOS="1695" WIDTH="274" HEIGHT="36" WC="0.96" CONTENT="betänkligheter"/><SP WIDTH="19" VPOS="1695" HPOS="489"/>
							<String ID="string_310" HPOS="508" VPOS="1703" WIDTH="42" HEIGHT="21" WC="0.96" CONTENT="ur"/><SP WIDTH="20" VPOS="1703" HPOS="550"/>
							<String ID="string_311" HPOS="570" VPOS="1694" WIDTH="95" HEIGHT="30" WC="0.96" CONTENT="olika"/><SP WIDTH="21" VPOS="1694" HPOS="665"/>
							<String ID="string_312" HPOS="686" VPOS="1693" WIDTH="225" HEIGHT="37" WC="0.95" CONTENT="synpunkter,"/><SP WIDTH="20" VPOS="1693" HPOS="911"/>
							<String ID="string_313" HPOS="931" VPOS="1692" WIDTH="59" HEIGHT="30" WC="0.96" CONTENT="vill"/><SP WIDTH="19" VPOS="1692" HPOS="990"/>
							<String ID="string_314" HPOS="1009" VPOS="1692" WIDTH="57" HEIGHT="37" WC="0.96" CONTENT="jag"/><SP WIDTH="21" VPOS="1692" HPOS="1066"/>
							<String ID="string_315" HPOS="1087" VPOS="1691" WIDTH="89" HEIGHT="30" WC="0.95" CONTENT="dock"/><SP WIDTH="19" VPOS="1691" HPOS="1176"/>
							<String ID="string_316" HPOS="1195" VPOS="1691" WIDTH="79" HEIGHT="29" WC="0.96" CONTENT="med"/><SP WIDTH="20" VPOS="1691" HPOS="1274"/>
							<String ID="string_317" HPOS="1294" VPOS="1690" WIDTH="138" HEIGHT="35" WC="0.96" CONTENT="hänsyn"/><SP WIDTH="19" VPOS="1690" HPOS="1432"/>
							<String ID="string_318" HPOS="1451" VPOS="1689" WIDTH="49" HEIGHT="29" WC="0.93" CONTENT="till"/><SP WIDTH="20" VPOS="1689" HPOS="1500"/>
							<String ID="string_319" HPOS="1520" VPOS="1688" WIDTH="93" HEIGHT="36" WC="0.92" CONTENT="bety-"/>
						</TextLine>
						<TextLine ID="line_32" HPOS="102" VPOS="1731" WIDTH="1510" HEIGHT="42">
							<String ID="string_320" HPOS="102" VPOS="1739" WIDTH="116" HEIGHT="30" WC="0.91" CONTENT="delsen"/><SP WIDTH="21" VPOS="1739" HPOS="218"/>
							<String ID="string_321" HPOS="239" VPOS="1738" WIDTH="54" HEIGHT="30" WC="0.96" CONTENT="för"/><SP WIDTH="21" VPOS="1738" HPOS="293"/>
							<String ID="string_322" HPOS="314" VPOS="1737" WIDTH="222" HEIGHT="36" WC="0.95" CONTENT="näringslivet"/><SP WIDTH="18" VPOS="1737" HPOS="536"/>
							<String ID="string_323" HPOS="554" VPOS="1737" WIDTH="67" HEIGHT="29" WC="0.96" CONTENT="och"/><SP WIDTH="20" VPOS="1737" HPOS="621"/>
							<String ID="string_324" HPOS="641" VPOS="1737" WIDTH="79" HEIGHT="29" WC="0.96" CONTENT="hela"/><SP WIDTH="21" VPOS="1737" HPOS="720"/>
							<String ID="string_325" HPOS="741" VPOS="1735" WIDTH="246" HEIGHT="35" WC="0.96" CONTENT="befolkningen"/><SP WIDTH="21" VPOS="1735" HPOS="987"/>
							<String ID="string_326" HPOS="1008" VPOS="1744" WIDTH="42" HEIGHT="20" WC="0.96" CONTENT="av"/><SP WIDTH="22" VPOS="1744" HPOS="1050"/>
							<String ID="string_327" HPOS="1072" VPOS="1743" WIDTH="42" HEIGHT="21" WC="0.96" CONTENT="en"/><SP WIDTH="21" VPOS="1743" HPOS="1114"/>
							<String ID="string_328" HPOS="1135" VPOS="1733" WIDTH="80" HEIGHT="30" WC="0.96" CONTENT="fullt"/><SP WIDTH="21" VPOS="1733" HPOS="1215"/>
							<String ID="string_329" HPOS="1236" VPOS="1732" WIDTH="182" HEIGHT="36" WC="0.96" CONTENT="tillräcklig"/><SP WIDTH="20" VPOS="1732" HPOS="1418"/>
							<String ID="string_330" HPOS="1438" VPOS="1731" WIDTH="65" HEIGHT="30" WC="0.93" CONTENT="och"/><SP WIDTH="19" VPOS="1731" HPOS="1503"/>
							<String ID="string_331" HPOS="1522" VPOS="1735" WIDTH="90" HEIGHT="32" WC="0.93" CONTENT="tryg-"/>
						</TextLine>
						<TextLine ID="line_33" HPOS="101" VPOS="1772" WIDTH="1513" HEIGHT="45">
							<String ID="string_332" HPOS="101" VPOS="1782" WIDTH="67" HEIGHT="35" WC="0.91" CONTENT="gad"/><SP WIDTH="28" VPOS="1782" HPOS="168"/>
							<String ID="string_333" HPOS="196" VPOS="1780" WIDTH="308" HEIGHT="37" WC="0.91" CONTENT="kraftproduktion"/><SP WIDTH="27" VPOS="1780" HPOS="504"/>
							<String ID="string_334" HPOS="531" VPOS="1780" WIDTH="138" HEIGHT="30" WC="0.95" CONTENT="ansluta"/><SP WIDTH="26" VPOS="1780" HPOS="669"/>
							<String ID="string_335" HPOS="695" VPOS="1778" WIDTH="70" HEIGHT="36" WC="0.95" CONTENT="mig"/><SP WIDTH="27" VPOS="1778" HPOS="765"/>
							<String ID="string_336" HPOS="792" VPOS="1778" WIDTH="50" HEIGHT="30" WC="0.93" CONTENT="till"/><SP WIDTH="25" VPOS="1778" HPOS="842"/>
							<String ID="string_337" HPOS="867" VPOS="1777" WIDTH="383" HEIGHT="35" WC="0.90" CONTENT="vattenfallsstyrelsens"/><SP WIDTH="28" VPOS="1777" HPOS="1250"/>
							<String ID="string_338" HPOS="1278" VPOS="1775" WIDTH="131" HEIGHT="35" WC="0.96" CONTENT="förslag"/><SP WIDTH="26" VPOS="1775" HPOS="1409"/>
							<String ID="string_339" HPOS="1435" VPOS="1783" WIDTH="57" HEIGHT="20" WC="0.95" CONTENT="om"/><SP WIDTH="26" VPOS="1783" HPOS="1492"/>
							<String ID="string_340" HPOS="1518" VPOS="1776" WIDTH="50" HEIGHT="27" WC="0.92" CONTENT="att"/><SP WIDTH="25" VPOS="1776" HPOS="1568"/>
							<String ID="string_341" HPOS="1593" VPOS="1772" WIDTH="21" HEIGHT="30" WC="0.92" CONTENT="å"/>
						</TextLine>
						<TextLine ID="line_34" HPOS="102" VPOS="1815" WIDTH="1511" HEIGHT="45">
							<String ID="string_342" HPOS="102" VPOS="1825" WIDTH="203" HEIGHT="35" WC="0.91" CONTENT="tilläggsstat"/><SP WIDTH="25" VPOS="1825" HPOS="305"/>
							<String ID="string_343" HPOS="330" VPOS="1823" WIDTH="50" HEIGHT="30" WC="0.93" CONTENT="till"/><SP WIDTH="23" VPOS="1823" HPOS="380"/>
							<String ID="string_344" HPOS="403" VPOS="1823" WIDTH="185" HEIGHT="29" WC="0.92" CONTENT="riksstaten"/><SP WIDTH="25" VPOS="1823" HPOS="588"/>
							<String ID="string_345" HPOS="613" VPOS="1822" WIDTH="55" HEIGHT="29" WC="0.96" CONTENT="för"/><SP WIDTH="23" VPOS="1822" HPOS="668"/>
							<String ID="string_346" HPOS="691" VPOS="1821" WIDTH="234" HEIGHT="30" WC="0.96" CONTENT="innevarande"/><SP WIDTH="23" VPOS="1821" HPOS="925"/>
							<String ID="string_347" HPOS="948" VPOS="1818" WIDTH="168" HEIGHT="37" WC="0.96" CONTENT="budgetår"/><SP WIDTH="26" VPOS="1818" HPOS="1116"/>
							<String ID="string_348" HPOS="1142" VPOS="1819" WIDTH="119" HEIGHT="34" WC="0.95" CONTENT="anslag"/><SP WIDTH="25" VPOS="1819" HPOS="1261"/>
							<String ID="string_349" HPOS="1286" VPOS="1817" WIDTH="136" HEIGHT="30" WC="0.96" CONTENT="anvisas"/><SP WIDTH="26" VPOS="1817" HPOS="1422"/>
							<String ID="string_350" HPOS="1448" VPOS="1816" WIDTH="55" HEIGHT="30" WC="0.93" CONTENT="för"/><SP WIDTH="23" VPOS="1816" HPOS="1503"/>
							<String ID="string_351" HPOS="1526" VPOS="1815" WIDTH="87" HEIGHT="36" WC="0.92" CONTENT="möj-"/>
						</TextLine>
						<TextLine ID="line_35" HPOS="103" VPOS="1859" WIDTH="1513" HEIGHT="44">
							<String ID="string_352" HPOS="103" VPOS="1867" WIDTH="199" HEIGHT="36" WC="0.92" CONTENT="liggörande"/><SP WIDTH="20" VPOS="1867" HPOS="302"/>
							<String ID="string_353" HPOS="322" VPOS="1876" WIDTH="42" HEIGHT="20" WC="0.96" CONTENT="av"/><SP WIDTH="21" VPOS="1876" HPOS="364"/>
							<String ID="string_354" HPOS="385" VPOS="1865" WIDTH="170" HEIGHT="30" WC="0.96" CONTENT="snabbare"/><SP WIDTH="20" VPOS="1865" HPOS="555"/>
							<String ID="string_355" HPOS="575" VPOS="1864" WIDTH="188" HEIGHT="30" WC="0.96" CONTENT="utförande"/><SP WIDTH="20" VPOS="1864" HPOS="763"/>
							<String ID="string_356" HPOS="783" VPOS="1872" WIDTH="42" HEIGHT="21" WC="0.96" CONTENT="av"/><SP WIDTH="20" VPOS="1872" HPOS="825"/>
							<String ID="string_357" HPOS="845" VPOS="1866" WIDTH="47" HEIGHT="27" WC="0.96" CONTENT="ett"/><SP WIDTH="20" VPOS="1866" HPOS="892"/>
							<String ID="string_358" HPOS="912" VPOS="1872" WIDTH="64" HEIGHT="26" WC="0.96" CONTENT="par"/><SP WIDTH="21" VPOS="1872" HPOS="976"/>
							<String ID="string_359" HPOS="997" VPOS="1862" WIDTH="107" HEIGHT="29" WC="0.96" CONTENT="redan"/><SP WIDTH="20" VPOS="1862" HPOS="1104"/>
							<String ID="string_360" HPOS="1124" VPOS="1860" WIDTH="190" HEIGHT="37" WC="0.93" CONTENT="påbörjade"/><SP WIDTH="20" VPOS="1860" HPOS="1314"/>
							<String ID="string_361" HPOS="1334" VPOS="1859" WIDTH="282" HEIGHT="35" WC="0.90" CONTENT="kraftverksbyg-"/>
						</TextLine>
						<TextLine ID="line_36" HPOS="104" VPOS="1904" WIDTH="964" HEIGHT="42">
							<String ID="string_362" HPOS="104" VPOS="1918" WIDTH="74" HEIGHT="28" WC="0.96" CONTENT="gen."/><SP WIDTH="22" VPOS="1918" HPOS="178"/>
							<String ID="string_363" HPOS="200" VPOS="1910" WIDTH="63" HEIGHT="35" WC="0.96" CONTENT="Jag"/><SP WIDTH="19" VPOS="1910" HPOS="263"/>
							<String ID="string_364" HPOS="282" VPOS="1909" WIDTH="97" HEIGHT="29" WC="0.96" CONTENT="torde"/><SP WIDTH="20" VPOS="1909" HPOS="379"/>
							<String ID="string_365" HPOS="399" VPOS="1917" WIDTH="119" HEIGHT="20" WC="0.96" CONTENT="senare"/><SP WIDTH="18" VPOS="1917" HPOS="518"/>
							<String ID="string_366" HPOS="536" VPOS="1908" WIDTH="9" HEIGHT="29" WC="0.96" CONTENT="i"/><SP WIDTH="23" VPOS="1908" HPOS="545"/>
							<String ID="string_367" HPOS="568" VPOS="1907" WIDTH="65" HEIGHT="35" WC="0.95" CONTENT="dag"/><SP WIDTH="19" VPOS="1907" HPOS="633"/>
							<String ID="string_368" HPOS="652" VPOS="1906" WIDTH="37" HEIGHT="30" WC="0.96" CONTENT="få"/><SP WIDTH="17" VPOS="1906" HPOS="689"/>
							<String ID="string_369" HPOS="706" VPOS="1905" WIDTH="216" HEIGHT="30" WC="0.95" CONTENT="återkomma"/><SP WIDTH="20" VPOS="1905" HPOS="922"/>
							<String ID="string_370" HPOS="942" VPOS="1904" WIDTH="126" HEIGHT="30" WC="0.92" CONTENT="härtill."/>
						</TextLine>
					</TextBlock>
					<TextBlock ID="block_5" HPOS="104" VPOS="1943" WIDTH="1514" HEIGHT="299">
						<TextLine ID="line_37" HPOS="149" VPOS="1943" WIDTH="1468" HEIGHT="43">
							<String ID="string_371" HPOS="149" VPOS="1952" WIDTH="49" HEIGHT="29" WC="0.96" CONTENT="Av"/><SP WIDTH="23" VPOS="1952" HPOS="198"/>
							<String ID="string_372" HPOS="221" VPOS="1952" WIDTH="55" HEIGHT="29" WC="0.96" CONTENT="det"/><SP WIDTH="23" VPOS="1952" HPOS="276"/>
							<String ID="string_373" HPOS="299" VPOS="1951" WIDTH="105" HEIGHT="35" WC="0.96" CONTENT="sagda"/><SP WIDTH="24" VPOS="1951" HPOS="404"/>
							<String ID="string_374" HPOS="428" VPOS="1950" WIDTH="111" HEIGHT="35" WC="0.96" CONTENT="följer,"/><SP WIDTH="24" VPOS="1950" HPOS="539"/>
							<String ID="string_375" HPOS="563" VPOS="1952" WIDTH="48" HEIGHT="26" WC="0.96" CONTENT="att"/><SP WIDTH="23" VPOS="1952" HPOS="611"/>
							<String ID="string_376" HPOS="634" VPOS="1949" WIDTH="57" HEIGHT="37" WC="0.96" CONTENT="jag"/><SP WIDTH="21" VPOS="1949" HPOS="691"/>
							<String ID="string_377" HPOS="712" VPOS="1948" WIDTH="30" HEIGHT="37" WC="0.96" CONTENT="ej"/><SP WIDTH="23" VPOS="1948" HPOS="742"/>
							<String ID="string_378" HPOS="765" VPOS="1949" WIDTH="106" HEIGHT="28" WC="0.96" CONTENT="heller"/><SP WIDTH="22" VPOS="1949" HPOS="871"/>
							<String ID="string_379" HPOS="893" VPOS="1948" WIDTH="65" HEIGHT="28" WC="0.96" CONTENT="har"/><SP WIDTH="21" VPOS="1948" HPOS="958"/>
							<String ID="string_380" HPOS="979" VPOS="1946" WIDTH="103" HEIGHT="35" WC="0.96" CONTENT="något"/><SP WIDTH="22" VPOS="1946" HPOS="1082"/>
							<String ID="string_381" HPOS="1104" VPOS="1949" WIDTH="50" HEIGHT="26" WC="0.97" CONTENT="att"/><SP WIDTH="21" VPOS="1949" HPOS="1154"/>
							<String ID="string_382" HPOS="1175" VPOS="1945" WIDTH="112" HEIGHT="31" WC="0.96" CONTENT="erinra"/><SP WIDTH="23" VPOS="1945" HPOS="1287"/>
							<String ID="string_383" HPOS="1310" VPOS="1948" WIDTH="72" HEIGHT="26" WC="0.93" CONTENT="mot"/><SP WIDTH="22" VPOS="1948" HPOS="1382"/>
							<String ID="string_384" HPOS="1404" VPOS="1943" WIDTH="213" HEIGHT="30" WC="0.90" CONTENT="vattenfalls-"/>
						</TextLine>
						<TextLine ID="line_38" HPOS="104" VPOS="1985" WIDTH="1513" HEIGHT="46">
							<String ID="string_385" HPOS="104" VPOS="1995" WIDTH="183" HEIGHT="36" WC="0.96" CONTENT="styrelsens"/><SP WIDTH="24" VPOS="1995" HPOS="287"/>
							<String ID="string_386" HPOS="311" VPOS="1993" WIDTH="117" HEIGHT="36" WC="0.94" CONTENT="övriga"/><SP WIDTH="27" VPOS="1993" HPOS="428"/>
							<String ID="string_387" HPOS="455" VPOS="1992" WIDTH="128" HEIGHT="34" WC="0.96" CONTENT="förslag"/><SP WIDTH="27" VPOS="1992" HPOS="583"/>
							<String ID="string_388" HPOS="610" VPOS="1991" WIDTH="149" HEIGHT="30" WC="0.93" CONTENT="rörande"/><SP WIDTH="25" VPOS="1991" HPOS="759"/>
							<String ID="string_389" HPOS="784" VPOS="1989" WIDTH="354" HEIGHT="35" WC="0.91" CONTENT="medelsanvisningar"/><SP WIDTH="26" VPOS="1989" HPOS="1138"/>
							<String ID="string_390" HPOS="1164" VPOS="1988" WIDTH="50" HEIGHT="29" WC="0.96" CONTENT="till"/><SP WIDTH="27" VPOS="1988" HPOS="1214"/>
							<String ID="string_391" HPOS="1241" VPOS="1985" WIDTH="376" HEIGHT="35" WC="0.91" CONTENT="kraftstationsföretag"/>
						</TextLine>
						<TextLine ID="line_39" HPOS="104" VPOS="2027" WIDTH="1514" HEIGHT="45">
							<String ID="string_392" HPOS="104" VPOS="2038" WIDTH="67" HEIGHT="29" WC="0.91" CONTENT="och"/><SP WIDTH="27" VPOS="2038" HPOS="171"/>
							<String ID="string_393" HPOS="198" VPOS="2035" WIDTH="334" HEIGHT="37" WC="0.91" CONTENT="vallenregleringar."/><SP WIDTH="29" VPOS="2035" HPOS="532"/>
							<String ID="string_394" HPOS="561" VPOS="2035" WIDTH="107" HEIGHT="29" WC="0.95" CONTENT="Dessa"/><SP WIDTH="29" VPOS="2035" HPOS="668"/>
							<String ID="string_395" HPOS="697" VPOS="2033" WIDTH="128" HEIGHT="35" WC="0.96" CONTENT="förslag"/><SP WIDTH="25" VPOS="2033" HPOS="825"/>
							<String ID="string_396" HPOS="850" VPOS="2032" WIDTH="91" HEIGHT="36" WC="0.96" CONTENT="syfta"/><SP WIDTH="27" VPOS="2032" HPOS="941"/>
							<String ID="string_397" HPOS="968" VPOS="2031" WIDTH="174" HEIGHT="36" WC="0.95" CONTENT="nämligen"/><SP WIDTH="28" VPOS="2031" HPOS="1142"/>
							<String ID="string_398" HPOS="1170" VPOS="2030" WIDTH="11" HEIGHT="29" WC="0.96" CONTENT="i"/><SP WIDTH="26" VPOS="2030" HPOS="1181"/>
							<String ID="string_399" HPOS="1207" VPOS="2029" WIDTH="185" HEIGHT="30" WC="0.95" CONTENT="huvudsak"/><SP WIDTH="27" VPOS="2029" HPOS="1392"/>
							<String ID="string_400" HPOS="1419" VPOS="2028" WIDTH="120" HEIGHT="30" WC="0.92" CONTENT="endast"/><SP WIDTH="28" VPOS="2028" HPOS="1539"/>
							<String ID="string_401" HPOS="1567" VPOS="2027" WIDTH="51" HEIGHT="30" WC="0.92" CONTENT="till"/>
						</TextLine>
						<TextLine ID="line_40" HPOS="106" VPOS="2071" WIDTH="1511" HEIGHT="41">
							<String ID="string_402" HPOS="106" VPOS="2083" WIDTH="45" HEIGHT="27" WC="0.84" CONTENT="elt"/><SP WIDTH="23" VPOS="2083" HPOS="151"/>
							<String ID="string_403" HPOS="174" VPOS="2079" WIDTH="229" HEIGHT="31" WC="0.96" CONTENT="fortsättande"/><SP WIDTH="21" VPOS="2079" HPOS="403"/>
							<String ID="string_404" HPOS="424" VPOS="2078" WIDTH="10" HEIGHT="29" WC="0.95" CONTENT="i"/><SP WIDTH="23" VPOS="2078" HPOS="434"/>
							<String ID="string_405" HPOS="457" VPOS="2088" WIDTH="37" HEIGHT="20" WC="0.96" CONTENT="så"/><SP WIDTH="22" VPOS="2088" HPOS="494"/>
							<String ID="string_406" HPOS="516" VPOS="2077" WIDTH="112" HEIGHT="35" WC="0.96" CONTENT="hastig"/><SP WIDTH="22" VPOS="2077" HPOS="628"/>
							<String ID="string_407" HPOS="650" VPOS="2076" WIDTH="74" HEIGHT="30" WC="0.96" CONTENT="takt"/><SP WIDTH="22" VPOS="2076" HPOS="724"/>
							<String ID="string_408" HPOS="746" VPOS="2085" WIDTH="74" HEIGHT="20" WC="0.96" CONTENT="som"/><SP WIDTH="23" VPOS="2085" HPOS="820"/>
							<String ID="string_409" HPOS="843" VPOS="2074" WIDTH="267" HEIGHT="31" WC="0.93" CONTENT="förhållandena"/><SP WIDTH="22" VPOS="2074" HPOS="1110"/>
							<String ID="string_410" HPOS="1132" VPOS="2072" WIDTH="157" HEIGHT="36" WC="0.91" CONTENT="medgiva"/><SP WIDTH="22" VPOS="2072" HPOS="1289"/>
							<String ID="string_411" HPOS="1311" VPOS="2082" WIDTH="42" HEIGHT="19" WC="0.96" CONTENT="av"/><SP WIDTH="24" VPOS="2082" HPOS="1353"/>
							<String ID="string_412" HPOS="1377" VPOS="2072" WIDTH="106" HEIGHT="29" WC="0.93" CONTENT="redan"/><SP WIDTH="22" VPOS="2072" HPOS="1483"/>
							<String ID="string_413" HPOS="1505" VPOS="2071" WIDTH="112" HEIGHT="29" WC="0.92" CONTENT="beslu-"/>
						</TextLine>
						<TextLine ID="line_41" HPOS="106" VPOS="2113" WIDTH="1510" HEIGHT="45">
							<String ID="string_414" HPOS="106" VPOS="2123" WIDTH="78" HEIGHT="29" WC="0.92" CONTENT="tade"/><SP WIDTH="23" VPOS="2123" HPOS="184"/>
							<String ID="string_415" HPOS="207" VPOS="2122" WIDTH="65" HEIGHT="30" WC="0.96" CONTENT="och"/><SP WIDTH="24" VPOS="2122" HPOS="272"/>
							<String ID="string_416" HPOS="296" VPOS="2121" WIDTH="190" HEIGHT="37" WC="0.96" CONTENT="påbörjade"/><SP WIDTH="21" VPOS="2121" HPOS="486"/>
							<String ID="string_417" HPOS="507" VPOS="2120" WIDTH="149" HEIGHT="29" WC="0.95" CONTENT="arbeten."/><SP WIDTH="27" VPOS="2120" HPOS="656"/>
							<String ID="string_418" HPOS="683" VPOS="2119" WIDTH="51" HEIGHT="29" WC="0.96" CONTENT="En"/><SP WIDTH="23" VPOS="2119" HPOS="734"/>
							<String ID="string_419" HPOS="757" VPOS="2119" WIDTH="160" HEIGHT="28" WC="0.96" CONTENT="närmare"/><SP WIDTH="23" VPOS="2119" HPOS="917"/>
							<String ID="string_420" HPOS="940" VPOS="2117" WIDTH="215" HEIGHT="34" WC="0.96" CONTENT="redogörelse"/><SP WIDTH="24" VPOS="2117" HPOS="1155"/>
							<String ID="string_421" HPOS="1179" VPOS="2115" WIDTH="55" HEIGHT="29" WC="0.96" CONTENT="för"/><SP WIDTH="23" VPOS="2115" HPOS="1234"/>
							<String ID="string_422" HPOS="1257" VPOS="2115" WIDTH="174" HEIGHT="35" WC="0.96" CONTENT="förslagen"/><SP WIDTH="21" VPOS="2115" HPOS="1431"/>
							<String ID="string_423" HPOS="1452" VPOS="2114" WIDTH="64" HEIGHT="29" WC="0.93" CONTENT="och"/><SP WIDTH="24" VPOS="2114" HPOS="1516"/>
							<String ID="string_424" HPOS="1540" VPOS="2113" WIDTH="76" HEIGHT="30" WC="0.90" CONTENT="skä-"/>
						</TextLine>
						<TextLine ID="line_42" HPOS="106" VPOS="2155" WIDTH="1512" HEIGHT="43">
							<String ID="string_425" HPOS="106" VPOS="2166" WIDTH="56" HEIGHT="29" WC="0.96" CONTENT="len"/><SP WIDTH="27" VPOS="2166" HPOS="162"/>
							<String ID="string_426" HPOS="189" VPOS="2165" WIDTH="54" HEIGHT="29" WC="0.96" CONTENT="för"/><SP WIDTH="30" VPOS="2165" HPOS="243"/>
							<String ID="string_427" HPOS="273" VPOS="2164" WIDTH="76" HEIGHT="29" WC="0.93" CONTENT="milt"/><SP WIDTH="30" VPOS="2164" HPOS="349"/>
							<String ID="string_428" HPOS="379" VPOS="2162" WIDTH="382" HEIGHT="36" WC="0.83" CONTENT="ståndpunktstagande"/><SP WIDTH="29" VPOS="2162" HPOS="761"/>
							<String ID="string_429" HPOS="790" VPOS="2161" WIDTH="49" HEIGHT="29" WC="0.88" CONTENT="till"/><SP WIDTH="28" VPOS="2161" HPOS="839"/>
							<String ID="string_430" HPOS="867" VPOS="2160" WIDTH="176" HEIGHT="29" WC="0.95" CONTENT="desamma"/><SP WIDTH="31" VPOS="2160" HPOS="1043"/>
							<String ID="string_431" HPOS="1074" VPOS="2160" WIDTH="135" HEIGHT="28" WC="0.95" CONTENT="lämnas"/><SP WIDTH="29" VPOS="2160" HPOS="1209"/>
							<String ID="string_432" HPOS="1238" VPOS="2157" WIDTH="110" HEIGHT="30" WC="0.96" CONTENT="under"/><SP WIDTH="29" VPOS="2157" HPOS="1348"/>
							<String ID="string_433" HPOS="1377" VPOS="2157" WIDTH="42" HEIGHT="29" WC="0.96" CONTENT="de"/><SP WIDTH="28" VPOS="2157" HPOS="1419"/>
							<String ID="string_434" HPOS="1447" VPOS="2155" WIDTH="171" HEIGHT="31" WC="0.96" CONTENT="särskilda"/>
						</TextLine>
						<TextLine ID="line_43" HPOS="107" VPOS="2206" WIDTH="354" HEIGHT="36">
							<String ID="string_435" HPOS="107" VPOS="2206" WIDTH="354" HEIGHT="36" WC="0.91" CONTENT="anslagsrubrikerna."/>
						</TextLine>
					</TextBlock>
				</ComposedBlock>
				<ComposedBlock ID="cblock_2" HPOS="108" VPOS="2240" WIDTH="1510" HEIGHT="83">
					<TextBlock ID="block_6" HPOS="108" VPOS="2240" WIDTH="1510" HEIGHT="83">
						<TextLine ID="line_44" HPOS="152" VPOS="2240" WIDTH="1466" HEIGHT="45">
							<String ID="string_436" HPOS="152" VPOS="2246" WIDTH="93" HEIGHT="33" WC="0.96" CONTENT="Även"/><SP WIDTH="23" VPOS="2246" HPOS="245"/>
							<String ID="string_437" HPOS="268" VPOS="2249" WIDTH="182" HEIGHT="36" WC="0.95" CONTENT="styrelsens"/><SP WIDTH="22" VPOS="2249" HPOS="450"/>
							<String ID="string_438" HPOS="472" VPOS="2246" WIDTH="297" HEIGHT="35" WC="0.94" CONTENT="framställningar"/><SP WIDTH="20" VPOS="2246" HPOS="769"/>
							<String ID="string_439" HPOS="789" VPOS="2255" WIDTH="55" HEIGHT="19" WC="0.96" CONTENT="om"/><SP WIDTH="25" VPOS="2255" HPOS="844"/>
							<String ID="string_440" HPOS="869" VPOS="2245" WIDTH="118" HEIGHT="34" WC="0.92" CONTENT="anslag"/><SP WIDTH="22" VPOS="2245" HPOS="987"/>
							<String ID="string_441" HPOS="1009" VPOS="2261" WIDTH="44" HEIGHT="3" WC="0.90" CONTENT="—"/><SP WIDTH="23" VPOS="2261" HPOS="1053"/>
							<String ID="string_442" HPOS="1076" VPOS="2243" WIDTH="95" HEIGHT="30" WC="0.96" CONTENT="såväl"/><SP WIDTH="22" VPOS="2243" HPOS="1171"/>
							<String ID="string_443" HPOS="1193" VPOS="2241" WIDTH="20" HEIGHT="31" WC="0.92" CONTENT="å"/><SP WIDTH="24" VPOS="2241" HPOS="1213"/>
							<String ID="string_444" HPOS="1237" VPOS="2242" WIDTH="203" HEIGHT="35" WC="0.89" CONTENT="tilläggsstat"/><SP WIDTH="22" VPOS="2242" HPOS="1440"/>
							<String ID="string_445" HPOS="1462" VPOS="2240" WIDTH="48" HEIGHT="30" WC="0.93" CONTENT="till"/><SP WIDTH="23" VPOS="2240" HPOS="1510"/>
							<String ID="string_446" HPOS="1533" VPOS="2241" WIDTH="85" HEIGHT="29" WC="0.92" CONTENT="riks-"/>
						</TextLine>
						<TextLine ID="line_45" HPOS="108" VPOS="2283" WIDTH="1510" HEIGHT="40">
							<String ID="string_447" HPOS="108" VPOS="2295" WIDTH="111" HEIGHT="27" WC="0.95" CONTENT="staten"/><SP WIDTH="24" VPOS="2295" HPOS="219"/>
							<String ID="string_448" HPOS="243" VPOS="2291" WIDTH="55" HEIGHT="29" WC="0.96" CONTENT="för"/><SP WIDTH="22" VPOS="2291" HPOS="298"/>
							<String ID="string_449" HPOS="320" VPOS="2290" WIDTH="233" HEIGHT="29" WC="0.95" CONTENT="innevarande"/><SP WIDTH="25" VPOS="2290" HPOS="553"/>
							<String ID="string_450" HPOS="578" VPOS="2289" WIDTH="167" HEIGHT="34" WC="0.96" CONTENT="budgetår"/><SP WIDTH="23" VPOS="2289" HPOS="745"/>
							<String ID="string_451" HPOS="768" VPOS="2297" WIDTH="72" HEIGHT="20" WC="0.92" CONTENT="som"/><SP WIDTH="26" VPOS="2297" HPOS="840"/>
							<String ID="string_452" HPOS="866" VPOS="2288" WIDTH="19" HEIGHT="28" WC="0.90" CONTENT="å"/><SP WIDTH="21" VPOS="2288" HPOS="885"/>
							<String ID="string_453" HPOS="906" VPOS="2286" WIDTH="184" HEIGHT="29" WC="0.91" CONTENT="riksstaten"/><SP WIDTH="26" VPOS="2286" HPOS="1090"/>
							<String ID="string_454" HPOS="1116" VPOS="2285" WIDTH="54" HEIGHT="29" WC="0.96" CONTENT="för"/><SP WIDTH="22" VPOS="2285" HPOS="1170"/>
							<String ID="string_455" HPOS="1192" VPOS="2285" WIDTH="99" HEIGHT="29" WC="0.96" CONTENT="nästa"/><SP WIDTH="25" VPOS="2285" HPOS="1291"/>
							<String ID="string_456" HPOS="1316" VPOS="2283" WIDTH="166" HEIGHT="35" WC="0.93" CONTENT="budgetår"/><SP WIDTH="26" VPOS="2283" HPOS="1482"/>
							<String ID="string_457" HPOS="1508" VPOS="2279" WIDTH="27" HEIGHT="48" WC="0.87" CONTENT="—"/><SP WIDTH="35" VPOS="2279" HPOS="1535"/>
							<String ID="string_458" HPOS="1570" VPOS="2283" WIDTH="48" HEIGHT="29" WC="0.96" CONTENT="till"/>
						</TextLine>
					</TextBlock>
				</ComposedBlock>
				<ComposedBlock ID="cblock_3" HPOS="108" VPOS="2325" WIDTH="1510" HEIGHT="124">
					<TextBlock ID="block_7" HPOS="108" VPOS="2325" WIDTH="1510" HEIGHT="124">
						<TextLine ID="line_46" HPOS="108" VPOS="2325" WIDTH="1510" HEIGHT="41">
							<String ID="string_459" HPOS="108" VPOS="2331" WIDTH="488" HEIGHT="35" WC="0.86" CONTENT="distribulionsanläggningar"/><SP WIDTH="25" VPOS="2331" HPOS="596"/>
							<String ID="string_460" HPOS="621" VPOS="2330" WIDTH="65" HEIGHT="29" WC="0.96" CONTENT="och"/><SP WIDTH="26" VPOS="2330" HPOS="686"/>
							<String ID="string_461" HPOS="712" VPOS="2329" WIDTH="142" HEIGHT="30" WC="0.96" CONTENT="därmed"/><SP WIDTH="24" VPOS="2329" HPOS="854"/>
							<String ID="string_462" HPOS="878" VPOS="2326" WIDTH="346" HEIGHT="36" WC="0.95" CONTENT="sammanhängande"/><SP WIDTH="22" VPOS="2326" HPOS="1224"/>
							<String ID="string_463" HPOS="1246" VPOS="2326" WIDTH="141" HEIGHT="30" WC="0.96" CONTENT="arbeten"/><SP WIDTH="25" VPOS="2326" HPOS="1387"/>
							<String ID="string_464" HPOS="1412" VPOS="2325" WIDTH="57" HEIGHT="29" WC="0.96" CONTENT="vid"/><SP WIDTH="22" VPOS="2325" HPOS="1469"/>
							<String ID="string_465" HPOS="1491" VPOS="2328" WIDTH="127" HEIGHT="27" WC="0.96" CONTENT="statens"/>
						</TextLine>
						<TextLine ID="line_47" HPOS="109" VPOS="2367" WIDTH="1508" HEIGHT="43">
							<String ID="string_466" HPOS="109" VPOS="2376" WIDTH="180" HEIGHT="30" WC="0.96" CONTENT="kraftverk"/><SP WIDTH="18" VPOS="2376" HPOS="289"/>
							<String ID="string_467" HPOS="307" VPOS="2376" WIDTH="122" HEIGHT="28" WC="0.95" CONTENT="ämnar"/><SP WIDTH="19" VPOS="2376" HPOS="429"/>
							<String ID="string_468" HPOS="448" VPOS="2374" WIDTH="56" HEIGHT="36" WC="0.95" CONTENT="jag"/><SP WIDTH="18" VPOS="2374" HPOS="504"/>
							<String ID="string_469" HPOS="522" VPOS="2373" WIDTH="134" HEIGHT="29" WC="0.96" CONTENT="biträda"/><SP WIDTH="19" VPOS="2373" HPOS="656"/>
							<String ID="string_470" HPOS="675" VPOS="2372" WIDTH="86" HEIGHT="29" WC="0.95" CONTENT="efter"/><SP WIDTH="19" VPOS="2372" HPOS="761"/>
							<String ID="string_471" HPOS="780" VPOS="2372" WIDTH="54" HEIGHT="29" WC="0.96" CONTENT="det"/><SP WIDTH="19" VPOS="2372" HPOS="834"/>
							<String ID="string_472" HPOS="853" VPOS="2371" WIDTH="56" HEIGHT="36" WC="0.95" CONTENT="jag"/><SP WIDTH="21" VPOS="2371" HPOS="909"/>
							<String ID="string_473" HPOS="930" VPOS="2379" WIDTH="119" HEIGHT="21" WC="0.92" CONTENT="senare"/><SP WIDTH="20" VPOS="2379" HPOS="1049"/>
							<String ID="string_474" HPOS="1069" VPOS="2370" WIDTH="8" HEIGHT="28" WC="0.95" CONTENT="i"/><SP WIDTH="22" VPOS="2370" HPOS="1077"/>
							<String ID="string_475" HPOS="1099" VPOS="2369" WIDTH="67" HEIGHT="34" WC="0.96" CONTENT="dag"/><SP WIDTH="15" VPOS="2369" HPOS="1166"/>
							<String ID="string_476" HPOS="1181" VPOS="2367" WIDTH="64" HEIGHT="30" WC="0.96" CONTENT="fått"/><SP WIDTH="19" VPOS="2367" HPOS="1245"/>
							<String ID="string_477" HPOS="1264" VPOS="2368" WIDTH="165" HEIGHT="34" WC="0.96" CONTENT="redogöra"/><SP WIDTH="20" VPOS="2368" HPOS="1429"/>
							<String ID="string_478" HPOS="1449" VPOS="2367" WIDTH="55" HEIGHT="29" WC="0.96" CONTENT="för"/><SP WIDTH="17" VPOS="2367" HPOS="1504"/>
							<String ID="string_479" HPOS="1521" VPOS="2368" WIDTH="96" HEIGHT="28" WC="0.96" CONTENT="dessa"/>
						</TextLine>
						<TextLine ID="line_48" HPOS="110" VPOS="2418" WIDTH="187" HEIGHT="31">
							<String ID="string_480" HPOS="110" VPOS="2418" WIDTH="187" HEIGHT="31" WC="0.91" CONTENT="äskanden."/>
						</TextLine>
					</TextBlock>
				</ComposedBlock>
			</PrintSpace>
		</Page>
	</Layout>
</alto>
