1876 2836
264 176 21 29 4
760 177 232 28 Statsutskottets
1014 178 148 28 utlåtande
1185 179 49 27 Nr
1257 180 47 27 74.

316 250 76 32 Den
431 252 44 40 på
508 251 167 41 grundval
709 262 40 20 av
783 251 80 32 1925
890 253 56 30 års
969 252 267 32 försvarsbeslut
1259 253 148 42 skapade
1431 254 338 41 reservorganisatio-

263 312 67 20 nen
362 301 59 31 vid
454 301 196 42 flygvapnet
681 301 63 32 har
765 313 40 19 av
828 302 90 31 olika
941 302 224 42 anledningar
1186 303 74 32 icke
1284 305 130 30 ansetts
1438 304 330 33 tillfredsställande.

263 350 19 32 I
315 351 165 32 skrivelse
513 351 53 32 till
598 352 130 41 Kungl.
762 352 96 42 Maj:t
881 352 67 32 den
972 353 38 31 27
1039 353 75 42 juni
1147 354 81 31 1932
1258 354 61 31 har
1348 354 121 32 chefen
1498 355 53 31 för
1571 354 198 43 flygvapnet

266 401 108 32 under
396 402 248 31 framhållande
668 413 40 21 av
732 402 65 32 den
820 403 198 32 nuvarande
1042 404 298 41 organisationens
1356 405 128 31 brister
1499 405 125 41 avgivit
1640 405 128 42 förslag

265 452 52 31 till
339 463 45 30 ny
405 452 203 42 förordning
629 453 177 41 angående
829 454 162 41 personal
1013 454 12 31 i
1047 454 214 42 flygvapnets
1283 466 123 21 reserv.

315 502 119 42 Enligt
459 502 95 32 detta
575 503 131 42 förslag
729 503 84 32 skall
835 504 216 42 flygvapnets
1073 506 278 41 reservpersonal
1374 507 140 40 utgöras
1536 517 40 20 av

315 552 29 43 a)
367 553 185 39 officerare,
569 553 284 33 underofficerare
866 555 65 31 och
944 555 228 32 civilmilitära
1185 556 215 41 tjänstemän,
1413 557 92 31 vilka
1517 556 77 32 med
1606 557 162 42 fyllnads-

265 603 146 41 pension
434 606 115 39 avgått
570 604 75 31 från
669 604 210 42 beställning
901 607 45 40 på
968 605 216 43 flygvapnets
1208 608 68 30 stat
1298 606 380 43 (pensionsavgångna);

313 653 33 42 b)
380 654 184 38 officerare,
598 654 288 33 underofficerare
913 656 65 31 och
1001 656 229 32 civilmilitära
1253 657 215 41 tjänstemän,
1491 657 90 32 vilka
1603 658 59 31 vid
1685 658 84 32 eller

263 705 85 31 efter
380 706 132 40 avgång
544 705 73 31 från
651 705 209 42 beställning
893 708 45 40 på
967 706 214 42 flygvapnets
1206 709 68 30 stat
1297 709 81 30 utan
1400 708 302 42 fyllnadspension
1724 710 45 40 på

264 755 152 32 ansökan
440 755 122 32 vunnit
584 755 136 32 inträde
743 755 11 32 i
776 767 159 21 reserven
958 756 337 43 (förtidsavgångna);

314 804 28 43 ce)
365 806 176 31 officerare
565 806 63 32 och
652 806 295 39 underofficerare,
971 807 90 32 vilka
1083 807 94 32 inom
1200 808 214 42 flygvapnets
1437 820 114 21 reserv
1573 809 124 32 vunnit
1713 810 55 32 sin

265 856 106 32 första
393 856 148 32 officers-
563 857 196 41 respektive
781 857 460 43 underofficersanställning
1260 858 22 43 (i
1297 870 159 21 reserven
1473 860 209 42 utnämnda).

313 906 126 32 Vidare
473 918 98 21 avses
604 907 11 31 i
648 907 213 42 flygvapnets
894 919 117 21 reserv
1037 908 96 32 skola
1160 909 81 42 ingå
1264 909 182 40 officerare,
1471 910 296 40 underofficerare,

262 957 201 32 underbefäl
497 958 63 31 och
593 957 229 32 civilmilitära
851 958 217 41 tjänstemän,
1102 959 92 32 vilka
1226 960 57 31 vid
1306 960 237 42 mobilisering
1564 961 102 32 blivit
1687 961 80 32 kon-

263 1007 188 33 stituerade
475 1008 82 31 eller
579 1008 173 32 anställda
773 1008 12 32 i
807 1020 130 20 samma
959 1020 124 21 reserv.
1127 1010 85 31 Med
1234 1010 169 32 avseende
1426 1013 20 29 å
1469 1011 112 32 denna
1602 1012 163 41 personal

260 1058 144 32 föreslås
427 1058 13 31 i
463 1058 95 32 detta
580 1059 247 42 sammanhang
849 1059 81 42 inga
952 1060 197 41 reglerande
1172 1061 221 32 föreskrifter.

312 1108 392 42 Departementschefen
726 1109 130 32 lämnar
882 1110 11 31 i
917 1110 263 42 propositionen
1205 1122 42 21 en
1269 1112 219 41 redogörelse
1509 1113 51 31 för
1575 1113 193 41 detaljerna

261 1158 13 32 1
306 1158 58 32 det
396 1170 42 21 av
467 1159 121 32 chefen
610 1159 54 32 för
686 1160 194 42 flygvapnet
903 1161 213 32 framställda
1138 1162 420 42 organisationsförslaget
1580 1163 66 32 och
1668 1164 98 31 fram-

260 1211 60 39 går
351 1210 113 39 därav,
499 1212 49 30 att
580 1211 53 31 för
666 1213 135 29 arméns
824 1212 277 41 reservpersonal
1123 1212 160 42 gällande
1305 1213 261 33 bestämmelser
1587 1213 178 43 angående

259 1260 452 42 tjänstgöringsskyldighet
733 1261 11 31 i
766 1261 155 38 fredstid,
946 1262 352 42 avlöningsförmåner
1313 1263 110 32 under
1434 1264 239 42 tjänstgöring,
1686 1275 80 31 pen-

1213 1315 9 9 2

260 1310 175 42 sionering
468 1322 43 21 m.
535 1322 41 21 m.
612 1311 99 32 skola
743 1311 12 32 i
787 1311 181 33 huvudsak
1000 1313 174 42 tillämpas
1209 1325 19 20 å
1261 1315 239 31 motsvarande
1522 1315 162 41 personal
1707 1315 57 32 vid

257 1361 205 42 flygvapnet.

310 1412 19 31 I
351 1414 49 30 ett
423 1423 42 20 av
488 1412 242 42 flygstyrelsen
752 1413 11 31 i
779 1413 142 32 ärendet
947 1414 132 41 avgivet
1101 1415 161 41 yttrande
1277 1415 61 32 har
1352 1416 215 38 framhållits,
1584 1418 51 30 att
1650 1416 44 32 de
1710 1428 54 20 an-

260 1463 80 40 slag,
368 1473 75 21 som
467 1463 273 42 huvudsakligen
773 1463 162 33 berördes
970 1476 40 20 av
1041 1465 172 42 förslaget,
1237 1476 79 21 vore
1339 1466 338 43 avlöningsanslaget
1699 1466 66 43 (an-

260 1511 233 44 slagsposten:
517 1514 215 42 flygvapnets
750 1515 290 42 reservpersonal)
1061 1518 88 29 samt
1163 1516 227 42 flygövnings-
1406 1517 65 31 och
1483 1517 281 42 flygmaterielan-

258 1564 125 41 slagen.
415 1564 120 42 Enligt
568 1565 415 43 försvarspropositionen
1010 1566 53 32 till
1092 1567 81 31 1925
1196 1569 55 30 års
1274 1567 138 42 riksdag
1434 1568 213 32 beräknades
1674 1569 90 32 kost-

258 1614 151 32 naderna
431 1615 54 31 för
506 1616 321 40 reservpersonalen
847 1616 111 32 under
978 1616 148 32 nämnda
1138 1619 53 30 tre
1214 1618 119 41 anslag
1354 1618 54 31 till
1431 1619 194 41 respektive
1637 1619 125 39 50,000,

256 1665 115 38 38,000
404 1665 67 32 och
499 1666 113 38 36,000
645 1666 128 32 kronor
797 1678 62 30 per
881 1669 45 30 år.
972 1667 54 32 Då
1048 1668 66 31 den
1136 1679 69 31 nya
1228 1669 278 41 organisationen
1529 1671 149 40 uppnått
1700 1670 64 31 full

258 1715 216 42 omfattning,
498 1716 136 32 komma
657 1717 43 31 de
723 1717 105 42 årliga
850 1718 186 41 utgifterna
1059 1719 52 31 för
1138 1718 114 32 denna
1274 1720 49 30 att
1345 1721 116 39 uppgå
1477 1719 61 39 till,
1555 1720 10 31 i
1578 1720 111 32 runda
1704 1721 57 38 tal,

258 1766 108 31 under
381 1766 340 43 avlöningsanslaget
733 1768 113 39 39,000
856 1768 137 39 kronor,
1006 1769 110 31 under
1127 1769 374 43 flygövningsanslaget
1514 1771 114 38 73,000
1636 1771 128 32 kronor

257 1818 88 30 samt
354 1816 111 32 under
485 1817 380 43 flygmaterielanslaget
878 1819 111 38 66,000
1005 1819 126 32 kronor.
1156 1819 71 32 Det
1240 1819 187 42 framlagda
1438 1821 173 41 förslaget,
1622 1822 142 41 jämfört

257 1867 78 31 med
350 1867 42 32 de
415 1867 237 43 beräkningar,
678 1879 74 21 som
775 1869 89 42 ligga
886 1869 54 31 till
963 1869 111 42 grund
1095 1869 53 32 för
1184 1870 81 32 1925
1287 1872 54 30 års
1356 1871 277 40 försvarsbeslut,
1651 1872 111 32 skulle

258 1917 134 32 således
415 1918 59 31 vid
507 1918 198 32 fullbordad
740 1919 234 41 organisation
1007 1920 152 31 medföra
1193 1932 43 20 en
1270 1922 177 41 merutgift
1470 1933 40 21 av
1532 1923 92 31 cirka
1646 1923 117 39 54,000

258 1967 133 32 kronor.
427 1968 135 32 Härvid
594 1969 63 31 har
684 1969 88 32 dock
793 1970 134 42 hänsyn
950 1970 74 32 icke
1046 1970 104 42 tagits
1173 1971 55 31 till
1251 1972 41 31 de
1314 1972 348 41 pensionsförmåner,
1686 1984 75 21 som

257 2016 96 34 skola
385 2020 84 40 utgå
503 2019 105 42 enligt
640 2020 165 42 förslaget
830 2021 64 31 och
916 2020 92 32 vilka
1029 2021 137 32 komma
1188 2024 51 29 att
1261 2022 131 32 belasta
1414 2024 346 41 avlöningsanslaget.

309 2062 89 38 Över
421 2069 60 32 det
503 2081 41 20 av
566 2070 121 31 chefen
710 2071 52 31 för
782 2071 197 43 flygvapnet
1011 2072 188 42 framlagda
1221 2073 164 41 förslaget
1407 2073 54 32 till
1484 2074 129 31 ändrad
1635 2085 127 21 reserv-

256 2119 345 42 befälsorganisation
624 2120 89 32 hava
735 2122 199 31 utlåtanden
951 2122 145 42 avgivits
1109 2134 40 20 av
1162 2126 103 29 armé-
1278 2124 63 31 och
1357 2124 403 43 marinförvaltningarna

258 2172 88 29 samt
377 2170 162 32 cheferna
565 2171 53 31 för
639 2172 262 40 generalstaben
925 2173 65 31 och
1013 2173 244 40 marinstaben,
1281 2174 162 42 varjämte
1467 2176 145 31 svenska
1634 2186 127 21 reserv-

256 2220 434 33 underofficersförbundet
713 2222 129 32 beretts
865 2223 135 32 tillfälle
1023 2225 49 30 att
1094 2223 175 32 inkomma
1291 2225 77 31 med
1390 2225 160 42 yttrande
1572 2226 12 31 i
1607 2226 152 32 ärendet.

255 2269 124 33 Vidare
401 2272 65 31 har
481 2272 119 31 chefen
622 2272 55 32 för
698 2273 195 42 flygvapnet
917 2274 66 31 den
1000 2274 38 31 31
1054 2274 134 41 januari
1213 2276 81 30 1933
1316 2277 43 40 på
1385 2276 170 32 anmodan
1578 2276 183 33 inkommit

255 2321 77 31 med
354 2324 50 29 ett
427 2333 41 21 av
489 2322 160 42 yttrande
672 2323 12 31 i
707 2325 114 30 ämnet
851 2324 76 31 från
949 2324 242 42 flygstyrelsen
1214 2326 111 41 åtföljt
1347 2327 177 31 utlåtande
1546 2327 12 31 i
1573 2327 188 42 anledning

254 2382 40 21 av
316 2372 64 31 vad
403 2373 43 31 de
470 2373 12 31 i
505 2374 141 31 ärendet
669 2374 108 31 hörda
799 2374 285 42 myndigheterna
1106 2378 90 29 samt
1220 2377 143 31 svenska
1386 2377 373 33 reservunderofficers-

255 2422 186 32 förbundet
463 2423 12 32 i
499 2423 189 32 detsamma
712 2424 120 32 anfört.
877 2425 181 42 Härjämte
1090 2426 87 31 hava
1205 2427 199 32 utlåtanden
1428 2428 11 30 i
1455 2427 141 32 ärendet
1611 2429 147 41 avgivits

254 2483 40 21 av
315 2473 337 33 försvarsväsendets
676 2475 208 32 lönenämnd
907 2477 89 30 samt
1021 2477 81 31 1930
1123 2478 57 30 års
1203 2477 386 33 försvarskommission.
