1888 2802
262 141 41 31 54
708 144 263 29 Statsutskottets
994 145 166 28 utlåtande
1183 154 38 19 nr
1249 146 68 28 161.

315 216 73 31 dels
422 216 53 31 för
508 216 203 41 budgetåret
746 217 135 38 1948/49
904 217 170 31 fastställa
1097 217 42 32 de
1163 217 415 42 personalförteckningar
1600 217 53 32 för
1676 217 87 32 ordi-

262 266 93 31 narie
389 266 207 41 tjänstemän
630 267 64 31 och
728 267 53 31 för
813 267 230 41 pensionerad
1077 268 161 41 personal
1266 268 12 31 i
1305 268 377 41 arvodesbefattningar
1704 268 58 31 vid

261 316 203 42 flygvapnet,
486 317 89 30 vilka
597 317 10 30 1
632 316 148 32 särskild
803 317 146 41 ordning
972 318 229 32 överlämnats
1225 318 53 31 till
1301 318 191 41 riksdagen,

314 366 74 32 dels
422 367 180 41 godkänna
635 378 40 20 av
709 367 378 41 departementschefen
1121 368 162 32 förordad
1317 369 251 41 avlöningsstat
1600 369 52 31 för
1683 369 80 41 flyg-

261 419 143 39 vapnets
440 418 117 40 anslag
579 418 53 30 till
655 418 199 41 avlöningar
877 418 53 31 till
954 419 91 31 aktiv
1067 419 162 40 personal
1253 430 42 21 m.
1318 419 42 38 £.,
1385 421 50 29 att
1458 419 172 41 tillämpas
1654 419 109 31 under

262 467 203 41 budgetåret
492 468 142 38 1948/49,

315 518 74 31 dels
413 518 63 31 ock
498 518 53 31 till
574 518 226 42 Flygvapnet:
827 519 209 41 Avlöningar
1059 519 52 31 till
1134 520 91 30 aktiv
1249 520 160 41 personal
1432 531 42 20 m.
1492 520 31 31 fl.
1547 520 52 31 för
1622 520 141 41 budget-

262 570 71 29 året
358 569 136 38 1948/49
518 568 116 32 anvisa
657 571 50 29 ett
729 569 268 41 förslagsanslag
1020 580 39 20 av
1081 570 41 31 45
1134 570 63 31 400
1208 570 63 31 000
1293 570 134 31 kronor.

314 652 218 32 Beträffande
569 664 39 20 av
642 653 379 41 departementschefen
1055 653 11 31 i
1100 654 186 41 anledning
1318 665 39 20 av
1391 654 372 41 tjänsteförtecknings-

260 703 194 31 revisionen
484 703 212 31 framställda
729 703 126 41 förslag
889 704 108 38 torde,
1021 703 11 31 i
1055 704 66 31 den
1145 706 78 29 mån
1247 705 173 31 desamma
1444 705 28 40 ej
1497 705 11 30 i
1531 705 59 31 det
1612 705 151 40 följande

262 754 137 31 särskilt
421 754 149 38 beröras,
594 754 32 31 få
649 754 162 32 hänvisas
834 754 52 31 till
909 754 274 42 propositionen.

657 850 23 29 I.
726 849 181 38 Avlöningar
929 849 45 30 till
1000 849 154 31 ordinarie
1177 850 198 37 tjänstemän.

263 889 191 41 Flygstaben.

313 940 18 31 I
354 940 187 41 anledning
563 952 38 19 av
625 941 67 31 den
715 941 174 40 reglerade
912 941 353 41 befordringsgången
1288 942 52 31 för
1363 941 70 32 viss
1457 942 307 41 kontorspersonal

259 990 62 31 har
353 990 57 32 vid
443 990 190 42 fygstaben
667 991 195 41 föreslagits
896 991 98 31 skola
1026 991 144 32 inrättas
1204 992 197 41 ytterligare
1437 994 14 29 1
1487 992 192 41 befattning
1711 993 54 30 för

261 1041 280 32 kontorsbiträde
563 1041 12 31 i
598 1041 47 31 Ca
668 1042 28 31 8.

263 1118 148 30 Personal
433 1118 48 30 vid
503 1118 182 41 flygvapnet.

317 1168 168 32 Gällande
511 1168 373 42 personalförteckning
910 1170 54 30 för
989 1169 199 42 flygvapnet
1214 1171 167 40 upptager
1407 1189 42 3 —
1474 1170 148 31 förutom
1649 1170 116 31 chefen

264 1220 53 31 för
335 1220 196 42 flygvapnet
549 1240 40 3 —
608 1221 154 41 följande
783 1222 91 30 antal
905 1221 230 32 officerare
1167 1221 107 41 (utom
1295 1222 11 30 i
1327 1221 437 42 intendenturbefattning),

264 1272 168 41 nämligen
453 1273 20 30 4
495 1272 255 32 eskaderchefer
777 1272 70 41 (Mo
863 1273 64 40 14),
954 1274 15 29 1
995 1273 77 31 chef
1095 1273 53 31 för
1172 1273 193 41 flygstaben
1394 1273 70 40 (Mo
1479 1274 65 40 14),
1571 1274 37 30 17
1633 1274 132 41 flottilj-

265 1324 110 31 chefer
405 1323 72 41 (Mo
493 1324 63 41 12),
586 1325 15 29 1
629 1324 77 31 chef
733 1324 54 31 för
812 1324 290 41 krigsflygskolan
1133 1324 71 41 (Mo
1220 1325 64 40 12),
1313 1325 19 30 3
1361 1326 151 30 överstar
1544 1325 71 41 (Ma
1631 1325 64 41 12),
1726 1327 36 29 11

262 1374 318 41 överstelöjtnanter
608 1374 70 40 (Ma
694 1374 64 40 11),
786 1375 14 29 1
826 1374 281 40 överstelöjtnant
1132 1374 82 31 eller
1237 1374 107 41 major
1372 1374 70 40 (Ma
1457 1375 36 30 11
1519 1375 82 30 eller
1624 1375 58 31 Ma
1697 1376 65 40 10),

262 1427 39 30 39
320 1426 144 41 majorer
487 1426 71 40 (Ma
573 1426 63 40 10),
657 1427 18 29 2
694 1426 144 41 majorer
858 1426 81 31 eller
957 1426 163 41 kaptener
1143 1426 70 39 (Ma
1230 1426 37 30 10
1286 1426 82 31 eller
1385 1426 58 31 Ma
1457 1427 44 40 9),
1522 1427 59 30 264
1600 1427 163 41 kaptener

269 1479 70 41 (Ma
352 1480 30 40 9)
409 1480 63 31 och
493 1480 60 30 220
573 1479 186 42 löjtnanter
786 1479 69 41 (Ma
869 1480 44 40 7).

314 1539 388 41 Departementschefen
726 1539 69 39 har,
819 1539 109 32 under
951 1539 207 41 hänvisning
1181 1540 45 31 bl.
1251 1550 27 21 a.
1303 1540 53 31 till
1379 1539 58 32 det
1459 1540 12 31 i
1491 1541 273 41 försvarspropo-

262 1589 149 32 sitioren
435 1590 192 31 beräknade
650 1590 149 31 behovet
819 1601 39 20 av
874 1590 158 41 flygande
1049 1590 174 31 officerare
1240 1590 57 31 vid
1312 1591 200 40 genomförd
1529 1591 235 40 organisation

262 1640 63 31 och
359 1640 78 31 med
470 1640 192 32 beaktande
695 1652 41 19 av
767 1640 64 31 vad
864 1640 67 31 han
955 1640 57 32 vid
1035 1640 255 41 behandlingen
1314 1652 40 20 av
1376 1641 148 31 nämnda
1548 1641 216 42 proposition

261 1691 112 31 anfört
388 1691 146 32 rörande
550 1691 462 41 personalorganisationens
1028 1691 276 41 genomförande,
1318 1691 11 31 i
1342 1692 422 42 personalförteckningen

261 1742 52 31 för
347 1743 99 30 nästa
480 1741 167 42 budgetår
681 1742 160 41 upptagit
876 1743 15 29 1
920 1741 211 42 beställning
1164 1741 53 32 för
1239 1742 180 41 inspektör
1441 1742 53 31 för
1516 1742 66 32 den
1606 1742 158 32 tekniska

263 1792 149 41 tjänsten
436 1792 11 31 i
471 1792 59 32 Mo
555 1794 38 29 14
616 1793 83 31 eller
723 1792 49 32 Co
797 1794 39 29 14
859 1794 88 29 samt
969 1792 151 41 följande
1144 1792 92 31 antal
1257 1792 248 42 beställningar
1520 1793 52 31 för
1589 1793 175 32 officerare

260 1843 105 40 (utom
389 1843 11 31 i
423 1842 435 42 intendenturbefattning),
882 1843 172 41 nämligen
1078 1861 40 3 —
1141 1843 150 31 förutom
1311 1843 119 31 chefen
1446 1843 52 31 för
1513 1843 196 42 flygvapnet
1724 1862 41 3 —

261 1894 21 29 4
305 1893 259 32 eskaderchefer
586 1893 70 41 (Mo
683 1893 57 41 14),
768 1895 14 29 1
808 1894 75 31 chef
905 1893 53 31 för
974 1893 192 41 flygstaben
1182 1893 71 41 (Mo
1273 1893 57 41 14),
1348 1894 19 30 2
1382 1893 217 41 inspektörer
1614 1894 71 41 (Mo
1704 1894 59 41 14),

263 1945 37 29 17
334 1944 233 41 fottiljehefer
599 1944 70 41 (Mo
696 1943 58 42 12),
781 1945 15 30 1
821 1944 75 31 chef
918 1944 53 31 för
993 1944 287 41 krigsflygskolan
1304 1943 69 41 (Mo
1399 1943 58 42 12),
1484 1946 14 29 1
1524 1944 161 32 souschef
1707 1944 57 31 vid

260 1994 192 41 flygstaben
486 1994 70 41 (Mo
592 1995 37 30 12
660 1994 84 32 eller
766 1994 58 31 Ma
849 1993 57 42 12),
933 1996 14 29 1
973 1995 76 30 chef
1071 1994 52 32 för
1144 1994 356 42 flygkrigshögskolan
1523 1994 71 41 (Mo
1619 1995 38 31 12
1681 1995 84 31 eller

261 2045 59 30 Ma
354 2045 56 41 12),
442 2046 14 29 1
482 2045 76 31 chef
580 2045 51 31 för
653 2045 237 41 flygbaskåren
914 2044 70 42 (Mo
1010 2044 58 41 12),
1094 2045 37 30 17
1156 2044 332 42 överstelöjtnanter,
1512 2045 19 31 3
1554 2045 211 41 överstelöjt-

262 2097 120 29 nanter
406 2095 83 31 eller
512 2095 153 42 majorer,
690 2096 40 31 38
754 2095 154 41 majorer,
932 2096 19 30 3
974 2095 147 41 majorer
1144 2095 83 31 eller
1250 2095 174 41 kaptener,
1442 2096 59 31 257
1519 2096 165 41 kaptener
1700 2095 64 32 och

261 2146 61 31 228
345 2146 195 40 löjtnanter.

317 2196 219 32 Beträffande
572 2198 14 29 1
622 2207 40 20 av
692 2196 294 42 beställningarna
1008 2197 52 30 för
1083 2196 284 41 överstelöjtnant
1390 2196 83 31 eller
1495 2196 116 41 major,
1635 2195 129 33 avsedd

260 2247 53 31 för
336 2246 166 32 assistent
524 2249 34 29 åt
579 2247 224 41 inspektören
826 2247 52 31 för
900 2247 67 31 den
992 2246 156 32 tekniska
1164 2247 161 40 tjänsten,
1343 2247 63 31 och
1424 2258 40 20 en
1486 2258 40 20 av
1541 2247 223 40 beställning-

261 2309 82 19 arna
375 2297 53 32 för
461 2298 107 40 major
602 2298 83 31 eller
718 2297 136 42 kapten,
889 2297 129 32 avsedd
1051 2298 52 30 för
1130 2297 121 31 chefen
1285 2297 52 31 för
1369 2297 213 42 flygvapnets
1605 2296 159 32 tekniska

262 2348 104 38 skola,
383 2349 72 37 bör,
473 2348 194 32 framhåller
683 2348 388 41 departementschefen,
1089 2348 52 31 till
1153 2348 422 41 personalförteckningen
1588 2347 175 32 meddelas

261 2398 174 32 föreskrift
459 2410 55 20 om
538 2400 48 30 att
609 2399 42 31 de
675 2398 98 32 skola
795 2399 109 31 hållas
927 2399 146 31 vakanta
1095 2398 110 32 under
1228 2398 51 32 tid
1303 2399 43 30 då
1368 2399 51 30 för
1435 2398 193 42 respektive
1644 2398 119 32 befatt-

262 2449 82 41 ning
366 2449 129 33 avsedd
517 2449 210 41 beställning
750 2449 52 31 för
823 2449 410 42 flygingenjörspersonal
1256 2451 37 29 är
1315 2449 132 31 tillsatt.
