1906 2806
614 133 263 30 Statsutskotltets
899 132 167 29 utlåtande
1088 140 38 19 nr
1146 131 69 28 161.
1623 124 38 31 13

422 209 28 31 3.
474 207 161 32 Arvoden
678 206 64 32 och
780 205 168 32 särskilda
985 204 239 40 ersättningar,
1263 203 53 31 be-

479 258 135 31 stämda
637 268 40 20 av
701 256 126 41 Kungl.
851 255 107 42 Maj:t,
974 254 197 41 förslagsvis
1192 279 125 6 ........
1346 252 136 31 kronor
1550 250 111 31 18720

423 310 28 30 4.
475 308 212 41 Avlöningar
703 307 54 31 till
774 306 95 41 övrig
884 304 259 33 icke-ordinarie
1156 303 161 42 personal
1400 315 12 15 »
1494 301 94 31 1090
1599 300 62 32 000

423 361 28 30 5.
476 358 135 42 Rörligt
634 358 127 41 tillägg,
778 356 536 41 förslägsVis..sssssesssrsssrssrs
1403 364 12 16 >
1526 352 62 30 203
1601 351 61 31 280

1181 414 141 31 Summa
1344 413 127 30 kronor
1496 411 90 31 1937
1600 411 63 31 000

810 510 173 32 Särskilda
1005 507 275 43 uppbördsmedel:

425 570 295 38 Pensionsmedel,
737 568 195 42 förslagsvis
949 592 367 8 ssssessrsrssrsrrsr
1259 564 61 51 sera
1345 565 126 32 kronor
1526 564 61 31 257
1600 564 63 32 000

1111 625 212 42 Nettoutgift
1346 625 126 31 kronor
1497 624 92 31 1680
1600 623 63 32 000

478 714 28 40 c)
529 713 53 32 till
605 712 357 41 Arméförvaltningen:
996 711 205 40 Avlöningar
1223 710 53 31 för
1298 709 204 41 budgetåret
1526 707 137 39 1948/49

426 764 117 32 anvisa
567 765 49 30 ett
639 762 269 42 förslagsanslag
930 772 40 21 av
995 762 93 31 1680
1099 761 63 31 000
1184 761 136 30 kronor.

211 876 82 41 10:0)
328 876 306 39 Flygförvaltningen:
671 874 191 38 Avlöningar.
909 872 115 32 Sedan
1058 871 129 41 Kungl.
1222 870 98 41 Maj:t
1354 869 11 32 i
1399 868 264 43 propositionen

156 938 40 20 nr
220 928 15 29 1
261 926 107 31 under
392 924 108 42 fjärde
522 923 219 32 huvudtiteln
769 922 119 41 (punkt
910 921 51 41 20)
991 920 178 41 föreslagit
1190 920 183 39 riksdagen
1396 920 58 35 att,
1478 918 11 30 i
1513 918 148 30 avbidan

156 981 44 38 på
226 977 147 32 särskild
401 975 214 42 proposition
642 975 11 30 i
681 976 120 35 ämnet,
829 974 54 31 till
911 972 258 40 ifrågavarande
1197 971 155 31 ändamål
1379 971 53 29 för
1461 970 199 39 budgetåret

160 1031 137 35 1948/49
330 1030 149 32 beräkna
511 1031 48 30 ett
591 1027 270 42 förslagsanslag
883 1038 40 21 av
947 1027 91 31 1000
1052 1027 60 30 000
1136 1026 132 37 kronor,
1292 1025 62 31 har
1377 1023 125 42 Kungl.
1526 1023 102 41 Maj:t
1652 1023 12 30 i

157 1081 200 32 förberörda
380 1079 214 42 proposition
617 1090 41 19 nr
681 1078 60 31 209
772 1077 119 41 (punkt
916 1077 47 37 10,
990 1087 25 20 s.
1040 1076 136 40 37—42)
1207 1074 178 41 föreslagit
1408 1074 181 40 riksdagen
1613 1075 48 28 att

210 1133 73 31 dels
310 1132 178 43 godkänna
514 1142 40 20 av
582 1129 376 42 departementschefen
984 1128 182 30 förordade
1193 1127 181 40 ändringar
1400 1126 11 30 i
1437 1125 224 42 personalför-

155 1185 203 41 teckningen
380 1184 54 31 för
454 1182 334 43 flygförvaltningen,

210 1237 73 31 dels
311 1235 171 33 fastställa
509 1246 39 20 av
576 1233 376 43 departementschefen
979 1231 162 31 förordad
1169 1231 249 40 avlöningsstat
1445 1230 53 29 för
1524 1229 137 41 flygför-

158 1289 204 39 valtningen,
386 1290 49 29 att
455 1287 173 41 tillämpas
649 1286 72 31 tills
742 1285 113 31 vidare
876 1286 74 30 från
970 1284 63 31 och
1053 1283 77 31 med
1150 1283 203 40 budgetåret
1375 1281 143 36 1948/49,

211 1340 72 32 dels
309 1341 61 31 ock
394 1339 55 31 till
473 1337 349 44 Flygförvaltningen:
848 1336 211 40 Avlöningar
1082 1335 53 30 för
1159 1335 203 39 budgetåret
1386 1333 134 31 1948/49
1546 1333 115 30 anvisa

157 1395 50 30 ett
229 1391 268 42 förslagsanslag
518 1401 41 21 av
582 1390 60 31 896
655 1390 63 30 000
737 1390 132 29 kronor.

211 1502 236 32 Förevarande
486 1501 117 41 anslag
642 1503 36 28 är
716 1500 53 30 för
807 1498 227 32 innevarande
1062 1498 168 40 budgetår
1256 1497 141 40 uppfört
1424 1496 76 30 med
1528 1496 60 30 850
1602 1496 60 29 000

158 1556 132 30 kronor.

211 1607 89 31 Från
325 1606 62 32 och
410 1605 76 31 med
511 1605 66 31 den
602 1605 15 30 1
644 1604 66 41 maj
737 1603 80 31 1948
841 1603 60 30 har
924 1600 501 40 fortifikationsförvaltningen
1448 1599 11 30 i
1482 1599 181 30 huvudsak

162 1660 167 41 övertagit
362 1659 41 31 de
434 1658 300 42 arbetsuppgifter,
766 1668 74 20 som
873 1667 44 21 nu
939 1656 178 31 ankomma
1138 1657 44 40 på
1202 1654 106 32 bland
1330 1655 102 30 annat
1454 1652 211 42 flygförvalt-

160 1712 141 41 ningens
318 1710 362 43 byggnadsavdelning
697 1709 75 31 med
789 1709 174 40 undantag
981 1718 40 21 av
1040 1708 77 31 dess
1136 1706 250 42 flygfältsbyrå,
1401 1716 73 21 som
1486 1705 155 31 kvarstår
1655 1704 11 31 i

160 1761 342 43 flygförvaltningens
521 1759 232 42 organisation
770 1760 112 29 såsom
900 1769 42 19 en
958 1757 76 31 med
1052 1756 268 31 ämbetsverkets
1338 1755 221 40 avdelningar
1577 1755 86 30 sido-

160 1814 130 31 ordnad
314 1814 93 41 byrå.
444 1812 119 31 Ehuru
588 1812 118 40 frågan
733 1821 53 20 om
812 1809 281 42 flygfältsbyråns
1120 1809 70 29 inre
1217 1807 233 40 organisation
1476 1808 89 29 ännu
1591 1807 72 29 icke

159 1867 37 29 är
218 1865 76 37 löst,
319 1865 62 30 har
404 1862 374 42 departementschefen
802 1863 111 29 ansett
937 1860 225 40 erforderligt,
1187 1861 50 29 att
1260 1859 104 30 redan
1386 1869 44 19 nu
1454 1859 144 29 inrättas
1622 1868 42 19 en

161 1916 168 32 ordinarie
346 1915 194 41 befattning
555 1915 55 30 för
624 1914 125 42 byråns
767 1913 84 37 chef,
870 1912 113 32 vilken
1000 1912 145 30 föreslås
1163 1910 157 41 placerad
1339 1910 10 29 i
1367 1910 50 40 Cp
1432 1910 47 30 10.

213 1966 385 42 Departementschefen
627 1965 152 37 föreslår,
808 1967 50 28 att
885 1964 64 30 den
977 1965 19 28 å
1023 1962 419 42 personalförteckningen
1471 1961 52 30 för
1552 1962 112 29 närva-

160 2019 104 32 rande
286 2018 170 42 uppförda
475 2017 238 41 befattningen
734 2018 19 29 å
771 2015 187 41 civilbyrån
978 2015 11 30 i
1010 2015 47 30 Ca
1071 2015 40 30 29
1131 2014 136 40 utbytes
1289 2015 70 28 mot
1379 2023 40 20 en
1438 2012 196 40 befattning
1653 2012 12 29 i

161 2071 46 31 Ce
221 2072 48 31 27.
304 2070 121 32 Under
446 2069 381 40 icke-ordinarieposten
851 2068 118 30 räknas
993 2066 74 31 med
1091 2066 148 30 arvoden
1262 2067 18 28 å
1302 2065 103 38 högst
1426 2064 93 30 2400
1541 2064 124 30 kronor

162 2127 34 29 åt
210 2135 40 21 en
266 2123 317 42 flygoftomologisk
597 2123 62 31 och
674 2133 40 20 en
728 2120 244 43 flygotologisk
986 2122 126 39 expert.
1126 2119 126 31 Vidare
1266 2118 142 31 föreslås
1422 2120 48 29 att
1484 2117 53 31 för
1550 2117 118 31 chefen

161 2176 53 29 för
233 2173 343 42 flygförvaltningens
597 2171 280 40 verkstadsbyrås
898 2170 241 31 socialsektion
1159 2169 141 30 inrättas
1321 2178 40 20 en
1381 2168 192 39 befattning
1592 2178 73 19 som

162 2226 104 30 förste
287 2224 241 42 byråingenjör
548 2224 10 30 i
581 2224 45 29 Ce
641 2223 49 31 29.
722 2223 17 30 I
760 2223 149 38 enlighet
930 2221 76 30 med
1028 2221 41 30 de
1091 2231 40 19 av
1152 2220 79 30 1947
1253 2221 54 29 års
1329 2220 137 41 riksdag
1486 2219 178 30 beslutade

161 2277 215 39 riktlinjerna
399 2276 53 30 för
474 2287 41 19 en
537 2272 511 43 tjänsteförteckningsrevision
1071 2272 91 29 inom
1186 2272 167 30 försvaret
1375 2270 143 30 föreslås
1542 2272 50 28 att
1615 2270 50 29 be-

162 2328 231 40 fattningarna
421 2327 52 30 för
501 2328 15 28 1
546 2325 339 41 domäntjänsteman,
915 2324 15 29 1
959 2322 371 31 drivmedelsassistent
1356 2321 62 30 och
1446 2322 15 28 1
1491 2321 174 29 motorfor-

162 2378 262 38 donsassistent,
446 2377 158 41 samtliga
626 2377 9 30 i
658 2377 46 30 Ce
717 2377 49 36 27,
789 2376 137 39 utbytas
948 2376 69 28 mot
1038 2375 18 29 3
1079 2373 231 38 befattningar
1331 2373 52 29 för
1405 2372 261 40 byråintendent

164 2431 8 29 i
197 2441 123 20 samma
346 2430 170 39 lönegrad.
