1887 2834
251 182 19 29 2
525 180 404 40 Bevillningsutskottets
950 179 217 30 betänkande
1188 190 42 20 nr
1252 180 39 29 14
1311 180 38 30 år
1371 179 83 30 1968

250 266 178 38 transport
452 263 49 30 till
523 264 64 29 och
609 263 79 30 från
711 262 252 40 arbetsplatsen
985 262 81 30 eller
1088 262 344 39 ulbildningsstället.
1454 262 167 29 Närmare
1643 261 88 30 före-

252 318 142 30 skrifter
413 319 11 28 i
442 318 99 39 fråga
559 327 56 21 om
634 317 267 40 tillämpningen
920 317 176 30 meddelas
1115 326 41 20 av
1174 316 195 40 Konungen
1388 317 81 29 eller
1489 316 67 29 den
1574 316 158 40 myndig-

250 373 59 29 het
333 382 73 21 som
429 372 194 40 Konungen
646 372 220 30 bestämmer.
890 371 125 40 Kungl.
1039 371 105 39 Maj:t
1167 371 63 29 har
1255 370 185 40 uppdragit
1464 370 35 30 åt
1521 370 211 30 riksförsäk-

250 427 216 39 ringsverket
488 428 60 33 atl,
571 426 87 30 efter
681 425 140 31 samråd
843 426 79 29 med
943 425 481 39 arbetsmarknadsstyrelsen
1447 425 64 29 och
1532 423 200 30 medicinal-

253 481 178 39 styrelsen,
449 481 159 29 meddela
626 480 131 30 sådana
773 480 230 30 föreskrifter.

296 536 115 38 Enligt
427 535 18 30 6
463 535 15 37 8
497 535 249 39 förordningen
762 534 177 40 angående
954 534 330 38 omsättningsskatt
1299 533 44 39 på
1359 532 240 30 motorfordon
1614 532 11 29 i
1641 532 92 30 vissa

252 590 62 29 fall
340 589 91 35 (SFS
452 589 98 30 1956:
567 588 79 35 545)
672 590 37 28 är
729 589 135 34 fordon,
884 588 107 30 vilket
1011 588 105 39 enligt
1135 588 44 29 bl.
1200 597 29 20 a.
1251 587 17 30 2
1291 587 15 37 8
1328 587 111 29 första
1460 587 133 39 stycket
1612 588 34 32 c)
1670 586 63 30 bil-

252 644 367 38 skatteförordningen
639 643 136 30 funnils
795 652 82 20 vara
897 642 156 30 frikallat
1073 642 80 29 från
1172 641 256 39 bilskatteplikt
1448 642 81 28 eller
1549 640 107 29 vilket
1676 650 57 19 en-

252 698 61 39 ligt
337 698 17 30 2
380 698 14 37 $
419 698 110 30 andra
552 698 133 39 slycket
708 706 134 21 samma
865 696 204 40 förordning
1092 706 42 20 av
1155 695 224 40 länsstyrelse
1402 695 144 29 befriats
1570 694 80 30 från
1671 693 62 30 bil-

252 753 214 39 skatteplikt,
493 753 85 28 även
602 751 126 31 befriat
753 751 79 30 från
856 750 330 40 omsättningsskatt
1211 749 119 30 såvida
1353 749 71 30 inte
1449 748 250 39 länsstyrelsen
1722 748 12 28 i

253 807 170 30 samband
442 807 79 29 med
540 806 149 30 beslutet
709 815 56 20 om
786 805 275 30 skattebefrielse
1080 822 45 3 —
1143 805 44 29 då
1207 804 173 30 särskilda
1401 803 75 30 skäl
1497 802 116 30 därtill
1634 802 37 29 är
1691 820 45 2 —

253 861 182 29 förordnat
453 862 49 27 att
519 860 197 38 återbäring
733 870 41 19 av
791 860 117 38 erlagd
925 858 329 38 omsättningsskatt
1272 858 29 38 ej
1324 858 87 29 skall
1430 858 63 37 äga
1509 866 90 19 rum.

297 914 73 29 Den
391 922 74 21 som
485 914 106 38 enligt
610 912 239 40 nyssnämnda
869 911 262 30 bestämmelser
1150 911 11 29 i
1180 909 417 39 bilskatteförordningen
1617 909 37 28 är
1675 908 60 29 fri-

252 968 117 30 kallad
391 968 79 29 från
492 967 203 40 skalteplikt
718 968 37 28 är
776 966 105 39 enligt
903 965 249 40 förordningen
1173 974 58 21 om
1251 964 120 40 bidrag
1392 964 52 29 till
1466 963 147 30 vanföra
1634 963 100 39 ägare

253 1032 42 20 av
315 1021 243 30 motorfordon
584 1021 91 34 (SFS
699 1020 194 33 1960:603)
919 1020 194 38 berättigad
1134 1019 52 29 till
1207 1019 121 39 bidrag
1350 1028 41 19 av
1413 1018 178 29 allmänna
1612 1016 122 29 medel.

253 1076 103 30 Detta
376 1085 24 20 s.
421 1076 33 29 k.
474 1074 363 40 bensinskattebidrag
857 1075 37 28 är
914 1073 54 30 för
988 1073 71 29 helt
1080 1073 37 29 år
1136 1073 170 29 beräknat
1326 1072 52 29 till
1397 1071 135 39 belopp,
1554 1079 74 21 som
1649 1071 86 28 mot-

255 1140 119 20 svarar
391 1131 138 29 skatten
547 1129 54 30 för
618 1129 69 29 viss
704 1129 11 28 i
733 1128 249 39 förordningen
1000 1127 146 39 angiven
1164 1126 129 39 mängd
1309 1125 123 30 bensin
1450 1125 81 29 eller
1549 1123 187 40 brännolja

253 1202 35 2 —
311 1183 62 30 480
389 1193 89 29 resp.
495 1183 62 29 340
573 1183 88 29 liter.

298 1238 222 29 Gemensamt
534 1237 53 29 för
602 1237 41 29 de
657 1237 178 38 återgivna
847 1236 310 30 bestämmelserna
1171 1243 56 21 om
1243 1232 288 32 skattelättnader
1546 1232 53 29 för
1614 1231 122 30 handi-

253 1292 160 39 kappade
436 1292 37 29 är
496 1293 49 28 att
569 1300 74 20 som
664 1291 126 29 villkor
813 1289 120 30 härför
956 1288 187 40 uppställts
1167 1290 50 27 att
1240 1287 160 30 fordonet
1423 1285 111 30 måste
1557 1284 179 30 användas

254 1346 54 29 för
327 1345 382 30 förvärvsverksamhet
726 1345 81 28 eller
825 1343 208 38 utbildning.
1052 1344 13 28 I
1084 1343 130 29 sådana
1232 1342 62 29 fall
1312 1342 70 28 kan
1401 1342 85 28 även
1504 1339 232 30 arbetsmark-

255 1399 260 39 nadsstyrelsen
531 1399 118 29 lämna
664 1398 121 39 bidrag
800 1397 52 30 till
869 1396 234 31 anskaffande
1119 1405 43 20 av
1176 1394 230 30 invalidbilar.

299 1453 116 39 Enligt
433 1452 17 30 3
472 1452 14 37 $
506 1452 233 39 kungörelsen
756 1461 57 20 om
832 1450 209 40 statsbidrag
1059 1450 52 29 till
1128 1449 93 30 vissa
1239 1448 212 40 hjälpmedel
1471 1447 53 29 för
1542 1446 195 39 handikap-

254 1507 88 39 pade
365 1507 91 34 (SFS
475 1506 98 30 1965:
589 1505 80 30 544)
691 1505 100 39 utgår
810 1504 211 39 statsbidrag
1037 1505 86 28 även
1140 1504 63 28 när
1221 1503 66 29 den
1306 1511 74 20 som
1397 1501 195 29 ordinerats
1610 1501 127 27 motor-

254 1561 121 29 driven
397 1560 222 39 invalidvagn
641 1560 11 28 i
675 1560 114 28 stället
812 1559 54 29 för
890 1558 108 30 sådan
1020 1565 89 31 vagn
1132 1556 139 30 erhållit
1293 1555 274 38 kontantbelopp
1591 1553 54 29 för
1668 1553 68 38 köp

255 1624 42 20 av
314 1614 190 34 invalidbil,
523 1614 111 29 under
653 1613 252 38 förutsättning
924 1614 50 27 att
992 1612 70 28 han
1080 1611 87 29 efter
1186 1609 243 30 ordinationen
1449 1609 83 38 köpt
1553 1607 108 30 sådan
1679 1606 57 34 bil,

256 1678 75 20 som
355 1669 70 28 han
448 1668 64 29 har
535 1668 70 29 rätt
628 1669 50 27 att
702 1667 76 29 föra
804 1666 97 40 själv,
927 1666 64 29 och
1015 1665 75 29 icke
1115 1664 137 30 erhållit
1278 1662 209 39 statsbidrag
1511 1661 52 29 till
1589 1660 115 29 denna
1726 1659 12 29 i

254 1731 118 20 annan
392 1722 158 38 ordning.
572 1721 215 39 Statsbidrag
806 1720 101 39 utgår
927 1719 122 29 endast
1069 1719 54 29 för
1143 1717 222 38 invalidvagn
1387 1725 73 20 som
1481 1715 195 29 ordinerats
1697 1722 41 20 av

254 1776 94 29 vissa
370 1776 10 28 i
404 1775 232 39 kungörelsen
661 1774 148 39 angivna
833 1773 261 40 tjänsteläkare.
1120 1772 13 28 I
1158 1771 99 39 fråga
1280 1780 57 19 om
1361 1770 107 39 inköp
1493 1778 42 20 av
1557 1767 181 30 invalidbil

254 1829 102 39 utgår
383 1829 209 38 statsbidrag
618 1828 78 29 med
721 1828 124 38 belopp
872 1836 74 20 som
972 1828 193 27 motsvarar
1191 1824 310 37 kontantbeloppet
1526 1822 11 28 i
1563 1822 67 28 den
1656 1821 82 29 mån

256 1883 94 29 detta
366 1883 75 29 icke
459 1882 186 38 överstiger
664 1882 110 38 skälig
792 1881 149 29 kostnad
959 1880 53 29 för
1030 1878 234 31 anskaffande
1282 1887 40 20 av
1340 1876 236 30 motordriven
1592 1874 146 30 invalid-

256 1944 99 31 vagn.
372 1937 122 28 Denna
510 1936 150 29 kostnad
676 1935 208 39 uppskaltas
901 1934 23 29 f.
942 1944 32 19 n.
990 1934 52 29 till
1071 1933 6 29 2
1092 1932 129 30 000—2
1234 1931 62 30 300
1313 1932 51 28 kr.

300 1990 136 39 Frågan
453 1999 57 20 om
527 1999 42 19 en
587 1990 146 38 översyn
751 1998 41 20 av
809 1989 40 28 de
867 1987 288 39 handikappades
1172 1986 244 29 förhållanden
1434 1985 10 28 i
1461 1985 67 29 vad
1545 1993 98 20 avser
1660 1984 78 38 väg-

255 2044 381 38 trafikbeskattningen
660 2042 98 39 ingår
783 2043 11 28 i
818 2042 202 39 uppdragen
1047 2041 53 29 för
1125 2040 58 29 två
1207 2039 110 30 under
1345 2038 82 30 1965
1453 2038 146 29 tillsatta
1623 2037 116 29 utred-

254 2098 134 39 ningar,
413 2097 175 39 nämligen
610 2096 398 38 bilskatteutredningen
1031 2095 65 29 och
1118 2092 448 40 handikapputredningen.
1591 2091 12 29 I
1626 2090 113 30 direk-

259 2151 90 30 tiven
366 2152 55 39 för
438 2149 396 40 bilskatteutredningen
852 2149 120 30 anförs
987 2149 12 29 i
1016 2149 113 29 denna
1146 2148 99 39 fråga
1261 2146 167 40 följande.

302 2223 119 30 Redan
440 2223 11 29 i
471 2223 56 29 det
548 2221 206 40 föregående
774 2220 152 30 nämnde
945 2220 60 40 jag
1024 2222 50 27 att
1094 2219 232 39 utredningen
1345 2219 62 30 bör
1429 2228 34 21 se
1484 2219 79 29 över
1582 2219 158 38 reglerna

257 2278 59 19 om
341 2267 182 39 möjlighet
548 2267 52 29 till
625 2267 161 29 befrielse
813 2265 79 30 från
919 2265 297 29 automobilskatt.
1243 2264 111 29 Bland
1381 2264 101 29 dessa
1507 2264 110 38 regler
1644 2263 96 29 finns

259 2312 172 30 särskilda
456 2312 262 29 bestämmelser
744 2310 149 30 rörande
919 2309 279 39 handikappade.
1226 2308 93 30 även
1345 2308 221 30 beträffande
1593 2307 147 30 drivme-

256 2356 347 39 delsbeskattningen
621 2356 177 38 tillämpas
820 2354 173 30 särskilda
1012 2354 262 30 bestämmelser
1295 2353 55 29 för
1370 2353 115 29 denna
1504 2352 166 39 kategori.
1691 2352 49 29 De

259 2401 221 31 sistnämnda
493 2401 311 30 bestämmelserna
820 2401 37 28 är
872 2399 199 29 utformade
1089 2407 74 21 som
1179 2400 48 27 ett
1243 2398 243 39 provisorium.
1502 2397 238 39 Utredningen

256 2447 63 29 bör
338 2446 207 30 eftersträva
562 2455 42 20 en
621 2445 138 39 lösning
777 2444 54 30 för
850 2444 41 29 de
909 2443 287 40 handikappades
1214 2442 271 30 vidkommande
1504 2451 42 20 av
1563 2451 73 20 mer
1655 2441 85 30 defi-

256 2491 90 29 nitiv
366 2490 176 29 karaktär.
566 2489 267 39 Möjligheterna
855 2490 51 28 att
926 2488 182 39 tillgodose
1130 2488 42 29 de
1194 2487 268 39 handikappade
1485 2494 123 31 genom
1631 2486 110 29 andra

257 2536 132 28 former
406 2544 42 20 av
465 2534 127 30 sociala
609 2534 178 29 förmåner
803 2534 62 29 bör
882 2533 122 29 därvid
1020 2532 228 29 undersökas.
