1880 2834
269 160 20 30 4
643 156 286 31 Statsutskottets
944 155 179 31 utlåtande
1137 164 43 21 nr
1195 155 40 30 15
1249 154 40 31 år
1303 154 84 31 1970

270 240 79 30 med
373 241 50 29 att
447 239 160 31 utveckla
630 239 156 30 metoder
809 238 55 30 för
887 239 49 28 att
960 237 96 30 mäta
1078 236 241 41 prestationer,
1343 235 252 42 produktivitet
1620 235 66 31 och
1709 234 48 31 ef-

270 293 173 32 fektivitet
461 293 244 31 målmedvetet
725 292 172 40 fullföljes
914 292 80 30 med
1014 292 127 30 största
1158 290 146 41 möjliga
1323 290 262 41 skyndsambhet.

313 376 175 31 Utskottet
501 375 204 31 hemställer

635 429 28 30 1.
689 430 49 29 att
765 428 187 40 riksdagen
977 427 229 40 bemyndigar
1232 427 126 39 Kungl.
1385 426 105 40 Maj:t
1517 427 49 28 att
1594 427 85 28 utan
1706 426 49 29 att

588 483 88 31 höra
694 483 205 40 riksdagens
918 481 275 40 lönedelegation
1213 481 186 40 godkänna
1419 480 131 30 sådana
1569 480 92 30 avtal
1681 488 74 21 som

588 538 147 29 innebär
760 538 132 29 smärre
914 536 289 30 modifikationer
1225 536 11 29 i
1260 536 108 29 redan
1393 535 158 39 gällande
1575 535 91 29 avtal
1691 533 66 30 och

591 600 74 22 som
682 591 122 30 endast
818 590 12 30 i
846 590 99 40 ringa
959 588 83 32 mån
1057 588 137 31 medför
1210 588 149 40 ändring
1373 588 12 30 i
1402 589 131 29 statens
1549 586 205 41 åtaganden,

633 646 30 30 2.
689 647 49 28 att
759 645 187 39 riksdagen
965 643 228 40 bemyndigar
1213 643 125 39 Kungl.
1359 642 105 40 Maj:t
1486 643 49 29 att
1554 641 141 40 vidtaga
1714 641 41 30 de

590 699 161 40 åtgärder
771 708 74 21 som
863 698 130 30 behövs
1012 697 55 31 för
1087 699 49 28 att
1156 696 204 41 genomföra
1379 705 42 21 av
1440 696 204 39 riksdagens
1664 695 92 30 löne-

589 754 195 39 delegation
812 752 185 41 godkända
1023 751 131 40 förslag
1180 751 53 30 till
1260 751 172 39 reglering
1459 759 41 21 av
1529 749 131 31 sådana
1687 749 69 30 för-

588 806 306 38 handlingsfrågor
909 816 56 20 om
979 805 357 37 anställningsvillkor
1352 814 74 21 som
1441 803 221 37 undantagits
1677 802 80 31 från

589 862 102 29 avtal.

311 932 202 31 Stockholm
537 932 66 30 den
629 931 39 30 10
694 931 154 30 februari
874 930 83 31 1970

762 1012 50 30 På
826 1012 277 30 statsutskottets
1117 1011 146 40 vägnar:

836 1083 140 32 GÖSTA
1001 1082 190 31 BOHMAN

313 1312 65 30 Vid
395 1311 161 30 ärendets
573 1309 283 40 slutbehandling
871 1309 96 30 inom
983 1308 170 30 utskottet
1169 1307 65 30 har
1250 1306 154 31 närvarit

312 1374 80 30 från
425 1373 167 30 första
626 1373 222 29 kammaren:
873 1371 123 30 herrar
1018 1370 160 30 Bohman
1207 1369 84 35 (m),
1315 1369 120 39 Birger
1459 1368 201 30 Andersson
1690 1366 64 35 (s),

267 1419 93 30 Fritz
382 1419 150 29 Persson
559 1417 64 35 (s),
646 1417 85 30 Axel
753 1416 201 30 Andersson
982 1415 86 40 (fp),
1091 1415 132 30 Rikard
1247 1414 173 30 Svensson
1447 1413 65 35 (s),
1535 1412 221 30 Mårtensson

273 1464 64 34 (s),
359 1464 65 29 Per
443 1463 192 30 Jacobsson
661 1461 86 41 (fp),
769 1461 106 30 Bertil
896 1461 185 29 Petersson
1106 1459 65 35 (s),
1192 1459 175 39 Bengtson
1393 1458 89 40 (cp),
1504 1458 137 39 Nyman
1668 1456 86 41 (fp),

268 1509 185 38 Rönnberg
477 1507 65 35 (s),
564 1507 138 40 Kaijser
727 1506 83 35 (m),
832 1506 110 40 Björk
966 1505 64 34 (s),
1052 1504 58 30 fru
1130 1504 90 40 Lilly
1240 1503 153 31 Ohlsson
1418 1503 50 34 (s)
1494 1503 65 30 och
1578 1502 82 30 herr
1680 1501 76 31 Olle

267 1553 171 30 Eriksson
456 1551 76 41 (cp)
552 1553 89 29 samt

312 1616 80 29 från
424 1615 141 30 andra
585 1615 221 29 kammaren:
828 1613 122 30 herrar
971 1612 168 30 Karlsson
1158 1612 12 30 i
1191 1611 194 30 Olofström
1411 1610 64 35 (s),
1498 1610 165 39 Almgren
1689 1609 64 35 (s),

266 1660 192 31 Gustafson
481 1660 11 29 i
517 1659 171 39 Göteborg
716 1658 86 41 (fp),
827 1657 245 31 Nordstrandh
1101 1656 83 35 (m),
1210 1655 187 31 Lindholm
1428 1654 64 36 (s),
1518 1655 142 39 Alemyr
1689 1653 64 35 (5),

266 1705 198 39 Fagerlund
493 1704 65 35 (s),
584 1704 176 39 Dahlgren
789 1703 90 40 (cp),
905 1702 214 30 Gustavsson
1142 1702 11 29 i
1178 1701 204 39 Ängelholm
1412 1700 64 34 (s),
1504 1700 130 40 Sjönell
1664 1698 90 41 (cp),

267 1750 211 30 Zachrisson
506 1749 64 34 (s),
595 1748 58 30 fru
677 1747 130 31 Gradin
835 1747 64 35 (s),
923 1747 122 29 herrar
1068 1745 181 40 Lothigius
1279 1745 82 35 (m),
1387 1745 170 29 Elmstedt
1587 1744 75 40 (cp)
1691 1744 65 30 och

267 1795 170 30 Eriksson
450 1795 10 29 i
475 1794 131 30 Arvika
624 1793 87 40 (fp).
