1882 2770
438 171 122 29 Första
578 169 246 40 lagutskottets
843 167 179 31 utlåtande
1038 176 43 20 nr
1100 167 38 29 12
1155 166 38 30 år
1212 166 83 29 1962
1590 162 18 28 5

126 254 113 30 relsen
262 253 80 29 med
366 251 218 30 bestämdhet
609 249 142 34 hävdar,
777 251 50 28 att
851 248 198 39 boxningen
1072 247 11 29 i
1109 247 53 29 sin
1187 244 266 41 professionella
1476 261 45 3 —
1545 242 65 30 och

126 310 88 27 mest
239 305 215 31 utmanande
477 323 44 3 —
546 304 91 30 form
662 304 62 29 bör
750 302 185 39 förbjudas
960 302 10 29 i
997 300 146 39 Sverige.
1169 299 260 30 Motionärerna
1454 296 156 30 ansluter

125 362 51 38 sig
196 362 52 29 till
271 361 114 29 denna
407 358 226 40 uppfattning
655 358 64 29 och
741 357 116 29 finner
879 356 57 29 det
958 355 130 38 rimligt
1110 354 65 29 och
1197 353 130 38 riktigt,
1351 353 50 27 att
1424 350 186 38 riksdagen

127 416 136 28 snarast
279 414 54 30 får
347 413 136 31 tillfälle
499 414 49 28 att
563 414 35 28 ta
614 411 165 39 ställning
793 411 10 29 i
819 410 134 39 frågan.

768 540 194 36 Utskottet

174 630 194 39 Offentliga
398 628 262 38 tillställningar
690 627 150 38 regleras
871 626 11 28 i
914 624 178 30 allmänna
1123 620 316 40 ordningsstadgan
1471 618 66 29 den
1572 617 38 29 14

128 684 180 30 december
334 683 93 30 1956.
450 683 12 29 I
487 681 98 39 fråga
607 690 57 21 om
686 680 130 38 tävling
839 679 65 29 och
928 676 209 41 uppvisning
1159 676 10 29 i
1192 673 244 41 professionell
1459 672 152 37 boxning

130 738 145 29 innebär
304 736 320 33 bestämmelserna,
654 736 50 28 att
733 732 159 31 tillstånd
922 731 137 29 fordras
1089 729 55 29 för
1173 726 227 32 anordnande
1430 735 41 20 av
1502 724 109 30 sådan

130 791 231 38 tillställning.
395 788 408 40 Tillståndsprövningen
838 786 205 30 ankommer
1078 783 19 30 å
1130 780 257 32 vederbörande
1422 779 190 40 polismyn-

129 846 126 38 dighet,
274 854 76 20 som
367 843 121 30 därvid
505 843 106 38 enligt
630 841 116 40 praxis
764 841 64 28 har
845 841 51 28 att
913 841 80 36 taga
1009 838 137 38 hänsyn
1163 836 52 29 till
1234 835 178 30 allmänna
1430 832 182 38 ordnings-

128 900 66 29 och
214 896 438 32 säkerhetsförhållanden.

174 950 299 41 Organisatoriskt
491 949 96 40 lyder
604 949 66 29 den
688 946 266 41 professionella
970 944 197 38 boxningen
1184 943 11 29 i
1211 942 77 30 vårt
1306 940 81 30 land
1406 939 110 30 under
1535 939 77 29 Sve-

129 1007 89 38 riges
232 1004 266 41 professionella
512 1000 416 41 boxningskommission.
944 997 281 31 Kommissionen
1240 996 39 29 är
1295 994 124 30 utsedd
1434 1003 41 20 av
1491 993 122 29 Svens-

132 1060 45 28 ka
209 1056 362 41 boxningsförbundet
605 1056 65 29 och
703 1055 258 39 representerar
995 1050 187 31 förbundet
1216 1050 10 28 i
1261 1049 184 37 European
1480 1046 132 38 Boxing

129 1114 124 32 Union,
275 1112 67 29 den
363 1110 237 40 organisation
622 1118 75 21 som
717 1107 214 39 handlägger
952 1105 117 39 frågor
1090 1103 147 30 rörande
1259 1102 66 29 den
1347 1099 266 41 professionella

129 1167 195 38 boxningen
348 1166 11 29 i
384 1165 148 38 Europa.
557 1162 283 30 Kommissionen
864 1161 64 29 har
952 1160 52 29 till
1028 1157 138 40 uppgift
1189 1155 106 30 bland
1319 1156 108 28 annat
1452 1155 49 27 att
1525 1152 88 30 efter

131 1220 158 30 ansökan
317 1219 143 30 utfärda
487 1218 107 29 licens
623 1216 54 30 för
706 1224 175 31 personer,
912 1222 73 21 som
1014 1213 39 28 är
1080 1209 251 42 yrkesmässigt
1360 1206 213 40 engagerade
1602 1206 11 28 i

131 1273 243 40 professionell
407 1272 151 38 boxning
592 1273 90 27 samt
716 1272 50 28 att
799 1268 174 30 fastställa
1007 1267 106 39 dagar
1146 1265 54 30 för
1233 1262 266 42 professionella
1532 1261 82 29 box-

130 1327 286 40 ningstävlingar.
438 1327 74 28 Den
533 1325 80 39 äger
635 1325 69 28 rätt
726 1325 50 28 att
796 1323 106 38 vägra
924 1331 42 20 en
988 1319 249 31 okvalificerad
1259 1319 82 28 eller
1363 1316 76 30 icke
1461 1314 154 31 tillräck-

131 1382 61 38 ligt
219 1380 126 30 tränad
372 1380 125 29 boxare
525 1380 50 28 att
603 1377 174 40 uppträda
804 1378 91 27 samt
923 1377 50 27 att
999 1374 145 38 indraga
1172 1371 185 31 utfärdade
1386 1370 156 32 licenser,
1570 1366 45 30 då

132 1435 75 30 skäl
229 1434 119 30 härtill
372 1433 125 29 finnes.

177 1488 66 29 Vid
271 1487 115 29 skilda
412 1485 162 30 tillfällen
602 1485 74 33 har,
705 1483 115 30 såsom
849 1481 155 39 framgår
1031 1490 42 19 av
1101 1478 218 30 förestående
1348 1475 226 39 redogörelse,
1603 1473 11 29 i

131 1541 186 39 riksdagen
337 1540 213 29 diskuterats
571 1538 94 30 olika
684 1536 172 41 spörsmål
876 1534 147 31 rörande
1043 1533 325 38 boxningssporten,
1387 1528 120 31 varvid
1528 1528 86 29 även

132 1595 213 38 ifrågasatts,
374 1603 56 20 om
457 1593 75 29 icke
559 1592 67 29 den
653 1589 267 41 professionella
945 1587 197 39 boxningen
1168 1585 106 30 borde
1302 1582 195 40 förbjudas.
1525 1581 13 29 I
1567 1589 47 20 nu

132 1647 228 31 förevarande
382 1647 171 29 motioner
575 1646 65 29 har
663 1643 219 31 sistnämnda
904 1641 99 40 fråga
1026 1641 72 30 åter
1120 1639 258 31 aktualiserats,
1400 1635 120 31 varvid
1543 1643 72 20 mo-

131 1702 200 29 tionärerna
351 1701 113 39 yrkat,
484 1701 50 28 att
554 1698 187 39 riksdagen
761 1697 108 29 måtte
888 1696 136 29 besluta
1045 1703 55 21 om
1122 1692 190 39 stadgande
1333 1700 42 20 av
1396 1688 126 31 förbud
1543 1689 72 28 mot

132 1756 171 37 tävlingar
319 1755 65 29 och
401 1753 252 40 uppvisningar
667 1752 10 29 i
693 1751 152 38 boxning
862 1750 128 30 mellan
1006 1748 265 41 professionella
1286 1747 137 29 boxare.
1441 1745 79 30 Som
1538 1744 77 29 stöd

132 1809 55 29 för
209 1808 95 30 detta
326 1807 156 40 yrkande
505 1807 64 28 har
593 1805 260 30 motionärerna
875 1803 162 30 hänvisat
1059 1803 52 29 till
1136 1802 56 29 det
1216 1800 169 33 material,
1410 1807 75 21 som
1509 1798 107 29 fram-

133 1862 148 29 kommit
308 1869 124 31 genom
460 1859 230 38 utredningen
717 1867 57 20 om
800 1857 334 38 boxningssportens
1162 1853 320 37 skadeverkningar
1514 1850 101 34 (SOU

136 1915 97 30 1961:
249 1915 58 33 46)
328 1915 64 29 och
408 1915 9 28 i
433 1914 40 29 de
489 1914 79 28 över
585 1912 229 38 utredningen
831 1910 146 39 avgivna
992 1907 345 40 remissyttrandena.

177 1969 12 29 I
212 1968 154 30 nämnda
388 1966 186 38 utredning
597 1965 215 33 framhålles,
835 1966 50 27 att
909 1963 65 29 den
999 1962 148 30 svenska
1169 1960 315 38 boxningssporten
1507 1957 110 29 domi-

133 2032 100 20 neras
257 2031 42 20 av
323 2019 345 39 amatörboxningen.
692 2018 51 30 Av
766 2018 66 29 den
856 2016 233 38 anledningen
1112 2015 64 29 har
1200 2012 340 39 utredningsarbetet
1564 2010 52 30 till

132 2076 71 29 helt
225 2074 238 39 övervägande
486 2073 53 29 del
563 2072 148 30 kommit
733 2073 50 28 att
805 2070 174 30 behandla
1002 2067 333 39 amatörboxningen
1359 2066 65 29 och
1446 2065 78 29 dess
1548 2064 69 29 för-

133 2128 199 30 hållanden.
357 2128 65 29 Det
448 2126 173 40 upplyses,
647 2126 50 28 att
722 2124 111 29 under
858 2123 101 30 årens
985 2123 80 38 lopp
1090 2123 49 28 ett
1164 2121 106 29 40-tal
1297 2119 167 30 svenskar
1490 2117 127 39 sysslat

133 2182 78 30 med
231 2181 243 40 professionell
494 2179 153 38 boxning
666 2178 64 30 och
750 2179 50 28 att
821 2177 55 29 för
896 2175 217 30 närvarande
1133 2184 59 19 sex
1212 2173 168 29 svenskar
1401 2172 38 29 är
1459 2171 159 39 registre-

133 2235 81 30 rade
241 2243 74 21 som
340 2232 266 41 professionella
630 2232 137 28 boxare.
792 2230 127 29 Vidare
945 2228 213 33 framhålles,
1185 2228 50 28 att
1260 2226 66 29 den
1351 2223 267 41 professionella

133 2288 197 38 boxningen
348 2287 39 29 är
405 2285 156 30 avsevärt
580 2284 192 29 riskablare
790 2283 45 29 än
854 2280 334 38 amatörboxningen
1207 2279 109 30 sådan
1335 2278 114 29 denna
1467 2276 55 29 för
1540 2276 79 29 när-

133 2340 151 31 varande
305 2339 157 30 bedrives
483 2339 10 28 i
513 2337 77 30 vårt
611 2336 92 30 land.
726 2337 12 28 I
760 2336 53 29 sin
836 2333 315 38 sammanfattning
1172 2333 64 28 har
1257 2330 361 39 utredningsmannen

134 2394 181 32 förklarat,
336 2394 50 28 att
405 2401 42 20 en
467 2391 191 39 expansion
679 2399 40 20 av
740 2389 66 29 den
826 2387 265 41 professionella
1111 2385 196 38 boxningen
1328 2385 10 28 i
1360 2383 136 38 Sverige
1516 2390 103 31 synes

133 2448 175 39 olämplig.

179 2497 443 42 Sakkunnigbetänkandet
643 2497 64 29 har
729 2494 333 31 remissbehandlats
1083 2494 10 29 i
1113 2493 116 38 vanlig
1251 2491 158 39 ordning.
1432 2489 116 31 Under
1570 2497 50 22 re-
