1876 2850
455 144 399 35 Jordbruksutskottets
879 141 187 32 utlåtande
1090 142 52 31 Nr
1168 141 52 30 54.
1524 139 14 29 1

760 458 59 39 Nr
846 457 64 41 54.

544 585 109 25 Ankom
674 585 44 24 till
736 584 165 32 riksdagens
919 583 93 25 kansli
1032 583 55 24 den
1106 583 32 24 10
1158 582 72 31 april
1251 582 67 24 1934
1337 581 38 24 kl.
1394 581 59 24 4.30
1473 588 23 17 e.
1516 588 40 17 m.

187 689 195 34 Utlåtande
408 691 13 30 i
447 689 196 36 anledning
669 698 46 21 av
743 687 134 37 Kungl.
906 687 130 36 Maj:ts
1061 685 137 37 förslag
1223 683 185 38 angående
1433 682 160 38 kapital-

382 742 135 37 ökning
539 741 58 31 till
616 739 346 37 fiskerilånefonden
982 748 46 22 m.
1048 747 45 22 m.

1351 785 72 37 (1:a
1450 785 95 37 avd.)

122 895 20 32 I
160 897 96 31 årets
274 893 432 38 statsverksproposition,
724 893 156 37 utgifter
903 892 56 32 för
978 891 287 37 kapitalökning,
1284 889 123 37 bilaga
1425 889 28 36 7,
1472 888 120 38 punkt

83 947 19 32 3
133 948 66 31 har
229 947 135 37 Kungl.
395 945 111 38 Maj:t
539 945 188 37 föreslagit
759 944 203 36 riksdagen,
993 944 54 31 att
1076 943 116 31 såsom
1221 941 278 38 kapitalökning
1531 941 58 31 för

84 999 345 33 fiskerilånefonden
458 999 58 31 för
544 997 212 37 budgetåret
786 994 170 41 1934/1935
987 995 128 32 anvisa
1143 995 51 31 ett
1221 992 372 37 reservationsanslag

83 1062 46 22 av
153 1052 127 35 600,000
302 1051 142 31 kronor.

125 1104 191 36 Härjämte
337 1103 65 31 har
422 1101 136 37 Kungl.
577 1100 111 37 Maj:t
708 1101 12 31 i
740 1110 44 21 en
805 1099 57 33 till
882 1099 194 37 riksdagen
1094 1098 69 32 den
1183 1098 18 31 9
1221 1108 97 21 mars
1338 1097 79 32 1934
1436 1096 161 36 avlåten,

84 1156 56 32 till
163 1154 370 39 jordbruksutskottet
555 1152 177 33 hänvisad
754 1151 231 37 proposition,
1008 1161 43 21 nr
1075 1151 67 36 228,
1165 1149 114 32 under
1301 1148 222 37 åberopande
1547 1156 47 23 av

84 1208 115 37 bilagt
218 1207 131 37 utdrag
365 1217 45 22 av
426 1204 393 37 statsrådsprotokollet
835 1206 83 29 över
932 1202 349 37 jordbruksärenden
1300 1201 54 32 för
1370 1210 138 22 samma
1523 1199 72 36 dag

84 1259 190 37 föreslagit
303 1258 193 37 riksdagen
524 1256 177 37 medgiva,
730 1258 56 30 att
813 1255 163 37 uppskov
1006 1254 80 32 med
1114 1253 218 38 erläggande
1361 1263 47 21 av
1438 1253 151 30 amorte-

84 1309 127 38 ringar
245 1311 21 30 å
302 1310 61 31 lån
400 1309 83 31 från
522 1307 344 32 fiskerilånefonden
892 1308 59 30 må
979 1307 124 31 kunna
1127 1305 155 37 beviljas
1308 1305 12 31 i
1345 1303 245 37 huvudsaklig

85 1361 352 32 överensstämmelse
463 1360 81 32 med
570 1371 46 21 av
640 1358 395 38 departementsechefen
1060 1358 13 31 i
1099 1356 394 37 statsrådsprotokollet
1518 1355 74 32 till-

86 1414 119 36 styrkt
233 1413 147 37 förslag.

127 1463 239 33 Beträffande
417 1463 243 37 utredningen
700 1463 13 30 i
745 1461 148 32 ärendet
923 1460 172 32 hänvisas
1125 1460 58 31 till
1213 1459 153 32 berörda
1399 1458 192 32 statsråds-

85 1516 190 38 protokoll.

128 1567 16 31 I
182 1566 175 32 samband
393 1565 151 32 härmed
582 1566 66 31 har
673 1565 178 32 utskottet
878 1564 57 32 till
963 1563 219 37 behandling
1212 1562 161 32 förehaft
1401 1562 63 31 två
1493 1560 99 32 inom

86 1617 193 38 riksdagen
330 1617 140 37 väckta,
511 1617 57 32 till
597 1617 175 31 utskottet
801 1615 197 32 hänvisade
1028 1614 231 38 likalydande
1289 1613 176 32 motioner
1494 1615 99 29 näm-

87 1670 98 37 ligen
212 1669 107 32 I:175
347 1680 46 21 av
420 1669 85 32 herr
535 1668 162 33 Granath
726 1668 65 31 och
819 1668 84 31 herr
930 1667 184 35 Eriksson,
1141 1666 95 37 Carl,
1266 1666 95 31 samt
1390 1665 126 32 II:321
1544 1674 48 22 av

89 1722 84 31 herr
197 1721 176 33 Karlsson
399 1721 12 31 i
436 1720 196 32 Munkedal
656 1730 45 22 m.
726 1720 51 36 fl.,
801 1719 79 31 vari
906 1718 211 36 hemställts,

130 1775 54 30 att
217 1773 193 37 riksdagen
444 1773 115 30 måtte
591 1771 140 32 besluta
762 1772 55 30 att
848 1770 168 37 medgiva
1045 1769 207 32 behövande
1283 1768 190 37 låntagare
1506 1777 88 28 upp-

88 1825 89 32 skov
201 1825 81 32 med
310 1823 228 38 fullgörande
564 1834 46 21 av
636 1825 116 30 ränte-
778 1822 65 32 och
869 1820 473 38 amorteringsbetalningen
1368 1820 57 31 till
1453 1819 142 32 fiskeri-

90 1876 214 31 lånefonden
332 1877 93 30 samt
452 1874 169 37 medgiva
648 1876 55 30 att
730 1872 300 32 låneförmedlare
1060 1872 137 32 erhålla
1224 1871 254 32 motsvarande
1507 1881 88 27 upp-

88 1927 89 32 skov
207 1928 80 31 med
318 1926 230 38 fullgörande
577 1936 46 21 av
650 1924 416 37 betalningsskyldighet
1094 1925 83 35 gent
1205 1924 95 30 emot
1326 1922 228 37 statsverket,

130 1980 54 30 att
234 1978 169 37 medgiva
450 1977 114 31 sådan
593 1976 234 37 förlängning
854 1986 46 21 av
925 1974 350 37 amorteringstiden,
1301 1975 54 30 att
1380 1973 68 32 den
1475 1973 121 37 årliga

90 2039 163 22 summan
277 2039 46 22 av
345 2030 106 30 ränta
473 2028 65 31 och
562 2027 221 37 amortering
805 2027 78 31 icke
906 2026 71 32 blir
1000 2026 57 31 för
1079 2026 214 36 låntagaren
1313 2026 115 30 större
1451 2027 47 29 än
1519 2033 76 23 som

90 2081 63 32 vid
176 2081 115 32 lånets
315 2080 155 37 tagande
493 2078 282 38 ursprungligen
801 2078 203 37 beräknats,

132 2132 85 32 eller
244 2132 107 32 också
379 2131 137 37 bevilja
545 2131 128 35 400,000
701 2130 135 31 kronor
861 2131 55 30 att
942 2129 92 32 efter
1060 2129 114 31 behov
1201 2128 127 32 ställas
1354 2128 57 31 till
1440 2127 156 32 låneför-

92 2184 204 31 medlarnas
335 2182 214 37 förfogande
585 2183 57 30 för
667 2181 229 37 fullgörande
922 2181 57 31 till
1004 2180 216 32 statsverket
1246 2190 46 20 av
1317 2179 135 32 sådana
1478 2180 118 30 ränte-

92 2234 65 32 och
181 2233 481 37 amorteringsbetalningar,
687 2242 76 22 som
787 2242 47 21 av
858 2232 188 36 låntagare
1070 2231 96 31 inom
1191 2231 224 31 föreskriven
1440 2230 53 32 tid
1519 2230 78 32 icke

91 2284 140 33 kunnat
261 2284 135 37 gäldas,
426 2285 95 30 samt
549 2283 168 37 medgiva
745 2282 138 32 sådana
910 2282 134 31 villkor
1077 2282 56 31 för
1165 2281 266 37 återbetalning
1463 2291 46 21 av
1540 2281 59 31 för

92 2335 189 38 låntagare
305 2336 144 31 anvisat
470 2334 139 37 belopp,
632 2336 55 29 att
710 2334 67 31 den
801 2332 273 37 sammanlagda
1096 2332 197 32 kostnaden
1320 2333 57 30 för
1400 2333 106 30 ränta
1531 2332 66 31 och

93 2387 223 37 amortering
338 2396 63 27 per
423 2387 42 30 år
488 2385 133 32 räknat
643 2385 78 31 icke
744 2385 73 31 blir
840 2385 110 36 högre
974 2384 58 31 för
1052 2384 215 36 låntagaren
1291 2385 47 29 än
1362 2393 77 21 som
1464 2383 62 31 vid
1548 2382 53 32 Jlå-

93 2439 79 30 nets
194 2437 155 37 tagande
371 2436 282 37 ursprungligen
677 2436 204 35 beräknats,

100 2509 111 31 Bihang
231 2508 42 26 till
294 2507 166 32 riksdagens
480 2505 146 34 protokoll
650 2505 75 26 1934.
767 2508 32 23 10
818 2508 81 23 saml.
937 2507 40 24 Nr
995 2507 111 24 34-—55.
1552 2504 9 23 1
