1888 2831
405 182 404 41 Bevillningsutskottets
834 185 218 33 betänkande
1076 198 42 20 nr
1141 189 40 30 36
1208 189 39 30 år
1272 190 83 31 1967
1600 195 19 30 9

136 270 58 20 om
211 262 147 40 översyn
376 272 42 21 av
435 265 201 29 nuvarande
653 266 261 30 bestämmelser
932 269 77 29 med
1029 269 193 39 begränsad
1242 272 377 39 resultatutjämnande

137 315 111 30 effekt
265 318 90 28 samt
371 326 56 20 om
444 318 187 41 utredning
648 320 161 40 syftande
825 321 53 29 till
896 321 130 41 förslag
1042 332 56 20 om
1116 332 42 21 en
1175 333 94 21 mera
1286 326 164 38 generellt
1468 327 151 29 använd-

136 370 62 29 bar
223 370 235 37 kontometod,
486 381 74 21 som
584 373 176 40 samtidigt
783 375 70 29 kan
876 376 157 30 medföra
1060 377 109 30 större
1195 378 108 31 likhet
1328 380 11 29 i
1363 380 256 40 behandlingen

137 433 41 20 av
197 424 270 41 skattskyldiga;

181 478 36 30 4)
248 479 41 28 de
304 479 223 40 likalydande
543 481 217 30 motionerna
776 483 28 29 1:
821 483 62 30 575
899 493 42 20 av
956 484 79 30 herr
1051 485 130 30 Harald
1197 487 199 30 Pettersson
1413 489 65 29 och
1495 488 45 30 IL:
1558 489 60 30 715

134 540 42 21 av
195 531 79 30 herr
293 533 162 39 Josefson
476 535 10 28 i
505 534 98 30 Arrie
622 545 45 20 im.
681 535 48 40 fl.,
749 537 74 29 vari
842 537 206 37 hemställts,
1070 541 50 28 att
1139 540 187 40 riksdagen
1347 542 10 29 i
1379 542 165 31 skrivelse
1565 544 52 29 till

137 586 124 40 Kungl.
277 587 106 39 Maj:t
400 588 106 30 måtte
523 590 140 30 anhålla
678 599 58 21 om
753 591 189 39 skyndsam
959 593 186 40 utredning
1162 604 42 20 av
1220 594 123 39 frågan
1360 605 56 20 om
1433 596 185 30 införande

136 649 42 20 av
196 640 69 30 rätt
286 641 52 29 till
358 642 348 42 resultatutjämning
730 645 53 29 vid
803 645 268 41 beskattningen
1094 655 123 32 genom
1237 648 271 31 kontometoden
1530 651 10 29 i
1561 660 57 20 en-

136 694 105 39 lighet
264 695 79 29 med
366 696 237 31 motionernas
627 698 105 39 syfte;
755 699 164 30 ävensom

181 748 36 33 3)
243 748 41 29 de
305 749 223 40 likalydande
549 752 219 30 motionerna
787 753 28 29 I:
831 753 63 29 584
915 763 43 20 av
978 754 79 29 herr
1078 755 186 39 Stefanson
1286 757 95 39 m.fl.
1404 758 64 29 och
1491 759 45 29 II:
1553 759 61 30 726

135 811 42 20 av
193 802 80 29 herr
289 803 189 39 Nordgren,
495 805 75 29 vari
586 805 206 36 hemställts,
811 809 50 28 att
878 808 187 39 riksdagen
1083 809 106 30 måtte
1207 810 11 29 i
1238 810 165 31 skrivelse
1421 811 51 30 till
1492 812 124 40 Kungl.

135 856 105 39 Maj:t
259 857 140 30 anhålla
418 867 57 21 om
494 867 43 21 en
556 859 190 40 skyndsam
765 861 186 40 utredning
968 863 11 28 i
999 863 89 39 syfte
1108 866 50 27 att
1177 864 37 29 så
1234 864 109 30 ändra
1361 865 255 40 beskattnings-

134 911 159 38 reglerna
313 911 11 29 i
344 911 99 40 fråga
463 921 57 20 om
539 913 193 40 beräkning
752 923 41 20 av
814 915 154 31 inkomst
988 926 42 20 av
1049 926 117 20 annan
1185 917 164 40 fastighet
1376 919 240 40 (hyresfastig-

134 964 74 34 het)
242 966 50 28 att
316 965 130 40 avdrag
471 966 55 30 får
550 967 101 39 göras
676 968 78 29 med
778 968 86 31 visst
888 970 124 40 belopp
1041 970 55 30 för
1122 972 238 39 avsättningar
1386 974 150 30 avsedda
1562 975 54 28 för

133 1018 168 30 framtida
317 1019 340 40 reparationsbehov.

177 1127 227 30 Beträffande
425 1128 41 29 de
488 1128 85 36 skäl,
596 1138 75 21 som
690 1130 136 30 anförts
845 1131 52 29 till
920 1132 75 29 stöd
1017 1132 54 29 för
1092 1133 40 29 de
1152 1134 11 28 i
1183 1134 217 31 motionerna
1420 1135 195 30 framförda

132 1180 213 40 yrkandena,
367 1181 55 30 får
441 1182 179 36 utskottet,
650 1183 2 29 i
673 1183 66 30 den
760 1184 82 30 mån
861 1185 217 40 redogörelse
1096 1186 121 30 härför
1237 1188 30 39 ej
1290 1188 136 30 lämnas
1445 1189 11 29 i
1475 1189 56 30 det
1551 1188 63 31 föl-

129 1234 115 39 jande,
260 1234 146 31 hänvisa
419 1236 52 29 till
485 1236 218 30 motionerna
718 1238 28 28 1:
762 1238 72 35 574,
851 1239 28 29 1:
895 1239 72 35 584,
984 1240 44 28 II
1019 1230 16 49 :
1048 1240 69 35 134,
1133 1241 44 29 II:
1194 1241 62 30 280
1271 1242 64 29 och
1350 1242 44 30 II:
1412 1243 71 29 715.

524 1400 270 40 Förordningen
813 1413 59 19 om
892 1402 333 41 förlustutjämning

132 1485 164 31 Gällande
314 1487 70 29 rätt

176 1558 130 30 Genom
330 1558 251 41 förordningen
604 1561 66 29 den
694 1561 18 30 8
737 1562 88 39 april
854 1563 82 29 1960
967 1564 58 33 (nr
1048 1564 58 34 63)
1135 1564 154 30 infördes
1314 1566 10 28 i
1350 1565 263 40 skattelagstift-

131 1611 129 40 ningen
281 1613 70 29 rätt
373 1613 52 29 till
452 1613 329 42 förlustutjämning
806 1616 56 29 vid
889 1617 157 40 taxering
1072 1618 54 28 för
1149 1618 165 30 inkomst.
1341 1619 115 39 Enligt
1480 1620 133 29 förord-

131 1665 127 40 ningen
279 1665 55 30 får
357 1675 42 21 en
422 1667 242 41 skattskyldig,
687 1678 56 20 om
765 1670 88 29 hans
875 1670 222 31 verksamhet
1121 1673 48 28 ett
1192 1672 38 29 år
1252 1673 132 30 lämnat
1406 1673 206 30 underskott

127 1727 75 21 som
221 1719 71 29 inte
311 1720 70 29 kan
401 1721 260 39 skattemässigt
681 1723 171 30 avräknas
873 1726 71 27 mot
964 1725 176 30 överskott
1160 1735 41 20 av
1221 1735 116 21 annan
1359 1727 252 31 förvärvskälla

131 1782 135 20 samma
291 1773 47 35 år,
367 1774 155 40 utnyttja
548 1775 242 31 underskottet
822 1777 114 30 såsom
967 1778 257 40 förlustavdrag
1256 1777 130 33 senare.
1414 1780 101 30 Detta
1543 1781 69 29 kan

131 1826 60 29 ske
210 1827 63 29 när
293 1836 74 21 som
384 1828 90 30 helst
491 1828 58 30 vid
567 1827 158 42 taxering
743 1830 54 30 för
816 1831 40 29 de
876 1831 156 40 följande
1051 1841 58 21 sex
1126 1832 93 31 åren.
1239 1833 80 30 Som
1339 1834 125 31 förlust
1483 1834 128 30 räknas

126 1880 30 39 ej
185 1881 87 29 blott
297 1882 208 30 underskott
531 1883 10 28 i
567 1884 147 38 egentlig
740 1885 140 39 mening
907 1888 84 27 utan
1019 1887 84 28 även
1131 1887 109 29 andra
1267 1888 177 30 allmänna
1471 1889 138 39 avdrag,

127 1942 74 21 som
225 1934 261 40 skattemässigt
509 1936 70 29 inte
602 1937 135 30 kunnat
761 1939 183 39 utnyttjas.
968 1940 64 29 Det
1055 1940 123 30 kräves
1202 1941 53 29 för
1279 1943 49 27 att
1352 1942 258 40 förlustavdrag

130 1988 89 29 skall
243 1989 139 39 medges
405 1991 50 29 att
478 1989 173 31 förlusten
673 1991 221 40 uppkommit
917 1993 111 29 under
1051 1995 48 28 ett
1121 1994 48 35 år,
1197 1994 44 30 då
1266 1994 66 30 den
1360 1996 251 40 skattskyldige

128 2043 90 29 varit
239 2042 136 40 skyldig
397 2043 190 36 deklarera,
609 2046 90 28 samt
720 2048 49 27 att
792 2046 481 41 deklarationsskyldigheten
1295 2048 104 31 också
1422 2050 188 39 fullgjorts.

129 2096 141 40 Uppgår
296 2096 173 31 förlusten
493 2098 111 29 under
631 2099 201 30 förluståret
861 2101 71 29 inte
961 2101 52 29 till
1045 2102 91 29 1000
1163 2102 137 36 kronor,
1328 2102 54 31 får
1407 2104 204 30 densamma

128 2151 71 28 inte
228 2151 175 39 utnyttjas
433 2160 74 21 som
537 2151 268 42 förlustavdrag.
835 2154 325 40 Förlustavdragets
1193 2156 124 40 belopp
1352 2157 190 31 fastställes
1577 2158 30 39 ej

130 2203 121 31 förrän
269 2205 156 39 yrkande
444 2214 56 20 om
520 2206 77 29 dess
617 2207 224 39 utnyttjande
859 2208 57 29 vid
937 2217 120 21 senare
1077 2210 157 39 taxering
1253 2210 206 31 framställts
1480 2222 41 20 av
1542 2213 65 29 den

129 2258 262 40 skattskyldige.

172 2312 66 29 Om
261 2314 48 28 ett
333 2312 197 41 aktiebolag
552 2314 82 29 eHer
661 2323 42 20 en
729 2314 206 31 ekonomisk
961 2316 160 40 förening
1145 2317 142 39 övergår
1310 2319 11 29 i
1345 2318 109 31 andra
1478 2320 132 29 händer

128 2374 123 30 genom
275 2368 50 28 att
346 2366 159 30 aktierna
526 2367 11 30 i
558 2367 136 40 bolaget
717 2369 82 29 eller
822 2369 190 30 andelarna
1036 2371 11 29 i
1071 2371 204 39 föreningen
1296 2372 100 40 byter
1417 2374 112 38 ägare,
1552 2379 58 34 på-

126 2419 125 30 verkar
272 2420 94 29 detta
387 2420 11 29 i
420 2421 136 39 princip
577 2422 71 29 inte
671 2422 249 39 aktiebolagets
943 2424 82 29 eller
1047 2424 67 29 den
1136 2425 226 31 ekonomiska
1388 2426 222 40 föreningens

128 2473 68 29 rätt
217 2473 52 29 till
291 2474 200 39 utjämning
514 2484 42 20 av
576 2475 174 35 förluster,
777 2485 73 20 som
875 2476 221 40 uppkommit
1120 2478 74 30 före
1218 2479 227 30 överlåtelsen
1468 2481 10 29 i
1501 2481 107 39 fråga,
