1890 2798
510 164 380 31 Jordbruksutskottets
912 163 177 31 utlåtande
1111 173 41 20 nr
1182 165 50 29 16.
1621 158 16 29 7

129 254 85 35 läns,
236 252 141 31 Kalmar
397 252 74 29 läns
491 251 111 34 södra,
625 250 196 30 Malmöhus
844 250 84 33 läns,
950 248 186 36 Göteborgs
1156 249 64 29 och
1243 248 116 29 Bohus
1379 247 75 30 läns
1473 247 164 29 ävensom

129 303 212 36 Skaraborgs
368 303 74 29 läns
470 300 414 36 hushållningssällskaps
913 299 370 35 förvaltningsutskott,
1314 297 322 36 Försäkringsbola-

127 357 56 33 get
202 354 55 30 för
280 353 228 30 smittsamma
529 351 384 36 husdjurssjukdomar,
935 349 208 36 ömsesidigt,
1169 349 129 30 Skånes
1322 348 135 30 mindre
1477 347 159 37 jordbru-

129 405 100 30 kares
248 404 204 36 ömsesidiga
472 401 545 38 kreatursförsäkringsförening,
1038 396 182 40 Älvsborgs
1239 409 45 22 m.
1307 399 37 30 fl.
1364 399 75 30 läns
1458 399 92 29 häst-
1572 398 66 30 och

129 454 548 36 nötkreatursförsäkringsbolag,
702 452 207 36 ömsesidigt,
934 451 153 36 Sveriges
1112 449 345 36 lantbruksförbund,
1483 448 155 31 Riksför-

130 506 130 30 bundet
286 504 255 38 landsbygdens
566 504 73 31 folk
671 500 111 40 (RLF)
810 503 66 31 och
896 502 153 31 Svenska
1073 501 384 36 svinavelsföreningen.
1485 499 65 31 Vid
1573 501 65 35 ytt-

129 557 122 30 randet
273 556 79 31 från
378 556 186 36 Göteborgs
587 556 65 29 och
679 555 116 30 Bohus
818 555 75 31 läns
917 552 413 36 hushållningssällskaps
1356 550 282 36 förvaltningsut-

129 608 93 30 skott
240 606 102 32 fanns
360 606 96 37 fogat
475 609 46 28 ett
539 605 179 31 utlåtande
737 615 43 21 av
800 604 293 31 länsveterinären
1110 603 11 30 i
1142 603 186 35 Göteborgs
1347 602 65 30 och
1432 601 117 33 Bohus
1570 601 68 30 län.

177 709 59 30 De
265 718 56 20 nu
351 708 220 36 gällande
601 706 423 31 bestämmelserna
1053 704 11 31 å
1094 703 265 37 ifrågavarande
1380 700 143 33 område
1542 700 95 31 inne-

133 758 94 31 hålla
244 759 11 30 i
272 759 184 30 huvudsak
474 757 166 37 följande.

177 809 114 37 Enligt
311 810 19 29 3
348 809 18 37 $
386 810 18 29 2
422 818 104 21 mom.
546 808 110 30 första
672 807 131 37 stycket
823 806 247 37 epizootilagen
1088 806 88 30 skall
1195 804 180 36 veterinär,
1394 805 62 30 där
1476 803 162 36 Konung-

132 869 43 21 en
199 859 38 32 så
260 859 207 37 föreskrivit,
493 859 155 31 förklara
676 858 98 31 ställe
798 860 112 28 varest
937 857 11 30 i
975 857 100 36 lagen
1100 857 128 30 avsedd
1255 855 174 37 sjukdom,
1456 854 183 31 däribland

132 910 161 37 svinpest,
322 910 234 31 förekommer
580 910 81 29 eller
686 908 207 31 misstänkes
919 907 219 31 förekomma
1163 908 144 35 spärrat.
1337 906 66 30 För
1427 904 124 31 sådant
1577 904 63 30 fall

131 961 128 37 åligger
280 962 55 30 det
354 960 215 31 veterinären
588 963 48 27 att
657 959 103 36 enligt
779 969 41 21 av
841 958 353 36 medicinalstyrelsen
1213 957 183 31 utfärdade
1418 954 223 37 anvisningar

131 1012 66 29 och
217 1011 216 31 föreskrifter
455 1010 175 31 anbefalla
652 1010 162 37 isolering
833 1009 65 30 och
921 1009 158 30 meddela
1100 1008 127 31 förbud
1248 1011 48 26 att
1317 1006 79 33 från
1418 1007 110 29 stället
1547 1006 92 30 bort-

133 1062 77 31 föra
241 1062 89 36 djur,
360 1071 74 21 som
465 1062 119 30 kunna
613 1062 162 35 angripas
804 1070 42 20 av
879 1059 218 37 sjukdomen,
1130 1060 163 29 ävensom
1324 1057 9 30 i
1364 1056 110 37 övrigt
1502 1056 138 36 vidtaga

134 1112 125 36 nödiga
281 1111 159 37 åtgärder
461 1112 50 30 till
534 1111 252 31 förhindrande
810 1121 42 21 av
874 1110 285 36 smittspridning.

178 1163 71 30 Där
270 1163 191 36 Konungen
484 1162 38 31 så
545 1162 208 35 föreskrivit,
777 1161 87 30 skall
884 1161 220 36 länsstyrelse
1126 1160 104 36 enligt
1251 1161 19 29 4
1295 1160 18 37 8
1340 1161 14 29 1
1379 1169 104 22 mom.
1507 1169 134 21 samma

135 1215 64 36 lag,
222 1213 44 31 då
286 1213 162 38 sjukdom
467 1223 74 21 som
561 1222 96 22 avses
680 1213 9 30 i
707 1214 100 35 lagen
825 1211 163 32 inträffar
1009 1212 95 30 inom
1123 1212 92 30 länet
1233 1212 82 30 eller
1334 1210 43 31 då
1399 1211 55 30 det
1474 1212 38 29 är
1532 1210 110 36 skälig

132 1264 185 37 anledning
340 1264 49 30 till
413 1265 195 35 antagande
631 1266 48 28 att
702 1262 109 32 sådan
834 1262 166 36 sjukdom
1024 1262 190 31 förefinnes
1240 1262 95 30 inom
1361 1262 101 36 länet,
1487 1260 155 32 förklara

135 1315 98 30 ställe
261 1318 111 27 varest
403 1315 209 36 sjukdomen
643 1313 159 31 inträffat
832 1314 82 30 eller
942 1314 207 31 misstänkes
1183 1313 218 30 förekomma
1429 1312 109 36 jämte
1569 1321 71 21 om-

135 1365 258 37 kringliggande
418 1364 142 31 område
583 1365 11 29 i
620 1364 201 37 erforderlig
848 1364 239 37 utsträckning
1114 1364 130 31 smittat
1269 1366 82 30 eller
1375 1365 184 30 misstänkt
1587 1364 55 31 för

135 1416 126 31 smitta.
291 1416 13 30 I
332 1416 169 30 samband
528 1416 143 30 därmed
700 1415 88 29 skall
815 1415 244 36 länsstyrelsen
1088 1415 104 36 enligt
1221 1425 42 20 av
1290 1415 352 37 medicinalstyrelsen

135 1466 184 30 utfärdade
348 1465 221 36 anvisningar
597 1466 65 29 och
694 1465 217 30 föreskrifter
938 1465 106 30 bland
1073 1469 106 27 annat
1207 1466 175 31 anbefalla
1410 1466 162 36 isolering
1600 1475 43 21 av

134 1517 57 29 det
214 1516 159 31 smittade
394 1517 81 30 eller
494 1516 55 30 för
572 1516 116 30 smitta
711 1515 206 30 misstänkta
939 1516 111 30 stället
1071 1516 81 30 eller
1172 1516 165 31 området.

181 1567 12 30 I
217 1567 42 30 26
284 1566 17 37 $
324 1567 228 36 kungörelsen
576 1567 66 29 den
671 1568 37 28 12
733 1566 87 36 april
846 1566 83 30 1935
959 1566 54 38 (nr
1038 1566 71 38 106)
1140 1568 79 29 med
1244 1568 161 29 närmare
1426 1566 218 31 föreskrifter

135 1616 176 37 angående
332 1618 242 35 bekämpande
595 1627 42 21 av
660 1616 231 31 smittsamma
912 1616 374 37 husdjurssjukdomar
1310 1618 146 36 stadgas,
1482 1620 48 29 att
1553 1617 90 30 svin-

135 1671 74 33 pest
227 1668 76 31 icke
322 1667 58 31 må
396 1677 42 21 av
459 1668 170 30 veterinär
648 1667 171 31 förklaras
838 1676 82 22 vara
940 1667 205 38 förhanden,
1165 1669 78 29 med
1262 1668 135 30 mindre
1417 1667 227 36 sjukdomens

137 1719 143 35 diagnos
309 1718 178 31 fastställts
515 1718 57 31 vid
603 1718 259 37 undersökning
891 1717 20 31 å
943 1721 127 28 statens
1102 1718 385 31 veterinärmedicinska
1518 1719 127 30 anstalt

137 1770 82 30 eller
240 1778 41 21 av
302 1769 353 37 medicinalstyrelsen
681 1769 154 36 godkänt
860 1769 454 36 veterinärbakteriologiskt
1340 1768 259 31 laboratorium.

182 1819 220 30 Sistnämnda
420 1820 241 30 bestämmelse
680 1820 65 29 har
762 1819 198 30 motiverats
979 1820 152 36 därmed,
1152 1823 49 27 att
1220 1820 150 35 svinpest
1389 1819 103 30 oftast
1514 1821 39 28 är
1570 1818 74 31 svå-

138 1879 76 20 rare
243 1872 49 28 att
318 1870 196 30 konstatera
543 1871 44 28 än
616 1870 109 30 andra
755 1869 9 29 i
793 1869 246 36 epizootilagen
1068 1870 149 30 avsedda
1241 1869 216 36 sjukdomar.
1487 1869 158 36 Svinpest

136 1920 142 29 orsakas
301 1920 172 35 nämligen
499 1930 41 20 av
566 1923 46 27 ett
635 1919 102 35 virus,
764 1929 74 20 som
862 1919 56 30 vid
943 1919 92 30 olika
1059 1919 184 36 epizootier
1265 1919 150 31 medfört
1437 1920 100 35 högst
1560 1920 84 29 olik-

138 1971 120 29 artade
284 1969 252 36 förändringar.
567 1969 153 32 Sålunda
751 1971 119 28 kunna
898 1969 56 31 vid
984 1973 45 27 ett
1057 1969 314 37 sjukdomsutbrott
1399 1970 208 37 blödningar
1636 1971 9 28 i

138 2020 92 31 olika
253 2029 106 26 organ
381 2030 82 21 vara
485 2021 55 30 det
562 2023 87 28 mest
672 2020 293 35 karakteristiska,
988 2020 57 30 vid
1067 2024 46 27 ett
1134 2024 105 26 annat
1263 2021 119 29 kunna
1402 2020 245 36 förändringar

139 2071 8 28 i
180 2071 376 36 digestionsapparaten
590 2071 179 30 dominera
802 2071 338 35 obduktionsbilden,
1172 2071 56 30 vid
1260 2074 46 27 ett
1336 2071 110 36 tredje
1476 2072 170 34 iakttagas

140 2121 274 36 huvudsakligen
442 2121 244 35 förändringar
711 2122 9 29 i
746 2122 152 29 centrala
923 2125 247 32 nervsystemet
1198 2122 63 29 och
1289 2121 56 30 vid
1373 2124 45 27 ett
1443 2120 114 37 fjärde
1586 2123 60 28 äro

139 2171 326 35 lungförändringar
490 2173 54 28 det
569 2176 84 25 mest
684 2172 259 29 framträdande
968 2182 29 19 0.
1024 2181 24 21 s.
1077 2182 29 19 v.
1135 2171 217 30 Smittämnet
1377 2172 69 29 kan
1473 2172 56 29 vid
1554 2171 93 30 olika

139 2221 184 35 epizootier
342 2231 80 20 vara
442 2231 73 20 mer
536 2223 82 29 eller
638 2222 134 29 mindre
792 2222 216 34 slagkraftigt
1030 2222 64 29 och
1114 2222 179 30 föranleda
1315 2223 107 28 större
1441 2222 80 29 eller
1535 2221 111 30 mind-

141 2281 35 20 re
208 2272 170 29 förödelse
407 2272 92 29 inom
530 2272 291 34 besättningarna.
852 2271 316 35 Sjukdomsbilden,
1201 2282 73 19 som
1304 2271 10 29 i
1345 2272 64 30 och
1442 2271 55 30 för
1528 2271 50 34 sig
1609 2273 39 28 är

141 2322 99 33 högst
268 2321 159 34 variabel,
458 2322 68 29 kan
556 2323 7 28 i
592 2322 50 29 sin
673 2325 54 26 tur
754 2322 228 35 kompliceras
1010 2322 78 29 med
1116 2322 133 35 hänsyn
1281 2321 48 30 till
1358 2325 47 26 att
1435 2321 212 30 smittämnet

140 2371 72 30 ofta
235 2373 187 34 uppträder
443 2371 226 30 tillsammans
690 2373 76 28 med
788 2372 108 29 andra
919 2371 325 35 infektionsämnen,
1268 2374 20 29 t.
1310 2381 50 20 ex.
1379 2371 267 36 paratyfusbak-

143 2422 107 36 terier,
273 2421 306 35 rödsjukebaciller
597 2432 44 19 m.
664 2422 34 31 fl.
722 2422 72 29 Den
820 2422 55 34 tid,
899 2431 72 20 som
992 2423 110 28 under
1125 2422 168 35 naturliga
1315 2421 241 30 förhållanden
1580 2421 65 29 för-

142 2472 101 36 flyter
264 2472 122 29 mellan
410 2472 246 35 nedsmittning
676 2475 64 28 och
764 2472 45 30 till
835 2473 75 29 dess
932 2472 113 36 djuret
1066 2472 84 30 visat
1172 2472 49 35 sig
1244 2472 104 35 sjukt,
1371 2473 38 28 är
1431 2471 215 37 synnerligen
