1888 2794
504 158 380 32 Jordbruksutskottets
906 155 176 32 utlåtande
1104 164 40 21 nr
1175 155 49 29 16.
1605 145 34 29 11

134 249 56 30 het
208 248 63 30 bör
291 247 10 30 i
321 245 341 32 överensstämmelse
681 243 79 30 med
779 243 41 30 de
841 240 236 36 sakkunnigas
1099 239 128 35 förslag
1249 246 80 21 avse
1348 235 30 37 ej
1399 235 87 30 blott
1505 233 72 36 fall,
1598 231 43 32 då

135 299 190 31 misstanke
341 307 58 21 om
417 297 192 30 förekomst
626 305 44 20 av
687 294 152 36 svinpest
855 291 166 37 uppstått,
1040 294 84 27 utan
1141 291 87 28 även
1246 288 72 35 fall,
1337 286 45 31 då
1399 294 118 22 annan
1533 279 108 45 smitt-

135 360 74 21 sam
234 348 343 37 husdjurssjukdom,
606 355 73 21 som
704 354 48 21 nu
780 343 166 31 omfattas
972 352 42 20 av
1040 342 112 30 denna
1179 339 229 34 verksamhet,
1434 335 208 31 misstänkes

136 401 175 36 föreligga.
341 400 64 36 Jag
432 399 115 30 finner
574 397 70 36 mig
671 398 86 29 även
783 396 120 29 kunna
930 393 137 31 biträda
1095 392 41 30 de
1162 389 239 36 sakkunnigas
1426 387 140 36 förslag,
1595 389 48 27 att

135 452 243 36 försäkringen
395 451 64 30 bör
477 459 81 21 avse
577 452 49 27 att
645 448 101 31 täcka
766 447 77 30 icke
864 446 145 30 allenast
1028 443 161 31 förluster
1209 450 42 22 av
1274 438 267 38 ifrågavarande
1559 437 83 35 slag,

136 513 75 21 som
236 501 156 39 uppstått
417 501 21 31 å
463 501 122 30 ställen
611 499 93 30 vilka
730 508 43 20 av
800 496 171 31 veterinär
997 494 187 31 förklarats
1212 491 165 37 spärrade
1404 488 115 32 såsom
1544 487 98 31 miss-

136 556 121 30 tänkta
274 554 56 30 för
346 553 115 36 någon
477 562 42 20 av
536 552 99 29 dessa
654 549 215 37 sjukdomar,
888 551 86 27 utan
991 545 130 37 jämväl
1138 544 173 34 förluster,
1331 550 76 22 som
1423 538 238 38 uppkommit.

136 606 95 30 inom
251 604 236 36 besättningar
510 603 93 29 vilka
624 611 43 20 av
687 599 221 37 länsstyrelse
928 597 187 31 förklarats
1136 594 209 31 misstänkta
1365 592 55 30 för
1441 590 116 32 smitta
1578 589 66 31 och

136 656 45 37 på
201 656 113 37 grund
335 656 107 30 därav
463 654 166 30 isolerats.

179 706 121 32 Såsom
326 707 42 29 de
391 703 218 36 sakkunniga
630 701 202 37 framhållit,
855 701 65 30 bör
942 697 364 37 försäkringsskyddet
1330 706 79 21 avse
1431 696 67 30 alla
1520 695 124 30 förlus-

136 761 59 34 ter,
223 757 94 31 vilka
342 757 94 30 inom
464 755 131 31 sådana
622 754 236 35 besättningar
882 751 155 38 uppstått
1064 751 50 31 till
1140 751 89 36 följd
1255 760 42 20 av
1322 753 50 27 att
1396 749 81 36 djur
1504 749 73 30 dött
1603 757 42 21 av

136 809 164 36 sjukdom
328 808 81 30 eller
431 806 47 37 på
501 807 113 36 grund
639 815 42 21 av
705 804 165 36 sjukdom
894 803 104 36 enligt
1024 802 187 31 veterinärs
1238 800 179 32 föreskrift
1442 800 81 30 eller
1547 808 97 27 myn-

136 859 133 36 dighets
288 857 119 38 påbud
428 857 223 35 nedslaktats,
672 858 132 28 oavsett
824 864 57 20 om
902 854 208 36 sjukdomen
1129 853 89 30 varit
1238 862 41 20 av
1300 851 170 31 smittsam
1493 853 53 27 art
1566 850 80 30 eller

136 909 43 37 ej.
199 910 56 30 Att
273 910 170 36 begränsa
459 906 354 38 försäkringsformen
832 905 50 30 till
900 908 49 28 att
966 904 146 31 omfatta
1130 904 145 30 allenast
1294 902 162 31 förluster
1472 900 46 38 på
1535 900 111 37 grund

137 970 42 21 av
195 960 175 37 sjukdom,
388 969 73 22 som
477 959 90 30 visas
585 959 63 35 äga
664 956 378 35 kausalsammanhang
1059 955 79 30 med
1154 952 356 37 isoleringsåtgärden,
1536 951 111 30 skulle

137 1011 176 37 innebära,
336 1013 48 28 att
405 1011 42 29 de
467 1009 171 34 förluster,
662 1017 119 21 varom
803 1008 66 29 här
892 1008 38 28 är
951 1005 107 37 fråga,
1080 1004 121 31 endast
1221 1004 10 30 i
1254 1002 259 36 undantagsfall
1537 1002 110 30 skulle

138 1062 117 30 täckas
275 1071 43 21 av
337 1060 251 36 försäkringen.

182 1112 73 30 Den
276 1112 196 35 föreslagna
493 1110 247 36 utvidgningen
761 1119 42 21 av
826 1110 68 29 den
916 1109 319 31 statsunderstödda
1255 1108 390 37 försäkringsverksam-

139 1163 101 30 heten
267 1171 103 28 synes
400 1163 155 29 däremot
583 1161 76 30 icke
686 1161 84 31 böra
799 1169 82 21 avse
908 1159 130 32 sådana
1069 1159 171 38 förluster,
1272 1168 75 22 som
1377 1159 200 32 förorsakas
1606 1168 42 21 av

139 1213 182 37 olycksfall
344 1213 95 30 inom
466 1222 42 21 en
532 1212 148 30 isolerad
706 1211 205 36 besättning.
949 1210 181 31 Huruvida
1156 1210 125 31 förlust
1305 1209 155 37 uppstått
1484 1209 50 31 till
1560 1208 88 37 följd

140 1274 42 20 av
206 1263 183 38 olycksfall
414 1263 81 30 eller
517 1263 51 30 till
591 1262 90 36 följd
704 1271 42 21 av
770 1262 174 36 sjukdom,
971 1262 97 30 torde
1091 1260 37 31 få
1151 1262 144 35 avgöras
1319 1260 79 32 från
1423 1260 62 31 fall
1509 1260 51 30 till
1587 1259 61 30 fall

139 1315 109 30 under
273 1314 304 36 hänsynstagande
600 1313 51 30 till
676 1312 349 36 omständigheterna.
1052 1312 74 30 Vad
1151 1311 353 36 medicinalstyrelsen
1532 1310 117 31 anfört

139 1365 147 30 rörande
305 1364 201 36 tolkningen
528 1373 42 21 av
592 1364 185 35 begreppet
797 1362 183 37 olycksfall
1002 1372 100 27 synes
1125 1362 121 30 därvid
1268 1362 153 36 förtjäna
1442 1361 205 30 beaktande.

182 1448 246 31 Bestämmelse
449 1458 42 21 av
514 1449 56 29 det
591 1446 153 31 innehåll
769 1447 59 36 jag
849 1447 9 30 i
882 1447 56 30 det
961 1445 207 38 föregående
1190 1446 156 30 förordat
1369 1446 97 30 torde
1488 1445 86 30 böra
1599 1445 48 29 in-

140 1503 95 33 tagas
255 1499 10 30 i
298 1500 7 29 2
338 1499 8 37 $
377 1500 6 28 I
408 1507 104 23 mom.
535 1498 230 36 kungörelsen
789 1498 67 30 den
879 1498 41 29 26
942 1497 64 36 juli
1031 1497 82 30 1926
1137 1506 57 21 om
1218 1497 177 29 allmänna
1415 1495 151 37 grunder
1590 1504 58 22 an-

140 1549 131 37 gående
297 1549 197 37 försäkring
519 1552 73 26 mot
618 1548 162 31 förluster
804 1547 46 37 på
875 1548 112 35 grund
1013 1557 42 21 av
1084 1547 230 30 smittsamma
1339 1545 309 37 husdjurssjukdo-

141 1610 84 21 mar.
253 1600 115 31 Därav
393 1600 195 30 föranledes
615 1609 41 20 en
685 1599 147 36 ändring
858 1597 131 37 jämväl
1018 1598 9 30 i
1064 1599 8 29 2
1099 1607 105 21 mom.
1234 1606 134 22 samma
1395 1595 173 38 paragraf.
1598 1596 52 30 En

143 1651 229 31 redaktionell
395 1650 182 38 jämkning
605 1659 42 21 av
672 1651 20 29 4
720 1659 104 21 mom.
853 1649 64 30 bör
941 1649 10 30 i
978 1649 92 31 detta
1099 1648 254 36 sammanhang
1379 1647 182 36 företagas.

185 1701 121 31 Såsom
332 1702 43 30 de
397 1701 220 36 sakkunniga
640 1700 202 36 framhållit,
867 1709 101 27 synes
991 1701 113 29 denna
1129 1698 203 37 utvidgning
1357 1708 42 21 av
1422 1697 228 36 försäkrings-

142 1753 146 36 skyddet
306 1752 76 30 icke
400 1751 140 36 påkalla
559 1750 114 37 någon
692 1751 147 36 ändring
859 1760 82 21 vare
960 1750 49 37 sig
1028 1750 10 30 i
1059 1749 97 37 fråga
1177 1759 58 21 om
1255 1749 172 30 storleken
1446 1758 43 21 av
1511 1749 42 29 de
1576 1757 74 27 pre-

143 1803 85 30 mier
251 1813 74 20 som
349 1802 360 36 försäkringstagarna
731 1802 46 31 ha
801 1805 49 27 att
873 1802 136 35 erlägga
1033 1801 81 30 eller
1138 1800 11 30 i
1172 1799 98 37 fråga
1294 1809 58 21 om
1374 1799 198 36 grunderna
1598 1798 55 30 för

142 1854 238 30 beräknandet
398 1863 42 21 av
460 1852 240 36 statsbidraget
717 1852 50 30 till
785 1853 114 29 denna
918 1851 318 35 försäkringsform.

188 1904 50 30 De
262 1904 195 34 föreslagna
481 1903 304 30 bestämmelserna
811 1902 98 30 torde
932 1902 84 29 böra
1044 1902 97 29 träda
1169 1900 10 30 i
1206 1899 94 31 kraft
1325 1901 67 29 den
1422 1900 14 28 1
1466 1898 63 37 juli
1558 1899 93 29 1945.

145 1954 77 30 Med
248 1954 138 35 hänsyn
415 1953 47 30 till
490 1952 187 31 innehållet
703 1953 9 29 i
739 1953 42 29 de
806 1952 178 30 allmänna
1010 1950 341 36 försäkringsvillkor
1378 1959 73 21 som
1479 1949 173 35 tillämpas

144 2005 93 29 inom
257 2003 265 36 ifrågavarande
541 2003 436 36 försäkringsverksamhet
1001 2011 101 27 synas
1125 2001 170 30 särskilda
1316 1999 336 37 övergångsbestäm-

146 2056 123 29 melser
293 2055 76 29 icke
393 2064 81 21 vara
498 2054 233 36 erforderliga.

191 2105 140 36 Förslag
349 2105 48 30 till
415 2105 204 36 kungörelse
637 2104 177 35 angående
830 2104 41 30 de
891 2113 42 20 av
949 2103 70 36 mig
1037 2102 185 31 förordade
1239 2101 233 36 ändringarna
1488 2101 65 29 har
1568 2110 85 26 upp-

149 2156 118 29 rättats
289 2156 94 29 inom
404 2153 506 37 jordbruksdepartementet.»?

196 2255 68 29 För
284 2255 163 29 förluster
464 2263 121 26 genom
608 2255 148 29 dödsfall
778 2255 6 28 i
807 2264 40 19 en
869 2253 281 34 svinbesättning,
1172 2262 75 20 som
1268 2252 86 29 varit
1376 2251 146 29 isolerad
1542 2250 114 30 såsom

152 2305 182 30 misstänkt
356 2305 55 29 för
430 2305 160 35 svinpest,
611 2306 99 33 utgår
731 2305 100 33 enligt
855 2304 158 34 gällande
1033 2303 259 29 bestämmelser
1312 2302 73 29 icke
1405 2300 189 35 ersättning
1615 2309 42 20 av

148 2356 176 29 allmänna
344 2355 120 29 medel.
487 2355 102 35 Dylik
609 2354 187 33 ersättning
818 2354 196 29 förutsätter
1034 2352 182 34 nämligen,
1238 2355 44 26 att
1308 2351 110 35 djuret
1442 2351 212 28 nedslaktats

150 2405 86 30 efter
252 2405 226 35 vederbörligt
498 2405 244 30 förordnande.
764 2406 11 28 I
794 2405 41 29 de
855 2405 58 28 fall
933 2403 150 36 svinpest
1101 2403 103 31 visats
1228 2402 172 34 föreligga,
1418 2402 44 29 ha
1476 2400 177 36 djurägar-

188 2477 7 14 1
216 2478 135 28 Förslaget
374 2478 86 22 finnes
480 2477 86 23 såsom
588 2478 87 26 bilaga
697 2478 69 27 fogat
789 2477 41 22 till
851 2477 74 22 detta
947 2476 149 23 utlåtande.

1706 2246 128 25 Utskottet.
