<?xml version="1.0" encoding="UTF-8"?>
<alto xmlns="http://www.loc.gov/standards/alto/ns-v3#" xmlns:xlink="http://www.w3.org/1999/xlink" xmlns:xsi="http://www.w3.org/2001/XMLSchema-instance" xsi:schemaLocation="http://www.loc.gov/standards/alto/ns-v3# http://www.loc.gov/alto/v3/alto-3-0.xsd">
	<Description>
		<MeasurementUnit>pixel</MeasurementUnit>
		<sourceImageInformation>
			<fileName>/tmp/tess_y2z05r7r_input.PNG</fileName>
		</sourceImageInformation>
		<OCRProcessing ID="OCR_0">
			<ocrProcessingStep>
				<processingSoftware>
					<softwareName>tesseract 5.3.0</softwareName>
				</processingSoftware>
			</ocrProcessingStep>
		</OCRProcessing>
	</Description>
	<Layout>
		<Page WIDTH="2207" HEIGHT="2660" PHYSICAL_IMG_NR="0" ID="page_0">
			<PrintSpace HPOS="0" VPOS="0" WIDTH="2207" HEIGHT="2660">
				<ComposedBlock ID="cblock_0" HPOS="721" VPOS="210" WIDTH="1051" HEIGHT="39">
					<TextBlock ID="block_0" HPOS="721" VPOS="210" WIDTH="1051" HEIGHT="39">
						<TextLine ID="line_0" HPOS="721" VPOS="210" WIDTH="1051" HEIGHT="39">
							<String ID="string_0" HPOS="721" VPOS="210" WIDTH="276" HEIGHT="33" WC="0.86" CONTENT="Bankoutskottets"/><SP WIDTH="23" VPOS="210" HPOS="997"/>
							<String ID="string_1" HPOS="1020" VPOS="211" WIDTH="161" HEIGHT="33" WC="0.96" CONTENT="utlåtande"/><SP WIDTH="24" VPOS="211" HPOS="1181"/>
							<String ID="string_2" HPOS="1205" VPOS="214" WIDTH="52" HEIGHT="31" WC="0.96" CONTENT="Nr"/><SP WIDTH="23" VPOS="214" HPOS="1257"/>
							<String ID="string_3" HPOS="1280" VPOS="214" WIDTH="50" HEIGHT="32" WC="0.96" CONTENT="11."/><SP WIDTH="428" VPOS="214" HPOS="1330"/>
							<String ID="string_4" HPOS="1758" VPOS="219" WIDTH="14" HEIGHT="30" WC="0.96" CONTENT="1"/>
						</TextLine>
					</TextBlock>
				</ComposedBlock>
				<ComposedBlock ID="cblock_1" HPOS="951" VPOS="686" WIDTH="144" HEIGHT="41">
					<TextBlock ID="block_1" HPOS="951" VPOS="686" WIDTH="144" HEIGHT="41">
						<TextLine ID="line_1" HPOS="951" VPOS="686" WIDTH="144" HEIGHT="41">
							<String ID="string_5" HPOS="951" VPOS="686" WIDTH="59" HEIGHT="40" WC="0.69" CONTENT="NF"/><SP WIDTH="29" VPOS="686" HPOS="1010"/>
							<String ID="string_6" HPOS="1039" VPOS="687" WIDTH="56" HEIGHT="40" WC="0.92" CONTENT="11."/>
						</TextLine>
					</TextBlock>
				</ComposedBlock>
				<ComposedBlock ID="cblock_2" HPOS="813" VPOS="852" WIDTH="1001" HEIGHT="37">
					<TextBlock ID="block_2" HPOS="813" VPOS="852" WIDTH="1001" HEIGHT="37">
						<TextLine ID="line_2" HPOS="813" VPOS="852" WIDTH="1001" HEIGHT="37">
							<String ID="string_7" HPOS="813" VPOS="852" WIDTH="113" HEIGHT="27" WC="0.94" CONTENT="Ankom"/><SP WIDTH="19" VPOS="852" HPOS="926"/>
							<String ID="string_8" HPOS="945" VPOS="853" WIDTH="44" HEIGHT="27" WC="0.96" CONTENT="till"/><SP WIDTH="18" VPOS="853" HPOS="989"/>
							<String ID="string_9" HPOS="1007" VPOS="853" WIDTH="178" HEIGHT="36" WC="0.96" CONTENT="Riksdagens"/><SP WIDTH="19" VPOS="853" HPOS="1185"/>
							<String ID="string_10" HPOS="1204" VPOS="855" WIDTH="92" HEIGHT="28" WC="0.92" CONTENT="kansli"/><SP WIDTH="21" VPOS="855" HPOS="1296"/>
							<String ID="string_11" HPOS="1317" VPOS="856" WIDTH="53" HEIGHT="27" WC="0.96" CONTENT="den"/><SP WIDTH="19" VPOS="856" HPOS="1370"/>
							<String ID="string_12" HPOS="1389" VPOS="857" WIDTH="34" HEIGHT="27" WC="0.96" CONTENT="25"/><SP WIDTH="18" VPOS="857" HPOS="1423"/>
							<String ID="string_13" HPOS="1441" VPOS="857" WIDTH="121" HEIGHT="29" WC="0.96" CONTENT="februari"/><SP WIDTH="21" VPOS="857" HPOS="1562"/>
							<String ID="string_14" HPOS="1583" VPOS="859" WIDTH="68" HEIGHT="28" WC="0.74" CONTENT="1918"/><SP WIDTH="17" VPOS="859" HPOS="1651"/>
							<String ID="string_15" HPOS="1668" VPOS="860" WIDTH="37" HEIGHT="27" WC="0.95" CONTENT="kl."/><SP WIDTH="23" VPOS="860" HPOS="1705"/>
							<String ID="string_16" HPOS="1728" VPOS="861" WIDTH="32" HEIGHT="27" WC="0.91" CONTENT="12"/><SP WIDTH="18" VPOS="861" HPOS="1760"/>
							<String ID="string_17" HPOS="1778" VPOS="871" WIDTH="36" HEIGHT="18" WC="0.90" CONTENT="m."/>
						</TextLine>
					</TextBlock>
				</ComposedBlock>
				<ComposedBlock ID="cblock_3" HPOS="425" VPOS="991" WIDTH="1388" HEIGHT="194">
					<TextBlock ID="block_3" HPOS="425" VPOS="991" WIDTH="1388" HEIGHT="194">
						<TextLine ID="line_3" HPOS="425" VPOS="991" WIDTH="1388" HEIGHT="57">
							<String ID="string_18" HPOS="425" VPOS="991" WIDTH="206" HEIGHT="48" WC="0.95" CONTENT="Utlåtande,"/><SP WIDTH="29" VPOS="991" HPOS="631"/>
							<String ID="string_19" HPOS="660" VPOS="994" WIDTH="13" HEIGHT="34" WC="0.96" CONTENT="i"/><SP WIDTH="20" VPOS="994" HPOS="673"/>
							<String ID="string_20" HPOS="693" VPOS="994" WIDTH="194" HEIGHT="45" WC="0.96" CONTENT="anledning"/><SP WIDTH="22" VPOS="994" HPOS="887"/>
							<String ID="string_21" HPOS="909" VPOS="1007" WIDTH="42" HEIGHT="23" WC="0.96" CONTENT="av"/><SP WIDTH="21" VPOS="1007" HPOS="951"/>
							<String ID="string_22" HPOS="972" VPOS="996" WIDTH="136" HEIGHT="45" WC="0.95" CONTENT="Kungl."/><SP WIDTH="21" VPOS="996" HPOS="1108"/>
							<String ID="string_23" HPOS="1129" VPOS="998" WIDTH="126" HEIGHT="43" WC="0.96" CONTENT="Maj:ts"/><SP WIDTH="13" VPOS="998" HPOS="1255"/>
							<String ID="string_24" HPOS="1268" VPOS="999" WIDTH="228" HEIGHT="45" WC="0.96" CONTENT="proposition"/><SP WIDTH="21" VPOS="999" HPOS="1496"/>
							<String ID="string_25" HPOS="1517" VPOS="1002" WIDTH="186" HEIGHT="44" WC="0.93" CONTENT="angående"/><SP WIDTH="19" VPOS="1002" HPOS="1703"/>
							<String ID="string_26" HPOS="1722" VPOS="1014" WIDTH="91" HEIGHT="34" WC="0.88" CONTENT="upp-"/>
						</TextLine>
						<TextLine ID="line_4" HPOS="611" VPOS="1062" WIDTH="1202" HEIGHT="56">
							<String ID="string_27" HPOS="611" VPOS="1062" WIDTH="159" HEIGHT="43" WC="0.93" CONTENT="förande"/><SP WIDTH="29" VPOS="1062" HPOS="770"/>
							<String ID="string_28" HPOS="799" VPOS="1065" WIDTH="21" HEIGHT="34" WC="0.84" CONTENT="å"/><SP WIDTH="28" VPOS="1065" HPOS="820"/>
							<String ID="string_29" HPOS="848" VPOS="1065" WIDTH="190" HEIGHT="35" WC="0.92" CONTENT="allmänna"/><SP WIDTH="27" VPOS="1065" HPOS="1038"/>
							<String ID="string_30" HPOS="1065" VPOS="1066" WIDTH="357" HEIGHT="45" WC="0.88" CONTENT="indragningsstaten"/><SP WIDTH="28" VPOS="1066" HPOS="1422"/>
							<String ID="string_31" HPOS="1450" VPOS="1081" WIDTH="43" HEIGHT="23" WC="0.96" CONTENT="av"/><SP WIDTH="28" VPOS="1081" HPOS="1493"/>
							<String ID="string_32" HPOS="1521" VPOS="1071" WIDTH="72" HEIGHT="34" WC="0.67" CONTENT="viss"/><SP WIDTH="19" VPOS="1071" HPOS="1593"/>
							<String ID="string_33" HPOS="1612" VPOS="1074" WIDTH="201" HEIGHT="44" WC="0.10" CONTENT="ersättning"/>
						</TextLine>
						<TextLine ID="line_5" HPOS="617" VPOS="1132" WIDTH="1193" HEIGHT="53">
							<String ID="string_34" HPOS="617" VPOS="1132" WIDTH="56" HEIGHT="35" WC="0.95" CONTENT="till"/><SP WIDTH="27" VPOS="1132" HPOS="673"/>
							<String ID="string_35" HPOS="700" VPOS="1133" WIDTH="245" HEIGHT="37" WC="0.95" CONTENT="innehavaren"/><SP WIDTH="29" VPOS="1133" HPOS="945"/>
							<String ID="string_36" HPOS="974" VPOS="1146" WIDTH="43" HEIGHT="24" WC="0.92" CONTENT="av"/><SP WIDTH="27" VPOS="1146" HPOS="1017"/>
							<String ID="string_37" HPOS="1044" VPOS="1134" WIDTH="386" HEIGHT="46" WC="0.91" CONTENT="bergmästarbostället"/><SP WIDTH="34" VPOS="1134" HPOS="1430"/>
							<String ID="string_38" HPOS="1464" VPOS="1139" WIDTH="12" HEIGHT="34" WC="0.96" CONTENT="i"/><SP WIDTH="19" VPOS="1139" HPOS="1476"/>
							<String ID="string_39" HPOS="1495" VPOS="1139" WIDTH="188" HEIGHT="46" WC="0.93" CONTENT="Filipstad"/><SP WIDTH="18" VPOS="1139" HPOS="1683"/>
							<String ID="string_40" HPOS="1701" VPOS="1154" WIDTH="42" HEIGHT="23" WC="0.90" CONTENT="m."/><SP WIDTH="21" VPOS="1154" HPOS="1743"/>
							<String ID="string_41" HPOS="1764" VPOS="1155" WIDTH="46" HEIGHT="23" WC="0.90" CONTENT="m."/>
						</TextLine>
					</TextBlock>
				</ComposedBlock>
				<ComposedBlock ID="cblock_4" HPOS="205" VPOS="1285" WIDTH="1606" HEIGHT="1152">
					<TextBlock ID="block_4" HPOS="209" VPOS="1285" WIDTH="1602" HEIGHT="519">
						<TextLine ID="line_6" HPOS="317" VPOS="1285" WIDTH="1491" HEIGHT="60">
							<String ID="string_42" HPOS="317" VPOS="1285" WIDTH="17" HEIGHT="36" WC="0.96" CONTENT="I"/><SP WIDTH="41" VPOS="1285" HPOS="334"/>
							<String ID="string_43" HPOS="375" VPOS="1298" WIDTH="46" HEIGHT="24" WC="0.95" CONTENT="en"/><SP WIDTH="42" VPOS="1298" HPOS="421"/>
							<String ID="string_44" HPOS="463" VPOS="1286" WIDTH="57" HEIGHT="36" WC="0.96" CONTENT="till"/><SP WIDTH="40" VPOS="1286" HPOS="520"/>
							<String ID="string_45" HPOS="560" VPOS="1286" WIDTH="217" HEIGHT="51" WC="0.96" CONTENT="Riksdagen"/><SP WIDTH="41" VPOS="1286" HPOS="777"/>
							<String ID="string_46" HPOS="818" VPOS="1288" WIDTH="73" HEIGHT="37" WC="0.96" CONTENT="den"/><SP WIDTH="43" VPOS="1288" HPOS="891"/>
							<String ID="string_47" HPOS="934" VPOS="1291" WIDTH="45" HEIGHT="35" WC="0.96" CONTENT="31"/><SP WIDTH="39" VPOS="1291" HPOS="979"/>
							<String ID="string_48" HPOS="1018" VPOS="1291" WIDTH="150" HEIGHT="49" WC="0.96" CONTENT="januari"/><SP WIDTH="41" VPOS="1291" HPOS="1168"/>
							<String ID="string_49" HPOS="1209" VPOS="1292" WIDTH="253" HEIGHT="39" WC="0.96" CONTENT="innevarande"/><SP WIDTH="35" VPOS="1292" HPOS="1462"/>
							<String ID="string_50" HPOS="1497" VPOS="1297" WIDTH="40" HEIGHT="34" WC="0.93" CONTENT="år"/><SP WIDTH="27" VPOS="1297" HPOS="1537"/>
							<String ID="string_51" HPOS="1564" VPOS="1296" WIDTH="160" HEIGHT="49" WC="0.93" CONTENT="avlåten,"/><SP WIDTH="29" VPOS="1296" HPOS="1724"/>
							<String ID="string_52" HPOS="1753" VPOS="1298" WIDTH="55" HEIGHT="37" WC="0.96" CONTENT="till"/>
						</TextLine>
						<TextLine ID="line_7" HPOS="213" VPOS="1337" WIDTH="1598" HEIGHT="60">
							<String ID="string_53" HPOS="213" VPOS="1337" WIDTH="315" HEIGHT="38" WC="0.94" CONTENT="bankoutskottet"/><SP WIDTH="40" VPOS="1337" HPOS="528"/>
							<String ID="string_54" HPOS="568" VPOS="1340" WIDTH="217" HEIGHT="37" WC="0.96" CONTENT="remitterad"/><SP WIDTH="41" VPOS="1340" HPOS="785"/>
							<String ID="string_55" HPOS="826" VPOS="1342" WIDTH="246" HEIGHT="50" WC="0.96" CONTENT="proposition,"/><SP WIDTH="42" VPOS="1342" HPOS="1072"/>
							<String ID="string_56" HPOS="1114" VPOS="1358" WIDTH="45" HEIGHT="22" WC="0.95" CONTENT="nr"/><SP WIDTH="30" VPOS="1358" HPOS="1159"/>
							<String ID="string_57" HPOS="1189" VPOS="1346" WIDTH="59" HEIGHT="46" WC="0.96" CONTENT="54,"/><SP WIDTH="29" VPOS="1346" HPOS="1248"/>
							<String ID="string_58" HPOS="1277" VPOS="1346" WIDTH="67" HEIGHT="36" WC="0.96" CONTENT="har"/><SP WIDTH="29" VPOS="1346" HPOS="1344"/>
							<String ID="string_59" HPOS="1373" VPOS="1346" WIDTH="141" HEIGHT="49" WC="0.94" CONTENT="Kungl."/><SP WIDTH="30" VPOS="1346" HPOS="1514"/>
							<String ID="string_60" HPOS="1544" VPOS="1347" WIDTH="120" HEIGHT="50" WC="0.96" CONTENT="Maj:t,"/><SP WIDTH="28" VPOS="1347" HPOS="1664"/>
							<String ID="string_61" HPOS="1692" VPOS="1350" WIDTH="119" HEIGHT="37" WC="0.96" CONTENT="under"/>
						</TextLine>
						<TextLine ID="line_8" HPOS="214" VPOS="1389" WIDTH="1596" HEIGHT="57">
							<String ID="string_62" HPOS="214" VPOS="1389" WIDTH="235" HEIGHT="50" WC="0.95" CONTENT="åberopande"/><SP WIDTH="43" VPOS="1389" HPOS="449"/>
							<String ID="string_63" HPOS="492" VPOS="1404" WIDTH="45" HEIGHT="23" WC="0.92" CONTENT="av"/><SP WIDTH="33" VPOS="1404" HPOS="537"/>
							<String ID="string_64" HPOS="570" VPOS="1391" WIDTH="123" HEIGHT="48" WC="0.92" CONTENT="bilagt"/><SP WIDTH="27" VPOS="1391" HPOS="693"/>
							<String ID="string_65" HPOS="720" VPOS="1393" WIDTH="139" HEIGHT="49" WC="0.96" CONTENT="utdrag"/><SP WIDTH="28" VPOS="1393" HPOS="859"/>
							<String ID="string_66" HPOS="887" VPOS="1407" WIDTH="45" HEIGHT="22" WC="0.93" CONTENT="av"/><SP WIDTH="29" VPOS="1407" HPOS="932"/>
							<String ID="string_67" HPOS="961" VPOS="1396" WIDTH="412" HEIGHT="50" WC="0.90" CONTENT="statsrådsprotokollet"/><SP WIDTH="29" VPOS="1396" HPOS="1373"/>
							<String ID="string_68" HPOS="1402" VPOS="1404" WIDTH="90" HEIGHT="31" WC="0.93" CONTENT="över"/><SP WIDTH="28" VPOS="1404" HPOS="1492"/>
							<String ID="string_69" HPOS="1520" VPOS="1400" WIDTH="290" HEIGHT="38" WC="0.91" CONTENT="finansärenden"/>
						</TextLine>
						<TextLine ID="line_9" HPOS="213" VPOS="1441" WIDTH="1597" HEIGHT="60">
							<String ID="string_70" HPOS="213" VPOS="1441" WIDTH="58" HEIGHT="36" WC="0.96" CONTENT="för"/><SP WIDTH="41" VPOS="1441" HPOS="271"/>
							<String ID="string_71" HPOS="312" VPOS="1455" WIDTH="145" HEIGHT="23" WC="0.96" CONTENT="samma"/><SP WIDTH="37" VPOS="1455" HPOS="457"/>
							<String ID="string_72" HPOS="494" VPOS="1443" WIDTH="87" HEIGHT="48" WC="0.96" CONTENT="dag,"/><SP WIDTH="30" VPOS="1443" HPOS="581"/>
							<String ID="string_73" HPOS="611" VPOS="1443" WIDTH="197" HEIGHT="50" WC="0.96" CONTENT="föreslagit"/><SP WIDTH="27" VPOS="1443" HPOS="808"/>
							<String ID="string_74" HPOS="835" VPOS="1445" WIDTH="220" HEIGHT="51" WC="0.96" CONTENT="Riksdagen"/><SP WIDTH="29" VPOS="1445" HPOS="1055"/>
							<String ID="string_75" HPOS="1084" VPOS="1453" WIDTH="54" HEIGHT="31" WC="0.93" CONTENT="att"/><SP WIDTH="28" VPOS="1453" HPOS="1138"/>
							<String ID="string_76" HPOS="1166" VPOS="1452" WIDTH="21" HEIGHT="33" WC="0.91" CONTENT="å"/><SP WIDTH="28" VPOS="1452" HPOS="1187"/>
							<String ID="string_77" HPOS="1215" VPOS="1449" WIDTH="187" HEIGHT="38" WC="0.93" CONTENT="allmänna"/><SP WIDTH="28" VPOS="1449" HPOS="1402"/>
							<String ID="string_78" HPOS="1430" VPOS="1451" WIDTH="380" HEIGHT="50" WC="0.91" CONTENT="indragningsstaten"/>
						</TextLine>
						<TextLine ID="line_10" HPOS="211" VPOS="1493" WIDTH="1598" HEIGHT="58">
							<String ID="string_79" HPOS="211" VPOS="1493" WIDTH="83" HEIGHT="36" WC="0.96" CONTENT="från"/><SP WIDTH="42" VPOS="1493" HPOS="294"/>
							<String ID="string_80" HPOS="336" VPOS="1494" WIDTH="70" HEIGHT="36" WC="0.96" CONTENT="och"/><SP WIDTH="35" VPOS="1494" HPOS="406"/>
							<String ID="string_81" HPOS="441" VPOS="1494" WIDTH="87" HEIGHT="37" WC="0.96" CONTENT="med"/><SP WIDTH="29" VPOS="1494" HPOS="528"/>
							<String ID="string_82" HPOS="557" VPOS="1498" WIDTH="40" HEIGHT="33" WC="0.96" CONTENT="år"/><SP WIDTH="30" VPOS="1498" HPOS="597"/>
							<String ID="string_83" HPOS="627" VPOS="1497" WIDTH="98" HEIGHT="35" WC="0.96" CONTENT="1914"/><SP WIDTH="28" VPOS="1497" HPOS="725"/>
							<String ID="string_84" HPOS="753" VPOS="1497" WIDTH="162" HEIGHT="49" WC="0.96" CONTENT="uppföra"/><SP WIDTH="27" VPOS="1497" HPOS="915"/>
							<String ID="string_85" HPOS="942" VPOS="1504" WIDTH="53" HEIGHT="31" WC="0.96" CONTENT="ett"/><SP WIDTH="26" VPOS="1504" HPOS="995"/>
							<String ID="string_86" HPOS="1021" VPOS="1499" WIDTH="136" HEIGHT="50" WC="0.96" CONTENT="belopp"/><SP WIDTH="30" VPOS="1499" HPOS="1157"/>
							<String ID="string_87" HPOS="1187" VPOS="1515" WIDTH="46" HEIGHT="22" WC="0.97" CONTENT="av"/><SP WIDTH="28" VPOS="1515" HPOS="1233"/>
							<String ID="string_88" HPOS="1261" VPOS="1503" WIDTH="73" HEIGHT="35" WC="0.96" CONTENT="215"/><SP WIDTH="29" VPOS="1503" HPOS="1334"/>
							<String ID="string_89" HPOS="1363" VPOS="1503" WIDTH="151" HEIGHT="48" WC="0.96" CONTENT="kronor,"/><SP WIDTH="29" VPOS="1503" HPOS="1514"/>
							<String ID="string_90" HPOS="1543" VPOS="1507" WIDTH="266" HEIGHT="36" WC="0.96" CONTENT="motsvarande"/>
						</TextLine>
						<TextLine ID="line_11" HPOS="210" VPOS="1545" WIDTH="1600" HEIGHT="60">
							<String ID="string_91" HPOS="210" VPOS="1546" WIDTH="12" HEIGHT="35" WC="0.78" CONTENT="i"/><SP WIDTH="28" VPOS="1546" HPOS="222"/>
							<String ID="string_92" HPOS="250" VPOS="1545" WIDTH="149" HEIGHT="49" WC="0.91" CONTENT="jämnat"/><SP WIDTH="33" VPOS="1545" HPOS="399"/>
							<String ID="string_93" HPOS="432" VPOS="1546" WIDTH="53" HEIGHT="37" WC="0.96" CONTENT="tal"/><SP WIDTH="28" VPOS="1546" HPOS="485"/>
							<String ID="string_94" HPOS="513" VPOS="1546" WIDTH="76" HEIGHT="37" WC="0.96" CONTENT="fem"/><SP WIDTH="29" VPOS="1546" HPOS="589"/>
							<String ID="string_95" HPOS="618" VPOS="1554" WIDTH="157" HEIGHT="42" WC="0.96" CONTENT="procent"/><SP WIDTH="26" VPOS="1554" HPOS="775"/>
							<String ID="string_96" HPOS="801" VPOS="1554" WIDTH="109" HEIGHT="32" WC="0.93" CONTENT="ränta"/><SP WIDTH="29" VPOS="1554" HPOS="910"/>
							<String ID="string_97" HPOS="939" VPOS="1553" WIDTH="20" HEIGHT="34" WC="0.93" CONTENT="å"/><SP WIDTH="28" VPOS="1553" HPOS="959"/>
							<String ID="string_98" HPOS="987" VPOS="1551" WIDTH="73" HEIGHT="37" WC="0.96" CONTENT="den"/><SP WIDTH="29" VPOS="1551" HPOS="1060"/>
							<String ID="string_99" HPOS="1089" VPOS="1553" WIDTH="70" HEIGHT="47" WC="0.93" CONTENT="del,"/><SP WIDTH="30" VPOS="1553" HPOS="1159"/>
							<String ID="string_100" HPOS="1189" VPOS="1555" WIDTH="110" HEIGHT="46" WC="0.92" CONTENT="4,291"/><SP WIDTH="31" VPOS="1555" HPOS="1299"/>
							<String ID="string_101" HPOS="1330" VPOS="1554" WIDTH="141" HEIGHT="38" WC="0.96" CONTENT="kronor"/><SP WIDTH="29" VPOS="1554" HPOS="1471"/>
							<String ID="string_102" HPOS="1500" VPOS="1558" WIDTH="48" HEIGHT="34" WC="0.96" CONTENT="94"/><SP WIDTH="28" VPOS="1558" HPOS="1548"/>
							<String ID="string_103" HPOS="1576" VPOS="1561" WIDTH="76" HEIGHT="44" WC="0.96" CONTENT="öre,"/><SP WIDTH="30" VPOS="1561" HPOS="1652"/>
							<String ID="string_104" HPOS="1682" VPOS="1572" WIDTH="47" HEIGHT="22" WC="0.96" CONTENT="av"/><SP WIDTH="19" VPOS="1572" HPOS="1729"/>
							<String ID="string_105" HPOS="1748" VPOS="1558" WIDTH="62" HEIGHT="37" WC="0.96" CONTENT="det"/>
						</TextLine>
						<TextLine ID="line_12" HPOS="209" VPOS="1598" WIDTH="1600" HEIGHT="59">
							<String ID="string_106" HPOS="209" VPOS="1598" WIDTH="13" HEIGHT="34" WC="0.87" CONTENT="1"/><SP WIDTH="28" VPOS="1598" HPOS="222"/>
							<String ID="string_107" HPOS="250" VPOS="1598" WIDTH="165" HEIGHT="35" WC="0.96" CONTENT="nämnda"/><SP WIDTH="27" VPOS="1598" HPOS="415"/>
							<String ID="string_108" HPOS="442" VPOS="1599" WIDTH="189" HEIGHT="48" WC="0.96" CONTENT="protokoll"/><SP WIDTH="30" VPOS="1599" HPOS="631"/>
							<String ID="string_109" HPOS="661" VPOS="1601" WIDTH="166" HEIGHT="47" WC="0.93" CONTENT="angivna"/><SP WIDTH="29" VPOS="1601" HPOS="827"/>
							<String ID="string_110" HPOS="856" VPOS="1604" WIDTH="410" HEIGHT="50" WC="0.91" CONTENT="ersättningsbeloppet"/><SP WIDTH="28" VPOS="1604" HPOS="1266"/>
							<String ID="string_111" HPOS="1294" VPOS="1606" WIDTH="58" HEIGHT="37" WC="0.96" CONTENT="för"/><SP WIDTH="28" VPOS="1606" HPOS="1352"/>
							<String ID="string_112" HPOS="1380" VPOS="1620" WIDTH="46" HEIGHT="23" WC="0.96" CONTENT="en"/><SP WIDTH="27" VPOS="1620" HPOS="1426"/>
							<String ID="string_113" HPOS="1453" VPOS="1608" WIDTH="82" HEIGHT="35" WC="0.93" CONTENT="från"/><SP WIDTH="20" VPOS="1608" HPOS="1535"/>
							<String ID="string_114" HPOS="1555" VPOS="1608" WIDTH="254" HEIGHT="49" WC="0.92" CONTENT="bergmästar-"/>
						</TextLine>
						<TextLine ID="line_13" HPOS="209" VPOS="1649" WIDTH="1600" HEIGHT="57">
							<String ID="string_115" HPOS="209" VPOS="1649" WIDTH="176" HEIGHT="37" WC="0.92" CONTENT="bostället"/><SP WIDTH="40" VPOS="1649" HPOS="385"/>
							<String ID="string_116" HPOS="425" VPOS="1650" WIDTH="12" HEIGHT="36" WC="0.94" CONTENT="i"/><SP WIDTH="40" VPOS="1650" HPOS="437"/>
							<String ID="string_117" HPOS="477" VPOS="1650" WIDTH="186" HEIGHT="49" WC="0.96" CONTENT="Filipstad"/><SP WIDTH="40" VPOS="1650" HPOS="663"/>
							<String ID="string_118" HPOS="703" VPOS="1652" WIDTH="172" HEIGHT="38" WC="0.96" CONTENT="bortförd"/><SP WIDTH="43" VPOS="1652" HPOS="875"/>
							<String ID="string_119" HPOS="918" VPOS="1655" WIDTH="370" HEIGHT="51" WC="0.95" CONTENT="ekonomibyggnad,"/><SP WIDTH="43" VPOS="1655" HPOS="1288"/>
							<String ID="string_120" HPOS="1331" VPOS="1672" WIDTH="81" HEIGHT="23" WC="0.96" CONTENT="som"/><SP WIDTH="44" VPOS="1672" HPOS="1412"/>
							<String ID="string_121" HPOS="1456" VPOS="1660" WIDTH="121" HEIGHT="36" WC="0.93" CONTENT="skulle"/><SP WIDTH="37" VPOS="1660" HPOS="1577"/>
							<String ID="string_122" HPOS="1614" VPOS="1662" WIDTH="56" HEIGHT="35" WC="0.93" CONTENT="till"/><SP WIDTH="29" VPOS="1662" HPOS="1670"/>
							<String ID="string_123" HPOS="1699" VPOS="1667" WIDTH="110" HEIGHT="32" WC="0.91" CONTENT="stats-"/>
						</TextLine>
						<TextLine ID="line_14" HPOS="209" VPOS="1701" WIDTH="1599" HEIGHT="55">
							<String ID="string_124" HPOS="209" VPOS="1701" WIDTH="176" HEIGHT="37" WC="0.92" CONTENT="kontoret"/><SP WIDTH="27" VPOS="1701" HPOS="385"/>
							<String ID="string_125" HPOS="412" VPOS="1702" WIDTH="240" HEIGHT="49" WC="0.91" CONTENT="inlevereras,"/><SP WIDTH="30" VPOS="1702" HPOS="652"/>
							<String ID="string_126" HPOS="682" VPOS="1709" WIDTH="54" HEIGHT="32" WC="0.96" CONTENT="att"/><SP WIDTH="29" VPOS="1709" HPOS="736"/>
							<String ID="string_127" HPOS="765" VPOS="1705" WIDTH="145" HEIGHT="49" WC="0.93" CONTENT="årligen"/><SP WIDTH="28" VPOS="1705" HPOS="910"/>
							<String ID="string_128" HPOS="938" VPOS="1707" WIDTH="312" HEIGHT="49" WC="0.77" CONTENT="tillgodokomma"/><SP WIDTH="26" VPOS="1707" HPOS="1250"/>
							<String ID="string_129" HPOS="1276" VPOS="1710" WIDTH="282" HEIGHT="39" WC="0.95" CONTENT="vederbörande"/><SP WIDTH="23" VPOS="1710" HPOS="1558"/>
							<String ID="string_130" HPOS="1581" VPOS="1713" WIDTH="227" HEIGHT="38" WC="0.94" CONTENT="innehavare"/>
						</TextLine>
						<TextLine ID="line_15" HPOS="210" VPOS="1754" WIDTH="673" HEIGHT="50">
							<String ID="string_131" HPOS="210" VPOS="1767" WIDTH="48" HEIGHT="22" WC="0.96" CONTENT="av"/><SP WIDTH="28" VPOS="1767" HPOS="258"/>
							<String ID="string_132" HPOS="286" VPOS="1754" WIDTH="165" HEIGHT="36" WC="0.92" CONTENT="nämnda"/><SP WIDTH="27" VPOS="1754" HPOS="451"/>
							<String ID="string_133" HPOS="478" VPOS="1755" WIDTH="405" HEIGHT="49" WC="0.91" CONTENT="bergmästarboställe."/>
						</TextLine>
					</TextBlock>
					<TextBlock ID="block_5" HPOS="209" VPOS="1805" WIDTH="1599" HEIGHT="106">
						<TextLine ID="line_16" HPOS="340" VPOS="1805" WIDTH="1468" HEIGHT="58">
							<String ID="string_134" HPOS="340" VPOS="1805" WIDTH="74" HEIGHT="37" WC="0.96" CONTENT="Till"/><SP WIDTH="20" VPOS="1805" HPOS="414"/>
							<String ID="string_135" HPOS="434" VPOS="1808" WIDTH="265" HEIGHT="36" WC="0.93" CONTENT="ovannämnda"/><SP WIDTH="20" VPOS="1808" HPOS="699"/>
							<String ID="string_136" HPOS="719" VPOS="1810" WIDTH="371" HEIGHT="50" WC="0.91" CONTENT="statsrådsprotokoll"/><SP WIDTH="19" VPOS="1810" HPOS="1090"/>
							<String ID="string_137" HPOS="1109" VPOS="1813" WIDTH="68" HEIGHT="36" WC="0.91" CONTENT="har"/><SP WIDTH="18" VPOS="1813" HPOS="1177"/>
							<String ID="string_138" HPOS="1195" VPOS="1814" WIDTH="417" HEIGHT="49" WC="0.91" CONTENT="departementschefen"/><SP WIDTH="15" VPOS="1814" HPOS="1612"/>
							<String ID="string_139" HPOS="1627" VPOS="1818" WIDTH="12" HEIGHT="36" WC="0.96" CONTENT="i"/><SP WIDTH="15" VPOS="1818" HPOS="1639"/>
							<String ID="string_140" HPOS="1654" VPOS="1819" WIDTH="154" HEIGHT="37" WC="0.96" CONTENT="ärendet"/>
						</TextLine>
						<TextLine ID="line_17" HPOS="209" VPOS="1858" WIDTH="331" HEIGHT="53">
							<String ID="string_141" HPOS="209" VPOS="1858" WIDTH="126" HEIGHT="36" WC="0.96" CONTENT="anfört"/><SP WIDTH="29" VPOS="1858" HPOS="335"/>
							<String ID="string_142" HPOS="364" VPOS="1858" WIDTH="176" HEIGHT="53" WC="0.96" CONTENT="följande."/>
						</TextLine>
					</TextBlock>
					<TextBlock ID="block_6" HPOS="205" VPOS="1912" WIDTH="1603" HEIGHT="462">
						<TextLine ID="line_18" HPOS="338" VPOS="1912" WIDTH="1468" HEIGHT="58">
							<String ID="string_143" HPOS="338" VPOS="1914" WIDTH="73" HEIGHT="32" WC="0.67" CONTENT="»År"/><SP WIDTH="31" VPOS="1914" HPOS="411"/>
							<String ID="string_144" HPOS="442" VPOS="1913" WIDTH="96" HEIGHT="35" WC="0.94" CONTENT="1775"/><SP WIDTH="30" VPOS="1913" HPOS="538"/>
							<String ID="string_145" HPOS="568" VPOS="1912" WIDTH="209" HEIGHT="38" WC="0.96" CONTENT="förstördes"/><SP WIDTH="29" VPOS="1912" HPOS="777"/>
							<String ID="string_146" HPOS="806" VPOS="1927" WIDTH="139" HEIGHT="35" WC="0.96" CONTENT="genom"/><SP WIDTH="28" VPOS="1927" HPOS="945"/>
							<String ID="string_147" HPOS="973" VPOS="1917" WIDTH="120" HEIGHT="36" WC="0.96" CONTENT="brand"/><SP WIDTH="29" VPOS="1917" HPOS="1093"/>
							<String ID="string_148" HPOS="1122" VPOS="1931" WIDTH="46" HEIGHT="23" WC="0.96" CONTENT="en"/><SP WIDTH="30" VPOS="1931" HPOS="1168"/>
							<String ID="string_149" HPOS="1198" VPOS="1932" WIDTH="46" HEIGHT="23" WC="0.96" CONTENT="av"/><SP WIDTH="28" VPOS="1932" HPOS="1244"/>
							<String ID="string_150" HPOS="1272" VPOS="1919" WIDTH="141" HEIGHT="49" WC="0.94" CONTENT="Kungl."/><SP WIDTH="30" VPOS="1919" HPOS="1413"/>
							<String ID="string_151" HPOS="1443" VPOS="1921" WIDTH="108" HEIGHT="49" WC="0.96" CONTENT="Maj:t"/><SP WIDTH="23" VPOS="1921" HPOS="1551"/>
							<String ID="string_152" HPOS="1574" VPOS="1923" WIDTH="70" HEIGHT="35" WC="0.96" CONTENT="och"/><SP WIDTH="19" VPOS="1923" HPOS="1644"/>
							<String ID="string_153" HPOS="1663" VPOS="1923" WIDTH="143" HEIGHT="37" WC="0.96" CONTENT="kronan"/>
						</TextLine>
						<TextLine ID="line_19" HPOS="207" VPOS="1961" WIDTH="1601" HEIGHT="63">
							<String ID="string_154" HPOS="207" VPOS="1961" WIDTH="55" HEIGHT="36" WC="0.85" CONTENT="till"/><SP WIDTH="41" VPOS="1961" HPOS="262"/>
							<String ID="string_155" HPOS="303" VPOS="1961" WIDTH="399" HEIGHT="51" WC="0.91" CONTENT="bergmästarboställe"/><SP WIDTH="33" VPOS="1961" HPOS="702"/>
							<String ID="string_156" HPOS="735" VPOS="1967" WIDTH="179" HEIGHT="47" WC="0.95" CONTENT="anslagen"/><SP WIDTH="28" VPOS="1967" HPOS="914"/>
							<String ID="string_157" HPOS="942" VPOS="1968" WIDTH="94" HEIGHT="49" WC="0.96" CONTENT="gård"/><SP WIDTH="27" VPOS="1968" HPOS="1036"/>
							<String ID="string_158" HPOS="1063" VPOS="1969" WIDTH="13" HEIGHT="36" WC="0.96" CONTENT="i"/><SP WIDTH="27" VPOS="1969" HPOS="1076"/>
							<String ID="string_159" HPOS="1103" VPOS="1969" WIDTH="196" HEIGHT="51" WC="0.95" CONTENT="Filipstad."/><SP WIDTH="55" VPOS="1969" HPOS="1299"/>
							<String ID="string_160" HPOS="1354" VPOS="1972" WIDTH="86" HEIGHT="37" WC="0.95" CONTENT="Med"/><SP WIDTH="29" VPOS="1972" HPOS="1440"/>
							<String ID="string_161" HPOS="1469" VPOS="1973" WIDTH="205" HEIGHT="51" WC="0.96" CONTENT="anledning"/><SP WIDTH="19" VPOS="1973" HPOS="1674"/>
							<String ID="string_162" HPOS="1693" VPOS="1975" WIDTH="115" HEIGHT="37" WC="0.96" CONTENT="därav"/>
						</TextLine>
						<TextLine ID="line_20" HPOS="206" VPOS="2014" WIDTH="1599" HEIGHT="62">
							<String ID="string_163" HPOS="206" VPOS="2014" WIDTH="156" HEIGHT="49" WC="0.96" CONTENT="inköpte"/><SP WIDTH="43" VPOS="2014" HPOS="362"/>
							<String ID="string_164" HPOS="405" VPOS="2014" WIDTH="224" HEIGHT="38" WC="0.95" CONTENT="Värmlands"/><SP WIDTH="39" VPOS="2014" HPOS="629"/>
							<String ID="string_165" HPOS="668" VPOS="2018" WIDTH="70" HEIGHT="36" WC="0.96" CONTENT="och"/><SP WIDTH="28" VPOS="2018" HPOS="738"/>
							<String ID="string_166" HPOS="766" VPOS="2018" WIDTH="91" HEIGHT="37" WC="0.96" CONTENT="Dals"/><SP WIDTH="27" VPOS="2018" HPOS="857"/>
							<String ID="string_167" HPOS="884" VPOS="2019" WIDTH="234" HEIGHT="50" WC="0.96" CONTENT="bruksägare"/><SP WIDTH="29" VPOS="2019" HPOS="1118"/>
							<String ID="string_168" HPOS="1147" VPOS="2035" WIDTH="45" HEIGHT="23" WC="0.96" CONTENT="en"/><SP WIDTH="29" VPOS="2035" HPOS="1192"/>
							<String ID="string_169" HPOS="1221" VPOS="2036" WIDTH="126" HEIGHT="25" WC="0.96" CONTENT="annan"/><SP WIDTH="28" VPOS="2036" HPOS="1347"/>
							<String ID="string_170" HPOS="1375" VPOS="2025" WIDTH="95" HEIGHT="48" WC="0.96" CONTENT="gård"/><SP WIDTH="27" VPOS="2025" HPOS="1470"/>
							<String ID="string_171" HPOS="1497" VPOS="2026" WIDTH="13" HEIGHT="36" WC="0.96" CONTENT="i"/><SP WIDTH="29" VPOS="2026" HPOS="1510"/>
							<String ID="string_172" HPOS="1539" VPOS="2039" WIDTH="143" HEIGHT="24" WC="0.96" CONTENT="samma"/><SP WIDTH="28" VPOS="2039" HPOS="1682"/>
							<String ID="string_173" HPOS="1710" VPOS="2029" WIDTH="95" HEIGHT="47" WC="0.96" CONTENT="stad,"/>
						</TextLine>
						<TextLine ID="line_21" HPOS="206" VPOS="2066" WIDTH="1600" HEIGHT="59">
							<String ID="string_174" HPOS="206" VPOS="2066" WIDTH="12" HEIGHT="35" WC="0.90" CONTENT="1"/><SP WIDTH="39" VPOS="2066" HPOS="218"/>
							<String ID="string_175" HPOS="257" VPOS="2066" WIDTH="174" HEIGHT="37" WC="0.94" CONTENT="ändamål"/><SP WIDTH="44" VPOS="2066" HPOS="431"/>
							<String ID="string_176" HPOS="475" VPOS="2073" WIDTH="53" HEIGHT="30" WC="0.94" CONTENT="att"/><SP WIDTH="41" VPOS="2073" HPOS="528"/>
							<String ID="string_177" HPOS="569" VPOS="2068" WIDTH="219" HEIGHT="38" WC="0.96" CONTENT="densamma"/><SP WIDTH="42" VPOS="2068" HPOS="788"/>
							<String ID="string_178" HPOS="830" VPOS="2071" WIDTH="120" HEIGHT="37" WC="0.96" CONTENT="skulle"/><SP WIDTH="42" VPOS="2071" HPOS="950"/>
							<String ID="string_179" HPOS="992" VPOS="2073" WIDTH="103" HEIGHT="48" WC="0.96" CONTENT="tjäna"/><SP WIDTH="41" VPOS="2073" HPOS="1095"/>
							<String ID="string_180" HPOS="1136" VPOS="2074" WIDTH="55" HEIGHT="36" WC="0.93" CONTENT="till"/><SP WIDTH="37" VPOS="2074" HPOS="1191"/>
							<String ID="string_181" HPOS="1228" VPOS="2075" WIDTH="159" HEIGHT="38" WC="0.93" CONTENT="boställe"/><SP WIDTH="29" VPOS="2075" HPOS="1387"/>
							<String ID="string_182" HPOS="1416" VPOS="2080" WIDTH="38" HEIGHT="33" WC="0.96" CONTENT="åt"/><SP WIDTH="29" VPOS="2080" HPOS="1454"/>
							<String ID="string_183" HPOS="1483" VPOS="2077" WIDTH="323" HEIGHT="48" WC="0.95" CONTENT="bergmästaren"/><SP WIDTH="-22" VPOS="2077" HPOS="1806"/>
							<String ID="string_184" HPOS="1784" VPOS="2062" WIDTH="26" HEIGHT="67" WC="0.95" CONTENT="i"/>
						</TextLine>
						<TextLine ID="line_22" HPOS="207" VPOS="2117" WIDTH="1598" HEIGHT="60">
							<String ID="string_185" HPOS="207" VPOS="2117" WIDTH="188" HEIGHT="38" WC="0.96" CONTENT="distriktet"/><SP WIDTH="28" VPOS="2117" HPOS="395"/>
							<String ID="string_186" HPOS="423" VPOS="2119" WIDTH="12" HEIGHT="35" WC="0.96" CONTENT="i"/><SP WIDTH="29" VPOS="2119" HPOS="435"/>
							<String ID="string_187" HPOS="464" VPOS="2119" WIDTH="127" HEIGHT="37" WC="0.95" CONTENT="stället"/><SP WIDTH="27" VPOS="2119" HPOS="591"/>
							<String ID="string_188" HPOS="618" VPOS="2120" WIDTH="59" HEIGHT="37" WC="0.95" CONTENT="för"/><SP WIDTH="29" VPOS="2120" HPOS="677"/>
							<String ID="string_189" HPOS="706" VPOS="2121" WIDTH="62" HEIGHT="37" WC="0.96" CONTENT="det"/><SP WIDTH="28" VPOS="2121" HPOS="768"/>
							<String ID="string_190" HPOS="796" VPOS="2135" WIDTH="46" HEIGHT="24" WC="0.96" CONTENT="av"/><SP WIDTH="28" VPOS="2135" HPOS="842"/>
							<String ID="string_191" HPOS="870" VPOS="2123" WIDTH="143" HEIGHT="50" WC="0.95" CONTENT="Kungl."/><SP WIDTH="29" VPOS="2123" HPOS="1013"/>
							<String ID="string_192" HPOS="1042" VPOS="2125" WIDTH="107" HEIGHT="50" WC="0.96" CONTENT="Maj:t"/><SP WIDTH="29" VPOS="2125" HPOS="1149"/>
							<String ID="string_193" HPOS="1178" VPOS="2127" WIDTH="100" HEIGHT="37" WC="0.93" CONTENT="förut"/><SP WIDTH="29" VPOS="2127" HPOS="1278"/>
							<String ID="string_194" HPOS="1307" VPOS="2129" WIDTH="194" HEIGHT="48" WC="0.85" CONTENT="anslagna."/><SP WIDTH="48" VPOS="2129" HPOS="1501"/>
							<String ID="string_195" HPOS="1549" VPOS="2130" WIDTH="72" HEIGHT="37" WC="0.96" CONTENT="Det"/><SP WIDTH="28" VPOS="2130" HPOS="1621"/>
							<String ID="string_196" HPOS="1649" VPOS="2132" WIDTH="156" HEIGHT="37" WC="0.96" CONTENT="sålunda"/>
						</TextLine>
						<TextLine ID="line_23" HPOS="205" VPOS="2169" WIDTH="1600" HEIGHT="61">
							<String ID="string_197" HPOS="205" VPOS="2169" WIDTH="159" HEIGHT="50" WC="0.93" CONTENT="inköpta"/><SP WIDTH="40" VPOS="2169" HPOS="364"/>
							<String ID="string_198" HPOS="404" VPOS="2170" WIDTH="178" HEIGHT="38" WC="0.89" CONTENT="bostället"/><SP WIDTH="40" VPOS="2170" HPOS="582"/>
							<String ID="string_199" HPOS="622" VPOS="2172" WIDTH="87" HEIGHT="37" WC="0.96" CONTENT="blev"/><SP WIDTH="41" VPOS="2172" HPOS="709"/>
							<String ID="string_200" HPOS="750" VPOS="2174" WIDTH="161" HEIGHT="38" WC="0.96" CONTENT="därefter"/><SP WIDTH="29" VPOS="2174" HPOS="911"/>
							<String ID="string_201" HPOS="940" VPOS="2189" WIDTH="45" HEIGHT="24" WC="0.92" CONTENT="av"/><SP WIDTH="28" VPOS="2189" HPOS="985"/>
							<String ID="string_202" HPOS="1013" VPOS="2177" WIDTH="261" HEIGHT="50" WC="0.92" CONTENT="bruksägarna"/><SP WIDTH="27" VPOS="2177" HPOS="1274"/>
							<String ID="string_203" HPOS="1301" VPOS="2180" WIDTH="175" HEIGHT="50" WC="0.96" CONTENT="bebyggt"/><SP WIDTH="28" VPOS="2180" HPOS="1476"/>
							<String ID="string_204" HPOS="1504" VPOS="2181" WIDTH="70" HEIGHT="38" WC="0.96" CONTENT="och"/><SP WIDTH="27" VPOS="2181" HPOS="1574"/>
							<String ID="string_205" HPOS="1601" VPOS="2182" WIDTH="204" HEIGHT="39" WC="0.96" CONTENT="innehades"/>
						</TextLine>
						<TextLine ID="line_24" HPOS="206" VPOS="2221" WIDTH="1599" HEIGHT="61">
							<String ID="string_206" HPOS="206" VPOS="2221" WIDTH="210" HEIGHT="37" WC="0.96" CONTENT="sedermera"/><SP WIDTH="34" VPOS="2221" HPOS="416"/>
							<String ID="string_207" HPOS="450" VPOS="2236" WIDTH="46" HEIGHT="22" WC="0.93" CONTENT="av"/><SP WIDTH="34" VPOS="2236" HPOS="496"/>
							<String ID="string_208" HPOS="530" VPOS="2223" WIDTH="287" HEIGHT="49" WC="0.92" CONTENT="bergmästarna"/><SP WIDTH="27" VPOS="2223" HPOS="817"/>
							<String ID="string_209" HPOS="844" VPOS="2227" WIDTH="12" HEIGHT="36" WC="0.96" CONTENT="i"/><SP WIDTH="29" VPOS="2227" HPOS="856"/>
							<String ID="string_210" HPOS="885" VPOS="2227" WIDTH="191" HEIGHT="38" WC="0.95" CONTENT="distriktet"/><SP WIDTH="28" VPOS="2227" HPOS="1076"/>
							<String ID="string_211" HPOS="1104" VPOS="2230" WIDTH="198" HEIGHT="38" WC="0.96" CONTENT="oavbrutet"/><SP WIDTH="26" VPOS="2230" HPOS="1302"/>
							<String ID="string_212" HPOS="1328" VPOS="2233" WIDTH="98" HEIGHT="36" WC="0.96" CONTENT="intill"/><SP WIDTH="28" VPOS="2233" HPOS="1426"/>
							<String ID="string_213" HPOS="1454" VPOS="2236" WIDTH="50" HEIGHT="34" WC="0.76" CONTENT="år."/><SP WIDTH="21" VPOS="2236" HPOS="1504"/>
							<String ID="string_214" HPOS="1525" VPOS="2237" WIDTH="109" HEIGHT="45" WC="0.96" CONTENT="1893,"/><SP WIDTH="30" VPOS="2237" HPOS="1634"/>
							<String ID="string_215" HPOS="1664" VPOS="2235" WIDTH="47" HEIGHT="36" WC="0.96" CONTENT="då"/><SP WIDTH="32" VPOS="2235" HPOS="1711"/>
							<String ID="string_216" HPOS="1743" VPOS="2236" WIDTH="62" HEIGHT="37" WC="0.96" CONTENT="det"/>
						</TextLine>
						<TextLine ID="line_25" HPOS="206" VPOS="2274" WIDTH="1598" HEIGHT="57">
							<String ID="string_217" HPOS="206" VPOS="2287" WIDTH="47" HEIGHT="22" WC="0.92" CONTENT="av"/><SP WIDTH="45" VPOS="2287" HPOS="253"/>
							<String ID="string_218" HPOS="298" VPOS="2274" WIDTH="385" HEIGHT="49" WC="0.91" CONTENT="stärbhusdelägarna"/><SP WIDTH="47" VPOS="2274" HPOS="683"/>
							<String ID="string_219" HPOS="730" VPOS="2278" WIDTH="96" HEIGHT="37" WC="0.96" CONTENT="efter"/><SP WIDTH="41" VPOS="2278" HPOS="826"/>
							<String ID="string_220" HPOS="867" VPOS="2292" WIDTH="46" HEIGHT="24" WC="0.96" CONTENT="en"/><SP WIDTH="42" VPOS="2292" HPOS="913"/>
							<String ID="string_221" HPOS="955" VPOS="2281" WIDTH="150" HEIGHT="37" WC="0.96" CONTENT="avliden"/><SP WIDTH="41" VPOS="2281" HPOS="1105"/>
							<String ID="string_222" HPOS="1146" VPOS="2282" WIDTH="260" HEIGHT="49" WC="0.96" CONTENT="bergmästare"/><SP WIDTH="29" VPOS="2282" HPOS="1406"/>
							<String ID="string_223" HPOS="1435" VPOS="2286" WIDTH="283" HEIGHT="38" WC="0.96" CONTENT="överlämnades"/><SP WIDTH="29" VPOS="2286" HPOS="1718"/>
							<String ID="string_224" HPOS="1747" VPOS="2288" WIDTH="57" HEIGHT="36" WC="0.95" CONTENT="till"/>
						</TextLine>
						<TextLine ID="line_26" HPOS="205" VPOS="2324" WIDTH="272" HEIGHT="50">
							<String ID="string_225" HPOS="205" VPOS="2324" WIDTH="272" HEIGHT="50" WC="0.92" CONTENT="bruksägarna."/>
						</TextLine>
					</TextBlock>
					<TextBlock ID="block_7" HPOS="293" VPOS="2386" WIDTH="1462" HEIGHT="51">
						<TextLine ID="line_27" HPOS="293" VPOS="2386" WIDTH="1462" HEIGHT="51">
							<String ID="string_226" HPOS="293" VPOS="2386" WIDTH="129" HEIGHT="42" WC="0.89" CONTENT="Bihang"/><SP WIDTH="24" VPOS="2386" HPOS="422"/>
							<String ID="string_227" HPOS="446" VPOS="2388" WIDTH="49" HEIGHT="30" WC="0.96" CONTENT="till"/><SP WIDTH="23" VPOS="2388" HPOS="495"/>
							<String ID="string_228" HPOS="518" VPOS="2388" WIDTH="200" HEIGHT="42" WC="0.95" CONTENT="Riksdagens"/><SP WIDTH="17" VPOS="2388" HPOS="718"/>
							<String ID="string_229" HPOS="735" VPOS="2392" WIDTH="160" HEIGHT="39" WC="0.96" CONTENT="protokoll"/><SP WIDTH="23" VPOS="2392" HPOS="895"/>
							<String ID="string_230" HPOS="918" VPOS="2393" WIDTH="94" HEIGHT="31" WC="0.95" CONTENT="1913."/><SP WIDTH="47" VPOS="2393" HPOS="1012"/>
							<String ID="string_231" HPOS="1059" VPOS="2394" WIDTH="21" HEIGHT="30" WC="0.95" CONTENT="8"/><SP WIDTH="22" VPOS="2394" HPOS="1080"/>
							<String ID="string_232" HPOS="1102" VPOS="2395" WIDTH="88" HEIGHT="31" WC="0.95" CONTENT="saml."/><SP WIDTH="48" VPOS="2395" HPOS="1190"/>
							<String ID="string_233" HPOS="1238" VPOS="2396" WIDTH="20" HEIGHT="30" WC="0.95" CONTENT="9"/><SP WIDTH="23" VPOS="2396" HPOS="1258"/>
							<String ID="string_234" HPOS="1281" VPOS="2396" WIDTH="80" HEIGHT="41" WC="0.71" CONTENT="höft."/><SP WIDTH="46" VPOS="2396" HPOS="1361"/>
							<String ID="string_235" HPOS="1407" VPOS="2397" WIDTH="68" HEIGHT="40" WC="0.95" CONTENT="(Nr"/><SP WIDTH="24" VPOS="2397" HPOS="1475"/>
							<String ID="string_236" HPOS="1499" VPOS="2400" WIDTH="66" HEIGHT="37" WC="0.79" CONTENT="11.)"/><SP WIDTH="179" VPOS="2400" HPOS="1565"/>
							<String ID="string_237" HPOS="1744" VPOS="2401" WIDTH="11" HEIGHT="29" WC="0.96" CONTENT="1"/>
						</TextLine>
					</TextBlock>
				</ComposedBlock>
			</PrintSpace>
		</Page>
	</Layout>
</alto>
