1866 2786
243 147 18 30 6
612 149 403 40 Bevillningsutskottets
1039 152 218 31 betänkande
1280 163 43 20 nr
1345 155 29 30 6.

241 230 183 31 föreskrift
446 231 122 31 härom
591 232 76 31 icke
689 233 144 40 intagits
856 235 11 29 i
890 235 66 30 alla
979 236 137 30 avtalen
1140 238 96 29 torde
1259 238 58 30 det
1340 238 89 40 ligga
1451 239 11 29 i
1486 240 127 30 sakens
1637 242 103 29 natur

241 281 50 29 att
307 281 59 30 vid
382 282 263 32 bestämmande
663 293 41 21 av
720 285 213 31 överskottet
951 286 18 30 å
988 287 66 29 den
1071 287 279 40 prisreglerande
1366 289 269 31 verksamheten
1651 291 90 40 jäm-

241 334 56 29 väl
319 333 56 31 får
395 333 167 33 inräknas
586 337 192 29 eventuella
798 339 296 30 ränteinkomster
1116 340 20 30 å
1157 342 228 39 uppsamlade
1405 342 336 42 prisregleringsme-

241 382 64 30 del.

287 432 146 30 Avtalen
461 433 194 32 innehåller
683 436 175 31 särskilda
887 437 262 32 bestämmelser
1178 449 55 20 om
1263 441 68 29 hur
1362 441 165 31 stiftelses
1556 438 185 49 tillgångar

242 481 90 31 skall
355 483 203 40 disponeras
583 485 55 30 för
660 486 66 29 den
749 487 167 30 händelse
939 488 173 31 stiftelsen
1136 490 174 40 upplöses.
1335 491 141 40 Upphör
1502 493 128 30 avtalet
1654 494 87 30 efter

240 533 221 40 uppsägning
481 534 91 30 skall
594 535 190 32 stiftelsens
806 537 184 40 tillgångar
1012 539 178 31 överföras
1212 541 52 29 till
1286 541 215 40 föreningen.
1525 544 14 29 I
1561 543 94 31 detta
1678 544 63 30 fall

240 581 160 32 kommer
420 584 147 30 sålunda
587 586 137 30 medlen
744 589 52 27 att
816 588 57 29 vid
893 588 93 30 detta
1006 589 138 30 tillfälle
1166 592 170 39 upptagas
1359 592 52 29 till
1431 592 225 41 beskattning
1676 595 64 29 hos

240 631 216 41 föreningen,
483 634 160 31 Inträder
669 636 66 30 den
762 637 222 35 situationen,
1013 641 51 28 att
1090 640 224 40 föreningens
1342 643 137 38 uppgift
1504 652 76 21 som
1608 644 132 40 statligt

239 681 167 40 dirigerat
423 684 375 42 prisregleringsorgan
817 688 112 30 skulle
947 689 170 39 upphöra,
1138 691 88 29 skall
1246 691 107 40 enligt
1373 692 182 31 föreskrift
1573 695 11 28 i
1603 695 136 30 avtalen

240 732 40 29 de
300 733 123 37 medel,
443 743 73 21 som
535 735 45 30 då
598 736 155 30 innestår
773 737 65 30 hos
859 738 181 35 stiftelsen,
1062 741 177 30 användas
1261 742 44 39 på
1325 743 69 29 sätt
1413 743 124 40 Kungl.
1559 744 105 39 Maj:t
1683 745 56 30 be-

239 783 177 30 stämmer.
436 785 13 29 I
467 785 95 29 detta
582 786 62 29 fall
662 786 69 30 kan
752 787 149 31 sålunda
919 789 192 31 stiftelsens
1132 791 110 30 medel
1263 792 142 30 komma
1425 795 49 28 att
1493 795 173 30 utbetalas
1685 796 53 29 till

239 840 118 22 annan
376 834 44 29 än
439 834 40 30 de
498 834 268 40 ifrågavarande
787 838 257 40 föreningarna.
1066 840 135 40 Frågan
1221 851 56 20 om
1298 842 295 41 skattskyldighet
1612 845 54 30 för
1687 846 52 30 så-

239 882 91 31 dana
357 884 110 30 medel
494 885 152 39 regleras
673 887 74 30 icke
775 897 43 21 av
844 889 66 29 den
935 898 47 20 nu
1008 890 186 31 förordade
1219 892 265 41 lagstiftningen
1511 897 86 28 utan
1623 896 115 31 denna

239 931 99 41 fråga
355 933 66 31 blir
441 936 49 28 att
508 935 148 31 bedöma
676 936 106 41 enligt
802 938 101 39 eljest
920 940 159 38 gällande
1097 942 119 38 regler.

280 1033 182 32 Utskottet.
489 1035 187 36 Utskottet,
703 1046 75 21 som
806 1038 76 30 icke
908 1039 118 30 funnit
1051 1041 188 40 anledning
1265 1043 53 29 till
1345 1043 139 31 erinran
1512 1047 73 28 mot
1611 1042 125 48 Kungl.

235 1083 126 40 Maj:ts
381 1083 138 41 förslag,
541 1085 56 31 får
617 1086 195 35 hemställa,

590 1138 52 28 att
663 1137 188 40 riksdagen
873 1139 117 34 måtte,
1011 1141 80 29 med
1112 1141 98 30 bifall
1233 1141 51 31 till
1307 1143 125 40 Kungl.
1455 1144 125 40 Maj:ts
1603 1146 133 31 föreva-

542 1187 110 29 rande
670 1187 221 40 proposition
910 1199 41 20 nr
973 1189 28 35 8,
1025 1192 127 38 antaga
1172 1193 56 29 det
1250 1192 57 31 vid
1329 1195 262 38 propositionen
1612 1196 123 40 fogade

542 1236 166 40 förslaget
728 1238 52 29 till
799 1238 207 41 förordning
1021 1250 58 20 om
1098 1242 69 30 rätt
1187 1244 49 28 att
1255 1242 58 31 vid
1331 1244 158 40 taxering
1506 1245 55 30 för
1580 1246 156 31 inkomst

544 1286 105 40 njuta
668 1288 129 40 avdrag
815 1289 55 29 för
889 1287 133 43 belopp,
1044 1300 76 20 som
1140 1291 141 32 tillförts
1301 1293 95 31 vissa
1415 1294 54 30 för
1489 1295 247 41 prisreglering

543 1336 138 32 bildade
700 1338 178 35 stiftelser,
897 1349 45 20 m.
960 1350 45 20 m.

277 1435 201 31 Stockholm
498 1436 68 30 den
587 1437 41 30 26
646 1437 142 40 januari
812 1439 93 30 1954.

668 1538 46 30 På
730 1538 399 41 bevillningsutskottets
1145 1543 145 39 vägnar:

802 1639 152 31 ADOLV
981 1641 179 31 OLSSON.

858 1816 240 31 Närvarande:

273 1868 82 31 från
397 1870 168 30 första
607 1871 222 32 kammaren:
862 1874 120 30 herrar
1014 1875 155 40 Sjödahl,
1202 1877 171 36 Heäman,
1406 1879 168 35 Franzon,
1607 1880 124 30 Gustaf

229 1911 174 35 Elofsson,
427 1912 181 36 Velander,
633 1914 212 41 Söderquist,
869 1916 196 36 Niklasson,
1089 1918 211 35 Damström,
1325 1920 162 39 Englund
1511 1922 65 29 och
1600 1922 127 40 Snygg;

227 1955 91 28 samt

273 2012 81 31 från
386 2014 159 30 andra
574 2015 222 30 kammaren:
816 2016 121 31 herrar
958 2017 127 31 Olsson
1103 2019 12 29 i
1134 2019 112 35 Gävle,
1267 2020 225 31 Kristensson
1512 2022 11 29 i
1542 2022 104 39 Osby,
1667 2023 62 30 Or-

228 2055 94 39 gård,
350 2057 119 39 Sjölin,
495 2058 153 31 Jonsson
673 2060 10 28 i
709 2060 212 39 Skedsbygd,
946 2061 142 35 Brandt,
1115 2063 170 41 Kollberg,
1312 2065 221 36 Kärrlander,
1561 2067 166 30 Henriks-

230 2107 63 21 son
311 2100 65 29 och
394 2099 138 31 Nilsson
548 2101 12 29 i
579 2101 131 31 Svalöv.
