1882 2814
454 152 394 37 Bevillningsutskottets
869 153 217 30 betänkande
1105 163 41 20 nr
1172 155 30 29 8.
1573 150 18 29 9

122 238 65 31 Till
207 240 78 30 stöd
308 239 53 30 för
382 239 57 30 det
458 239 12 30 i
491 239 68 30 den
579 239 237 36 föreliggande
834 238 260 37 propositionen
1116 238 197 36 framlagda
1335 239 163 35 förslaget
1521 239 63 30 har

79 289 379 38 departementschefen
481 289 118 30 anfört
622 288 169 37 följande:

125 350 11 15 »
144 339 376 37 Bevillningsutskottet
551 340 65 29 har
645 339 11 30 i
686 339 58 31 sitt
774 339 94 31 förut
897 339 213 31 omnämnda
1142 339 221 31 betänkande
1393 339 192 31 framhållit

77 390 279 31 önskvärdheten
384 399 42 21 av
454 399 43 21 en
524 391 132 29 allmän
682 391 147 35 översyn
857 399 41 21 av
926 390 307 31 bestämmelserna
1262 390 11 30 i
1302 390 281 36 stämpelförord-

77 441 126 36 ningen
224 440 177 37 angående
423 441 69 30 rätt
511 440 50 31 till
583 441 93 30 talan
700 443 74 27 mot
795 440 111 31 beslut
926 440 11 30 i
959 440 151 31 ärenden
1132 441 148 30 rörande
1300 440 283 36 stämpelbelägg-

77 491 82 36 ning
180 492 164 29 ävensom
366 490 179 37 angående
565 489 201 32 återfående
788 501 41 21 av
851 491 116 36 erlagd
991 490 265 37 stämpelavgift.
1280 490 53 31 En
1358 490 110 32 sådan
1489 492 94 30 över-

77 550 63 27 syn
167 550 101 27 synes
295 542 123 30 främst
445 541 85 31 böra
556 540 43 37 gå
627 545 37 27 ut
690 541 46 36 på
764 544 50 28 att
842 541 121 36 bringa
990 540 267 37 ifrågavarande
1284 542 259 30 bestämmelser
1574 542 10 30 i

78 592 397 36 stämpelförordningen
490 592 10 29 i
515 591 195 36 principiell
726 592 342 30 överensstämmelse
1082 593 80 30 med
1177 593 244 30 motsvarande
1436 593 147 30 bestäm-

76 643 123 29 melser
216 642 10 30 i
241 642 160 36 gällande
415 642 407 36 arvsskatteförordning.
841 642 14 29 I
872 643 67 29 den
955 643 95 29 inom
1066 642 408 36 finansdepartementets
1492 643 90 30 skat-

79 691 220 37 teberedning
317 692 201 30 utarbetade
536 692 259 36 promemorian
814 691 200 32 framhålles
1033 693 200 35 emellertid,
1252 697 50 27 att
1321 703 42 21 en
1383 692 110 32 sådan
1512 703 70 20 om-

75 742 181 37 arbetning
282 743 110 30 skulle
417 742 167 31 innebära
607 742 295 37 genomgripande
926 742 188 37 ändringar
1138 744 11 29 i
1176 743 406 37 stämpelförordningen,

76 793 168 30 avseende
266 792 30 37 ej
317 793 87 31 blott
423 792 340 38 fullföljdsreglerna,
786 793 118 30 varför
924 803 41 21 en
987 793 109 31 sådan
1118 793 241 38 omarbetning
1380 794 76 31 icke
1477 794 107 30 borde

76 844 221 35 genomföras
321 843 10 30 i
352 844 91 30 detta
466 844 263 36 sammanhang.
753 843 14 30 I
788 843 149 37 enlighet
960 844 145 30 härmed
1127 844 144 31 föreslås
1293 845 11 30 i
1326 845 258 36 promemorian

76 896 48 28 att
149 894 55 30 för
230 894 217 30 närvarande
473 894 120 30 endast
618 893 157 37 följande
800 894 187 37 ändringar
1012 894 166 37 vidtagas,
1205 895 175 36 nämligen
1406 899 48 27 att
1480 896 67 31 den
1572 896 11 30 i

76 944 40 29 20
136 943 17 36 $
174 944 166 35 stadgade
357 944 94 30 tiden
469 944 55 30 för
543 944 329 36 anhängiggörande
889 954 43 20 av
950 946 93 29 talan
1062 954 58 21 om
1141 944 201 32 återfående
1359 956 43 21 av
1422 947 159 36 stämpel-

76 993 106 36 avgift
205 994 192 30 utsträckes
417 993 52 31 till
491 998 50 26 tre
562 994 48 36 år,
632 997 49 27 att
701 994 95 31 tiden
819 995 55 30 för
894 995 274 32 advokatfiskals
1190 996 330 36 anhängiggörande
1540 1007 42 21 av

75 1043 71 30 136
166 1043 18 37 8
204 1044 29 30 2.
254 1045 190 29 omnämnd
463 1045 94 29 talan
577 1049 72 26 mot
668 1045 137 30 enskild
822 1050 77 31 part
917 1055 58 20 om
995 1045 187 36 utgivande
1201 1056 43 20 av
1264 1047 137 30 felande
1422 1048 159 35 stämpel-

77 1094 124 36 belopp
226 1094 207 31 inskränkes
455 1094 51 31 till
529 1095 164 30 likaledes
717 1099 52 26 tre
792 1095 38 30 år
853 1100 89 26 samt
966 1099 49 27 att
1038 1096 266 31 bestämmelsen
1330 1097 10 30 i
1364 1098 37 29 21
1432 1097 18 36 8
1476 1098 108 30 första

80 1143 132 35 stycket
236 1153 58 20 om
316 1145 66 28 rätt
405 1147 50 27 att
477 1142 36 31 få
535 1144 409 37 restitutionsansökning
965 1146 132 34 prövad
1121 1156 43 20 av
1187 1146 122 36 Kungl.
1335 1147 110 38 Maj:t,
1469 1146 44 31 då
1535 1148 50 29 sö-

76 1195 138 30 kanden
234 1196 69 29 kan
323 1195 73 30 visa
415 1198 49 27 att
481 1196 69 29 han
572 1196 76 30 icke
665 1196 135 31 kunnat
819 1196 76 31 föra
914 1195 108 32 sådan
1043 1197 94 30 talan
1156 1198 10 29 i
1185 1197 115 37 vanlig
1320 1197 157 37 ordning,
1498 1208 84 27 upp-

79 1245 112 31 häves.

124 1290 95 34 Även
237 1294 58 37 jag
314 1295 40 29 är
373 1304 41 20 av
436 1296 67 30 den
522 1294 145 37 åsikten,
690 1299 49 27 att
758 1296 79 30 med
856 1306 42 20 en
918 1306 95 21 mera
1033 1298 295 35 genomgripande
1347 1298 240 36 omarbetning

80 1354 42 21 av
145 1343 266 38 ifrågavarande
432 1344 260 31 bestämmelser
714 1345 11 30 i
749 1346 397 37 stämpelförordningen
1167 1348 64 30 bör
1253 1347 100 31 anstå
1375 1348 50 30 till
1448 1349 76 30 dess
1546 1358 41 21 en

78 1396 145 34 översyn
250 1394 199 30 verkställes
476 1403 41 21 av
544 1394 395 37 stämpelförordningen
967 1396 10 30 i
1004 1397 76 29 dess
1108 1397 127 30 helhet.
1264 1397 49 31 På
1341 1399 111 35 grund
1481 1399 108 30 härav

77 1445 64 29 och
163 1444 45 31 då
230 1445 42 29 de
294 1444 10 30 i
324 1443 257 37 promemorian
603 1444 193 36 föreslagna
818 1445 231 37 ändringarna
1072 1455 103 28 synas
1199 1448 133 35 ägnade
1354 1452 49 26 att
1427 1448 161 36 avlägsna

78 1495 40 29 de
134 1504 48 21 nu
199 1494 162 37 påtalade
379 1494 265 36 olägenheterna
662 1504 42 21 av
720 1496 160 36 gällande
897 1496 269 37 bestämmelser,
1184 1497 152 31 biträder
1353 1499 58 36 jag
1427 1500 11 29 i
1454 1498 134 37 princip

78 1545 41 30 de
139 1545 12 30 i
175 1543 258 38 promemorian
455 1544 194 37 framlagda
673 1545 350 37 ändringsförslagen.

119 1595 76 31 Vad
220 1594 107 38 angår
353 1596 42 29 de
419 1594 11 30 i
456 1595 329 36 remissyttrandena
810 1596 215 32 framställda
1054 1597 329 39 anmärkningarna,
1412 1600 95 30 delar
1534 1600 55 37 jag

79 1646 65 29 den
168 1647 11 29 i
203 1650 46 26 ett
271 1655 63 27 par
358 1646 183 36 yttranden
563 1647 152 30 uttalade
737 1646 184 37 meningen
942 1651 49 27 att
1012 1647 93 31 tiden
1129 1648 55 31 för
1209 1649 192 39 beräkning
1424 1659 42 21 av
1491 1652 99 29 ränta

77 1695 20 31 å
117 1696 203 31 restituerad
342 1696 256 37 stämpelavgift
619 1698 63 30 bör
705 1697 207 31 inskränkas
933 1699 10 30 i
965 1700 341 30 överensstämmelse
1327 1702 79 29 med
1428 1702 66 30 vad
1516 1711 74 21 som

79 1746 87 33 skett
186 1747 10 29 i
216 1748 80 29 1941
319 1746 56 31 års
394 1747 406 38 arvsskatteförordning.
819 1749 64 37 Jag
899 1750 96 29 torde
1013 1751 8 29 i
1040 1751 92 29 detta
1151 1752 253 37 sammanhang
1422 1751 36 31 få
1479 1752 111 30 erinra

78 1806 56 20 om
157 1800 48 29 att
226 1797 58 37 jag
305 1797 57 30 vid
384 1796 263 37 framläggande
669 1808 41 21 av
735 1799 130 37 förslag
886 1799 49 31 till
956 1801 154 30 nämnda
1134 1799 206 40 förordning
1364 1802 154 36 anförde,
1543 1806 48 26 att

79 1847 55 29 det
152 1848 96 29 torde
267 1847 115 30 finnas
401 1847 185 38 anledning
604 1849 184 30 förutsätta
805 1853 48 26 att
870 1851 65 29 den
955 1850 49 31 till
1025 1850 196 38 återbäring
1238 1851 211 37 berättigade
1470 1853 121 30 endast

79 1897 246 36 undantagsvis
348 1897 121 36 dröjde
490 1900 79 29 med
591 1898 264 31 framställande
877 1910 41 20 av
942 1900 56 31 sitt
1020 1901 151 36 anspråk
1194 1911 92 21 mera
1311 1904 45 28 än
1377 1906 46 27 ett
1444 1902 38 31 år
1506 1903 85 30 efter

79 1947 145 30 beslutet
247 1957 56 20 om
326 1947 240 31 fastställande
587 1958 40 21 av
649 1950 135 29 skatten
805 1954 87 26 samt
913 1954 48 26 att
981 1952 98 30 dessa
1100 1952 258 36 undantagsfall
1381 1952 211 38 väsentligen

80 1998 138 30 komme
238 2001 49 27 att
310 1997 91 31 bliva
424 1997 131 31 sådana
577 2000 61 29 där
661 2000 65 29 den
749 2000 54 30 för
825 2001 89 35 höga
938 2001 348 37 skattedebiteringen
1309 2004 185 35 upptäckts
1518 2004 73 30 icke

80 2056 40 21 av
142 2049 66 29 den
232 2047 155 32 enskilda
409 2053 122 31 parten
553 2049 87 36 själv
660 2053 84 27 utan
765 2059 43 22 av
828 2052 255 30 vederbörande
1107 2052 255 31 advokatfiskal
1385 2054 9 29 i
1419 2063 172 21 samman-

80 2098 92 37 hang
199 2100 79 29 med
304 2100 418 36 kontrollgranskningen.
751 2101 52 31 Då
830 2101 114 32 härtill
970 2104 148 34 komme,
1146 2106 49 27 att
1220 2113 41 20 en
1287 2104 239 38 utsträckning
1551 2114 41 21 av

81 2148 109 30 rätten
208 2149 50 30 till
281 2150 96 29 ränta
399 2150 115 29 kunde
534 2160 81 21 vara
637 2152 113 35 ägnad
769 2156 48 28 att
839 2152 177 31 föranleda
1036 2154 66 29 den
1123 2154 156 30 enskilda
1299 2158 121 32 parten
1441 2159 48 26 att
1510 2157 80 28 onö-

80 2197 122 36 digtvis
221 2198 99 37 dröja
338 2201 76 28 med
432 2199 56 31 sitt
508 2200 150 36 anspråk
677 2201 44 37 på
739 2201 204 38 återbäring,
961 2204 90 29 hade
1068 2204 57 36 jag
1143 2208 111 26 ansett
1272 2204 70 35 mig
1359 2206 83 29 böra
1457 2205 134 31 biträda

81 2256 40 21 av
148 2249 399 30 arvsskattekommittén
573 2251 161 35 framlagt
761 2252 128 36 förslag
913 2263 56 20 om
998 2253 264 36 ifrågavarande
1290 2255 231 37 begränsning
1551 2265 41 20 av

81 2298 342 36 ränteberäkningen.
449 2300 49 29 De
523 2301 72 30 skäl
621 2301 57 36 jag
703 2301 145 30 sålunda
872 2303 145 29 anförde
1044 2303 47 30 till
1116 2305 76 29 stöd
1216 2302 56 32 för
1298 2314 42 19 en
1362 2305 231 36 begränsning

82 2356 40 20 av
144 2348 112 29 rätten
280 2347 46 32 till
350 2350 97 29 ränta
471 2350 55 30 vid
551 2350 328 31 återbekommande
902 2363 41 19 av
966 2354 171 29 arvsskatt
1160 2354 94 30 torde
1277 2354 8 29 i
1308 2354 68 31 lika
1399 2354 82 31 mån
1504 2357 88 34 gälla

81 2399 76 28 med
184 2399 168 29 avseende
374 2399 20 30 å
418 2399 192 31 restitution
635 2402 103 35 enligt
761 2402 405 36 stämpelförordningen.
1194 2403 279 37 Ettårsperioden
1499 2406 93 29 torde

84 2448 120 31 därvid
226 2449 185 36 lämpligen
434 2451 8 29 i
467 2451 159 35 samtliga
650 2452 61 30 fall
734 2472 44 3 —
797 2453 99 30 alltså
919 2454 86 30 även
1029 2453 43 30 då
1094 2454 325 30 restitutionsrältlen
1440 2456 151 33 grundar

124 2511 111 32 Bihang
246 2513 43 24 till
300 2514 167 31 riksdagens
480 2516 144 29 protokoll
638 2517 73 23 1946.
733 2518 14 22 7
760 2518 79 23 saml.
861 2517 39 24 Nr
930 2518 22 23 8.
1548 2518 14 13 2

1548 2534 13 7 ”-
