<?xml version="1.0" encoding="UTF-8"?>
<alto xmlns="http://www.loc.gov/standards/alto/ns-v3#" xmlns:xlink="http://www.w3.org/1999/xlink" xmlns:xsi="http://www.w3.org/2001/XMLSchema-instance" xsi:schemaLocation="http://www.loc.gov/standards/alto/ns-v3# http://www.loc.gov/alto/v3/alto-3-0.xsd">
	<Description>
		<MeasurementUnit>pixel</MeasurementUnit>
		<sourceImageInformation>
			<fileName>/tmp/tess_zmua214o_input.PNG</fileName>
		</sourceImageInformation>
		<OCRProcessing ID="OCR_0">
			<ocrProcessingStep>
				<processingSoftware>
					<softwareName>tesseract 5.3.0</softwareName>
				</processingSoftware>
			</ocrProcessingStep>
		</OCRProcessing>
	</Description>
	<Layout>
		<Page WIDTH="2256" HEIGHT="2630" PHYSICAL_IMG_NR="0" ID="page_0">
			<PrintSpace HPOS="0" VPOS="0" WIDTH="2256" HEIGHT="2630">
				<ComposedBlock ID="cblock_0" HPOS="458" VPOS="195" WIDTH="1065" HEIGHT="34">
					<TextBlock ID="block_0" HPOS="458" VPOS="195" WIDTH="1065" HEIGHT="34">
						<TextLine ID="line_0" HPOS="458" VPOS="195" WIDTH="1065" HEIGHT="34">
							<String ID="string_0" HPOS="458" VPOS="197" WIDTH="38" HEIGHT="29" WC="0.96" CONTENT="10"/><SP WIDTH="410" VPOS="197" HPOS="496"/>
							<String ID="string_1" HPOS="906" VPOS="195" WIDTH="250" HEIGHT="33" WC="0.91" CONTENT="Statsutskottets"/><SP WIDTH="34" VPOS="195" HPOS="1156"/>
							<String ID="string_2" HPOS="1190" VPOS="196" WIDTH="171" HEIGHT="33" WC="0.95" CONTENT="Utlåtande"/><SP WIDTH="26" VPOS="196" HPOS="1361"/>
							<String ID="string_3" HPOS="1387" VPOS="197" WIDTH="62" HEIGHT="30" WC="0.89" CONTENT="N:o"/><SP WIDTH="27" VPOS="197" HPOS="1449"/>
							<String ID="string_4" HPOS="1476" VPOS="199" WIDTH="47" HEIGHT="30" WC="0.94" CONTENT="17."/>
						</TextLine>
					</TextBlock>
				</ComposedBlock>
				<ComposedBlock ID="cblock_1" HPOS="1000" VPOS="688" WIDTH="1002" HEIGHT="193">
					<TextBlock ID="block_1" HPOS="1000" VPOS="688" WIDTH="1002" HEIGHT="193">
						<TextLine ID="line_1" HPOS="1138" VPOS="688" WIDTH="159" HEIGHT="37">
							<String ID="string_5" HPOS="1138" VPOS="688" WIDTH="71" HEIGHT="36" WC="0.93" CONTENT="N:o"/><SP WIDTH="33" VPOS="688" HPOS="1209"/>
							<String ID="string_6" HPOS="1242" VPOS="692" WIDTH="55" HEIGHT="33" WC="0.95" CONTENT="17."/>
						</TextLine>
						<TextLine ID="line_2" HPOS="1000" VPOS="843" WIDTH="1002" HEIGHT="38">
							<String ID="string_7" HPOS="1000" VPOS="843" WIDTH="82" HEIGHT="30" WC="0.92" CONTENT="Ank."/><SP WIDTH="28" VPOS="843" HPOS="1082"/>
							<String ID="string_8" HPOS="1110" VPOS="844" WIDTH="45" HEIGHT="29" WC="0.93" CONTENT="till"/><SP WIDTH="28" VPOS="844" HPOS="1155"/>
							<String ID="string_9" HPOS="1183" VPOS="844" WIDTH="105" HEIGHT="30" WC="0.90" CONTENT="Riksd."/><SP WIDTH="25" VPOS="844" HPOS="1288"/>
							<String ID="string_10" HPOS="1313" VPOS="844" WIDTH="101" HEIGHT="30" WC="0.96" CONTENT="kansli"/><SP WIDTH="25" VPOS="844" HPOS="1414"/>
							<String ID="string_11" HPOS="1439" VPOS="844" WIDTH="54" HEIGHT="30" WC="0.96" CONTENT="den"/><SP WIDTH="30" VPOS="844" HPOS="1493"/>
							<String ID="string_12" HPOS="1523" VPOS="846" WIDTH="36" HEIGHT="28" WC="0.96" CONTENT="12"/><SP WIDTH="26" VPOS="846" HPOS="1559"/>
							<String ID="string_13" HPOS="1585" VPOS="845" WIDTH="71" HEIGHT="30" WC="0.96" CONTENT="febr."/><SP WIDTH="31" VPOS="845" HPOS="1656"/>
							<String ID="string_14" HPOS="1687" VPOS="847" WIDTH="91" HEIGHT="34" WC="0.96" CONTENT="1895,"/><SP WIDTH="26" VPOS="847" HPOS="1778"/>
							<String ID="string_15" HPOS="1804" VPOS="846" WIDTH="41" HEIGHT="30" WC="0.96" CONTENT="kl."/><SP WIDTH="27" VPOS="846" HPOS="1845"/>
							<String ID="string_16" HPOS="1872" VPOS="848" WIDTH="17" HEIGHT="27" WC="0.93" CONTENT="2"/><SP WIDTH="26" VPOS="848" HPOS="1889"/>
							<String ID="string_17" HPOS="1915" VPOS="857" WIDTH="22" HEIGHT="19" WC="0.86" CONTENT="e"/><SP WIDTH="26" VPOS="857" HPOS="1937"/>
							<String ID="string_18" HPOS="1963" VPOS="858" WIDTH="39" HEIGHT="18" WC="0.92" CONTENT="m."/>
						</TextLine>
					</TextBlock>
				</ComposedBlock>
				<ComposedBlock ID="cblock_2" HPOS="616" VPOS="990" WIDTH="1387" HEIGHT="187">
					<TextBlock ID="block_2" HPOS="616" VPOS="990" WIDTH="1387" HEIGHT="187">
						<TextLine ID="line_3" HPOS="616" VPOS="990" WIDTH="1387" HEIGHT="51">
							<String ID="string_19" HPOS="616" VPOS="990" WIDTH="209" HEIGHT="47" WC="0.82" CONTENT="Utlåtande,"/><SP WIDTH="43" VPOS="990" HPOS="825"/>
							<String ID="string_20" HPOS="868" VPOS="991" WIDTH="13" HEIGHT="34" WC="0.77" CONTENT="i"/><SP WIDTH="41" VPOS="991" HPOS="881"/>
							<String ID="string_21" HPOS="922" VPOS="991" WIDTH="194" HEIGHT="48" WC="0.95" CONTENT="anledning"/><SP WIDTH="43" VPOS="991" HPOS="1116"/>
							<String ID="string_22" HPOS="1159" VPOS="993" WIDTH="45" HEIGHT="44" WC="0.96" CONTENT="af"/><SP WIDTH="31" VPOS="993" HPOS="1204"/>
							<String ID="string_23" HPOS="1235" VPOS="992" WIDTH="126" HEIGHT="47" WC="0.95" CONTENT="Kongl."/><SP WIDTH="36" VPOS="992" HPOS="1361"/>
							<String ID="string_24" HPOS="1397" VPOS="992" WIDTH="127" HEIGHT="48" WC="0.94" CONTENT="Maj:ts"/><SP WIDTH="30" VPOS="992" HPOS="1524"/>
							<String ID="string_25" HPOS="1554" VPOS="993" WIDTH="225" HEIGHT="47" WC="0.96" CONTENT="proposition"/><SP WIDTH="36" VPOS="993" HPOS="1779"/>
							<String ID="string_26" HPOS="1815" VPOS="993" WIDTH="188" HEIGHT="48" WC="0.93" CONTENT="angående"/>
						</TextLine>
						<TextLine ID="line_4" HPOS="810" VPOS="1059" WIDTH="1193" HEIGHT="52">
							<String ID="string_27" HPOS="810" VPOS="1059" WIDTH="216" HEIGHT="48" WC="0.90" CONTENT="afsöndring"/><SP WIDTH="29" VPOS="1059" HPOS="1026"/>
							<String ID="string_28" HPOS="1055" VPOS="1061" WIDTH="44" HEIGHT="45" WC="0.96" CONTENT="af"/><SP WIDTH="19" VPOS="1061" HPOS="1099"/>
							<String ID="string_29" HPOS="1118" VPOS="1060" WIDTH="89" HEIGHT="44" WC="0.96" CONTENT="jord"/><SP WIDTH="19" VPOS="1060" HPOS="1207"/>
							<String ID="string_30" HPOS="1226" VPOS="1061" WIDTH="95" HEIGHT="49" WC="0.96" CONTENT="från"/><SP WIDTH="29" VPOS="1061" HPOS="1321"/>
							<String ID="string_31" HPOS="1350" VPOS="1062" WIDTH="68" HEIGHT="34" WC="0.96" CONTENT="den"/><SP WIDTH="30" VPOS="1062" HPOS="1418"/>
							<String ID="string_32" HPOS="1448" VPOS="1061" WIDTH="114" HEIGHT="35" WC="0.96" CONTENT="under"/><SP WIDTH="29" VPOS="1061" HPOS="1562"/>
							<String ID="string_33" HPOS="1591" VPOS="1060" WIDTH="261" HEIGHT="48" WC="0.93" CONTENT="Sundbyholms"/><SP WIDTH="20" VPOS="1060" HPOS="1852"/>
							<String ID="string_34" HPOS="1872" VPOS="1064" WIDTH="131" HEIGHT="47" WC="0.92" CONTENT="kungs-"/>
						</TextLine>
						<TextLine ID="line_5" HPOS="806" VPOS="1126" WIDTH="1195" HEIGHT="51">
							<String ID="string_35" HPOS="806" VPOS="1126" WIDTH="96" HEIGHT="48" WC="0.76" CONTENT="gård"/><SP WIDTH="33" VPOS="1126" HPOS="902"/>
							<String ID="string_36" HPOS="935" VPOS="1127" WIDTH="157" HEIGHT="46" WC="0.92" CONTENT="lydande"/><SP WIDTH="35" VPOS="1127" HPOS="1092"/>
							<String ID="string_37" HPOS="1127" VPOS="1128" WIDTH="315" HEIGHT="49" WC="0.91" CONTENT="kronolägenheten"/><SP WIDTH="28" VPOS="1128" HPOS="1442"/>
							<String ID="string_38" HPOS="1470" VPOS="1129" WIDTH="193" HEIGHT="48" WC="0.48" CONTENT="Sundbyås"/><SP WIDTH="34" VPOS="1129" HPOS="1663"/>
							<String ID="string_39" HPOS="1697" VPOS="1143" WIDTH="56" HEIGHT="23" WC="0.95" CONTENT="n:o"/><SP WIDTH="31" VPOS="1143" HPOS="1753"/>
							<String ID="string_40" HPOS="1784" VPOS="1133" WIDTH="18" HEIGHT="33" WC="0.89" CONTENT="I"/><SP WIDTH="29" VPOS="1133" HPOS="1802"/>
							<String ID="string_41" HPOS="1831" VPOS="1132" WIDTH="12" HEIGHT="34" WC="0.93" CONTENT="i"/><SP WIDTH="28" VPOS="1132" HPOS="1843"/>
							<String ID="string_42" HPOS="1871" VPOS="1130" WIDTH="130" HEIGHT="37" WC="0.91" CONTENT="Söder-"/>
						</TextLine>
					</TextBlock>
				</ComposedBlock>
				<ComposedBlock ID="cblock_3" HPOS="810" VPOS="1196" WIDTH="294" HEIGHT="37">
					<TextBlock ID="block_3" HPOS="810" VPOS="1196" WIDTH="294" HEIGHT="37">
						<TextLine ID="line_6" HPOS="810" VPOS="1196" WIDTH="294" HEIGHT="37">
							<String ID="string_43" HPOS="810" VPOS="1196" WIDTH="194" HEIGHT="36" WC="0.90" CONTENT="manlands"/><SP WIDTH="28" VPOS="1196" HPOS="1004"/>
							<String ID="string_44" HPOS="1032" VPOS="1197" WIDTH="72" HEIGHT="36" WC="0.96" CONTENT="län."/>
						</TextLine>
					</TextBlock>
				</ComposedBlock>
				<ComposedBlock ID="cblock_4" HPOS="1745" VPOS="1258" WIDTH="128" HEIGHT="50">
					<TextBlock ID="block_4" HPOS="1745" VPOS="1258" WIDTH="128" HEIGHT="50">
						<TextLine ID="line_7" HPOS="1745" VPOS="1258" WIDTH="128" HEIGHT="50">
							<String ID="string_45" HPOS="1745" VPOS="1258" WIDTH="39" HEIGHT="49" WC="0.81" CONTENT="(I."/><SP WIDTH="30" VPOS="1258" HPOS="1784"/>
							<String ID="string_46" HPOS="1814" VPOS="1259" WIDTH="59" HEIGHT="49" WC="0.48" CONTENT="AJ)"/>
						</TextLine>
					</TextBlock>
				</ComposedBlock>
				<ComposedBlock ID="cblock_5" HPOS="406" VPOS="1358" WIDTH="1600" HEIGHT="983">
					<TextBlock ID="block_5" HPOS="406" VPOS="1358" WIDTH="1600" HEIGHT="983">
						<TextLine ID="line_8" HPOS="538" VPOS="1358" WIDTH="1464" HEIGHT="50">
							<String ID="string_47" HPOS="538" VPOS="1358" WIDTH="85" HEIGHT="36" WC="0.96" CONTENT="Med"/><SP WIDTH="41" VPOS="1358" HPOS="623"/>
							<String ID="string_48" HPOS="664" VPOS="1358" WIDTH="233" HEIGHT="49" WC="0.95" CONTENT="åberopande"/><SP WIDTH="35" VPOS="1358" HPOS="897"/>
							<String ID="string_49" HPOS="932" VPOS="1359" WIDTH="36" HEIGHT="36" WC="0.93" CONTENT="af"/><SP WIDTH="27" VPOS="1359" HPOS="968"/>
							<String ID="string_50" HPOS="995" VPOS="1359" WIDTH="143" HEIGHT="49" WC="0.92" CONTENT="bilagdt"/><SP WIDTH="29" VPOS="1359" HPOS="1138"/>
							<String ID="string_51" HPOS="1167" VPOS="1359" WIDTH="184" HEIGHT="49" WC="0.96" CONTENT="protokoll"/><SP WIDTH="29" VPOS="1359" HPOS="1351"/>
							<String ID="string_52" HPOS="1380" VPOS="1360" WIDTH="104" HEIGHT="36" WC="0.93" CONTENT="öfver"/><SP WIDTH="28" VPOS="1360" HPOS="1484"/>
							<String ID="string_53" HPOS="1512" VPOS="1360" WIDTH="406" HEIGHT="38" WC="0.91" CONTENT="ecklesiastikärenden"/><SP WIDTH="28" VPOS="1360" HPOS="1918"/>
							<String ID="string_54" HPOS="1946" VPOS="1362" WIDTH="56" HEIGHT="37" WC="0.96" CONTENT="för"/>
						</TextLine>
						<TextLine ID="line_9" HPOS="409" VPOS="1409" WIDTH="1593" HEIGHT="54">
							<String ID="string_55" HPOS="409" VPOS="1409" WIDTH="74" HEIGHT="37" WC="0.96" CONTENT="den"/><SP WIDTH="43" VPOS="1409" HPOS="483"/>
							<String ID="string_56" HPOS="526" VPOS="1412" WIDTH="44" HEIGHT="34" WC="0.96" CONTENT="18"/><SP WIDTH="38" VPOS="1412" HPOS="570"/>
							<String ID="string_57" HPOS="608" VPOS="1410" WIDTH="150" HEIGHT="48" WC="0.96" CONTENT="januari"/><SP WIDTH="41" VPOS="1410" HPOS="758"/>
							<String ID="string_58" HPOS="799" VPOS="1411" WIDTH="251" HEIGHT="36" WC="0.96" CONTENT="innevarande"/><SP WIDTH="28" VPOS="1411" HPOS="1050"/>
							<String ID="string_59" HPOS="1078" VPOS="1415" WIDTH="50" HEIGHT="44" WC="0.95" CONTENT="år,"/><SP WIDTH="31" VPOS="1415" HPOS="1128"/>
							<String ID="string_60" HPOS="1159" VPOS="1412" WIDTH="67" HEIGHT="36" WC="0.96" CONTENT="har"/><SP WIDTH="29" VPOS="1412" HPOS="1226"/>
							<String ID="string_61" HPOS="1255" VPOS="1412" WIDTH="136" HEIGHT="48" WC="0.92" CONTENT="Kongl."/><SP WIDTH="30" VPOS="1412" HPOS="1391"/>
							<String ID="string_62" HPOS="1421" VPOS="1412" WIDTH="108" HEIGHT="49" WC="0.95" CONTENT="Maj:t"/><SP WIDTH="27" VPOS="1412" HPOS="1529"/>
							<String ID="string_63" HPOS="1556" VPOS="1412" WIDTH="12" HEIGHT="36" WC="0.96" CONTENT="i"/><SP WIDTH="28" VPOS="1412" HPOS="1568"/>
							<String ID="string_64" HPOS="1596" VPOS="1426" WIDTH="45" HEIGHT="22" WC="0.96" CONTENT="en"/><SP WIDTH="31" VPOS="1426" HPOS="1641"/>
							<String ID="string_65" HPOS="1672" VPOS="1426" WIDTH="143" HEIGHT="23" WC="0.96" CONTENT="samma"/><SP WIDTH="28" VPOS="1426" HPOS="1815"/>
							<String ID="string_66" HPOS="1843" VPOS="1414" WIDTH="75" HEIGHT="49" WC="0.96" CONTENT="dag"/><SP WIDTH="27" VPOS="1414" HPOS="1918"/>
							<String ID="string_67" HPOS="1945" VPOS="1415" WIDTH="57" HEIGHT="36" WC="0.96" CONTENT="till"/>
						</TextLine>
						<TextLine ID="line_10" HPOS="408" VPOS="1461" WIDTH="1592" HEIGHT="54">
							<String ID="string_68" HPOS="408" VPOS="1461" WIDTH="218" HEIGHT="49" WC="0.89" CONTENT="Riksdagen"/><SP WIDTH="28" VPOS="1461" HPOS="626"/>
							<String ID="string_69" HPOS="654" VPOS="1462" WIDTH="147" HEIGHT="48" WC="0.89" CONTENT="aflåten,"/><SP WIDTH="29" VPOS="1462" HPOS="801"/>
							<String ID="string_70" HPOS="830" VPOS="1463" WIDTH="57" HEIGHT="35" WC="0.96" CONTENT="till"/><SP WIDTH="28" VPOS="1463" HPOS="887"/>
							<String ID="string_71" HPOS="915" VPOS="1463" WIDTH="284" HEIGHT="37" WC="0.96" CONTENT="statsutskottet"/><SP WIDTH="27" VPOS="1463" HPOS="1199"/>
							<String ID="string_72" HPOS="1226" VPOS="1464" WIDTH="217" HEIGHT="36" WC="0.96" CONTENT="remitterad"/><SP WIDTH="28" VPOS="1464" HPOS="1443"/>
							<String ID="string_73" HPOS="1471" VPOS="1464" WIDTH="233" HEIGHT="49" WC="0.96" CONTENT="proposition"/><SP WIDTH="25" VPOS="1464" HPOS="1704"/>
							<String ID="string_74" HPOS="1729" VPOS="1465" WIDTH="74" HEIGHT="49" WC="0.96" CONTENT="(n:o"/><SP WIDTH="23" VPOS="1465" HPOS="1803"/>
							<String ID="string_75" HPOS="1826" VPOS="1465" WIDTH="59" HEIGHT="50" WC="0.93" CONTENT="19)"/><SP WIDTH="20" VPOS="1465" HPOS="1885"/>
							<String ID="string_76" HPOS="1905" VPOS="1467" WIDTH="95" HEIGHT="36" WC="0.92" CONTENT="före-"/>
						</TextLine>
						<TextLine ID="line_11" HPOS="410" VPOS="1513" WIDTH="1590" HEIGHT="54">
							<String ID="string_77" HPOS="410" VPOS="1513" WIDTH="114" HEIGHT="48" WC="0.96" CONTENT="slagit"/><SP WIDTH="27" VPOS="1513" HPOS="524"/>
							<String ID="string_78" HPOS="551" VPOS="1513" WIDTH="217" HEIGHT="49" WC="0.96" CONTENT="Riksdagen"/><SP WIDTH="33" VPOS="1513" HPOS="768"/>
							<String ID="string_79" HPOS="801" VPOS="1520" WIDTH="54" HEIGHT="30" WC="0.93" CONTENT="att"/><SP WIDTH="29" VPOS="1520" HPOS="855"/>
							<String ID="string_80" HPOS="884" VPOS="1515" WIDTH="199" HEIGHT="48" WC="0.91" CONTENT="medgifva,"/><SP WIDTH="31" VPOS="1515" HPOS="1083"/>
							<String ID="string_81" HPOS="1114" VPOS="1521" WIDTH="54" HEIGHT="30" WC="0.96" CONTENT="att"/><SP WIDTH="29" VPOS="1521" HPOS="1168"/>
							<String ID="string_82" HPOS="1197" VPOS="1515" WIDTH="80" HEIGHT="37" WC="0.96" CONTENT="från"/><SP WIDTH="28" VPOS="1515" HPOS="1277"/>
							<String ID="string_83" HPOS="1305" VPOS="1516" WIDTH="72" HEIGHT="36" WC="0.96" CONTENT="den"/><SP WIDTH="28" VPOS="1516" HPOS="1377"/>
							<String ID="string_84" HPOS="1405" VPOS="1516" WIDTH="117" HEIGHT="36" WC="0.96" CONTENT="under"/><SP WIDTH="29" VPOS="1516" HPOS="1522"/>
							<String ID="string_85" HPOS="1551" VPOS="1516" WIDTH="279" HEIGHT="49" WC="0.93" CONTENT="Sundbyholms"/><SP WIDTH="28" VPOS="1516" HPOS="1830"/>
							<String ID="string_86" HPOS="1858" VPOS="1518" WIDTH="142" HEIGHT="49" WC="0.92" CONTENT="kungs-"/>
						</TextLine>
						<TextLine ID="line_12" HPOS="408" VPOS="1565" WIDTH="1598" HEIGHT="53">
							<String ID="string_87" HPOS="408" VPOS="1565" WIDTH="95" HEIGHT="48" WC="0.95" CONTENT="gård"/><SP WIDTH="41" VPOS="1565" HPOS="503"/>
							<String ID="string_88" HPOS="544" VPOS="1565" WIDTH="161" HEIGHT="49" WC="0.90" CONTENT="lydande"/><SP WIDTH="43" VPOS="1565" HPOS="705"/>
							<String ID="string_89" HPOS="748" VPOS="1566" WIDTH="341" HEIGHT="49" WC="0.90" CONTENT="kronolägenheten"/><SP WIDTH="34" VPOS="1566" HPOS="1089"/>
							<String ID="string_90" HPOS="1123" VPOS="1567" WIDTH="196" HEIGHT="49" WC="0.92" CONTENT="Sundbyås"/><SP WIDTH="28" VPOS="1567" HPOS="1319"/>
							<String ID="string_91" HPOS="1347" VPOS="1581" WIDTH="61" HEIGHT="23" WC="0.96" CONTENT="n:o"/><SP WIDTH="32" VPOS="1581" HPOS="1408"/>
							<String ID="string_92" HPOS="1440" VPOS="1570" WIDTH="17" HEIGHT="34" WC="0.95" CONTENT="1"/><SP WIDTH="31" VPOS="1570" HPOS="1457"/>
							<String ID="string_93" HPOS="1488" VPOS="1568" WIDTH="11" HEIGHT="36" WC="0.96" CONTENT="i"/><SP WIDTH="30" VPOS="1568" HPOS="1499"/>
							<String ID="string_94" HPOS="1529" VPOS="1567" WIDTH="155" HEIGHT="50" WC="0.96" CONTENT="Sundby"/><SP WIDTH="28" VPOS="1567" HPOS="1684"/>
							<String ID="string_95" HPOS="1712" VPOS="1568" WIDTH="225" HEIGHT="50" WC="0.96" CONTENT="församling"/><SP WIDTH="27" VPOS="1568" HPOS="1937"/>
							<String ID="string_96" HPOS="1964" VPOS="1570" WIDTH="42" HEIGHT="37" WC="0.96" CONTENT="af"/>
						</TextLine>
						<TextLine ID="line_13" HPOS="410" VPOS="1617" WIDTH="1590" HEIGHT="53">
							<String ID="string_97" HPOS="410" VPOS="1617" WIDTH="315" HEIGHT="36" WC="0.96" CONTENT="Södermanlands"/><SP WIDTH="42" VPOS="1617" HPOS="725"/>
							<String ID="string_98" HPOS="767" VPOS="1618" WIDTH="60" HEIGHT="36" WC="0.96" CONTENT="län"/><SP WIDTH="42" VPOS="1618" HPOS="827"/>
							<String ID="string_99" HPOS="869" VPOS="1622" WIDTH="114" HEIGHT="33" WC="0.96" CONTENT="måtte"/><SP WIDTH="41" VPOS="1622" HPOS="983"/>
							<String ID="string_100" HPOS="1024" VPOS="1619" WIDTH="35" HEIGHT="36" WC="0.96" CONTENT="få"/><SP WIDTH="29" VPOS="1619" HPOS="1059"/>
							<String ID="string_101" HPOS="1088" VPOS="1619" WIDTH="55" HEIGHT="36" WC="0.95" CONTENT="till"/><SP WIDTH="28" VPOS="1619" HPOS="1143"/>
							<String ID="string_102" HPOS="1171" VPOS="1619" WIDTH="162" HEIGHT="37" WC="0.95" CONTENT="nämnda"/><SP WIDTH="27" VPOS="1619" HPOS="1333"/>
							<String ID="string_103" HPOS="1360" VPOS="1620" WIDTH="222" HEIGHT="48" WC="0.96" CONTENT="församling"/><SP WIDTH="27" VPOS="1620" HPOS="1582"/>
							<String ID="string_104" HPOS="1609" VPOS="1620" WIDTH="59" HEIGHT="36" WC="0.96" CONTENT="för"/><SP WIDTH="28" VPOS="1620" HPOS="1668"/>
							<String ID="string_105" HPOS="1696" VPOS="1620" WIDTH="105" HEIGHT="37" WC="0.94" CONTENT="alltid"/><SP WIDTH="27" VPOS="1620" HPOS="1801"/>
							<String ID="string_106" HPOS="1828" VPOS="1622" WIDTH="172" HEIGHT="48" WC="0.96" CONTENT="upplåtas"/>
						</TextLine>
						<TextLine ID="line_14" HPOS="408" VPOS="1669" WIDTH="1592" HEIGHT="51">
							<String ID="string_107" HPOS="408" VPOS="1671" WIDTH="64" HEIGHT="33" WC="0.93" CONTENT="två"/><SP WIDTH="35" VPOS="1671" HPOS="472"/>
							<String ID="string_108" HPOS="507" VPOS="1669" WIDTH="265" HEIGHT="48" WC="0.91" CONTENT="jordområden"/><SP WIDTH="42" VPOS="1669" HPOS="772"/>
							<String ID="string_109" HPOS="814" VPOS="1673" WIDTH="19" HEIGHT="33" WC="0.88" CONTENT="å"/><SP WIDTH="41" VPOS="1673" HPOS="833"/>
							<String ID="string_110" HPOS="874" VPOS="1670" WIDTH="247" HEIGHT="37" WC="0.94" CONTENT="tillsammans"/><SP WIDTH="42" VPOS="1670" HPOS="1121"/>
							<String ID="string_111" HPOS="1163" VPOS="1673" WIDTH="85" HEIGHT="45" WC="0.94" CONTENT="48,5"/><SP WIDTH="41" VPOS="1673" HPOS="1248"/>
							<String ID="string_112" HPOS="1289" VPOS="1685" WIDTH="51" HEIGHT="34" WC="0.96" CONTENT="ar,"/><SP WIDTH="30" VPOS="1685" HPOS="1340"/>
							<String ID="string_113" HPOS="1370" VPOS="1677" WIDTH="55" HEIGHT="30" WC="0.96" CONTENT="att"/><SP WIDTH="33" VPOS="1677" HPOS="1425"/>
							<String ID="string_114" HPOS="1458" VPOS="1672" WIDTH="190" HEIGHT="36" WC="0.96" CONTENT="användas"/><SP WIDTH="35" VPOS="1672" HPOS="1648"/>
							<String ID="string_115" HPOS="1683" VPOS="1674" WIDTH="57" HEIGHT="46" WC="0.95" CONTENT="6,9"/><SP WIDTH="50" VPOS="1674" HPOS="1740"/>
							<String ID="string_116" HPOS="1790" VPOS="1686" WIDTH="40" HEIGHT="24" WC="0.95" CONTENT="ar"/><SP WIDTH="27" VPOS="1686" HPOS="1830"/>
							<String ID="string_117" HPOS="1857" VPOS="1674" WIDTH="57" HEIGHT="36" WC="0.93" CONTENT="till"/><SP WIDTH="27" VPOS="1674" HPOS="1914"/>
							<String ID="string_118" HPOS="1941" VPOS="1680" WIDTH="59" HEIGHT="31" WC="0.92" CONTENT="ut-"/>
						</TextLine>
						<TextLine ID="line_15" HPOS="408" VPOS="1720" WIDTH="1594" HEIGHT="52">
							<String ID="string_119" HPOS="408" VPOS="1720" WIDTH="186" HEIGHT="49" WC="0.92" CONTENT="vidgning"/><SP WIDTH="40" VPOS="1720" HPOS="594"/>
							<String ID="string_120" HPOS="634" VPOS="1721" WIDTH="42" HEIGHT="36" WC="0.96" CONTENT="af"/><SP WIDTH="36" VPOS="1721" HPOS="676"/>
							<String ID="string_121" HPOS="712" VPOS="1721" WIDTH="290" HEIGHT="49" WC="0.96" CONTENT="församlingens"/><SP WIDTH="41" VPOS="1721" HPOS="1002"/>
							<String ID="string_122" HPOS="1043" VPOS="1723" WIDTH="216" HEIGHT="48" WC="0.96" CONTENT="kyrkogård"/><SP WIDTH="41" VPOS="1723" HPOS="1259"/>
							<String ID="string_123" HPOS="1300" VPOS="1724" WIDTH="68" HEIGHT="35" WC="0.96" CONTENT="och"/><SP WIDTH="34" VPOS="1724" HPOS="1368"/>
							<String ID="string_124" HPOS="1402" VPOS="1723" WIDTH="120" HEIGHT="49" WC="0.96" CONTENT="öfriga"/><SP WIDTH="29" VPOS="1723" HPOS="1522"/>
							<String ID="string_125" HPOS="1551" VPOS="1726" WIDTH="83" HEIGHT="45" WC="0.96" CONTENT="41,6"/><SP WIDTH="34" VPOS="1726" HPOS="1634"/>
							<String ID="string_126" HPOS="1668" VPOS="1737" WIDTH="40" HEIGHT="23" WC="0.96" CONTENT="ar"/><SP WIDTH="27" VPOS="1737" HPOS="1708"/>
							<String ID="string_127" HPOS="1735" VPOS="1724" WIDTH="58" HEIGHT="37" WC="0.96" CONTENT="till"/><SP WIDTH="27" VPOS="1724" HPOS="1793"/>
							<String ID="string_128" HPOS="1820" VPOS="1731" WIDTH="95" HEIGHT="30" WC="0.96" CONTENT="tomt"/><SP WIDTH="28" VPOS="1731" HPOS="1915"/>
							<String ID="string_129" HPOS="1943" VPOS="1726" WIDTH="59" HEIGHT="36" WC="0.96" CONTENT="för"/>
						</TextLine>
						<TextLine ID="line_16" HPOS="409" VPOS="1772" WIDTH="1593" HEIGHT="52">
							<String ID="string_130" HPOS="409" VPOS="1772" WIDTH="197" HEIGHT="48" WC="0.90" CONTENT="småskola,"/><SP WIDTH="30" VPOS="1772" HPOS="606"/>
							<String ID="string_131" HPOS="636" VPOS="1773" WIDTH="205" HEIGHT="47" WC="0.91" CONTENT="slöjdskola"/><SP WIDTH="20" VPOS="1773" HPOS="841"/>
							<String ID="string_132" HPOS="861" VPOS="1774" WIDTH="68" HEIGHT="36" WC="0.93" CONTENT="och"/><SP WIDTH="23" VPOS="1774" HPOS="929"/>
							<String ID="string_133" HPOS="952" VPOS="1774" WIDTH="331" HEIGHT="49" WC="0.91" CONTENT="gymnastiklokal,"/><SP WIDTH="22" VPOS="1774" HPOS="1283"/>
							<String ID="string_134" HPOS="1305" VPOS="1781" WIDTH="77" HEIGHT="30" WC="0.96" CONTENT="mot"/><SP WIDTH="19" VPOS="1781" HPOS="1382"/>
							<String ID="string_135" HPOS="1401" VPOS="1789" WIDTH="46" HEIGHT="22" WC="0.96" CONTENT="en"/><SP WIDTH="20" VPOS="1789" HPOS="1447"/>
							<String ID="string_136" HPOS="1467" VPOS="1775" WIDTH="255" HEIGHT="49" WC="0.95" CONTENT="köpeskilling"/><SP WIDTH="19" VPOS="1775" HPOS="1722"/>
							<String ID="string_137" HPOS="1741" VPOS="1776" WIDTH="42" HEIGHT="36" WC="0.96" CONTENT="af"/><SP WIDTH="16" VPOS="1776" HPOS="1783"/>
							<String ID="string_138" HPOS="1799" VPOS="1779" WIDTH="44" HEIGHT="34" WC="0.96" CONTENT="73"/><SP WIDTH="23" VPOS="1779" HPOS="1843"/>
							<String ID="string_139" HPOS="1866" VPOS="1777" WIDTH="136" HEIGHT="37" WC="0.95" CONTENT="kronor"/>
						</TextLine>
						<TextLine ID="line_17" HPOS="410" VPOS="1825" WIDTH="1590" HEIGHT="49">
							<String ID="string_140" HPOS="410" VPOS="1826" WIDTH="48" HEIGHT="35" WC="0.96" CONTENT="60"/><SP WIDTH="42" VPOS="1826" HPOS="458"/>
							<String ID="string_141" HPOS="500" VPOS="1830" WIDTH="73" HEIGHT="38" WC="0.96" CONTENT="öre,"/><SP WIDTH="43" VPOS="1830" HPOS="573"/>
							<String ID="string_142" HPOS="616" VPOS="1825" WIDTH="85" HEIGHT="36" WC="0.95" CONTENT="med"/><SP WIDTH="35" VPOS="1825" HPOS="701"/>
							<String ID="string_143" HPOS="736" VPOS="1830" WIDTH="75" HEIGHT="31" WC="0.95" CONTENT="rätt"/><SP WIDTH="33" VPOS="1830" HPOS="811"/>
							<String ID="string_144" HPOS="844" VPOS="1826" WIDTH="56" HEIGHT="36" WC="0.96" CONTENT="för"/><SP WIDTH="28" VPOS="1826" HPOS="900"/>
							<String ID="string_145" HPOS="928" VPOS="1826" WIDTH="268" HEIGHT="48" WC="0.96" CONTENT="församlingen"/><SP WIDTH="29" VPOS="1826" HPOS="1196"/>
							<String ID="string_146" HPOS="1225" VPOS="1833" WIDTH="55" HEIGHT="29" WC="0.96" CONTENT="att"/><SP WIDTH="24" VPOS="1833" HPOS="1280"/>
							<String ID="string_147" HPOS="1304" VPOS="1827" WIDTH="164" HEIGHT="36" WC="0.95" CONTENT="tillträda"/><SP WIDTH="28" VPOS="1827" HPOS="1468"/>
							<String ID="string_148" HPOS="1496" VPOS="1827" WIDTH="198" HEIGHT="37" WC="0.96" CONTENT="områdena"/><SP WIDTH="30" VPOS="1827" HPOS="1694"/>
							<String ID="string_149" HPOS="1724" VPOS="1828" WIDTH="72" HEIGHT="36" WC="0.96" CONTENT="den"/><SP WIDTH="31" VPOS="1828" HPOS="1796"/>
							<String ID="string_150" HPOS="1827" VPOS="1831" WIDTH="45" HEIGHT="34" WC="0.96" CONTENT="14"/><SP WIDTH="29" VPOS="1831" HPOS="1872"/>
							<String ID="string_151" HPOS="1901" VPOS="1843" WIDTH="99" HEIGHT="23" WC="0.95" CONTENT="mars"/>
						</TextLine>
						<TextLine ID="line_18" HPOS="411" VPOS="1876" WIDTH="1588" HEIGHT="47">
							<String ID="string_152" HPOS="411" VPOS="1878" WIDTH="96" HEIGHT="35" WC="0.96" CONTENT="1907"/><SP WIDTH="31" VPOS="1878" HPOS="507"/>
							<String ID="string_153" HPOS="538" VPOS="1876" WIDTH="88" HEIGHT="36" WC="0.96" CONTENT="eller"/><SP WIDTH="28" VPOS="1876" HPOS="626"/>
							<String ID="string_154" HPOS="654" VPOS="1876" WIDTH="273" HEIGHT="47" WC="0.96" CONTENT="dessförinnan,"/><SP WIDTH="30" VPOS="1876" HPOS="927"/>
							<String ID="string_155" HPOS="957" VPOS="1891" WIDTH="57" HEIGHT="23" WC="0.93" CONTENT="om"/><SP WIDTH="31" VPOS="1891" HPOS="1014"/>
							<String ID="string_156" HPOS="1045" VPOS="1878" WIDTH="379" HEIGHT="37" WC="0.91" CONTENT="öfverenskommelse"/><SP WIDTH="28" VPOS="1878" HPOS="1424"/>
							<String ID="string_157" HPOS="1452" VPOS="1879" WIDTH="125" HEIGHT="36" WC="0.96" CONTENT="derom"/><SP WIDTH="31" VPOS="1879" HPOS="1577"/>
							<String ID="string_158" HPOS="1608" VPOS="1880" WIDTH="124" HEIGHT="36" WC="0.96" CONTENT="kunde"/><SP WIDTH="30" VPOS="1880" HPOS="1732"/>
							<String ID="string_159" HPOS="1762" VPOS="1880" WIDTH="83" HEIGHT="37" WC="0.93" CONTENT="med"/><SP WIDTH="29" VPOS="1880" HPOS="1845"/>
							<String ID="string_160" HPOS="1874" VPOS="1894" WIDTH="125" HEIGHT="24" WC="0.92" CONTENT="arren-"/>
						</TextLine>
						<TextLine ID="line_19" HPOS="407" VPOS="1928" WIDTH="1591" HEIGHT="51">
							<String ID="string_161" HPOS="407" VPOS="1928" WIDTH="134" HEIGHT="36" WC="0.95" CONTENT="datorn"/><SP WIDTH="34" VPOS="1928" HPOS="541"/>
							<String ID="string_162" HPOS="575" VPOS="1928" WIDTH="40" HEIGHT="36" WC="0.96" CONTENT="af"/><SP WIDTH="23" VPOS="1928" HPOS="615"/>
							<String ID="string_163" HPOS="638" VPOS="1929" WIDTH="231" HEIGHT="47" WC="0.93" CONTENT="egendomen"/><SP WIDTH="31" VPOS="1929" HPOS="869"/>
							<String ID="string_164" HPOS="900" VPOS="1929" WIDTH="255" HEIGHT="49" WC="0.89" CONTENT="Sundbyholm"/><SP WIDTH="31" VPOS="1929" HPOS="1155"/>
							<String ID="string_165" HPOS="1186" VPOS="1931" WIDTH="140" HEIGHT="46" WC="0.96" CONTENT="träffas,"/><SP WIDTH="30" VPOS="1931" HPOS="1326"/>
							<String ID="string_166" HPOS="1356" VPOS="1936" WIDTH="97" HEIGHT="31" WC="0.95" CONTENT="samt"/><SP WIDTH="28" VPOS="1936" HPOS="1453"/>
							<String ID="string_167" HPOS="1481" VPOS="1931" WIDTH="118" HEIGHT="36" WC="0.96" CONTENT="under"/><SP WIDTH="27" VPOS="1931" HPOS="1599"/>
							<String ID="string_168" HPOS="1626" VPOS="1931" WIDTH="134" HEIGHT="48" WC="0.96" CONTENT="vilkor,"/><SP WIDTH="30" VPOS="1931" HPOS="1760"/>
							<String ID="string_169" HPOS="1790" VPOS="1938" WIDTH="54" HEIGHT="30" WC="0.92" CONTENT="att"/><SP WIDTH="28" VPOS="1938" HPOS="1844"/>
							<String ID="string_170" HPOS="1872" VPOS="1935" WIDTH="20" HEIGHT="34" WC="0.92" CONTENT="å"/><SP WIDTH="28" VPOS="1935" HPOS="1892"/>
							<String ID="string_171" HPOS="1920" VPOS="1947" WIDTH="78" HEIGHT="23" WC="0.92" CONTENT="om-"/>
						</TextLine>
						<TextLine ID="line_20" HPOS="407" VPOS="1980" WIDTH="1590" HEIGHT="54">
							<String ID="string_172" HPOS="407" VPOS="1980" WIDTH="138" HEIGHT="36" WC="0.92" CONTENT="rådena"/><SP WIDTH="39" VPOS="1980" HPOS="545"/>
							<String ID="string_173" HPOS="584" VPOS="1980" WIDTH="172" HEIGHT="49" WC="0.93" CONTENT="befintlig"/><SP WIDTH="42" VPOS="1980" HPOS="756"/>
							<String ID="string_174" HPOS="798" VPOS="1981" WIDTH="207" HEIGHT="49" WC="0.88" CONTENT="ståndskog"/><SP WIDTH="40" VPOS="1981" HPOS="1005"/>
							<String ID="string_175" HPOS="1045" VPOS="1981" WIDTH="226" HEIGHT="37" WC="0.88" CONTENT="förbehölles"/><SP WIDTH="28" VPOS="1981" HPOS="1271"/>
							<String ID="string_176" HPOS="1299" VPOS="1982" WIDTH="155" HEIGHT="48" WC="0.96" CONTENT="kronan,"/><SP WIDTH="31" VPOS="1982" HPOS="1454"/>
							<String ID="string_177" HPOS="1485" VPOS="1983" WIDTH="68" HEIGHT="36" WC="0.96" CONTENT="och"/><SP WIDTH="28" VPOS="1983" HPOS="1553"/>
							<String ID="string_178" HPOS="1581" VPOS="1989" WIDTH="56" HEIGHT="30" WC="0.96" CONTENT="att"/><SP WIDTH="28" VPOS="1989" HPOS="1637"/>
							<String ID="string_179" HPOS="1665" VPOS="1984" WIDTH="271" HEIGHT="49" WC="0.96" CONTENT="församlingen"/><SP WIDTH="28" VPOS="1984" HPOS="1936"/>
							<String ID="string_180" HPOS="1964" VPOS="1986" WIDTH="33" HEIGHT="48" WC="0.96" CONTENT="ej"/>
						</TextLine>
						<TextLine ID="line_21" HPOS="408" VPOS="2031" WIDTH="1591" HEIGHT="55">
							<String ID="string_181" HPOS="408" VPOS="2031" WIDTH="144" HEIGHT="37" WC="0.96" CONTENT="mindre"/><SP WIDTH="42" VPOS="2031" HPOS="552"/>
							<String ID="string_182" HPOS="594" VPOS="2038" WIDTH="126" HEIGHT="30" WC="0.96" CONTENT="senast"/><SP WIDTH="37" VPOS="2038" HPOS="720"/>
							<String ID="string_183" HPOS="757" VPOS="2032" WIDTH="70" HEIGHT="37" WC="0.96" CONTENT="den"/><SP WIDTH="45" VPOS="2032" HPOS="827"/>
							<String ID="string_184" HPOS="872" VPOS="2035" WIDTH="45" HEIGHT="34" WC="0.96" CONTENT="14"/><SP WIDTH="31" VPOS="2035" HPOS="917"/>
							<String ID="string_185" HPOS="948" VPOS="2047" WIDTH="97" HEIGHT="22" WC="0.96" CONTENT="mars"/><SP WIDTH="33" VPOS="2047" HPOS="1045"/>
							<String ID="string_186" HPOS="1078" VPOS="2035" WIDTH="94" HEIGHT="35" WC="0.96" CONTENT="1907"/><SP WIDTH="31" VPOS="2035" HPOS="1172"/>
							<String ID="string_187" HPOS="1203" VPOS="2034" WIDTH="57" HEIGHT="36" WC="0.96" CONTENT="till"/><SP WIDTH="27" VPOS="2034" HPOS="1260"/>
							<String ID="string_188" HPOS="1287" VPOS="2034" WIDTH="120" HEIGHT="37" WC="0.93" CONTENT="länets"/><SP WIDTH="29" VPOS="2034" HPOS="1407"/>
							<String ID="string_189" HPOS="1436" VPOS="2035" WIDTH="138" HEIGHT="36" WC="0.91" CONTENT="ränteri"/><SP WIDTH="28" VPOS="2035" HPOS="1574"/>
							<String ID="string_190" HPOS="1602" VPOS="2035" WIDTH="254" HEIGHT="38" WC="0.91" CONTENT="inlevererade"/><SP WIDTH="29" VPOS="2035" HPOS="1856"/>
							<String ID="string_191" HPOS="1885" VPOS="2037" WIDTH="114" HEIGHT="49" WC="0.92" CONTENT="köpe-"/>
						</TextLine>
						<TextLine ID="line_22" HPOS="408" VPOS="2083" WIDTH="1593" HEIGHT="55">
							<String ID="string_192" HPOS="408" VPOS="2083" WIDTH="202" HEIGHT="49" WC="0.91" CONTENT="skillingen"/><SP WIDTH="41" VPOS="2083" HPOS="610"/>
							<String ID="string_193" HPOS="651" VPOS="2088" WIDTH="47" HEIGHT="32" WC="0.96" CONTENT="än"/><SP WIDTH="41" VPOS="2088" HPOS="698"/>
							<String ID="string_194" HPOS="739" VPOS="2084" WIDTH="107" HEIGHT="36" WC="0.96" CONTENT="äfven"/><SP WIDTH="29" VPOS="2084" HPOS="846"/>
							<String ID="string_195" HPOS="875" VPOS="2091" WIDTH="174" HEIGHT="43" WC="0.96" CONTENT="uppsatte"/><SP WIDTH="29" VPOS="2091" HPOS="1049"/>
							<String ID="string_196" HPOS="1078" VPOS="2085" WIDTH="69" HEIGHT="36" WC="0.96" CONTENT="och"/><SP WIDTH="29" VPOS="2085" HPOS="1147"/>
							<String ID="string_197" HPOS="1176" VPOS="2085" WIDTH="58" HEIGHT="37" WC="0.96" CONTENT="för"/><SP WIDTH="28" VPOS="2085" HPOS="1234"/>
							<String ID="string_198" HPOS="1262" VPOS="2086" WIDTH="48" HEIGHT="36" WC="0.96" CONTENT="all"/><SP WIDTH="28" VPOS="2086" HPOS="1310"/>
							<String ID="string_199" HPOS="1338" VPOS="2087" WIDTH="151" HEIGHT="36" WC="0.93" CONTENT="framtid"/><SP WIDTH="28" VPOS="2087" HPOS="1489"/>
							<String ID="string_200" HPOS="1517" VPOS="2087" WIDTH="218" HEIGHT="37" WC="0.87" CONTENT="underhölle"/><SP WIDTH="29" VPOS="2087" HPOS="1735"/>
							<String ID="string_201" HPOS="1764" VPOS="2088" WIDTH="237" HEIGHT="50" WC="0.96" CONTENT="erforderligt"/>
						</TextLine>
						<TextLine ID="line_23" HPOS="408" VPOS="2135" WIDTH="1592" HEIGHT="53">
							<String ID="string_202" HPOS="408" VPOS="2135" WIDTH="168" HEIGHT="48" WC="0.96" CONTENT="stängsel"/><SP WIDTH="27" VPOS="2135" HPOS="576"/>
							<String ID="string_203" HPOS="603" VPOS="2136" WIDTH="115" HEIGHT="48" WC="0.96" CONTENT="kring"/><SP WIDTH="28" VPOS="2136" HPOS="718"/>
							<String ID="string_204" HPOS="746" VPOS="2136" WIDTH="213" HEIGHT="46" WC="0.96" CONTENT="områdena;"/><SP WIDTH="30" VPOS="2136" HPOS="959"/>
							<String ID="string_205" HPOS="989" VPOS="2137" WIDTH="192" HEIGHT="36" WC="0.96" CONTENT="äfvensom"/><SP WIDTH="21" VPOS="2137" HPOS="1181"/>
							<String ID="string_206" HPOS="1202" VPOS="2143" WIDTH="55" HEIGHT="31" WC="0.96" CONTENT="att"/><SP WIDTH="20" VPOS="2143" HPOS="1257"/>
							<String ID="string_207" HPOS="1277" VPOS="2138" WIDTH="71" HEIGHT="36" WC="0.96" CONTENT="den"/><SP WIDTH="19" VPOS="2138" HPOS="1348"/>
							<String ID="string_208" HPOS="1367" VPOS="2138" WIDTH="205" HEIGHT="49" WC="0.93" CONTENT="inflytande"/><SP WIDTH="21" VPOS="2138" HPOS="1572"/>
							<String ID="string_209" HPOS="1593" VPOS="2139" WIDTH="271" HEIGHT="49" WC="0.92" CONTENT="köpesumman"/><SP WIDTH="20" VPOS="2139" HPOS="1864"/>
							<String ID="string_210" HPOS="1884" VPOS="2144" WIDTH="116" HEIGHT="34" WC="0.95" CONTENT="måtte"/>
						</TextLine>
						<TextLine ID="line_24" HPOS="407" VPOS="2186" WIDTH="1593" HEIGHT="55">
							<String ID="string_211" HPOS="407" VPOS="2186" WIDTH="37" HEIGHT="37" WC="0.96" CONTENT="få"/><SP WIDTH="29" VPOS="2186" HPOS="444"/>
							<String ID="string_212" HPOS="473" VPOS="2187" WIDTH="189" HEIGHT="37" WC="0.96" CONTENT="användas"/><SP WIDTH="29" VPOS="2187" HPOS="662"/>
							<String ID="string_213" HPOS="691" VPOS="2191" WIDTH="47" HEIGHT="45" WC="0.96" CONTENT="på"/><SP WIDTH="28" VPOS="2191" HPOS="738"/>
							<String ID="string_214" HPOS="766" VPOS="2188" WIDTH="194" HEIGHT="37" WC="0.96" CONTENT="enahanda"/><SP WIDTH="28" VPOS="2188" HPOS="960"/>
							<String ID="string_215" HPOS="988" VPOS="2194" WIDTH="84" HEIGHT="41" WC="0.95" CONTENT="sätt,"/><SP WIDTH="31" VPOS="2194" HPOS="1072"/>
							<String ID="string_216" HPOS="1103" VPOS="2202" WIDTH="78" HEIGHT="23" WC="0.96" CONTENT="som"/><SP WIDTH="31" VPOS="2202" HPOS="1181"/>
							<String ID="string_217" HPOS="1212" VPOS="2194" WIDTH="41" HEIGHT="31" WC="0.96" CONTENT="är"/><SP WIDTH="26" VPOS="2194" HPOS="1253"/>
							<String ID="string_218" HPOS="1279" VPOS="2189" WIDTH="188" HEIGHT="37" WC="0.96" CONTENT="bestämdt"/><SP WIDTH="27" VPOS="2189" HPOS="1467"/>
							<String ID="string_219" HPOS="1494" VPOS="2190" WIDTH="12" HEIGHT="36" WC="0.96" CONTENT="i"/><SP WIDTH="29" VPOS="2190" HPOS="1506"/>
							<String ID="string_220" HPOS="1535" VPOS="2190" WIDTH="105" HEIGHT="49" WC="0.96" CONTENT="fråga"/><SP WIDTH="29" VPOS="2190" HPOS="1640"/>
							<String ID="string_221" HPOS="1669" VPOS="2205" WIDTH="59" HEIGHT="22" WC="0.92" CONTENT="om"/><SP WIDTH="30" VPOS="2205" HPOS="1728"/>
							<String ID="string_222" HPOS="1758" VPOS="2192" WIDTH="242" HEIGHT="49" WC="0.90" CONTENT="köpeskillin-"/>
						</TextLine>
						<TextLine ID="line_25" HPOS="406" VPOS="2238" WIDTH="1593" HEIGHT="55">
							<String ID="string_223" HPOS="406" VPOS="2252" WIDTH="71" HEIGHT="35" WC="0.96" CONTENT="gar"/><SP WIDTH="27" VPOS="2252" HPOS="477"/>
							<String ID="string_224" HPOS="504" VPOS="2238" WIDTH="56" HEIGHT="37" WC="0.96" CONTENT="för"/><SP WIDTH="28" VPOS="2238" HPOS="560"/>
							<String ID="string_225" HPOS="588" VPOS="2239" WIDTH="44" HEIGHT="36" WC="0.96" CONTENT="de"/><SP WIDTH="29" VPOS="2239" HPOS="632"/>
							<String ID="string_226" HPOS="661" VPOS="2239" WIDTH="175" HEIGHT="37" WC="0.96" CONTENT="hemman"/><SP WIDTH="28" VPOS="2239" HPOS="836"/>
							<String ID="string_227" HPOS="864" VPOS="2241" WIDTH="70" HEIGHT="36" WC="0.96" CONTENT="och"/><SP WIDTH="28" VPOS="2241" HPOS="934"/>
							<String ID="string_228" HPOS="962" VPOS="2241" WIDTH="229" HEIGHT="48" WC="0.96" CONTENT="lägenheter,"/><SP WIDTH="30" VPOS="2241" HPOS="1191"/>
							<String ID="string_229" HPOS="1221" VPOS="2241" WIDTH="146" HEIGHT="37" WC="0.96" CONTENT="hvilkas"/><SP WIDTH="29" VPOS="2241" HPOS="1367"/>
							<String ID="string_230" HPOS="1396" VPOS="2242" WIDTH="226" HEIGHT="48" WC="0.96" CONTENT="försäljning"/><SP WIDTH="19" VPOS="2242" HPOS="1622"/>
							<String ID="string_231" HPOS="1641" VPOS="2256" WIDTH="90" HEIGHT="35" WC="0.96" CONTENT="eger"/><SP WIDTH="19" VPOS="2256" HPOS="1731"/>
							<String ID="string_232" HPOS="1750" VPOS="2257" WIDTH="80" HEIGHT="23" WC="0.92" CONTENT="rum"/><SP WIDTH="17" VPOS="2257" HPOS="1830"/>
							<String ID="string_233" HPOS="1847" VPOS="2244" WIDTH="152" HEIGHT="49" WC="0.92" CONTENT="jemlikt"/>
						</TextLine>
						<TextLine ID="line_26" HPOS="408" VPOS="2290" WIDTH="720" HEIGHT="51">
							<String ID="string_234" HPOS="408" VPOS="2290" WIDTH="126" HEIGHT="48" WC="0.90" CONTENT="kongl."/><SP WIDTH="29" VPOS="2290" HPOS="534"/>
							<String ID="string_235" HPOS="563" VPOS="2291" WIDTH="144" HEIGHT="36" WC="0.92" CONTENT="brefvet"/><SP WIDTH="29" VPOS="2291" HPOS="707"/>
							<String ID="string_236" HPOS="736" VPOS="2291" WIDTH="70" HEIGHT="36" WC="0.96" CONTENT="den"/><SP WIDTH="30" VPOS="2291" HPOS="806"/>
							<String ID="string_237" HPOS="836" VPOS="2294" WIDTH="46" HEIGHT="34" WC="0.96" CONTENT="29"/><SP WIDTH="32" VPOS="2294" HPOS="882"/>
							<String ID="string_238" HPOS="914" VPOS="2293" WIDTH="72" HEIGHT="48" WC="0.93" CONTENT="raj"/><SP WIDTH="35" VPOS="2293" HPOS="986"/>
							<String ID="string_239" HPOS="1021" VPOS="2294" WIDTH="107" HEIGHT="34" WC="0.96" CONTENT="1874."/>
						</TextLine>
					</TextBlock>
				</ComposedBlock>
			</PrintSpace>
		</Page>
	</Layout>
</alto>
