1876 2812
533 169 274 31 Statsutskottets
827 169 176 30 utlåtande
1023 179 41 20 nr
1086 169 70 29 240.
1587 161 14 29 1

760 331 61 40 Nr
847 331 90 41 240.

516 439 121 26 Ankom
660 438 47 26 till
730 438 177 33 riksdagens
930 437 100 27 kansli
1054 437 59 27 den
1137 436 37 27 21
1199 435 67 34 juni
1291 435 79 27 1946
1395 434 42 27 kl.
1462 433 17 27 5
1504 441 58 19 em.

319 531 182 32 Utlåtande
522 533 10 29 i
554 531 187 37 anledning
760 541 42 20 av
827 531 122 36 Kungl.
971 531 120 36 Maj:ts
1113 530 213 36 proposition
1347 529 50 30 till
1419 527 184 36 riksdagen

539 581 178 37 angående
737 582 137 36 fortsatt
896 581 220 30 verksamhet
1136 581 55 35 för
1214 579 194 30 hindrande
1431 578 64 30 och
1520 586 84 27 upp-

539 633 158 36 dagande
722 643 42 20 av
787 633 151 36 spioneri
962 642 44 21 m.
1031 641 44 21 m.
1099 632 107 36 jämte
1231 631 11 29 i
1265 632 118 29 ämnet
1405 628 103 31 väckt
1531 637 72 21 mo-

540 685 81 29 tion.

1371 727 67 40 (3:e
1465 728 89 39 avd.)

143 830 13 29 I
178 827 260 38 propositionen
461 835 42 21 nr
527 826 62 29 284
612 825 66 30 har
702 823 121 36 Kungl.
848 821 111 37 Maj:t,
982 820 111 31 under
1114 817 220 37 åberopande
1358 826 43 20 av
1423 815 106 36 bilagt
1553 817 50 26 ut-

98 881 84 35 drag
209 889 42 21 av
277 876 375 37 statsrådsprotokollet
678 875 81 30 över
786 872 260 32 socialärenden
1074 871 54 29 för
1155 870 65 29 den
1247 870 18 28 3
1292 867 71 36 maj
1394 866 92 35 1946,
1516 864 88 30 före-

98 931 100 35 slagit
215 930 185 35 riksdagen
420 931 50 27 att
490 927 50 30 till
559 925 192 32 Kostnader
771 924 50 30 till
840 922 149 32 särskild
1007 919 310 38 polisverksamhet
1336 918 55 29 för
1410 915 195 31 hindrande

96 982 67 30 och
186 979 232 37 uppdagande
440 988 43 20 av
507 977 149 36 spioneri
681 986 44 19 m.
750 985 44 20 m.
819 974 20 30 å
861 974 186 30 riksstaten
1071 972 54 29 för
1148 968 202 37 budgetåret
1377 962 140 35 1946/47
1543 974 61 21 un-

98 1033 61 29 der
178 1032 106 30 femte
302 1029 221 31 huvudtiteln
543 1027 119 31 anvisa
683 1029 46 28 ett
749 1024 270 37 förslagsanslag
1039 1033 41 19 av
1104 1023 13 28 1
1134 1022 62 29 800
1211 1021 63 29 000
1296 1020 138 29 kronor.

144 1123 130 31 Genom
298 1121 113 30 beslut
435 1119 68 30 den
529 1118 38 29 27
595 1114 192 37 september
815 1112 83 31 1945
923 1108 208 32 tillkallades
1156 1102 336 34 underståthållaren
1516 1099 88 30 Mar-

98 1175 51 31 tin
175 1172 196 31 Wahlbäck
396 1173 50 27 att
473 1168 113 31 såsom
614 1164 196 36 sakkunnig
837 1163 95 29 inom
961 1158 378 36 socialdepartementet
1363 1152 136 31 biträda
1527 1149 79 31 med

99 1224 183 35 utredning
301 1232 42 21 av
361 1221 92 31 vissa
472 1221 11 29 i
504 1217 171 32 samband
695 1215 79 31 med
793 1212 202 35 avveckling
1016 1220 42 20 av
1078 1208 177 31 allmänna
1275 1202 330 36 säkerhetstjänsten

98 1273 285 39 uppkommande
409 1268 179 39 spörsmål.
615 1266 193 31 Wahlbäck
836 1265 66 29 har
928 1264 9 29 i
965 1260 186 35 anledning
1177 1259 109 29 härav
1314 1257 67 29 den
1406 1255 18 28 4
1453 1250 154 33 februari

103 1327 83 30 1946
204 1325 215 31 överlämnat
437 1332 45 20 en
498 1319 232 38 promemoria
750 1314 177 38 angående
947 1313 68 30 den
1035 1312 159 36 fortsatta
1213 1306 247 35 avvecklingen
1480 1313 41 20 av
1541 1303 66 29 den

99 1377 179 31 allmänna
293 1372 332 38 säkerhetstjänsten
640 1371 90 29 samt
745 1366 144 31 därmed
905 1358 344 38 sammanhängande
1266 1357 126 37 frågor.
1409 1356 197 30 Promemo-

99 1428 76 31 rian
199 1424 192 32 innehåller
417 1423 130 34 förslag
573 1419 148 31 rörande
748 1416 263 34 avvecklingens
1038 1411 179 37 praktiska
1244 1405 273 40 genomförande
1541 1403 66 30 och

99 1477 178 37 angående
298 1472 271 33 handhavandet
591 1470 110 30 under
723 1468 145 30 fredstid
891 1475 43 20 av
955 1465 41 29 de
1016 1461 175 37 uppgifter
1212 1460 10 29 i
1245 1458 98 36 fråga
1363 1467 58 20 om
1442 1455 164 30 hindran-

99 1529 43 30 de
162 1528 65 30 och
247 1524 232 38 uppdagande
497 1532 41 20 av
559 1520 150 37 spioneri
728 1529 45 19 m.
796 1528 55 25 m.,
871 1516 93 30 vilka
985 1516 127 28 ansetts
1133 1512 75 29 icke
1228 1511 120 28 kunna
1367 1506 194 35 nedläggas.

145 1574 90 35 Över
257 1574 260 39 promemorian
537 1573 46 29 ha
605 1570 185 37 yttranden
812 1566 143 37 avgivits
979 1575 42 21 av
1044 1562 340 32 överbefälhavaren,
1407 1556 125 31 chefen
1553 1554 54 30 för

100 1626 335 34 försvarsväsendets
473 1621 237 34 radioanstalt,
748 1614 415 35 överståthållarämbetet
1199 1628 44 4 —
1269 1610 86 30 efter
1381 1606 157 32 hörande
1566 1613 41 21 av

101 1679 220 31 Stockholms
341 1677 75 30 stad
435 1692 45 4 —
497 1672 244 36 länsstyrelsen
763 1671 9 29 i
793 1668 197 31 Malmöhus
1012 1666 56 29 län
1087 1682 44 3 —
1150 1663 86 30 efter
1257 1659 156 32 hörande
1433 1667 42 21 av
1493 1656 114 30 lands-

102 1731 126 36 fogden
249 1730 10 30 i
281 1729 92 29 länet
393 1745 44 4 —
459 1724 244 36 länsstyrelsen
723 1722 11 29 i
758 1720 186 34 Göteborgs
968 1717 65 29 och
1058 1715 117 30 Bohus
1197 1714 58 28 län
1276 1730 44 4 —
1343 1710 87 30 efter
1453 1706 156 31 hörande

100 1792 44 20 av
162 1781 296 36 poliskammaren
476 1776 11 29 i
510 1774 168 34 Göteborg
697 1772 66 30 och
782 1768 206 32 biträdande
1008 1760 379 38 övervakningschefen
1408 1760 10 29 i
1440 1758 169 34 Göteborg

100 1850 44 4 —
161 1830 244 36 länsstyrelsen
424 1828 11 29 i
454 1826 225 30 Norrbottens
697 1823 58 28 län
774 1838 44 4 —
835 1820 87 30 efter
940 1817 155 30 hörande
1115 1825 42 20 av
1175 1811 231 36 landsfogden
1426 1810 9 29 i
1456 1809 91 30 länet
1565 1824 44 4 —

100 1875 410 46 statspolisintendenten,
552 1871 393 39 generalpoststyrelsen,
989 1864 321 37 telegrafstyrelsen,
1353 1861 254 30 statskontoret,

102 1932 205 31 riksarkivet
333 1932 90 27 samt
446 1925 203 35 föreningen
674 1922 151 35 Sveriges
849 1913 236 45 landsfogdar.

130 2030 154 38 Förslag
308 2025 189 42 angående
521 2033 47 30 ny
592 2019 258 41 organisation
874 2017 59 32 för
956 2013 209 34 hindrande
1190 2011 67 33 och
1281 2007 242 43 uppdagande
1548 2014 43 23 av

704 2069 165 42 spioneri
893 2077 47 22 m.
963 2076 47 21 m.

147 2156 225 32 Beträffande
396 2155 65 30 den
486 2152 109 30 under
619 2149 145 30 fredstid
786 2145 224 34 erforderliga
1034 2141 277 37 organisationen
1336 2138 55 29 för
1416 2135 193 31 hindrande

103 2210 65 29 och
197 2204 232 39 uppdagande
458 2213 41 20 av
528 2199 149 38 spioneri
705 2209 43 19 m.
779 2207 43 20 m.
852 2197 64 28 har
942 2191 252 40 föredragande
1224 2188 183 31 statsrådet
1435 2185 174 34 Mossberg

103 2259 114 30 anfört
241 2255 165 37 följande.

150 2309 85 29 Före
253 2308 55 29 det
324 2306 82 28 sista
423 2301 244 34 världskrigets
686 2299 129 29 utbrott
832 2294 206 31 handhades
1055 2290 272 37 polisuppgifter,
1346 2297 75 20 som
1437 2294 172 21 samman-

103 2359 136 35 hängde
259 2356 80 30 med
360 2351 234 34 övervakning
615 2359 43 21 av
678 2351 113 32 agent-
815 2346 65 29 och
902 2339 434 38 kunskaparverksamhet,
1359 2336 187 30 beivrande
1569 2343 42 20 av

104 2400 151 37 spioneri
282 2399 64 28 och
373 2394 207 33 närstående
605 2393 91 28 brott
722 2400 44 19 m.
795 2399 55 24 m.,
880 2387 68 30 helt
976 2395 41 20 av
1043 2385 41 30 de
1109 2381 227 31 kommunala
1361 2377 249 38 poliskårerna.

106 2444 63 29 Vid
189 2440 219 32 Stockholms
426 2434 254 36 kriminalpolis
702 2433 101 29 fanns
823 2431 53 29 för
894 2429 92 30 detta
1007 2425 162 32 ändamål
1190 2434 40 20 en
1250 2422 148 30 särskild
1418 2419 192 35 avdelning.

106 2486 119 29 Denna
247 2481 200 35 avdelnings
469 2479 159 36 personal
651 2485 61 20 var
732 2474 87 30 dock
842 2472 49 30 till
914 2469 206 31 numerären
1141 2467 135 35 mycket
1299 2463 182 36 obetydlig.

149 2541 109 30 Bihang
271 2540 40 24 till
323 2538 167 30 riksdagens
503 2533 144 34 protokoll
662 2533 72 24 1946.
756 2533 14 21 6
783 2530 79 24 saml.
885 2529 39 23 Nr
951 2527 56 23 240.
1568 2515 11 24 1
