1892 2834
288 153 20 30 2
688 160 123 31 Första
835 160 239 37 lagutskottets
1099 161 177 32 utlåtande
1299 162 49 31 Nr
1374 164 29 29 5.

333 241 226 31 Beträffande
585 241 150 37 område,
762 252 75 21 som
864 242 99 38 ingår
989 244 11 29 i
1028 244 272 37 byggnadsplan,
1327 246 88 30 skall
1441 246 68 31 vad
1535 246 12 30 i
1572 247 42 30 20
1642 247 19 37 8
1688 247 110 31 andra

289 292 131 36 stycket
443 293 39 29 är
505 293 135 36 stadgat
662 294 64 35 äga
748 294 245 30 motsvarande
1015 294 230 38 tillämpning.

992 387 43 30 64
1060 386 30 38 8.

333 440 193 38 Föreligger
545 441 100 38 fråga
664 461 44 4 —
728 461 45 4 —
791 461 45 4 —
856 444 211 37 Konungens
1087 445 380 38 befallningshavande.

333 486 46 35 Är
404 491 72 36 fall,
504 502 76 21 som
606 493 10 30 i
642 493 109 32 första
777 495 132 36 stycket
934 505 108 26 avses,
1070 495 55 31 för
1151 497 149 35 handen,
1329 498 88 30 skall
1443 498 67 30 vad
1536 498 10 30 i
1573 499 41 30 20
1642 499 18 37 3
1687 500 110 30 andra

288 542 131 36 stycket
440 543 39 29 är
501 544 135 36 stadgat
655 545 63 35 äga
738 546 245 30 motsvarande
1005 546 229 37 tillämpning.

992 639 42 30 82
1060 638 29 37 5.

332 690 121 37 Råder,
479 692 45 31 då
547 711 44 4 —
614 711 43 4 —
679 712 45 4 —
747 696 205 31 annorledes
976 696 197 32 förordnar.

333 742 14 29 I
367 742 71 36 fall,
459 752 76 21 som
553 743 11 30 i
585 744 107 31 första
712 746 133 36 stycket
865 756 107 26 avses,
994 748 88 30 skall
1104 749 66 29 vad
1189 748 11 30 i
1221 749 41 30 20
1282 749 18 37 8
1321 749 110 31 andra
1451 750 133 36 stycket
1602 751 39 30 är
1662 751 135 37 stadgat

287 792 65 36 äga
375 795 243 30 motsvarande
641 795 229 38 tillämpning.

332 908 120 33 Denna
475 911 56 37 lag
554 912 114 30 träder
690 913 11 29 i
724 913 95 31 kraft
841 915 67 30 den
933 916 15 29 1
972 915 65 37 juli
1063 917 93 29 1939.

337 1044 14 30 I
373 1044 98 37 fråga
493 1055 59 21 om
574 1047 42 30 de
638 1048 74 30 skäl
736 1058 76 21 som
833 1049 90 37 ligga
944 1050 52 30 till
1020 1052 111 35 grund
1154 1051 55 31 för
1232 1052 164 37 förslaget
1419 1052 56 32 får
1496 1055 176 35 utskottet,
1696 1054 11 30 i
1729 1055 66 30 den

290 1094 83 31 mån
394 1096 215 36 redogörelse
630 1098 120 30 därför
771 1099 32 36 ej
827 1100 135 31 lämnas
984 1101 66 30 här
1071 1102 123 36 nedan,
1219 1103 145 31 hänvisa
1385 1103 51 30 till
1459 1101 269 44 propositionen.

335 1194 113 37 Enligt
473 1197 41 29 20
541 1197 18 37 8
586 1199 298 37 stadsplanelagen
910 1201 66 30 den
1002 1202 40 30 29
1068 1202 71 36 maj
1170 1203 80 30 1931
1276 1203 40 31 är
1339 1204 56 30 det
1421 1204 179 36 förbjudet
1625 1209 49 27 att
1699 1206 96 30 inom

291 1245 151 37 område,
466 1256 78 21 som
564 1247 99 37 ingår
683 1249 11 29 i
717 1250 179 36 stadsplan
918 1251 82 30 eller
1021 1253 185 35 stomplan,
1230 1253 138 37 vidtaga
1391 1255 218 37 schaktning,
1635 1256 159 37 fyllning,

290 1296 228 38 trädfällning
543 1298 83 30 eller
650 1307 117 22 annan
795 1300 144 31 därmed
963 1301 179 37 jämförlig
1167 1302 131 37 åtgärd,
1325 1304 120 31 såvida
1471 1305 165 37 åtgärden
1662 1316 132 28 uppen-

290 1345 154 38 barligen
465 1348 41 30 är
528 1357 43 21 av
593 1348 245 33 beskaffenhet
860 1354 49 27 att
933 1352 122 31 kunna
1078 1353 180 37 väsentligt
1282 1354 158 32 försvåra
1465 1356 175 31 områdets
1665 1358 128 30 använ-

290 1396 113 32 dande
429 1398 56 30 för
509 1402 110 27 avsett
644 1400 174 31 ändamål.
869 1401 227 32 Beträffande
1120 1403 152 37 område,
1298 1404 56 31 för
1380 1406 105 31 vilket
1510 1407 76 31 icke
1612 1408 181 31 fastställts

290 1448 179 36 stadsplan
492 1449 83 30 eller
598 1450 185 37 stomplan,
807 1451 115 32 finnes
945 1453 77 30 icke
1045 1452 114 38 någon
1184 1457 244 30 motsvarande
1451 1457 252 32 bestämmelse.

335 1492 224 38 Önskemålet
579 1503 49 28 att
646 1504 47 27 ett
713 1501 174 32 tillämnat
905 1504 182 31 ordnande
1105 1514 43 21 av
1166 1505 228 37 bebyggelsen
1412 1507 76 31 icke
1509 1509 89 30 skall
1617 1508 176 32 försvåras

289 1556 124 28 genom
433 1551 190 36 olämpliga
641 1551 160 37 åtgärder
818 1553 65 30 har
903 1555 190 30 emellertid
1112 1555 11 30 i
1142 1559 107 27 annat
1269 1558 168 30 avseende
1458 1558 227 37 tillgodosetts
1705 1560 87 30 även

290 1600 67 29 vad
374 1600 107 37 angår
497 1601 92 31 vissa
607 1602 167 31 områden
791 1613 43 21 av
850 1603 217 33 sistnämnda
1084 1606 81 36 slag.
1207 1607 211 37 Principiellt
1435 1609 107 36 gäller
1558 1609 147 32 sålunda
1722 1611 70 30 för-

288 1649 73 31 bud
382 1654 72 27 mot
475 1652 211 39 nybyggnad
709 1653 11 30 i
742 1654 85 30 strid
851 1654 31 36 ej
905 1655 88 31 blott
1017 1659 74 27 mot
1114 1656 173 32 fastställd
1309 1659 179 36 stadsplan
1511 1660 83 30 eller
1617 1662 175 35 stomplan

287 1702 84 28 utan
393 1702 86 30 även
501 1705 74 27 mot
596 1704 470 37 utomplansbestämmelser,
1090 1715 75 21 som
1188 1706 180 32 fastställts
1381 1708 56 31 för
1450 1710 76 30 stad
1539 1711 82 30 eller
1634 1712 160 30 stadslik-

288 1752 114 30 nande
421 1753 188 31 samhälles
629 1754 268 38 ytterområden.
941 1756 227 32 Beträffande
1189 1758 66 30 den
1277 1759 168 37 egentliga
1464 1761 239 39 landsbygden
1724 1762 66 30 fin-

287 1810 61 22 nes
368 1804 245 30 motsvarande
635 1804 127 31 förbud
783 1809 73 27 mot
876 1806 210 37 nybyggnad
1104 1808 12 30 i
1137 1808 86 30 strid
1242 1812 72 27 mot
1333 1809 176 32 fastställd
1527 1812 264 37 byggnadsplan

288 1852 83 30 eller
396 1856 72 28 mot
495 1854 197 32 fastställda
718 1856 472 36 utomplansbestämmelser.
1217 1876 46 4 —
1289 1859 118 32 Redan
1435 1864 49 28 ett
1512 1862 172 31 tillämnat
1712 1864 78 30 ord-

287 1904 114 29 nande
418 1913 42 21 av
476 1904 228 37 bebyggelsen
723 1906 96 30 inom
837 1909 46 28 ett
901 1907 144 32 område
1063 1909 71 30 kan
1151 1909 181 32 föranleda
1348 1912 235 35 uppkomsten
1601 1923 42 20 av
1661 1913 129 31 förbud

286 1956 73 27 mot
383 1954 209 39 nybyggnad
613 1955 95 31 inom
731 1956 167 31 området.
945 1958 74 30 Har
1044 1958 99 37 fråga
1165 1960 223 36 uppkommit
1409 1971 58 21 om
1489 1962 165 32 bildande
1678 1974 42 21 av
1743 1967 47 28 ett

286 2004 361 37 municipalsamhälle
665 2006 56 30 för
738 2008 108 35 sagda
863 2008 175 37 ändamål,
1058 2010 81 35 äger
1156 2009 147 32 sålunda
1321 2011 245 37 länsstyrelsen
1585 2014 11 29 i
1615 2015 174 30 avvaktan

285 2054 47 36 på
351 2054 140 38 frågans
510 2056 139 37 slutliga
666 2058 198 36 avgörande
882 2059 142 31 utfärda
1042 2059 128 31 förbud
1188 2063 49 28 att
1254 2064 85 28 utan
1359 2063 139 31 särskilt
1516 2064 156 31 tillstånd
1690 2066 98 29 verk-

285 2105 101 32 ställa
410 2107 209 39 nybyggnad
642 2107 95 31 inom
762 2108 157 31 området
943 2109 56 31 för
1024 2111 56 30 det
1104 2110 161 32 blivande
1289 2113 385 36 municipalsamhället.
1724 2116 65 30 Det

286 2157 206 31 ankommer
508 2158 107 31 sedan
632 2157 45 37 på
693 2159 123 36 Kungl.
835 2159 101 37 Maj:t
954 2163 49 28 att
1021 2161 58 30 vid
1095 2161 141 36 frågans
1255 2164 196 35 avgörande
1467 2165 159 31 meddela
1643 2166 56 31 det
1718 2166 69 31 för-

284 2207 71 30 bud
371 2211 72 27 mot
460 2209 210 36 nybyggnad
687 2210 96 29 inom
803 2213 107 33 orten,
929 2220 76 21 som
1022 2211 197 32 föranledes
1237 2222 42 21 av
1296 2215 350 36 omständigheterna.
1688 2218 99 29 Inom

284 2258 76 30 stad
382 2259 82 30 eller
485 2260 262 30 stadsliknande
770 2261 168 30 samhälle
961 2262 71 30 kan
1058 2262 128 31 förbud
1208 2267 72 27 mot
1302 2265 209 38 nybyggnad
1535 2268 164 30 utverkas
1723 2269 65 29 hos

283 2308 245 37 länsstyrelsen
553 2310 37 31 så
615 2313 95 28 snart
734 2310 131 38 förslag
888 2312 119 31 väckts
1032 2322 58 20 om
1116 2315 194 35 antagande
1334 2316 82 29 eller
1438 2316 148 38 ändring
1610 2328 42 20 av
1677 2319 108 30 stads-

282 2360 93 35 plan,
399 2361 175 35 stomplan
597 2361 81 30 eller
699 2362 464 36 utomplansbestämmelser
1185 2364 56 30 för
1264 2365 83 31 visst
1370 2366 152 31 område.
1569 2368 218 37 Antagandet

283 2420 43 20 av
348 2414 47 27 ett
419 2412 112 35 dylikt
555 2412 129 37 förslag
705 2412 139 31 medför
866 2414 86 29 även
976 2413 129 32 förbud
1128 2418 72 27 mot
1223 2416 208 37 nybyggnad
1453 2420 86 28 utan
1562 2419 156 31 tillstånd
1743 2429 43 21 av

281 2461 259 40 länsstyrelsen;
562 2462 161 31 förbudet
743 2464 107 35 gäller
869 2463 51 31 till
941 2465 78 30 dess
1040 2464 124 37 frågan
1184 2475 58 21 om
1264 2466 181 38 förslagets
1466 2468 220 33 fastställelse
1706 2472 78 34 prö-

282 2515 84 28 vats.
411 2512 74 31 Vad
508 2513 109 37 angår
639 2514 66 30 den
727 2514 168 37 egentliga
918 2514 239 40 landsbygden
1179 2516 70 31 kan
1269 2517 255 40 länsstyrelsen,
1546 2519 46 32 då
1612 2520 99 37 fråga
1733 2521 51 30 fö-
