<?xml version="1.0" encoding="UTF-8"?>
<alto xmlns="http://www.loc.gov/standards/alto/ns-v3#" xmlns:xlink="http://www.w3.org/1999/xlink" xmlns:xsi="http://www.w3.org/2001/XMLSchema-instance" xsi:schemaLocation="http://www.loc.gov/standards/alto/ns-v3# http://www.loc.gov/alto/v3/alto-3-0.xsd">
	<Description>
		<MeasurementUnit>pixel</MeasurementUnit>
		<sourceImageInformation>
			<fileName>/tmp/tess_byxp67i6_input.PNG</fileName>
		</sourceImageInformation>
		<OCRProcessing ID="OCR_0">
			<ocrProcessingStep>
				<processingSoftware>
					<softwareName>tesseract 5.3.0</softwareName>
				</processingSoftware>
			</ocrProcessingStep>
		</OCRProcessing>
	</Description>
	<Layout>
		<Page WIDTH="2300" HEIGHT="2730" PHYSICAL_IMG_NR="0" ID="page_0">
			<PrintSpace HPOS="0" VPOS="0" WIDTH="2300" HEIGHT="2730">
				<ComposedBlock ID="cblock_0" HPOS="509" VPOS="165" WIDTH="1291" HEIGHT="40">
					<TextBlock ID="block_0" HPOS="509" VPOS="165" WIDTH="1291" HEIGHT="40">
						<TextLine ID="line_0" HPOS="509" VPOS="165" WIDTH="1291" HEIGHT="40">
							<String ID="string_0" HPOS="509" VPOS="176" WIDTH="32" HEIGHT="25" WC="0.89" CONTENT="12"/><SP WIDTH="190" VPOS="176" HPOS="541"/>
							<String ID="string_1" HPOS="731" VPOS="170" WIDTH="99" HEIGHT="28" WC="0.95" CONTENT="Andra"/><SP WIDTH="28" VPOS="170" HPOS="830"/>
							<String ID="string_2" HPOS="858" VPOS="169" WIDTH="176" HEIGHT="28" WC="0.91" CONTENT="Kammarens"/><SP WIDTH="26" VPOS="169" HPOS="1034"/>
							<String ID="string_3" HPOS="1060" VPOS="168" WIDTH="154" HEIGHT="37" WC="0.77" CONTENT="Tilljälliga"/><SP WIDTH="26" VPOS="168" HPOS="1214"/>
							<String ID="string_4" HPOS="1240" VPOS="168" WIDTH="118" HEIGHT="27" WC="0.51" CONTENT="Utskotts"/><SP WIDTH="22" VPOS="168" HPOS="1358"/>
							<String ID="string_5" HPOS="1380" VPOS="167" WIDTH="56" HEIGHT="28" WC="0.92" CONTENT="N:o"/><SP WIDTH="22" VPOS="167" HPOS="1436"/>
							<String ID="string_6" HPOS="1458" VPOS="167" WIDTH="21" HEIGHT="28" WC="0.91" CONTENT="6"/><SP WIDTH="25" VPOS="167" HPOS="1479"/>
							<String ID="string_7" HPOS="1504" VPOS="168" WIDTH="147" HEIGHT="27" WC="0.95" CONTENT="Utlåtande"/><SP WIDTH="23" VPOS="168" HPOS="1651"/>
							<String ID="string_8" HPOS="1674" VPOS="168" WIDTH="54" HEIGHT="27" WC="0.96" CONTENT="N:o"/><SP WIDTH="22" VPOS="168" HPOS="1728"/>
							<String ID="string_9" HPOS="1750" VPOS="165" WIDTH="50" HEIGHT="30" WC="0.87" CONTENT="45."/>
						</TextLine>
					</TextBlock>
				</ComposedBlock>
				<ComposedBlock ID="cblock_1" HPOS="595" VPOS="252" WIDTH="1478" HEIGHT="53">
					<TextBlock ID="block_1" HPOS="595" VPOS="252" WIDTH="1478" HEIGHT="53">
						<TextLine ID="line_1" HPOS="595" VPOS="252" WIDTH="1478" HEIGHT="53">
							<String ID="string_10" HPOS="595" VPOS="257" WIDTH="57" HEIGHT="36" WC="0.96" CONTENT="Då"/><SP WIDTH="27" VPOS="257" HPOS="652"/>
							<String ID="string_11" HPOS="679" VPOS="257" WIDTH="61" HEIGHT="48" WC="0.96" CONTENT="jag"/><SP WIDTH="32" VPOS="257" HPOS="740"/>
							<String ID="string_12" HPOS="772" VPOS="257" WIDTH="105" HEIGHT="46" WC="0.96" CONTENT="vågat"/><SP WIDTH="30" VPOS="257" HPOS="877"/>
							<String ID="string_13" HPOS="907" VPOS="254" WIDTH="141" HEIGHT="40" WC="0.96" CONTENT="föreslå,"/><SP WIDTH="29" VPOS="254" HPOS="1048"/>
							<String ID="string_14" HPOS="1077" VPOS="260" WIDTH="48" HEIGHT="28" WC="0.96" CONTENT="att"/><SP WIDTH="29" VPOS="260" HPOS="1125"/>
							<String ID="string_15" HPOS="1154" VPOS="252" WIDTH="162" HEIGHT="49" WC="0.96" CONTENT="Sveriges"/><SP WIDTH="28" VPOS="252" HPOS="1316"/>
							<String ID="string_16" HPOS="1344" VPOS="252" WIDTH="181" HEIGHT="48" WC="0.72" CONTENT="Regering"/><SP WIDTH="28" VPOS="252" HPOS="1525"/>
							<String ID="string_17" HPOS="1553" VPOS="252" WIDTH="113" HEIGHT="36" WC="0.96" CONTENT="skulle"/><SP WIDTH="28" VPOS="252" HPOS="1666"/>
							<String ID="string_18" HPOS="1694" VPOS="259" WIDTH="81" HEIGHT="40" WC="0.96" CONTENT="taga"/><SP WIDTH="28" VPOS="259" HPOS="1775"/>
							<String ID="string_19" HPOS="1803" VPOS="252" WIDTH="189" HEIGHT="36" WC="0.95" CONTENT="initiativet"/><SP WIDTH="27" VPOS="252" HPOS="1992"/>
							<String ID="string_20" HPOS="2019" VPOS="253" WIDTH="54" HEIGHT="35" WC="0.95" CONTENT="till"/>
						</TextLine>
					</TextBlock>
				</ComposedBlock>
				<ComposedBlock ID="cblock_2" HPOS="460" VPOS="299" WIDTH="1614" HEIGHT="1439">
					<TextBlock ID="block_2" HPOS="460" VPOS="299" WIDTH="1613" HEIGHT="620">
						<TextLine ID="line_2" HPOS="461" VPOS="299" WIDTH="1612" HEIGHT="56">
							<String ID="string_21" HPOS="461" VPOS="323" WIDTH="44" HEIGHT="23" WC="0.96" CONTENT="en"/><SP WIDTH="27" VPOS="323" HPOS="505"/>
							<String ID="string_22" HPOS="532" VPOS="308" WIDTH="262" HEIGHT="47" WC="0.96" CONTENT="framställning"/><SP WIDTH="29" VPOS="308" HPOS="794"/>
							<String ID="string_23" HPOS="823" VPOS="320" WIDTH="58" HEIGHT="22" WC="0.94" CONTENT="om"/><SP WIDTH="30" VPOS="320" HPOS="881"/>
							<String ID="string_24" HPOS="911" VPOS="307" WIDTH="132" HEIGHT="34" WC="0.93" CONTENT="allmän"/><SP WIDTH="30" VPOS="307" HPOS="1043"/>
							<String ID="string_25" HPOS="1073" VPOS="305" WIDTH="201" HEIGHT="48" WC="0.91" CONTENT="afväpning,"/><SP WIDTH="27" VPOS="305" HPOS="1274"/>
							<String ID="string_26" HPOS="1301" VPOS="305" WIDTH="112" HEIGHT="48" WC="0.93" CONTENT="ligger"/><SP WIDTH="28" VPOS="305" HPOS="1413"/>
							<String ID="string_27" HPOS="1441" VPOS="305" WIDTH="74" HEIGHT="34" WC="0.92" CONTENT="deri"/><SP WIDTH="28" VPOS="305" HPOS="1515"/>
							<String ID="string_28" HPOS="1543" VPOS="311" WIDTH="84" HEIGHT="28" WC="0.93" CONTENT="utan"/><SP WIDTH="27" VPOS="311" HPOS="1627"/>
							<String ID="string_29" HPOS="1654" VPOS="299" WIDTH="119" HEIGHT="41" WC="0.92" CONTENT="tvifvel"/><SP WIDTH="29" VPOS="299" HPOS="1773"/>
							<String ID="string_30" HPOS="1802" VPOS="318" WIDTH="42" HEIGHT="22" WC="0.96" CONTENT="en"/><SP WIDTH="30" VPOS="318" HPOS="1844"/>
							<String ID="string_31" HPOS="1874" VPOS="305" WIDTH="70" HEIGHT="48" WC="0.96" CONTENT="hög"/><SP WIDTH="23" VPOS="305" HPOS="1944"/>
							<String ID="string_32" HPOS="1967" VPOS="305" WIDTH="106" HEIGHT="35" WC="0.95" CONTENT="tanke"/>
						</TextLine>
						<TextLine ID="line_3" HPOS="463" VPOS="357" WIDTH="1609" HEIGHT="48">
							<String ID="string_33" HPOS="463" VPOS="376" WIDTH="58" HEIGHT="22" WC="0.95" CONTENT="om"/><SP WIDTH="29" VPOS="376" HPOS="521"/>
							<String ID="string_34" HPOS="550" VPOS="362" WIDTH="157" HEIGHT="36" WC="0.95" CONTENT="Svenska"/><SP WIDTH="25" VPOS="362" HPOS="707"/>
							<String ID="string_35" HPOS="732" VPOS="360" WIDTH="113" HEIGHT="35" WC="0.96" CONTENT="folket"/><SP WIDTH="27" VPOS="360" HPOS="845"/>
							<String ID="string_36" HPOS="872" VPOS="359" WIDTH="66" HEIGHT="35" WC="0.96" CONTENT="och"/><SP WIDTH="33" VPOS="359" HPOS="938"/>
							<String ID="string_37" HPOS="971" VPOS="359" WIDTH="80" HEIGHT="34" WC="0.96" CONTENT="dess"/><SP WIDTH="30" VPOS="359" HPOS="1051"/>
							<String ID="string_38" HPOS="1081" VPOS="357" WIDTH="187" HEIGHT="48" WC="0.80" CONTENT="Regering."/><SP WIDTH="55" VPOS="357" HPOS="1268"/>
							<String ID="string_39" HPOS="1323" VPOS="357" WIDTH="186" HEIGHT="35" WC="0.68" CONTENT="Måhända"/><SP WIDTH="27" VPOS="357" HPOS="1509"/>
							<String ID="string_40" HPOS="1536" VPOS="357" WIDTH="64" HEIGHT="34" WC="0.96" CONTENT="har"/><SP WIDTH="22" VPOS="357" HPOS="1600"/>
							<String ID="string_41" HPOS="1622" VPOS="357" WIDTH="60" HEIGHT="48" WC="0.93" CONTENT="jag"/><SP WIDTH="29" VPOS="357" HPOS="1682"/>
							<String ID="string_42" HPOS="1711" VPOS="357" WIDTH="228" HEIGHT="35" WC="0.90" CONTENT="öfverskattat"/><SP WIDTH="22" VPOS="357" HPOS="1939"/>
							<String ID="string_43" HPOS="1961" VPOS="358" WIDTH="111" HEIGHT="35" WC="0.96" CONTENT="bådas"/>
						</TextLine>
						<TextLine ID="line_4" HPOS="460" VPOS="409" WIDTH="1613" HEIGHT="53">
							<String ID="string_44" HPOS="460" VPOS="415" WIDTH="194" HEIGHT="47" WC="0.96" CONTENT="inflytande"/><SP WIDTH="27" VPOS="415" HPOS="654"/>
							<String ID="string_45" HPOS="681" VPOS="415" WIDTH="48" HEIGHT="46" WC="0.96" CONTENT="på"/><SP WIDTH="28" VPOS="415" HPOS="729"/>
							<String ID="string_46" HPOS="757" VPOS="413" WIDTH="42" HEIGHT="34" WC="0.96" CONTENT="de"/><SP WIDTH="29" VPOS="413" HPOS="799"/>
							<String ID="string_47" HPOS="828" VPOS="411" WIDTH="221" HEIGHT="48" WC="0.86" CONTENT="Europeiska"/><SP WIDTH="28" VPOS="411" HPOS="1049"/>
							<String ID="string_48" HPOS="1077" VPOS="417" WIDTH="171" HEIGHT="28" WC="0.96" CONTENT="staternas"/><SP WIDTH="18" VPOS="417" HPOS="1248"/>
							<String ID="string_49" HPOS="1266" VPOS="409" WIDTH="151" HEIGHT="48" WC="0.96" CONTENT="rådslag,"/><SP WIDTH="21" VPOS="409" HPOS="1417"/>
							<String ID="string_50" HPOS="1438" VPOS="422" WIDTH="82" HEIGHT="22" WC="0.96" CONTENT="men"/><SP WIDTH="19" VPOS="422" HPOS="1520"/>
							<String ID="string_51" HPOS="1539" VPOS="409" WIDTH="109" HEIGHT="35" WC="0.96" CONTENT="likväl"/><SP WIDTH="19" VPOS="409" HPOS="1648"/>
							<String ID="string_52" HPOS="1667" VPOS="409" WIDTH="64" HEIGHT="35" WC="0.96" CONTENT="bör"/><SP WIDTH="20" VPOS="409" HPOS="1731"/>
							<String ID="string_53" HPOS="1751" VPOS="410" WIDTH="95" HEIGHT="34" WC="0.96" CONTENT="detta"/><SP WIDTH="18" VPOS="410" HPOS="1846"/>
							<String ID="string_54" HPOS="1864" VPOS="409" WIDTH="77" HEIGHT="35" WC="0.96" CONTENT="icke"/><SP WIDTH="20" VPOS="409" HPOS="1941"/>
							<String ID="string_55" HPOS="1961" VPOS="409" WIDTH="112" HEIGHT="35" WC="0.96" CONTENT="heller"/>
						</TextLine>
						<TextLine ID="line_5" HPOS="462" VPOS="460" WIDTH="1610" HEIGHT="54">
							<String ID="string_56" HPOS="462" VPOS="468" WIDTH="117" HEIGHT="36" WC="0.95" CONTENT="alltför"/><SP WIDTH="30" VPOS="468" HPOS="579"/>
							<String ID="string_57" HPOS="609" VPOS="465" WIDTH="142" HEIGHT="49" WC="0.95" CONTENT="mycket"/><SP WIDTH="35" VPOS="465" HPOS="751"/>
							<String ID="string_58" HPOS="786" VPOS="463" WIDTH="258" HEIGHT="36" WC="0.90" CONTENT="underskattas."/><SP WIDTH="55" VPOS="463" HPOS="1044"/>
							<String ID="string_59" HPOS="1099" VPOS="461" WIDTH="71" HEIGHT="36" WC="0.95" CONTENT="Det"/><SP WIDTH="29" VPOS="461" HPOS="1170"/>
							<String ID="string_60" HPOS="1199" VPOS="467" WIDTH="38" HEIGHT="29" WC="0.96" CONTENT="är"/><SP WIDTH="28" VPOS="467" HPOS="1237"/>
							<String ID="string_61" HPOS="1265" VPOS="475" WIDTH="44" HEIGHT="21" WC="0.97" CONTENT="en"/><SP WIDTH="28" VPOS="475" HPOS="1309"/>
							<String ID="string_62" HPOS="1337" VPOS="461" WIDTH="122" HEIGHT="35" WC="0.96" CONTENT="nation"/><SP WIDTH="29" VPOS="461" HPOS="1459"/>
							<String ID="string_63" HPOS="1488" VPOS="462" WIDTH="117" HEIGHT="34" WC="0.96" CONTENT="såsom"/><SP WIDTH="32" VPOS="462" HPOS="1605"/>
							<String ID="string_64" HPOS="1637" VPOS="462" WIDTH="68" HEIGHT="34" WC="0.96" CONTENT="den"/><SP WIDTH="27" VPOS="462" HPOS="1705"/>
							<String ID="string_65" HPOS="1732" VPOS="460" WIDTH="168" HEIGHT="42" WC="0.95" CONTENT="Svenska,"/><SP WIDTH="29" VPOS="460" HPOS="1900"/>
							<String ID="string_66" HPOS="1929" VPOS="461" WIDTH="143" HEIGHT="35" WC="0.96" CONTENT="hvilken"/>
						</TextLine>
						<TextLine ID="line_6" HPOS="460" VPOS="513" WIDTH="1613" HEIGHT="49">
							<String ID="string_67" HPOS="460" VPOS="520" WIDTH="192" HEIGHT="37" WC="0.92" CONTENT="förvärfvat"/><SP WIDTH="29" VPOS="520" HPOS="652"/>
							<String ID="string_68" HPOS="681" VPOS="524" WIDTH="48" HEIGHT="29" WC="0.96" CONTENT="ett"/><SP WIDTH="27" VPOS="524" HPOS="729"/>
							<String ID="string_69" HPOS="756" VPOS="516" WIDTH="186" HEIGHT="35" WC="0.96" CONTENT="historiskt"/><SP WIDTH="26" VPOS="516" HPOS="942"/>
							<String ID="string_70" HPOS="968" VPOS="528" WIDTH="109" HEIGHT="21" WC="0.92" CONTENT="namn"/><SP WIDTH="29" VPOS="528" HPOS="1077"/>
							<String ID="string_71" HPOS="1106" VPOS="527" WIDTH="130" HEIGHT="35" WC="0.96" CONTENT="genom"/><SP WIDTH="28" VPOS="527" HPOS="1236"/>
							<String ID="string_72" HPOS="1264" VPOS="514" WIDTH="76" HEIGHT="35" WC="0.96" CONTENT="sina"/><SP WIDTH="28" VPOS="514" HPOS="1340"/>
							<String ID="string_73" HPOS="1368" VPOS="513" WIDTH="154" HEIGHT="48" WC="0.96" CONTENT="krigiska"/><SP WIDTH="29" VPOS="513" HPOS="1522"/>
							<String ID="string_74" HPOS="1551" VPOS="513" WIDTH="158" HEIGHT="48" WC="0.95" CONTENT="bragder,"/><SP WIDTH="29" VPOS="513" HPOS="1709"/>
							<String ID="string_75" HPOS="1738" VPOS="514" WIDTH="82" HEIGHT="34" WC="0.96" CONTENT="fullt"/><SP WIDTH="26" VPOS="514" HPOS="1820"/>
							<String ID="string_76" HPOS="1846" VPOS="514" WIDTH="148" HEIGHT="47" WC="0.94" CONTENT="värdigt,"/><SP WIDTH="28" VPOS="514" HPOS="1994"/>
							<String ID="string_77" HPOS="2022" VPOS="519" WIDTH="51" HEIGHT="29" WC="0.96" CONTENT="att"/>
						</TextLine>
						<TextLine ID="line_7" HPOS="460" VPOS="565" WIDTH="1611" HEIGHT="55">
							<String ID="string_78" HPOS="460" VPOS="587" WIDTH="48" HEIGHT="21" WC="0.96" CONTENT="nu"/><SP WIDTH="29" VPOS="587" HPOS="508"/>
							<String ID="string_79" HPOS="537" VPOS="578" WIDTH="84" HEIGHT="42" WC="0.96" CONTENT="göra"/><SP WIDTH="28" VPOS="578" HPOS="621"/>
							<String ID="string_80" HPOS="649" VPOS="571" WIDTH="53" HEIGHT="47" WC="0.96" CONTENT="sig"/><SP WIDTH="26" VPOS="571" HPOS="702"/>
							<String ID="string_81" HPOS="728" VPOS="569" WIDTH="54" HEIGHT="35" WC="0.96" CONTENT="till"/><SP WIDTH="29" VPOS="569" HPOS="782"/>
							<String ID="string_82" HPOS="811" VPOS="568" WIDTH="123" HEIGHT="35" WC="0.95" CONTENT="bärare"/><SP WIDTH="29" VPOS="568" HPOS="934"/>
							<String ID="string_83" HPOS="963" VPOS="568" WIDTH="34" HEIGHT="33" WC="0.95" CONTENT="af"/><SP WIDTH="26" VPOS="568" HPOS="997"/>
							<String ID="string_84" HPOS="1023" VPOS="567" WIDTH="142" HEIGHT="34" WC="0.95" CONTENT="fredens"/><SP WIDTH="29" VPOS="567" HPOS="1165"/>
							<String ID="string_85" HPOS="1194" VPOS="565" WIDTH="70" HEIGHT="36" WC="0.96" CONTENT="idé:"/><SP WIDTH="30" VPOS="565" HPOS="1264"/>
							<String ID="string_86" HPOS="1294" VPOS="566" WIDTH="65" HEIGHT="34" WC="0.95" CONTENT="och"/><SP WIDTH="27" VPOS="566" HPOS="1359"/>
							<String ID="string_87" HPOS="1386" VPOS="565" WIDTH="87" HEIGHT="35" WC="0.96" CONTENT="visst"/><SP WIDTH="30" VPOS="565" HPOS="1473"/>
							<String ID="string_88" HPOS="1503" VPOS="571" WIDTH="48" HEIGHT="34" WC="0.96" CONTENT="är,"/><SP WIDTH="29" VPOS="571" HPOS="1551"/>
							<String ID="string_89" HPOS="1580" VPOS="572" WIDTH="50" HEIGHT="28" WC="0.96" CONTENT="att"/><SP WIDTH="19" VPOS="572" HPOS="1630"/>
							<String ID="string_90" HPOS="1649" VPOS="572" WIDTH="49" HEIGHT="28" WC="0.96" CONTENT="ett"/><SP WIDTH="18" VPOS="572" HPOS="1698"/>
							<String ID="string_91" HPOS="1716" VPOS="566" WIDTH="127" HEIGHT="34" WC="0.93" CONTENT="sådant"/><SP WIDTH="17" VPOS="566" HPOS="1843"/>
							<String ID="string_92" HPOS="1860" VPOS="565" WIDTH="211" HEIGHT="48" WC="0.89" CONTENT="handlings-"/>
						</TextLine>
						<TextLine ID="line_8" HPOS="461" VPOS="617" WIDTH="1610" HEIGHT="49">
							<String ID="string_93" HPOS="461" VPOS="631" WIDTH="72" HEIGHT="30" WC="0.96" CONTENT="sätt"/><SP WIDTH="26" VPOS="631" HPOS="533"/>
							<String ID="string_94" HPOS="559" VPOS="624" WIDTH="81" HEIGHT="35" WC="0.96" CONTENT="från"/><SP WIDTH="26" VPOS="624" HPOS="640"/>
							<String ID="string_95" HPOS="666" VPOS="624" WIDTH="61" HEIGHT="34" WC="0.96" CONTENT="vår"/><SP WIDTH="27" VPOS="624" HPOS="727"/>
							<String ID="string_96" HPOS="754" VPOS="620" WIDTH="77" HEIGHT="36" WC="0.96" CONTENT="sida"/><SP WIDTH="27" VPOS="620" HPOS="831"/>
							<String ID="string_97" HPOS="858" VPOS="619" WIDTH="113" HEIGHT="36" WC="0.96" CONTENT="skulle"/><SP WIDTH="30" VPOS="619" HPOS="971"/>
							<String ID="string_98" HPOS="1001" VPOS="619" WIDTH="65" HEIGHT="35" WC="0.96" CONTENT="hos"/><SP WIDTH="29" VPOS="619" HPOS="1066"/>
							<String ID="string_99" HPOS="1095" VPOS="620" WIDTH="129" HEIGHT="46" WC="0.96" CONTENT="många"/><SP WIDTH="27" VPOS="620" HPOS="1224"/>
							<String ID="string_100" HPOS="1251" VPOS="618" WIDTH="84" HEIGHT="40" WC="0.95" CONTENT="folk,"/><SP WIDTH="30" VPOS="618" HPOS="1335"/>
							<String ID="string_101" HPOS="1365" VPOS="631" WIDTH="58" HEIGHT="21" WC="0.96" CONTENT="om"/><SP WIDTH="28" VPOS="631" HPOS="1423"/>
							<String ID="string_102" HPOS="1451" VPOS="618" WIDTH="107" HEIGHT="35" WC="0.96" CONTENT="också"/><SP WIDTH="27" VPOS="618" HPOS="1558"/>
							<String ID="string_103" HPOS="1585" VPOS="617" WIDTH="77" HEIGHT="36" WC="0.96" CONTENT="icke"/><SP WIDTH="29" VPOS="617" HPOS="1662"/>
							<String ID="string_104" HPOS="1691" VPOS="617" WIDTH="63" HEIGHT="36" WC="0.96" CONTENT="hos"/><SP WIDTH="30" VPOS="617" HPOS="1754"/>
							<String ID="string_105" HPOS="1784" VPOS="618" WIDTH="100" HEIGHT="35" WC="0.93" CONTENT="deras"/><SP WIDTH="29" VPOS="618" HPOS="1884"/>
							<String ID="string_106" HPOS="1913" VPOS="617" WIDTH="158" HEIGHT="48" WC="0.89" CONTENT="regerin-"/>
						</TextLine>
						<TextLine ID="line_9" HPOS="460" VPOS="669" WIDTH="1612" HEIGHT="57">
							<String ID="string_107" HPOS="460" VPOS="690" WIDTH="71" HEIGHT="36" WC="0.95" CONTENT="gar,"/><SP WIDTH="31" VPOS="690" HPOS="531"/>
							<String ID="string_108" HPOS="562" VPOS="682" WIDTH="96" HEIGHT="29" WC="0.96" CONTENT="möta"/><SP WIDTH="31" VPOS="682" HPOS="658"/>
							<String ID="string_109" HPOS="689" VPOS="685" WIDTH="118" HEIGHT="24" WC="0.95" CONTENT="varma"/><SP WIDTH="32" VPOS="685" HPOS="807"/>
							<String ID="string_110" HPOS="839" VPOS="672" WIDTH="203" HEIGHT="47" WC="0.94" CONTENT="sympatier."/><SP WIDTH="50" VPOS="672" HPOS="1042"/>
							<String ID="string_111" HPOS="1092" VPOS="670" WIDTH="72" HEIGHT="35" WC="0.96" CONTENT="Det"/><SP WIDTH="33" VPOS="670" HPOS="1164"/>
							<String ID="string_112" HPOS="1197" VPOS="683" WIDTH="110" HEIGHT="22" WC="0.95" CONTENT="sanna"/><SP WIDTH="32" VPOS="683" HPOS="1307"/>
							<String ID="string_113" HPOS="1339" VPOS="670" WIDTH="65" HEIGHT="35" WC="0.96" CONTENT="och"/><SP WIDTH="31" VPOS="670" HPOS="1404"/>
							<String ID="string_114" HPOS="1435" VPOS="669" WIDTH="80" HEIGHT="35" WC="0.96" CONTENT="ädla"/><SP WIDTH="28" VPOS="669" HPOS="1515"/>
							<String ID="string_115" HPOS="1543" VPOS="670" WIDTH="63" HEIGHT="34" WC="0.96" CONTENT="har"/><SP WIDTH="30" VPOS="670" HPOS="1606"/>
							<String ID="string_116" HPOS="1636" VPOS="670" WIDTH="58" HEIGHT="34" WC="0.96" CONTENT="det"/><SP WIDTH="27" VPOS="670" HPOS="1694"/>
							<String ID="string_117" HPOS="1721" VPOS="670" WIDTH="188" HEIGHT="41" WC="0.96" CONTENT="företräde,"/><SP WIDTH="29" VPOS="670" HPOS="1909"/>
							<String ID="string_118" HPOS="1938" VPOS="676" WIDTH="51" HEIGHT="28" WC="0.96" CONTENT="att"/><SP WIDTH="25" VPOS="676" HPOS="1989"/>
							<String ID="string_119" HPOS="2014" VPOS="670" WIDTH="58" HEIGHT="34" WC="0.96" CONTENT="det"/>
						</TextLine>
						<TextLine ID="line_10" HPOS="461" VPOS="721" WIDTH="1612" HEIGHT="55">
							<String ID="string_120" HPOS="461" VPOS="737" WIDTH="63" HEIGHT="39" WC="0.96" CONTENT="gör"/><SP WIDTH="26" VPOS="737" HPOS="524"/>
							<String ID="string_121" HPOS="550" VPOS="729" WIDTH="53" HEIGHT="46" WC="0.95" CONTENT="sig"/><SP WIDTH="27" VPOS="729" HPOS="603"/>
							<String ID="string_122" HPOS="630" VPOS="726" WIDTH="165" HEIGHT="49" WC="0.96" CONTENT="gällande"/><SP WIDTH="30" VPOS="726" HPOS="795"/>
							<String ID="string_123" HPOS="825" VPOS="725" WIDTH="103" HEIGHT="34" WC="0.96" CONTENT="äfven"/><SP WIDTH="28" VPOS="725" HPOS="928"/>
							<String ID="string_124" HPOS="956" VPOS="724" WIDTH="82" HEIGHT="34" WC="0.96" CONTENT="med"/><SP WIDTH="28" VPOS="724" HPOS="1038"/>
							<String ID="string_125" HPOS="1066" VPOS="723" WIDTH="10" HEIGHT="34" WC="0.96" CONTENT="i"/><SP WIDTH="27" VPOS="723" HPOS="1076"/>
							<String ID="string_126" HPOS="1103" VPOS="729" WIDTH="91" HEIGHT="41" WC="0.96" CONTENT="yttre"/><SP WIDTH="28" VPOS="729" HPOS="1194"/>
							<String ID="string_127" HPOS="1222" VPOS="722" WIDTH="205" HEIGHT="35" WC="0.96" CONTENT="hänseende"/><SP WIDTH="29" VPOS="722" HPOS="1427"/>
							<String ID="string_128" HPOS="1456" VPOS="735" WIDTH="103" HEIGHT="34" WC="0.93" CONTENT="svaga"/><SP WIDTH="28" VPOS="735" HPOS="1559"/>
							<String ID="string_129" HPOS="1587" VPOS="722" WIDTH="188" HEIGHT="35" WC="0.88" CONTENT="målsmän."/><SP WIDTH="41" VPOS="722" HPOS="1775"/>
							<String ID="string_130" HPOS="1816" VPOS="721" WIDTH="87" HEIGHT="36" WC="0.96" CONTENT="Men"/><SP WIDTH="27" VPOS="721" HPOS="1903"/>
							<String ID="string_131" HPOS="1930" VPOS="727" WIDTH="66" HEIGHT="30" WC="0.96" CONTENT="när"/><SP WIDTH="28" VPOS="727" HPOS="1996"/>
							<String ID="string_132" HPOS="2024" VPOS="728" WIDTH="49" HEIGHT="28" WC="0.96" CONTENT="ett"/>
						</TextLine>
						<TextLine ID="line_11" HPOS="460" VPOS="773" WIDTH="1613" HEIGHT="51">
							<String ID="string_133" HPOS="460" VPOS="781" WIDTH="76" HEIGHT="33" WC="0.96" CONTENT="helt"/><SP WIDTH="30" VPOS="781" HPOS="536"/>
							<String ID="string_134" HPOS="566" VPOS="779" WIDTH="75" HEIGHT="34" WC="0.96" CONTENT="folk"/><SP WIDTH="32" VPOS="779" HPOS="641"/>
							<String ID="string_135" HPOS="673" VPOS="784" WIDTH="61" HEIGHT="40" WC="0.96" CONTENT="gör"/><SP WIDTH="36" VPOS="784" HPOS="734"/>
							<String ID="string_136" HPOS="770" VPOS="776" WIDTH="54" HEIGHT="46" WC="0.96" CONTENT="sig"/><SP WIDTH="26" VPOS="776" HPOS="824"/>
							<String ID="string_137" HPOS="850" VPOS="775" WIDTH="54" HEIGHT="33" WC="0.96" CONTENT="till"/><SP WIDTH="31" VPOS="775" HPOS="904"/>
							<String ID="string_138" HPOS="935" VPOS="775" WIDTH="79" HEIGHT="33" WC="0.96" CONTENT="dess"/><SP WIDTH="29" VPOS="775" HPOS="1014"/>
							<String ID="string_139" HPOS="1043" VPOS="774" WIDTH="186" HEIGHT="38" WC="0.96" CONTENT="målsman,"/><SP WIDTH="27" VPOS="774" HPOS="1229"/>
							<String ID="string_140" HPOS="1256" VPOS="776" WIDTH="40" HEIGHT="32" WC="0.96" CONTENT="så"/><SP WIDTH="29" VPOS="776" HPOS="1296"/>
							<String ID="string_141" HPOS="1325" VPOS="779" WIDTH="38" HEIGHT="28" WC="0.96" CONTENT="är"/><SP WIDTH="28" VPOS="779" HPOS="1363"/>
							<String ID="string_142" HPOS="1391" VPOS="774" WIDTH="95" HEIGHT="33" WC="0.95" CONTENT="detta"/><SP WIDTH="26" VPOS="774" HPOS="1486"/>
							<String ID="string_143" HPOS="1512" VPOS="774" WIDTH="75" HEIGHT="33" WC="0.96" CONTENT="folk"/><SP WIDTH="29" VPOS="774" HPOS="1587"/>
							<String ID="string_144" HPOS="1616" VPOS="774" WIDTH="77" HEIGHT="33" WC="0.96" CONTENT="icke"/><SP WIDTH="27" VPOS="774" HPOS="1693"/>
							<String ID="string_145" HPOS="1720" VPOS="773" WIDTH="124" HEIGHT="46" WC="0.96" CONTENT="längre"/><SP WIDTH="29" VPOS="773" HPOS="1844"/>
							<String ID="string_146" HPOS="1873" VPOS="780" WIDTH="112" HEIGHT="39" WC="0.96" CONTENT="svagt;"/><SP WIDTH="29" VPOS="780" HPOS="1985"/>
							<String ID="string_147" HPOS="2014" VPOS="774" WIDTH="59" HEIGHT="32" WC="0.95" CONTENT="det"/>
						</TextLine>
						<TextLine ID="line_12" HPOS="460" VPOS="823" WIDTH="1613" HEIGHT="57">
							<String ID="string_148" HPOS="460" VPOS="832" WIDTH="99" HEIGHT="48" WC="0.96" CONTENT="höjer"/><SP WIDTH="28" VPOS="832" HPOS="559"/>
							<String ID="string_149" HPOS="587" VPOS="830" WIDTH="54" HEIGHT="48" WC="0.93" CONTENT="sig"/><SP WIDTH="26" VPOS="830" HPOS="641"/>
							<String ID="string_150" HPOS="667" VPOS="829" WIDTH="146" HEIGHT="36" WC="0.91" CONTENT="fastmer"/><SP WIDTH="26" VPOS="829" HPOS="813"/>
							<String ID="string_151" HPOS="839" VPOS="826" WIDTH="54" HEIGHT="35" WC="0.95" CONTENT="till"/><SP WIDTH="29" VPOS="826" HPOS="893"/>
							<String ID="string_152" HPOS="922" VPOS="839" WIDTH="42" HEIGHT="22" WC="0.82" CONTENT="en"/><SP WIDTH="29" VPOS="839" HPOS="964"/>
							<String ID="string_153" HPOS="993" VPOS="825" WIDTH="144" HEIGHT="41" WC="0.96" CONTENT="storhet,"/><SP WIDTH="29" VPOS="825" HPOS="1137"/>
							<String ID="string_154" HPOS="1166" VPOS="838" WIDTH="76" HEIGHT="23" WC="0.96" CONTENT="som"/><SP WIDTH="31" VPOS="838" HPOS="1242"/>
							<String ID="string_155" HPOS="1273" VPOS="830" WIDTH="38" HEIGHT="30" WC="0.96" CONTENT="är"/><SP WIDTH="27" VPOS="830" HPOS="1311"/>
							<String ID="string_156" HPOS="1338" VPOS="824" WIDTH="91" HEIGHT="35" WC="0.96" CONTENT="både"/><SP WIDTH="28" VPOS="824" HPOS="1429"/>
							<String ID="string_157" HPOS="1457" VPOS="824" WIDTH="108" HEIGHT="48" WC="0.96" CONTENT="högre"/><SP WIDTH="23" VPOS="824" HPOS="1565"/>
							<String ID="string_158" HPOS="1588" VPOS="824" WIDTH="65" HEIGHT="35" WC="0.91" CONTENT="och"/><SP WIDTH="20" VPOS="824" HPOS="1653"/>
							<String ID="string_159" HPOS="1673" VPOS="824" WIDTH="196" HEIGHT="48" WC="0.91" CONTENT="mägtigare"/><SP WIDTH="20" VPOS="824" HPOS="1869"/>
							<String ID="string_160" HPOS="1889" VPOS="829" WIDTH="46" HEIGHT="30" WC="0.96" CONTENT="än"/><SP WIDTH="19" VPOS="829" HPOS="1935"/>
							<String ID="string_161" HPOS="1954" VPOS="823" WIDTH="119" HEIGHT="49" WC="0.96" CONTENT="hvarje"/>
						</TextLine>
						<TextLine ID="line_13" HPOS="461" VPOS="896" WIDTH="127" HEIGHT="23">
							<String ID="string_162" HPOS="461" VPOS="896" WIDTH="127" HEIGHT="23" WC="0.95" CONTENT="annan."/>
						</TextLine>
					</TextBlock>
					<TextBlock ID="block_3" HPOS="461" VPOS="927" WIDTH="1613" HEIGHT="303">
						<TextLine ID="line_14" HPOS="596" VPOS="927" WIDTH="1477" HEIGHT="48">
							<String ID="string_163" HPOS="596" VPOS="934" WIDTH="54" HEIGHT="34" WC="0.96" CONTENT="En"/><SP WIDTH="27" VPOS="934" HPOS="650"/>
							<String ID="string_164" HPOS="677" VPOS="932" WIDTH="134" HEIGHT="39" WC="0.96" CONTENT="nation,"/><SP WIDTH="28" VPOS="932" HPOS="811"/>
							<String ID="string_165" HPOS="839" VPOS="930" WIDTH="112" HEIGHT="35" WC="0.96" CONTENT="sådan"/><SP WIDTH="28" VPOS="930" HPOS="951"/>
							<String ID="string_166" HPOS="979" VPOS="942" WIDTH="77" HEIGHT="22" WC="0.96" CONTENT="som"/><SP WIDTH="28" VPOS="942" HPOS="1056"/>
							<String ID="string_167" HPOS="1084" VPOS="930" WIDTH="69" HEIGHT="38" WC="0.96" CONTENT="vår,"/><SP WIDTH="29" VPOS="930" HPOS="1153"/>
							<String ID="string_168" HPOS="1182" VPOS="928" WIDTH="68" HEIGHT="35" WC="0.96" CONTENT="den"/><SP WIDTH="29" VPOS="928" HPOS="1250"/>
							<String ID="string_169" HPOS="1279" VPOS="928" WIDTH="61" HEIGHT="34" WC="0.96" CONTENT="der"/><SP WIDTH="27" VPOS="928" HPOS="1340"/>
							<String ID="string_170" HPOS="1367" VPOS="928" WIDTH="69" HEIGHT="34" WC="0.96" CONTENT="kan"/><SP WIDTH="29" VPOS="928" HPOS="1436"/>
							<String ID="string_171" HPOS="1465" VPOS="928" WIDTH="66" HEIGHT="34" WC="0.96" CONTENT="och"/><SP WIDTH="27" VPOS="928" HPOS="1531"/>
							<String ID="string_172" HPOS="1558" VPOS="927" WIDTH="61" HEIGHT="35" WC="0.96" CONTENT="vill"/><SP WIDTH="28" VPOS="927" HPOS="1619"/>
							<String ID="string_173" HPOS="1647" VPOS="928" WIDTH="96" HEIGHT="34" WC="0.96" CONTENT="inom"/><SP WIDTH="30" VPOS="928" HPOS="1743"/>
							<String ID="string_174" HPOS="1773" VPOS="935" WIDTH="96" HEIGHT="40" WC="0.93" CONTENT="egna"/><SP WIDTH="16" VPOS="935" HPOS="1869"/>
							<String ID="string_175" HPOS="1885" VPOS="927" WIDTH="188" HEIGHT="35" WC="0.84" CONTENT="landamä-"/>
						</TextLine>
						<TextLine ID="line_15" HPOS="461" VPOS="979" WIDTH="1612" HEIGHT="54">
							<String ID="string_176" HPOS="461" VPOS="1001" WIDTH="62" HEIGHT="22" WC="0.93" CONTENT="ren"/><SP WIDTH="27" VPOS="1001" HPOS="523"/>
							<String ID="string_177" HPOS="550" VPOS="986" WIDTH="171" HEIGHT="47" WC="0.91" CONTENT="betrygga"/><SP WIDTH="27" VPOS="986" HPOS="721"/>
							<String ID="string_178" HPOS="748" VPOS="984" WIDTH="61" HEIGHT="35" WC="0.96" CONTENT="sitt"/><SP WIDTH="29" VPOS="984" HPOS="809"/>
							<String ID="string_179" HPOS="838" VPOS="981" WIDTH="210" HEIGHT="40" WC="0.95" CONTENT="oberoende,"/><SP WIDTH="29" VPOS="981" HPOS="1048"/>
							<String ID="string_180" HPOS="1077" VPOS="981" WIDTH="69" HEIGHT="34" WC="0.96" CONTENT="kan"/><SP WIDTH="27" VPOS="981" HPOS="1146"/>
							<String ID="string_181" HPOS="1173" VPOS="980" WIDTH="77" HEIGHT="35" WC="0.96" CONTENT="icke"/><SP WIDTH="29" VPOS="980" HPOS="1250"/>
							<String ID="string_182" HPOS="1279" VPOS="979" WIDTH="214" HEIGHT="36" WC="0.96" CONTENT="misstänkas"/><SP WIDTH="28" VPOS="979" HPOS="1493"/>
							<String ID="string_183" HPOS="1521" VPOS="980" WIDTH="54" HEIGHT="35" WC="0.96" CONTENT="för"/><SP WIDTH="27" VPOS="980" HPOS="1575"/>
							<String ID="string_184" HPOS="1602" VPOS="986" WIDTH="50" HEIGHT="28" WC="0.96" CONTENT="att"/><SP WIDTH="23" VPOS="986" HPOS="1652"/>
							<String ID="string_185" HPOS="1675" VPOS="979" WIDTH="81" HEIGHT="49" WC="0.96" CONTENT="vilja"/><SP WIDTH="28" VPOS="979" HPOS="1756"/>
							<String ID="string_186" HPOS="1784" VPOS="979" WIDTH="177" HEIGHT="48" WC="0.91" CONTENT="nedlägga"/><SP WIDTH="26" VPOS="979" HPOS="1961"/>
							<String ID="string_187" HPOS="1987" VPOS="992" WIDTH="86" HEIGHT="35" WC="0.91" CONTENT="vap-"/>
						</TextLine>
						<TextLine ID="line_16" HPOS="461" VPOS="1031" WIDTH="1612" HEIGHT="53">
							<String ID="string_188" HPOS="461" VPOS="1052" WIDTH="70" HEIGHT="22" WC="0.96" CONTENT="nen"/><SP WIDTH="41" VPOS="1052" HPOS="531"/>
							<String ID="string_189" HPOS="572" VPOS="1038" WIDTH="34" HEIGHT="35" WC="0.95" CONTENT="af"/><SP WIDTH="39" VPOS="1038" HPOS="606"/>
							<String ID="string_190" HPOS="645" VPOS="1037" WIDTH="122" HEIGHT="47" WC="0.95" CONTENT="feghet"/><SP WIDTH="41" VPOS="1037" HPOS="767"/>
							<String ID="string_191" HPOS="808" VPOS="1034" WIDTH="84" HEIGHT="35" WC="0.94" CONTENT="eller"/><SP WIDTH="32" VPOS="1034" HPOS="892"/>
							<String ID="string_192" HPOS="924" VPOS="1033" WIDTH="154" HEIGHT="47" WC="0.94" CONTENT="svaghet."/><SP WIDTH="54" VPOS="1033" HPOS="1078"/>
							<String ID="string_193" HPOS="1132" VPOS="1032" WIDTH="88" HEIGHT="35" WC="0.96" CONTENT="Men"/><SP WIDTH="32" VPOS="1032" HPOS="1220"/>
							<String ID="string_194" HPOS="1252" VPOS="1032" WIDTH="71" HEIGHT="34" WC="0.96" CONTENT="hon"/><SP WIDTH="33" VPOS="1032" HPOS="1323"/>
							<String ID="string_195" HPOS="1356" VPOS="1032" WIDTH="178" HEIGHT="40" WC="0.95" CONTENT="förklarar,"/><SP WIDTH="38" VPOS="1032" HPOS="1534"/>
							<String ID="string_196" HPOS="1572" VPOS="1044" WIDTH="129" HEIGHT="35" WC="0.95" CONTENT="genom"/><SP WIDTH="29" VPOS="1044" HPOS="1701"/>
							<String ID="string_197" HPOS="1730" VPOS="1044" WIDTH="41" HEIGHT="22" WC="0.95" CONTENT="en"/><SP WIDTH="31" VPOS="1044" HPOS="1771"/>
							<String ID="string_198" HPOS="1802" VPOS="1038" WIDTH="108" HEIGHT="41" WC="0.96" CONTENT="öppet"/><SP WIDTH="28" VPOS="1038" HPOS="1910"/>
							<String ID="string_199" HPOS="1938" VPOS="1031" WIDTH="135" HEIGHT="35" WC="0.96" CONTENT="uttalad"/>
						</TextLine>
						<TextLine ID="line_17" HPOS="461" VPOS="1083" WIDTH="1613" HEIGHT="55">
							<String ID="string_200" HPOS="461" VPOS="1089" WIDTH="237" HEIGHT="49" WC="0.91" CONTENT="fredspolitik,"/><SP WIDTH="30" VPOS="1089" HPOS="698"/>
							<String ID="string_201" HPOS="728" VPOS="1095" WIDTH="49" HEIGHT="28" WC="0.96" CONTENT="att"/><SP WIDTH="27" VPOS="1095" HPOS="777"/>
							<String ID="string_202" HPOS="804" VPOS="1087" WIDTH="72" HEIGHT="34" WC="0.96" CONTENT="hon"/><SP WIDTH="27" VPOS="1087" HPOS="876"/>
							<String ID="string_203" HPOS="903" VPOS="1085" WIDTH="77" HEIGHT="35" WC="0.96" CONTENT="icke"/><SP WIDTH="28" VPOS="1085" HPOS="980"/>
							<String ID="string_204" HPOS="1008" VPOS="1084" WIDTH="59" HEIGHT="35" WC="0.95" CONTENT="vill"/><SP WIDTH="29" VPOS="1084" HPOS="1067"/>
							<String ID="string_205" HPOS="1096" VPOS="1084" WIDTH="142" HEIGHT="48" WC="0.96" CONTENT="angripa"/><SP WIDTH="30" VPOS="1084" HPOS="1238"/>
							<String ID="string_206" HPOS="1268" VPOS="1085" WIDTH="118" HEIGHT="46" WC="0.96" CONTENT="någon"/><SP WIDTH="24" VPOS="1085" HPOS="1386"/>
							<String ID="string_207" HPOS="1410" VPOS="1096" WIDTH="127" HEIGHT="28" WC="0.96" CONTENT="annan,"/><SP WIDTH="22" VPOS="1096" HPOS="1537"/>
							<String ID="string_208" HPOS="1559" VPOS="1084" WIDTH="66" HEIGHT="34" WC="0.93" CONTENT="och"/><SP WIDTH="18" VPOS="1084" HPOS="1625"/>
							<String ID="string_209" HPOS="1643" VPOS="1084" WIDTH="192" HEIGHT="35" WC="0.92" CONTENT="förvärfvar"/><SP WIDTH="18" VPOS="1084" HPOS="1835"/>
							<String ID="string_210" HPOS="1853" VPOS="1083" WIDTH="53" HEIGHT="48" WC="0.96" CONTENT="sig"/><SP WIDTH="18" VPOS="1083" HPOS="1906"/>
							<String ID="string_211" HPOS="1924" VPOS="1083" WIDTH="150" HEIGHT="35" WC="0.96" CONTENT="sålunda"/>
						</TextLine>
						<TextLine ID="line_18" HPOS="463" VPOS="1135" WIDTH="1610" HEIGHT="54">
							<String ID="string_212" HPOS="463" VPOS="1156" WIDTH="44" HEIGHT="22" WC="0.96" CONTENT="en"/><SP WIDTH="32" VPOS="1156" HPOS="507"/>
							<String ID="string_213" HPOS="539" VPOS="1141" WIDTH="172" HEIGHT="48" WC="0.96" CONTENT="rättighet"/><SP WIDTH="27" VPOS="1141" HPOS="711"/>
							<String ID="string_214" HPOS="738" VPOS="1146" WIDTH="50" HEIGHT="28" WC="0.96" CONTENT="att"/><SP WIDTH="27" VPOS="1146" HPOS="788"/>
							<String ID="string_215" HPOS="815" VPOS="1150" WIDTH="79" HEIGHT="22" WC="0.96" CONTENT="vara"/><SP WIDTH="28" VPOS="1150" HPOS="894"/>
							<String ID="string_216" HPOS="922" VPOS="1136" WIDTH="136" HEIGHT="35" WC="0.95" CONTENT="neutral"/><SP WIDTH="28" VPOS="1136" HPOS="1058"/>
							<String ID="string_217" HPOS="1086" VPOS="1136" WIDTH="59" HEIGHT="34" WC="0.96" CONTENT="vid"/><SP WIDTH="28" VPOS="1136" HPOS="1145"/>
							<String ID="string_218" HPOS="1173" VPOS="1135" WIDTH="167" HEIGHT="48" WC="0.90" CONTENT="möjligen"/><SP WIDTH="28" VPOS="1135" HPOS="1340"/>
							<String ID="string_219" HPOS="1368" VPOS="1136" WIDTH="290" HEIGHT="47" WC="0.95" CONTENT="uppkommande"/><SP WIDTH="30" VPOS="1136" HPOS="1658"/>
							<String ID="string_220" HPOS="1688" VPOS="1135" WIDTH="215" HEIGHT="48" WC="0.95" CONTENT="brytningar,"/><SP WIDTH="28" VPOS="1135" HPOS="1903"/>
							<String ID="string_221" HPOS="1931" VPOS="1135" WIDTH="142" HEIGHT="34" WC="0.96" CONTENT="hvilken"/>
						</TextLine>
						<TextLine ID="line_19" HPOS="462" VPOS="1187" WIDTH="1117" HEIGHT="43">
							<String ID="string_222" HPOS="462" VPOS="1195" WIDTH="113" HEIGHT="35" WC="0.96" CONTENT="under"/><SP WIDTH="28" VPOS="1195" HPOS="575"/>
							<String ID="string_223" HPOS="603" VPOS="1193" WIDTH="109" HEIGHT="35" WC="0.96" CONTENT="andra"/><SP WIDTH="26" VPOS="1193" HPOS="712"/>
							<String ID="string_224" HPOS="738" VPOS="1188" WIDTH="248" HEIGHT="39" WC="0.95" CONTENT="förhållanden"/><SP WIDTH="27" VPOS="1188" HPOS="986"/>
							<String ID="string_225" HPOS="1013" VPOS="1188" WIDTH="101" HEIGHT="35" WC="0.96" CONTENT="torde"/><SP WIDTH="29" VPOS="1188" HPOS="1114"/>
							<String ID="string_226" HPOS="1143" VPOS="1187" WIDTH="108" HEIGHT="35" WC="0.91" CONTENT="blifva"/><SP WIDTH="27" VPOS="1187" HPOS="1251"/>
							<String ID="string_227" HPOS="1278" VPOS="1188" WIDTH="78" HEIGHT="34" WC="0.96" CONTENT="svår"/><SP WIDTH="27" VPOS="1188" HPOS="1356"/>
							<String ID="string_228" HPOS="1383" VPOS="1194" WIDTH="50" HEIGHT="27" WC="0.92" CONTENT="att"/><SP WIDTH="27" VPOS="1194" HPOS="1433"/>
							<String ID="string_229" HPOS="1460" VPOS="1187" WIDTH="119" HEIGHT="35" WC="0.91" CONTENT="häfda."/>
						</TextLine>
					</TextBlock>
					<TextBlock ID="block_4" HPOS="464" VPOS="1237" WIDTH="1608" HEIGHT="107">
						<TextLine ID="line_20" HPOS="596" VPOS="1237" WIDTH="1476" HEIGHT="49">
							<String ID="string_230" HPOS="596" VPOS="1245" WIDTH="73" HEIGHT="34" WC="0.96" CONTENT="Det"/><SP WIDTH="28" VPOS="1245" HPOS="669"/>
							<String ID="string_231" HPOS="697" VPOS="1250" WIDTH="39" HEIGHT="28" WC="0.96" CONTENT="är"/><SP WIDTH="27" VPOS="1250" HPOS="736"/>
							<String ID="string_232" HPOS="763" VPOS="1256" WIDTH="43" HEIGHT="21" WC="0.96" CONTENT="en"/><SP WIDTH="27" VPOS="1256" HPOS="806"/>
							<String ID="string_233" HPOS="833" VPOS="1241" WIDTH="111" HEIGHT="36" WC="0.95" CONTENT="sådan"/><SP WIDTH="28" VPOS="1241" HPOS="944"/>
							<String ID="string_234" HPOS="972" VPOS="1240" WIDTH="192" HEIGHT="46" WC="0.96" CONTENT="förklaring"/><SP WIDTH="17" VPOS="1240" HPOS="1164"/>
							<String ID="string_235" HPOS="1181" VPOS="1240" WIDTH="61" HEIGHT="46" WC="0.96" CONTENT="jag"/><SP WIDTH="22" VPOS="1240" HPOS="1242"/>
							<String ID="string_236" HPOS="1264" VPOS="1239" WIDTH="91" HEIGHT="34" WC="0.96" CONTENT="velat"/><SP WIDTH="21" VPOS="1239" HPOS="1355"/>
							<String ID="string_237" HPOS="1376" VPOS="1239" WIDTH="246" HEIGHT="34" WC="0.96" CONTENT="åstadkomma"/><SP WIDTH="18" VPOS="1239" HPOS="1622"/>
							<String ID="string_238" HPOS="1640" VPOS="1239" WIDTH="79" HEIGHT="33" WC="0.96" CONTENT="från"/><SP WIDTH="19" VPOS="1239" HPOS="1719"/>
							<String ID="string_239" HPOS="1738" VPOS="1237" WIDTH="225" HEIGHT="46" WC="0.95" CONTENT="Riksdagens"/><SP WIDTH="21" VPOS="1237" HPOS="1963"/>
							<String ID="string_240" HPOS="1984" VPOS="1237" WIDTH="88" HEIGHT="39" WC="0.96" CONTENT="sida,"/>
						</TextLine>
						<TextLine ID="line_21" HPOS="464" VPOS="1290" WIDTH="813" HEIGHT="54">
							<String ID="string_241" HPOS="464" VPOS="1297" WIDTH="66" HEIGHT="35" WC="0.96" CONTENT="och"/><SP WIDTH="24" VPOS="1297" HPOS="530"/>
							<String ID="string_242" HPOS="554" VPOS="1297" WIDTH="59" HEIGHT="47" WC="0.96" CONTENT="jag"/><SP WIDTH="27" VPOS="1297" HPOS="613"/>
							<String ID="string_243" HPOS="640" VPOS="1296" WIDTH="120" HEIGHT="35" WC="0.93" CONTENT="tvekar"/><SP WIDTH="27" VPOS="1296" HPOS="760"/>
							<String ID="string_244" HPOS="787" VPOS="1294" WIDTH="136" HEIGHT="35" WC="0.91" CONTENT="derföre"/><SP WIDTH="30" VPOS="1294" HPOS="923"/>
							<String ID="string_245" HPOS="953" VPOS="1291" WIDTH="28" HEIGHT="46" WC="0.96" CONTENT="ej"/><SP WIDTH="32" VPOS="1291" HPOS="981"/>
							<String ID="string_246" HPOS="1013" VPOS="1296" WIDTH="49" HEIGHT="29" WC="0.96" CONTENT="att"/><SP WIDTH="26" VPOS="1296" HPOS="1062"/>
							<String ID="string_247" HPOS="1088" VPOS="1290" WIDTH="189" HEIGHT="47" WC="0.96" CONTENT="tillstyrka:"/>
						</TextLine>
					</TextBlock>
					<TextBlock ID="block_5" HPOS="865" VPOS="1338" WIDTH="1209" HEIGHT="400">
						<TextLine ID="line_22" HPOS="867" VPOS="1338" WIDTH="1205" HEIGHT="50">
							<String ID="string_248" HPOS="867" VPOS="1344" WIDTH="60" HEIGHT="34" WC="0.96" CONTENT="det"/><SP WIDTH="39" VPOS="1344" HPOS="927"/>
							<String ID="string_249" HPOS="966" VPOS="1342" WIDTH="206" HEIGHT="46" WC="0.96" CONTENT="Riksdagen"/><SP WIDTH="40" VPOS="1342" HPOS="1172"/>
							<String ID="string_250" HPOS="1212" VPOS="1343" WIDTH="110" HEIGHT="33" WC="0.96" CONTENT="måtte"/><SP WIDTH="29" VPOS="1343" HPOS="1322"/>
							<String ID="string_251" HPOS="1351" VPOS="1341" WIDTH="10" HEIGHT="34" WC="0.93" CONTENT="i"/><SP WIDTH="29" VPOS="1341" HPOS="1361"/>
							<String ID="string_252" HPOS="1390" VPOS="1340" WIDTH="221" HEIGHT="47" WC="0.91" CONTENT="underdånig"/><SP WIDTH="33" VPOS="1340" HPOS="1611"/>
							<String ID="string_253" HPOS="1644" VPOS="1339" WIDTH="181" HEIGHT="36" WC="0.96" CONTENT="skrifvelse"/><SP WIDTH="31" VPOS="1339" HPOS="1825"/>
							<String ID="string_254" HPOS="1856" VPOS="1339" WIDTH="55" HEIGHT="35" WC="0.96" CONTENT="till"/><SP WIDTH="27" VPOS="1339" HPOS="1911"/>
							<String ID="string_255" HPOS="1938" VPOS="1338" WIDTH="134" HEIGHT="48" WC="0.89" CONTENT="Kongl."/>
						</TextLine>
						<TextLine ID="line_23" HPOS="865" VPOS="1390" WIDTH="1208" HEIGHT="52">
							<String ID="string_256" HPOS="865" VPOS="1394" WIDTH="104" HEIGHT="48" WC="0.96" CONTENT="Maj:t"/><SP WIDTH="32" VPOS="1394" HPOS="969"/>
							<String ID="string_257" HPOS="1001" VPOS="1393" WIDTH="152" HEIGHT="35" WC="0.83" CONTENT="anhålla."/><SP WIDTH="33" VPOS="1393" HPOS="1153"/>
							<String ID="string_258" HPOS="1186" VPOS="1394" WIDTH="60" HEIGHT="34" WC="0.96" CONTENT="det"/><SP WIDTH="33" VPOS="1394" HPOS="1246"/>
							<String ID="string_259" HPOS="1279" VPOS="1392" WIDTH="133" HEIGHT="48" WC="0.94" CONTENT="Kongl."/><SP WIDTH="29" VPOS="1392" HPOS="1412"/>
							<String ID="string_260" HPOS="1441" VPOS="1392" WIDTH="120" HEIGHT="48" WC="0.96" CONTENT="Maj:ts"/><SP WIDTH="28" VPOS="1392" HPOS="1561"/>
							<String ID="string_261" HPOS="1589" VPOS="1391" WIDTH="181" HEIGHT="48" WC="0.96" CONTENT="Regering"/><SP WIDTH="28" VPOS="1391" HPOS="1770"/>
							<String ID="string_262" HPOS="1798" VPOS="1391" WIDTH="80" HEIGHT="34" WC="0.96" CONTENT="ville"/><SP WIDTH="28" VPOS="1391" HPOS="1878"/>
							<String ID="string_263" HPOS="1906" VPOS="1390" WIDTH="65" HEIGHT="36" WC="0.93" CONTENT="hos"/><SP WIDTH="28" VPOS="1390" HPOS="1971"/>
							<String ID="string_264" HPOS="1999" VPOS="1390" WIDTH="74" HEIGHT="35" WC="0.90" CONTENT="Eu-"/>
						</TextLine>
						<TextLine ID="line_24" HPOS="866" VPOS="1442" WIDTH="1207" HEIGHT="51">
							<String ID="string_265" HPOS="866" VPOS="1459" WIDTH="104" HEIGHT="34" WC="0.96" CONTENT="ropas"/><SP WIDTH="29" VPOS="1459" HPOS="970"/>
							<String ID="string_266" HPOS="999" VPOS="1446" WIDTH="65" HEIGHT="34" WC="0.92" CONTENT="och"/><SP WIDTH="29" VPOS="1446" HPOS="1064"/>
							<String ID="string_267" HPOS="1093" VPOS="1444" WIDTH="307" HEIGHT="35" WC="0.91" CONTENT="Nord-Amerikas"/><SP WIDTH="28" VPOS="1444" HPOS="1400"/>
							<String ID="string_268" HPOS="1428" VPOS="1444" WIDTH="155" HEIGHT="35" WC="0.93" CONTENT="Förenta"/><SP WIDTH="26" VPOS="1444" HPOS="1583"/>
							<String ID="string_269" HPOS="1609" VPOS="1442" WIDTH="134" HEIGHT="36" WC="0.91" CONTENT="Staters"/><SP WIDTH="28" VPOS="1442" HPOS="1743"/>
							<String ID="string_270" HPOS="1771" VPOS="1442" WIDTH="202" HEIGHT="48" WC="0.93" CONTENT="regeringar"/><SP WIDTH="26" VPOS="1442" HPOS="1973"/>
							<String ID="string_271" HPOS="1999" VPOS="1442" WIDTH="74" HEIGHT="34" WC="0.90" CONTENT="till-"/>
						</TextLine>
						<TextLine ID="line_25" HPOS="866" VPOS="1494" WIDTH="1207" HEIGHT="50">
							<String ID="string_272" HPOS="866" VPOS="1497" WIDTH="215" HEIGHT="47" WC="0.90" CONTENT="kännagifva"/><SP WIDTH="28" VPOS="1497" HPOS="1081"/>
							<String ID="string_273" HPOS="1109" VPOS="1496" WIDTH="157" HEIGHT="35" WC="0.95" CONTENT="Svenska"/><SP WIDTH="27" VPOS="1496" HPOS="1266"/>
							<String ID="string_274" HPOS="1293" VPOS="1496" WIDTH="187" HEIGHT="34" WC="0.96" CONTENT="nationens"/><SP WIDTH="29" VPOS="1496" HPOS="1480"/>
							<String ID="string_275" HPOS="1509" VPOS="1495" WIDTH="146" HEIGHT="40" WC="0.95" CONTENT="önskan,"/><SP WIDTH="20" VPOS="1495" HPOS="1655"/>
							<String ID="string_276" HPOS="1675" VPOS="1501" WIDTH="50" HEIGHT="28" WC="0.96" CONTENT="att"/><SP WIDTH="19" VPOS="1501" HPOS="1725"/>
							<String ID="string_277" HPOS="1744" VPOS="1507" WIDTH="43" HEIGHT="22" WC="0.93" CONTENT="en"/><SP WIDTH="19" VPOS="1507" HPOS="1787"/>
							<String ID="string_278" HPOS="1806" VPOS="1494" WIDTH="267" HEIGHT="46" WC="0.91" CONTENT="fredskongress"/>
						</TextLine>
						<TextLine ID="line_26" HPOS="867" VPOS="1545" WIDTH="1206" HEIGHT="42">
							<String ID="string_279" HPOS="867" VPOS="1550" WIDTH="110" HEIGHT="33" WC="0.96" CONTENT="måtte"/><SP WIDTH="24" VPOS="1550" HPOS="977"/>
							<String ID="string_280" HPOS="1001" VPOS="1549" WIDTH="144" HEIGHT="34" WC="0.96" CONTENT="komma"/><SP WIDTH="19" VPOS="1549" HPOS="1145"/>
							<String ID="string_281" HPOS="1164" VPOS="1548" WIDTH="54" HEIGHT="34" WC="0.96" CONTENT="till"/><SP WIDTH="24" VPOS="1548" HPOS="1218"/>
							<String ID="string_282" HPOS="1242" VPOS="1548" WIDTH="114" HEIGHT="39" WC="0.93" CONTENT="stånd,"/><SP WIDTH="17" VPOS="1548" HPOS="1356"/>
							<String ID="string_283" HPOS="1373" VPOS="1549" WIDTH="20" HEIGHT="33" WC="0.89" CONTENT="å"/><SP WIDTH="20" VPOS="1549" HPOS="1393"/>
							<String ID="string_284" HPOS="1413" VPOS="1547" WIDTH="142" HEIGHT="35" WC="0.93" CONTENT="hvilken"/><SP WIDTH="21" VPOS="1547" HPOS="1555"/>
							<String ID="string_285" HPOS="1576" VPOS="1545" WIDTH="358" HEIGHT="36" WC="0.90" CONTENT="öfverenskommelse"/><SP WIDTH="19" VPOS="1545" HPOS="1934"/>
							<String ID="string_286" HPOS="1953" VPOS="1545" WIDTH="120" HEIGHT="34" WC="0.96" CONTENT="kunde"/>
						</TextLine>
						<TextLine ID="line_27" HPOS="867" VPOS="1597" WIDTH="1207" HEIGHT="49">
							<String ID="string_287" HPOS="867" VPOS="1600" WIDTH="121" HEIGHT="35" WC="0.96" CONTENT="träffas"/><SP WIDTH="33" VPOS="1600" HPOS="988"/>
							<String ID="string_288" HPOS="1021" VPOS="1613" WIDTH="57" HEIGHT="21" WC="0.96" CONTENT="om"/><SP WIDTH="29" VPOS="1613" HPOS="1078"/>
							<String ID="string_289" HPOS="1107" VPOS="1599" WIDTH="204" HEIGHT="47" WC="0.95" CONTENT="minskning"/><SP WIDTH="28" VPOS="1599" HPOS="1311"/>
							<String ID="string_290" HPOS="1339" VPOS="1599" WIDTH="11" HEIGHT="34" WC="0.95" CONTENT="i"/><SP WIDTH="29" VPOS="1599" HPOS="1350"/>
							<String ID="string_291" HPOS="1379" VPOS="1599" WIDTH="43" HEIGHT="34" WC="0.96" CONTENT="de"/><SP WIDTH="28" VPOS="1599" HPOS="1422"/>
							<String ID="string_292" HPOS="1450" VPOS="1599" WIDTH="148" HEIGHT="34" WC="0.96" CONTENT="stående"/><SP WIDTH="29" VPOS="1599" HPOS="1598"/>
							<String ID="string_293" HPOS="1627" VPOS="1598" WIDTH="181" HEIGHT="35" WC="0.95" CONTENT="arméerna"/><SP WIDTH="26" VPOS="1598" HPOS="1808"/>
							<String ID="string_294" HPOS="1834" VPOS="1598" WIDTH="54" HEIGHT="34" WC="0.93" CONTENT="för"/><SP WIDTH="27" VPOS="1598" HPOS="1888"/>
							<String ID="string_295" HPOS="1915" VPOS="1597" WIDTH="159" HEIGHT="34" WC="0.92" CONTENT="lättande"/>
						</TextLine>
						<TextLine ID="line_28" HPOS="868" VPOS="1648" WIDTH="1206" HEIGHT="48">
							<String ID="string_296" HPOS="868" VPOS="1652" WIDTH="34" HEIGHT="34" WC="0.96" CONTENT="af"/><SP WIDTH="32" VPOS="1652" HPOS="902"/>
							<String ID="string_297" HPOS="934" VPOS="1652" WIDTH="43" HEIGHT="34" WC="0.96" CONTENT="de"/><SP WIDTH="33" VPOS="1652" HPOS="977"/>
							<String ID="string_298" HPOS="1010" VPOS="1651" WIDTH="139" HEIGHT="40" WC="0.93" CONTENT="bördor,"/><SP WIDTH="34" VPOS="1651" HPOS="1149"/>
							<String ID="string_299" HPOS="1183" VPOS="1650" WIDTH="196" HEIGHT="35" WC="0.91" CONTENT="hvarunder"/><SP WIDTH="31" VPOS="1650" HPOS="1379"/>
							<String ID="string_300" HPOS="1410" VPOS="1650" WIDTH="120" HEIGHT="35" WC="0.96" CONTENT="folken"/><SP WIDTH="33" VPOS="1650" HPOS="1530"/>
							<String ID="string_301" HPOS="1563" VPOS="1664" WIDTH="47" HEIGHT="21" WC="0.91" CONTENT="nu"/><SP WIDTH="29" VPOS="1664" HPOS="1610"/>
							<String ID="string_302" HPOS="1639" VPOS="1649" WIDTH="106" HEIGHT="47" WC="0.91" CONTENT="digna"/><SP WIDTH="26" VPOS="1649" HPOS="1745"/>
							<String ID="string_303" HPOS="1771" VPOS="1649" WIDTH="55" HEIGHT="34" WC="0.96" CONTENT="till"/><SP WIDTH="28" VPOS="1649" HPOS="1826"/>
							<String ID="string_304" HPOS="1854" VPOS="1648" WIDTH="85" HEIGHT="48" WC="0.96" CONTENT="följd"/><SP WIDTH="29" VPOS="1648" HPOS="1939"/>
							<String ID="string_305" HPOS="1968" VPOS="1648" WIDTH="35" HEIGHT="34" WC="0.96" CONTENT="af"/><SP WIDTH="28" VPOS="1648" HPOS="2003"/>
							<String ID="string_306" HPOS="2031" VPOS="1648" WIDTH="43" HEIGHT="34" WC="0.96" CONTENT="de"/>
						</TextLine>
						<TextLine ID="line_29" HPOS="867" VPOS="1703" WIDTH="464" HEIGHT="35">
							<String ID="string_307" HPOS="867" VPOS="1703" WIDTH="155" HEIGHT="35" WC="0.93" CONTENT="hotande"/><SP WIDTH="28" VPOS="1703" HPOS="1022"/>
							<String ID="string_308" HPOS="1050" VPOS="1703" WIDTH="281" HEIGHT="35" WC="0.62" CONTENT="härmassorna.&quot;"/>
						</TextLine>
					</TextBlock>
				</ComposedBlock>
				<ComposedBlock ID="cblock_3" HPOS="866" VPOS="2278" WIDTH="806" HEIGHT="37">
					<TextBlock ID="block_6" HPOS="866" VPOS="2278" WIDTH="806" HEIGHT="37">
						<TextLine ID="line_30" HPOS="866" VPOS="2278" WIDTH="806" HEIGHT="37">
							<String ID="string_309" HPOS="866" VPOS="2291" WIDTH="179" HEIGHT="24" WC="0.93" CONTENT="STOCKHOLM,"/><SP WIDTH="19" VPOS="2291" HPOS="1045"/>
							<String ID="string_310" HPOS="1064" VPOS="2291" WIDTH="77" HEIGHT="18" WC="0.90" CONTENT="IWAR"/><SP WIDTH="17" VPOS="2291" HPOS="1141"/>
							<String ID="string_311" HPOS="1158" VPOS="2285" WIDTH="194" HEIGHT="23" WC="0.0" CONTENT="HAGGSTRÖMS"/><SP WIDTH="18" VPOS="2285" HPOS="1352"/>
							<String ID="string_312" HPOS="1370" VPOS="2278" WIDTH="209" HEIGHT="36" WC="0.87" CONTENT="BOKTRYCKERI,"/><SP WIDTH="19" VPOS="2278" HPOS="1579"/>
							<String ID="string_313" HPOS="1598" VPOS="2282" WIDTH="74" HEIGHT="26" WC="0.96" CONTENT="1869."/>
						</TextLine>
					</TextBlock>
				</ComposedBlock>
			</PrintSpace>
		</Page>
	</Layout>
</alto>
