1890 2856
493 141 114 30 Första
633 141 221 35 lagutskottets
878 141 165 30 utlåtande
1069 141 48 30 Nr
1138 145 50 28 25.
1578 144 19 32 5

88 234 49 29 att
161 230 53 33 till
238 229 390 39 justitiedepartementet
653 230 69 32 före
747 229 60 33 den
834 230 16 30 1
876 241 87 21 mars
990 229 84 33 1933
1099 229 165 33 inkomma
1289 229 73 33 med
1386 228 205 39 berättelser,

87 281 159 33 avseende
275 279 332 40 dagsbotssystemets
634 280 213 39 tillämpning
872 280 105 33 under
1003 281 37 31 år
1069 280 95 32 1932.

134 331 74 33 Med
230 330 130 39 hänsyn
382 331 53 32 till
457 330 64 33 vad
543 330 139 33 sålunda
706 331 212 33 förekommit
939 342 97 21 anser
1057 330 164 33 utskottet
1242 331 107 38 någon
1373 331 120 38 åtgärd
1516 331 77 32 från

90 381 197 39 riksdagens
310 381 73 33 sida
406 382 55 31 för
483 381 209 33 närvarande
715 380 73 34 icke
809 393 82 21 vara
914 381 174 39 påkallad.

132 483 170 33 Utskottet
329 483 54 32 får
408 482 100 33 alltså
532 483 186 39 hemställa,

444 571 50 29 att
515 567 215 33 förevarande
749 568 120 32 motion
891 567 73 34 icke
984 568 53 32 må
1057 567 54 33 till
1132 568 106 38 någon
1259 567 195 40 riksdagens
1475 568 119 39 åtgärd

399 618 183 33 föranleda.

134 719 190 34 Stockholm
347 720 60 33 den
431 720 38 31 11
492 732 90 20 mars
604 720 96 32 1932.

541 820 49 34 På
612 822 105 33 första
737 821 235 40 lagutskottets
993 826 143 35 vägnar:

684 905 43 33 A.
748 901 255 37 AKERMAN.

169 1246 61 30 Vid
252 1247 87 28 detta
361 1245 129 29 ärendes
511 1245 193 36 behandling
724 1245 40 29 ha
784 1247 157 27 närvarit:

128 1298 74 28 från
245 1297 152 30 första
429 1297 192 29 kammaren:
656 1296 110 30 herrar
799 1295 166 34 Åkerman,
998 1296 164 29 Anderson
1186 1298 8 28 i
1222 1297 189 35 Hägelåkra,
1434 1297 165 35 Klefbeck,

94 1338 128 35 Borell",
240 1340 140 29 Svenson
399 1341 9 27 i
429 1339 146 34 Eskhult,
594 1339 156 35 Schlyter,
768 1337 119 31 Örman
906 1339 57 28 och
981 1339 136 29 Jonsson
1136 1340 11 28 i
1165 1339 162 35 Lycksele;

128 1391 73 28 från
231 1391 139 28 andra
400 1391 193 28 kammaren:
626 1389 111 29 herrar
756 1389 183 35 Björkman,
958 1389 167 35 Lindqvist
1152 1390 3 28 i
1180 1390 177 34 Halmstad,
1380 1390 144 35 Lindley,
1543 1390 55 29 Jo-

90 1433 135 28 hansson
247 1433 9 28 i
278 1433 143 33 Brånalt,
444 1432 216 33 Christenson,
679 1432 163 29 Johanson
866 1433 9 27 i
898 1433 202 32 Huskvarna,
1123 1432 181 34 Bergström
1327 1433 10 28 i
1360 1433 160 28 Bäckland
1542 1432 56 29 och

91 1475 112 29 Olsson
223 1476 10 27 i
255 1475 164 29 Mellerud.

127 1562 14 14 +
159 1561 30 32 Ej
211 1561 156 25 närvarande
386 1561 41 24 vid
446 1561 160 25 utlåtandets
624 1561 132 33 justering.
