1870 2790
245 165 39 29 26
678 167 286 29 Statsutskottets
990 168 178 29 utlåtande
1193 178 43 20 nr
1262 169 49 28 10.

250 248 50 30 till
327 249 153 29 krediter
506 249 52 29 till
584 250 209 39 förmånliga
818 250 127 30 villkor
970 251 97 29 torde
1094 251 142 30 komma
1263 252 111 30 under
1401 252 230 40 omprövning
1657 252 10 29 i
1694 254 57 29 det

250 300 108 29 större
380 300 264 39 sammanhang,
666 309 74 20 som
760 301 172 30 utskottet
952 301 9 29 i
983 301 56 29 det
1059 302 208 38 föregående
1287 302 126 34 berört,
1435 303 70 29 kan
1527 303 169 29 utskottet
1717 304 30 38 ej

249 349 106 30 heller
378 350 175 39 tillstyrka
576 351 101 29 dessa
699 351 181 30 motioner.

292 400 75 29 Vad
388 400 162 39 slutligen
567 401 170 29 beträffar
756 402 57 29 det
838 402 4 28 i
862 402 177 29 motionen
1059 402 44 29 II:
1121 403 63 29 268
1204 403 121 39 gjorda
1343 403 173 39 yrkandet
1536 412 56 20 om
1612 404 138 29 statsbi-

248 449 84 40 drag
355 450 52 30 till
430 451 284 30 Hantverkarnas
737 452 302 39 ungdomsrörelse
1061 453 59 29 vill
1141 454 171 29 utskottet
1335 454 115 29 erinra
1473 463 55 20 om
1552 455 50 28 att
1625 454 124 40 Kungl.

248 500 105 39 Maj:t
379 504 117 27 senast
519 509 123 31 genom
666 502 111 29 beslut
801 503 68 29 den
894 503 41 29 28
957 512 94 20 mars
1079 503 83 30 1932
1187 504 145 39 avslagit
1357 514 42 19 av
1423 504 327 39 ungdomsrörelsen

248 550 100 39 gjord
369 552 158 29 ansökan
548 561 56 20 om
625 552 111 39 dylikt
756 553 133 39 bidrag.
911 554 200 29 Emellertid
1133 555 64 28 har
1217 555 124 38 Kungl.
1365 554 105 39 Maj:t
1492 554 55 30 vid
1569 555 93 29 olika
1683 555 68 30 till-

248 600 107 30 fällen
378 601 166 39 medgivit
563 603 326 36 ungdomsrörelsen
909 605 48 28 att
977 603 35 30 få
1032 604 155 30 anordna
1208 605 251 34 varulotterier,
1480 605 200 37 varigenom
1699 605 51 29 in-

248 651 154 30 komster
427 652 142 30 tillförts
595 653 162 30 rörelsen.
784 654 117 38 Enligt
925 654 67 29 vad
1018 655 170 29 utskottet
1214 655 174 30 inhämtat
1414 656 97 29 torde
1537 656 213 39 organisato-

247 701 88 30 riskt
361 703 67 28 sett
453 703 284 31 Hantverkarnas
762 704 304 39 ungdomsrörelse
1089 714 84 20 vara
1199 707 50 28 att
1272 706 161 29 betrakta
1459 715 73 20 som
1559 715 42 21 en
1626 707 124 29 under-

247 752 185 40 avdelning
452 753 94 29 inom
568 754 154 39 Sveriges
743 754 205 30 hantverks-
969 756 63 29 och
1053 755 480 40 småindustriorganisation,
1555 756 117 30 varför
1692 757 58 29 det

246 802 51 30 till
322 803 155 30 nämnda
502 804 237 39 organisation
763 805 173 39 utgående
961 806 244 39 statsanslaget
1230 807 157 30 närmast
1412 807 106 29 borde
1543 807 126 29 anlitas
1695 807 55 30 för

246 852 56 30 det
323 853 133 40 bidrag,
478 863 75 20 som
574 864 98 21 avses
694 855 10 29 i
726 856 188 29 motionen.
938 857 174 30 Utskottet
1134 857 64 30 har
1220 857 10 29 i
1252 857 57 30 det
1331 857 208 39 föregående
1561 859 114 28 ansett
1698 858 51 39 sig

245 903 76 30 icke
343 903 121 31 kunna
486 904 175 40 tillstyrka
684 905 204 40 förhöjning
911 916 42 20 av
974 907 154 29 nämnda
1151 908 220 39 statsanslag.
1394 908 121 39 Någon
1537 908 212 39 bidragsgiv-

246 953 82 41 ning
348 954 80 30 från
447 955 195 30 detsamma
660 956 52 29 till
731 966 46 20 nu
797 956 149 30 berörda
966 957 162 29 ändamål
1147 958 97 29 torde
1265 958 102 30 alltså
1386 958 77 29 icke
1482 958 121 30 kunna
1622 958 127 39 ifråga-

246 1004 152 30 komma.
421 1005 175 30 Utskottet
617 1006 205 31 förutsätter
843 1008 203 33 emellerlid,
1070 1010 50 27 att
1140 1009 79 29 med
1240 1009 138 38 hänsyn
1400 1009 53 29 till
1476 1009 66 29 den
1566 1009 183 29 samhälls-

246 1055 181 38 gagnande
452 1056 232 34 verksamhet,
710 1066 74 20 som
808 1058 331 38 ungdomsrörelsen
1163 1058 168 34 bedriver,
1357 1059 224 39 möjligheter
1604 1059 144 30 beredas

246 1105 154 29 rörelsen
418 1107 50 28 att
486 1107 86 28 även
591 1107 186 30 framdeles
798 1108 160 29 anordna
976 1109 252 29 varulotterier.
1248 1109 51 30 Av
1319 1110 57 29 det
1397 1109 148 30 anförda
1564 1109 114 40 följer,
1698 1111 50 28 att

245 1156 170 29 utskottet
434 1157 180 38 avstyrker
633 1157 186 30 motionen.

289 1205 176 31 Utskottet
489 1207 211 37 hemställer,

598 1257 23 29 I.
659 1259 50 28 att
727 1258 188 39 riksdagen
934 1258 57 30 må

598 1307 36 34 a)
658 1309 78 29 med
754 1308 100 30 bifall
872 1309 54 30 till
945 1309 124 39 Kungl.
1089 1309 123 39 Maj:ts
1231 1310 131 39 förslag
1381 1313 91 27 samt
1492 1312 79 29 med
1591 1311 118 39 avslag
1728 1312 18 29 å

553 1358 219 30 motionerna
792 1359 29 29 I:
838 1359 64 29 248
923 1359 64 30 och
1009 1360 44 28 II:
1070 1360 63 29 266
1155 1361 90 28 samt
1266 1360 27 29 I:
1311 1361 63 29 250
1395 1361 65 29 och
1481 1362 45 28 II:
1542 1360 74 35 347,
1638 1362 106 28 samt-

554 1409 69 38 liga
644 1409 170 30 motioner
833 1410 105 29 såvitt
955 1419 47 20 nu
1020 1411 39 29 är
1076 1410 11 29 i
1105 1410 109 39 fråga,
1233 1412 165 28 ävensom
1417 1412 179 29 motionen
1613 1412 45 30 II:
1673 1411 73 34 268,

553 1459 53 29 till
643 1459 251 40 Upplysnings-
930 1460 63 30 och
1028 1461 483 39 organisationsverksamhet
1535 1462 11 29 i
1566 1463 100 39 fråga
1690 1472 56 20 om

552 1510 173 29 hantverk
746 1511 63 29 och
830 1510 233 30 småindustri
1082 1511 54 29 för
1157 1511 204 39 budgetåret
1384 1512 150 35 1953/54
1557 1513 121 30 anvisa
1699 1515 49 27 ett

553 1561 358 38 reservationsanslag
932 1570 42 20 av
993 1560 62 30 370
1070 1561 63 30 000
1154 1561 144 35 kronor;

596 1610 38 33 b)
666 1610 94 30 avslå
778 1611 220 29 motionerna
1017 1611 27 29 I:
1062 1610 62 30 249
1144 1612 64 29 och
1227 1612 45 29 II:
1289 1612 61 29 267
1372 1622 56 20 om
1447 1622 43 20 en
1509 1613 164 29 lånefond
1693 1613 54 30 för

552 1660 57 30 lån
633 1660 53 30 till
711 1661 459 39 företagareföreningarna;

597 1711 34 33 ce)
662 1711 77 29 med
761 1711 98 30 bifall
883 1712 51 29 till
955 1712 124 39 Kungl.
1104 1712 123 39 Maj:ts
1249 1713 131 40 förslag
1402 1714 65 29 och
1488 1714 79 29 med
1589 1714 117 39 avslag
1727 1714 20 30 å

554 1762 218 29 motionerna
796 1763 28 28 I:
839 1762 64 30 248
928 1763 64 30 och
1015 1763 44 29 II:
1074 1763 60 30 266
1157 1766 88 28 samt
1269 1764 27 29 I:
1312 1764 59 30 250
1397 1764 65 30 och
1485 1765 44 28 II:
1544 1764 69 34 347,
1638 1766 105 27 samt-

553 1812 69 39 liga
644 1813 171 29 motioner
839 1813 105 30 såvitt
966 1822 46 21 nu
1037 1814 37 29 är
1096 1814 11 28 i
1131 1814 108 38 fråga,
1263 1814 53 29 till
1338 1814 198 30 Kostnader
1557 1815 57 39 för
1635 1815 107 40 främ-

548 1862 106 40 jande
679 1872 42 20 av
742 1863 380 39 företagsverksamhet
1146 1873 45 20 m.
1215 1874 45 19 m.
1284 1864 55 30 för
1362 1865 205 39 budgetåret
1593 1865 149 35 1953/54

551 1913 122 30 anvisa
694 1915 48 28 ett
762 1914 358 40 reservationsanslag
1142 1924 43 20 av
1209 1915 92 29 1500
1316 1915 63 30 000
1400 1916 146 34 kronor;

596 1965 40 28 II.
674 1966 49 28 att
748 1965 220 29 motionerna
994 1966 27 28 I:
1039 1965 60 29 251
1128 1966 64 29 och
1218 1966 44 29 II:
1280 1966 62 30 270
1369 1966 76 29 icke
1471 1967 58 29 må
1554 1966 51 30 till
1632 1967 113 38 någon

551 2014 206 39 riksdagens
779 2015 123 39 åtgärd
926 2015 190 30 föranleda.

284 2129 55 29 43:
355 2130 37 33 0)
420 2130 351 36 Upplysningsarbete
795 2133 169 29 avseende
988 2133 243 36 produktions-
1258 2134 64 28 och
1348 2134 249 35 exportfrågor.
1622 2134 123 37 Kungl.

242 2180 104 39 Maj:t
368 2181 65 29 har
456 2181 179 40 föreslagit
657 2183 187 38 riksdagen
873 2182 130 41 (punkt
1025 2183 51 36 45,
1101 2193 26 21 s.
1154 2184 145 33 77—79)
1327 2186 50 28 att
1402 2184 52 29 till
1479 2184 266 38 ifrågavarande

241 2230 160 30 ändamål
422 2231 55 29 för
495 2232 200 37 budgetåret
715 2232 141 35 1953/54
877 2234 120 29 anvisa
1017 2235 46 28 ett
1082 2234 354 37 reservationsanslag
1455 2244 42 20 av
1516 2234 59 30 250
1588 2234 59 29 000
1666 2235 79 28 kro-

241 2290 72 21 nor.

285 2365 127 29 Vidare
427 2365 64 30 har
509 2365 9 29 i
537 2375 42 20 en
595 2366 96 29 inom
708 2367 110 29 andra
834 2367 207 29 kammaren
1059 2377 41 19 av
1116 2368 80 29 herr
1213 2368 170 30 Hammar
1399 2369 104 30 väckt
1520 2369 133 29 motion
1680 2369 61 34 (II:

241 2415 79 33 258)
346 2416 207 34 hemställts,
576 2418 51 28 att
647 2417 186 39 riksdagen
855 2417 108 30 måtte
984 2418 94 29 avslå
1101 2418 126 39 Kungl.
1250 2419 123 38 Maj:ts
1395 2419 132 39 förslag
1547 2428 57 20 om
1625 2421 49 28 ett
1693 2428 51 20 re-

240 2466 318 40 servationsanslag
577 2467 55 30 för
651 2467 204 39 budgetåret
877 2467 149 35 1953/54
1045 2468 44 39 på
1112 2468 62 29 250
1190 2468 62 30 000
1271 2469 131 30 kronor
1422 2469 52 30 till
1493 2470 251 39 Upplysnings-

239 2516 117 31 arbete
377 2517 169 30 avseende
565 2517 248 40 produktions-
834 2518 65 29 och
920 2518 251 40 exportfrågor.
