1874 2832
554 177 260 33 Statsutskottets
839 180 163 31 utlåtande
1028 182 45 28 Nr
1097 183 65 28 156.
1587 188 22 28 3

115 263 289 38 ningsskyldighet
425 266 107 31 skulle
553 268 70 29 med
645 269 334 38 skolöverstyrelsens
1001 272 208 37 medgivande
1232 273 114 30 kunna
1369 276 159 29 anställas
1550 277 52 29 vid

114 315 202 38 läroanstalt,
341 319 58 29 där
422 320 102 30 sådan
548 322 321 37 befatltningshavare
892 325 108 29 kunde
1023 335 98 20 anses
1145 327 194 37 erforderlig
1363 328 178 30 oberoende
1566 338 39 21 av

114 379 51 20 om
184 372 234 31 läroanstalten
437 374 82 30 hade
538 376 124 36 manlig
679 376 78 29 eller
776 378 150 36 kvinnlig
943 378 232 31 föreslåndare.
1196 380 187 37 Riksdagen
1402 382 202 35 begränsade

115 424 175 30 emellertid
319 428 104 27 rätten
452 427 46 29 till
528 429 262 29 statsunderstöd
820 430 136 35 därhän,
987 434 44 27 att
1060 432 209 31 understödet
1299 434 48 29 till
1378 434 153 37 avlöning
1564 444 39 20 av

113 476 190 31 biträdande
330 479 286 31 föreståndarinna
641 483 71 28 med
739 484 127 28 nedsatt
891 485 443 38 undervisningsskyldighet
1358 488 113 29 endast
1494 488 111 28 skulle

115 538 74 22 avse
211 530 232 31 läroanstalter
464 533 70 29 med
556 535 123 36 manlig
702 534 235 32 föreståndare.

155 592 163 32 Utskottet
341 594 60 30 har
425 596 69 29 icke
518 595 109 31 funnit
649 597 105 36 några
779 599 272 36 omständigheter
1075 608 80 21 vara
1178 599 197 39 förebragta,
1399 610 69 21 som
1494 601 110 30 skulle

116 644 171 32 föranleda
310 656 39 20 en
374 648 140 38 ändring
538 658 39 20 av
600 652 43 27 ett
665 651 41 29 så
729 654 72 27 sent
824 660 69 21 som
918 652 37 29 år
980 652 78 30 1925
1082 652 94 30 fattat
1198 653 108 30 beslut
1330 655 11 27 i
1365 654 105 30 denna
1497 655 104 36 fråga.

115 700 149 31 Fastmer
290 710 53 20 ser
370 702 155 30 utskottet
551 712 39 20 en
615 704 147 36 vägande
792 704 176 37 anledning
995 705 49 29 till
1071 706 152 36 gällande
1250 707 240 31 bestämmelses
1518 707 84 31 bibe-

115 756 153 30 hållande
297 756 82 36 däri,
403 760 49 27 att
480 758 120 29 antalet
628 757 176 37 lärjungar
831 759 53 28 vid
910 758 254 37 ifrågavarande
1194 760 230 30 läroanstalter
1453 762 66 29 kan
1548 762 53 29 vid

115 809 60 30 den
201 818 68 28 nya
297 809 352 32 läroverksreformens
676 811 254 36 genomförande
959 814 115 28 väntas
1102 813 128 29 komma
1260 816 45 27 att
1332 815 148 30 minskas
1509 817 92 27 även-

115 872 70 20 som
207 866 45 27 att
274 865 11 27 i
306 864 160 29 samband
488 864 70 29 med
580 864 138 30 beslutet
742 874 51 19 om
816 873 123 21 samma
961 864 121 30 reform
1108 866 84 29 ökad
1215 867 387 39 tjänstgöringsskyldig-

115 916 53 29 het
191 916 107 37 ålagts
323 917 104 29 andra
452 916 199 30 lärarinnor.
696 916 165 31 Utskottet
885 919 65 28 kan
978 918 112 30 därför
1117 919 28 36 ej
1173 918 135 31 förorda
1334 919 123 39 Kungl.
1485 920 117 38 Maj:ts

115 968 127 38 förslag
262 970 11 28 i
293 968 107 31 denna
419 969 59 30 del.

157 1031 68 31 Mot
251 1031 38 29 de
316 1040 39 20 av
382 1031 349 36 departementschefen
759 1032 117 37 gjorda
902 1032 430 38 kostnadsberäkningarna
1358 1034 61 29 har
1447 1034 156 29 utskottet

113 1085 30 36 ej
167 1082 110 31 funnit
299 1084 176 37 anledning
496 1085 48 29 till
566 1085 134 29 erinran
722 1086 10 28 i
756 1087 101 28 annat
878 1085 184 30 hänseende
1084 1089 42 26 än
1149 1089 53 32 att,
1224 1087 70 29 med
1317 1087 130 38 hänsyn
1469 1087 49 30 till
1540 1087 63 29 vad

115 1137 155 30 utskottet
301 1136 110 31 anfört
440 1138 11 28 i
480 1137 95 38 fråga
608 1147 50 20 om
689 1138 486 39 undervisningsskyldigheten
1206 1140 53 29 för
1291 1141 88 30 vissa
1411 1141 193 30 biträdande

115 1189 316 37 föreståndarinnor,
452 1191 60 30 den
530 1192 12 28 i
564 1191 50 30 det
634 1201 239 28 gemensamma
893 1193 166 30 ordinarie
1078 1195 373 37 reservationsanslaget
1470 1195 132 36 ingåen-

116 1243 37 30 de
179 1243 252 37 anslagsposten
457 1244 48 29 till
532 1245 102 36 högre
660 1244 208 36 flickskolor,
895 1246 186 38 föreslagen
1108 1247 48 29 till
1183 1248 130 35 475,000
1338 1249 135 35 kronor,
1502 1258 100 28 synes

115 1296 80 30 böra
221 1297 167 30 nedsättas
415 1298 66 28 med
506 1292 64 51 500
598 1298 126 30 kronor
751 1299 49 29 till
827 1299 129 35 474,500
984 1300 125 30 kronor
1137 1304 84 26 samt
1247 1301 51 30 det
1325 1304 91 27 extra
1444 1301 158 38 förslags-

116 1349 148 36 anslaget
288 1349 49 30 till
363 1349 144 38 tillfällig
533 1350 272 39 löneförbättring
832 1352 53 30 för
910 1353 288 36 lärarpersonalen
1223 1354 53 29 vid
1301 1355 301 36 privatläroverken

115 1401 182 37 begränsas
319 1403 49 29 till
389 1403 157 35 2,379,000
567 1404 135 30 kronor.

155 1466 213 32 Beträffande
391 1469 37 29 de
452 1469 36 29 13
512 1469 305 30 statsunderstödda
840 1469 207 36 flickskolor,
1070 1470 90 30 vilka
1183 1470 43 37 på
1249 1471 109 36 grund
1380 1480 39 20 av
1443 1470 77 30 1927
1546 1470 57 31 års

114 1521 155 37 riksdags
288 1521 107 31 beslut
412 1522 71 30 icke
502 1525 111 35 syntes
632 1524 115 28 kunna
767 1524 149 36 påräkna
935 1524 178 37 tillräcklig
1133 1524 192 38 anslutning
1344 1524 51 31 för
1417 1527 45 28 att
1481 1525 122 36 ifråga-

114 1577 130 29 komma
268 1576 49 29 till
343 1575 130 31 fortsatt
497 1577 271 35 statsunderstöd,
795 1586 98 21 anser
919 1577 350 37 departementschefen
1295 1579 113 30 starka
1435 1579 74 30 skäl
1537 1579 64 29 tala

111 1628 52 31 för
177 1632 45 27 att
235 1638 75 20 man
324 1630 96 36 utgår
435 1629 97 36 ifrån,
548 1632 45 28 att
607 1629 254 38 ifrågavarande
873 1631 136 30 skolors
1022 1632 173 30 eventuellt
1208 1632 194 30 inträdande
1416 1633 188 30 successiva

115 1681 200 38 indragning
336 1683 155 36 påbörjas
512 1683 53 29 vid
586 1683 60 30 den
666 1684 55 35 tid,
743 1684 40 30 då
804 1684 101 37 enligt
924 1685 197 37 riksdagens
1142 1685 107 30 beslut
1271 1687 113 36 övriga
1406 1686 197 30 flickskolor

115 1735 141 30 normalt
279 1736 99 29 skola
400 1736 139 37 indraga
562 1737 54 29 sin
641 1736 105 31 första
770 1738 278 35 elementarklass,
1075 1738 79 30 eller
1178 1738 80 31 efter
1283 1740 165 36 utgången
1475 1749 40 20 av
1540 1740 63 29 läs-

116 1788 69 29 året
211 1788 207 31 1930—1931.
465 1788 122 38 Kungl.
618 1789 100 38 Maj:t
744 1791 62 29 har
835 1792 61 28 ock
923 1791 59 30 den
1011 1792 38 29 22
1078 1792 163 30 december
1270 1793 77 30 1927
1376 1792 95 31 fattat
1497 1793 107 31 beslut

116 1844 10 28 i
151 1842 144 37 enlighet
318 1843 71 30 med
413 1843 106 30 denna
543 1844 218 37 uppfattning.
809 1844 360 37 Departementschefen
1197 1855 97 21 anser
1321 1848 51 36 sig
1399 1847 97 30 alltså
1522 1847 81 30 böra

114 1896 107 29 räkna
247 1896 71 29 med
346 1899 46 28 att
415 1897 110 36 någon
552 1898 191 36 minskning
771 1899 10 28 i
809 1899 293 30 statsunderstödet
1129 1899 49 30 till
1206 1899 254 38 ifrågavarande
1488 1901 114 30 skolor

115 1949 73 29 icke
211 1949 149 31 kommer
385 1953 47 28 att
456 1951 156 37 vidtagas
633 1951 78 30 före
736 1951 127 31 läsåret
885 1952 206 31 1931—1932.

155 2010 163 31 Utskottet
350 2012 61 30 har
442 2013 309 36 uppmärksammat,
782 2014 62 29 vad
877 2014 349 37 departementschefen
1258 2016 11 27 i
1302 2015 140 30 sålunda
1475 2015 128 36 angivet

117 2064 185 30 hänseende
332 2065 118 35 anfört,
483 2066 60 29 och
575 2067 97 36 utgår
703 2067 10 28 i
747 2068 192 36 anslutning
972 2068 48 29 till
1052 2068 368 36 departementschefens
1452 2069 152 37 yttrande

115 2117 159 36 därifrån,
295 2120 45 28 att
361 2119 59 30 den
441 2119 189 30 finansiella
653 2121 231 36 avvecklingen
905 2130 40 20 av
966 2121 293 31 statsunderstödet
1281 2123 48 29 till
1350 2122 253 37 ifrågavarande

115 2171 114 30 skolor
250 2174 91 34 tager
363 2173 52 29 sin
436 2172 118 37 början
576 2174 70 29 med
668 2174 123 30 läsåret
813 2174 205 30 1931—1932.

156 2270 70 31 Den
251 2272 12 28 i
289 2272 224 30 ovanberörda
538 2273 123 30 motion
687 2274 143 36 angivna
856 2272 118 39 frågan
1002 2283 50 20 om
1077 2274 229 30 bibehållande
1332 2274 66 31 tills
1424 2275 112 29 vidare
1564 2284 39 19 av

114 2326 94 29 vissa
236 2326 52 30 till
316 2327 205 37 indragning
548 2326 205 39 ifrågasatta
780 2327 187 38 8-klassiga
996 2327 199 31 flickskolor
1223 2338 61 20 var
1313 2328 139 30 föremål
1481 2328 53 30 för
1561 2338 42 20 en

115 2378 160 37 ingående
295 2380 161 36 prövning
475 2380 11 28 i
508 2380 156 30 samband
686 2380 70 29 med
777 2380 197 38 riksdagens
997 2381 38 30 år
1057 2381 76 30 1927
1156 2381 121 30 fattade
1298 2382 107 30 beslut
1426 2381 176 31 beträffan-

115 2435 37 30 de
180 2435 60 30 den
268 2443 68 29 nya
364 2435 453 36 läroverksorganisationen,
847 2435 60 29 och
937 2435 125 30 saknar
1091 2436 155 29 utskottet
1275 2445 46 20 nu
1351 2435 176 37 anledning
1558 2438 44 28 att

114 2488 204 37 ifrågasatta
341 2489 183 37 ändringar
547 2489 77 30 eller
646 2488 204 38 rubbningar
873 2491 11 27 i
905 2490 63 29 vad
989 2490 10 28 i
1024 2489 214 30 förevarande
1260 2489 207 30 hänseenden
1491 2489 112 29 därvid

116 2543 211 31 fastställdes.
