2256 2609
764 197 216 38 Lagutskottets
1009 195 155 29 Utlåtande
1187 195 57 28 N:o
1269 196 27 26 6.
1826 193 19 29 5

318 275 127 36 Redan
483 275 71 35 den
591 280 86 40 rätt,
717 287 79 23 som
834 274 119 35 under
981 273 45 36 de
1053 275 11 32 i
1095 274 44 34 76
1169 268 19 49 $
1217 272 288 48 dikningslagen
1532 271 163 36 nämnda
1724 271 119 37 förut-

214 328 211 46 sättningar
455 304 263 57 tillförsäkrats
747 333 109 40 ägare
885 324 39 36 af
945 324 99 47 jord,
1074 336 77 22 som
1174 303 198 55 omfattas
1379 322 40 35 af
1432 303 200 77 företaget,
1653 327 55 31 att
1732 324 113 34 vinna

213 356 175 57 befrielse
430 375 83 36 från
554 356 236 68 deltagande
817 375 79 35 däri
938 380 78 29 mot
1056 375 62 34 det
1147 379 54 30 att
1230 374 74 34 han
1333 372 146 49 afsäger
1507 375 58 46 sig
1593 373 72 35 den
1691 372 151 45 båtnad,

215 440 79 23 som
322 440 135 35 genom
486 406 192 69 företaget
698 426 152 36 beredes
884 426 91 34 hans
999 425 99 47 jord,
1119 431 67 41 gör
1206 424 62 35 det
1287 404 176 68 gifvetvis
1483 402 240 70 synnerligen
1743 402 101 57 svårt

215 477 58 37 för
314 458 212 56 sökandena
566 457 63 56 att
659 481 47 44 på
747 476 158 36 förhand
941 476 163 35 beräkna
1119 456 62 54 "de
1210 450 212 75 kostnader,
1453 487 80 23 som
1561 474 182 48 företaget
1771 475 70 34 kan

214 529 205 49 tillskynda
447 528 100 44 dem;
577 528 69 35 och
677 528 183 47 begagnas
889 526 162 35 nämnda
1078 525 211 48 rättighet
1273 521 24 61 i
1313 504 118 57 större
1460 525 274 47 utsträckning,
1756 526 87 34 ökas

214 572 301 56 uppenbarligen
544 581 12 32 i
594 579 74 47 hög
700 555 93 70 grad
821 578 71 35 den
921 577 239 35 ekonomiska
1188 577 87 38 risk,
1306 589 80 22 som
1414 577 45 35 de
1488 575 247 36 kvarstående
1764 576 79 35 del-

214 636 154 43 tagarna
409 630 118 34 iklädt
568 631 68 45 sig.
691 608 128 56 Säsom
861 629 275 34 motionärerna
1179 625 209 42 framhålla,
1418 626 171 37 tillfaller
1617 626 70 35 den
1715 626 129 35 veder-

213 668 178 62 lagsjord,
433 680 152 35 hvilken
626 680 92 34 skall
760 678 114 36 afstås
915 678 40 36 af
989 679 81 43 den,
1101 691 78 22 som
1209 677 146 49 afsäger
1384 679 57 45 sig
1468 677 187 36 båtnaden
1683 676 40 35 af
1747 675 97 37 före-

213 737 113 43 taget,
368 731 81 34 icke
490 730 45 35 de
576 730 80 35 däri
698 730 221 47 deltagande
961 729 173 35 hemman
1175 734 93 29 utan
1301 728 123 35 dessas
1453 736 110 40 ägare
1591 729 250 46 personligen.

212 760 132 57 [Eng
380 781 280 48 omständighet
697 793 108 35 synes
839 779 111 36 hafva
976 781 96 34 varit
1101 778 205 49 anledning
1333 780 59 34 till
1422 760 74 54 att
1503 779 225 47 odlingslån,
1757 779 86 34 oak-

212 832 83 35 tadt
322 844 52 22 nu
403 811 189 68 gällande
604 832 137 34 villkor
768 830 57 36 för
853 830 215 35 erhållande
1096 829 41 36 af
1161 809 143 56 sådana
1325 831 62 33 lån
1412 830 79 34 icke
1512 810 188 54 innehålla
1718 831 124 46 någon

213 883 106 48 dylik
359 861 285 68 inskränkning,
687 882 80 34 icke
811 883 203 33 utlämnats
1055 881 56 35 till
1147 881 115 47 högre
1289 880 136 48 belopp
1454 887 47 28 än
1529 892 81 23 som
1638 859 204 56 motsvarat

213 933 72 35 den
326 932 59 36 del
426 931 40 36 af
501 927 205 40 kostnaden
747 932 58 34 för
845 931 322 48 torrläggningen,
1196 910 165 56 hvilken
1405 931 197 34 beräknats
1633 929 88 36 falla
1750 933 20 32 &
1798 930 43 35 de

214 982 267 36 lånesökandes
510 996 104 34 egna,
645 984 11 32 i
685 982 184 47 företaget
897 961 182 68 ingående
1084 960 196 56 "hemman
1312 982 90 34 eller
1429 981 219 48 lägenheter
1667 981 69 34 och
1757 981 85 35 med

212 1033 250 48 iakttagande,
492 1011 61 57 att
574 1035 100 33 lånet
702 1033 81 35 icke
803 1020 90 47 satts
914 1019 113 60 högre
1047 1039 46 27 än
1113 1032 58 35 till
1194 1034 45 33 70
1260 1037 155 42 procent
1435 1019 48 47 af
1487 1030 355 49 jordförbättrings-

212 1063 139 56 värdet
372 1083 59 36 för
459 1084 104 48 dylik
592 1084 116 34 mark.
763 1083 72 35 Till
864 1064 125 66 grund
1017 1081 57 36 för
1100 1082 122 35 denna
1241 1083 253 47 begränsning
1513 1081 40 36 af
1569 1082 271 58 lånebeloppen

212 1135 106 35 torde
358 1136 102 46 ligga
501 1134 72 35 den
615 1107 307 79 uppfattningen,
965 1137 55 31 att
1060 1137 121 31 staten
1221 1110 89 58 icke
1343 1133 71 35 kan
1457 1111 141 56 erhålla
1630 1132 172 36 säkerhet
1829 1134 12 33 i

212 1185 104 48 dylik
352 1163 281 69 vederlagsjord
662 1184 59 35 för
747 1185 73 39 lån,
850 1196 79 22 som
958 1185 204 34 utlämnats
1190 1184 58 34 till
1276 1183 204 47 företagets
1509 1182 330 47 understödjande,

212 1241 92 29 utan
341 1240 54 30 att
432 1236 101 34 lånet
569 1235 169 34 kommer
770 1239 53 30 att
852 1234 149 47 påhvila
1029 1234 130 35 endast
1188 1233 148 41 sådana,
1367 1234 44 35 de
1440 1233 247 35 lånesökande
1716 1234 125 35 tillhö-

212 1287 83 47 riga
321 1287 172 34 hemman
525 1286 88 34 eller
641 1284 230 48 lägenheter,
901 1297 79 22 som
1008 1285 145 35 kvarstå
1185 1285 12 33 i
1224 1283 198 48 företaget.

313 1335 72 36 Det
424 1334 108 45 syfte,
574 1347 80 24 som
696 1335 276 35 motionärerna
1009 1347 135 33 genom
1184 1334 248 36 förevarande
1459 1334 280 46 framställning
1766 1334 75 36 afse

211 1391 55 31 att
299 1387 125 44 vinna,
453 1393 40 28 är
521 1391 54 30 att
603 1386 212 46 undanröja
842 1385 62 36 det
931 1385 141 44 hinder,
1101 1385 144 35 hvilket
1273 1385 158 35 sålunda
1458 1390 135 43 yppats
1622 1390 78 30 mot
1728 1385 112 36 bevil-

205 1437 115 46 jande
348 1436 42 36 af
413 1436 214 46 odlingslån
654 1437 60 34 till
741 1437 147 45 belopp,
917 1449 77 22 som
1025 1441 210 30 motsvarar
1262 1436 86 35 hela
1375 1436 209 35 kostnaden
1612 1435 59 36 för
1698 1441 142 31 vatten-

210 1487 392 46 afledningsföretaget
643 1487 69 35 och
753 1487 79 35 icke
873 1487 144 45 uppgår
1053 1487 59 35 till
1150 1499 79 23 mer
1257 1493 47 28 än
1334 1488 46 34 70
1408 1491 154 41 procent
1591 1486 40 35 af
1655 1487 62 35 det
1739 1486 100 45 jord-

209 1537 371 46 förbättringsvärde,
601 1550 79 23 som
699 1538 153 46 belöper
871 1538 79 35 icke
967 1538 97 34 blott
1083 1537 20 35 å
1122 1536 321 37 länesökandenas
1463 1538 107 34 mark
1591 1542 89 31 utan
1695 1536 110 36 äfven
1820 1541 16 31 å

210 1590 106 35 deras
345 1589 166 45 andelar,
539 1601 80 23 som
648 1588 129 45 afsäga
804 1589 56 44 sig
886 1593 133 39 nyttan
1048 1588 41 34 af
1111 1587 193 46 företaget,
1336 1588 8 35 i
1364 1587 72 36 den
1456 1588 86 35 mån
1562 1588 105 35 dessa
1686 1587 154 36 andelar

209 1640 93 35 falla
329 1640 44 35 de
402 1638 253 37 lånesökande
681 1639 57 35 till
768 1639 109 45 godo.
934 1639 68 35 Det
1029 1639 40 34 af
1093 1639 279 35 motionärerna
1398 1638 237 36 framställda
1660 1638 180 46 förslaget

209 1692 70 34 har
310 1691 182 35 utskottet
525 1690 208 35 emellertid
760 1689 126 35 funnit
913 1689 56 45 sig
994 1690 80 35 icke
1101 1690 93 35 böra
1220 1690 60 35 till
1306 1688 109 36 bifall
1442 1688 163 36 förorda.
1658 1688 80 36 Mot
1766 1688 73 36 det-

209 1754 143 23 samma
391 1742 75 34 kan
507 1740 86 36 med
632 1739 65 46 fog
737 1740 208 45 anmärkas,
986 1744 54 31 att
1081 1740 72 35 den
1193 1740 291 45 vederlagsjord,
1525 1752 81 22 som
1629 1739 209 46 jordägare,

209 1792 153 36 hvilken
404 1791 121 45 afsagt
566 1792 56 44 sig
655 1790 188 36 båtnaden
872 1790 40 35 af
934 1791 317 45 torrläggningen,
1279 1790 143 45 nödgas
1451 1789 95 36 afstå
1573 1791 60 34 till
1661 1790 45 35 de
1733 1791 106 35 kvar-

209 1842 152 36 stående
402 1842 229 45 deltagarna,
673 1841 78 36 ofta
790 1841 118 45 ligger
935 1840 48 47 på
1009 1841 105 45 långt
1141 1841 149 36 afstånd
1316 1840 85 36 från
1429 1840 62 36 det
1517 1841 186 44 hemman,
1731 1841 107 36 hvari

210 1894 72 35 den
310 1893 120 36 skulle
456 1892 98 46 ingå.
608 1892 72 35 Det
707 1891 106 36 torde
841 1891 127 36 därför
994 1905 90 22 vara
1111 1905 99 22 mera
1241 1891 323 45 ändamålsenligt,
1593 1896 55 31 att
1674 1892 165 35 nämnda

208 1943 278 46 vederlagsjord
513 1942 56 36 får
597 1948 135 40 utgöra
758 1955 45 23 en
829 1942 175 45 fastighet
1030 1942 59 36 för
1116 1943 56 44 sig
1200 1943 68 34 och
1291 1943 80 35 icke
1390 1941 210 37 införlifvas
1620 1942 85 36 med
1724 1948 114 30 annat

208 1996 186 44 hemman,
435 1993 42 36 af
514 1994 112 35 hvars
654 1993 239 46 gravationer
920 1993 71 36 den
1020 1992 46 36 då
1094 1993 120 35 skulle
1242 1993 184 35 besväras.
1480 1993 128 45 Enligt
1636 1994 200 35 utskottets

207 2045 243 36 förmenande
477 2043 169 47 påkallas
674 2043 344 46 vederlagsjordens
1045 2043 265 36 bibehållande
1337 2043 121 37 såsom
1485 2044 159 35 särskild
1663 2045 175 45 lägenhet

209 2096 109 36 äfven
358 2095 41 36 af
435 2100 53 31 ett
515 2096 158 35 allmänt
704 2096 155 34 intresse
888 2094 40 36 så
954 2095 58 34 till
1039 2094 98 45 vida,
1167 2107 80 23 som
1276 2095 106 43 dylik
1403 2095 89 46 jord
1520 2108 108 31 synes
1656 2096 182 34 utskottet

210 2147 176 36 särskildt
414 2146 123 47 ägnad
565 2151 55 30 att
646 2151 105 41 tagas
778 2146 13 34 i
819 2144 161 47 anspråk
998 2144 59 36 för
1076 2146 208 45 skapandet
1304 2145 41 36 af
1360 2159 25 22 s.
1405 2147 34 34 k.
1459 2159 96 32 egna
1573 2146 95 35 hem.
1709 2145 128 37 Skulle

207 2198 336 46 vederlagsjorden,
571 2197 122 36 såsom
718 2197 278 35 motionärerna
1013 2195 229 47 ifrågasätta,
1260 2196 212 36 införlifvas
1491 2197 87 35 med
1597 2196 46 36 de
1661 2197 172 35 hemman

209 2249 89 36 eller
336 2249 224 45 lägenheter,
601 2248 147 36 hvilkas
789 2255 110 38 ägare
925 2246 151 37 kvarstå
1104 2247 122 37 såsom
1256 2247 173 46 delägare
1455 2248 13 35 i
1497 2247 339 46 odlingsföretaget,
