1882 2854
508 171 319 33 Bankoutskottets
855 172 186 33 utlåtande
1067 173 53 31 Nr
1147 172 51 32 72.
1544 174 18 31 3

507 246 114 37 tjänst
638 257 45 21 m.
703 247 49 37 fl.,
771 248 81 32 med
870 248 105 32 bifall
993 249 58 31 till
1069 249 135 38 Kungl.
1223 250 130 37 Maj:ts
1372 251 236 33 förevarande

506 298 136 37 förslag
662 301 94 30 samt
774 300 82 31 med
876 300 125 37 avslag
1022 301 21 31 å
1062 301 181 32 motionen
1262 302 53 32 II:
1330 303 68 36 275,
1417 303 190 38 godkänna

504 350 43 31 de
574 361 46 21 av
646 351 395 36 departementschefen
1067 353 13 31 i
1105 353 394 38 statsrådsprotokollet
1524 358 84 29 över

506 402 281 33 finansärenden
808 403 56 32 för
884 404 70 31 den
976 405 20 30 4
1019 404 147 37 januari
1187 405 79 32 1935
1289 406 190 32 förordade
1502 415 105 29 grun-

504 454 112 32 derna
646 455 57 31 för
730 455 277 39 dyrtidstillägg
1038 457 38 32 åt
1105 456 361 38 befattningshavare
1495 458 13 32 i
1537 460 70 31 sta-

504 508 78 31 tens
609 506 114 37 tjänst
746 517 47 22 m.
820 508 38 31 fl.
886 507 112 32 under
1024 508 214 38 budgetåret
1262 508 186 39 1935/1936;
1473 512 96 30 samt

545 557 32 38 2)
602 559 148 38 besluta,
768 561 56 30 att
839 560 275 38 dyrtidstillägg
1132 562 39 30 åt
1187 561 231 37 pensionärer
1435 561 64 32 vid
1514 563 92 37 post-

505 611 132 37 verket,
662 612 290 37 telegrafverket,
977 614 137 30 statens
1138 612 210 38 järnvägar,
1371 614 138 32 statens
1530 615 77 31 vat-

498 662 246 37 tenfallsverk,
774 663 258 32 domänverket
1059 664 64 31 och
1152 666 136 31 statens
1317 664 288 38 reproduktions-

494 714 135 32 anstalt
659 715 86 31 eller
776 715 63 32 vid
868 725 47 22 av
925 715 157 32 nämnda
1094 716 88 31 verk
1193 718 199 36 övertagna
1405 717 139 38 företag
1557 717 45 32 el-

503 767 52 32 ler
578 767 248 38 inrättningar
848 769 96 31 samt
962 768 275 38 dyrtidstillägg
1260 770 39 31 åt
1320 769 285 38 befattningsha-

505 829 84 22 vare
612 819 60 32 vid
693 821 136 30 statens
850 820 304 37 pensionsanstalt
1172 820 104 33 skola
1295 822 90 36 utgå
1405 831 47 22 av
1473 821 44 32 de
1536 831 70 21 me-

503 871 67 37 del,
593 882 46 21 av
661 872 102 32 vilka
784 872 142 32 verkets
949 872 87 32 eller
1058 872 272 32 institutionens
1356 872 250 33 omkostnader

504 924 12 30 1
534 924 119 37 övrigt
670 924 186 32 bestridas.

138 1017 206 32 Stockholm
364 1019 70 31 den
454 1019 18 30 3
495 1018 78 36 juni
598 1019 87 31 1935.

572 1121 52 31 På
641 1122 312 31 bankoutskottets
971 1124 154 35 vägnar:

597 1225 201 32 HARALD
822 1223 273 34 ÅKERBERG.

131 1572 55 24 Vid
204 1568 175 28 förestående
397 1571 116 24 ärendes
532 1571 233 32 slutbehandling
784 1572 77 24 inom
880 1572 140 24 utskottet
1038 1572 73 24 hava
1130 1573 137 24 närvarit:

131 1621 61 28 från
220 1625 108 24 första
348 1624 208 24 kammaren:
577 1624 97 24 herrar
693 1621 168 34 Lindgren”,
879 1622 147 33 Ernfors”,
1046 1624 125 32 Hansén,
1189 1626 92 24 Ström
1301 1626 7 23 i
1330 1625 164 33 Lidköping,
1509 1627 93 24 Ehrn-

97 1669 63 30 berg
181 1669 54 24 och
255 1669 109 30 Bodin;

130 1727 61 27 från
219 1729 107 25 andra
352 1730 207 24 kammaren:
585 1730 99 23 herrar
703 1729 107 32 Leffler,
823 1727 174 33 Bäcklund”,
1012 1729 138 32 Laurén",
1164 1730 99 31 Lovén,
1277 1731 128 29 Paulsen,
1419 1731 161 25 Johansson
1595 1732 8 23 i

96 1771 137 31 Sollefteå,
253 1770 232 29 Hammarlund"
504 1773 52 24 och
576 1774 126 30 Hilding.

130 1841 22 29 ")
173 1843 32 31 Ej
223 1843 178 24 närvarande
419 1843 47 24 vid
485 1840 173 28 utlåtandets
676 1844 147 31 justering,
