2185 2679
699 221 229 42 Lagutskottets
961 221 173 32 Utlåtande
1157 220 63 32 N:o
1250 223 51 30 30.
1774 222 19 30 5

199 306 80 35 från
308 304 271 49 prästerskapet
607 304 58 36 till
693 305 113 36 andra
835 306 137 35 statens
1000 303 261 37 funktionärer.
1302 303 89 37 Bäst
1419 305 101 35 torde
1549 304 125 36 härtill
1702 310 93 43 ägna

199 360 56 47 sig
283 359 224 37 skollärarne
536 359 13 35 i
578 359 220 36 socknarnas
827 362 92 33 mest
947 359 160 36 centrala
1136 359 98 35 delar
1262 358 89 36 eller
1378 358 173 49 möjligen
1579 358 14 37 1
1617 358 96 37 vissa
1733 360 62 35 fall

199 415 65 35 och
307 414 75 36 tills
425 413 126 38 vidare
594 413 207 37 klockaren.
859 414 78 36 Mot
978 426 45 23 en
1056 413 105 47 ringa
1188 412 199 48 tillökning
1415 416 20 33 å
1464 413 160 47 aflöning
1653 413 39 36 af
1720 415 74 34 500

199 469 135 35 kronor
362 468 87 35 eller
477 468 13 35 i
514 467 182 37 särskilda
724 468 64 35 fall
816 470 108 44 något
952 480 97 23 mera
1073 467 118 36 skulle
1211 468 117 34 denne
1348 467 213 36 funktionär
1580 468 76 35 helt
1675 467 122 36 säkert

198 535 86 24 vara
313 522 147 49 mycket
488 521 104 48 villig
621 524 53 34 att
703 524 106 45 åtaga
838 521 56 48 sig
923 522 61 36 det
1011 521 275 47 ifrågavarande
1315 522 149 35 arbetet.
1498 521 70 36 För
1588 524 54 33 att
1661 522 136 35 erhålla

199 576 54 37 tid
294 576 58 36 till
394 577 104 35 dessa
540 589 73 36 nya
650 577 158 47 göromål
846 576 117 36 skulle
991 589 44 23 en
1064 576 74 36 viss
1167 576 163 36 bestämd
1359 575 119 48 fridag
1506 576 13 35 i
1547 576 140 37 veckan
1715 576 81 35 från

200 631 252 48 skolbestyren
480 643 87 24 vara
596 630 64 36 allt
688 631 97 36 hvad
813 631 222 35 skolläraren
1063 630 183 36 behöfver.
1290 629 99 37 Ville
1418 642 84 23 man
1530 632 38 34 så
1596 632 46 45 på
1661 642 136 24 samma

199 688 96 45 gång
323 684 59 36 till
411 685 119 35 denna
559 685 70 47 dag
658 685 162 47 förlägga
849 685 48 35 all
925 683 510 49 kristendomsundervisning
1460 684 13 36 i
1493 684 127 36 skolan
1640 684 67 36 och
1725 685 74 35 låta

200 741 119 34 denna
348 738 116 37 blifva
487 739 109 36 valfri
623 739 65 36 allt
707 739 92 36 efter
819 739 242 35 föräldrarnas
1080 738 282 45 bestämmande,
1384 739 117 35 skulle
1520 739 150 35 härmed
1690 738 107 37 äfven

198 799 105 43 göras
348 794 69 35 den
460 793 155 45 vinsten,
660 796 53 33 att
752 792 489 49 religionsundervisningen
1281 793 119 36 blefve
1435 793 58 36 fri.
1552 792 78 37 Och
1660 793 64 36 där
1752 805 46 24 en

200 849 113 35 sådan
354 847 268 48 undervisning
664 848 40 35 af
743 847 225 36 föräldrarna
1009 847 178 36 önskades
1225 846 97 36 inom
1358 847 138 45 skolan,
1528 847 123 36 kunde
1680 848 119 35 denna

200 901 267 48 undervisning
508 904 46 45 på
597 902 69 36 den
708 901 279 48 ifrågavarande
1026 902 116 47 dagen
1170 901 265 47 upprätthållas
1464 901 177 48 antingen
1668 913 130 35 genom

201 956 272 48 prästerskapet
514 956 86 35 eller
635 958 46 46 på
715 959 111 33 annat
855 959 82 33 sätt.
996 955 130 48 Någon
1154 955 151 36 förökad
1333 955 113 48 utgift
1474 955 55 36 för
1557 958 118 34 staten
1704 955 94 36 skall

200 1011 82 35 icke
311 1023 45 23 en
385 1011 113 35 sådan
527 1010 205 47 anordning
761 1010 77 36 föra
867 1011 81 35 med
977 1010 67 47 sig,
1075 1011 44 34 då
1148 1010 70 35 den
1246 1022 73 35 nya
1339 1009 205 48 aflöningen
1564 1010 94 36 skall
1676 1012 121 45 mång-

202 1064 151 37 dubbelt
395 1070 187 42 uppvägas
625 1064 40 36 af
695 1065 70 35 den
794 1063 214 48 minskning
1036 1064 13 35 i
1077 1064 207 47 aflöningen
1313 1066 37 34 åt
1378 1064 280 47 prästerskapet,
1689 1064 109 36 hvars

201 1119 87 35 kraf
313 1120 45 46 på
386 1118 531 48 församlingsmedlemmarnas
946 1118 126 36 kassor
1100 1117 172 48 rimligen
1299 1118 65 36 bör
1389 1118 191 36 reduceras
1609 1118 57 37 till
1686 1118 113 37 öfver-

201 1172 270 37 ensstämmelse
499 1173 82 35 med
610 1173 242 36 reduktionen
881 1173 13 35 i
923 1173 102 35 deras
1055 1172 132 36 arbete.

310 1228 118 35 Sedan
464 1227 118 36 denna
615 1227 133 36 reform
777 1227 231 47 genomförts,
1039 1226 118 36 skulle
1186 1227 61 35 det
1274 1227 114 35 blifva
1416 1227 147 48 mycket
1591 1227 128 36 lättare
1749 1230 53 33 att

203 1282 113 35 ordna
345 1282 66 35 och
439 1281 164 48 lagstifta
632 1294 55 23 om
717 1281 164 48 kyrkans
910 1284 82 33 rent
1020 1280 168 48 religiösa
1216 1281 263 35 förhållanden.

309 1336 121 35 Saken
460 1341 39 30 är
528 1335 205 37 emellertid
762 1335 64 36 allt
855 1335 55 36 för
938 1335 246 48 komplicerad
1212 1335 55 36 för
1295 1338 53 33 att
1376 1347 45 24 en
1450 1335 146 36 enskild
1624 1336 177 35 motionär

202 1390 94 36 skall
337 1390 128 35 kunna
505 1390 169 35 utarbeta
716 1392 53 33 ett
807 1389 231 47 fullständigt
1080 1389 134 46 förslag
1243 1389 55 36 för
1326 1402 45 23 en
1401 1389 106 48 dylik
1534 1390 144 35 reform.
1730 1390 70 47 Jag

202 1444 55 35 får
298 1444 124 36 därför
462 1444 138 44 föreslå,
640 1447 53 33 att
721 1444 212 46 Riksdagen
960 1444 161 35 beslutar
1150 1456 46 22 en
1225 1443 191 37 skrifvelse
1444 1443 58 36 till
1529 1444 137 47 Kungl.
1694 1444 108 49 Maj:t

203 1499 81 35 med
313 1498 170 36 anhållan
525 1511 57 23 om
624 1498 256 35 utarbetandet
922 1497 40 36 af
999 1500 52 33 ett
1092 1497 136 48 förslag
1264 1510 55 24 om
1353 1498 229 47 lämpligaste
1612 1500 108 34 sättet
1748 1501 54 33 att

203 1552 81 36 från
321 1552 273 47 prästerskapet
628 1551 58 36 till
719 1564 121 23 annan
869 1550 151 49 lämplig
1049 1551 212 37 funktionär
1290 1552 206 47 öfverflytta
1525 1551 276 49 civilregistrets

202 1607 160 35 förande.
375 1622 12 15 »

310 1767 128 48 Enligt
480 1768 261 47 förordningen
783 1769 186 46 angående
1011 1768 271 48 kyrkoböckers
1318 1768 149 36 förande
1503 1769 70 35 den
1604 1772 20 32 6
1655 1769 147 47 augusti

207 1824 100 34 1894
337 1822 101 36 skola
466 1821 14 36 i
508 1821 128 49 hvarje
665 1821 212 48 församling
905 1822 94 36 föras
1025 1822 157 49 följande
1202 1822 264 49 kyrkoböcker,
1497 1822 204 47 nämligen:
1733 1823 66 35 för-

203 1876 249 47 samlingsbok
491 1876 82 36 med
615 1875 358 48 kommunionlängd,
1012 1876 73 36 bok
1122 1876 99 37 öfver
1249 1876 219 47 obefintliga,
1494 1876 307 49 inflyttningsbok

204 1931 67 36 och
312 1930 320 49 utflyttningsbok,
670 1931 147 35 födelse-
855 1931 66 36 och
951 1931 156 46 dopbok;
1136 1930 358 45 konfirmationsbok,
1524 1931 181 48 lysnings-
1735 1932 66 35 och

204 1985 190 47 vigselbok
423 1988 93 32 samt
544 1984 83 36 död-
655 1984 68 36 och
750 1984 320 48 begrafningsbok.
1116 1984 55 36 Af
1196 1985 105 36 dessa
1328 1985 133 36 böcker
1489 1990 40 30 är
1557 1985 243 47 församlings-

204 2039 121 36 boken
367 2038 100 45 eller,
512 2041 116 33 såsom
671 2039 69 35 den
774 2039 75 35 före
877 2038 225 37 tillkomsten
1130 2039 40 36 af
1194 2040 158 35 nämnda
1380 2038 218 49 författning
1627 2039 173 44 kallades,

205 2093 335 36 husförhörsboken
578 2093 69 35 den
694 2095 92 33 mest
813 2093 233 36 omfattande.
1105 2093 197 49 Stödjande
1331 2094 57 46 sig
1416 2096 45 44 på
1489 2093 51 36 in-
1570 2094 67 35 och
1665 2094 137 48 utflytt-

206 2147 291 47 ningsböckerna
535 2149 92 33 samt
663 2149 45 45 på
737 2146 150 36 födelse-
916 2148 66 35 och
1011 2147 94 48 dop-,
1135 2146 181 49 lysnings-
1345 2147 67 36 och
1440 2147 129 47 vigsel-
1598 2151 92 32 samt
1718 2148 83 35 död-

205 2201 67 36 och
301 2201 420 48 begrafningsböckerna
747 2223 28 4 —
802 2201 127 36 hvilka
957 2201 152 37 böckers
1137 2201 222 47 benämning
1387 2201 167 47 angifver
1583 2204 103 34 arten
1702 2202 40 35 af
1754 2203 45 34 de

207 2255 80 36 däri
315 2255 221 36 föreskrifna
564 2255 264 47 anteckningar
859 2277 46 3 —
933 2261 39 29 är
991 2255 351 47 församlingsboken
1362 2259 53 33 ett
1434 2255 369 48 civilståndsregister

206 2309 68 37 och
317 2310 60 35 det
419 2310 92 35 enda
554 2309 237 49 fullständiga
826 2309 166 48 register,
1029 2321 74 25 som
1132 2310 13 35 i
1174 2310 99 35 detta
1301 2310 205 35 hänseende
1534 2310 116 35 finnes
1680 2310 13 35 i
1722 2312 80 34 vårt
