1890 2816
530 186 275 32 Statsutskottets
828 183 180 32 memorial
1031 192 42 21 nr
1093 182 70 30 254.
1587 172 19 30 d

405 271 215 32 Bötesmedel
657 289 560 11 ......s.s..s-sscresssosese
1123 264 29 45 oc
1165 264 55 45 rer
1247 265 128 29 kronor
1421 263 20 29 4
1455 262 64 30 000
1532 261 63 31 000

408 321 320 33 Totalisatormedel
767 338 453 11 .......s..ssssssso
1140 315 35 45 ec
1185 315 38 45 oe
1304 324 12 15 »
1422 312 19 30 5
1455 312 64 30 000
1532 311 64 30 000

410 372 200 38 Tipsmedel
652 390 560 11 ....sscssstrser
987 367 119 47 orter
1116 367 98 47 enter
1301 375 12 15 »
1400 364 37 29 12
1452 362 66 31 000
1529 362 64 30 000

406 423 239 32 Lotterimedel
677 440 543 12 .......s-.occoc.ssce
1098 418 35 43 er
1146 418 79 43 vec
1304 426 13 15 >
1401 415 40 29 40
1456 414 63 29 000
1533 413 63 29 000

408 470 127 41 Övriga
555 473 131 31 diverse
704 473 192 30 inkomster
921 491 294 9 ..........-++-
1305 476 12 15 >
1423 465 17 29 7
1456 464 63 31 000
1533 463 63 30 000

1074 535 145 31 Summa
1243 534 133 30 kronor
1400 532 42 30 68
1456 531 63 31 000
1533 530 73 31 000.

454 707 230 33 Inkomster
707 715 50 23 av
782 706 151 31 statens
957 699 310 45 kapitalfonder.

146 806 68 41 5:0)
242 808 139 30 Statens
401 803 359 33 affärsverksfonder.
781 800 230 32 Beträffande
1031 800 243 30 inkomsterna
1298 806 42 21 av
1363 798 131 28 statens
1514 789 97 48 kapi-

103 859 188 34 talfonder,
316 858 10 30 i
350 858 66 30 vad
441 856 107 37 angår
575 859 127 26 statens
726 851 348 36 affärsverksfonder,
1096 850 90 30 skall
1212 848 104 36 enligt
1340 847 201 35 riksdagens
1566 843 46 37 på

103 910 129 37 förslag
252 919 42 20 av
316 906 371 37 bevillningsutskottet
716 903 230 40 (betänkande
969 911 42 20 nr
1033 900 52 40 50)
1113 900 133 30 fattade
1266 898 111 31 beslut
1399 895 213 38 postverkets

104 959 152 31 inkomst
278 958 114 31 såsom
415 956 187 37 bevillning
624 959 170 33 upptagas
815 952 51 32 till
889 956 46 27 ett
955 952 125 36 belopp
1104 961 41 20 av
1168 951 41 29 29
1224 950 63 30 000
1300 948 64 31 000
1388 948 138 29 kronor.

149 1011 79 30 Med
251 1009 239 37 tillstyrkande
512 1011 48 27 att
581 1006 118 36 övriga
723 1003 247 32 inkomsttitlar
990 1005 169 33 upptagas
1180 1000 12 30 i
1215 998 148 38 enlighet
1386 998 80 30 med
1491 996 122 36 Kungl.

105 1061 117 36 Maj:ts
244 1061 130 36 förslag
394 1058 199 32 hemställer
612 1058 175 34 utskottet,

461 1154 48 27 att
536 1150 184 36 riksdagen
744 1147 58 31 må
828 1147 10 30 i
863 1146 184 30 riksstaten
1074 1144 55 31 för
1153 1142 202 37 budgetåret
1383 1136 141 35 1946/47
1554 1148 61 21 un-

416 1203 61 30 der
500 1204 127 28 statens
654 1197 340 34 affärsverksfonder
1019 1197 151 35 upptaga
1193 1192 155 37 följande
1372 1189 246 33 inkomsttitlar

418 1252 160 31 sålunda:

416 1319 200 31 Postverket
646 1336 560 12 ........-.sssosceces
1070 1312 74 45 tror
1157 1312 51 45 ta
1236 1312 129 29 kronor
1411 1310 42 29 29
1467 1308 63 30 000
1544 1308 63 30 000

419 1368 277 38 Telegrafverket
735 1386 472 11 ........s.osocc0c0
1069 1362 30 48 00
1111 1362 99 48 orre
1294 1371 12 15 »
1412 1359 42 30 45
1467 1358 64 30 000
1544 1358 64 29 000

419 1421 137 30 Statens
582 1419 188 36 järnvägar
803 1437 408 10 ..........-ssse0-0
1176 1413 39 46 >>
1296 1422 12 14 »
1411 1410 42 29 40
1467 1409 63 30 000
1544 1408 66 30 000

420 1471 138 30 Statens
587 1467 290 32 vattenfallsverk
911 1487 294 9 .........«.--.-.-
1294 1473 12 15 »
1412 1461 41 29 45
1468 1459 64 30 000
1546 1459 62 30 000

421 1521 256 31 Domänverket
714 1537 497 11 ........s..sscsrccs
1090 1514 78 44 sars
1178 1514 37 44 er
1296 1523 12 14 »
1413 1511 42 29 20
1470 1510 62 29 000
1546 1510 63 29 000

1072 1581 144 30 Summa
1239 1580 129 29 kronor
1394 1578 62 30 179
1469 1577 63 30 000
1547 1576 72 30 000.

157 1740 69 40 6:0)
252 1738 348 32 Riksbanksfonden.
624 1734 231 32 Beträffande
879 1736 131 27 statens
1035 1731 104 31 andel
1162 1731 12 30 i
1198 1730 139 30 vinsten
1359 1727 81 31 från
1464 1726 158 30 riksban-

115 1793 67 29 ken
208 1792 55 30 för
291 1790 39 31 år
361 1790 93 35 1946,
481 1788 115 31 vilken
624 1787 102 30 andel
756 1787 38 29 är
822 1785 127 29 avsedd
977 1786 48 28 att
1051 1781 205 30 inlevereras
1284 1780 111 29 under
1422 1776 202 37 budgetåret

117 1839 153 39 1946/47,
294 1840 210 31 tillkommer
526 1840 58 29 det
604 1836 283 32 bankoutskottet
910 1834 57 30 vid
992 1834 81 29 1947
1100 1831 55 31 års
1179 1830 139 37 riksdag
1340 1832 49 27 att
1411 1826 122 38 avgiva
1555 1826 69 31 för-

116 1895 81 34 slag.
215 1893 14 29 I
246 1892 174 31 avvaktan
434 1888 112 37 härpå
563 1887 55 31 får
634 1888 175 33 utskottet,
825 1885 12 30 i
853 1884 148 36 enlighet
1016 1883 80 30 med
1112 1881 123 37 Kungl.
1257 1880 103 36 Maj:s
1375 1879 139 35 förslag,
1530 1878 94 29 hem-

117 1944 108 35 ställa,

472 2034 49 27 att
545 2030 184 35 riksdagen
757 2027 58 31 må
841 2027 10 29 i
875 2025 183 31 riksstaten
1083 2024 56 30 för
1167 2021 202 37 budgetåret
1397 2016 140 35 1946/47
1565 2028 61 21 un-

428 2083 59 29 der
505 2079 316 33 riksbanksfonden
841 2076 113 31 såsom
974 2075 89 30 vinst
1083 2074 80 31 från
1180 2073 213 31 riksbanken
1412 2073 152 34 upptaga
1582 2072 46 27 ett

428 2133 125 35 belopp
578 2140 42 21 av
644 2131 39 29 10
697 2130 64 29 000
775 2129 64 29 000
863 2128 137 29 kronor.

1245 2272 9 8 o

167 2284 67 38 7:0)
268 2284 138 29 Statens
437 2281 180 30 allmänna
646 2277 285 37 fastighetsfond.
961 2275 247 29 Inkomsterna
1240 2282 20 20 å
1290 2274 131 28 statens
1452 2270 178 30 allmänna

121 2333 269 38 fastighetsfond
410 2331 97 31 bestå
529 2331 9 29 i
563 2330 184 29 huvudsak
768 2337 44 20 av
835 2325 193 32 beräknade
1051 2325 106 35 hyror
1181 2322 78 30 från
1282 2323 41 29 de
1346 2318 284 37 statsmyndighe-

123 2389 58 32 ter,
208 2394 74 20 som
310 2382 185 36 disponera
522 2381 42 29 de
592 2380 112 29 under
730 2375 317 37 fastighetsfonden
1073 2375 180 34 upptagna
1280 2370 351 35 statsfastigheterna.

124 2436 107 29 Dessa
250 2430 333 40 hyresersättningar
604 2431 59 29 äro
686 2431 178 33 upptagna
883 2426 20 30 å
923 2424 201 32 riksstatens
1146 2421 197 38 utgiftssida
1364 2420 13 30 i
1398 2420 91 30 form
1510 2428 43 21 av
1574 2428 58 21 an-

125 2486 71 36 slag
212 2485 110 30 under
342 2485 40 29 de
400 2482 92 31 olika
509 2479 270 32 huvudtitlarna.
799 2477 110 31 Sedan
931 2475 139 36 utgifter
1087 2474 55 30 för
1160 2471 191 36 underhåll,
1373 2468 261 37 avskrivningar
