2172 2616
146 2146 132 25 Utskottet.

393 180 19 30 4
793 184 360 42 Bevillningsutskottets
1177 187 196 32 betänkande
1396 190 50 30 Nr
1470 192 28 29 5.

1092 580 57 41 Nr
1177 581 36 40 5.

851 736 112 28 Ankom
983 737 43 27 till
1045 738 168 36 riksdagens
1233 739 94 28 kansli
1347 740 53 28 den
1419 742 36 26 24
1473 742 121 28 februari
1617 744 68 27 1920
1704 744 39 27 kl.
1764 745 59 30 !/s4
1842 755 22 17 e.
1885 756 35 17 m.

545 875 418 47 Bevillningsutskottets
997 879 234 44 betänkande,
1262 883 13 33 i
1304 883 198 45 anledning
1532 896 44 23 av
1606 887 101 33 väckt
1736 888 134 34 motion
1899 898 54 25 om

744 947 219 44 vidtagande
992 960 44 23 av
1065 951 168 43 åtgärder
1255 951 66 43 för
1345 963 42 24 en
1401 954 136 42 jämlik
1556 955 60 34 och
1639 956 128 34 rättvis
1787 957 165 44 taxering

745 1028 43 22 av
809 1017 428 46 jordbruksfastig
1132 1013 109 54 heter.

1620 1093 72 35 (2:a
1722 1092 98 48 avd.)

543 1238 220 28 Närvarande:
780 1239 96 27 herrar
895 1240 101 36 Röing,
1025 1241 115 27 friherre
1168 1242 137 36 Fleming,
1327 1244 173 32 Antonsson,
1520 1244 87 37 Wijk,
1628 1245 33 26 A.
1681 1246 30 26 E.
1732 1235 82 48 Örne,
1835 1242 116 42 Boman,

778 1282 101 31 Rosén,
908 1283 139 28 Månsson
1066 1284 8 27 i
1093 1285 182 37 Hagaström,
1307 1286 183 34 Holmström,
1518 1289 124 26 Jonsson
1661 1290 9 25 i
1690 1289 136 31 Hökhult,
1847 1290 103 27 Olsson

774 1328 10 25 i
802 1326 126 33 Ramsta,
956 1328 31 26 P.
1008 1328 99 28 Albert
1124 1329 172 36 Bergström,
1325 1330 87 32 Rune,
1440 1331 24 27 J.
1484 1332 30 26 E.
1536 1327 162 45 Björnsson,
1727 1325 140 36 Åhlmans
1886 1333 69 28 Olof

767 1370 110 33 Olsson,
906 1370 99 34 Sköld,
1034 1372 156 33 Bökelund,
1214 1373 122 27 Jönsson
1356 1375 8 25 i
1384 1374 125 32 Fridhill,
1530 1375 169 36 Uddenberg
1719 1377 50 26 och
1790 1377 159 27 Lithander.

468 1509 15 35 I
514 1523 46 23 en
601 1510 102 37 inom
745 1511 118 37 första
904 1513 222 37 kammaren
1170 1514 124 47 väckt,
1324 1514 56 37 till
1408 1514 420 50 bevillningsutskottet
1857 1518 91 37 hän-

338 1561 106 36 visad
475 1562 156 47 motion,
660 1576 44 22 nr
734 1565 58 45 75,
822 1563 69 37 har
919 1564 88 37 herr
1034 1566 40 35 P.
1103 1567 166 45 Magnus
1301 1567 126 36 Olsson
1448 1567 170 48 anhållit,
1643 1573 79 32 »att
1739 1569 208 50 riksdagen

338 1612 87 37 ville
454 1613 12 35 i
496 1613 184 37 skrivelse
723 1615 56 36 till
823 1615 138 49 Kungl.
993 1616 108 49 Maj:t
1128 1617 204 37 hemställa
1360 1631 60 23 om
1451 1620 148 48 förslag
1628 1621 55 35 till
1711 1623 115 35 sådan
1856 1623 91 35 änd-

337 1664 87 49 ring
453 1665 11 35 i
493 1665 178 48 gällande
700 1668 425 49 taxeringsförordning
1154 1669 234 37 beträffande
1418 1671 443 49 taxeringsförfarandet,
1892 1679 55 31 att

339 1721 119 32 större
487 1717 202 49 möjlighet
718 1718 133 37 vinnes
881 1719 57 36 för
967 1733 45 23 en
1037 1720 136 48 jämlik
1202 1721 71 36 och
1302 1723 132 35 rättvis
1464 1723 178 49 taxering
1662 1738 47 22 av
1724 1725 222 48 jordbruks-

338 1768 259 48 fastigheter».

467 1873 241 37 Beträffande
750 1875 278 48 motiveringen
1071 1875 127 36 härför
1228 1875 138 37 tillåter
1394 1878 61 48 sig
1484 1878 186 37 utskottet
1699 1879 160 37 hänvisa
1888 1880 57 36 till

338 1925 203 35 motionen.

467 2132 70 37 Det
567 2133 104 37 torde
700 2147 158 38 numera
878 2148 90 23 vara
991 2136 156 36 allmänt
1167 2136 144 47 erkänt,
1333 2142 54 31 att
1407 2137 227 49 taxeringen
1656 2152 45 23 av
1717 2139 225 49 jordbruks-

335 2183 239 49 fastigheter,
604 2185 115 37 sådan
748 2186 71 36 den
848 2187 133 36 hittills
1011 2187 218 49 försiggått,
1260 2188 141 37 lämnat
1429 2189 152 49 mycket
1600 2191 128 48 övrigt
1747 2196 56 32 att
1823 2192 120 36 önska

333 2235 10 35 i
372 2235 111 49 fråga
512 2249 62 23 om
603 2236 236 48 effektivitet,
868 2239 159 36 rättvisa
1056 2240 69 36 och
1150 2240 187 48 jämnhet.
1382 2241 128 36 Härav
1540 2240 68 37 har
1637 2242 65 36 allt
1727 2256 81 23 som
1829 2243 114 36 oftast

334 2287 94 48 följt,
450 2287 106 37 såväl
577 2293 54 31 att
650 2289 103 36 inom
774 2289 71 37 den
867 2290 187 37 särskilda
1073 2291 231 37 kommunen
1321 2292 70 37 den
1408 2293 246 36 kommunala
1669 2294 272 37 skattebördan
