1916 2820
298 182 116 31 Andra
438 183 201 30 kammarens
658 183 138 38 första
811 179 163 39 tillfälliga
997 181 130 30 utskotts
1151 181 161 30 utlåtande
1335 183 51 28 Nr
1409 183 28 29 3.
1589 185 17 28 1

803 450 60 40 Nr
892 450 37 42 3.

607 560 110 23 Ankom
738 560 42 23 till
799 560 161 30 riksdagens
979 559 89 24 kansli
1088 560 53 23 den
1164 560 30 23 18
1215 566 72 17 mars
1309 560 66 24 1927
1394 561 35 23 kl.
1451 559 58 33 !/+7
1529 567 20 18 e.
1571 568 35 16 m.

207 652 115 30 Andra
345 652 202 30 kammarens
570 652 158 39 första
750 653 164 38 tillfälliga
936 653 130 29 utskotts
1089 653 172 38 utlåtande,
1285 662 39 20 nr
1347 653 29 38 3,
1399 654 13 29 i
1435 654 172 38 anledning

376 715 39 21 av
439 706 90 30 väckt
553 706 120 30 motion
697 706 163 38 angående
884 706 143 38 åtgärder
1050 706 49 29 till
1123 706 181 38 främjande
1329 716 37 20 av
1391 707 59 29 den
1474 707 133 30 svenska

376 760 147 29 sceniska
546 760 146 30 konstens
716 760 163 38 utövning.

161 866 18 29 I
200 875 41 21 en
261 866 93 30 inom
376 866 105 30 andra
501 867 196 29 kammaren
718 867 103 29 väckt
843 867 61 29 och
925 867 52 29 till
991 867 73 30 dess
1078 867 107 30 första
1199 867 164 38 tillfälliga
1376 868 134 29 utskott
1524 868 80 29 hän-

120 919 97 30 visad
231 919 140 38 motion,
388 928 40 20 nr
442 921 73 36 119,
527 920 61 29 har
602 920 75 29 herr
691 920 237 30 Vennerström
944 929 44 20 m.
1004 920 35 29 fl.
1056 920 182 38 hemställt,
1250 922 52 28 att
1316 920 175 38 riksdagen
1507 921 74 29 ville
1597 921 11 29 i

120 972 159 30 skrivelse
300 972 52 30 till
374 973 124 37 Kungl.
521 973 101 38 Maj:t
644 972 143 39 anhålla,
811 974 53 29 att
885 973 179 38 utredning
1084 973 108 30 måtte
1213 974 206 37 verkställas,
1442 974 164 30 huruvida

120 1025 63 30 och
195 1025 45 37 på
253 1025 106 30 vilket
372 1027 70 29 sätt
454 1035 119 29 genom
585 1026 212 38 lagstiftning
810 1026 62 30 och
885 1026 194 30 annorledes
1092 1027 158 37 trygghet
1263 1027 61 29 och
1338 1027 74 30 stöd
1425 1027 56 30 må
1492 1028 114 29 kunna

118 1078 123 39 bjudas
258 1078 36 30 åt
310 1079 65 30 den
391 1079 151 30 sceniska
556 1080 160 29 konstens
731 1079 176 38 utövning,
925 1081 87 28 samt
1028 1081 53 28 att
1095 1080 52 29 för
1161 1080 177 38 riksdagen
1352 1080 198 39 framläggas
1566 1081 41 29 de

120 1132 133 37 förslag,
275 1140 71 21 som
366 1141 44 20 av
430 1132 105 30 sådan
554 1132 179 38 utredning
752 1132 56 30 må
826 1133 199 29 föranledas.

160 1185 220 29 Beträffande
400 1185 244 38 motiveringen
663 1185 52 30 får
734 1185 171 30 utskottet
924 1185 141 30 hänvisa
1085 1186 51 29 till
1156 1186 182 30 motionen.

160 1292 180 30 Utskottet
359 1292 59 29 vill
437 1292 108 31 erinra
564 1293 127 38 därom,
712 1294 53 29 att
783 1292 119 39 frågan
921 1302 55 21 om
995 1292 165 39 åtgärder,
1179 1293 165 30 likartade
1364 1293 40 30 de
1423 1303 46 20 nu
1486 1294 118 39 ifråga-

117 1347 102 36 satta,
242 1345 53 29 till
315 1346 191 39 främjande
528 1355 44 21 av
593 1346 65 30 den
681 1346 151 31 sceniska
853 1347 144 30 konsten
1018 1347 141 38 tidigare
1181 1347 89 30 varit
1291 1347 138 30 föremål
1449 1348 53 29 för
1523 1356 82 29 upp-

117 1399 230 29 märksamhet
369 1399 92 30 inom
483 1399 187 38 riksdagen.

160 1451 66 29 Vid
247 1453 83 28 1920
353 1451 52 30 års
426 1452 136 38 riksdag
582 1453 138 29 väcktes
747 1452 6 30 i
773 1453 149 29 nämnda
944 1453 87 37 syfte
1052 1462 43 20 av
1117 1453 75 29 herr
1212 1454 235 30 Vennerström
1468 1453 13 30 1
1501 1454 104 30 andra

117 1504 197 30 kammaren
335 1505 130 30 motion
487 1514 54 21 om
562 1505 175 30 införande
759 1514 43 22 av
823 1506 339 38 koncessionssystem
1185 1506 20 30 å
1225 1507 380 30 teaterverksamhetens

117 1557 147 30 område.

159 1611 116 30 Andra
289 1611 213 31 kammarens
516 1612 107 30 första
637 1612 166 39 tillfälliga
816 1613 135 30 utskott
966 1612 118 31 ställde
1099 1613 48 38 sig
1161 1613 164 39 välvilligt
1339 1613 50 30 till
1404 1613 64 30 den
1482 1614 124 30 väckta

116 1664 129 39 frågan,
265 1673 71 22 som
355 1674 44 21 av
416 1666 170 29 utskottet
603 1666 225 30 betecknades
846 1666 110 30 såsom
974 1666 141 30 särdeles
1133 1667 234 37 betydelsefull
1384 1667 60 30 och
1462 1667 143 39 förtjänt

115 1726 44 21 av
182 1717 65 30 den
264 1720 125 28 största
404 1719 311 37 uppmärksamhet.
746 1719 63 29 Till
824 1720 225 30 motionärens
1066 1720 123 38 förslag
1205 1729 54 20 om
1276 1720 172 30 införande
1465 1729 43 21 av
1523 1722 81 28 kon-

116 1771 272 38 cessionssystem
403 1772 111 30 anslöt
528 1772 49 38 sig
590 1772 170 30 utskottet
779 1772 6 30 i
798 1773 189 38 huvudsak,
1003 1773 86 30 dock
1102 1773 78 30 med
1193 1773 200 39 betonande,
1408 1775 53 29 att
1475 1774 129 29 huvud-

117 1824 119 30 vikten
257 1825 58 29 vid
337 1834 41 20 en
400 1825 106 30 sådan
526 1826 140 38 gallring
686 1826 108 30 måste
815 1827 113 37 läggas
948 1826 46 38 på
1014 1826 152 30 ledarnas
1187 1827 228 38 konstnärliga
1429 1828 175 29 kvalifika-

116 1877 110 29 tioner
245 1879 89 28 samt
353 1878 12 28 i
384 1878 111 38 övrigt
513 1880 76 28 rent
607 1879 188 38 personliga
814 1880 204 37 egenskaper
1037 1880 61 29 och
1118 1880 205 38 lämplighet.
1355 1881 63 28 Att
1437 1881 169 36 uppställa

116 1930 85 30 krav
220 1930 46 37 på
285 1931 219 30 ekonomiska
523 1931 168 38 garantier
712 1934 114 36 syntes
847 1932 153 30 däremot
1020 1933 209 38 synnerligen
1250 1933 167 38 vanskligt
1437 1934 62 29 och
1519 1934 87 29 hade

117 1983 63 30 ock
197 1985 105 29 mötts
321 1984 78 30 med
416 1984 156 30 bestämd
589 1994 144 29 gensaga
750 1985 76 30 från
844 1986 208 30 landsortens
1071 1986 229 30 teaterledare.

158 2037 18 28 I
197 2037 106 30 andra
323 2038 197 29 kammaren
540 2039 148 36 uppstod
709 2048 41 20 en
770 2039 93 38 livlig
883 2039 130 38 debatt,
1029 2040 167 29 varunder
1211 2040 114 30 starka
1339 2040 265 38 betänkligheter

115 2089 199 31 framfördes
335 2093 72 28 mot
427 2091 128 30 tanken
575 2093 53 28 att
647 2100 120 30 genom
788 2092 282 39 statsingripande
1090 2093 125 38 reglera
1235 2093 95 30 detta
1350 2094 57 29 det
1426 2094 114 30 friaste
1561 2102 43 21 av

114 2143 116 37 yrken.
264 2144 97 30 Efter
380 2144 155 39 votering
554 2145 115 38 avslog
687 2146 198 30 kammaren
903 2146 185 30 utskottets
1108 2146 210 31 hemställan.

157 2196 66 30 Vid
241 2198 83 28 1926
345 2197 52 31 års
416 2198 136 38 riksdag
569 2199 139 30 väcktes
727 2199 11 29 i
757 2199 106 30 andra
880 2200 195 29 kammaren
1094 2209 43 20 av
1156 2200 75 29 herr
1249 2201 235 30 Vennerström
1504 2209 43 21 m.
1567 2201 36 29 fl.

116 2250 62 29 och
194 2250 13 29 i
222 2250 107 30 första
346 2251 197 30 kammaren
560 2260 43 22 av
620 2252 75 30 herr
711 2253 100 37 Dahl,
829 2253 102 30 Adolf
947 2262 44 20 m.
1009 2253 36 30 fl.
1063 2253 215 38 likalydande
1295 2254 172 38 motioner,
1485 2254 12 29 i
1513 2254 92 30 vilka

115 2303 215 31 hemställdes
346 2306 54 28 att
415 2305 178 38 riksdagen
608 2305 60 30 hos
684 2307 126 37 Kungl.
827 2307 101 38 Maj:t
944 2306 107 30 måtte
1067 2306 134 31 anhålla
1217 2316 54 21 om
1287 2308 177 38 utredning
1478 2308 125 29 beträf-

114 2356 101 30 fande
236 2357 64 29 den
321 2358 144 30 svenska
486 2358 150 30 sceniska
655 2359 160 30 konstens
836 2360 62 29 och
919 2360 133 30 särskilt
1067 2360 64 29 den
1146 2360 206 30 dramatiska
1367 2362 236 29 seenkonstens

115 2409 170 31 allmänna
299 2410 154 30 tillstånd
469 2411 61 30 och
544 2412 112 29 behov
670 2412 77 30 med
763 2413 140 30 särskild
918 2413 74 29 vikt
1006 2413 78 38 lagd
1098 2414 59 29 vid
1171 2414 64 29 den
1251 2414 202 30 medverkan
1468 2414 62 30 och
1546 2414 57 30 det

114 2462 195 39 understöd,
336 2472 71 22 som
431 2464 76 30 från
532 2466 280 30 statsmakternas
837 2466 72 30 sida
932 2467 113 29 kunde
1069 2475 95 22 anses
1188 2467 158 37 påkallad
1369 2468 51 29 för
1443 2468 159 30 konstens

111 2529 107 30 Bihang
237 2529 40 24 till
296 2530 155 31 riksdagens
471 2531 128 31 protokoll
621 2533 75 23 1927.
736 2533 33 22 13
787 2533 76 23 saml.
904 2534 13 22 1
937 2534 58 23 avd.
1034 2534 14 21 3
1068 2534 64 29 häjt.
1172 2533 51 31 (Nr
1246 2533 30 31 3.)

1642 866 146 23 Molionen.

1652 1293 129 24 Hislorit.
