2238 2624
721 137 345 33 Jordbruksutskottets
1089 136 164 34 utlåtande
1279 138 49 31 Nr
1353 140 50 30 57.
1800 138 13 30 1

998 642 58 39 Nr
1083 642 63 42 57.

848 800 111 26 Ankom
981 800 42 26 till
1043 800 179 35 Riksdagens
1242 800 92 27 kansli
1354 800 53 27 den
1430 802 28 24 11
1481 800 70 35 april
1573 802 66 24 1913
1659 799 36 27 kl.
1716 801 16 24 4
1751 809 21 16 e.
1794 809 34 16 m.

474 938 198 47 Utlåtande,
701 940 15 34 i
743 939 192 48 anledning
964 952 43 23 av
1041 940 127 48 Kungl.
1199 941 124 46 Maj:ts
1345 941 225 47 proposition
1590 940 180 48 angående
1786 939 77 46 för-

664 1008 158 48 säljning
859 1021 43 24 av
938 1011 97 34 vissa
1067 1010 102 35 delar
1193 1021 43 24 av
1264 1011 103 41 förra
1395 1009 288 37 militiebostället
1712 1008 153 47 Ivetofta

670 1091 43 22 nr
743 1078 35 46 6,
806 1079 25 35 8
858 1079 15 35 i
901 1078 273 37 Kristianstads
1202 1079 70 36 län.

1519 1199 74 48 (1:a
1621 1198 111 49 Avd.)

396 1405 18 36 I
456 1418 46 23 en
543 1405 54 36 till
624 1405 220 49 Riksdagen
872 1406 72 36 den
974 1407 45 35 21
1050 1406 165 37 februari
1242 1407 97 35 1913
1369 1406 159 47 avlåten,
1560 1405 56 36 till
1639 1405 225 49 jordbruks-

267 1457 184 37 utskottet
493 1457 57 37 för
592 1456 269 38 förberedande
895 1457 291 49 handläggning
1213 1457 185 37 hänvisad
1427 1456 247 51 proposition,
1703 1470 46 23 nr
1778 1458 86 45 118,

269 1509 66 36 har
363 1509 144 49 Kungl.
536 1509 109 47 Maj:t
671 1509 119 36 under
818 1509 238 50 åberopande
1088 1523 46 22 av
1162 1509 120 49 bilagt
1309 1509 141 49 utdrag
1478 1523 46 22 av
1552 1508 312 49 statsrådsproto-

268 1561 116 37 kollet
403 1566 90 32 över
508 1561 372 49 jordbruksärenden
896 1562 58 36 för
973 1575 143 23 samma
1135 1561 76 49 dag
1226 1562 199 48 föreslagit
1441 1561 217 49 Riksdagen
1674 1561 189 48 medgiva,

397 1618 67 42 att,
508 1613 115 37 sedan
665 1613 100 36 förra
806 1613 463 50 kompanichefsbostället
1310 1613 164 37 Ivetofta
1514 1627 46 22 nr
1602 1614 33 45 6,
1670 1615 21 34 8
1721 1626 61 23 om
1812 1618 54 31 ett

268 1665 142 36 mantal
438 1665 12 36 i
478 1665 165 36 Ivetofta
671 1665 139 37 socken
839 1679 46 23 av
912 1665 277 37 Kristianstads
1216 1666 61 36 län
1306 1664 120 48 blivit,
1455 1667 48 47 på
1531 1670 75 32 sätt
1634 1664 12 36 1
1665 1664 200 37 statsråds-

268 1716 227 50 protokollet
522 1722 171 32 närmare
722 1717 178 49 angivits,
930 1717 180 50 uppdelat
1138 1717 11 36 i
1178 1719 49 34 34
1254 1718 124 46 lotter,

397 1768 80 37 dels
520 1771 45 34 32
608 1769 84 36 med
729 1769 70 36 litt.
831 1783 31 33 a,
891 1770 36 47 b,
957 1783 30 33 c,
1017 1769 35 47 d,
1082 1783 31 34 e,
1141 1769 27 44 f,
1197 1783 38 35 g,
1265 1769 36 47 h,
1330 1769 25 47 i,
1384 1769 37 48 k,
1450 1769 24 48 1,
1503 1782 49 34 m,
1581 1782 36 36 Pp,
1647 1782 35 35 q,
1710 1781 31 34 I,
1770 1781 29 34 8,
1828 1782 36 33 V,

268 1835 35 33 Xx,
332 1835 36 35 y,
398 1835 31 33 Zz,
459 1834 56 34 aa,
546 1820 58 47 ab,
634 1821 57 47 ad,
722 1834 55 34 ae,
807 1821 49 47 af,
886 1834 62 35 ag,
977 1835 37 33 n,
1043 1834 34 33 o,
1106 1827 27 41 t,
1162 1834 36 33 u,
1228 1834 42 23 ac
1299 1821 72 36 och
1412 1821 35 36 ai
1477 1820 229 37 betecknade
1734 1820 131 48 lägen-

269 1872 105 37 heter
416 1875 71 45 må,
530 1886 68 23 var
629 1872 58 37 för
715 1873 61 48 sig
803 1872 87 37 med
918 1874 12 35 i
959 1873 414 49 statsrådsprotokollet
1401 1877 171 32 närmare
1602 1872 153 48 angivet
1783 1884 80 24 om-

267 1925 101 48 råde,
410 1925 228 48 lägenheten
665 1925 70 36 litt.
767 1925 45 36 ad
841 1924 85 37 med
954 1925 137 48 tillägg
1119 1938 47 23 av
1194 1938 46 23 en
1269 1924 255 48 landvinning
1550 1924 63 37 vid
1642 1923 222 49 Levrasjön,

269 1976 81 37 från
388 1977 236 48 egendomen
665 1977 175 49 upplåtas
882 1976 119 49 enligt
1041 1976 131 49 kungl.
1206 1977 255 48 kungörelsen
1490 1976 73 36 den
1592 1978 46 34 31
1669 1975 196 37 december

272 2030 95 35 1909
410 2029 196 47 angående
648 2028 225 37 förändrade
914 2028 168 49 grunder
1109 2029 60 36 för
1196 2028 178 49 åtgärder
1401 2028 12 36 i
1441 2028 101 49 syfte
1571 2033 55 31 att
1654 2030 39 34 åt
1720 2027 145 36 mindre

268 2080 218 37 bemedlade
527 2081 71 36 och
626 2080 241 37 obemedlade
896 2080 140 37 bereda
1062 2080 146 37 tillfälle
1237 2086 55 31 att
1320 2080 177 36 förvärva
1525 2079 337 49 egnahemslägen-

269 2132 105 37 heter
416 2132 84 36 från
541 2132 101 36 vissa
674 2132 355 49 kronoegendomar
1056 2132 71 36 och
1155 2132 86 37 med
1268 2132 246 47 iakttagande
1543 2145 47 22 av
1619 2131 45 37 de
1692 2131 12 36 i
1732 2131 131 48 kungl.

268 2184 130 37 brevet
426 2184 56 36 till
511 2183 326 50 domänstyrelsen
865 2197 144 23 samma
1038 2184 76 49 dag
1140 2184 12 36 i
1181 2184 106 49 fråga
1315 2197 62 23 om
1405 2183 291 50 tillämpningen
1726 2196 46 22 av
1799 2182 65 37 be-

268 2236 110 37 rörda
414 2236 168 48 grunder
618 2235 218 38 meddelade
869 2241 172 32 närmare
1068 2235 295 48 bestämmelser,
1393 2235 96 37 dock
1517 2235 85 36 med
1630 2239 73 32 rätt
1730 2235 60 36 för
1818 2247 47 24 en

358 2297 125 42 Bihang
507 2297 48 32 till
578 2296 200 43 Riksdagens
796 2296 158 42 protokoll
977 2297 94 32 1913.
1122 2298 40 31 10
1185 2296 88 32 saml.
1298 2297 43 31 35
1364 2295 81 41 höft.
1493 2295 64 35 (Nr
1581 2294 153 35 57—58)
1802 2296 16 30 1
