2222 2632
690 147 394 32 Konstitutionsutskottets
1109 147 168 32 utlåtande
1302 147 51 30 Nr
1377 149 51 28 31.
1843 149 8 28 1

964 573 67 40 Nr
1063 573 89 40 31.

906 679 110 25 Ankom
1039 678 40 26 till
1101 678 169 32 riksdagens
1291 678 91 25 kansli
1402 678 55 25 den
1477 678 16 25 4
1512 678 62 32 juni
1596 678 67 25 1917
1684 678 35 25 kl.
1741 679 16 25 3
1776 686 22 18 e.
1821 687 35 17 m.

578 823 434 35 Konstitutionsutskottets
1054 822 190 43 utlåtande,
1276 823 13 34 i
1318 822 186 44 anledning
1533 834 43 23 av
1604 823 100 34 väckt
1731 823 126 34 motion

684 886 178 43 angående
896 884 122 43 första
1060 886 219 34 kammarens
1321 884 227 43 avskaffande
1583 885 60 35 och
1669 884 188 43 införande

684 959 45 23 av
757 948 337 43 enkammarsystem.

471 1105 193 27 Närvarande:
682 1106 102 25 herrar
802 1106 89 31 Edén,
912 1104 112 34 Clason,
1038 1105 152 32 Bellinder,
1205 1106 34 25 K.
1254 1106 24 25 J.
1294 1105 120 32 Ekman,
1429 1105 209 32 Mannheimer,
1652 1113 56 18 von
1722 1105 134 34 Geijer”),

684 1149 56 18 von
760 1142 136 32 Mentzer,
917 1142 64 26 Olof
994 1142 111 32 Olsson,
1121 1142 147 31 Stadener,
1283 1149 55 18 von
1353 1142 83 30 Bahr,
1450 1149 56 18 von
1521 1141 192 34 Zweigbergk,
1732 1142 124 25 Larsson

684 1178 8 24 i
726 1178 146 31 Västerås,
911 1178 176 33 Magnusson
1116 1178 9 25 i
1157 1178 145 31 Tumhult,
1337 1177 62 32 Räf,
1432 1177 112 31 Hallén,
1573 1178 107 32 Kropp,
1709 1178 111 26 Janson
1848 1177 8 25 i

684 1214 146 32 Kungsör,
851 1214 139 26 Karlsson
1009 1214 9 25 i
1038 1212 83 33 Mo”),
1143 1213 155 26 Törnkvist
1317 1213 52 26 och
1390 1213 175 26 Gustafsson
1585 1213 8 25 i
1612 1213 131 26 Brånsta.

737 1275 19 24 +)
766 1276 25 25 Ej
808 1276 151 20 närvarande
976 1276 39 20 vid
1031 1275 149 21 utlåtandets
1194 1275 128 25 justering.

366 1410 18 35 I
412 1422 45 23 en
485 1409 96 36 inom
612 1410 113 35 andra
753 1410 209 35 kammaren
990 1410 120 44 väckt,
1140 1409 56 35 till
1220 1409 441 37 konstitutionsutskottet
1680 1409 176 37 hänvisad

259 1463 148 45 motion,
437 1476 45 22 nr
511 1466 87 41 390,
629 1476 44 24 av
702 1464 84 34 herr
813 1463 103 46 Hage
943 1475 43 24 m.
1009 1465 44 43 fl.
1081 1463 188 36 hemställa
1289 1463 274 44 motionärerna,
1586 1466 54 33 att
1658 1463 198 48 riksdagen

258 1518 84 36 ville
370 1517 222 48 principiellt
619 1517 116 36 uttala
763 1516 56 48 sig
846 1517 56 36 för
930 1517 112 36 första
1069 1517 229 35 kammarens
1325 1517 236 36 avskaffande
1580 1518 67 34 och
1667 1516 189 37 införande

258 1585 44 23 av
344 1575 52 32 ett
424 1571 346 48 enkammarsystem
804 1574 91 32 samt
925 1572 65 34 hos
1018 1571 139 46 Kungl.
1188 1570 108 48 Maj:t
1323 1571 132 48 begära
1484 1573 51 33 ett
1564 1570 134 47 förslag
1726 1570 56 37 till
1811 1572 45 35 de

258 1625 195 47 ändringar
481 1624 12 36 i
513 1625 280 46 grundlagarna,
816 1636 73 24 som
911 1625 55 35 för
994 1637 45 23 en
1068 1625 112 34 sådan
1199 1624 131 36 tankes
1349 1624 293 46 förverkligande
1662 1624 190 36 erfordras.

364 1679 87 35 Med
480 1679 177 35 avseende
685 1680 47 45 på
760 1679 45 34 de
834 1678 90 44 skäl,
956 1677 267 36 motionärerna
1252 1678 119 36 anfört
1399 1678 54 35 till
1482 1679 81 34 stöd
1592 1678 55 35 för
1675 1678 54 35 sin
1758 1679 97 34 hem-

260 1733 141 43 ställan,
434 1732 56 35 får
518 1732 179 36 utskottet
725 1732 155 36 hänvisa
907 1732 56 35 till
991 1731 195 36 motionen.

364 1785 74 36 Vid
471 1788 97 33 1912
600 1788 58 33 års
686 1785 149 47 riksdag
864 1791 167 30 ävensom
1061 1785 61 36 vid
1156 1787 99 33 1914
1289 1787 57 34 års
1374 1797 126 23 senare
1528 1784 150 48 riksdag
1706 1785 148 36 väcktes

258 1839 96 36 inom
393 1840 114 35 andra
544 1839 211 35 kammaren
792 1851 44 24 av
869 1839 62 35 hrr
964 1839 216 47 Lindhagen
1209 1851 45 23 m.
1285 1839 36 35 fl.
1352 1838 176 36 motioner
1556 1839 82 34 med
1666 1839 12 34 i
1708 1839 61 35 det
1797 1844 58 30 vä-

258 1892 154 49 sentliga
440 1893 189 36 enahanda
656 1893 215 35 hemställan
900 1905 73 23 som
1003 1892 13 36 i
1045 1893 69 35 den
1144 1905 51 22 nu
1224 1892 247 37 förevarande.
1528 1891 328 37 XKonstitutionsut-

258 1947 135 36 skottet
430 1946 62 37 vid
533 1949 98 33 1912
671 1948 57 34 års
765 1946 151 47 riksdag
952 1947 144 47 yttrade
1124 1945 13 36 i
1166 1945 65 36 sitt
1257 1946 188 36 utlåtande
1473 1946 81 35 med
1583 1945 200 48 anledning
1810 1959 46 23 av

258 2001 70 35 den
366 2000 62 37 vid
466 2001 117 35 denna
621 1999 150 47 riksdag
808 2000 132 35 väckta
973 1999 193 45 motionen,
1198 2003 53 32 att
1279 2000 70 35 den
1378 1999 78 36 däri
1484 1999 128 48 gjorda
1640 2000 214 35 hemställan

258 2056 130 45 avsåge
426 2066 45 23 en
509 2057 39 32 så
584 2053 309 47 genomgripande
931 2053 213 47 förändring
1172 2065 45 24 av
1250 2054 60 35 det
1338 2053 157 37 svenska
1523 2053 248 44 statsskicket,
1802 2057 53 32 att

257 2107 179 37 utskottet
478 2106 113 37 funne
633 2106 56 48 sig
730 2107 112 35 redan
884 2109 46 45 på
970 2107 120 47 grund
1118 2107 111 36 därav
1257 2107 86 36 böra
1372 2107 172 47 avstyrka
1568 2107 285 36 motionärernas

260 2162 144 46 förslag.
462 2161 18 35 I
522 2161 98 36 detta
663 2160 188 36 uttalande
883 2160 180 36 instämde
1108 2162 101 33 1914
1254 2163 57 33 års
1339 2160 417 45 konstitutionsutskott,
1787 2161 66 35 och

259 2215 223 36 motionerna
510 2215 104 36 blevo
643 2214 61 37 vid
734 2214 92 35 båda
854 2214 190 36 tillfällena
1073 2226 45 24 av
1146 2213 197 49 riksdagen
1371 2215 182 46 avslagna.

303 2276 130 40 Bihang
451 2276 47 32 till
514 2276 189 39 riksdagens
715 2275 160 42 protokoll
915 2279 72 29 1917.
1022 2278 20 29 5
1058 2276 92 32 saml.
1189 2277 44 31 26
1250 2274 82 38 häft.
1372 2275 71 40 (Nr
1459 2276 70 40 31)
1792 2277 15 30 1
