1900 2792
551 129 287 30 Statsutskottets
862 127 179 30 utlåtande
1064 135 43 21 nr
1131 126 50 29 11.
1599 119 17 29 7

167 213 176 30 Utskottet
365 212 55 30 får
443 212 79 29 med
546 210 246 40 tillstyrkande
816 218 42 21 av
881 208 126 39 Kungl.
1032 206 126 39 Maj:ts
1181 204 131 39 förslag
1335 201 197 34 hemställa,

477 302 50 28 att
558 300 188 38 riksdagen
777 298 58 29 må
866 297 52 30 till
948 296 141 30 Statens
1122 291 293 40 bakteriologiska
1448 290 173 30 laborato-

432 354 110 29 rium:
569 351 259 31 Omkostnader
852 350 55 30 för
930 348 206 40 budgetåret
1164 345 141 38 1948/49
1332 344 121 31 anvisa
1478 345 49 28 ett
1551 341 71 29 för-

437 407 214 39 slagsanslag
670 415 42 20 av
729 405 62 30 770
806 404 63 30 000
887 404 143 29 kronor.

166 517 75 34 8:0)
268 516 136 30 Statens
434 513 245 31 rättskemiska
710 511 266 30 laboratorium:
1009 508 225 36 Avlöningar.
1265 505 125 38 Kungl.
1421 504 104 37 Maj:t
1556 502 63 30 har

131 569 130 41 (punkt
288 569 50 34 10,
365 578 25 20 s.
416 567 147 34 29—32)
594 565 180 39 föreslagit
799 564 188 39 riksdagen
1011 564 52 29 att
1088 561 74 31 dels
1188 559 186 41 godkänna
1399 568 42 20 av
1465 557 159 38 departe-

125 622 242 30 mentschefen
389 621 167 30 förordad
577 619 254 39 avlöningsstat
851 618 56 29 för
930 618 133 29 statens
1086 613 252 32 rättskemiska
1360 608 263 33 laboratorium,

126 678 51 28 att
195 676 178 39 tillämpas
392 674 72 30 tills
480 674 120 30 vidare
618 672 80 30 från
717 672 65 29 och
802 671 79 29 med
897 669 207 39 budgetåret
1126 666 152 37 1948/49,
1298 665 73 30 dels
1391 664 65 30 ock
1476 663 52 30 till
1550 662 74 30 Sta-

124 732 78 28 tens
228 728 252 31 rättskemiska
506 725 267 31 laboratorium:
803 723 213 39 Avlöningar
1042 722 56 29 för
1126 720 155 30 nämnda
1307 717 169 40 budgetår
1502 715 122 30 anvisa

127 786 49 28 ett
201 782 276 40 förslagsanslag
503 790 42 21 av
573 780 61 30 196
649 780 62 30 000
735 779 142 29 kronor.

171 889 271 40 Ifrågavarande
467 887 122 39 anslag
614 888 38 28 är
675 886 56 30 för
754 884 237 30 innevarande
1015 881 170 40 budgetår
1209 879 145 40 uppfört
1379 878 79 29 med
1485 876 61 30 180
1561 875 63 31 000

128 945 142 29 kronor.

173 999 68 29 För
271 998 103 28 nästa
401 995 170 39 budgetår
601 993 148 30 föreslås
780 992 111 29 under
921 990 267 39 anslagsposten
1217 986 204 38 avlöningar
1451 983 54 31 till
1536 983 92 30 icke-

130 1051 175 30 ordinarie
336 1049 162 40 personal
527 1057 43 20 en
599 1047 148 39 höjning
776 1045 79 29 med
884 1044 95 30 1800
1009 1043 133 29 kronor
1171 1050 42 21 av
1243 1040 142 29 arvodet
1413 1038 57 29 för
1498 1046 43 20 en
1569 1036 59 30 vid

130 1103 303 39 Rh-avdelningen
457 1102 43 29 fr.
526 1110 30 21 o.
582 1110 45 19 m.
653 1098 236 31 innevarande
912 1096 170 39 budgetår
1107 1094 155 30 inrättad
1288 1090 198 40 befattning
1512 1089 117 29 såsom

132 1158 165 30 assistent
324 1156 79 29 med
430 1152 402 41 halvtidstjänstgöring.
861 1151 127 30 Vidare
1016 1149 66 29 har
1110 1146 209 39 föreslagits,
1349 1146 51 29 att
1427 1145 49 28 ett
1503 1142 126 39 belopp

131 1221 42 20 av
196 1210 93 30 1200
310 1210 131 29 kronor
462 1208 141 30 anvisas
624 1207 55 29 för
698 1207 97 28 extra
815 1202 215 32 arbetskraft
1050 1202 56 29 för
1127 1198 321 39 alkoholblodprov.
1470 1196 68 30 Till
1559 1194 72 30 för-

133 1266 113 28 svaret
266 1263 197 30 levererade
483 1258 467 40 testserumförpackningar
969 1256 99 30 skola
1089 1254 107 39 enligt
1216 1252 167 39 förslaget
1403 1251 134 29 åsättas
1557 1248 74 29 fixa

132 1318 121 40 priser,
273 1316 199 30 beräknade
492 1314 88 30 efter
601 1312 243 31 laboratoriets
862 1310 202 30 kostnader.
1084 1307 112 30 Medel
1216 1306 56 30 för
1291 1304 162 41 personal
1472 1303 66 30 och
1559 1310 73 21 om-

132 1371 191 30 kostnader
342 1370 56 29 för
418 1365 462 38 testserumtillverkningen
899 1362 149 31 föreslås
1068 1360 165 31 anvisade
1254 1359 112 29 under
1387 1354 244 33 laboratoriets

134 1424 197 38 avlönings-
354 1423 65 29 och
442 1418 364 38 omkostnadsanslag.
831 1418 12 28 I
867 1416 154 39 enlighet
1043 1414 147 30 härmed
1212 1413 65 29 har
1301 1411 111 30 under
1433 1410 116 29 denna
1572 1415 61 21 an-

135 1477 173 39 slagspost
333 1475 189 30 beräknats
548 1475 49 27 ett
620 1472 124 39 belopp
769 1480 42 20 av
836 1470 18 29 6
869 1470 62 29 300
956 1468 132 29 kronor
1113 1467 56 29 för
1193 1464 163 41 personal
1381 1463 55 30 för
1459 1461 174 38 ifrågava-

134 1531 108 29 rande
265 1528 236 38 tillverkning.
522 1525 245 30 Kostnaderna
788 1524 55 29 för
865 1523 68 29 den
954 1522 80 29 med
1057 1520 166 38 diskning
1246 1517 203 40 sysselsatta
1468 1521 166 33 persona-

135 1584 57 30 len
216 1582 149 31 föreslås
390 1581 44 30 fr.
460 1590 29 20 o.
516 1589 45 20 m.
588 1580 102 28 nästa
714 1576 170 39 budgetår
909 1574 200 31 beräknade
1135 1572 111 29 under
1272 1568 243 32 laboratoriets
1542 1566 92 31 avlö-

136 1636 228 40 ningsanslag
387 1635 11 29 i
424 1634 115 29 stället
564 1633 55 29 för
644 1632 20 30 å
687 1627 400 39 omkostnadsanslaget.
1113 1627 68 28 För
1207 1625 116 29 denna
1344 1621 163 42 personal
1532 1621 65 29 har
1622 1618 13 29 i

137 1691 152 38 enlighet
316 1688 146 30 härmed
490 1686 179 40 upptagits
696 1686 49 28 ett
770 1684 124 38 belopp
924 1691 43 20 av
995 1680 96 31 5800
1119 1679 142 29 kronor.
1290 1676 169 39 Slutligen
1486 1674 65 29 har
1579 1673 56 30 för

137 1741 464 40 löneklassuppflyttningar
631 1738 189 30 beräknats
852 1738 49 27 ett
932 1735 83 30 ökat
1047 1732 245 31 medelsbehov
1324 1739 41 21 av
1397 1728 63 30 900
1492 1728 142 28 kronor.

138 1797 26 29 Å
188 1797 111 29 andra
327 1796 101 29 sidan
454 1794 64 29 har
545 1792 275 38 anslagsposten,
849 1798 75 21 som
950 1788 59 29 vid
1036 1787 67 29 den
1131 1782 322 38 schablonmässiga
1480 1779 156 39 anslags-

137 1849 240 38 beräkningen
398 1848 56 29 för
474 1845 237 30 innevarande
732 1842 170 39 budgetår
924 1841 99 29 blivit
1047 1840 177 39 upptagen
1244 1837 52 29 till
1319 1836 55 29 för
1395 1835 83 38 högt
1499 1832 136 39 belopp,

139 1903 216 30 nedräknats
385 1900 79 29 med
496 1898 96 31 5000
623 1898 141 29 kronor.
795 1895 286 38 Anslagsposten,
1113 1892 56 28 för
1199 1888 236 31 innevarande
1466 1885 170 39 budgetår

141 1958 176 37 upptagen
358 1953 53 30 till
455 1951 138 30 110000
635 1951 140 31 kronor,
818 1948 64 29 har
925 1946 148 30 sålunda
1103 1945 133 29 ansetts
1267 1942 85 29 böra
1383 1941 173 38 upptagas
1584 1937 53 30 till

145 2009 79 33 (110
239 2008 63 30 000
319 2011 27 29 +
364 2008 14 28 1
395 2006 62 29 800
474 2009 28 28 +
520 2005 13 29 1
551 2004 62 30 200
630 2008 27 27 +
673 2003 18 29 6
706 2002 62 30 300
785 2005 27 28 +
828 2001 17 29 5
861 2000 62 29 800
940 2003 28 28 +
983 1998 63 30 900
1060 2015 44 3 —
1117 1997 18 29 5
1151 1996 80 33 000)
1266 1994 138 30 121000
1431 1993 142 29 kronor.

187 2061 274 39 Anslagsposten
483 2058 122 38 rörligt
627 2057 117 37 tillägg
765 2055 64 29 har
849 2053 220 40 uppräknats
1091 2050 79 30 med
1191 2050 18 29 5
1225 2048 63 31 000
1308 2048 140 29 kronor.

187 2168 186 34 Utskottet,
401 2175 74 20 som
501 2165 30 38 ej
562 2163 119 29 funnit
708 2161 188 38 anledning
919 2160 53 29 till
999 2159 142 29 erinran
1168 2159 73 27 mot
1266 2154 126 40 Kungl.
1418 2153 125 39 Maj:ts
1570 2151 69 29 för-

143 2221 82 39 slag,
252 2219 213 33 hemställer,

499 2289 50 27 att
574 2286 187 38 riksdagen
786 2284 57 29 må

500 2342 36 31 a)
570 2339 185 39 godkänna
783 2336 157 39 följande
968 2334 255 37 avlöningsstat
1249 2331 55 29 för
1333 2332 132 27 statens
1493 2327 150 30 rättske-

457 2393 114 29 miska
591 2390 260 33 laboratorium,
873 2390 51 28 att
946 2387 178 38 tillämpas
1145 2385 71 29 tills
1237 2384 117 29 vidare
1374 2382 42 29 fr.
1439 2391 30 20 o.
1491 2390 45 20 m.
1557 2379 87 30 bud-

457 2446 131 39 getåret
617 2443 155 36 1948/49:
