1896 2794
551 141 288 31 Statsutskottets
862 140 180 31 utlåtande
1064 150 44 20 nr
1131 140 50 30 11.
1578 137 38 30 17

122 226 51 28 att
192 223 268 41 ifrågavarande
483 223 121 39 anslag
624 222 80 30 med
724 222 140 39 hänsyn
885 221 53 30 till
959 221 68 30 den
1046 220 200 30 beräknade
1267 219 244 40 belastningen
1531 227 88 32 upp-

122 277 130 31 räknas
274 277 81 31 med
378 277 19 30 2
411 277 63 30 500
489 277 63 30 000
576 276 142 34 kronor,
742 274 205 30 hemställer
970 274 182 34 utskottet,

479 368 51 28 att
547 365 188 40 riksdagen
753 365 58 30 må
829 364 53 30 till
898 363 129 40 Bidrag
1045 363 53 30 till
1114 361 339 41 sinnessjukvården
1471 361 12 30 i
1498 360 121 31 Stock-

434 420 108 36 holm,
569 419 171 39 Göteborg
766 418 64 30 och
857 417 130 31 Malmö
1014 417 55 30 för
1094 416 207 40 budgetåret
1329 415 142 38 1948/49
1497 414 122 31 anvisa

434 475 49 29 ett
505 472 274 40 förslagsanslag
802 481 43 21 av
868 472 39 30 10
921 471 64 30 000
999 471 64 30 000
1085 470 142 30 kronor.

165 581 97 34 21:0)
287 581 129 36 Bidrag
436 581 54 30 till
511 581 129 29 driften
662 589 43 21 av
728 579 237 36 psykiatriska
985 577 227 36 avdelningar
1232 577 59 30 vid
1313 576 151 30 lasarett.
1495 575 125 37 Kungl.

124 634 107 40 Maj:t
250 635 66 29 har
342 633 132 41 (punkt
495 633 53 35 27,
571 642 26 21 s.
619 633 41 30 63
682 633 67 29 och
769 632 60 34 64)
857 631 181 40 föreslagit
1059 630 189 40 riksdagen
1270 631 52 29 att
1342 629 53 31 till
1417 629 128 39 Bidrag
1566 628 54 31 till

124 687 132 31 driften
276 697 43 21 av
338 687 240 41 psykiatriska
598 686 228 39 avdelningar
847 685 58 30 vid
927 685 144 30 lasarett
1093 684 55 30 för
1167 683 207 40 budgetåret
1397 681 142 39 1948/49
1561 691 60 21 an-

124 741 74 30 visa
216 743 49 28 ett
284 740 275 40 förslagsanslag
577 749 43 21 av
640 740 38 30 15
692 739 65 31 000
775 739 143 30 kronor.

171 849 217 40 Statsbidrag
408 849 53 30 till
481 848 132 30 driften
634 857 42 21 av
696 846 240 41 psykiatriska
956 845 227 39 avdelningar
1202 844 58 30 vid
1281 844 84 30 eller
1385 844 12 29 i
1417 842 204 40 anslutning

126 904 53 29 till
200 904 145 30 lasarett
367 902 102 40 utgår
490 902 80 30 med
590 902 19 29 3
630 901 132 30 kronor
783 900 56 30 för
859 900 67 39 dag
947 899 65 30 och
1033 899 144 40 patient,
1201 907 76 21 som
1297 899 39 28 är
1356 897 142 40 intagen
1519 897 21 30 å
1560 896 62 30 all-

126 958 83 29 män
236 957 50 30 sal
310 956 85 31 eller
418 955 145 31 därmed
588 955 148 29 likställt
761 963 91 20 rum.
876 953 164 39 Bidraget
1064 952 173 30 utbetalas
1262 951 195 30 halvårsvis
1481 950 12 30 i
1518 950 104 30 efter-

127 1011 104 30 skott.
256 1010 94 30 Från
373 1010 123 39 bidrag
520 1010 60 29 äro
604 1008 73 30 tills
698 1008 121 30 vidare
844 1006 228 39 undantagna
1096 1005 240 41 psykiatriska
1361 1004 226 39 avdelningar
1609 1003 13 30 i

127 1064 214 34 Stockholm,
362 1063 181 39 Göteborg,
565 1062 139 34 Malmö,
725 1061 156 40 Uppsala
901 1060 66 30 och
989 1059 113 31 Lund.

170 1117 116 40 Några
306 1117 114 30 medel
439 1116 46 30 ha
505 1115 126 31 hittills
650 1115 77 30 icke
748 1115 156 29 anvisats
925 1114 56 30 för
1003 1113 96 30 detta
1119 1112 175 31 ändamål.

171 1171 111 30 Medel
300 1171 56 30 för
373 1170 122 40 bidrag
512 1170 53 30 till
583 1169 132 30 driften
733 1178 42 20 av
793 1178 43 20 en
854 1167 187 39 avdelning
1057 1167 12 29 i
1087 1166 199 40 Linköping
1305 1166 64 29 har
1387 1166 134 29 ansetts
1538 1164 85 30 böra

127 1225 140 30 anvisas
286 1225 21 30 å
325 1224 193 30 riksstaten
537 1223 56 30 för
612 1224 102 29 nästa
733 1222 182 39 budgetår.
934 1221 67 30 Det
1021 1220 56 31 för
1096 1219 201 31 ändamålet
1315 1218 229 40 erforderliga
1563 1226 60 21 an-

129 1279 118 39 slaget,
274 1278 172 30 beräknat
470 1278 53 29 till
551 1277 38 30 15
605 1276 62 31 000
693 1277 143 33 kronor,
865 1275 148 31 föreslås
1041 1274 137 30 anvisat
1206 1273 117 30 såsom
1349 1271 274 40 förslagsanslag

128 1333 64 29 och
216 1331 195 31 rubricerat
434 1331 122 39 bidrag
578 1331 53 29 till
654 1330 133 30 driften
811 1339 42 20 av
876 1328 240 41 psykiatriska
1138 1327 227 39 avdelningar
1388 1326 58 30 vid
1468 1326 154 30 lasarett.

173 1440 177 30 Utskottet
370 1439 194 39 tillstyrker
583 1437 126 39 Kungl.
730 1436 127 39 Maj:ts
877 1435 132 39 förslag
1028 1434 66 30 och
1113 1433 204 31 hemställer
1337 1432 113 35 alltså,

484 1529 51 28 att
559 1526 189 39 riksdagen
773 1525 58 30 må
857 1525 53 29 till
934 1524 129 38 Bidrag
1089 1523 52 29 till
1164 1523 131 38 driften
1319 1531 42 21 av
1385 1520 238 41 psykiatriska

441 1580 226 39 avdelningar
693 1579 57 30 vid
777 1579 144 29 lasarett
946 1577 55 30 för
1027 1576 206 40 budgetåret
1261 1574 141 38 1948/49
1429 1574 121 30 anvisa
1575 1575 50 29 ett

440 1633 274 41 förslagsanslag
735 1642 43 20 av
801 1632 38 30 15
855 1632 63 30 000
939 1631 142 30 kronor.

172 1744 96 33 22:0)
295 1743 127 35 Bidrag
440 1742 53 29 till
512 1741 129 30 driften
660 1750 42 20 av
721 1740 167 30 vårdhem
907 1739 56 29 för
982 1738 179 29 lättskötta
1178 1736 235 35 sinnessjuka.
1443 1736 14 29 I
1476 1734 150 38 enlighet

131 1797 78 29 med
232 1795 127 40 Kungl.
380 1795 125 39 Maj:ts
527 1794 130 38 förslag
685 1793 131 40 (punkt
840 1792 52 34 28,
918 1801 25 20 s.
967 1791 58 34 64)
1053 1791 66 29 och
1140 1789 112 30 under
1274 1789 142 30 erinran
1438 1790 51 28 att
1511 1787 115 30 ansla-

130 1852 55 36 get
204 1850 55 29 för
278 1849 149 40 löpande
446 1847 169 40 budgetår
634 1847 155 29 anvisats
811 1846 79 28 med
910 1853 135 21 samma
1064 1843 135 40 belopp,
1219 1842 204 30 hemställer
1442 1841 182 33 utskottet,

487 1938 50 27 att
560 1935 187 38 riksdagen
772 1934 57 29 må
854 1934 52 28 till
930 1932 128 39 Bidrag
1084 1931 52 30 till
1158 1931 131 39 driften
1313 1940 43 20 av
1380 1930 165 30 vårdhem
1569 1930 57 38 för

443 1989 182 30 lättskötta
643 1987 229 39 sinnessjuka
893 1986 54 30 för
965 1985 206 39 budgetåret
1191 1983 142 38 1948/49
1352 1984 120 29 anvisa
1489 1985 49 28 ett
1556 1982 70 30 för-

443 2042 214 39 slagsanslag
680 2051 42 20 av
747 2040 94 30 1250
856 2040 63 30 000
942 2040 142 28 kronor.

174 2151 96 33 23:0)
297 2151 126 34 Bidrag
441 2150 53 29 till
513 2149 165 29 anstalter
697 2149 55 28 för
772 2147 181 29 obildbara
971 2145 205 30 sinnesslöa.
1207 2145 12 29 I
1239 2144 150 37 enlighet
1407 2144 77 29 med
1503 2142 124 37 Kungl.

132 2204 124 38 Maj:ts
280 2203 131 38 förslag
438 2202 130 39 (punkt
590 2201 51 33 33,
666 2210 24 19 s.
715 2201 74 32 66),
812 2200 108 28 vilket
943 2199 146 28 innebär
1112 2207 42 20 en
1177 2196 347 39 anslagsminskning
1547 2195 78 29 med

136 2256 59 29 100
210 2257 62 28 000
297 2256 141 32 kronor,
466 2253 200 30 hemställer
690 2253 182 32 utskottet,

488 2344 50 27 att
566 2342 187 37 riksdagen
780 2341 57 28 må
863 2340 50 29 till
939 2339 129 38 Bidrag
1096 2338 52 29 till
1171 2337 170 30 anstalter
1365 2338 57 37 för
1448 2336 178 30 obildbara

444 2395 193 30 sinnesslöa
663 2395 54 28 för
741 2394 205 37 budgetåret
972 2391 141 36 1948/49
1138 2391 121 30 anvisa
1282 2393 49 27 ett
1355 2389 272 39 förslagsanslag

445 2459 41 19 av
511 2448 92 29 1700
618 2448 62 29 000
703 2448 141 28 kronor.

133 2524 17 28 2
174 2512 24 52 —
203 2522 152 38 Bihang
377 2521 51 29 till
449 2520 203 38 riksdagens
673 2518 177 39 protokoll
873 2518 92 28 1948.
999 2519 19 25 6
1038 2517 98 29 saml.
1169 2517 48 28 Nr
1238 2516 49 29 11.
