2212 2594
662 211 118 30 Första
802 212 226 36 lagutskottets
1051 214 163 30 utlåtande
1235 216 44 28 Nr
1300 218 46 28 10.
1745 219 15 28 1

926 781 63 39 Nr
1012 782 62 39 10.

662 940 115 27 Ankom
797 942 47 25 till
867 942 178 33 riksdagens
1067 944 98 25 kansli
1186 944 54 26 den
1263 945 31 25 21
1317 945 132 26 februari
1474 945 66 26 1921
1563 947 38 25 kl.
1628 945 26 27 4
1679 946 15 25 5
1717 955 22 17 e.
1761 954 34 18 m.

402 1102 189 34 Utlåtande
625 1107 13 29 i
672 1104 194 43 anledning
902 1116 42 22 av
967 1105 106 34 väckt
1095 1109 134 31 motion
1254 1098 189 51 angående
1464 1108 154 42 ändring
1644 1120 42 22 av
1709 1110 42 33 35
1773 1109 24 42 $

597 1170 14 30 i
637 1167 104 42 lagen
764 1178 55 23 om
845 1168 213 43 aktiebolåg.

390 1318 201 28 Närvarande:
614 1321 105 26 herrar
741 1321 166 27 Pettersson
930 1323 9 25 i
963 1322 167 34 Södertälje,
1153 1323 229 32 Alexanderson,
1405 1325 140 33 Rogberg,
1569 1325 78 27 Edw.
1671 1326 123 30 Larson,

584 1364 86 25 greve
687 1355 100 34 Spens,
804 1356 26 27 J.
847 1357 32 26 T.
896 1357 141 32 Larsson,
1056 1357 67 27 Carl
1140 1359 177 31 Johansson,
1336 1360 31 25 P.
1385 1360 33 26 A.
1436 1360 148 31 Hansson,
1603 1361 166 27 Pettersson
1785 1363 9 24 i

585 1390 129 33 Bjälbo”,
735 1391 213 32 Hederstierna,
971 1392 169 35 Svedberg”,
1160 1393 92 27 Strid"
1274 1396 53 25 och
1348 1395 140 33 Billqvist.

639 1472 11 10 "
672 1474 27 25 Ej
723 1475 149 22 närvarande
894 1476 43 22 vid
956 1477 144 22 utlåtandets
1124 1477 121 26 justering.

329 1634 18 33 I
377 1646 45 22 en
452 1637 99 32 inom
581 1636 118 35 första
730 1638 210 34 kammaren
971 1640 116 39 väckt,
1120 1641 55 32 till
1206 1641 200 41 lagutskott
1436 1642 181 33 hänvisad
1647 1644 146 37 motion,

199 1697 43 23 nr
281 1689 51 38 76,
370 1690 121 32 vilken
527 1691 215 33 behandlats
780 1703 44 22 av
851 1692 115 34 första
994 1694 243 40 lagutskottet,
1263 1696 68 32 har
1359 1696 85 32 herr
1474 1696 101 33 Rune
1601 1697 192 36 hemställt,

200 1744 49 31 att
271 1743 196 42 riksdagen
491 1746 172 40 antingen
686 1746 107 33 måtte
817 1747 58 32 för
900 1749 57 31 sin
981 1748 56 33 del
1063 1751 133 39 antaga
1221 1749 68 33 den
1313 1750 156 42 ändring
1494 1752 53 31 uti
1569 1751 42 33 35
1638 1750 19 38 $
1684 1751 109 33 aktie-

197 1796 247 42 bolagslagen,
467 1801 50 31 att
541 1801 241 40 paragrafens
806 1801 116 34 första
945 1803 114 40 punkt
1084 1803 156 33 erhåller
1264 1804 161 41 följande
1448 1805 151 41 lydelse:
1625 1803 169 44 >Ökning

199 1860 44 23 av
278 1851 271 43 aktiekapitalet
584 1854 147 34 medelst
755 1866 51 31 ny
830 1856 268 43 aktieteckning
1122 1858 57 33 må
1205 1860 32 39 ej
1262 1859 171 39 beslutas,
1459 1860 114 32 innan
1597 1861 109 32 minst
1730 1861 61 32 nio

197 1905 221 34 tiondedelar
440 1917 44 22 av
508 1907 56 33 det
585 1908 139 42 belopp,
748 1910 121 33 vartill
892 1911 271 41 aktiekapitalet
1184 1913 58 32 vid
1264 1913 172 34 beslutets
1459 1914 160 34 fattande
1640 1915 151 41 uppgår,

197 1959 55 32 till
271 1959 91 34 fullo
381 1961 169 34 inbetalts
571 1963 67 32 och
658 1965 237 41 registrering
915 1966 125 32 därom
1062 1967 125 39 skett>,
1209 1967 87 33 eller
1318 1970 50 31 att
1389 1968 198 42 riksdagen
1606 1969 106 34 måtte
1734 1970 57 32 för

198 2014 57 31 sin
274 2014 56 33 del
350 2017 133 40 antaga
502 2027 122 22 annan
645 2028 45 22 av
708 2019 170 33 utskottet
897 2021 173 40 möjligen
1088 2021 208 42 föreslagen
1315 2022 155 42 ändring
1491 2034 44 22 av
1554 2024 113 41 sagda
1686 2034 105 31 para-

197 2067 91 40 graf,
311 2079 78 22 som
410 2071 13 30 i
445 2070 193 34 huvudsak
660 2072 142 42 åsyftar
825 2083 137 24 samma
986 2075 81 33 mål.

328 2126 234 35 Beträffande
587 2128 42 33 de
654 2129 92 39 skäl,
771 2131 225 32 motionären
1021 2130 121 34 anfört
1166 2131 55 32 till
1245 2132 80 33 stöd
1348 2131 58 34 för
1429 2133 59 32 sin
1511 2132 280 42 ifrågavarande

195 2180 226 40 hemställan,
444 2181 58 34 får
523 2182 172 34 utskottet
716 2183 155 34 hänvisa
891 2184 54 33 till
967 2185 191 33 motionen.

326 2290 73 33 Till
423 2291 42 33 de
486 2290 200 36 materiella
711 2292 354 43 förutsättningarna
1087 2294 58 33 för
1170 2296 49 32 att
1243 2297 47 32 ett
1315 2295 207 42 aktiebolag
1546 2296 96 33 skall
1664 2296 126 37 kunna

194 2345 217 41 registreras
434 2346 67 33 och
524 2346 192 35 såmedelst
737 2348 96 33 bliva
855 2359 44 22 en
922 2349 241 42 självständig
1185 2351 339 41 rättspersonlighet
1545 2351 68 33 hör
1636 2351 153 34 framför

274 2425 130 38 Bikang
425 2425 49 32 till
495 2426 195 40 riksdagens
711 2428 162 38 protokoll
896 2429 86 30 1921.
1013 2431 19 29 9
1054 2430 90 30 saml.
1178 2432 14 29 1
1216 2431 69 30 avd.
1319 2432 18 29 5
1360 2431 77 39 häft.
1473 2431 64 37 (Nr
1559 2431 66 38 10.)
