<?xml version="1.0" encoding="UTF-8"?>
<alto xmlns="http://www.loc.gov/standards/alto/ns-v3#" xmlns:xlink="http://www.w3.org/1999/xlink" xmlns:xsi="http://www.w3.org/2001/XMLSchema-instance" xsi:schemaLocation="http://www.loc.gov/standards/alto/ns-v3# http://www.loc.gov/alto/v3/alto-3-0.xsd">
	<Description>
		<MeasurementUnit>pixel</MeasurementUnit>
		<sourceImageInformation>
			<fileName>/tmp/tess_1qggf381_input.PNG</fileName>
		</sourceImageInformation>
		<OCRProcessing ID="OCR_0">
			<ocrProcessingStep>
				<processingSoftware>
					<softwareName>tesseract 5.3.0</softwareName>
				</processingSoftware>
			</ocrProcessingStep>
		</OCRProcessing>
	</Description>
	<Layout>
		<Page WIDTH="1910" HEIGHT="2848" PHYSICAL_IMG_NR="0" ID="page_0">
			<PrintSpace HPOS="0" VPOS="0" WIDTH="1910" HEIGHT="2848">
				<ComposedBlock ID="cblock_0" HPOS="462" VPOS="180" WIDTH="1105" HEIGHT="44">
					<TextBlock ID="block_0" HPOS="462" VPOS="180" WIDTH="1105" HEIGHT="44">
						<TextLine ID="line_0" HPOS="462" VPOS="180" WIDTH="1105" HEIGHT="44">
							<String ID="string_0" HPOS="462" VPOS="185" WIDTH="418" HEIGHT="39" WC="0.91" CONTENT="Bevillningsutskottets"/><SP WIDTH="20" VPOS="185" HPOS="880"/>
							<String ID="string_1" HPOS="900" VPOS="183" WIDTH="224" HEIGHT="34" WC="0.96" CONTENT="betänkande"/><SP WIDTH="17" VPOS="183" HPOS="1124"/>
							<String ID="string_2" HPOS="1141" VPOS="183" WIDTH="52" HEIGHT="32" WC="0.91" CONTENT="Nr"/><SP WIDTH="24" VPOS="183" HPOS="1193"/>
							<String ID="string_3" HPOS="1217" VPOS="184" WIDTH="50" HEIGHT="30" WC="0.93" CONTENT="35."/><SP WIDTH="260" VPOS="184" HPOS="1267"/>
							<String ID="string_4" HPOS="1527" VPOS="180" WIDTH="40" HEIGHT="30" WC="0.95" CONTENT="35"/>
						</TextLine>
					</TextBlock>
				</ComposedBlock>
				<ComposedBlock ID="cblock_1" HPOS="110" VPOS="265" WIDTH="1510" HEIGHT="1396">
					<TextBlock ID="block_1" HPOS="110" VPOS="265" WIDTH="1510" HEIGHT="1291">
						<TextLine ID="line_1" HPOS="114" VPOS="265" WIDTH="1498" HEIGHT="45">
							<String ID="string_5" HPOS="114" VPOS="276" WIDTH="129" HEIGHT="31" WC="0.90" CONTENT="liteter."/><SP WIDTH="46" VPOS="276" HPOS="243"/>
							<String ID="string_6" HPOS="289" VPOS="274" WIDTH="70" HEIGHT="36" WC="0.96" CONTENT="Jag"/><SP WIDTH="36" VPOS="274" HPOS="359"/>
							<String ID="string_7" HPOS="395" VPOS="276" WIDTH="39" HEIGHT="29" WC="0.96" CONTENT="är"/><SP WIDTH="34" VPOS="276" HPOS="434"/>
							<String ID="string_8" HPOS="468" VPOS="275" WIDTH="86" HEIGHT="30" WC="0.96" CONTENT="utav"/><SP WIDTH="29" VPOS="275" HPOS="554"/>
							<String ID="string_9" HPOS="583" VPOS="273" WIDTH="65" HEIGHT="31" WC="0.96" CONTENT="den"/><SP WIDTH="24" VPOS="273" HPOS="648"/>
							<String ID="string_10" HPOS="672" VPOS="272" WIDTH="200" HEIGHT="35" WC="0.96" CONTENT="meningen,"/><SP WIDTH="24" VPOS="272" HPOS="872"/>
							<String ID="string_11" HPOS="896" VPOS="271" WIDTH="52" HEIGHT="30" WC="0.96" CONTENT="att"/><SP WIDTH="23" VPOS="271" HPOS="948"/>
							<String ID="string_12" HPOS="971" VPOS="279" WIDTH="42" HEIGHT="21" WC="0.96" CONTENT="en"/><SP WIDTH="24" VPOS="279" HPOS="1013"/>
							<String ID="string_13" HPOS="1037" VPOS="269" WIDTH="99" HEIGHT="36" WC="0.96" CONTENT="dylik"/><SP WIDTH="25" VPOS="269" HPOS="1136"/>
							<String ID="string_14" HPOS="1161" VPOS="269" WIDTH="128" HEIGHT="35" WC="0.96" CONTENT="import"/><SP WIDTH="24" VPOS="269" HPOS="1289"/>
							<String ID="string_15" HPOS="1313" VPOS="266" WIDTH="154" HEIGHT="37" WC="0.96" CONTENT="alltjämt"/><SP WIDTH="24" VPOS="266" HPOS="1467"/>
							<String ID="string_16" HPOS="1491" VPOS="266" WIDTH="61" HEIGHT="30" WC="0.96" CONTENT="bör"/><SP WIDTH="23" VPOS="266" HPOS="1552"/>
							<String ID="string_17" HPOS="1575" VPOS="265" WIDTH="37" HEIGHT="30" WC="0.96" CONTENT="få"/>
						</TextLine>
						<TextLine ID="line_2" HPOS="110" VPOS="317" WIDTH="1502" HEIGHT="46">
							<String ID="string_18" HPOS="110" VPOS="330" WIDTH="67" HEIGHT="33" WC="0.96" CONTENT="äga"/><SP WIDTH="31" VPOS="330" HPOS="177"/>
							<String ID="string_19" HPOS="208" VPOS="336" WIDTH="78" HEIGHT="22" WC="0.96" CONTENT="rum"/><SP WIDTH="36" VPOS="336" HPOS="286"/>
							<String ID="string_20" HPOS="322" VPOS="326" WIDTH="63" HEIGHT="31" WC="0.96" CONTENT="och"/><SP WIDTH="24" VPOS="326" HPOS="385"/>
							<String ID="string_21" HPOS="409" VPOS="335" WIDTH="84" HEIGHT="21" WC="0.96" CONTENT="vara"/><SP WIDTH="23" VPOS="335" HPOS="493"/>
							<String ID="string_22" HPOS="516" VPOS="325" WIDTH="74" HEIGHT="36" WC="0.96" CONTENT="just"/><SP WIDTH="23" VPOS="325" HPOS="590"/>
							<String ID="string_23" HPOS="613" VPOS="334" WIDTH="44" HEIGHT="21" WC="0.96" CONTENT="en"/><SP WIDTH="16" VPOS="334" HPOS="657"/>
							<String ID="string_24" HPOS="673" VPOS="323" WIDTH="108" HEIGHT="32" WC="0.92" CONTENT="sådan"/><SP WIDTH="16" VPOS="323" HPOS="781"/>
							<String ID="string_25" HPOS="797" VPOS="321" WIDTH="326" HEIGHT="38" WC="0.91" CONTENT="jämförelsepunkt,"/><SP WIDTH="17" VPOS="321" HPOS="1123"/>
							<String ID="string_26" HPOS="1140" VPOS="330" WIDTH="56" HEIGHT="21" WC="0.96" CONTENT="om"/><SP WIDTH="16" VPOS="330" HPOS="1196"/>
							<String ID="string_27" HPOS="1212" VPOS="320" WIDTH="62" HEIGHT="31" WC="0.96" CONTENT="ock"/><SP WIDTH="17" VPOS="320" HPOS="1274"/>
							<String ID="string_28" HPOS="1291" VPOS="319" WIDTH="57" HEIGHT="31" WC="0.96" CONTENT="till"/><SP WIDTH="17" VPOS="319" HPOS="1348"/>
							<String ID="string_29" HPOS="1365" VPOS="319" WIDTH="101" HEIGHT="35" WC="0.96" CONTENT="ringa"/><SP WIDTH="13" VPOS="319" HPOS="1466"/>
							<String ID="string_30" HPOS="1479" VPOS="317" WIDTH="133" HEIGHT="31" WC="0.96" CONTENT="verkan"/>
						</TextLine>
						<TextLine ID="line_3" HPOS="112" VPOS="369" WIDTH="1497" HEIGHT="46">
							<String ID="string_31" HPOS="112" VPOS="380" WIDTH="45" HEIGHT="35" WC="0.96" CONTENT="på"/><SP WIDTH="35" VPOS="380" HPOS="157"/>
							<String ID="string_32" HPOS="192" VPOS="377" WIDTH="115" HEIGHT="37" WC="0.96" CONTENT="grund"/><SP WIDTH="36" VPOS="377" HPOS="307"/>
							<String ID="string_33" HPOS="343" VPOS="388" WIDTH="44" HEIGHT="20" WC="0.96" CONTENT="av"/><SP WIDTH="25" VPOS="388" HPOS="387"/>
							<String ID="string_34" HPOS="412" VPOS="378" WIDTH="173" HEIGHT="35" WC="0.93" CONTENT="importen"/><SP WIDTH="24" VPOS="378" HPOS="585"/>
							<String ID="string_35" HPOS="609" VPOS="375" WIDTH="191" HEIGHT="37" WC="0.91" CONTENT="påvilande"/><SP WIDTH="23" VPOS="375" HPOS="800"/>
							<String ID="string_36" HPOS="823" VPOS="374" WIDTH="164" HEIGHT="36" WC="0.95" CONTENT="avgifter."/><SP WIDTH="46" VPOS="374" HPOS="987"/>
							<String ID="string_37" HPOS="1033" VPOS="372" WIDTH="69" HEIGHT="36" WC="0.96" CONTENT="Jag"/><SP WIDTH="24" VPOS="372" HPOS="1102"/>
							<String ID="string_38" HPOS="1126" VPOS="381" WIDTH="102" HEIGHT="22" WC="0.94" CONTENT="anser"/><SP WIDTH="24" VPOS="381" HPOS="1228"/>
							<String ID="string_39" HPOS="1252" VPOS="369" WIDTH="193" HEIGHT="33" WC="0.96" CONTENT="emellertid"/><SP WIDTH="35" VPOS="369" HPOS="1445"/>
							<String ID="string_40" HPOS="1480" VPOS="369" WIDTH="129" HEIGHT="35" WC="0.96" CONTENT="tillika,"/>
						</TextLine>
						<TextLine ID="line_4" HPOS="112" VPOS="420" WIDTH="1497" HEIGHT="41">
							<String ID="string_41" HPOS="112" VPOS="432" WIDTH="52" HEIGHT="29" WC="0.96" CONTENT="att"/><SP WIDTH="34" VPOS="432" HPOS="164"/>
							<String ID="string_42" HPOS="198" VPOS="430" WIDTH="57" HEIGHT="31" WC="0.96" CONTENT="det"/><SP WIDTH="39" VPOS="430" HPOS="255"/>
							<String ID="string_43" HPOS="294" VPOS="439" WIDTH="81" HEIGHT="21" WC="0.92" CONTENT="vore"/><SP WIDTH="35" VPOS="439" HPOS="375"/>
							<String ID="string_44" HPOS="410" VPOS="428" WIDTH="207" HEIGHT="32" WC="0.90" CONTENT="välbetänkt"/><SP WIDTH="35" VPOS="428" HPOS="617"/>
							<String ID="string_45" HPOS="652" VPOS="429" WIDTH="52" HEIGHT="29" WC="0.96" CONTENT="att"/><SP WIDTH="35" VPOS="429" HPOS="704"/>
							<String ID="string_46" HPOS="739" VPOS="426" WIDTH="105" HEIGHT="32" WC="0.96" CONTENT="träffa"/><SP WIDTH="25" VPOS="426" HPOS="844"/>
							<String ID="string_47" HPOS="869" VPOS="427" WIDTH="115" HEIGHT="34" WC="0.96" CONTENT="någon"/><SP WIDTH="24" VPOS="427" HPOS="984"/>
							<String ID="string_48" HPOS="1008" VPOS="423" WIDTH="200" HEIGHT="36" WC="0.96" CONTENT="anordning"/><SP WIDTH="24" VPOS="423" HPOS="1208"/>
							<String ID="string_49" HPOS="1232" VPOS="433" WIDTH="73" HEIGHT="21" WC="0.96" CONTENT="som"/><SP WIDTH="25" VPOS="433" HPOS="1305"/>
							<String ID="string_50" HPOS="1330" VPOS="424" WIDTH="70" HEIGHT="35" WC="0.96" CONTENT="gör,"/><SP WIDTH="24" VPOS="424" HPOS="1400"/>
							<String ID="string_51" HPOS="1424" VPOS="423" WIDTH="52" HEIGHT="29" WC="0.96" CONTENT="att"/><SP WIDTH="23" VPOS="423" HPOS="1476"/>
							<String ID="string_52" HPOS="1499" VPOS="420" WIDTH="110" HEIGHT="32" WC="0.96" CONTENT="denna"/>
						</TextLine>
						<TextLine ID="line_5" HPOS="114" VPOS="475" WIDTH="1498" HEIGHT="43">
							<String ID="string_53" HPOS="114" VPOS="482" WIDTH="135" HEIGHT="36" WC="0.96" CONTENT="tävlan,"/><SP WIDTH="34" VPOS="482" HPOS="249"/>
							<String ID="string_54" HPOS="283" VPOS="492" WIDTH="75" HEIGHT="21" WC="0.96" CONTENT="som"/><SP WIDTH="34" VPOS="492" HPOS="358"/>
							<String ID="string_55" HPOS="392" VPOS="491" WIDTH="100" HEIGHT="21" WC="0.96" CONTENT="anses"/><SP WIDTH="24" VPOS="491" HPOS="492"/>
							<String ID="string_56" HPOS="516" VPOS="490" WIDTH="84" HEIGHT="21" WC="0.96" CONTENT="vara"/><SP WIDTH="24" VPOS="490" HPOS="600"/>
							<String ID="string_57" HPOS="624" VPOS="479" WIDTH="177" HEIGHT="36" WC="0.96" CONTENT="behövlig,"/><SP WIDTH="24" VPOS="479" HPOS="801"/>
							<String ID="string_58" HPOS="825" VPOS="478" WIDTH="91" HEIGHT="31" WC="0.96" CONTENT="skall"/><SP WIDTH="25" VPOS="478" HPOS="916"/>
							<String ID="string_59" HPOS="941" VPOS="477" WIDTH="119" HEIGHT="31" WC="0.96" CONTENT="kunna"/><SP WIDTH="24" VPOS="477" HPOS="1060"/>
							<String ID="string_60" HPOS="1084" VPOS="479" WIDTH="68" HEIGHT="34" WC="0.96" CONTENT="äga"/><SP WIDTH="23" VPOS="479" HPOS="1152"/>
							<String ID="string_61" HPOS="1175" VPOS="485" WIDTH="79" HEIGHT="21" WC="0.96" CONTENT="rum"/><SP WIDTH="25" VPOS="485" HPOS="1254"/>
							<String ID="string_62" HPOS="1279" VPOS="476" WIDTH="12" HEIGHT="29" WC="0.96" CONTENT="i"/><SP WIDTH="23" VPOS="476" HPOS="1291"/>
							<String ID="string_63" HPOS="1314" VPOS="475" WIDTH="90" HEIGHT="30" WC="0.96" CONTENT="form"/><SP WIDTH="23" VPOS="475" HPOS="1404"/>
							<String ID="string_64" HPOS="1427" VPOS="484" WIDTH="44" HEIGHT="20" WC="0.96" CONTENT="av"/><SP WIDTH="24" VPOS="484" HPOS="1471"/>
							<String ID="string_65" HPOS="1495" VPOS="482" WIDTH="117" HEIGHT="21" WC="0.95" CONTENT="annan"/>
						</TextLine>
						<TextLine ID="line_6" HPOS="113" VPOS="524" WIDTH="1500" HEIGHT="47">
							<String ID="string_66" HPOS="113" VPOS="534" WIDTH="234" HEIGHT="37" WC="0.95" CONTENT="tillverkning"/><SP WIDTH="19" VPOS="534" HPOS="347"/>
							<String ID="string_67" HPOS="366" VPOS="534" WIDTH="96" HEIGHT="31" WC="0.95" CONTENT="inom"/><SP WIDTH="28" VPOS="534" HPOS="462"/>
							<String ID="string_68" HPOS="490" VPOS="533" WIDTH="102" HEIGHT="31" WC="0.94" CONTENT="riket."/><SP WIDTH="47" VPOS="533" HPOS="592"/>
							<String ID="string_69" HPOS="639" VPOS="532" WIDTH="127" HEIGHT="35" WC="0.95" CONTENT="Alltså,"/><SP WIDTH="24" VPOS="532" HPOS="766"/>
							<String ID="string_70" HPOS="790" VPOS="532" WIDTH="52" HEIGHT="30" WC="0.96" CONTENT="att"/><SP WIDTH="24" VPOS="532" HPOS="842"/>
							<String ID="string_71" HPOS="866" VPOS="530" WIDTH="134" HEIGHT="31" WC="0.96" CONTENT="likaväl"/><SP WIDTH="24" VPOS="530" HPOS="1000"/>
							<String ID="string_72" HPOS="1024" VPOS="539" WIDTH="74" HEIGHT="21" WC="0.96" CONTENT="som"/><SP WIDTH="23" VPOS="539" HPOS="1098"/>
							<String ID="string_73" HPOS="1121" VPOS="529" WIDTH="13" HEIGHT="30" WC="0.96" CONTENT="i"/><SP WIDTH="24" VPOS="529" HPOS="1134"/>
							<String ID="string_74" HPOS="1158" VPOS="527" WIDTH="159" HEIGHT="32" WC="0.96" CONTENT="utlandet"/><SP WIDTH="16" VPOS="527" HPOS="1317"/>
							<String ID="string_75" HPOS="1333" VPOS="524" WIDTH="208" HEIGHT="34" WC="0.93" CONTENT="tillverkade"/><SP WIDTH="24" VPOS="524" HPOS="1541"/>
							<String ID="string_76" HPOS="1565" VPOS="526" WIDTH="48" HEIGHT="30" WC="0.90" CONTENT="to-"/>
						</TextLine>
						<TextLine ID="line_7" HPOS="120" VPOS="577" WIDTH="1493" HEIGHT="41">
							<String ID="string_77" HPOS="120" VPOS="587" WIDTH="190" HEIGHT="31" WC="0.91" CONTENT="baksvaror"/><SP WIDTH="28" VPOS="587" HPOS="310"/>
							<String ID="string_78" HPOS="338" VPOS="586" WIDTH="37" HEIGHT="31" WC="0.96" CONTENT="få"/><SP WIDTH="23" VPOS="586" HPOS="375"/>
							<String ID="string_79" HPOS="398" VPOS="585" WIDTH="97" HEIGHT="31" WC="0.96" CONTENT="tävla"/><SP WIDTH="24" VPOS="585" HPOS="495"/>
							<String ID="string_80" HPOS="519" VPOS="584" WIDTH="78" HEIGHT="31" WC="0.96" CONTENT="med"/><SP WIDTH="23" VPOS="584" HPOS="597"/>
							<String ID="string_81" HPOS="620" VPOS="584" WIDTH="57" HEIGHT="31" WC="0.96" CONTENT="det"/><SP WIDTH="23" VPOS="584" HPOS="677"/>
							<String ID="string_82" HPOS="700" VPOS="582" WIDTH="205" HEIGHT="32" WC="0.96" CONTENT="nuvarande"/><SP WIDTH="25" VPOS="582" HPOS="905"/>
							<String ID="string_83" HPOS="930" VPOS="581" WIDTH="195" HEIGHT="36" WC="0.96" CONTENT="monopolet"/><SP WIDTH="24" VPOS="581" HPOS="1125"/>
							<String ID="string_84" HPOS="1149" VPOS="580" WIDTH="57" HEIGHT="31" WC="0.96" CONTENT="det"/><SP WIDTH="24" VPOS="580" HPOS="1206"/>
							<String ID="string_85" HPOS="1230" VPOS="579" WIDTH="113" HEIGHT="32" WC="0.96" CONTENT="skulle"/><SP WIDTH="24" VPOS="579" HPOS="1343"/>
							<String ID="string_86" HPOS="1367" VPOS="581" WIDTH="88" HEIGHT="29" WC="0.96" CONTENT="även"/><SP WIDTH="24" VPOS="581" HPOS="1455"/>
							<String ID="string_87" HPOS="1479" VPOS="577" WIDTH="134" HEIGHT="31" WC="0.96" CONTENT="tillåtas"/>
						</TextLine>
						<TextLine ID="line_8" HPOS="116" VPOS="629" WIDTH="1498" HEIGHT="42">
							<String ID="string_88" HPOS="116" VPOS="639" WIDTH="54" HEIGHT="30" WC="0.96" CONTENT="för"/><SP WIDTH="23" VPOS="639" HPOS="170"/>
							<String ID="string_89" HPOS="193" VPOS="647" WIDTH="118" HEIGHT="22" WC="0.90" CONTENT="annan"/><SP WIDTH="24" VPOS="647" HPOS="311"/>
							<String ID="string_90" HPOS="335" VPOS="637" WIDTH="139" HEIGHT="31" WC="0.85" CONTENT="”svensk"/><SP WIDTH="24" VPOS="637" HPOS="474"/>
							<String ID="string_91" HPOS="498" VPOS="635" WIDTH="247" HEIGHT="36" WC="0.93" CONTENT="tillverkning”"/><SP WIDTH="25" VPOS="635" HPOS="745"/>
							<String ID="string_92" HPOS="770" VPOS="636" WIDTH="52" HEIGHT="30" WC="0.96" CONTENT="att"/><SP WIDTH="24" VPOS="636" HPOS="822"/>
							<String ID="string_93" HPOS="846" VPOS="635" WIDTH="39" HEIGHT="30" WC="0.96" CONTENT="så"/><SP WIDTH="23" VPOS="635" HPOS="885"/>
							<String ID="string_94" HPOS="908" VPOS="635" WIDTH="96" HEIGHT="35" WC="0.96" CONTENT="göra,"/><SP WIDTH="24" VPOS="635" HPOS="1004"/>
							<String ID="string_95" HPOS="1028" VPOS="633" WIDTH="64" HEIGHT="31" WC="0.96" CONTENT="och"/><SP WIDTH="23" VPOS="633" HPOS="1092"/>
							<String ID="string_96" HPOS="1115" VPOS="634" WIDTH="52" HEIGHT="29" WC="0.96" CONTENT="att"/><SP WIDTH="25" VPOS="634" HPOS="1167"/>
							<String ID="string_97" HPOS="1192" VPOS="631" WIDTH="225" HEIGHT="37" WC="0.96" CONTENT="följaktligen"/><SP WIDTH="23" VPOS="631" HPOS="1417"/>
							<String ID="string_98" HPOS="1440" VPOS="630" WIDTH="133" HEIGHT="30" WC="0.96" CONTENT="arbetet"/><SP WIDTH="29" VPOS="630" HPOS="1573"/>
							<String ID="string_99" HPOS="1602" VPOS="629" WIDTH="12" HEIGHT="29" WC="0.96" CONTENT="i"/>
						</TextLine>
						<TextLine ID="line_9" HPOS="114" VPOS="680" WIDTH="1500" HEIGHT="46">
							<String ID="string_100" HPOS="114" VPOS="689" WIDTH="89" HEIGHT="32" WC="0.96" CONTENT="ökad"/><SP WIDTH="25" VPOS="689" HPOS="203"/>
							<String ID="string_101" HPOS="228" VPOS="689" WIDTH="85" HEIGHT="37" WC="0.96" CONTENT="grad"/><SP WIDTH="24" VPOS="689" HPOS="313"/>
							<String ID="string_102" HPOS="337" VPOS="689" WIDTH="92" HEIGHT="31" WC="0.96" CONTENT="skall"/><SP WIDTH="24" VPOS="689" HPOS="429"/>
							<String ID="string_103" HPOS="453" VPOS="689" WIDTH="120" HEIGHT="30" WC="0.96" CONTENT="kunna"/><SP WIDTH="24" VPOS="689" HPOS="573"/>
							<String ID="string_104" HPOS="597" VPOS="687" WIDTH="167" HEIGHT="31" WC="0.96" CONTENT="förrättas"/><SP WIDTH="24" VPOS="687" HPOS="764"/>
							<String ID="string_105" HPOS="788" VPOS="687" WIDTH="96" HEIGHT="30" WC="0.96" CONTENT="inom"/><SP WIDTH="23" VPOS="687" HPOS="884"/>
							<String ID="string_106" HPOS="907" VPOS="685" WIDTH="129" HEIGHT="31" WC="0.96" CONTENT="landet."/><SP WIDTH="46" VPOS="685" HPOS="1036"/>
							<String ID="string_107" HPOS="1082" VPOS="684" WIDTH="120" HEIGHT="32" WC="0.96" CONTENT="Under"/><SP WIDTH="23" VPOS="684" HPOS="1202"/>
							<String ID="string_108" HPOS="1225" VPOS="683" WIDTH="129" HEIGHT="31" WC="0.96" CONTENT="sådana"/><SP WIDTH="16" VPOS="683" HPOS="1354"/>
							<String ID="string_109" HPOS="1370" VPOS="680" WIDTH="244" HEIGHT="33" WC="0.95" CONTENT="förhållanden"/>
						</TextLine>
						<TextLine ID="line_10" HPOS="113" VPOS="732" WIDTH="1502" HEIGHT="46">
							<String ID="string_110" HPOS="113" VPOS="742" WIDTH="116" HEIGHT="32" WC="0.95" CONTENT="skulle"/><SP WIDTH="24" VPOS="742" HPOS="229"/>
							<String ID="string_111" HPOS="253" VPOS="742" WIDTH="125" HEIGHT="36" WC="0.96" CONTENT="staten,"/><SP WIDTH="26" VPOS="742" HPOS="378"/>
							<String ID="string_112" HPOS="404" VPOS="751" WIDTH="55" HEIGHT="21" WC="0.96" CONTENT="om"/><SP WIDTH="24" VPOS="751" HPOS="459"/>
							<String ID="string_113" HPOS="483" VPOS="740" WIDTH="188" HEIGHT="36" WC="0.96" CONTENT="riksdagen"/><SP WIDTH="24" VPOS="740" HPOS="671"/>
							<String ID="string_114" HPOS="695" VPOS="739" WIDTH="156" HEIGHT="32" WC="0.96" CONTENT="beslutar"/><SP WIDTH="24" VPOS="739" HPOS="851"/>
							<String ID="string_115" HPOS="875" VPOS="739" WIDTH="52" HEIGHT="30" WC="0.96" CONTENT="att"/><SP WIDTH="23" VPOS="739" HPOS="927"/>
							<String ID="string_116" HPOS="950" VPOS="738" WIDTH="114" HEIGHT="31" WC="0.96" CONTENT="staten"/><SP WIDTH="12" VPOS="738" HPOS="1064"/>
							<String ID="string_117" HPOS="1076" VPOS="736" WIDTH="92" HEIGHT="31" WC="0.96" CONTENT="skall"/><SP WIDTH="17" VPOS="736" HPOS="1168"/>
							<String ID="string_118" HPOS="1185" VPOS="736" WIDTH="163" HEIGHT="31" WC="0.96" CONTENT="fortsätta"/><SP WIDTH="16" VPOS="736" HPOS="1348"/>
							<String ID="string_119" HPOS="1364" VPOS="733" WIDTH="76" HEIGHT="32" WC="0.92" CONTENT="med"/><SP WIDTH="16" VPOS="733" HPOS="1440"/>
							<String ID="string_120" HPOS="1456" VPOS="732" WIDTH="159" HEIGHT="33" WC="0.90" CONTENT="tillverk-"/>
						</TextLine>
						<TextLine ID="line_11" HPOS="115" VPOS="786" WIDTH="1500" HEIGHT="45">
							<String ID="string_121" HPOS="115" VPOS="795" WIDTH="86" HEIGHT="36" WC="0.96" CONTENT="ning"/><SP WIDTH="25" VPOS="795" HPOS="201"/>
							<String ID="string_122" HPOS="226" VPOS="804" WIDTH="43" HEIGHT="21" WC="0.96" CONTENT="av"/><SP WIDTH="25" VPOS="804" HPOS="269"/>
							<String ID="string_123" HPOS="294" VPOS="794" WIDTH="239" HEIGHT="35" WC="0.96" CONTENT="tobaksvaror,"/><SP WIDTH="24" VPOS="794" HPOS="533"/>
							<String ID="string_124" HPOS="557" VPOS="792" WIDTH="85" HEIGHT="32" WC="0.96" CONTENT="dock"/><SP WIDTH="25" VPOS="792" HPOS="642"/>
							<String ID="string_125" HPOS="667" VPOS="792" WIDTH="75" HEIGHT="31" WC="0.96" CONTENT="icke"/><SP WIDTH="25" VPOS="792" HPOS="742"/>
							<String ID="string_126" HPOS="767" VPOS="793" WIDTH="85" HEIGHT="35" WC="0.96" CONTENT="göra"/><SP WIDTH="24" VPOS="793" HPOS="852"/>
							<String ID="string_127" HPOS="876" VPOS="790" WIDTH="56" HEIGHT="31" WC="0.96" CONTENT="det"/><SP WIDTH="22" VPOS="790" HPOS="932"/>
							<String ID="string_128" HPOS="954" VPOS="790" WIDTH="113" HEIGHT="31" WC="0.96" CONTENT="såsom"/><SP WIDTH="24" VPOS="790" HPOS="1067"/>
							<String ID="string_129" HPOS="1091" VPOS="787" WIDTH="222" HEIGHT="33" WC="0.96" CONTENT="uteslutande"/><SP WIDTH="23" VPOS="787" HPOS="1313"/>
							<String ID="string_130" HPOS="1336" VPOS="786" WIDTH="171" HEIGHT="36" WC="0.95" CONTENT="monopol,"/><SP WIDTH="21" VPOS="786" HPOS="1507"/>
							<String ID="string_131" HPOS="1528" VPOS="787" WIDTH="87" HEIGHT="29" WC="0.96" CONTENT="utan"/>
						</TextLine>
						<TextLine ID="line_12" HPOS="115" VPOS="837" WIDTH="1500" HEIGHT="42">
							<String ID="string_132" HPOS="115" VPOS="847" WIDTH="56" HEIGHT="31" WC="0.96" CONTENT="det"/><SP WIDTH="35" VPOS="847" HPOS="171"/>
							<String ID="string_133" HPOS="206" VPOS="845" WIDTH="116" HEIGHT="32" WC="0.96" CONTENT="kunde"/><SP WIDTH="36" VPOS="845" HPOS="322"/>
							<String ID="string_134" HPOS="358" VPOS="846" WIDTH="59" HEIGHT="30" WC="0.96" CONTENT="ske"/><SP WIDTH="35" VPOS="846" HPOS="417"/>
							<String ID="string_135" HPOS="452" VPOS="845" WIDTH="111" HEIGHT="31" WC="0.96" CONTENT="under"/><SP WIDTH="39" VPOS="845" HPOS="563"/>
							<String ID="string_136" HPOS="602" VPOS="843" WIDTH="215" HEIGHT="36" WC="0.96" CONTENT="benämning"/><SP WIDTH="24" VPOS="843" HPOS="817"/>
							<String ID="string_137" HPOS="841" VPOS="853" WIDTH="45" HEIGHT="20" WC="0.96" CONTENT="av"/><SP WIDTH="25" VPOS="853" HPOS="886"/>
							<String ID="string_138" HPOS="911" VPOS="841" WIDTH="211" HEIGHT="36" WC="0.93" CONTENT="exempelvis"/><SP WIDTH="25" VPOS="841" HPOS="1122"/>
							<String ID="string_139" HPOS="1147" VPOS="840" WIDTH="150" HEIGHT="31" WC="0.92" CONTENT="”Statens"/><SP WIDTH="23" VPOS="840" HPOS="1297"/>
							<String ID="string_140" HPOS="1320" VPOS="837" WIDTH="295" HEIGHT="33" WC="0.92" CONTENT="Tobakstillverk-"/>
						</TextLine>
						<TextLine ID="line_13" HPOS="116" VPOS="889" WIDTH="1499" HEIGHT="44">
							<String ID="string_141" HPOS="116" VPOS="898" WIDTH="97" HEIGHT="35" WC="0.94" CONTENT="ning”"/><SP WIDTH="37" VPOS="898" HPOS="213"/>
							<String ID="string_142" HPOS="250" VPOS="897" WIDTH="62" HEIGHT="32" WC="0.95" CONTENT="och"/><SP WIDTH="25" VPOS="897" HPOS="312"/>
							<String ID="string_143" HPOS="337" VPOS="898" WIDTH="116" HEIGHT="35" WC="0.96" CONTENT="någon"/><SP WIDTH="24" VPOS="898" HPOS="453"/>
							<String ID="string_144" HPOS="477" VPOS="896" WIDTH="198" HEIGHT="36" WC="0.96" CONTENT="anordning"/><SP WIDTH="25" VPOS="896" HPOS="675"/>
							<String ID="string_145" HPOS="700" VPOS="895" WIDTH="120" HEIGHT="31" WC="0.96" CONTENT="träffas"/><SP WIDTH="24" VPOS="895" HPOS="820"/>
							<String ID="string_146" HPOS="844" VPOS="903" WIDTH="74" HEIGHT="22" WC="0.96" CONTENT="som"/><SP WIDTH="24" VPOS="903" HPOS="918"/>
							<String ID="string_147" HPOS="942" VPOS="893" WIDTH="190" HEIGHT="36" WC="0.96" CONTENT="möjliggör"/><SP WIDTH="24" VPOS="893" HPOS="1132"/>
							<String ID="string_148" HPOS="1156" VPOS="892" WIDTH="123" HEIGHT="31" WC="0.96" CONTENT="tävlan"/><SP WIDTH="16" VPOS="892" HPOS="1279"/>
							<String ID="string_149" HPOS="1295" VPOS="891" WIDTH="102" HEIGHT="31" WC="0.86" CONTENT="inom"/><SP WIDTH="24" VPOS="891" HPOS="1397"/>
							<String ID="string_150" HPOS="1421" VPOS="890" WIDTH="91" HEIGHT="31" WC="0.93" CONTENT="riket"/><SP WIDTH="21" VPOS="890" HPOS="1512"/>
							<String ID="string_151" HPOS="1533" VPOS="889" WIDTH="82" HEIGHT="31" WC="0.93" CONTENT="kva-"/>
						</TextLine>
						<TextLine ID="line_14" HPOS="115" VPOS="941" WIDTH="1501" HEIGHT="44">
							<String ID="string_152" HPOS="115" VPOS="949" WIDTH="148" HEIGHT="32" WC="0.89" CONTENT="litativt."/><SP WIDTH="46" VPOS="949" HPOS="263"/>
							<String ID="string_153" HPOS="309" VPOS="948" WIDTH="74" HEIGHT="37" WC="0.95" CONTENT="Om,"/><SP WIDTH="35" VPOS="948" HPOS="383"/>
							<String ID="string_154" HPOS="418" VPOS="949" WIDTH="113" HEIGHT="31" WC="0.96" CONTENT="såsom"/><SP WIDTH="35" VPOS="949" HPOS="531"/>
							<String ID="string_155" HPOS="566" VPOS="948" WIDTH="56" HEIGHT="31" WC="0.96" CONTENT="det"/><SP WIDTH="35" VPOS="948" HPOS="622"/>
							<String ID="string_156" HPOS="657" VPOS="948" WIDTH="13" HEIGHT="30" WC="0.93" CONTENT="i"/><SP WIDTH="34" VPOS="948" HPOS="670"/>
							<String ID="string_157" HPOS="704" VPOS="944" WIDTH="453" HEIGHT="38" WC="0.90" CONTENT="socialiseringsnämndens"/><SP WIDTH="35" VPOS="944" HPOS="1157"/>
							<String ID="string_158" HPOS="1192" VPOS="943" WIDTH="261" HEIGHT="35" WC="0.84" CONTENT="undersökning"/><SP WIDTH="38" VPOS="943" HPOS="1453"/>
							<String ID="string_159" HPOS="1491" VPOS="951" WIDTH="44" HEIGHT="21" WC="0.96" CONTENT="av"/><SP WIDTH="24" VPOS="951" HPOS="1535"/>
							<String ID="string_160" HPOS="1559" VPOS="941" WIDTH="57" HEIGHT="31" WC="0.96" CONTENT="det"/>
						</TextLine>
						<TextLine ID="line_15" HPOS="116" VPOS="992" WIDTH="1502" HEIGHT="45">
							<String ID="string_161" HPOS="116" VPOS="1001" WIDTH="152" HEIGHT="32" WC="0.93" CONTENT="svenska"/><SP WIDTH="23" VPOS="1001" HPOS="268"/>
							<String ID="string_162" HPOS="291" VPOS="1000" WIDTH="340" HEIGHT="37" WC="0.90" CONTENT="tobaksmonopolets"/><SP WIDTH="24" VPOS="1000" HPOS="631"/>
							<String ID="string_163" HPOS="655" VPOS="998" WIDTH="222" HEIGHT="32" WC="0.96" CONTENT="verksamhet"/><SP WIDTH="23" VPOS="998" HPOS="877"/>
							<String ID="string_164" HPOS="900" VPOS="1000" WIDTH="99" HEIGHT="34" WC="0.96" CONTENT="göres"/><SP WIDTH="24" VPOS="1000" HPOS="999"/>
							<String ID="string_165" HPOS="1023" VPOS="996" WIDTH="163" HEIGHT="38" WC="0.96" CONTENT="gällande"/><SP WIDTH="28" VPOS="996" HPOS="1186"/>
							<String ID="string_166" HPOS="1214" VPOS="993" WIDTH="68" HEIGHT="36" WC="0.95" CONTENT="(om"/><SP WIDTH="28" VPOS="993" HPOS="1282"/>
							<String ID="string_167" HPOS="1310" VPOS="995" WIDTH="111" HEIGHT="31" WC="0.96" CONTENT="vilket"/><SP WIDTH="15" VPOS="995" HPOS="1421"/>
							<String ID="string_168" HPOS="1436" VPOS="992" WIDTH="182" HEIGHT="33" WC="0.96" CONTENT="uttalande"/>
						</TextLine>
						<TextLine ID="line_16" HPOS="117" VPOS="1046" WIDTH="1501" HEIGHT="41">
							<String ID="string_169" HPOS="117" VPOS="1063" WIDTH="82" HEIGHT="22" WC="0.96" CONTENT="man"/><SP WIDTH="35" VPOS="1063" HPOS="199"/>
							<String ID="string_170" HPOS="234" VPOS="1053" WIDTH="86" HEIGHT="32" WC="0.96" CONTENT="dock"/><SP WIDTH="36" VPOS="1053" HPOS="320"/>
							<String ID="string_171" HPOS="356" VPOS="1054" WIDTH="71" HEIGHT="30" WC="0.96" CONTENT="kan"/><SP WIDTH="38" VPOS="1054" HPOS="427"/>
							<String ID="string_172" HPOS="465" VPOS="1053" WIDTH="91" HEIGHT="31" WC="0.96" CONTENT="hava"/><SP WIDTH="35" VPOS="1053" HPOS="556"/>
							<String ID="string_173" HPOS="591" VPOS="1052" WIDTH="94" HEIGHT="32" WC="0.96" CONTENT="olika"/><SP WIDTH="35" VPOS="1052" HPOS="685"/>
							<String ID="string_174" HPOS="720" VPOS="1047" WIDTH="210" HEIGHT="40" WC="0.95" CONTENT="meningar),"/><SP WIDTH="24" VPOS="1047" HPOS="930"/>
							<String ID="string_175" HPOS="954" VPOS="1051" WIDTH="52" HEIGHT="30" WC="0.93" CONTENT="att"/><SP WIDTH="22" VPOS="1051" HPOS="1006"/>
							<String ID="string_176" HPOS="1028" VPOS="1048" WIDTH="322" HEIGHT="36" WC="0.90" CONTENT="tobaksmonopolet"/><SP WIDTH="23" VPOS="1048" HPOS="1350"/>
							<String ID="string_177" HPOS="1373" VPOS="1047" WIDTH="167" HEIGHT="31" WC="0.96" CONTENT="förrättar"/><SP WIDTH="23" VPOS="1047" HPOS="1540"/>
							<String ID="string_178" HPOS="1563" VPOS="1046" WIDTH="55" HEIGHT="30" WC="0.96" CONTENT="sin"/>
						</TextLine>
						<TextLine ID="line_17" HPOS="119" VPOS="1097" WIDTH="1499" HEIGHT="49">
							<String ID="string_179" HPOS="119" VPOS="1106" WIDTH="143" HEIGHT="40" WC="0.96" CONTENT="uppgift"/><SP WIDTH="34" VPOS="1106" HPOS="262"/>
							<String ID="string_180" HPOS="296" VPOS="1106" WIDTH="44" HEIGHT="35" WC="0.96" CONTENT="på"/><SP WIDTH="34" VPOS="1106" HPOS="340"/>
							<String ID="string_181" HPOS="374" VPOS="1107" WIDTH="50" HEIGHT="29" WC="0.96" CONTENT="ett"/><SP WIDTH="34" VPOS="1107" HPOS="424"/>
							<String ID="string_182" HPOS="458" VPOS="1106" WIDTH="38" HEIGHT="30" WC="0.93" CONTENT="så"/><SP WIDTH="34" VPOS="1106" HPOS="496"/>
							<String ID="string_183" HPOS="530" VPOS="1104" WIDTH="238" HEIGHT="36" WC="0.91" CONTENT="mönstergillt"/><SP WIDTH="35" VPOS="1104" HPOS="768"/>
							<String ID="string_184" HPOS="803" VPOS="1104" WIDTH="80" HEIGHT="35" WC="0.96" CONTENT="sätt,"/><SP WIDTH="35" VPOS="1104" HPOS="883"/>
							<String ID="string_185" HPOS="918" VPOS="1103" WIDTH="51" HEIGHT="30" WC="0.96" CONTENT="att"/><SP WIDTH="33" VPOS="1103" HPOS="969"/>
							<String ID="string_186" HPOS="1002" VPOS="1102" WIDTH="107" HEIGHT="36" WC="0.96" CONTENT="ingen"/><SP WIDTH="31" VPOS="1102" HPOS="1109"/>
							<String ID="string_187" HPOS="1140" VPOS="1101" WIDTH="200" HEIGHT="36" WC="0.96" CONTENT="egentligen"/><SP WIDTH="22" VPOS="1101" HPOS="1340"/>
							<String ID="string_188" HPOS="1362" VPOS="1100" WIDTH="70" HEIGHT="30" WC="0.95" CONTENT="kan"/><SP WIDTH="24" VPOS="1100" HPOS="1432"/>
							<String ID="string_189" HPOS="1456" VPOS="1100" WIDTH="83" HEIGHT="34" WC="0.96" CONTENT="göra"/><SP WIDTH="24" VPOS="1100" HPOS="1539"/>
							<String ID="string_190" HPOS="1563" VPOS="1097" WIDTH="55" HEIGHT="32" WC="0.96" CONTENT="det"/>
						</TextLine>
						<TextLine ID="line_18" HPOS="118" VPOS="1149" WIDTH="1500" HEIGHT="44">
							<String ID="string_191" HPOS="118" VPOS="1159" WIDTH="121" HEIGHT="34" WC="0.96" CONTENT="bättre,"/><SP WIDTH="23" VPOS="1159" HPOS="239"/>
							<String ID="string_192" HPOS="262" VPOS="1158" WIDTH="37" HEIGHT="29" WC="0.96" CONTENT="så"/><SP WIDTH="16" VPOS="1158" HPOS="299"/>
							<String ID="string_193" HPOS="315" VPOS="1167" WIDTH="103" HEIGHT="26" WC="0.96" CONTENT="synes"/><SP WIDTH="17" VPOS="1167" HPOS="418"/>
							<String ID="string_194" HPOS="435" VPOS="1157" WIDTH="57" HEIGHT="31" WC="0.96" CONTENT="det"/><SP WIDTH="16" VPOS="1157" HPOS="492"/>
							<String ID="string_195" HPOS="508" VPOS="1157" WIDTH="85" HEIGHT="35" WC="0.96" CONTENT="mig,"/><SP WIDTH="18" VPOS="1157" HPOS="593"/>
							<String ID="string_196" HPOS="611" VPOS="1156" WIDTH="116" HEIGHT="31" WC="0.96" CONTENT="därest"/><SP WIDTH="16" VPOS="1156" HPOS="727"/>
							<String ID="string_197" HPOS="743" VPOS="1155" WIDTH="189" HEIGHT="36" WC="0.96" CONTENT="riksdagen"/><SP WIDTH="16" VPOS="1155" HPOS="932"/>
							<String ID="string_198" HPOS="948" VPOS="1154" WIDTH="114" HEIGHT="31" WC="0.96" CONTENT="skulle"/><SP WIDTH="13" VPOS="1154" HPOS="1062"/>
							<String ID="string_199" HPOS="1075" VPOS="1153" WIDTH="79" HEIGHT="31" WC="0.93" CONTENT="dela"/><SP WIDTH="11" VPOS="1153" HPOS="1154"/>
							<String ID="string_200" HPOS="1165" VPOS="1149" WIDTH="453" HEIGHT="38" WC="0.91" CONTENT="socialiseringsnämndens"/>
						</TextLine>
						<TextLine ID="line_19" HPOS="117" VPOS="1201" WIDTH="1502" HEIGHT="44">
							<String ID="string_201" HPOS="117" VPOS="1209" WIDTH="244" HEIGHT="36" WC="0.96" CONTENT="uppfattning,"/><SP WIDTH="36" VPOS="1209" HPOS="361"/>
							<String ID="string_202" HPOS="397" VPOS="1208" WIDTH="110" HEIGHT="31" WC="0.96" CONTENT="heller"/><SP WIDTH="35" VPOS="1208" HPOS="507"/>
							<String ID="string_203" HPOS="542" VPOS="1208" WIDTH="72" HEIGHT="31" WC="0.96" CONTENT="inte"/><SP WIDTH="36" VPOS="1208" HPOS="614"/>
							<String ID="string_204" HPOS="650" VPOS="1217" WIDTH="85" HEIGHT="21" WC="0.96" CONTENT="vara"/><SP WIDTH="34" VPOS="1217" HPOS="735"/>
							<String ID="string_205" HPOS="769" VPOS="1207" WIDTH="37" HEIGHT="30" WC="0.96" CONTENT="så"/><SP WIDTH="34" VPOS="1207" HPOS="806"/>
							<String ID="string_206" HPOS="840" VPOS="1208" WIDTH="72" HEIGHT="29" WC="0.96" CONTENT="stor"/><SP WIDTH="34" VPOS="1208" HPOS="912"/>
							<String ID="string_207" HPOS="946" VPOS="1206" WIDTH="75" HEIGHT="30" WC="0.96" CONTENT="fara"/><SP WIDTH="35" VPOS="1206" HPOS="1021"/>
							<String ID="string_208" HPOS="1056" VPOS="1205" WIDTH="95" HEIGHT="30" WC="0.93" CONTENT="ifrån"/><SP WIDTH="24" VPOS="1205" HPOS="1151"/>
							<String ID="string_209" HPOS="1175" VPOS="1202" WIDTH="336" HEIGHT="37" WC="0.91" CONTENT="tobaksmonopolets"/><SP WIDTH="23" VPOS="1202" HPOS="1511"/>
							<String ID="string_210" HPOS="1534" VPOS="1201" WIDTH="85" HEIGHT="31" WC="0.95" CONTENT="eller"/>
						</TextLine>
						<TextLine ID="line_20" HPOS="119" VPOS="1253" WIDTH="1500" HEIGHT="44">
							<String ID="string_211" HPOS="119" VPOS="1261" WIDTH="93" HEIGHT="31" WC="0.96" CONTENT="ifrån"/><SP WIDTH="25" VPOS="1261" HPOS="212"/>
							<String ID="string_212" HPOS="237" VPOS="1260" WIDTH="209" HEIGHT="37" WC="0.96" CONTENT="riksdagens"/><SP WIDTH="24" VPOS="1260" HPOS="446"/>
							<String ID="string_213" HPOS="470" VPOS="1260" WIDTH="86" HEIGHT="36" WC="0.96" CONTENT="sida,"/><SP WIDTH="24" VPOS="1260" HPOS="556"/>
							<String ID="string_214" HPOS="580" VPOS="1261" WIDTH="53" HEIGHT="30" WC="0.96" CONTENT="att"/><SP WIDTH="23" VPOS="1261" HPOS="633"/>
							<String ID="string_215" HPOS="656" VPOS="1269" WIDTH="83" HEIGHT="21" WC="0.96" CONTENT="man"/><SP WIDTH="24" VPOS="1269" HPOS="739"/>
							<String ID="string_216" HPOS="763" VPOS="1258" WIDTH="145" HEIGHT="31" WC="0.95" CONTENT="beredde"/><SP WIDTH="24" VPOS="1258" HPOS="908"/>
							<String ID="string_217" HPOS="932" VPOS="1257" WIDTH="143" HEIGHT="31" WC="0.96" CONTENT="tillfälle"/><SP WIDTH="25" VPOS="1257" HPOS="1075"/>
							<String ID="string_218" HPOS="1100" VPOS="1257" WIDTH="57" HEIGHT="30" WC="0.95" CONTENT="till"/><SP WIDTH="24" VPOS="1257" HPOS="1157"/>
							<String ID="string_219" HPOS="1181" VPOS="1266" WIDTH="43" HEIGHT="21" WC="0.96" CONTENT="en"/><SP WIDTH="21" VPOS="1266" HPOS="1224"/>
							<String ID="string_220" HPOS="1245" VPOS="1255" WIDTH="121" HEIGHT="32" WC="0.96" CONTENT="tävlan"/><SP WIDTH="17" VPOS="1255" HPOS="1366"/>
							<String ID="string_221" HPOS="1383" VPOS="1255" WIDTH="94" HEIGHT="30" WC="0.95" CONTENT="inom"/><SP WIDTH="13" VPOS="1255" HPOS="1477"/>
							<String ID="string_222" HPOS="1490" VPOS="1253" WIDTH="129" HEIGHT="31" WC="0.96" CONTENT="landet."/>
						</TextLine>
						<TextLine ID="line_21" HPOS="118" VPOS="1305" WIDTH="1501" HEIGHT="41">
							<String ID="string_223" HPOS="118" VPOS="1313" WIDTH="64" HEIGHT="31" WC="0.96" CONTENT="Att"/><SP WIDTH="23" VPOS="1313" HPOS="182"/>
							<String ID="string_224" HPOS="205" VPOS="1313" WIDTH="122" HEIGHT="30" WC="0.96" CONTENT="kunna"/><SP WIDTH="24" VPOS="1313" HPOS="327"/>
							<String ID="string_225" HPOS="351" VPOS="1313" WIDTH="98" HEIGHT="30" WC="0.96" CONTENT="tävla"/><SP WIDTH="24" VPOS="1313" HPOS="449"/>
							<String ID="string_226" HPOS="473" VPOS="1312" WIDTH="77" HEIGHT="31" WC="0.96" CONTENT="med"/><SP WIDTH="23" VPOS="1312" HPOS="550"/>
							<String ID="string_227" HPOS="573" VPOS="1313" WIDTH="50" HEIGHT="30" WC="0.96" CONTENT="ett"/><SP WIDTH="23" VPOS="1313" HPOS="623"/>
							<String ID="string_228" HPOS="646" VPOS="1311" WIDTH="147" HEIGHT="35" WC="0.95" CONTENT="företag,"/><SP WIDTH="18" VPOS="1311" HPOS="793"/>
							<String ID="string_229" HPOS="811" VPOS="1320" WIDTH="72" HEIGHT="21" WC="0.96" CONTENT="som"/><SP WIDTH="25" VPOS="1320" HPOS="883"/>
							<String ID="string_230" HPOS="908" VPOS="1309" WIDTH="105" HEIGHT="31" WC="0.96" CONTENT="redan"/><SP WIDTH="24" VPOS="1309" HPOS="1013"/>
							<String ID="string_231" HPOS="1037" VPOS="1310" WIDTH="77" HEIGHT="29" WC="0.96" CONTENT="nått"/><SP WIDTH="23" VPOS="1310" HPOS="1114"/>
							<String ID="string_232" HPOS="1137" VPOS="1308" WIDTH="65" HEIGHT="32" WC="0.96" CONTENT="den"/><SP WIDTH="24" VPOS="1308" HPOS="1202"/>
							<String ID="string_233" HPOS="1226" VPOS="1307" WIDTH="214" HEIGHT="35" WC="0.96" CONTENT="omfattning"/><SP WIDTH="24" VPOS="1307" HPOS="1440"/>
							<String ID="string_234" HPOS="1464" VPOS="1316" WIDTH="71" HEIGHT="21" WC="0.96" CONTENT="som"/><SP WIDTH="28" VPOS="1316" HPOS="1535"/>
							<String ID="string_235" HPOS="1563" VPOS="1305" WIDTH="56" HEIGHT="31" WC="0.96" CONTENT="det"/>
						</TextLine>
						<TextLine ID="line_22" HPOS="119" VPOS="1358" WIDTH="1499" HEIGHT="42">
							<String ID="string_236" HPOS="119" VPOS="1364" WIDTH="205" HEIGHT="32" WC="0.91" CONTENT="nuvarande"/><SP WIDTH="24" VPOS="1364" HPOS="324"/>
							<String ID="string_237" HPOS="348" VPOS="1364" WIDTH="332" HEIGHT="36" WC="0.91" CONTENT="tobaksmonopolet,"/><SP WIDTH="24" VPOS="1364" HPOS="680"/>
							<String ID="string_238" HPOS="704" VPOS="1365" WIDTH="39" HEIGHT="28" WC="0.96" CONTENT="är"/><SP WIDTH="25" VPOS="1365" HPOS="743"/>
							<String ID="string_239" HPOS="768" VPOS="1362" WIDTH="154" HEIGHT="36" WC="0.96" CONTENT="givetvis"/><SP WIDTH="23" VPOS="1362" HPOS="922"/>
							<String ID="string_240" HPOS="945" VPOS="1361" WIDTH="31" HEIGHT="36" WC="0.96" CONTENT="ej"/><SP WIDTH="23" VPOS="1361" HPOS="976"/>
							<String ID="string_241" HPOS="999" VPOS="1362" WIDTH="77" HEIGHT="35" WC="0.96" CONTENT="lätt,"/><SP WIDTH="18" VPOS="1362" HPOS="1076"/>
							<String ID="string_242" HPOS="1094" VPOS="1370" WIDTH="80" HEIGHT="21" WC="0.96" CONTENT="men"/><SP WIDTH="16" VPOS="1370" HPOS="1174"/>
							<String ID="string_243" HPOS="1190" VPOS="1360" WIDTH="122" HEIGHT="31" WC="0.96" CONTENT="tävlan"/><SP WIDTH="12" VPOS="1360" HPOS="1312"/>
							<String ID="string_244" HPOS="1324" VPOS="1362" WIDTH="38" HEIGHT="28" WC="0.96" CONTENT="är"/><SP WIDTH="12" VPOS="1362" HPOS="1362"/>
							<String ID="string_245" HPOS="1374" VPOS="1358" WIDTH="102" HEIGHT="32" WC="0.96" CONTENT="alltid"/><SP WIDTH="13" VPOS="1358" HPOS="1476"/>
							<String ID="string_246" HPOS="1489" VPOS="1358" WIDTH="129" HEIGHT="36" WC="0.96" CONTENT="nyttig,"/>
						</TextLine>
						<TextLine ID="line_23" HPOS="119" VPOS="1409" WIDTH="1501" HEIGHT="44">
							<String ID="string_247" HPOS="119" VPOS="1417" WIDTH="64" HEIGHT="31" WC="0.96" CONTENT="och"/><SP WIDTH="34" VPOS="1417" HPOS="183"/>
							<String ID="string_248" HPOS="217" VPOS="1416" WIDTH="60" HEIGHT="37" WC="0.96" CONTENT="jag"/><SP WIDTH="36" VPOS="1416" HPOS="277"/>
							<String ID="string_249" HPOS="313" VPOS="1416" WIDTH="104" HEIGHT="37" WC="0.96" CONTENT="hyser"/><SP WIDTH="24" VPOS="1416" HPOS="417"/>
							<String ID="string_250" HPOS="441" VPOS="1416" WIDTH="65" HEIGHT="32" WC="0.96" CONTENT="den"/><SP WIDTH="24" VPOS="1416" HPOS="506"/>
							<String ID="string_251" HPOS="530" VPOS="1415" WIDTH="289" HEIGHT="38" WC="0.96" CONTENT="uppfattningen,"/><SP WIDTH="24" VPOS="1415" HPOS="819"/>
							<String ID="string_252" HPOS="843" VPOS="1415" WIDTH="52" HEIGHT="29" WC="0.96" CONTENT="att"/><SP WIDTH="24" VPOS="1415" HPOS="895"/>
							<String ID="string_253" HPOS="919" VPOS="1413" WIDTH="56" HEIGHT="31" WC="0.96" CONTENT="det"/><SP WIDTH="24" VPOS="1413" HPOS="975"/>
							<String ID="string_254" HPOS="999" VPOS="1413" WIDTH="114" HEIGHT="31" WC="0.96" CONTENT="skulle"/><SP WIDTH="25" VPOS="1413" HPOS="1113"/>
							<String ID="string_255" HPOS="1138" VPOS="1422" WIDTH="84" HEIGHT="21" WC="0.96" CONTENT="vara"/><SP WIDTH="24" VPOS="1422" HPOS="1222"/>
							<String ID="string_256" HPOS="1246" VPOS="1412" WIDTH="75" HEIGHT="31" WC="0.96" CONTENT="icke"/><SP WIDTH="23" VPOS="1412" HPOS="1321"/>
							<String ID="string_257" HPOS="1344" VPOS="1411" WIDTH="109" HEIGHT="31" WC="0.96" CONTENT="minst"/><SP WIDTH="23" VPOS="1411" HPOS="1453"/>
							<String ID="string_258" HPOS="1476" VPOS="1410" WIDTH="57" HEIGHT="31" WC="0.93" CONTENT="till"/><SP WIDTH="25" VPOS="1410" HPOS="1533"/>
							<String ID="string_259" HPOS="1558" VPOS="1409" WIDTH="62" HEIGHT="31" WC="0.91" CONTENT="all-"/>
						</TextLine>
						<TextLine ID="line_24" HPOS="119" VPOS="1462" WIDTH="1500" HEIGHT="43">
							<String ID="string_260" HPOS="119" VPOS="1468" WIDTH="205" HEIGHT="32" WC="0.92" CONTENT="mänhetens"/><SP WIDTH="35" VPOS="1468" HPOS="324"/>
							<String ID="string_261" HPOS="359" VPOS="1477" WIDTH="94" HEIGHT="28" WC="0.96" CONTENT="gagn"/><SP WIDTH="34" VPOS="1477" HPOS="453"/>
							<String ID="string_262" HPOS="487" VPOS="1469" WIDTH="52" HEIGHT="30" WC="0.96" CONTENT="att"/><SP WIDTH="23" VPOS="1469" HPOS="539"/>
							<String ID="string_263" HPOS="562" VPOS="1467" WIDTH="92" HEIGHT="32" WC="0.96" CONTENT="ändå"/><SP WIDTH="23" VPOS="1467" HPOS="654"/>
							<String ID="string_264" HPOS="677" VPOS="1466" WIDTH="215" HEIGHT="31" WC="0.96" CONTENT="medtävlare"/><SP WIDTH="24" VPOS="1466" HPOS="892"/>
							<String ID="string_265" HPOS="916" VPOS="1466" WIDTH="44" HEIGHT="35" WC="0.96" CONTENT="på"/><SP WIDTH="23" VPOS="1466" HPOS="960"/>
							<String ID="string_266" HPOS="983" VPOS="1466" WIDTH="106" HEIGHT="35" WC="0.96" CONTENT="något"/><SP WIDTH="25" VPOS="1466" HPOS="1089"/>
							<String ID="string_267" HPOS="1114" VPOS="1465" WIDTH="54" HEIGHT="30" WC="0.95" CONTENT="vis"/><SP WIDTH="24" VPOS="1465" HPOS="1168"/>
							<String ID="string_268" HPOS="1192" VPOS="1465" WIDTH="94" HEIGHT="30" WC="0.95" CONTENT="inom"/><SP WIDTH="25" VPOS="1465" HPOS="1286"/>
							<String ID="string_269" HPOS="1311" VPOS="1463" WIDTH="64" HEIGHT="31" WC="0.96" CONTENT="den"/><SP WIDTH="25" VPOS="1463" HPOS="1375"/>
							<String ID="string_270" HPOS="1400" VPOS="1462" WIDTH="147" HEIGHT="31" WC="0.90" CONTENT="svenska"/><SP WIDTH="25" VPOS="1462" HPOS="1547"/>
							<String ID="string_271" HPOS="1572" VPOS="1463" WIDTH="47" HEIGHT="29" WC="0.90" CONTENT="to-"/>
						</TextLine>
						<TextLine ID="line_25" HPOS="120" VPOS="1519" WIDTH="717" HEIGHT="37">
							<String ID="string_272" HPOS="120" VPOS="1520" WIDTH="351" HEIGHT="32" WC="0.91" CONTENT="baksfabrikationen"/><SP WIDTH="23" VPOS="1520" HPOS="471"/>
							<String ID="string_273" HPOS="494" VPOS="1520" WIDTH="94" HEIGHT="36" WC="0.96" CONTENT="finge"/><SP WIDTH="24" VPOS="1520" HPOS="588"/>
							<String ID="string_274" HPOS="612" VPOS="1519" WIDTH="225" HEIGHT="32" WC="0.96" CONTENT="förekomma."/>
						</TextLine>
					</TextBlock>
					<TextBlock ID="block_2" HPOS="121" VPOS="1566" WIDTH="1499" HEIGHT="95">
						<TextLine ID="line_26" HPOS="162" VPOS="1566" WIDTH="1458" HEIGHT="42">
							<String ID="string_275" HPOS="162" VPOS="1572" WIDTH="67" HEIGHT="32" WC="0.96" CONTENT="För"/><SP WIDTH="23" VPOS="1572" HPOS="229"/>
							<String ID="string_276" HPOS="252" VPOS="1574" WIDTH="52" HEIGHT="29" WC="0.96" CONTENT="att"/><SP WIDTH="24" VPOS="1574" HPOS="304"/>
							<String ID="string_277" HPOS="328" VPOS="1572" WIDTH="124" HEIGHT="32" WC="0.96" CONTENT="bereda"/><SP WIDTH="24" VPOS="1572" HPOS="452"/>
							<String ID="string_278" HPOS="476" VPOS="1572" WIDTH="208" HEIGHT="36" WC="0.96" CONTENT="regeringen"/><SP WIDTH="22" VPOS="1572" HPOS="684"/>
							<String ID="string_279" HPOS="706" VPOS="1570" WIDTH="144" HEIGHT="32" WC="0.96" CONTENT="tillfälle"/><SP WIDTH="16" VPOS="1570" HPOS="850"/>
							<String ID="string_280" HPOS="866" VPOS="1571" WIDTH="53" HEIGHT="30" WC="0.90" CONTENT="att"/><SP WIDTH="13" VPOS="1571" HPOS="919"/>
							<String ID="string_281" HPOS="932" VPOS="1570" WIDTH="55" HEIGHT="31" WC="0.90" CONTENT="till"/><SP WIDTH="15" VPOS="1570" HPOS="987"/>
							<String ID="string_282" HPOS="1002" VPOS="1569" WIDTH="187" HEIGHT="36" WC="0.96" CONTENT="riksdagen"/><SP WIDTH="16" VPOS="1569" HPOS="1189"/>
							<String ID="string_283" HPOS="1205" VPOS="1569" WIDTH="177" HEIGHT="30" WC="0.96" CONTENT="inkomma"/><SP WIDTH="17" VPOS="1569" HPOS="1382"/>
							<String ID="string_284" HPOS="1399" VPOS="1566" WIDTH="76" HEIGHT="32" WC="0.94" CONTENT="med"/><SP WIDTH="14" VPOS="1566" HPOS="1475"/>
							<String ID="string_285" HPOS="1489" VPOS="1566" WIDTH="131" HEIGHT="35" WC="0.96" CONTENT="förslag"/>
						</TextLine>
						<TextLine ID="line_27" HPOS="121" VPOS="1622" WIDTH="848" HEIGHT="39">
							<String ID="string_286" HPOS="121" VPOS="1625" WIDTH="11" HEIGHT="30" WC="0.96" CONTENT="i"/><SP WIDTH="25" VPOS="1625" HPOS="132"/>
							<String ID="string_287" HPOS="157" VPOS="1624" WIDTH="113" HEIGHT="32" WC="0.96" CONTENT="denna"/><SP WIDTH="25" VPOS="1624" HPOS="270"/>
							<String ID="string_288" HPOS="295" VPOS="1624" WIDTH="162" HEIGHT="36" WC="0.93" CONTENT="riktning"/><SP WIDTH="24" VPOS="1624" HPOS="457"/>
							<String ID="string_289" HPOS="481" VPOS="1624" WIDTH="106" HEIGHT="37" WC="0.92" CONTENT="yrkas"/><SP WIDTH="24" VPOS="1624" HPOS="587"/>
							<String ID="string_290" HPOS="611" VPOS="1624" WIDTH="13" HEIGHT="31" WC="0.96" CONTENT="i"/><SP WIDTH="23" VPOS="1624" HPOS="624"/>
							<String ID="string_291" HPOS="647" VPOS="1623" WIDTH="178" HEIGHT="32" WC="0.95" CONTENT="avvaktan"/><SP WIDTH="25" VPOS="1623" HPOS="825"/>
							<String ID="string_292" HPOS="850" VPOS="1622" WIDTH="119" HEIGHT="37" WC="0.95" CONTENT="härpå,"/>
						</TextLine>
					</TextBlock>
				</ComposedBlock>
				<ComposedBlock ID="cblock_2" HPOS="521" VPOS="1707" WIDTH="1102" HEIGHT="451">
					<TextBlock ID="block_3" HPOS="521" VPOS="1707" WIDTH="1102" HEIGHT="451">
						<TextLine ID="line_28" HPOS="564" VPOS="1707" WIDTH="1056" HEIGHT="39">
							<String ID="string_293" HPOS="564" VPOS="1712" WIDTH="52" HEIGHT="30" WC="0.96" CONTENT="att"/><SP WIDTH="34" VPOS="1712" HPOS="616"/>
							<String ID="string_294" HPOS="650" VPOS="1709" WIDTH="199" HEIGHT="37" WC="0.96" CONTENT="riksdagen,"/><SP WIDTH="35" VPOS="1709" HPOS="849"/>
							<String ID="string_295" HPOS="884" VPOS="1709" WIDTH="78" HEIGHT="32" WC="0.95" CONTENT="med"/><SP WIDTH="34" VPOS="1709" HPOS="962"/>
							<String ID="string_296" HPOS="996" VPOS="1709" WIDTH="122" HEIGHT="36" WC="0.93" CONTENT="avslag"/><SP WIDTH="35" VPOS="1709" HPOS="1118"/>
							<String ID="string_297" HPOS="1153" VPOS="1710" WIDTH="22" HEIGHT="29" WC="0.91" CONTENT="å"/><SP WIDTH="27" VPOS="1710" HPOS="1175"/>
							<String ID="string_298" HPOS="1202" VPOS="1708" WIDTH="134" HEIGHT="36" WC="0.94" CONTENT="Kungl."/><SP WIDTH="25" VPOS="1708" HPOS="1336"/>
							<String ID="string_299" HPOS="1361" VPOS="1707" WIDTH="118" HEIGHT="36" WC="0.93" CONTENT="Maj:ts"/><SP WIDTH="23" VPOS="1707" HPOS="1479"/>
							<String ID="string_300" HPOS="1502" VPOS="1715" WIDTH="118" HEIGHT="27" WC="0.91" CONTENT="propo-"/>
						</TextLine>
						<TextLine ID="line_29" HPOS="521" VPOS="1760" WIDTH="1099" HEIGHT="38">
							<String ID="string_301" HPOS="521" VPOS="1763" WIDTH="107" HEIGHT="31" WC="0.92" CONTENT="sition"/><SP WIDTH="24" VPOS="1763" HPOS="628"/>
							<String ID="string_302" HPOS="652" VPOS="1772" WIDTH="43" HEIGHT="21" WC="0.96" CONTENT="nr"/><SP WIDTH="24" VPOS="1772" HPOS="695"/>
							<String ID="string_303" HPOS="719" VPOS="1762" WIDTH="73" HEIGHT="36" WC="0.96" CONTENT="192,"/><SP WIDTH="24" VPOS="1762" HPOS="792"/>
							<String ID="string_304" HPOS="816" VPOS="1761" WIDTH="170" HEIGHT="36" WC="0.96" CONTENT="anhåller,"/><SP WIDTH="24" VPOS="1761" HPOS="986"/>
							<String ID="string_305" HPOS="1010" VPOS="1762" WIDTH="51" HEIGHT="30" WC="0.96" CONTENT="att"/><SP WIDTH="24" VPOS="1762" HPOS="1061"/>
							<String ID="string_306" HPOS="1085" VPOS="1762" WIDTH="206" HEIGHT="35" WC="0.96" CONTENT="regeringen"/><SP WIDTH="25" VPOS="1762" HPOS="1291"/>
							<String ID="string_307" HPOS="1316" VPOS="1760" WIDTH="56" HEIGHT="30" WC="0.93" CONTENT="må"/><SP WIDTH="22" VPOS="1760" HPOS="1372"/>
							<String ID="string_308" HPOS="1394" VPOS="1761" WIDTH="155" HEIGHT="34" WC="0.92" CONTENT="uppsäga"/><SP WIDTH="25" VPOS="1761" HPOS="1549"/>
							<String ID="string_309" HPOS="1574" VPOS="1767" WIDTH="46" HEIGHT="21" WC="0.96" CONTENT="nu"/>
						</TextLine>
						<TextLine ID="line_30" HPOS="524" VPOS="1809" WIDTH="1097" HEIGHT="42">
							<String ID="string_310" HPOS="524" VPOS="1814" WIDTH="163" HEIGHT="37" WC="0.96" CONTENT="gällande"/><SP WIDTH="35" VPOS="1814" HPOS="687"/>
							<String ID="string_311" HPOS="722" VPOS="1813" WIDTH="167" HEIGHT="31" WC="0.96" CONTENT="kontrakt"/><SP WIDTH="35" VPOS="1813" HPOS="889"/>
							<String ID="string_312" HPOS="924" VPOS="1813" WIDTH="78" HEIGHT="31" WC="0.96" CONTENT="med"/><SP WIDTH="33" VPOS="1813" HPOS="1002"/>
							<String ID="string_313" HPOS="1035" VPOS="1813" WIDTH="235" HEIGHT="36" WC="0.96" CONTENT="aktiebolaget"/><SP WIDTH="34" VPOS="1813" HPOS="1270"/>
							<String ID="string_314" HPOS="1304" VPOS="1811" WIDTH="148" HEIGHT="32" WC="0.93" CONTENT="svenska"/><SP WIDTH="34" VPOS="1811" HPOS="1452"/>
							<String ID="string_315" HPOS="1486" VPOS="1809" WIDTH="135" HEIGHT="32" WC="0.91" CONTENT="tobaks-"/>
						</TextLine>
						<TextLine ID="line_31" HPOS="523" VPOS="1862" WIDTH="1099" HEIGHT="40">
							<String ID="string_316" HPOS="523" VPOS="1866" WIDTH="207" HEIGHT="36" WC="0.94" CONTENT="monopolet,"/><SP WIDTH="13" VPOS="1866" HPOS="730"/>
							<String ID="string_317" HPOS="743" VPOS="1866" WIDTH="91" HEIGHT="31" WC="0.92" CONTENT="samt"/><SP WIDTH="13" VPOS="1866" HPOS="834"/>
							<String ID="string_318" HPOS="847" VPOS="1865" WIDTH="230" HEIGHT="37" WC="0.92" CONTENT="bemyndigar"/><SP WIDTH="12" VPOS="1865" HPOS="1077"/>
							<String ID="string_319" HPOS="1089" VPOS="1864" WIDTH="135" HEIGHT="37" WC="0.95" CONTENT="Kungl."/><SP WIDTH="13" VPOS="1864" HPOS="1224"/>
							<String ID="string_320" HPOS="1237" VPOS="1864" WIDTH="102" HEIGHT="37" WC="0.95" CONTENT="Maj:t"/><SP WIDTH="10" VPOS="1864" HPOS="1339"/>
							<String ID="string_321" HPOS="1349" VPOS="1864" WIDTH="59" HEIGHT="35" WC="0.90" CONTENT="att,"/><SP WIDTH="20" VPOS="1864" HPOS="1408"/>
							<String ID="string_322" HPOS="1428" VPOS="1863" WIDTH="4" HEIGHT="31" WC="0.90" CONTENT="i"/><SP WIDTH="11" VPOS="1863" HPOS="1432"/>
							<String ID="string_323" HPOS="1443" VPOS="1862" WIDTH="179" HEIGHT="31" WC="0.96" CONTENT="avvaktan"/>
						</TextLine>
						<TextLine ID="line_32" HPOS="522" VPOS="1914" WIDTH="1100" HEIGHT="41">
							<String ID="string_324" HPOS="522" VPOS="1920" WIDTH="44" HEIGHT="35" WC="0.93" CONTENT="på"/><SP WIDTH="34" VPOS="1920" HPOS="566"/>
							<String ID="string_325" HPOS="600" VPOS="1918" WIDTH="399" HEIGHT="37" WC="0.91" CONTENT="regeringsproposition"/><SP WIDTH="34" VPOS="1918" HPOS="999"/>
							<String ID="string_326" HPOS="1033" VPOS="1918" WIDTH="12" HEIGHT="29" WC="0.93" CONTENT="i"/><SP WIDTH="34" VPOS="1918" HPOS="1045"/>
							<String ID="string_327" HPOS="1079" VPOS="1916" WIDTH="155" HEIGHT="37" WC="0.91" CONTENT="antydda"/><SP WIDTH="24" VPOS="1916" HPOS="1234"/>
							<String ID="string_328" HPOS="1258" VPOS="1916" WIDTH="101" HEIGHT="37" WC="0.96" CONTENT="syfte,"/><SP WIDTH="24" VPOS="1916" HPOS="1359"/>
							<String ID="string_329" HPOS="1383" VPOS="1914" WIDTH="76" HEIGHT="32" WC="0.96" CONTENT="med"/><SP WIDTH="24" VPOS="1914" HPOS="1459"/>
							<String ID="string_330" HPOS="1483" VPOS="1914" WIDTH="139" HEIGHT="35" WC="0.96" CONTENT="bolaget"/>
						</TextLine>
						<TextLine ID="line_33" HPOS="523" VPOS="1965" WIDTH="1100" HEIGHT="40">
							<String ID="string_331" HPOS="523" VPOS="1971" WIDTH="105" HEIGHT="31" WC="0.96" CONTENT="träffa"/><SP WIDTH="34" VPOS="1971" HPOS="628"/>
							<String ID="string_332" HPOS="662" VPOS="1969" WIDTH="335" HEIGHT="32" WC="0.96" CONTENT="överenskommelse"/><SP WIDTH="24" VPOS="1969" HPOS="997"/>
							<String ID="string_333" HPOS="1021" VPOS="1979" WIDTH="55" HEIGHT="22" WC="0.96" CONTENT="om"/><SP WIDTH="24" VPOS="1979" HPOS="1076"/>
							<String ID="string_334" HPOS="1100" VPOS="1969" WIDTH="231" HEIGHT="36" WC="0.95" CONTENT="förlängning"/><SP WIDTH="23" VPOS="1969" HPOS="1331"/>
							<String ID="string_335" HPOS="1354" VPOS="1978" WIDTH="44" HEIGHT="21" WC="0.96" CONTENT="av"/><SP WIDTH="24" VPOS="1978" HPOS="1398"/>
							<String ID="string_336" HPOS="1422" VPOS="1965" WIDTH="201" HEIGHT="33" WC="0.96" CONTENT="kontraktet"/>
						</TextLine>
						<TextLine ID="line_34" HPOS="523" VPOS="2014" WIDTH="1100" HEIGHT="44">
							<String ID="string_337" HPOS="523" VPOS="2023" WIDTH="111" HEIGHT="32" WC="0.96" CONTENT="under"/><SP WIDTH="33" VPOS="2023" HPOS="634"/>
							<String ID="string_338" HPOS="667" VPOS="2024" WIDTH="50" HEIGHT="30" WC="0.96" CONTENT="ett"/><SP WIDTH="36" VPOS="2024" HPOS="717"/>
							<String ID="string_339" HPOS="753" VPOS="2023" WIDTH="49" HEIGHT="35" WC="0.96" CONTENT="år,"/><SP WIDTH="36" VPOS="2023" HPOS="802"/>
							<String ID="string_340" HPOS="838" VPOS="2022" WIDTH="127" HEIGHT="32" WC="0.96" CONTENT="därvid"/><SP WIDTH="35" VPOS="2022" HPOS="965"/>
							<String ID="string_341" HPOS="1000" VPOS="2021" WIDTH="77" HEIGHT="32" WC="0.96" CONTENT="med"/><SP WIDTH="23" VPOS="2021" HPOS="1077"/>
							<String ID="string_342" HPOS="1100" VPOS="2014" WIDTH="193" HEIGHT="39" WC="0.96" CONTENT="beaktande"/><SP WIDTH="24" VPOS="2014" HPOS="1293"/>
							<String ID="string_343" HPOS="1317" VPOS="2031" WIDTH="43" HEIGHT="21" WC="0.96" CONTENT="av"/><SP WIDTH="25" VPOS="2031" HPOS="1360"/>
							<String ID="string_344" HPOS="1385" VPOS="2020" WIDTH="39" HEIGHT="31" WC="0.96" CONTENT="de"/><SP WIDTH="25" VPOS="2020" HPOS="1424"/>
							<String ID="string_345" HPOS="1449" VPOS="2018" WIDTH="174" HEIGHT="32" WC="0.96" CONTENT="lättnader"/>
						</TextLine>
						<TextLine ID="line_35" HPOS="524" VPOS="2071" WIDTH="1098" HEIGHT="40">
							<String ID="string_346" HPOS="524" VPOS="2076" WIDTH="53" HEIGHT="31" WC="0.96" CONTENT="för"/><SP WIDTH="28" VPOS="2076" HPOS="577"/>
							<String ID="string_347" HPOS="605" VPOS="2074" WIDTH="164" HEIGHT="36" WC="0.96" CONTENT="handeln,"/><SP WIDTH="30" VPOS="2074" HPOS="769"/>
							<String ID="string_348" HPOS="799" VPOS="2084" WIDTH="72" HEIGHT="22" WC="0.96" CONTENT="som"/><SP WIDTH="30" VPOS="2084" HPOS="871"/>
							<String ID="string_349" HPOS="901" VPOS="2075" WIDTH="66" HEIGHT="31" WC="0.96" CONTENT="den"/><SP WIDTH="23" VPOS="2075" HPOS="967"/>
							<String ID="string_350" HPOS="990" VPOS="2073" WIDTH="242" HEIGHT="38" WC="0.95" CONTENT="föreliggande"/><SP WIDTH="23" VPOS="2073" HPOS="1232"/>
							<String ID="string_351" HPOS="1255" VPOS="2073" WIDTH="257" HEIGHT="36" WC="0.93" CONTENT="propositionen"/><SP WIDTH="25" VPOS="2073" HPOS="1512"/>
							<String ID="string_352" HPOS="1537" VPOS="2071" WIDTH="85" HEIGHT="30" WC="0.92" CONTENT="före-"/>
						</TextLine>
						<TextLine ID="line_36" HPOS="525" VPOS="2127" WIDTH="101" HEIGHT="31">
							<String ID="string_353" HPOS="525" VPOS="2127" WIDTH="101" HEIGHT="31" WC="0.76" CONTENT="slår.”"/>
						</TextLine>
					</TextBlock>
				</ComposedBlock>
			</PrintSpace>
		</Page>
	</Layout>
</alto>
