1922 2818
555 161 288 33 Statsutskottets
866 166 185 30 memorial
1075 165 51 31 Nr
1152 167 70 29 131.
1577 169 18 29 3

174 233 305 33 Erfarenheterna
509 247 45 19 av
584 237 58 30 det
673 248 46 20 nu
752 239 145 31 utförda
928 241 137 32 arbetet
1095 243 95 31 hava
1219 244 183 36 bibringat
1433 246 202 31 riksräken-

132 285 232 36 skapsverket
393 287 67 31 den
489 290 259 36 övertygelsen,
777 294 52 28 att
858 294 241 31 strävandena
1130 295 83 31 böra
1242 296 155 32 inriktas
1424 301 46 32 på
1498 301 53 29 att
1578 310 58 19 om

132 337 141 36 möjligt
296 339 11 30 i
328 339 117 35 själva
468 341 329 36 statsbokföringen
819 342 121 33 kunna
963 345 163 32 redovisa
1147 350 135 29 statens
1305 350 330 34 fastighetsvärden

134 389 9 29 i
166 389 55 30 sin
240 389 129 32 helhet.
410 391 83 31 Kan
514 403 41 19 en
576 393 101 35 dylik
698 395 201 35 anordning
920 397 137 35 vinnas,
1078 399 99 30 torde
1199 400 54 29 för
1274 401 195 31 framtiden
1490 405 145 32 upprät-

133 442 123 30 tandet
274 452 44 20 av
336 452 48 20 nu
404 443 281 35 ifrågavarande
704 446 137 30 tablåer
859 450 86 27 utan
964 450 113 29 större
1094 449 189 36 olägenhet
1302 452 120 30 kunna
1442 454 190 34 upphöra.»

177 526 73 30 Den
274 527 11 29 i
310 527 418 36 riksräkenskapsverkets
763 531 164 30 skrivelse
950 533 225 31 omförmälda
1200 535 227 35 utredningen
1451 539 39 28 är
1513 546 43 21 av
1582 538 60 30 föl-

132 576 104 35 jande
259 578 168 30 innehåll:

355 697 147 32 Statens
527 699 98 32 fasta
650 701 67 31 och
742 700 78 33 lösa
844 703 180 38 egendom
1049 704 70 31 den
1144 705 45 31 30
1210 705 83 39 juni
1317 707 97 32 1928,

175 776 18 30 I
215 776 85 31 brev
324 777 68 31 den
413 778 38 30 28
473 780 199 34 september
694 781 78 30 1928
794 782 66 30 har
883 782 133 36 Kungl.
1040 783 110 36 Maj:t
1173 784 108 31 bland
1303 788 112 29 annat
1439 782 198 44 förordnat,

134 820 54 29 att
212 820 184 35 uppgifter
421 824 83 28 över
527 824 232 35 ungefärliga
781 825 126 31 värdet
931 836 45 20 av
999 829 136 29 statens
1159 828 96 30 fasta
1278 829 64 30 och
1366 829 75 31 lösa
1464 830 173 35 egendom

135 862 68 30 den
232 863 38 30 30
298 863 79 36 juni
407 865 79 30 1928
515 866 114 31 skulle
658 877 47 20 av
732 867 423 38 riksräkenskapsverket
1184 871 239 32 införskaffas
1452 871 65 32 och
1545 883 91 21 sam-

136 906 211 31 manställas
377 907 13 30 i
420 907 243 38 huvudsaklig
694 912 351 31 överensstämmelse
1075 913 81 30 med
1185 913 42 31 de
1257 924 45 21 av
1334 915 261 32 ämbetsverket
1626 916 13 30 i

137 948 172 33 skrivelse
327 950 67 31 den
413 951 38 30 31
470 951 69 36 juli
559 953 77 30 1928
654 953 159 36 angivna
832 954 193 37 riktlinjer.

173 992 53 31 De
247 996 137 29 senaste
406 1004 45 21 av
473 995 257 32 statskontoret
751 997 210 32 utarbetade
982 1000 431 37 sammanställningarna
1434 1012 46 20 av
1501 1004 138 30 statens

136 1036 97 31 fasta
256 1037 64 30 och
345 1037 75 31 lösa
445 1038 171 36 egendom
641 1040 174 31 avseende
840 1041 78 30 1918
943 1042 58 31 års
1025 1043 139 36 utgång
1188 1062 40 4 —
1251 1044 99 31 vilka
1376 1047 262 30 sammanställ-

134 1079 133 36 ningar
290 1080 122 32 finnas
434 1082 190 35 återgivna
646 1083 13 30 i
681 1084 285 32 statsutskottets
987 1086 188 31 memorial
1196 1096 44 21 nr
1261 1087 58 30 211
1342 1089 41 29 år
1406 1088 78 31 1920
1505 1107 41 4 —
1566 1099 72 21 om-

136 1122 139 32 fattade
293 1125 131 30 tvenne
442 1124 139 32 tablåer
600 1126 65 31 och
683 1136 43 21 en
744 1127 297 32 översiktstabell.
1079 1129 18 31 I
1114 1129 69 32 den
1202 1130 114 31 första
1335 1131 124 31 tablån
1476 1151 40 3 —
1535 1135 104 28 »över

136 1167 231 36 ungefärliga
396 1168 124 31 värdet
547 1179 47 21 av
621 1170 234 32 statsverkets
882 1171 96 31 fasta
1006 1172 64 31 och
1098 1173 76 31 lösa
1200 1174 201 36 egendom»,
1428 1175 67 31 här
1521 1175 119 32 nedan

135 1209 179 32 benämnd
338 1211 100 31 tablå
461 1211 19 31 I
502 1232 40 4 —
565 1212 229 33 redovisades
818 1216 134 30 statens
977 1215 201 37 tillgångar
1202 1227 45 20 av
1272 1217 73 32 fast
1369 1217 65 32 och
1458 1219 52 31 lös
1535 1227 103 28 egen-

136 1252 82 31 dom
244 1256 89 28 utan
359 1255 205 35 angivande
591 1266 46 20 av
664 1258 115 34 några
807 1258 287 37 avdragsposter,
1121 1260 121 31 vadan
1269 1261 107 31 alltså
1404 1262 236 31 statsverkets

137 1296 145 31 skulder
304 1297 77 31 icke
404 1298 12 30 i
439 1298 68 31 den
527 1298 150 33 kommit
700 1300 58 31 till
779 1310 114 26 synes.
935 1301 77 31 Den
1033 1302 115 31 andra
1170 1303 124 31 tablån
1314 1323 41 3 —
1378 1306 103 29 »över
1502 1307 137 29 statens

137 1339 208 32 finansiella
370 1341 205 37 ställning»,
601 1343 13 29 i
639 1342 282 38 fortsättningen
947 1345 178 32 benämnd
1151 1346 99 31 tablå
1275 1347 38 31 II
1337 1366 41 4 —
1403 1354 134 30 upptog
1564 1349 75 31 dels

135 1383 232 32 summariskt
389 1384 42 31 de
453 1385 11 30 i
485 1385 317 32 rikshuvudboken
822 1387 209 32 redovisade
1051 1389 249 36 tillgångarna
1321 1390 92 31 efter
1434 1392 138 35 avdrag
1592 1401 46 21 av

136 1425 154 37 skulder,
315 1427 74 31 dels
413 1428 65 30 ock
503 1427 43 32 de
568 1439 46 20 av
638 1429 299 37 myndigheterna
963 1431 12 30 i
1000 1432 119 36 övrigt
1145 1433 185 35 uppgivna
1354 1433 248 37 tillgångarna
1627 1435 9 29 i

136 1469 73 32 fast
227 1470 64 31 och
308 1471 52 31 lös
377 1471 181 36 egendom.
587 1472 231 32 Sistnämnda
835 1474 187 36 uppgifter
1039 1476 225 31 meddelades
1281 1477 80 31 med
1378 1487 136 21 samma
1530 1478 110 36 speci-

139 1513 155 32 fikation
316 1524 74 21 som
411 1515 11 30 i
445 1515 98 31 tablå
564 1516 28 35 I,
615 1517 123 30 varför
760 1517 41 31 de
823 1517 91 32 båda
936 1520 430 36 sammanställningarna
1387 1521 13 30 i
1422 1523 96 29 stora
1540 1522 100 31 delar

135 1575 40 4 —
193 1557 150 32 bortsett
364 1559 85 30 från
468 1559 42 31 de
530 1559 294 33 affärsdrivande
845 1561 132 31 verken
997 1581 39 3 —
1054 1564 261 31 sammanföllo.
1356 1564 131 31 Medan
1507 1565 13 31 i
1538 1565 101 31 tablå

137 1601 18 31 I
180 1611 64 20 var
268 1611 44 21 en
336 1602 472 38 bruttosammanställning,
832 1604 80 31 blev
937 1605 98 31 tablå
1059 1606 39 31 II
1122 1616 43 21 en
1190 1608 449 37 nettosammanställning.

136 1641 342 36 Översiktstabellen
503 1648 102 29 »över
629 1648 231 36 ungefärliga
882 1649 127 31 värdet
1033 1659 46 21 av
1102 1651 234 31 statsverkets
1360 1651 188 36 egendom»
1573 1662 67 21 var

137 1688 166 35 grundad
322 1690 45 34 på
387 1689 99 31 tablå
504 1690 27 35 I,
551 1690 116 31 likaså
686 1690 67 32 den
771 1690 318 36 jämförelsetabell
1107 1693 134 31 mellan
1260 1694 42 31 de
1319 1696 54 29 tre
1394 1697 139 29 senaste
1552 1705 88 26 upp-

137 1731 186 37 giftsåren,
346 1742 75 21 som
443 1742 66 21 var
531 1733 149 36 intagen
701 1734 12 30 i
737 1735 282 31 statsutskottets
1042 1738 80 34 eget
1143 1737 187 31 memorial
1353 1738 12 30 i
1387 1740 130 29 ämnet.

175 1774 237 33 Beträffande
438 1776 41 31 de
504 1777 292 32 hittillsvarande
821 1778 205 32 tablåernas
1051 1779 162 32 innehåll
1235 1780 66 31 har
1326 1781 313 37 riksräkenskaps-

138 1818 123 32 verket
284 1819 12 30 i
319 1819 56 31 sin
399 1819 251 32 förutberörda
674 1821 171 31 skrivelse
868 1822 67 31 den
958 1822 38 30 31
1019 1822 68 36 juli
1111 1823 78 31 1928
1213 1824 197 32 framställt
1433 1825 207 37 erinringar

136 1862 12 30 i
172 1862 95 31 olika
289 1863 210 31 avseenden.

178 1906 154 31 Särskilt
350 1907 70 30 vad
438 1908 113 35 angår
570 1907 99 31 tablå
687 1908 38 31 II
743 1908 66 31 har
825 1908 424 37 riksräkenskapsverket
1267 1910 204 33 framhållit
1489 1912 151 32 behovet

137 1959 46 20 av
205 1949 203 32 omedelbar
430 1950 250 37 omarbetning
701 1951 64 31 och
787 1952 317 36 fullständigande.
1146 1953 68 32 Det
1235 1956 89 29 mest
1345 1955 193 31 rationella
1559 1966 80 26 syn-

136 1995 54 29 tes
214 1993 424 36 riksräkenskapsverket
664 2004 97 26 vara,
786 1997 54 29 att
864 1994 115 32 denna
1004 1996 99 31 tablå
1127 1997 235 36 uppbyggdes
1386 1998 92 32 efter
1503 2009 137 21 samma

136 2038 142 34 system,
300 2047 75 20 som
397 2037 226 36 tillämpades
645 2038 12 30 i
678 2038 316 32 rikshuvudboken
1016 2040 56 30 för
1093 2040 279 37 redovisningen
1392 2052 47 20 av
1460 2042 179 32 balanser-

138 2089 47 22 na
205 2082 21 29 å
246 2081 99 30 såväl
366 2080 321 37 myndigheternas
707 2091 74 21 som
801 2081 192 32 fondernas
1012 2083 111 31 konti.
1164 2084 18 30 I
1203 2085 38 30 så
1262 2084 66 31 fall
1347 2084 115 32 skulle
1482 2085 99 32 tablå
1602 2087 39 30 II

138 2124 124 31 kunna
288 2126 154 29 ersättas
470 2134 47 21 av
545 2134 43 21 en
617 2125 298 36 översiktstabell,
942 2125 12 31 i
982 2125 123 32 vilken
1133 2129 175 34 upptoges
1336 2128 75 31 dels
1439 2129 42 31 de
1509 2129 13 30 i
1550 2129 90 31 riks-

137 2167 240 31 huvudboken
396 2167 210 32 redovisade
627 2168 247 36 tillgångarna
894 2169 64 30 och
977 2169 203 35 skulderna,
1200 2170 73 32 dels
1294 2171 127 36 övriga
1441 2172 200 36 tillgångar

138 2210 168 36 specifikt
327 2211 56 31 för
404 2210 102 36 varje
526 2211 222 37 myndighet.
788 2212 70 31 För
879 2214 54 29 att
953 2212 77 32 icke
1051 2213 334 33 översiktstabellen
1405 2215 115 31 skulle
1541 2215 99 32 bliva

138 2255 66 30 allt
233 2254 56 32 för
318 2254 214 37 ohanterlig,
561 2255 118 36 borde,
708 2255 112 36 enligt
848 2255 442 37 riksräkenskapsverkets
1319 2258 11 30 i
1360 2257 198 33 skrivelsen
1587 2261 53 29 ut-

138 2297 120 32 talade
279 2298 247 36 uppfattning,
546 2298 75 32 viss
642 2299 331 36 sammanslagning
993 2310 46 20 av
1059 2299 188 32 kolumner
1268 2303 68 34 äga
1357 2311 81 21 rum
1459 2303 64 30 och
1545 2302 97 32 vissa

137 2341 233 36 jämkningar
392 2342 13 30 i
426 2342 120 36 övrigt
569 2341 166 37 vidtagas
757 2342 12 31 i
790 2342 68 31 den
878 2343 248 36 uppställning
1148 2344 64 31 och
1232 2344 241 37 redovisning,
1495 2355 74 21 som
1591 2356 49 21 nu

138 2385 185 36 tillämpas
346 2385 13 31 i
382 2385 327 32 rikshuvudboken.

179 2429 18 31 I
220 2429 210 31 förberörda
455 2429 171 31 skrivelse
651 2429 67 31 har
742 2429 423 36 riksräkenskapsverket
1190 2430 124 32 vidare
1338 2432 133 31 uttalat
1494 2432 55 37 sig
1574 2433 68 36 för,

138 2474 56 30 att
218 2472 13 31 i
256 2472 67 31 den
347 2482 72 26 nya
445 2472 297 36 översiktstabell,
767 2482 74 22 som
867 2473 54 30 för
948 2473 194 31 framtiden
1169 2474 114 31 skulle
1307 2477 137 29 ersätta
1468 2476 99 31 tablå
1592 2476 50 36 IT,
