2167 2706
385 250 16 27 2
510 246 114 31 Första
651 246 218 30 Kammarens
897 244 182 41 Tillfälliga
1107 246 137 29 Utskotts
1266 243 77 41 (N:o
1366 244 31 40 D)
1422 244 209 32 Betänkande
1656 245 57 32 N:o
1738 246 49 31 14.

344 336 219 37 Kammaren
606 334 318 37 återremitterade
965 333 259 36 Betänkandet
1265 333 68 36 och
1375 332 96 37 Herr
1513 332 77 37 Uhr
1629 334 128 36 inkom
1792 335 82 36 med
1904 349 45 23 en

342 387 198 37 förändrad
583 401 49 35 ny
676 387 143 35 motion
855 388 8 33 i
899 393 137 37 ämnet,
1071 383 189 38 hvarefter
1289 383 191 38 Utskottet
1507 386 28 35 »i
1565 385 246 37 betraktande
1841 386 38 36 af
1905 386 45 38 de

343 440 100 35 inom
483 438 222 37 Kammaren
749 437 164 37 uttalade
955 437 154 47 åsigter»
1138 435 219 37 frånträdde
1386 437 54 35 sin
1469 435 100 38 förra
1598 437 152 48 mening
1778 438 68 36 och
1876 439 75 34 till-

344 491 143 50 styrkte
517 490 112 36 ofvan
661 489 159 36 anförda
848 489 215 36 skrifvelses
1092 487 192 36 aflåtande.

477 542 196 36 Utskottet
701 542 66 35 har
795 542 95 47 tagit
917 539 129 46 frågan
1076 539 121 35 under
1224 538 174 49 pröfning
1427 540 70 35 och
1526 539 135 45 funnit,
1691 546 54 30 att

477 594 47 36 då
565 593 116 36 kändt
722 600 52 36 är,
816 598 55 30 att
911 590 129 48 Kongl
1082 590 103 49 Maj:t
1221 590 167 36 utfärdat
1416 590 283 48 ifrågavarande
1727 590 224 49 förordning

343 644 94 37 först
465 645 112 36 sedan
607 644 231 44 sakkunnige
867 644 168 34 tekniske
1064 642 308 47 vetenskapsmän
1403 641 123 38 blifvit
1554 644 7 34 i
1592 649 127 30 ämnet
1747 642 135 44 hörde;

477 697 46 35 då
565 696 125 36 dessas
732 696 139 46 åsigter
901 697 117 33 måste
1046 706 67 34 ega
1140 693 144 36 vitsord
1316 693 54 35 till
1400 693 83 36 dess
1512 706 44 23 en
1585 695 126 47 längre
1740 693 210 37 erfarenhet

343 748 174 47 möjligen
547 749 108 41 visat,
685 753 53 27 att
767 746 45 35 de
843 747 95 33 varit
965 745 175 46 origtiga;

478 798 47 36 då
553 798 106 37 säker
686 794 209 38 erfarenhet
926 808 58 24 om
1016 794 287 49 olämpligheten
1333 793 40 37 af
1396 807 42 23 en
1467 793 234 49 författning,
1717 807 78 24 som
1812 794 142 50 knappt

343 854 52 31 ett
422 853 41 32 år
489 851 98 35 varit
614 848 184 48 gällande,
828 848 31 47 ej
888 860 114 35 gerna
1030 847 70 35 kan
1129 859 87 22 vara
1244 846 202 44 inhemtad;

476 900 47 36 då
563 901 133 47 klagan
737 900 55 33 väl
835 898 181 49 försports
1059 897 103 36 öfver
1190 896 283 48 författningens
1503 898 160 47 menliga
1690 897 146 48 följder,
1867 910 85 23 men

343 951 217 49 grunderna
592 953 60 35 för
684 951 124 36 denna
845 950 135 48 klagan
1009 950 31 46 ej
1071 948 122 36 blifvit
1222 948 84 37 med
1335 949 81 35 klar
1443 949 196 47 bevisning
1666 948 219 49 framlagda,

476 1007 40 33 så
543 1004 55 36 får
625 1002 195 37 Utskottet
850 1002 215 46 härigenom
1092 1000 192 35 vördsamt
1311 999 145 44 föreslå,

793 1059 54 29 att
875 1052 131 36 Första
1034 1051 223 36 Kammaren
1287 1051 80 36 icke
1384 1051 166 36 biträder
1566 1050 128 37 Andra
1711 1050 241 37 Kammarens

742 1103 141 36 fattade
912 1104 132 35 beslut.

477 1193 216 50 Stockholm
724 1206 70 36 den
825 1209 44 33 15
898 1205 73 47 Maj
1004 1207 106 34 1877.

909 1306 52 36 På
989 1304 214 38 Utskottets
1231 1312 159 40 vägnar:

962 1406 44 38 O.
1036 1408 38 36 E.
1104 1408 40 35 L.
1175 1407 152 36 DAHM.

763 2328 179 40 Stockholm,
967 2328 454 39 Associations-Boktryckeriet,
1447 2328 91 29 1877.
