2238 2628
210 752 67 45 19.

823 161 348 33 Jordbruksutskottets
1194 157 167 32 utlåtande
1384 155 54 32 Nr
1456 157 53 29 57.

771 241 185 37 inbetalas
986 239 57 36 till
1070 235 275 50 länsstyrelsen
1374 234 11 35 i
1414 234 103 35 länet
1551 232 69 36 och
1649 230 87 36 med
1765 228 221 50 skyldighet

772 294 58 36 för
871 291 155 47 bolaget
1068 288 103 37 såväl
1205 291 56 32 att
1289 285 167 37 bestrida
1484 283 257 38 kostnaderna
1771 282 59 35 för
1856 281 132 48 lägen-

772 346 131 35 hetens
945 340 236 49 avskiljande
1223 338 72 37 och
1336 337 141 49 lagfart
1512 338 21 33 å
1562 336 130 46 fånget
1720 345 83 24 som
1832 332 71 35 ock
1933 336 55 31 att

773 400 178 46 uppsätta
980 393 69 36 och
1072 390 223 38 underhålla
1314 388 170 47 stängsel
1504 387 11 35 i
1535 392 166 43 gränsen
1721 389 81 31 mot
1820 383 167 36 kronans

774 448 122 44 mark;

904 499 76 36 dels
1009 498 62 35 ock
1100 493 173 38 området
1299 493 71 35 litt.
1395 492 28 34 Z
1444 490 56 36 till
1519 485 469 41 Kristianstad-—Hässle-

775 552 123 36 holms
927 545 412 53 järnvägsaktiebolag
1366 548 80 31 mot
1474 555 48 23 en
1549 539 260 51 köpeskilling
1838 551 45 22 av
1915 538 72 34 112

775 604 139 36 kronor
941 605 100 32 samt
1068 600 12 35 i
1109 597 127 49 övrigt
1264 595 123 37 under
1415 592 198 39 enahanda
1640 591 152 43 villkor,
1822 601 81 24 som
1925 601 64 22 an-

776 655 117 48 givits
921 650 239 39 beträffande
1188 648 232 49 lägenheten
1448 645 70 36 litt.
1550 644 47 44 Q;

909 756 36 48 8)
984 757 74 35 dels
1095 759 56 31 att
1186 751 276 49 lägenheterna
1498 749 71 35 litt.
1604 747 134 46 A—E,
1769 746 121 42 G—Q
1920 744 70 35 och

778 811 26 36 S
843 811 62 34 må
942 821 68 22 var
1045 807 59 36 för
1141 805 62 47 sig
1232 803 85 37 med
1346 803 13 35 i
1387 798 421 50 statsrådsprotokollet
1836 795 154 48 angivet

779 861 220 37 område
956 842 30 66 —
1015 857 133 37 varvid
1177 855 229 49 ägofiguren
1433 866 46 22 nr
1509 853 21 35 5
1560 864 139 36 genom
1730 863 48 23 en
1799 847 86 37 med
1905 846 86 37 dess

779 914 113 36 södra
933 916 118 43 gräns
1092 908 172 50 parallell
1307 906 93 46 linje
1441 903 183 50 uppdelas
1653 901 86 37 med
1769 899 147 38 hälften
1943 901 49 46 på

779 965 159 37 vardera
971 961 231 50 lägenheten
1231 959 72 36 litt.
1356 958 12 36 N
1398 956 70 37 och
1498 955 31 37 O
1558 977 50 4 —
1635 954 86 36 från
1750 953 242 46 kronoegen-

780 1018 138 36 domen
951 1017 17 34 1
997 1013 143 37 mantal
1159 1012 136 36 Valsta
1314 1023 46 23 nr
1379 1011 23 34 4
1423 1008 12 36 i
1454 1008 145 36 Askers
1619 1006 142 36 socken
1781 1017 48 23 av
1882 1002 111 36 Örebro

780 1070 61 35 län
885 1067 176 48 försäljas
1103 1064 122 48 enligt
1266 1060 179 51 gällande
1479 1058 166 49 grunder
1675 1057 58 36 för
1763 1053 230 52 upplåtande

782 1134 46 22 av
857 1116 437 51 egnahemslägenheter
1322 1114 85 35 från
1435 1108 371 49 kronoegendomar;

913 1171 76 35 dels
1018 1173 55 31 att
1100 1166 276 49 lägenheterna
1404 1162 70 37 litt.
1519 1162 15 35 F
1564 1161 71 36 och
1664 1160 33 35 R
1725 1162 62 33 må
1807 1157 186 49 försäljas,

783 1224 70 35 litt.
883 1222 30 36 F
942 1221 57 36 till
1038 1219 219 37 fabrikören
1285 1216 95 36 Axel
1408 1214 102 48 Berg
1538 1212 71 37 och
1635 1212 72 36 litt.
1738 1211 33 35 R
1799 1210 57 36 till
1886 1208 109 37 Stora

783 1274 157 36 Mellösa
968 1272 197 45 kommun,
1196 1273 80 32 mot
1304 1266 318 50 köpeskillingar,
1651 1276 83 24 som
1759 1259 237 39 beträffande

784 1326 160 36 vardera
971 1323 234 49 lägenheten
1232 1323 50 47 på
1310 1319 190 48 köparens
1528 1314 212 38 bekostnad
1765 1314 231 36 bestämmas

784 1391 47 23 av
871 1383 57 30 tre
970 1375 101 48 gode
1112 1378 101 41 män,
1245 1385 48 23 av
1320 1370 104 37 vilka
1451 1367 275 50 länsstyrelsen
1755 1366 11 36 i
1795 1365 103 36 länet
1925 1363 72 36 och

784 1430 170 48 köparen
981 1440 70 23 var
1079 1426 58 36 för
1166 1425 62 47 sig
1255 1428 85 31 utse
1369 1435 46 23 en
1444 1420 72 36 och
1545 1419 181 36 domaren
1754 1418 13 35 i
1795 1421 108 32 orten
1924 1415 74 36 den

785 1480 133 49 tredje,
961 1478 88 36 med
1090 1475 250 48 iakttagande
1381 1477 55 32 att
1477 1470 354 50 köpeskillingarna
1873 1467 31 48 ej
1936 1469 62 33 må

786 1536 118 32 sättas
945 1531 107 47 lägre
1093 1533 48 30 än
1181 1527 59 35 till
1270 1527 114 45 2,130
1413 1524 142 35 kronor
1583 1522 58 35 för
1668 1520 231 49 lägenheten
1927 1518 69 35 litt.

786 1583 30 36 F
836 1583 71 36 och
929 1582 59 36 till
1004 1581 114 46 3,575
1135 1579 144 36 kronor
1294 1577 59 36 för
1369 1575 231 49 lägenheten
1614 1573 72 36 litt.
1704 1573 45 45 R,
1766 1576 99 32 samt
1878 1569 121 37 under

786 1634 139 37 villkor
954 1638 56 31 att
1041 1629 355 51 köpeskillingarna
1428 1626 178 49 erläggas
1639 1624 58 36 till
1726 1621 271 50 länsstyrelsen

786 1687 13 35 i
839 1687 101 35 länet
981 1685 164 35 kontant
1186 1681 66 36 vid
1294 1678 192 47 tillträdet,
1520 1683 56 30 att
1602 1677 174 49 köparna
1803 1686 197 24 ensamma

787 1738 215 36 vidkännas
1045 1735 47 36 de
1120 1733 86 37 med
1236 1732 223 37 områdenas
1489 1727 239 50 avskiljande
1757 1726 72 37 och
1859 1724 140 49 lagfart

788 1793 21 33 å
837 1789 143 48 fången
1009 1785 181 38 förenade
1218 1783 206 37 kostnader
1452 1786 100 32 samt
1580 1786 54 30 att
1663 1778 143 37 Lovisa
1832 1777 168 36 Larsson

788 1841 98 37 skall
926 1845 75 43 äga
1043 1843 54 31 att
1138 1836 121 37 under
1288 1835 58 37 sin
1375 1831 238 39 återstående
1640 1830 131 37 livstid
1800 1828 97 37 bebo
1926 1828 71 36 den

789 1895 48 47 på
874 1891 231 49 lägenheten
1137 1889 72 36 litt.
1240 1887 33 36 R
1296 1887 165 47 belägna
1489 1885 126 35 henne
1643 1882 199 47 tillhöriga
1869 1886 130 39 stuga;

920 1943 77 37 dels
1025 1947 55 31 att
1107 1940 57 37 till
1192 1945 146 43 ägaren
1367 1951 47 22 av
1446 1936 136 49 Mörby
1610 1934 96 50 gård
1735 1935 63 34 må
1825 1931 176 49 försäljas

791 1997 72 36 den
893 1998 20 33 å
941 1991 335 49 stadsingenjören
1314 1990 93 36 Karl
1434 1987 217 38 Davidsons
1679 1983 322 52 styckningsplan

790 2046 204 47 utmärkta,
1025 2045 10 35 i
1064 2040 421 51 statsrådsprotokollet
1514 2039 167 48 angivna
1709 2036 110 37 mark
1846 2040 80 31 mot
1954 2047 48 23 en

791 2097 260 50 köpeskilling
1087 2109 47 23 av
1175 2097 72 34 132
1285 2094 141 36 kronor
1463 2097 56 31 att
1546 2091 58 35 till
1644 2088 273 50 länsstyrelsen
1946 2098 57 24 er-

792 2151 138 48 läggas
971 2149 162 36 kontant
1173 2146 65 37 vid
1280 2144 184 37 tillträdet
1505 2148 98 31 samt
1630 2141 121 37 under
1778 2138 140 38 villkor
1947 2142 56 32 att

792 2203 166 48 köparen
988 2213 131 23 ensam
1147 2198 213 36 vidkännes
1385 2196 45 36 de
1450 2195 85 36 med
1556 2192 189 39 områdets
1767 2189 237 50 avskiljande
