2217 2696
409 160 41 32 30
881 165 101 31 Stats-
997 161 171 47 Utskottets
1183 166 167 33 Utlåtande
1375 168 61 31 N:o
1463 170 25 30 8.

1016 591 265 41 Reservationer
1293 608 5 22 :

497 695 55 35 vid
584 694 95 47 5:dje
703 695 160 47 punkten
891 697 198 47 (angående
1130 698 204 47 förhöjning
1363 700 11 34 i
1403 700 159 46 anslaget
1591 700 52 36 för
1673 700 237 47 befrämjande
1939 703 38 33 af

365 746 193 36 ärendenas
586 748 94 47 gång
710 748 93 35 inom
833 748 417 50 Civil-departementet);

491 833 38 35 af
552 834 162 36 Friherre
746 835 40 35 F.
815 835 44 35 A.
889 834 142 37 Funck:
1065 837 75 35 "Då
1168 837 162 36 behofvet
1359 838 38 36 af
1422 839 104 35 ökadt
1569 839 122 47 anslag
1733 840 53 35 för
1820 839 150 36 befräm-

359 884 107 48 Jande
495 886 39 35 af
557 886 194 37 ärendenas
781 889 94 46 gång
905 888 91 36 inom
1027 890 385 49 Civil-departementet
1453 904 103 35 synes
1597 892 71 47 mig
1704 904 83 24 vara
1817 892 34 36 af
1878 891 93 37 Herr

361 937 380 48 departementschefen
783 941 49 35 uti
874 941 76 35 dess
1001 943 190 36 anförande
1234 942 51 36 till
1328 944 382 48 statsrådsprotokollet
1753 944 217 48 fullständigt

361 990 221 49 ådagalagdt,
625 992 64 36 har
725 993 63 48 jag
828 994 77 35 icke
945 994 137 37 kunnat
1124 996 140 48 deltaga
1292 995 10 36 i
1331 996 309 37 Stats-Utskottets
1676 997 112 36 beslut
1814 997 12 36 i
1854 997 115 37 denna

360 1043 123 48 punkt,
512 1048 84 33 utan
628 1044 50 36 får
706 1045 71 48 mig
806 1046 153 36 deremot
987 1053 214 43 reservera;"

490 1149 38 36 af
551 1149 134 38 Herrar
712 1150 164 37 Friherre
904 1149 41 37 F.
973 1165 66 22 von
1068 1151 121 49 Essen,
1218 1152 164 37 Friherre
1411 1151 35 37 C.
1475 1150 190 51 Skogman,
1699 1153 129 37 Grefve
1856 1153 41 37 L.
1927 1157 45 49 af

368 1199 138 49 Ugglas,
535 1202 164 36 Friherre
739 1202 43 36 A.
825 1203 43 34 BR.
905 1203 43 35 A.
978 1203 209 48 Adelsvärd,
1232 1206 42 34 F.
1320 1204 208 47 Brusewitz,
1572 1203 35 37 C.
1649 1204 156 42 Ekman,
1851 1206 46 35 E.
1926 1208 47 47 af

359 1251 113 49 Klint,
515 1251 40 37 P.
587 1252 248 51 Beutersvärd,
878 1254 35 37 C.
958 1255 41 36 L.
1029 1255 257 49 Reuterskjöld,
1328 1255 42 38 O.
1412 1255 42 37 E.
1499 1255 42 37 L.
1583 1256 121 37 Dahm
1746 1258 66 37 och
1840 1257 46 36 H.
1925 1249 40 46 O.

385 1302 84 48 alk;

487 1411 59 35 vid
573 1412 103 35 Z0:de
700 1411 160 49 punkten
895 1414 197 47 (angående
1132 1414 284 47 löneförhöjning
1445 1415 51 35 för
1524 1414 296 47 länsbokhållare,
1847 1416 118 37 lands-

357 1462 212 37 kontorister
595 1464 66 36 och
687 1464 191 49 länsmän):

486 1568 38 35 af
547 1568 134 36 Herrar
709 1568 84 37 Carl
818 1569 196 50 Ifvarsson,
1044 1570 82 35 Liss
1155 1569 90 52 Olof
1268 1570 160 36 Larsson
1455 1571 66 35 och
1550 1570 41 36 O.
1620 1571 44 35 B.
1695 1570 144 38 Olsson:
1878 1572 86 36 "Ut-

357 1620 134 47 gående
519 1620 78 36 från
626 1621 67 36 den
722 1621 191 49 principen,
944 1627 51 31 att
1022 1626 131 33 statens
1183 1623 207 48 tjenstemän
1418 1622 94 49 böra,
1554 1623 37 36 så
1631 1623 74 36 vidt
1745 1625 129 48 görligt
1914 1629 50 41 är,

357 1672 145 36 beredas
531 1673 88 36 både
648 1673 190 48 tillräcklig
866 1675 268 48 sysselsättning
1175 1675 63 36 och
1280 1675 166 47 aflöning,
1487 1674 130 37 hvaraf
1653 1676 96 36 torde
1791 1677 87 48 följa
1913 1681 51 32 att

357 1724 175 48 reglering
560 1725 38 35 af
621 1725 144 36 lönerna
794 1728 108 34 måste
931 1727 121 36 ställas
1081 1728 9 35 i
1120 1728 220 47 oskiljaktigt
1373 1727 255 48 sammanhang
1668 1729 78 35 med
1787 1730 176 47 reglering

357 1776 37 36 af
418 1777 422 49 tjenstebefattningarne,
870 1779 115 36 derest
1014 1779 114 36 denna
1156 1780 137 48 princip
1321 1779 87 36 skall
1446 1779 120 36 kunna
1607 1780 193 49 tillämpas;
1841 1782 122 36 kunna

357 1829 33 35 vi
417 1829 194 48 ingalunda
639 1829 136 37 biträda
801 1830 159 37 hvarken
991 1831 130 48 Kongl.
1149 1832 117 47 Maj:ts
1294 1832 84 35 eller
1412 1831 199 37 Utskottets
1638 1832 129 49 förslag
1795 1834 12 35 i
1835 1837 126 44 ämnet,

356 1881 144 36 emedan
528 1882 57 35 det
613 1895 66 23 ena
707 1883 89 35 afser
825 1895 41 24 en
908 1884 155 36 bestämd
1105 1884 281 48 löneförhöjning
1428 1885 64 35 och
1535 1885 57 35 det
1632 1886 110 35 andra
1769 1886 112 36 medel
1908 1886 53 36 till

355 1945 43 23 en
427 1933 119 48 sådan,
575 1938 85 31 utan
687 1938 50 32 att
769 1935 119 47 någon
927 1936 178 47 reglering
1145 1936 85 36 eller
1270 1936 214 48 indragning
1525 1936 38 36 af
1599 1937 363 48 tjenstebefattningar

355 1985 115 36 blifvit
497 1986 104 36 ställd
630 1987 10 34 i
670 1988 167 35 samband
866 1988 76 35 med
972 2000 82 24 vare
1083 1988 52 48 sig
1162 1988 57 36 det
1259 2001 65 24 ena
1366 1988 82 36 eller
1489 1989 111 36 andra
1628 1989 39 36 af
1690 1990 100 36 dessa
1817 1990 143 49 förslag.

354 2037 155 49 Beviljas
537 2051 47 23 nu
612 2039 112 35 medel
753 2040 53 35 till
834 2040 337 48 löneförhöjningar;
1209 2041 48 46 så,
1285 2041 112 36 ehvad
1427 2041 100 36 dessa
1554 2041 171 37 definitivt
1751 2043 210 36 bestämmas

354 2090 85 35 eller
466 2090 86 47 icke,
581 2091 70 35 kan
680 2092 58 35 det
766 2093 174 35 dessutom
969 2093 137 36 befaras
1134 2097 49 32 att
1210 2093 42 35 de
1278 2094 103 46 länge
1410 2094 263 47 efterlängtade,
1702 2095 54 35 väl
1787 2095 174 47 behöfliga

354 2142 212 36 reformerna
593 2143 95 36 inom
725 2145 347 48 statsförvaltningen
1114 2145 140 37 komma
1295 2149 50 32 att
1386 2145 169 49 fördröjas
1594 2146 122 48 längre
1758 2147 66 36 och
1868 2150 92 33 möta

354 2198 108 32 större
491 2196 227 47 svårigheter,
747 2200 46 31 än
822 2209 54 23 om
904 2198 107 46 något
1039 2197 121 48 anslag
1201 2198 51 35 för
1292 2198 107 47 sagda
1432 2198 164 36 ändamål
1623 2199 77 36 icke
1727 2211 49 24 nu
1804 2199 155 48 beviljas,

353 2246 115 36 derest
495 2247 177 36 desamma
700 2248 77 36 icke
805 2249 72 35 helt
904 2250 62 35 och
995 2249 109 36 hållet
1130 2249 178 36 uteblifva.

481 2298 122 37 Under
644 2299 131 37 sådana
815 2300 253 49 förhållanden,
1098 2307 87 31 samt
1226 2302 11 35 i
1278 2302 212 36 afvaktande
1518 2303 45 47 på
1590 2303 57 36 det
1684 2303 36 35 af
1746 2303 134 36 Chefen
1907 2303 53 36 för

354 2351 386 49 Civil-departementet
767 2354 153 48 antydda
948 2354 168 47 förslaget
1142 2354 53 36 till
1222 2354 178 48 reglering
1426 2354 40 36 af
1489 2355 92 36 vissa
1613 2355 345 48 landsstatstjenster,
