1909 2831
261 173 19 30 4
618 175 284 30 Statsutskottets
923 175 178 32 utlåtande
1120 185 42 21 nr
1182 178 40 29 59
1242 177 38 30 år
1302 177 83 30 1969

261 256 82 40 ning
364 266 41 20 av
425 257 155 40 anslaget
600 257 44 40 på
664 257 11 30 i
695 257 219 31 motionerna
933 258 29 30 I:
978 257 63 31 562
1061 258 65 30 och
1147 258 45 30 II:
1208 258 61 31 425
1292 261 90 28 samt
1404 259 27 30 I:
1451 260 57 29 191
1532 260 64 30 och
1618 260 45 30 II:
1679 260 61 30 208

257 311 192 41 åberopade
467 312 151 40 grunder
637 313 160 39 avstyrks
817 312 128 31 därför.

304 366 12 29 I
331 366 97 40 fråga
443 376 56 21 om
514 367 41 30 de
569 367 171 30 motioner
754 368 73 30 vari
842 368 173 40 påkallats
1030 369 47 29 ett
1093 369 141 30 särskilt
1250 370 76 30 stöd
1341 369 51 31 till
1409 370 200 39 föreningar
1624 371 9 29 i
1648 370 90 30 vissa

261 420 57 29 län
335 420 64 29 har
417 421 170 29 utskottet
605 421 118 30 funnit
741 424 50 27 att
809 422 111 29 medel
939 423 85 29 även
1043 422 53 30 för
1115 423 100 29 dessa
1233 423 173 30 särskilda
1424 423 64 30 och
1506 424 163 30 anmälda
1687 424 54 30 be-

257 475 68 30 hov
344 475 98 30 täcks
464 485 41 20 av
525 475 125 41 Kungl.
672 476 124 40 Maj:ts
817 476 140 40 förslag.
978 477 208 40 Anspråken
1209 477 53 31 får
1284 478 119 30 därför
1424 478 199 40 tillgodoses
1645 478 94 31 inom

258 529 66 29 den
342 529 196 41 fördelning
555 540 42 20 av
613 530 137 30 medlen
768 540 74 21 som
859 531 125 40 Kungl.
1001 531 105 40 Maj:t
1124 533 63 29 har
1204 534 50 29 att
1272 533 91 39 göra.
1391 533 4 29 I
1413 533 67 30 den
1497 533 82 30 mån
1597 533 142 40 ansprå-

259 584 67 29 ken
354 584 153 40 grundas
536 585 45 40 på
608 587 77 28 rent
713 585 410 41 lokaliseringspolitiska
1152 586 115 41 syften
1296 587 62 30 bör
1387 587 41 31 de
1457 587 88 30 dock
1574 588 164 30 bedömas

257 639 10 28 i
284 640 106 29 annat
408 640 255 40 sammanhang
678 640 11 30 i
706 639 150 41 enlighet
874 641 78 29 med
970 641 40 30 de
1028 641 158 40 gällande
1204 641 175 40 riktlinjer
1396 644 72 28 mot
1485 642 95 30 vilka
1595 642 144 30 invänd-

256 693 84 40 ning
358 692 71 31 inte
446 695 99 28 rests.
564 694 175 30 Utskottet
758 695 180 39 avstyrker
958 695 147 31 sålunda
1122 696 99 30 bifall
1239 696 53 30 till
1311 696 219 31 motionerna
1549 697 28 30 I:
1594 696 62 30 369
1676 697 62 29 och

257 747 45 30 II:
318 746 72 36 483,
407 748 28 29 I:
452 747 61 30 365
528 749 64 29 och
607 749 45 29 II:
668 748 62 31 356
746 751 89 29 samt
851 750 27 29 I:
895 749 59 30 571
972 750 64 30 och
1051 750 44 30 II:
1112 750 61 30 653
1189 751 64 30 och
1267 750 192 40 tillstyrker
1474 751 125 40 Kungl.
1615 751 123 40 Maj:ts

255 802 130 40 förslag
402 802 52 30 till
472 803 327 41 medelsanvisning.

299 856 53 28 En
367 857 171 37 förstärkt
552 857 362 40 företagsrådgivning
930 859 94 28 inom
1042 858 265 38 föreningarnas
1323 867 75 21 ram
1416 860 158 29 förordas
1593 860 8 28 i
1618 860 121 28 motio-

255 916 108 21 nerna
378 908 28 29 I:
423 908 61 30 593
501 908 64 30 och
581 909 44 29 II:
642 909 72 30 652.
731 910 216 30 Motionerna
964 910 109 40 syftar
1089 910 50 30 till
1157 913 48 27 att
1222 911 242 30 åstadkomma
1481 921 41 20 en
1539 911 108 30 sådan
1662 911 77 31 råd-

255 963 142 40 givning
410 971 123 32 genom
547 966 49 28 att
611 965 93 29 inom
719 965 248 39 föreningarna
979 966 111 39 bygga
1103 975 70 31 upp
1187 975 150 31 grupper
1352 976 42 21 av
1407 967 159 29 tekniker
1581 968 64 28 och
1660 968 78 29 eko-

255 1026 121 20 nomer
402 1026 75 21 som
503 1018 251 39 kontinuerligt
781 1019 69 29 kan
876 1018 136 31 biträda
1038 1028 42 21 en
1106 1019 295 41 företagsledning
1427 1020 79 30 med
1532 1020 205 40 rådgivning

254 1070 64 29 och
338 1070 187 31 medverka
543 1071 52 29 till
615 1073 49 28 att
685 1071 185 39 företagels
890 1073 221 30 verksamhet
1132 1075 90 37 styrs
1243 1076 70 27 mot
1334 1075 47 28 ett
1401 1074 44 39 på
1464 1074 81 39 lång
1565 1074 68 30 sikt
1653 1083 85 31 upp-

255 1126 67 27 satt
343 1125 79 29 mål.
444 1125 285 35 Verksamheten,
753 1135 73 20 som
847 1126 153 30 indirekt
1021 1127 84 29 även
1129 1128 111 29 skulle
1261 1128 142 29 komma
1424 1129 49 28 att
1495 1128 146 38 fungera
1664 1137 73 20 som

253 1187 43 20 en
316 1178 206 40 utbildning,
543 1179 185 30 förutsätts
752 1180 5 29 i
778 1180 220 30 motionerna
1016 1180 148 39 främjas
1184 1189 123 31 genom
1328 1181 131 40 statligt
1480 1182 86 30 stöd.

298 1233 175 30 Utskottet
492 1234 59 29 vill
571 1235 10 28 i
600 1234 94 30 detta
713 1235 254 40 sammanhang
986 1235 114 30 erinra
1120 1245 56 20 om
1196 1236 41 30 de
1257 1245 88 21 ovan
1363 1236 196 31 refererade
1579 1237 158 40 gällande

255 1287 223 40 riktlinjerna
495 1288 54 30 för
565 1288 267 30 verksamheten
850 1298 74 21 som
941 1289 43 30 bl.
999 1298 28 21 a.
1046 1291 109 28 avsett
1173 1300 41 20 en
1232 1290 170 31 förstärkt
1417 1290 240 41 rådgivnings-
1674 1292 63 29 och

256 1342 375 30 konsultverksamhet.
651 1342 43 30 Så
710 1342 96 39 långt
824 1344 94 28 detta
937 1343 88 39 syfte
1044 1353 96 20 avses
1159 1344 95 29 delar
1272 1345 169 29 utskottet
1460 1345 277 30 motionärernas

254 1396 228 39 synpunkter.
503 1396 54 29 En
579 1396 215 30 konsultativ
815 1397 64 29 och
901 1397 210 39 rådgivande
1133 1398 222 30 verksamhet
1378 1407 73 22 som
1474 1399 119 30 täcker
1616 1400 121 29 aktua-

253 1449 146 30 liserade
417 1449 154 40 anspråk
588 1450 62 29 bör
667 1450 117 30 vidare
804 1459 74 21 som
897 1452 167 29 utskottet
1084 1452 116 30 anfört
1218 1461 83 21 vara
1320 1452 243 40 självbärande
1584 1454 63 29 och
1666 1454 70 29 inte

254 1503 208 30 finansieras
485 1504 79 29 över
585 1504 479 40 administrationsbidragen.
1086 1505 182 40 Möjlighet
1289 1506 97 30 finns
1406 1507 108 29 redan
1536 1517 47 20 nu
1606 1509 49 29 att
1677 1517 59 20 an-

254 1566 102 29 passa
385 1557 462 41 företagareföreningarnas
875 1559 221 30 verksamhet
1124 1559 52 31 till
1206 1560 65 29 den
1301 1560 212 39 efterfrågan
1544 1570 74 21 som
1647 1561 88 30 före-

253 1612 101 38 tagen
382 1611 110 39 själva
518 1611 164 41 erbjuder
707 1612 12 29 i
744 1612 94 30 detta
864 1612 206 31 hänseende.
1097 1613 116 40 Enligt
1240 1614 188 30 utskottets
1456 1615 140 40 mening
1623 1615 112 30 skulle

252 1665 55 29 det
324 1665 10 29 i
351 1666 63 28 och
432 1666 54 29 för
503 1665 50 40 sig
568 1675 84 20 vara
667 1667 138 39 mycket
821 1666 187 31 värdefullt
1025 1677 56 20 om
1099 1667 221 40 företagarna
1336 1668 11 29 i
1364 1669 110 29 större
1492 1669 243 40 utsträckning

249 1718 148 39 begärde
415 1719 206 40 rådgivning
639 1720 62 29 hos
721 1720 257 39 föreningarna.
997 1721 174 30 Utskottet
1191 1722 180 39 avstyrker
1391 1722 217 30 motionerna
1627 1723 29 29 1:
1672 1723 61 29 593

248 1772 64 29 och
334 1772 45 31 II:
395 1772 73 30 652.

293 1826 71 30 Mot
390 1826 125 40 Kungl.
541 1827 124 39 Maj:ts
691 1827 131 40 förslag
849 1827 49 31 till
925 1828 318 41 medelsanvisning
1269 1829 54 30 för
1348 1829 297 42 förlusttäckning
1670 1831 63 29 har

248 1880 169 29 utskottet
434 1879 102 40 ingen
555 1880 150 31 erinran.

294 1934 174 30 Utskottet
493 1934 193 40 tillstyrker
710 1935 117 31 vidare
852 1936 125 40 Kungl.
1003 1936 124 40 Maj:ts
1153 1937 130 40 förslag
1309 1937 51 30 till
1386 1946 75 22 ram
1488 1939 53 29 för
1568 1937 165 31 industri-

246 1988 197 39 garantilån
459 1998 56 20 om
530 1988 204 31 oförändrat
749 1989 40 30 80
806 1989 86 41 milj.
909 1991 50 29 kr.

292 2041 178 41 Förslaget
495 2042 10 30 i
529 2043 219 30 motionerna
773 2043 107 31 1:576
906 2045 64 29 och
996 2045 44 30 II:
1057 2045 61 29 627
1145 2055 57 20 om
1228 2045 195 41 delegering
1446 2046 53 30 till
1524 2046 208 41 företagare-

248 2095 248 41 föreningarna
513 2106 42 21 av
570 2097 321 32 beslutanderätten
909 2099 10 29 i
938 2098 97 40 fråga
1053 2109 55 20 om
1128 2099 117 41 statlig
1262 2100 136 39 garanti
1416 2100 53 30 för
1486 2100 59 30 lån
1562 2100 170 41 prövades

249 2150 85 28 även
358 2160 42 19 av
424 2150 82 30 1968
530 2151 56 29 års
609 2151 143 40 riksdag
780 2152 68 34 (SU
874 2152 209 33 1968:102).
1108 2154 78 29 Med
1208 2153 212 41 hänvisning
1442 2154 51 30 till
1517 2155 67 29 vad
1607 2154 10 29 i
1643 2164 88 20 sam-

245 2204 92 29 band
354 2203 143 30 därmed
512 2204 163 30 anfördes
692 2206 160 39 avstyrks
868 2206 218 31 motionerna
1101 2207 10 30 i
1127 2207 114 30 denna
1257 2207 64 30 del.

289 2257 209 40 Föreslagen
527 2258 318 42 medelsanvisning
874 2259 52 31 till
953 2260 206 30 hantverks-
1187 2262 63 29 och
1280 2261 364 41 industrilånefonden
1674 2272 55 20 om

246 2311 204 30 oförändrat
475 2311 40 30 20
540 2312 87 39 milj.
653 2312 51 31 kr.
730 2321 59 31 ger
812 2322 42 21 en
879 2314 355 40 utlåningskapacitet
1259 2315 55 30 för
1338 2315 174 30 direktlån
1537 2316 11 28 i
1572 2316 91 30 form
1689 2326 40 20 av

245 2364 204 30 hantverks-
470 2366 63 29 och
555 2366 211 31 industrilån
787 2368 45 38 på
853 2367 129 30 inemot
1004 2368 40 29 60
1067 2368 87 40 milj.
1176 2369 51 30 kr.
1250 2368 175 31 Utskottet
1447 2368 192 41 tillstyrker
1661 2370 67 29 för-

243 2419 117 39 slaget.

287 2472 71 29 Lån
384 2481 41 21 ur
448 2473 128 29 fonden
601 2482 56 31 ges
680 2474 52 29 till
755 2475 454 40 företagareföreningarna,
1235 2485 74 21 som
1331 2477 71 29 kan
1423 2477 129 39 bevilja
1574 2477 153 30 nämnda

244 2526 175 30 direktlån
445 2527 52 30 till
522 2536 42 21 en
591 2528 63 29 och
682 2537 133 21 samma
842 2529 153 31 sökande
1021 2529 90 30 intill
1137 2530 124 40 belopp
1289 2538 73 22 som
1388 2529 234 32 tillsammans
1648 2531 78 30 med
