1906 2832
492 175 381 31 Jordbruksutskottets
898 175 177 31 utlåtande
1099 176 50 30 Nr
1173 176 50 31 38.
1574 173 37 31 13

98 258 100 36 dena,
218 258 151 31 biträdes
388 267 43 21 av
449 259 174 30 utskottet.
656 258 264 38 Granskningen
940 269 42 21 av
1001 260 340 37 författningstexten
1360 261 64 30 har
1442 261 76 30 icke
1536 261 69 30 för-

98 308 107 31 anlett
226 309 140 30 erinran
389 307 79 32 från
493 309 184 31 utskottets
700 309 85 31 sida.

144 358 70 31 När
238 358 254 37 föredragande
513 359 184 31 statsrådet
720 360 155 31 däremot
897 360 77 30 icke
995 363 113 28 ansett
1133 360 50 39 sig
1208 361 119 30 kunna
1353 361 172 37 tillstyrka
1549 361 58 31 det

98 418 43 21 av
165 409 353 37 medicinalstyrelsen
543 410 197 37 framlagda
765 410 163 37 förslaget
955 413 48 28 att
1031 411 162 37 generellt
1218 412 178 30 utsträcka
1423 412 182 37 pastörise-

98 459 362 39 ringsförordningens
484 460 315 37 giltighetsområde
819 461 51 30 till
893 461 67 31 den
984 461 170 38 egentliga
1177 462 248 37 landsbygden,
1451 463 40 29 är
1511 462 95 31 detta

98 510 138 37 uttryck
261 510 55 31 för
336 519 44 22 en
403 510 224 38 ståndpunkt,
652 521 79 21 som
751 512 78 30 med
852 512 137 37 hänsyn
1011 512 50 31 till
1086 512 42 31 de
1152 512 80 30 med
1254 512 163 38 förslaget
1439 512 167 31 förenade

98 560 267 37 olägenheterna
385 561 94 31 delas
496 571 44 21 av
557 562 177 30 utskottet.

142 611 15 30 I
176 611 201 37 anslutning
396 611 50 32 till
465 612 209 31 sistberörda
693 612 130 37 förslag
840 613 66 30 har
922 613 473 32 livsmedelskommissionen
1413 613 126 37 anfört,
1561 617 49 28 att

98 670 43 22 en
163 662 241 38 utsträckning
427 672 43 21 av
492 663 532 37 pastöriseringsförordningens
1048 663 391 37 tillämpningsområde,
1464 665 80 30 med
1567 664 43 31 de

98 711 57 32 för
171 712 295 38 standardisering
484 723 43 21 av
544 713 112 36 mjölk
673 714 160 36 gällande
849 714 188 38 undantag,
1056 713 51 32 till
1126 715 43 29 de
1185 713 168 32 områden
1370 714 22 31 å
1410 715 68 30 den
1495 718 113 33 egent-

97 761 70 38 liga
192 763 248 37 landsbygden,
467 764 63 30 där
553 763 207 37 mejerierna
784 764 109 31 redan
917 774 48 21 nu
989 763 267 32 tillhandahålla
1281 765 47 30 all
1352 765 256 31 konsumtions-

101 813 122 36 mjölk,
241 814 97 30 torde
357 823 84 21 vara
458 813 121 38 möjlig
595 817 86 28 utan
700 817 50 28 att
768 815 93 30 detta
879 815 110 31 skulle
1007 815 185 30 förorsaka
1208 815 108 37 några
1333 816 188 30 märkbara
1540 816 69 30 olä-

99 864 162 36 genheter
286 863 56 32 för
368 865 245 30 allmänheten.
642 865 152 31 Berörda
820 866 179 37 undantag
1025 865 148 37 medför,
1201 869 49 27 att
1277 866 131 36 jämväl
1437 866 96 31 inom
1560 876 49 21 nu

97 913 160 38 åsyftade
276 914 169 31 områden
464 915 306 37 mjölkproducent
790 917 88 29 dock
900 917 111 30 skulle
1030 916 38 31 få
1088 916 152 31 överlåta
1260 917 112 36 mjölk
1392 917 51 31 till
1463 917 64 31 hos
1548 918 60 30 ho-

98 974 84 22 nom
199 965 149 31 anställd
366 974 127 28 person
510 966 66 30 och
594 966 52 30 till
663 967 149 30 medlem
829 975 44 22 av
891 966 110 31 sådan
1018 976 145 27 persons
1181 967 140 31 hushåll
1339 969 164 29 ävensom
1521 968 12 29 i
1552 977 56 21 en-

98 1016 106 36 lighet
221 1016 80 30 med
318 1015 343 32 födorådskontrakt.

144 1066 76 30 Vad
254 1065 110 38 angår
398 1067 155 30 nämnda
588 1067 182 36 undantag
805 1076 104 28 synas
943 1068 182 30 desamma
1149 1069 172 30 utskottet
1346 1069 56 30 väl
1427 1069 101 30 snävt
1552 1069 57 31 be-

99 1117 178 35 gränsade.
314 1116 65 31 Det
405 1116 234 31 förekommer
667 1118 173 36 nämligen
868 1119 131 36 ganska
1026 1119 84 35 ofta,
1137 1121 48 28 att
1211 1118 231 37 jordbrukare
1468 1119 58 31 vid
1553 1122 53 28 ut-

97 1167 223 37 arrendering
345 1176 43 21 av
415 1167 56 30 sitt
494 1166 171 38 jordbruk
690 1168 50 30 till
767 1169 86 30 barn
877 1169 83 30 eller
985 1178 117 21 annan
1126 1168 118 31 såsom
1272 1170 272 37 arrendeavgäld
1569 1170 37 30 in

97 1219 126 29 natura
250 1216 199 32 förbehållit
476 1217 50 38 sig
553 1220 50 28 att
630 1227 43 21 av
698 1219 226 30 arrendatorn
950 1220 226 29 utbekomma
1202 1220 68 30 viss
1298 1220 169 30 kvantitet
1494 1219 111 38 mjölk

96 1267 57 31 för
178 1267 57 31 sitt
258 1267 150 31 hushåll.
447 1268 64 31 Det
534 1278 100 27 synes
659 1269 167 30 utskottet
849 1278 83 21 vara
955 1269 138 38 rimligt,
1119 1272 50 28 att
1194 1270 111 37 dylikt
1330 1270 62 30 fall
1415 1270 192 37 jämställes

97 1319 81 30 med
208 1319 41 30 de
275 1328 81 28 nyss
383 1319 149 36 angivna
556 1320 306 36 undantagsfallen
891 1321 66 29 och
981 1323 51 27 att
1058 1320 131 31 således
1219 1322 86 29 även
1334 1320 199 32 överlåtelse
1561 1331 45 20 av

97 1367 111 37 mjölk
233 1368 51 31 till
308 1369 220 36 fullgörande
550 1379 43 21 av
616 1370 313 31 arrendekontrakt
954 1371 65 30 bör
1046 1380 82 21 vara
1155 1370 141 31 tillåten.
1336 1371 122 31 Därest
1483 1372 123 30 härför

97 1418 175 31 erfordras
295 1420 149 38 ändring
467 1420 10 29 i
503 1420 553 38 standardiseringskungörelsen,
1083 1421 97 30 torde
1206 1420 108 31 sådan
1338 1421 166 37 vidtagas.

141 1468 279 32 Vidkommande
457 1470 65 30 den
560 1479 42 21 av
639 1470 469 31 livsmedelskommissionen
1135 1470 159 37 åsyftade
1320 1472 192 30 utsträckta
1540 1472 65 30 till-

97 1520 226 37 lämpningen
355 1530 44 21 av
432 1520 515 39 Ppastöriseringsförordningen
979 1521 65 30 har
1076 1521 277 37 föredraganden
1387 1522 139 36 erinrat,
1561 1525 49 28 att

98 1569 124 38 Kungl.
245 1569 111 38 Maj:t,
377 1570 138 37 jämlikt
540 1571 38 30 13
601 1571 18 37 8
643 1571 258 37 förordningen,
924 1573 79 35 äger
1024 1575 48 27 att
1092 1573 135 29 besluta
1248 1573 121 29 därom
1390 1573 87 30 efter
1498 1573 107 30 fram-

98 1621 163 36 ställning
288 1630 43 21 av
363 1621 315 37 stadsfullmäktige
705 1622 83 29 eller
818 1622 156 30 däremot
1005 1623 145 29 svarade
1179 1622 202 37 myndighet
1414 1622 44 37 på
1489 1623 117 30 landet

98 1670 82 31 eller
206 1680 43 21 av
272 1671 364 37 medicinalstyrelsen.
677 1672 65 30 Det
767 1673 206 29 ankommer
997 1671 147 32 sålunda
1171 1672 45 37 på
1241 1672 123 38 Kungl.
1394 1672 101 38 Maj:t
1521 1676 49 28 att
1595 1673 10 30 i

97 1720 98 37 varje
221 1721 138 30 särskilt
388 1721 61 30 fall
476 1721 87 31 fatta
591 1721 215 37 ståndpunkt
831 1723 51 29 till
911 1723 205 37 uppkomna
1148 1722 116 38 frågor
1291 1723 149 30 rörande
1470 1723 135 31 förord-

97 1770 144 37 ningens
257 1771 221 37 tillämpning
496 1772 96 30 inom
608 1782 69 27 nya
695 1771 166 32 områden
878 1772 45 38 på
941 1773 249 37 landsbygden.
1222 1773 142 30 Liksom
1383 1774 222 35 föredragan-

98 1822 67 30 den
191 1822 200 30 förutsätter
413 1823 175 35 utskottet,
611 1825 50 28 att
682 1822 204 38 erforderlig
910 1824 136 36 hänsyn
1070 1824 124 30 härvid
1217 1826 94 35 tages
1336 1824 50 30 till
1410 1824 42 30 de
1478 1823 127 38 svårig-

97 1872 98 30 heter
215 1881 42 20 av
279 1872 93 30 olika
397 1873 80 37 slag,
502 1882 75 20 som
600 1873 11 29 i
634 1873 91 30 vissa
746 1873 61 30 fall
829 1874 120 29 kunna
969 1874 218 36 uppkomma
1211 1881 123 29 genom
1356 1873 185 31 införande
1562 1883 44 21 av

98 1921 378 37 pastöriseringstvång,
499 1923 65 29 och
584 1925 49 28 att
658 1923 4 29 i
684 1923 170 30 samband
874 1923 80 29 med
975 1923 112 30 beslut
1107 1923 123 30 därom
1251 1923 210 30 föreskrivas
1482 1924 42 30 de
1542 1933 63 21 un-

97 1972 139 36 dantag,
255 1981 76 21 som
351 1981 43 21 av
417 1972 179 36 praktiska
613 1973 77 31 skäl
710 1972 160 30 befinnas
890 1973 208 29 önskvärda.

143 2071 171 31 Utskottet
335 2072 71 30 kan
427 2072 125 30 liksom
575 2072 277 36 föredraganden
876 2073 10 29 i
910 2072 135 37 princip
1070 2073 170 36 tillstyrka
1265 2073 55 30 det
1343 2082 42 21 av
1407 2073 198 31 medicinal-

98 2123 176 36 styrelsen,
299 2123 352 37 lantbruksstyrelsen
678 2123 66 30 och
767 2123 471 30 livsmedelskommissionen
1264 2123 195 37 framlagda
1487 2123 121 31 försla-

98 2176 54 32 get
174 2181 57 21 om
251 2180 198 29 gemensam
470 2173 150 29 kontroll
643 2173 221 30 beträffande
885 2173 246 38 pastörisering
1152 2183 43 20 av
1217 2173 93 30 såväl
1332 2174 50 29 till
1405 2174 199 30 människo-

99 2222 84 30 föda
201 2231 74 21 som
293 2223 50 29 till
362 2222 165 36 djurföda
549 2223 128 29 avsedd
697 2222 109 36 mjölk
826 2233 44 19 m.
891 2233 45 20 m.
957 2224 165 29 ävensom
1143 2223 9 30 i
1175 2222 98 37 fråga
1295 2233 57 20 om
1375 2224 229 30 standardise-

98 2272 77 37 ring
193 2282 42 20 av
253 2272 111 36 mjölk
382 2274 79 29 med
480 2273 170 30 avseende
666 2272 46 37 på
731 2273 190 30 fetthalten.

143 2322 224 30 Beträffande
407 2323 459 36 pastöriseringskontrollen
904 2323 145 29 innebär
1085 2323 173 35 förslaget,
1299 2325 48 27 att
1388 2323 217 30 föreskrivna

99 2372 269 36 provtagningar
396 2373 97 29 skola
522 2373 162 29 bekostas
714 2382 41 20 av
783 2372 214 36 mejerierna,
1026 2373 127 29 medan
1181 2373 187 35 utgifterna
1397 2373 54 29 för
1480 2374 124 29 under-

98 2423 148 36 sökning
273 2432 42 20 av
340 2425 104 34 tagna
470 2431 84 28 prov
582 2423 165 29 ävensom
773 2422 54 30 för
854 2422 68 31 viss
949 2423 234 29 överkontroll
1210 2423 97 30 skola
1335 2423 119 36 gäldas
1480 2433 42 21 av
1548 2424 59 30 all-

98 2473 130 30 männa
251 2472 121 30 medel.
407 2473 99 29 Detta
526 2473 173 30 beräknas
720 2473 140 29 komma
882 2475 50 28 att
956 2473 158 30 medföra
1136 2482 43 20 en
1201 2472 85 38 årlig
1308 2473 298 37 kostnadsökning
