2248 2624
723 141 246 32 Statsutskottets
996 141 168 32 Utlåtande
1186 141 64 32 N:o
1277 142 52 30 64.
1774 141 12 30 I

939 639 76 41 N:o
1043 638 68 42 64.

790 744 73 28 Ank.
888 744 46 28 till
956 744 99 28 Riksd.
1079 743 93 29 kansli
1196 743 54 29 den
1274 745 38 26 28
1335 743 76 35 april
1437 745 88 34 1903,
1548 743 40 28 kl.
1614 745 16 25 2
1654 751 25 20 e.
1702 752 37 19 m.

431 838 205 43 Utlåtande,
678 838 14 35 i
731 838 194 47 anledning
966 837 48 49 af
1048 837 139 48 Kungl.
1229 837 127 48 Maj:ts
1390 836 226 49 proposition
1645 836 186 48 angdende

625 904 200 37 anvisande
866 905 48 48 af
942 904 112 36 medel
1085 904 55 35 till
1167 904 226 36 bestridande
1419 904 48 49 af
1490 903 225 37 dterstående
1741 904 89 36 kost-

625 973 120 35 naden
783 972 66 48 för
892 971 218 49 utgifvande
1149 972 48 48 af
1232 984 41 23 en
1313 971 176 36 statistisk
1529 972 164 35 handbok
1732 971 100 49 öfver

625 1033 156 59 Sverige.
1597 1036 43 47 (I.
1670 1035 60 49 A.)

355 1140 127 36 Under
522 1140 229 48 åberopande
782 1139 40 36 af
851 1139 144 50 bilagdt
1027 1139 366 49 statsrådsprotokoll
1421 1139 104 36 öfver
1550 1139 279 37 finansärenden

222 1190 58 37 för
319 1191 70 36 den
433 1193 44 34 13
512 1204 96 23 mars
642 1192 95 35 1903
767 1190 65 35 har
859 1190 136 47 Kungl.
1023 1190 106 47 Maj:t
1156 1191 13 34 i
1196 1203 44 23 en
1267 1191 58 35 till
1353 1190 210 47 Riksdagen
1593 1203 140 23 samma
1760 1190 71 46 dag

222 1242 133 35 aflåten
396 1242 232 47 proposition
669 1240 76 45 (n:o
786 1239 63 46 65)
888 1240 192 49 föreslagit
1118 1240 209 48 Riksdagen
1355 1245 66 39 att,
1450 1241 57 34 till
1532 1240 237 36 bestridande
1795 1240 40 36 af

223 1291 230 36 återstående
480 1291 202 36 kostnaden
711 1291 59 35 för
797 1291 220 47 utgifvande
1041 1290 39 36 af
1094 1304 43 22 en
1158 1294 46 44 på
1222 1291 165 44 svenska,
1407 1291 170 46 engelska
1595 1291 68 35 och
1682 1290 149 36 franska

222 1343 156 47 språken
406 1341 152 37 affattad
587 1342 174 35 handbok
788 1341 103 36 öfver
919 1341 162 48 Sverige,
1111 1341 82 36 dess
1220 1341 174 47 näringar
1421 1341 68 36 och
1517 1340 314 37 samhällsförhål-

222 1393 144 44 landen,
407 1396 47 45 på
494 1398 105 30 extra
638 1397 72 31 stat
750 1392 59 36 för
848 1395 41 33 år
923 1393 95 35 1904
1051 1392 125 36 anvisa
1211 1397 52 30 ett
1298 1392 134 47 belopp
1468 1390 40 37 af
1540 1392 290 48 tjugusextusen

222 1443 148 36 kronor.

356 1492 235 37 Beträffande
618 1493 104 36 detta
748 1493 135 36 ärende
911 1493 67 35 har
1005 1492 198 37 statsrådet
1230 1493 64 35 och
1319 1491 131 37 chefen
1469 1491 58 37 för
1543 1492 288 49 finansdeparte-

223 1548 139 31 mentet
388 1544 59 35 till
473 1543 157 36 berörda
657 1543 363 48 statsrådsprotokoll
1048 1543 123 36 anfört
1198 1543 179 46 följande:

356 1594 30 35 »I
429 1593 192 36 skrifvelse
662 1594 70 35 den
774 1596 19 33 7
829 1594 94 48 april
958 1595 94 34 1898
1085 1593 168 36 anmälde
1279 1593 221 48 Riksdagen,
1529 1598 54 31 att
1609 1593 220 48 Riksdagen,

224 1645 81 35 med
343 1643 106 37 bifall
491 1644 58 36 till
588 1649 53 30 ett
673 1644 101 35 inom
807 1644 208 48 Riksdagen
1044 1645 106 35 väckt
1177 1643 148 49 förslag,
1355 1644 155 35 beslutit
1536 1649 67 38 att,
1631 1643 60 36 för
1717 1643 114 49 utgif-

222 1694 119 36 vande
382 1694 118 36 under
538 1694 208 46 sakkunnig
786 1694 152 46 ledning
977 1694 40 35 af
1046 1708 42 21 en
1118 1698 45 44 på
1191 1695 165 42 svenska,
1385 1694 172 46 engelska
1586 1694 68 35 och
1682 1693 149 36 franska

222 1745 154 47 språken
409 1744 153 36 affattad
592 1744 171 35 handbok
790 1743 105 37 öfver
922 1742 161 50 Sverige,
1113 1744 82 36 dess
1223 1744 174 48 näringar
1424 1744 68 35 och
1520 1743 309 36 samhällsförhål-

222 1795 143 43 landen,
408 1798 45 44 på
493 1799 106 30 extra
639 1799 73 31 stat
751 1793 58 37 för
840 1798 41 32 år
911 1796 94 35 1899
1036 1794 156 48 uppföra
1219 1799 54 30 ett
1300 1795 128 47 anslag
1454 1793 40 36 af
1519 1796 136 41 30,000
1683 1795 145 42 kronor,

222 1850 53 30 att
317 1848 91 45 utgå
440 1844 81 36 med
549 1844 154 45 hälften,
732 1845 88 36 eller
850 1846 133 43 15,000
1012 1846 146 42 kronor,
1187 1845 117 35 under
1331 1844 197 36 hvartdera
1555 1844 39 36 af
1619 1848 86 32 åren
1735 1846 93 34 1899

222 1895 67 36 och
320 1897 106 34 1900.

356 1946 14 35 I
415 1945 200 47 anledning
656 1945 40 36 af
737 1945 229 48 Riksdagens
1009 1945 158 37 berörda
1211 1945 192 36 skrifvelse
1442 1944 148 47 afgåfvo
1631 1946 199 35 kommers-

223 1995 202 47 kollegium
466 1996 68 36 och
574 1996 206 36 statistiska
818 1996 270 48 centralbyrån,
1131 1999 45 44 på
1206 1995 121 47 grund
1361 1995 40 35 af
1424 1996 162 35 erhållen
1613 1995 215 46 befallning,

222 2045 70 35 den
336 2048 15 32 1
391 2045 85 46 juni
520 2048 94 34 1898
654 2051 228 41 gemensamt
924 2046 246 47 underdånigt
1211 2046 200 42 utlåtande,
1445 2045 79 35 däri
1551 2045 278 36 ämbetsverken

222 2094 163 43 anförde,
428 2100 52 30 att
521 2096 207 46 Riksdagen
771 2096 80 35 med
881 2096 66 35 sitt
975 2095 280 48 ifrågavarande
1282 2096 122 34 beslut
1432 2101 124 42 syntes
1585 2095 108 35 hafva
1720 2094 110 36 afsett

223 2150 54 30 att
317 2145 253 35 åstadkomma
609 2160 45 22 en
693 2146 181 36 statistisk
917 2145 179 43 handbok,
1138 2158 131 33 genom
1302 2145 149 36 hvilken
1479 2158 44 21 en
1551 2145 149 35 korrekt
1723 2145 67 35 och
1818 2145 11 34 i

223 2195 209 47 möjligaste
467 2198 83 32 mån
588 2196 207 46 mångsidig
822 2195 276 47 framställning
1126 2209 57 21 om
1212 2195 62 35 det
1302 2195 132 35 nutida
1461 2195 168 47 Sveriges
1658 2195 172 47 näringar

355 2257 75 32 Bih.
449 2258 48 31 till
514 2258 108 31 Riksd.
641 2259 87 31 Prot.
746 2260 96 30 1903.
880 2260 18 29 4
917 2258 98 31 Saml.
1055 2261 17 28 1
1088 2258 77 42 Afd.
1205 2259 42 30 43
1263 2258 95 42 Häft.
1398 2258 87 37 (N:is
1506 2258 150 37 64—67).
1770 2259 14 29 1
