1886 2768
494 163 312 31 Bankoutskottets
828 165 178 31 utlåtande
1026 176 42 20 nr
1088 167 40 29 39
1148 167 38 30 år
1208 168 82 29 1964
1595 173 37 30 21

195 241 209 39 Delegerade
423 242 102 29 anför
542 243 11 29 i
573 243 59 29 sitt
650 244 161 39 yttrande
830 245 172 40 följande:

197 303 120 30 Såsom
336 304 359 41 biblioteksstyrelsen
715 308 183 30 omnämnt
918 308 159 30 kommer
1097 309 57 30 vid
1175 310 222 40 tillämpning
1418 320 42 20 av
1480 311 66 29 den
1567 311 10 29 i
1598 311 37 29 år

151 348 128 29 mellan
313 348 357 40 civildepartementet
706 352 65 29 och
807 353 394 39 statstjänstemännens
1236 355 399 39 huvudorganisationer

151 391 151 31 träffade
321 394 363 31 överenskommelsen
704 397 161 39 samtliga
882 397 260 31 bibliotekarier
1160 399 10 29 i
1189 398 28 29 A
1236 399 37 29 21
1294 399 58 30 vid
1370 400 41 29 de
1429 401 206 38 vetenskap-

151 436 68 39 liga
236 436 211 31 biblioteken
466 440 50 28 att
535 439 195 40 uppflyttas
749 441 52 29 till
820 442 27 28 A
867 442 51 29 23.
945 442 6 29 I
970 442 220 31 konsekvens
1209 444 144 29 härmed
1373 444 61 29 bör
1454 445 10 28 i
1484 445 150 39 enlighet

150 480 79 29 med
248 481 376 41 biblioteksstyrelsens
645 484 131 41 förslag
795 485 440 41 bibliotekarietjänsterna
1254 489 11 29 i
1285 489 50 29 Ao
1356 489 37 29 21
1423 489 59 32 (en
1502 489 127 40 tjänst)

152 525 64 29 och
239 526 10 29 i
273 526 47 29 Ae
345 526 38 29 21
416 527 184 33 (likaledes
624 538 43 20 en
691 530 127 39 tjänst)
848 531 57 29 vid
929 531 375 40 riksdagsbiblioteket,
1330 532 54 30 för
1408 534 95 29 vilka
1528 534 107 39 gäller

151 578 134 21 samma
301 570 296 39 kompetenskrav
615 582 74 20 som
708 573 54 30 för
779 574 307 32 bibliotekarierna
1103 577 57 29 vid
1178 577 40 29 de
1235 578 262 39 vetenskapliga
1514 578 120 30 biblio-

152 613 113 34 teken,
282 615 195 39 uppflyttas
495 616 50 30 till
562 616 50 31 Ao
629 618 194 39 respektive
840 619 47 30 Ae
906 620 51 29 23.

194 658 74 29 Vad
284 659 107 39 angår
407 660 306 41 framställningen
730 672 56 20 om
801 664 149 40 höjning
964 665 52 29 till
1033 665 49 29 Ao
1099 666 38 29 27
1156 675 42 20 av
1213 666 66 29 den
1295 667 203 29 nuvarande
1514 667 120 29 biblio-

150 702 290 41 tekarietjänsten
458 705 10 29 i
485 705 50 30 Ao
553 706 41 30 23
613 706 117 31 finner
747 707 201 41 delegerade
966 709 44 39 på
1028 709 41 30 de
1089 710 75 29 skäl
1183 719 73 21 som
1274 710 359 41 biblioteksstyrelsen

150 746 116 31 anfört
288 748 56 29 det
365 758 84 20 vara
470 750 184 30 motiverat
675 754 51 27 att
748 752 114 30 denna
883 753 111 39 tjänst
1016 754 38 29 är
1075 754 105 40 högre
1201 755 162 38 placerad
1384 756 45 29 än
1451 755 41 30 de
1514 756 119 30 biblio-

149 791 295 41 tekarietjänster,
466 803 75 20 som
562 804 48 20 nu
632 795 147 31 föreslås
801 797 222 40 uppflyttade
1044 798 79 30 från
1144 799 28 29 A
1194 800 38 29 21
1256 800 52 29 till
1331 801 29 29 A
1381 800 51 31 23.
1455 801 178 39 Förslaget

150 845 55 19 om
224 845 41 20 en
284 837 38 29 så
339 839 72 28 stor
428 839 149 40 höjning
595 849 74 20 som
687 841 53 29 till
758 841 27 29 A
804 842 39 29 27
863 842 69 29 kan
952 843 89 30 dock
1059 843 200 40 delegerade
1277 844 76 30 icke
1371 844 147 30 biträda.
1537 846 96 29 Dele-

149 881 123 38 gerade
294 882 58 29 vill
376 881 55 31 för
454 884 54 29 sin
530 884 54 30 del
605 884 218 40 ifrågasätta,
846 895 56 20 om
925 887 29 39 ej
981 897 43 20 en
1045 888 177 39 placering
1244 898 42 20 av
1307 889 156 39 tjänsten
1485 890 11 29 i
1520 890 49 29 Ao
1592 890 40 29 25

148 924 79 29 med
250 925 196 31 bibehållen
469 928 208 39 tjänstetitel
701 930 70 29 kan
794 930 168 31 innebära
986 941 42 20 en
1052 932 115 40 rimlig
1191 933 147 39 lösning.
1362 934 209 39 Delegerade
1594 935 39 28 är

149 968 120 30 därvid
288 970 185 31 medvetna
492 981 56 20 om
568 975 49 27 att
638 973 57 30 det
713 974 58 29 vid
790 974 41 30 de
850 976 262 40 vetenskapliga
1131 977 211 30 biblioteken
1362 978 76 30 icke
1459 978 174 30 förekom-

148 1022 75 20 mer
241 1014 108 40 några
367 1014 261 33 bibliotekarier
646 1018 10 29 i
677 1018 28 29 A
725 1018 40 30 25
786 1021 85 28 utan
892 1022 50 27 att
961 1021 58 29 vid
1039 1021 100 30 dessa
1159 1021 165 30 bibliotek
1344 1024 158 28 närmast
1522 1023 110 30 under

149 1057 107 30 förste
273 1058 240 32 bibliotekarie
531 1061 10 29 i
575 1061 11 30 A
604 1062 39 29 27
663 1062 158 31 kommer
837 1064 241 31 bibliotekarie
1095 1065 11 29 i
1123 1066 29 28 A
1170 1066 50 34 23,
1238 1075 80 21 men
1336 1066 116 30 finner
1470 1069 50 28 att
1538 1068 94 29 detta

148 1102 219 31 förhållande
386 1104 76 30 icke
481 1105 61 30 bör
562 1107 123 38 utgöra
704 1107 125 30 hinder
848 1108 54 30 för
922 1109 66 29 den
1008 1110 123 29 tänkta
1150 1111 231 39 placeringen.

191 1147 226 31 Beträffande
438 1149 357 42 befordringsgången
816 1152 56 30 för
891 1162 233 22 amanuenser
1145 1155 65 29 och
1230 1156 78 29 med
1330 1156 78 30 dem
1428 1157 204 39 jämställda

148 1191 149 39 regleras
321 1192 116 31 denna
459 1193 54 30 för
536 1195 218 31 närvarande
778 1206 42 20 av
842 1197 233 40 kungörelsen
1099 1199 66 30 den
1190 1199 39 30 30
1252 1200 79 40 juni
1357 1201 82 30 1947
1469 1201 59 34 (nr
1550 1202 79 35 436;

147 1237 174 38 omtryckt
342 1237 99 30 1962:
458 1238 95 35 433).
573 1239 246 32 Förenämnda
836 1242 338 32 överenskommelse
1192 1245 146 30 innebär
1357 1248 51 27 att
1426 1246 115 30 denna
1559 1255 72 31 reg-

147 1280 115 30 lerade
280 1281 313 43 befordringsgång
612 1293 74 21 som
706 1295 47 19 nu
773 1295 99 21 avser
890 1288 215 40 anställning
1123 1288 89 31 först
1230 1290 10 29 i
1260 1289 46 31 Af
1329 1290 84 40 (Ag)
1441 1291 37 29 17
1500 1292 65 29 och
1583 1291 49 30 ef-

147 1327 52 27 ter
220 1326 93 34 11/2
332 1326 39 29 år
389 1326 190 32 befordran
597 1329 53 30 till
669 1329 48 30 Ae
743 1330 83 40 (Ag)
853 1331 49 34 19,
923 1332 113 30 skulle
1056 1334 200 30 utsträckas
1275 1334 37 30 så
1331 1337 51 27 att
1401 1336 230 39 tjänsteman-

147 1378 67 21 nen
233 1369 87 31 efter
339 1371 19 29 2
378 1371 39 29 år
436 1372 10 29 i
467 1372 221 31 sistnämnda
705 1375 165 39 lönegrad
890 1376 150 30 erhåller
1057 1378 178 39 placering
1251 1379 11 28 i
1282 1379 47 29 Ae
1350 1379 51 29 21.
1422 1380 208 39 Delegerade

146 1413 111 31 beslöt
272 1414 66 30 den
357 1415 39 29 16
413 1416 146 30 oktober
576 1417 82 30 1947
677 1420 50 28 att
743 1420 65 28 vad
825 1420 10 29 i
852 1421 246 30 ovannämnda
1115 1422 207 39 kungörelse
1342 1424 98 30 1947:
1457 1424 63 30 436
1539 1425 77 29 stad

147 1466 59 31 gas
225 1459 87 29 skall
331 1459 10 29 i
360 1459 207 42 tillämpliga
585 1462 96 29 delar
699 1463 90 39 gälla
807 1465 86 29 även
911 1465 57 29 vid
986 1466 205 39 riksdagens
1209 1468 94 28 verk.
1322 1468 70 29 När
1410 1468 115 30 denna
1542 1469 83 29 kun:

146 1503 130 39 görelse
300 1504 197 30 sedermera
519 1506 172 30 ändrades
715 1515 123 32 genom
861 1509 208 40 kungörelse
1095 1511 177 30 1962:433
1296 1512 110 30 beslöt
1429 1513 201 39 delegerade

146 1547 79 29 med
249 1549 76 28 stöd
348 1558 43 20 av
413 1549 278 41 bemyndigande
714 1561 43 20 av
780 1562 135 20 samma
937 1554 59 30 års
1018 1554 142 41 riksdag
1188 1555 51 34 (se
1264 1557 114 29 BoU:s
1403 1558 98 29 utlåt.
1530 1559 97 29 1962:

147 1591 56 34 31)
230 1594 50 27 att
300 1593 234 39 kungörelsen
555 1597 10 28 i
587 1595 79 30 dess
686 1597 154 30 ändrade
862 1598 130 39 lydelse
1015 1600 111 30 skulle
1148 1600 176 40 tillämpas
1345 1602 58 29 vid
1424 1602 206 41 riksdagens

146 1636 92 29 verk.
257 1637 124 30 Därest
399 1638 187 40 riksdagen
605 1640 75 30 icke
698 1641 64 29 har
781 1641 104 40 något
903 1645 50 27 att
972 1644 116 29 erinra
1105 1645 159 30 häremot
1281 1646 159 30 kommer
1459 1647 171 40 delegera-

146 1680 41 29 de
204 1682 50 28 att
271 1681 138 30 besluta
425 1685 50 27 att
493 1683 86 30 även
597 1684 67 30 den
682 1685 10 29 i
711 1686 363 32 överenskommelsen
1093 1689 188 30 förutsatta
1299 1691 194 40 ändringen
1510 1692 11 29 i
1541 1692 89 30 före-

145 1725 154 29 nämnda
316 1726 209 40 kungörelse
547 1728 97 30 1947:
661 1728 63 31 436
745 1730 87 30 skall
851 1732 11 29 i
881 1732 208 40 tillämpliga
1107 1734 95 29 delar
1221 1735 89 39 gälla
1327 1735 133 39 jämväl
1478 1737 58 29 vid
1555 1737 75 29 des-

140 1777 38 20 sa
191 1769 94 29 verk.
299 1769 112 40 Något
426 1772 142 30 särskilt
583 1773 113 30 beslut
712 1784 41 19 av
767 1775 187 40 riksdagen
969 1777 220 31 beträffande
1205 1778 357 42 befordringsgången
1576 1781 54 29 för

145 1813 383 40 riksdagsbibliotekets
546 1826 233 21 amanuenser
797 1820 112 29 skulle
928 1821 43 29 då
989 1822 75 29 icke
1081 1822 91 30 bliva
1191 1823 230 40 erforderligt.

187 1884 273 31 Lönenämnden
485 1887 56 38 för
564 1887 206 40 riksdagens
796 1891 82 28 verk
903 1891 113 34 anför,
1041 1894 49 28 att
1116 1893 304 41 framställningen
1446 1896 75 30 icke
1547 1898 81 38 givit

145 1937 174 30 nämnden
340 1940 189 39 anledning
547 1941 50 29 till
617 1942 151 30 erinran.

191 2043 183 31 Utskottet.
395 2047 218 39 Riksdagens
632 2050 353 41 upplysningstjänst,
1006 2063 75 19 som
1100 2054 190 31 inrättades
1310 2056 37 29 år
1369 2058 92 34 1955,
1481 2058 65 29 har
1564 2060 65 29 hit-

144 2095 109 30 intills
279 2098 89 29 varit
394 2100 229 37 provisoriskt
651 2103 222 37 organiserad
901 2105 95 29 inom
1024 2106 380 40 riksdagsbibliotekets
1433 2120 84 20 ram.
1546 2112 83 28 Allt-

145 2149 163 29 eftersom
326 2152 286 30 verksamhetens
631 2156 212 40 omfattning
860 2158 96 28 vuxit
974 2159 63 28 har
1056 2161 204 37 personalen
1281 2162 150 37 utökats,
1451 2165 118 28 varvid
1588 2166 40 27 de

145 2202 53 28 för
227 2204 386 39 upplysningstjänsten
645 2208 141 29 särskilt
816 2211 171 29 anställda
1018 2212 367 38 befattningshavarna
1418 2217 6 27 i
1456 2218 170 28 avvaktan

144 2256 43 36 på
208 2257 47 27 ett
277 2256 175 31 definitivt
475 2259 111 29 beslut
609 2269 53 19 om
689 2262 405 39 upplysningstjänstens
1117 2267 234 36 organisation
1377 2270 63 28 och
1463 2271 164 38 ställning

144 2308 169 37 placerats
337 2318 74 20 som
435 2312 94 28 extra
555 2312 224 38 ljänstemän.

190 2361 10 28 I
219 2362 57 28 sitt
294 2362 220 31 betänkande
531 2365 148 30 rörande
697 2367 129 38 förslag
845 2369 48 28 till
914 2369 313 41 riksdagsordning
1248 2374 99 32 (SOU
1370 2376 97 29 1963:
1488 2377 53 34 18)
1566 2378 61 28 har

144 2414 472 41 förfaltningsutredningen,
645 2419 42 38 på
713 2429 78 19 vars
820 2421 149 29 initiativ
997 2424 384 40 upplysningstjänsten
1413 2431 215 37 ursprungli-

144 2474 61 29 gen
231 2467 145 35 tillkom,
403 2470 152 29 förordat
582 2473 47 27 att
656 2473 385 39 upplysningstjänsten
1068 2477 71 29 dels
1165 2478 86 29 skall
1278 2480 33 29 få
1337 2481 151 29 utökade
1514 2492 113 29 perso-
