1890 2786
472 153 125 39 Tredje
623 152 248 39 lagutskottets
894 153 181 30 utlåtande
1109 164 43 19 nr
1171 154 51 29 25.
1593 156 19 29 5]

91 236 67 29 den
184 237 157 29 fördelen
365 237 136 34 vinnas,
527 239 50 28 att
603 247 43 19 en
671 237 224 30 brådskande
920 238 478 39 avstyckningsförrättning,
1427 248 75 20 som
1529 239 80 38 god-

90 278 106 30 känts
216 288 77 20 av
296 279 188 38 sakägarna,
505 279 77 30 icke
604 280 112 29 skulle
737 279 162 31 försenas
920 290 43 20 av
982 282 51 29 att
1054 281 330 38 gränsbestämning
1404 281 93 29 måst
1518 281 91 29 före-

91 322 99 38 tagas
218 322 10 29 i
257 322 170 30 samband
456 323 79 30 med
563 322 517 41 avstyckningsförrättningen
1107 325 11 28 i
1145 325 41 29 de
1214 325 62 28 fall
1304 324 44 30 då
1375 326 87 28 även
1490 325 120 38 gräns-

89 362 268 40 bestämningen
381 364 173 38 godkänts
576 374 44 19 av
640 355 109 39 därav
770 346 149 49 berörda
944 348 179 56 sakägare.
1148 365 123 30 Denna
1293 365 100 38 fråga
1415 346 193 66 uppmärk-

91 381 197 67 sammades
313 405 11 29 i
348 405 614 41 fastighetsbildningssakkunnigas
987 408 222 29 betänkande
1234 408 38 29 år
1300 388 93 53 1944,
1418 407 75 30 vari
1518 407 90 29 före-

91 447 92 39 slogs
211 449 50 29 att
289 448 96 29 talan
412 428 74 50 mot
513 428 217 59 förrättning
757 449 56 29 för
845 429 331 59 gränsbestämning
1203 450 83 30 eller
1315 450 187 38 ägoutbyte
1531 449 77 30 icke

90 469 96 58 finge
208 489 106 34 föras,
337 490 107 30 sedan
466 471 264 58 förrättningen
750 471 113 49 blivit
872 492 164 38 godkänd
1058 501 43 20 av
1123 473 139 56 samtlig
1255 500 30 21 Ja
1308 481 169 50 sakägare
1507 491 101 35 (SOU

91 511 100 49 1944:
205 532 42 28 46
269 541 24 19 s.
315 532 74 33 27).
409 532 104 29 Detta
534 513 148 58 förslag
687 533 64 28 har
771 533 90 29 dock
872 513 84 49 icke
979 533 168 31 föranlett
1168 514 302 58 lagstiftningsåtg
1453 534 93 30 gärd.

135 607 397 40 Sammanfattningsvis
554 608 133 29 uttalar
708 609 183 38 styrelsen,
915 610 51 28 att
989 609 57 30 det
1082 609 179 39 väsentliga
1285 610 10 28 i
1318 610 40 29 de
1383 610 128 38 syften,
1535 619 73 20 mo-

87 657 203 30 tionärerna
316 658 91 29 velat
433 658 194 39 tillgodose,
657 668 136 20 vunnes
820 660 109 28 redan
957 669 57 20 om
1041 659 567 40 fastighetsbildningssakkunni-

88 715 60 31 gas
171 717 47 19 nu
241 708 239 39 föreliggande
502 708 135 39 förslag
658 709 257 38 genomfördes.
939 710 13 28 I
976 710 148 29 enstaka
1147 710 73 34 fall,
1243 710 283 39 huvudsakligen
1548 710 58 30 vid

88 758 331 39 gränsbestämning
448 759 11 28 i
491 759 173 30 samband
695 760 80 29 med
806 760 244 39 avstyckning,
1081 761 119 29 kunde
1231 761 194 29 emellertid
1456 761 67 29 den
1555 763 52 36 vt-

87 808 162 39 terligare
270 809 211 39 förenkling,
505 818 75 21 som
604 810 199 38 föreslagits
825 810 12 29 i
861 810 232 32 motionerna,
1116 811 160 29 medföra
1299 821 42 19 en
1363 811 56 29 för
1442 811 165 39 sakägar-

87 868 45 20 na
158 859 174 29 värdefull
358 859 176 30 tidsvinst.
573 860 141 30 Samma
740 860 166 31 tidsvinst
932 861 91 30 hade
1060 862 139 29 kunnat
1235 862 276 34 åstadkommas,
1549 871 57 20 om

86 909 616 40 fastighetsbildningssakkunnigas
733 911 133 39 förslag
895 911 39 30 år
966 911 84 30 1944
1082 912 227 38 genomförts.
1339 930 44 3 —
1413 912 69 29 För
1510 912 96 39 jord-

86 960 456 39 delningsmyndigheterna
565 961 114 29 skulle
702 961 139 31 vinsten
864 971 43 21 av
929 964 50 28 att
1004 962 282 30 motionärernas
1310 963 132 38 förslag
1466 970 140 32 genom-

86 1009 119 30 fördes
229 1010 282 40 huvudsakligen
534 1011 48 29 bli
606 1021 43 21 av
672 1014 78 27 rent
774 1012 247 39 expeditionell
1046 1014 63 32 art,
1134 1013 10 28 i
1168 1014 57 28 det
1249 1013 93 29 vissa
1366 1013 239 30 försändelser

85 1060 82 29 från
190 1060 319 40 förrättningsman
532 1061 53 30 till
608 1062 297 30 överlantmätare
928 1063 66 29 och
1015 1062 73 30 vice
1111 1072 100 20 versa
1233 1063 174 30 bortfölle.

132 1110 176 40 Styrelsen
336 1111 158 40 tillägger
523 1112 204 34 emellertid,
756 1114 51 28 att
834 1113 222 30 motionerna
1085 1114 97 29 torde
1211 1113 84 30 böra
1323 1114 168 30 bedömas
1518 1115 87 28 även

86 1169 43 20 ur
150 1160 111 30 andra
283 1162 230 38 synpunkter,
535 1162 66 29 och
623 1162 103 30 anför
747 1163 141 29 härom:

132 1220 177 38 Styrelsen
335 1220 60 30 vill
421 1221 12 29 i
459 1220 139 41 princip
625 1222 141 30 ansluta
795 1222 52 39 sig
873 1222 53 30 till
954 1223 286 40 uppfattningen,
1269 1226 50 29 att
1348 1224 259 39 gränsbestäm-

86 1261 329 40 ningsförfarandet
435 1263 11 29 i
467 1264 201 38 möjligaste
688 1264 84 30 mån
792 1244 85 50 böra
897 1275 86 20 vara
1003 1266 169 38 enhetligt
1192 1267 56 28 för
1270 1246 96 50 stad
1370 1267 65 29 och
1457 1267 55 29 för
1533 1267 74 29 lan-

85 1304 69 29 det.
179 1305 149 30 Särskilt
352 1306 108 29 sedan
484 1306 179 39 åtskilliga
689 1307 116 29 städer
828 1308 65 28 och
919 1308 196 29 samhällen
1141 1316 123 31 genom
1289 1309 41 29 de
1355 1318 122 20 senare
1502 1309 103 29 årens

85 1346 203 39 utveckling
310 1347 151 30 kommit
484 1349 51 28 att
559 1328 180 50 innehålla
761 1349 219 30 vidsträckta
1004 1350 396 39 landsbygdsområden,
1429 1360 75 20 som
1529 1351 76 29 icke

85 1389 113 29 under
224 1364 221 69 överskådlig
471 1390 50 29 tid
547 1390 145 31 komma
717 1392 50 28 att
794 1393 99 36 tagas
918 1391 11 29 i
956 1392 155 39 anspråk
1132 1383 61 38 för
1220 1393 303 38 samhällsmässig
1549 1393 56 29 be-

84 1430 172 39 byggelse,
282 1440 103 29 synes
410 1411 57 51 det
490 1432 189 38 oegentligt
703 1434 51 28 att
779 1413 373 59 gränsbestämningar
1176 1434 96 29 inom
1297 1434 216 39 geografiskt
1539 1436 66 28 sett

85 1452 168 50 likadana
284 1463 168 39 områden
480 1474 218 38 handläggas
726 1454 89 49 efter
843 1475 94 29 olika
965 1477 112 37 regler
1091 1456 186 49 beroende
1304 1477 45 38 på
1376 1486 57 20 om
1461 1477 144 29 förrätt-

84 1514 273 48 ningsobjekten
375 1516 60 29 äro
453 1516 148 38 belägna
618 1516 95 29 inom
735 1517 96 29 stads
849 1495 188 66 administr
1040 1518 93 29 ativa
1155 1519 143 37 gränser
1317 1519 82 29 eller
1418 1518 44 39 ej.
1482 1518 124 29 Motio-

85 1558 152 28 närerna
264 1557 117 39 åsyfta
407 1558 90 29 dock
523 1558 11 29 i
560 1559 96 28 detta
683 1559 200 29 hänseende
911 1560 125 30 endast
1063 1562 50 28 att
1140 1560 201 39 undanröja
1368 1570 42 20 en
1437 1570 44 20 av
1509 1561 96 29 skill-

84 1599 157 29 naderna
268 1600 130 29 mellan
424 1600 333 39 gränsbestämning
782 1601 109 38 enligt
919 1602 470 39 fastighetsbildningslagen
1417 1602 66 30 och
1509 1602 96 39 jord-

84 1641 275 39 delningslagen.
389 1621 75 50 Den
493 1642 11 29 i
533 1642 65 30 och
627 1643 55 29 för
712 1643 52 40 sig
791 1644 202 29 önskvärda
1007 1619 274 68 "enhetligheten
1312 1644 11 29 i
1353 1645 251 38 rättsreglerna

84 1683 124 29 vinnes
236 1684 149 29 sålunda
410 1684 77 29 icke
513 1684 58 30 vid
599 1685 100 29 bifall
726 1685 53 29 till
805 1686 224 29 motionerna
1055 1686 65 29 och
1147 1666 99 50 torde
1273 1687 56 29 för
1355 1686 113 39 övrigt
1494 1687 110 29 heller

84 1725 77 29 icke
187 1726 189 39 lämpligen
398 1726 85 30 böra
506 1726 266 30 åstadkommas
798 1735 124 30 genom
947 1737 45 20 en
1013 1728 140 39 partiell
1175 1728 143 30 reform.

129 1768 142 29 Arbetet
296 1769 80 29 med
402 1769 66 29 den
495 1769 141 38 slutliga
662 1769 198 30 revisionen
886 1779 43 21 av
953 1770 516 39 jorddelningslagstiftningen
1495 1771 109 39 pågår

84 1819 49 19 nu
160 1810 11 28 i
198 1810 110 29 snabb
335 1811 86 28 takt.
451 1811 99 29 Inom
577 1811 95 29 vissa
699 1811 169 30 områden
896 1821 42 20 av
965 1812 67 30 den
1060 1822 69 28 nya
1158 1813 99 37 lagen
1286 1813 63 28 har
1378 1813 226 37 utrednings-

84 1852 133 29 arbetet
241 1852 200 32 fortskridit
466 1853 38 29 så
527 1853 97 38 långt
646 1855 51 28 att
722 1853 94 30 vissa
840 1854 286 38 grundläggande
1150 1854 119 38 frågor
1292 1855 122 30 kunna
1436 1854 168 30 överblic-

83 1894 75 29 kas.
183 1894 109 30 Såvitt
316 1895 181 38 styrelsen,
522 1904 75 20 som
621 1896 86 28 nära
733 1896 217 30 samarbetar
973 1896 81 29 med
1077 1896 527 39 fastighetsbildningssakkun-

83 1935 93 39 niga,
198 1936 138 29 kunnat
359 1936 111 34 finna,
493 1937 99 29 torde
615 1937 110 29 redan
748 1946 48 20 nu
820 1938 123 29 kunna
966 1939 112 37 sägas,
1103 1940 51 28 att
1177 1937 427 39 fastighetsbestämman-

83 1978 42 28 de
150 1978 163 38 åtgärder
336 1996 44 3 —
402 1978 186 30 däribland
616 1979 331 50 gränsbestämning
971 1997 44 3 —
1038 1980 107 36 enligt
1170 1980 68 29 den
1263 1980 214 29 kommande
1502 1980 100 38 lagen

82 2020 78 29 icke
185 2020 133 29 behöva
343 2021 237 29 underkastas
606 2021 115 37 någon
747 2021 229 38 obligatorisk
1002 2002 412 58 fastställelseprövning,
1442 2031 56 20 om
1526 2022 77 29 icke

82 2061 125 30 besvär
229 2062 155 29 anföras.
407 2063 52 29 En
481 2063 139 38 partiell
644 2063 131 28 reform
799 2063 10 28 i
821 2043 164 58 "enlighet
1007 2064 80 29 med
1109 2063 221 31 motionerna
1354 2073 103 29 synes
1481 2064 121 29 därför

82 2103 78 29 icke
186 2104 144 29 komma
355 2106 50 28 att
430 2104 178 40 föregripa
636 2105 214 29 kommande
877 2105 223 38 lagstiftning
1124 2106 45 39 på
1194 2106 169 29 området.
1413 2106 65 29 Det
1503 2106 99 29 torde

82 2145 119 29 vidare
225 2155 85 20 vara
334 2155 42 20 av
399 2145 87 30 visst
510 2146 149 29 intresse
685 2148 51 27 att
760 2147 133 29 erhålla
919 2148 111 28 större
1056 2148 201 28 erfarenhet
1281 2157 42 19 av
1349 2147 254 39 lagakraftvin-

82 2187 116 29 nande
220 2187 504 39 jorddelningsförrättningar
747 2188 11 28 i
780 2189 200 38 praktiken.

128 2254 176 37 Styrelsen
332 2263 112 25 anser,
474 2256 51 27 att
553 2264 43 19 en
624 2254 190 38 utredning
843 2255 8 28 i
881 2256 118 30 ämnet
1027 2255 188 39 lämpligen
1245 2256 117 28 kunde
1392 2255 138 29 utföras
1559 2265 42 19 av

81 2303 606 38 fastighetsbildningssakkunniga,
715 2304 93 29 vilka
837 2305 106 28 borde
971 2305 197 37 framlägga
1196 2305 60 29 sitt
1284 2305 131 37 förslag
1443 2305 11 28 i
1482 2306 118 27 ämnet

82 2354 39 29 så
148 2353 100 38 lidigt
277 2355 50 28 att
355 2354 57 28 det
440 2354 118 29 kunde
586 2354 195 29 behandlas
810 2354 180 38 samtidigt
1018 2355 80 29 med
1127 2355 41 28 de
1196 2364 42 20 av
1266 2355 41 28 de
1337 2355 214 38 sakkunniga
1590 2355 10 28 i

80 2403 262 39 promemorian
364 2404 67 28 den
459 2404 38 28 12
520 2404 147 30 oktober
692 2404 79 29 1951
798 2405 197 37 framlagda
1020 2405 186 37 förslagen.

127 2453 606 38 Fastighetsbildningssakkunniga
760 2455 166 37 redogöra
952 2454 9 28 i
987 2454 56 30 sitt
1069 2455 163 38 yttrande
1257 2455 49 29 till
1331 2464 39 19 en
1397 2454 127 39 början
1550 2455 53 29 för
