2224 2646
655 215 266 33 Statsutskottels
944 213 175 34 Memorial
1140 213 64 32 N:o
1230 214 51 31 29.
1730 213 17 28 3

185 302 54 36 må
265 302 77 36 från
371 304 62 34 och
461 304 77 33 med
565 301 170 36 månaden
763 304 80 32 näst
870 302 90 34 efter
986 301 77 43 den,
1090 300 112 35 under
1228 299 145 35 hvilken
1400 299 69 33 han
1497 295 80 37 från
1597 295 187 36 befattnin-

182 365 65 34 gen
288 355 206 43 entledigas,
535 354 110 34 under
685 353 51 34 sin
777 350 220 37 återstående
1036 351 111 35 lifstid
1181 347 20 37 å
1233 350 178 34 allmänna
1439 348 345 44 indragningsstaten

183 406 156 44 uppbära
367 416 43 24 en
437 403 90 46 årlig
555 405 141 43 pension
725 404 39 34 af
792 405 107 41 1,000
927 404 139 42 kronor,
1094 404 117 32 röstar

954 502 65 46 Ja;

315 556 94 44 Den,
438 557 58 34 det
523 556 31 44 ej
583 556 74 42 vill,
686 558 116 32 röstar

943 654 86 46 Nej;

317 758 139 36 Vinner
494 757 82 46 Nej,
610 759 66 33 har
703 756 128 45 Kongl.
862 753 125 47 Maj:ts
1014 755 233 35 förevarande
1274 752 261 44 framställhing
1561 749 46 47 på
1634 751 59 34 det
1719 753 72 32 sätt

185 810 157 43 bifallits,
375 811 55 33 att
456 809 184 35 beridaren
669 809 56 34 vid
756 807 159 43 Ottenby
941 806 125 35 stuteri
1093 805 155 44 Magnus
1275 804 134 35 Robert
1436 803 165 35 Ericsson
1629 800 57 36 må
1713 799 77 37 från

185 862 63 34 och
288 862 77 33 med
405 859 171 36 månaden
616 862 80 32 näst
736 858 89 35 efter
865 858 78 41 den,
983 858 110 33 under
1133 856 144 35 hvilken
1318 856 69 33 han
1429 852 77 36 från
1547 852 243 44 befattningen

186 912 205 44 entledigas,
419 912 110 33 under
556 910 53 34 sin
637 907 222 37 återstående
887 907 109 35 lifstid
1023 906 20 36 å
1071 908 176 33 allmänna
1267 905 349 44 indragningsstaten
1635 904 157 43 uppbära

186 972 42 24 en
255 959 91 47 årlig
372 962 153 44 pension:
543 961 39 34 af
608 962 72 33 800
707 961 161 34 kronor.»

954 1062 66 34 3:0.

320 1163 117 36 Sedan
465 1162 130 46 Kongl.
624 1162 110 46 Maj:t
760 1161 194 45 föreslagit,
982 1164 54 32 att
1055 1159 353 37 stuteriveterinären
1423 1158 59 36 vid
1497 1156 152 46 Flyinge
1663 1156 129 45 hingst-

189 1216 102 43 depbt
319 1214 85 36 Carl
430 1214 92 35 Axel
552 1213 120 36 Johan
699 1224 68 25 von
795 1212 251 44 Zweigbergks
1074 1212 92 34 enka
1195 1210 124 35 Maria
1347 1209 120 35 Malin
1486 1220 64 23 von
1564 1207 229 44 Zweigbergk,

189 1266 80 35 född
309 1265 144 44 Hyllén,
494 1263 120 45 måtte,
656 1262 38 37 så
734 1265 104 43 länge
871 1264 67 33 hon
971 1262 170 34 förblefve
1169 1261 103 42 enka,
1301 1257 21 37 å
1351 1260 175 34 allmänna
1553 1258 241 43 indragnings-

190 1320 115 31 staten
345 1315 140 46 åtnjuta
526 1326 41 24 en
608 1313 92 46 årlig
731 1314 142 44 pension
902 1313 39 34 af
966 1314 71 33 400
1064 1313 142 42 kronor,
1236 1314 54 31 att
1317 1308 87 46 utgå
1431 1307 78 37 från
1538 1309 63 35 och
1629 1308 76 34 med
1729 1307 66 45 juli

189 1365 124 36 månad
353 1365 41 36 år
425 1367 106 43 1892;
559 1366 91 34 hade
677 1365 175 35 utskottet
883 1364 11 34 i
921 1363 113 44 punkt
1065 1364 79 33 10:0
1173 1362 39 34 af
1236 1361 62 34 sitt
1325 1358 183 37 utlåtande
1535 1359 177 44 hemstält,
1741 1361 55 32 att

189 1417 128 44 Kongl.
360 1416 126 45 Maj:ts
518 1416 234 36 förevarande
785 1413 260 45 framställning
1071 1410 110 37 måtte
1209 1410 44 46 på
1280 1412 58 34 det
1366 1413 72 32 sätt
1464 1410 152 43 bifallas,
1645 1412 54 31 att
1726 1411 67 32 stu-

190 1468 294 35 teriveterinären
524 1467 58 35 vid
623 1466 151 45 Flyinge
816 1464 224 45 hingstdepöt
1068 1462 84 36 Carl
1180 1463 92 34 Axel
1299 1461 121 36 Johan
1447 1471 68 26 von
1542 1460 252 44 Zweigbergks

190 1519 90 34 enka
320 1517 119 36 Maria
479 1518 113 34 Malin
633 1528 69 24 von
730 1516 245 45 Zweigbergk,
1004 1515 82 34 född
1113 1513 145 45 Hyllén,
1287 1510 121 46 måtte,
1437 1509 38 37 så
1501 1512 105 44 länge
1633 1511 68 34 hon
1728 1510 66 35 för-

192 1570 115 35 blefve
348 1570 103 43 enka,
491 1567 21 36 å
552 1569 176 34 allmänna
755 1567 349 43 indragningsstaten
1132 1562 140 47 åtnjuta
1300 1574 42 24 en
1371 1561 91 46 årlig
1488 1562 144 44 pension.
1659 1561 39 34 af
1723 1563 72 33 300

192 1621 138 40 kronor,
361 1623 54 31 att
441 1617 85 46 utgå
553 1617 79 36 från
660 1619 64 34 och
751 1618 77 35 med
852 1617 67 45 juli
946 1614 126 37 månad
1099 1613 41 37 år
1170 1616 105 33 1892.

325 1668 58 37 Då
410 1669 127 35 Första
565 1669 217 34 Kammaren
810 1669 77 34 med
915 1668 115 42 afslag
1055 1664 22 36 å
1104 1666 191 34 utskottets
1322 1664 220 42 hemställan,
1572 1661 39 36 så
1638 1662 76 35 vidt
1730 1662 66 34 den

193 1721 110 34 skilde
344 1721 54 43 sig
437 1718 78 36 från
556 1719 131 44 Kongl.
722 1718 126 45 Maj:ts
889 1718 11 34 i
928 1720 117 32 ämnet
1072 1716 126 44 gjorda
1226 1714 271 43 framställning,
1524 1713 132 46 bifallit
1683 1712 113 34 denna

195 1771 259 43 framställning
480 1770 222 42 oförändrad,
730 1777 78 26 men
835 1768 126 34 Andra
989 1766 216 35 Kammaren
1234 1765 129 34 bifallit
1391 1765 92 34 hvad
1510 1764 175 34 utskottet
1707 1763 90 33 hem-

195 1823 95 42 stält,
343 1819 56 37 får
438 1821 173 34 utskottet
651 1820 55 34 för
744 1817 144 47 frågans
928 1817 192 45 afgörande
1160 1816 145 35 medelst
1345 1825 199 34 gemensam
1584 1813 215 43 omröstning

197 1870 127 37 föreslå
351 1871 154 45 följande
533 1869 411 45 voteringsproposition:

337 1971 112 44 »Den,
478 1982 70 24 som
577 1972 74 42 vill,
681 1974 64 40 att,
774 1971 76 34 med
879 1970 97 35 bifall
1004 1971 52 33 till
1085 1968 130 45 Kongl.
1234 1967 126 45 Maj:ts
1376 1966 271 43 framställning,
1664 1964 135 36 stuteri-

199 2023 222 35 veterinären
449 2022 58 35 vid
534 2021 150 44 Flyinge
713 2021 223 43 hingstdepöt
964 2019 83 36 Carl
1075 2019 93 35 Axel
1195 2019 119 35 Johan
1342 2028 69 24 von
1439 2016 252 44 Zweigbergks
1710 2016 91 34 enka

199 2073 117 34 Maria
344 2072 113 35 Malin
486 2083 65 23 von
580 2071 247 44 Zweigbergk,
856 2072 78 33 född
963 2070 144 44 Flyllén,
1136 2068 67 45 må,
1231 2067 39 36 så
1288 2070 105 43 länge
1412 2069 66 32 hon
1499 2067 184 34 förblifver
1698 2067 102 41 enka,

201 2122 21 36 å
261 2124 177 33 allmänna
477 2122 347 43 indragningsstaten
865 2120 141 44 åtnjuta
1046 2130 41 24 en
1120 2118 91 45 årlig
1243 2119 144 43 pension
1415 2117 39 34 af
1478 2119 72 32 400
1578 2117 141 41 kronor,
1748 2118 54 31 att

201 2172 86 45 utgå
314 2171 78 36 från
420 2173 64 34 och
511 2172 76 34 med
612 2172 66 44 juli
705 2169 125 36 månad
858 2170 40 36 år
929 2172 104 42 1892,
1062 2173 116 31 röstar

973 2269 65 47 Ja;
