1898 2844
278 173 39 30 20
686 172 113 28 Första
825 172 222 34 lagutskottets
1072 172 163 29 utlåtande
1262 172 47 28 Nr
1331 176 48 26 36.

272 260 110 38 fråga
404 259 88 33 skall
514 259 97 33 lösas.
658 258 159 39 Möjligen
839 259 119 33 tänker
983 259 52 39 sig
1058 258 375 40 departementschefen,
1457 262 52 29 att
1532 258 116 39 dylika
1673 258 111 33 städer

283 310 93 33 skola
397 310 36 32 få
453 310 169 32 bibehålla
643 310 49 32 sin
713 310 228 38 jurisdiktion.

326 360 65 33 Det
411 361 106 32 måste
540 360 143 33 framstå
706 372 67 20 som
796 372 38 21 en
855 360 88 33 brist
963 361 11 31 i
998 360 55 33 det
1075 360 232 39 föreliggande
1331 359 174 39 förslaget,
1530 363 50 29 att
1603 360 107 38 någon
1733 362 49 28 ut-

283 411 138 39 redning
441 411 12 32 i
476 411 230 33 ovannämnda
730 411 183 32 avseenden
936 411 73 32 icke
1033 411 190 38 framlagts.
1269 410 177 39 Meningen
1471 415 37 27 är
1530 410 46 38 ju,
1602 413 50 29 att
1674 410 109 31 utred-

282 461 81 39 ning
387 461 93 33 såväl
505 461 203 33 härutinnan
734 473 68 21 som
827 462 10 31 i
862 461 113 39 övrigt
1000 461 86 32 skall
1113 461 66 38 ske,
1205 461 103 33 innan
1334 461 128 38 Kungl.
1489 461 103 38 Maj:t
1616 460 169 33 meddelar

283 512 222 32 förordnande
530 524 50 20 om
606 512 92 32 stads
724 512 221 38 förläggande
969 512 106 32 under
1098 512 179 32 landsrätt.
1325 511 74 33 Med
1424 511 132 38 hänsyn
1583 511 125 38 därtill,
1735 514 49 29 att

282 562 199 39 avveckling
506 575 42 19 av
572 562 257 39 jurisdiktionen
854 562 73 33 icke
953 567 37 27 är
1015 563 123 32 avsedd
1163 566 51 29 att
1239 562 57 32 ske
1321 563 43 38 på
1389 574 38 21 en
1452 562 92 39 gång
1568 561 216 33 beträffande

282 613 68 32 alla
372 613 264 38 ifrågavarande
662 613 113 32 städer
798 615 81 31 utan
906 613 184 32 successivt
1114 613 222 33 allteftersom
1362 612 246 33 vederbörande
1633 612 150 38 borgmä-

282 663 195 38 staretjänst
502 663 65 32 blir
592 663 100 40 ledig,
718 668 37 28 är
780 663 55 33 det
857 664 37 38 ju
918 664 199 38 visserligen
1142 663 142 39 möjligt,
1312 667 50 29 att
1386 663 181 38 utredning
1593 663 29 38 ej
1649 674 44 20 nu
1718 662 66 33 kan

283 714 210 38 förebringas
516 713 12 32 i
552 714 67 32 alla
643 714 192 39 avseenden,
859 726 73 21 men
957 714 189 39 säkerligen
1172 714 108 33 skulle
1305 714 54 32 det
1383 714 28 38 ej
1436 717 92 29 möta
1550 714 107 38 några
1680 717 104 28 större

281 764 118 32 hinder
420 767 51 29 att
493 776 116 26 genom
633 776 38 21 en
693 765 180 38 utredning
895 765 12 31 i
930 765 179 32 huvudsak
1131 765 37 32 få
1191 777 39 20 en
1253 765 169 32 överblick
1445 777 53 26 av,
1521 765 87 32 huru
1632 765 37 32 de
1694 765 90 33 olika

283 815 156 32 städerna
459 815 89 32 efter
568 827 38 20 en
628 815 409 39 landsrättsförläggning
1058 815 107 33 skulle
1188 816 37 32 få
1248 816 73 32 sina
1343 815 90 33 olika
1456 815 233 33 förhållanden
1713 816 71 32 ord-

282 865 93 33 nade.
414 865 67 32 Det
498 865 174 33 förefaller
690 866 187 39 angeläget,
896 869 51 29 att
965 866 179 38 riksdagen
1163 866 55 32 får
1235 866 139 33 tillfälle
1392 870 81 34 taga
1492 866 53 32 del
1564 879 40 20 av
1623 878 38 21 en
1681 867 103 32 sådan

281 915 189 39 utredning,
493 916 102 33 innan
618 915 172 34 definitivt
811 916 110 33 beslut
944 917 107 32 fattas
1074 917 12 31 i
1109 917 134 38 frågan.
1288 913 96 36 Även
1407 916 218 33 beträffande
1649 917 38 32 de
1711 917 72 32 eko-

282 966 150 32 nomiska
455 966 255 39 konsekvenser,
735 979 68 20 som
828 967 182 39 förslagets
1034 967 259 39 genomförande
1315 967 67 33 kan
1405 967 133 33 komma
1562 971 51 29 att
1635 968 150 32 medföra

284 1017 52 32 för
356 1019 116 37 staten,
495 1030 98 25 synes
613 1019 187 38 utredning,
821 1018 12 32 i
854 1019 61 32 den
936 1020 76 32 mån
1034 1019 101 32 sådan
1157 1019 100 33 redan
1279 1031 44 20 nu
1344 1019 65 32 kan
1432 1019 251 38 åstadkommas,
1706 1020 79 32 böra

283 1067 190 39 föreläggas
495 1067 181 39 riksdagen
696 1068 71 33 före
789 1068 133 39 slutligt
943 1068 337 39 ställningstagande.
1323 1069 90 32 Från
1435 1069 174 33 städernas
1631 1069 73 32 sida
1725 1069 60 32 har

282 1118 73 32 med
375 1118 120 38 styrka
515 1118 106 39 gjorts
642 1118 167 39 gällande,
829 1122 50 29 att
899 1119 38 32 de
959 1119 122 39 städer,
1103 1131 67 21 som
1191 1123 68 29 mot
1281 1120 50 32 sin
1351 1119 83 38 vilja
1454 1119 142 33 berövas
1616 1119 49 32 sin
1686 1119 98 39 juris-

283 1168 137 38 diktion,
446 1168 82 33 böra
552 1168 221 39 fullständigt
796 1169 128 33 befrias
950 1170 77 32 från
1053 1170 145 38 utgifter
1223 1170 54 32 för
1303 1170 125 32 sådana
1455 1170 234 38 anordningar,
1717 1182 67 21 som

283 1218 89 39 fylla
398 1218 140 40 statliga
563 1220 177 39 uppgifter
766 1220 60 33 och
852 1232 68 21 som
947 1221 44 38 på
1017 1220 232 39 landsbygden
1276 1220 155 33 bekostas
1460 1233 41 20 av
1529 1224 119 34 staten,
1678 1221 106 32 såsom

282 1269 305 39 åklagareväsende
611 1274 86 29 samt
719 1270 290 40 kronouppbörds-
1033 1271 60 32 och
1115 1271 342 33 exekutionsväsende
1480 1283 42 21 m.
1546 1283 43 21 m.
1635 1271 55 32 Av
1712 1284 72 26 pro-

282 1320 184 38 positionen
486 1320 153 39 framgår
656 1321 39 38 ej,
715 1321 86 32 huru
820 1322 128 38 Kungl.
966 1322 104 38 Maj:t
1088 1322 115 33 ställer
1222 1322 53 39 sig
1293 1322 53 32 till
1366 1322 91 32 detta
1477 1322 174 33 städernas
1672 1322 112 32 önske-

282 1371 75 39 mål,
395 1383 77 20 vars
511 1371 261 39 tillgodoseende
809 1371 145 39 givetvis
995 1372 107 33 skulle
1128 1372 150 33 medföra
1306 1372 190 39 betydande
1523 1372 181 33 kostnader
1733 1373 52 32 för

283 1424 118 30 staten.

327 1471 115 33 Såsom
462 1484 84 20 ovan
567 1472 205 33 framhållits
792 1472 66 33 kan
878 1473 56 33 det
951 1474 72 32 med
1044 1473 154 33 säkerhet
1217 1477 154 35 antagas,
1391 1477 50 29 att
1460 1486 38 21 en
1518 1474 53 32 hel
1592 1474 51 32 del
1664 1474 121 38 städer,

284 1534 67 21 som
371 1522 73 33 icke
465 1523 89 32 hava
574 1526 50 29 tre
641 1523 164 39 lagfarna
825 1524 181 32 ledamöter
1028 1524 11 32 i
1062 1524 50 32 sin
1135 1524 244 39 rådstuvurätt,
1403 1524 97 33 skola
1521 1524 39 32 få
1579 1524 133 33 behålla
1735 1525 50 32 sin

281 1573 228 39 jurisdiktion,
538 1578 82 28 även
648 1586 51 20 om
727 1574 61 33 den
816 1574 194 39 föreslagna
1036 1575 96 38 lagen
1160 1578 151 35 antages.
1361 1575 67 32 Det
1456 1575 176 33 förefaller
1658 1575 127 32 mindre

283 1623 165 39 lämpligt,
472 1627 52 30 att
548 1624 125 33 sådana
698 1624 112 33 städer
832 1624 194 40 inbegripas
1050 1625 103 33 under
1178 1637 39 21 en
1241 1626 68 38 lag,
1332 1626 217 32 beträffande
1573 1625 112 33 vilken
1710 1637 75 21 man

283 1674 99 32 redan
417 1675 44 38 på
497 1674 144 33 förhand
675 1675 67 32 kan
776 1678 86 36 veta,
898 1678 52 30 att
984 1676 61 32 den
1080 1676 72 32 icke
1178 1681 38 27 är
1239 1676 185 39 tillämplig
1449 1677 20 31 å
1494 1676 83 32 dem.
1626 1676 64 32 Att
1715 1677 70 33 åter

281 1725 44 38 på
360 1725 108 38 grund
508 1737 43 20 av
589 1725 168 33 särskilda
785 1726 287 38 omständigheter
1097 1727 231 39 uttryckligen
1358 1727 77 32 från
1464 1727 99 38 lagen
1592 1726 195 39 undantaga

283 1776 91 32 vissa
396 1776 147 38 angivna
566 1776 122 38 städer,
712 1787 69 21 som
805 1776 96 38 eljest
924 1776 109 33 skulle
1056 1777 85 32 hava
1164 1777 90 32 varit
1277 1780 52 30 att
1350 1777 146 32 hänföra
1520 1777 175 39 därunder,
1719 1778 66 32 kan

283 1826 54 32 väl
362 1826 171 39 knappast
557 1838 81 21 vara
664 1830 51 29 att
741 1826 146 33 förorda.
935 1826 179 39 Riktigare
1141 1839 101 27 synes
1266 1840 83 20 vara
1375 1831 50 29 att
1449 1828 116 38 jämka
1590 1828 43 39 på
1658 1828 127 33 huvud-

284 1877 121 38 regeln,
431 1880 52 30 att
507 1877 119 32 endast
651 1877 74 33 stad
750 1877 73 33 med
848 1881 49 29 tre
923 1877 159 39 lagfarna
1107 1878 182 33 ledamöter
1313 1879 12 32 i
1352 1879 274 33 rådstuvurätten
1654 1879 55 32 får
1733 1879 51 32 be-

283 1927 91 33 hålla
397 1927 50 32 sin
470 1927 229 39 jurisdiktion.
744 1928 53 32 En
821 1928 103 33 sådan
948 1928 175 39 jämkning
1145 1929 187 33 innehåller
1353 1929 36 38 ju
1412 1929 98 39 lagen
1536 1929 100 33 redan
1660 1929 124 33 beträf-

284 1977 100 33 fande
409 1978 318 39 residensstäderna,
753 1990 67 21 som
844 1978 70 34 helt
936 1979 219 39 undantagits
1180 1979 77 33 från
1281 1980 109 38 lagen,
1415 1980 105 32 ehuru
1545 1979 175 39 åtskilliga
1745 1992 40 20 av

284 2028 71 32 dem
375 2027 73 33 icke
468 2029 161 38 uppfylla
650 2029 142 33 nämnda
814 2029 250 33 huvudvillkor.
1108 2030 114 38 Lagen
1244 2042 40 20 av
1305 2031 38 31 år
1366 2031 84 32 1924
1472 2030 139 39 angiver
1632 2033 48 30 ett
1700 2030 86 33 visst

283 2078 245 39 invånarantal,
556 2080 106 39 3,000,
690 2080 107 33 såsom
824 2084 143 34 gränsen
995 2080 54 32 för
1075 2080 37 34 de
1139 2080 123 39 städer,
1290 2092 68 21 som
1385 2081 105 32 under
1515 2081 93 33 vissa
1634 2086 152 28 närmare

283 2129 145 38 angivna
447 2129 126 32 villkor
593 2129 107 33 skulle
719 2130 114 33 kunna
854 2130 176 40 förläggas
1050 2131 105 32 under
1173 2131 179 39 landsrätt,
1373 2131 104 34 ehuru
1497 2132 37 38 ju
1555 2136 82 28 även
1657 2131 128 33 mindre

284 2179 75 33 stad
381 2179 62 33 har
465 2180 177 38 möjlighet
664 2184 50 29 att
736 2180 120 34 hindra
880 2193 38 20 en
943 2181 105 34 sådan
1072 2181 196 39 anordning.
1314 2182 68 33 Det
1404 2182 94 33 torde
1521 2182 115 33 kunna
1658 2182 126 38 ifråga-

284 2233 116 35 sättas,
420 2229 169 34 huruvida
609 2231 55 32 det
683 2230 72 34 icke
777 2230 107 34 skulle
903 2244 84 21 vara
1007 2232 197 39 lämpligast
1224 2235 52 30 att
1295 2233 44 38 gå
1358 2233 116 33 vidare
1494 2233 43 39 på
1560 2233 60 32 den
1641 2233 38 31 år
1701 2233 84 32 1924

282 2279 155 40 inslagna
456 2285 107 34 vägen
584 2281 59 32 och
663 2281 68 33 låta
751 2281 271 34 invånarantalet
1041 2282 12 33 i
1073 2283 114 33 stället
1206 2283 55 32 för
1280 2283 127 34 antalet
1425 2283 162 39 lagfarna
1606 2283 180 34 ledamöter

282 2331 12 31 1
318 2330 272 34 rådstuvurätten
613 2331 91 33 bliva
727 2332 189 39 avgörande
939 2332 12 33 i
973 2333 264 38 ifrågavarande
1260 2334 172 32 avseende.
1478 2334 126 32 WVarest
1626 2333 11 32 i
1661 2335 38 32 så
1722 2334 63 33 fall

282 2385 143 34 gränsen
445 2382 101 33 borde
567 2385 106 30 sättas
693 2382 67 33 kan
779 2395 83 21 vara
881 2383 176 39 vanskligt
1077 2387 50 30 att
1146 2384 194 33 bestämma.
1383 2384 19 32 I
1423 2384 62 34 den
1507 2383 208 34 Herlitz'ska
1735 2388 49 29 ut-

284 2433 176 39 redningen
488 2446 41 20 av
556 2434 36 32 år
619 2434 84 32 1923
729 2434 166 34 uttalades
921 2435 200 33 härutinnan
1147 2435 102 33 bland
1277 2439 114 30 annat:
1421 2435 62 33 ”En
1511 2435 207 41 granskning
1744 2448 41 21 av

284 2483 300 33 rättsstatistikens
604 2483 178 40 uppgifter
803 2496 98 27 synes
923 2484 79 39 giva
1023 2485 58 33 vid
1100 2485 142 39 handen,
1264 2488 60 36 att,
1346 2498 51 20 om
1418 2498 77 20 man
1518 2488 105 30 sätter
1643 2491 142 34 gränsen
