1854 2784
274 156 37 30 12
652 157 124 29 Första
801 157 246 39 lagutskottets
1073 158 179 29 utlåtande
1277 167 42 20 nr
1347 161 49 28 11.

316 239 76 30 Med
422 239 136 39 hänsyn
587 240 52 29 till
668 240 41 30 de
736 240 160 39 påtalade
926 241 271 39 olägenheterna
1222 251 42 20 av
1291 243 320 39 målanhopningen
1639 243 12 29 i
1680 251 93 32 rege-

272 289 213 40 ringsrätten
507 291 37 29 är
565 291 57 29 det
645 290 106 39 enligt
773 291 189 30 utskottets
985 292 140 39 mening
1149 293 204 38 uppenbart,
1377 295 49 27 att
1450 294 160 38 åtgärder
1634 295 137 29 snarast

272 340 109 30 måste
407 340 157 39 vidtagas
590 341 55 29 för
671 343 50 28 att
747 341 191 39 nedbringa
964 342 177 30 balansen.
1169 343 142 29 Erinras
1338 343 58 30 må
1422 343 122 30 härvid
1569 345 50 28 att
1647 344 125 29 chefen

272 390 53 30 för
349 390 416 40 justitiedepartementet
791 392 38 29 år
858 391 83 30 1946
969 393 190 38 övervägde
1187 393 93 29 olika
1305 393 221 39 möjligheter
1552 395 51 28 att
1629 394 143 30 komma

271 441 51 29 till
344 442 92 28 rätta
457 442 78 29 med
556 442 66 29 den
643 442 45 29 då
708 441 129 40 hastigt
860 443 157 38 stigande
1037 443 169 29 balansen
1229 443 9 28 i
1261 444 291 38 regeringsrätten
1576 454 80 21 men
1679 447 92 27 stan-

272 492 86 29 nade
383 491 59 30 vid
467 494 49 27 att
540 492 142 29 förorda
708 502 41 19 en
775 492 172 39 utökning
971 502 41 20 av
1037 493 303 39 regeringsrådens
1367 494 95 29 antal
1489 503 75 21 som
1590 495 67 29 den
1684 495 87 30 enda

271 541 183 39 praktiska
479 543 158 38 utvägen.
664 542 196 39 Anledning
886 552 102 30 synes
1012 543 75 29 icke
1113 543 118 30 finnas
1254 545 50 28 att
1328 544 11 28 i
1365 545 200 29 nuvarande
1591 545 73 39 läge
1689 545 82 30 ifrå-

272 593 135 38 gasätta
428 602 42 19 en
491 602 116 20 annan
629 593 138 39 lösning
787 602 43 20 av
851 602 135 21 samma
1009 594 182 39 spörsmål.

315 643 98 29 Inom
432 643 292 38 regeringsrätten
744 643 121 39 gjorda
882 643 234 39 beräkningar
1135 645 77 38 giva
1230 644 55 30 vid
1304 645 150 38 handen,
1472 647 50 27 att
1541 655 42 20 en
1601 646 170 29 förstärk-

271 692 83 40 ning
375 703 42 20 av
438 694 194 29 domstolen
653 694 80 29 med
753 702 42 21 en
817 694 152 30 ledamot
991 694 111 29 skulle
1124 694 157 30 medföra
1303 697 50 28 att
1375 696 67 28 den
1464 695 109 39 årliga
1595 696 176 39 föredrag-

271 743 200 39 ningstiden
494 744 110 29 skulle
627 744 123 29 kunna
770 744 85 29 ökas
877 745 80 30 med
980 744 95 31 cirka
1098 745 61 30 150
1186 745 148 30 timmar.
1357 745 211 39 Härigenom
1589 747 71 29 kan
1683 746 88 30 dock

270 794 136 29 normal
429 794 121 30 balans
573 794 75 30 icke
672 794 172 30 beräknas
867 794 94 30 bliva
983 795 179 30 återställd
1186 795 119 30 förrän
1328 795 10 29 i
1361 796 100 29 bästa
1484 796 61 29 fall
1568 796 132 30 inemot
1722 796 48 30 tio

270 844 38 29 år
330 844 88 30 efter
442 845 227 38 utökningen.
693 845 51 29 En
767 844 242 40 förstärkning
1031 846 78 29 med
1134 846 57 29 två
1213 846 240 39 regeringsråd
1477 846 73 30 åter
1573 847 99 29 torde
1695 847 75 29 icke

270 894 173 30 innefatta
464 895 112 39 någon
597 895 227 39 framkomlig
844 896 74 38 väg,
940 897 82 28 enär
1043 896 57 29 det
1122 897 38 28 är
1181 896 93 30 svårt
1295 898 49 27 att
1365 897 209 29 konstruera
1597 907 43 19 en
1661 897 110 29 effek-

270 944 48 30 tiv
341 945 267 39 arbetsordning
632 946 81 29 med
738 946 74 29 elva
835 945 10 30 i
871 946 196 29 domstolen
1089 946 266 39 tjänstgörande
1381 947 201 30 ledamöter.
1608 946 93 31 Ökas
1725 947 49 30 le-

270 995 223 30 damöternas
516 996 95 29 antal
635 996 80 29 med
739 998 60 33 tre,
825 996 114 29 skulle
962 996 293 39 regeringsrätten
1279 997 122 29 kunna
1424 998 118 29 arbeta
1564 998 45 39 på
1633 998 58 29 två
1714 1006 57 21 av-

270 1045 192 40 delningar,
482 1055 56 20 om
556 1047 148 29 vardera
724 1055 58 21 sex
800 1046 252 39 regeringsråd.
1071 1046 78 30 Med
1170 1055 42 21 en
1233 1047 108 29 sådan
1360 1046 179 41 indelning
1560 1048 113 29 skulle
1693 1056 77 21 nor-

270 1097 68 29 mal
361 1097 124 29 balans
508 1097 122 30 kunna
651 1098 123 28 väntas
797 1096 92 31 bliva
912 1097 167 40 uppnådd
1102 1097 89 30 efter
1214 1097 77 39 fyra
1314 1098 48 29 år.
1387 1098 53 29 En
1464 1099 94 28 ännu
1583 1099 111 29 större
1718 1100 55 28 ut-

270 1146 131 40 ökning
424 1156 43 20 av
489 1147 292 39 regeringsrätten
805 1148 90 29 lärer
918 1156 42 21 av
984 1147 176 40 åtskilliga
1184 1148 75 29 skäl
1282 1148 174 40 knappast
1481 1148 90 39 ligga
1594 1148 97 30 inom
1714 1149 56 29 det

269 1197 163 40 möjligas
451 1199 151 37 gränser.

315 1247 96 30 Givet
434 1249 39 28 är
494 1250 49 27 att
563 1257 42 20 en
627 1248 173 39 utökning
819 1258 43 20 av
880 1249 296 38 regeringsrätten
1196 1249 78 30 med
1298 1258 42 21 en
1362 1249 83 29 eller
1467 1249 87 30 flera
1580 1250 193 30 ledamöter

274 1298 111 29 skulle
412 1299 141 29 komma
579 1300 51 28 att
657 1299 107 39 draga
790 1299 78 29 med
898 1299 52 41 sig
973 1299 75 30 icke
1074 1299 197 39 obetydliga
1296 1300 144 38 utgifter
1469 1300 55 29 för
1547 1301 223 29 statsverket.

273 1348 144 39 Hänsyn
449 1349 108 29 måste
586 1349 152 30 sålunda
768 1351 97 37 tagas
894 1367 46 3 —
969 1350 153 29 förutom
1157 1350 52 29 till
1245 1350 206 39 avlöningen
1484 1351 52 28 till
1569 1351 202 38 nytillkom-

272 1399 125 29 mande
429 1399 241 39 regeringsråd
697 1417 45 3 —
767 1399 52 29 till
848 1400 146 30 behovet
1023 1410 41 20 av
1090 1400 200 39 ytterligare
1320 1401 254 38 föredragande
1605 1403 91 28 samt
1722 1401 51 29 bi-

272 1450 279 39 trädespersonal
571 1459 45 20 m.
636 1459 45 20 m.
700 1450 116 30 Under
833 1450 195 30 beaktande
1048 1460 41 20 av
1108 1451 41 29 de
1170 1451 10 28 i
1199 1451 260 39 propositionen
1478 1460 41 20 nr
1539 1452 41 29 32
1600 1452 53 29 till
1675 1451 96 30 inne-

271 1500 151 29 varande
449 1500 142 39 riksdag
614 1500 199 39 föreslagna
839 1501 198 39 grunderna
1063 1501 55 29 för
1142 1501 148 39 höjning
1317 1511 42 20 av
1384 1502 98 29 löner
1506 1502 107 39 enligt
1639 1504 131 28 statens

271 1549 392 41 löneplansförordning
684 1551 64 29 har
772 1551 170 30 utskottet
965 1551 171 31 beräknat
1159 1552 195 29 kostnaden
1378 1552 56 30 för
1459 1562 43 20 en
1528 1552 243 39 förstärkning

272 1609 41 21 av
336 1600 293 40 regeringsrätten
650 1603 79 28 med
751 1610 42 20 en
816 1601 153 30 ledamot
989 1602 52 29 till
1065 1602 164 40 omkring
1253 1603 60 29 100
1328 1602 62 30 000
1412 1603 130 30 kronor
1564 1603 66 30 och
1651 1603 56 30 för
1727 1612 43 20 en

272 1650 243 40 förstärkning
535 1652 80 29 med
638 1653 52 28 tre
714 1651 191 31 ledamöter
929 1652 52 29 till
1007 1653 62 29 250
1082 1653 63 29 000
1168 1654 140 29 kronor.

314 1700 26 30 Å
361 1702 113 29 andra
494 1702 97 29 sidan
612 1702 64 29 bör
696 1702 210 35 observeras,
929 1705 50 27 att
1001 1703 276 39 nedbringandet
1298 1713 42 20 av
1359 1704 167 29 balansen
1545 1704 11 29 i
1579 1704 192 39 regerings-

270 1752 113 29 rätten
411 1752 111 29 skulle
548 1752 160 30 medföra
733 1762 42 19 en
800 1753 205 39 minskning
1031 1763 42 20 av
1099 1755 111 28 andra
1238 1754 257 39 ofrånkomliga
1525 1755 244 39 statsutgifter.

271 1801 78 30 Som
368 1810 91 21 ovan
477 1802 169 40 påpekats
666 1802 203 30 förorsakar
888 1804 67 29 den
975 1803 101 40 långa
1096 1804 61 35 tid,
1179 1813 74 21 som
1272 1805 116 29 målen
1408 1805 89 39 ligga
1516 1806 64 28 och
1600 1807 107 28 vänta
1726 1806 43 39 på

271 1853 50 28 att
338 1852 92 30 bliva
452 1853 165 39 avgjorda
637 1854 10 28 i
667 1854 303 39 regeringsrätten,
991 1855 149 38 onödiga
1159 1855 245 39 ränteutgifter
1424 1855 54 30 för
1501 1856 57 29 det
1579 1856 190 29 allmänna.

271 1902 58 30 Att
354 1903 57 30 det
435 1903 121 30 härvid
581 1904 76 29 icke
682 1905 58 28 rör
760 1903 54 40 sig
836 1914 56 20 om
917 1905 195 39 obetydliga
1138 1914 155 22 summor
1317 1906 156 39 framgår
1499 1906 116 34 därav,
1640 1908 51 28 att
1715 1906 56 30 be-

271 1952 116 40 loppet
410 1963 43 20 av
475 1954 65 29 den
565 1954 139 39 statliga
728 1955 102 33 skatt,
855 1964 75 20 som
955 1955 219 30 restituerats
1201 1956 51 28 till
1279 1956 89 39 följd
1393 1966 41 19 av
1457 1957 313 38 regeringsrättens

270 2003 123 34 beslut,
412 2004 112 29 under
543 2004 38 29 år
601 2004 85 30 1949
707 2005 150 39 uppgick
877 2005 53 29 till
949 2005 11 29 i
980 2008 81 27 runt
1079 2006 48 29 tal
1152 2007 42 32 1,6;
1211 2006 163 39 miljoner
1393 2007 131 29 kronor
1542 2007 64 29 och
1626 2007 39 30 år
1686 2007 82 30 1950

270 2053 52 29 till
348 2054 42 33 1,7
414 2054 173 39 miljoner.
623 2055 53 29 En
700 2056 269 38 omständighet,
995 2065 73 20 som
1095 2057 200 38 ytterligare
1321 2057 62 29 bör
1409 2057 208 30 framhållas
1640 2058 11 29 i
1676 2058 92 29 detta

272 2105 264 38 sammanhang,
559 2106 37 28 är
618 2107 52 28 att
693 2107 207 28 statsverket
923 2106 63 30 har
1010 2109 50 27 att
1084 2116 102 20 svara
1208 2108 84 29 även
1315 2107 54 30 för
1393 2108 126 29 räntan
1543 2108 44 39 på
1610 2108 160 29 restitue-

270 2154 62 30 rad
350 2155 315 34 kommunalskatt,
686 2165 73 21 som
781 2157 145 38 uttagits
945 2157 12 29 i
976 2157 151 39 enlighet
1148 2158 79 29 med
1248 2157 83 30 1948
1351 2158 56 29 års
1428 2158 83 29 eller
1533 2167 121 21 senare
1676 2160 94 28 taxe-

270 2204 126 39 ringar.
434 2206 131 29 Hittills
589 2206 64 29 har
680 2207 113 29 denna
818 2207 218 39 förpliktelse
1061 2207 90 30 varit
1178 2208 79 39 föga
1283 2208 160 29 kännbar
1469 2208 55 30 för
1549 2209 218 32 statsverket,

270 2264 78 20 men
365 2255 11 29 i
395 2257 68 29 den
483 2256 80 30 mån
581 2257 293 38 regeringsrätten
892 2257 11 29 i
923 2258 59 29 sitt
1000 2258 115 29 arbete
1138 2258 125 30 hinner
1283 2258 92 30 fram
1395 2258 52 29 till
1466 2259 40 29 de
1526 2268 121 21 senare
1667 2259 102 30 årens

269 2305 199 40 taxeringar
493 2307 140 29 komma
655 2307 230 30 statsverkets
911 2308 146 39 utgifter
1078 2308 56 31 för
1158 2309 94 30 detta
1276 2309 163 29 ändamål
1465 2311 49 28 att
1541 2310 98 39 stiga.
1675 2309 92 30 Även

270 2365 55 20 om
346 2357 57 29 det
424 2366 42 20 av
487 2357 86 30 flera
593 2357 229 39 anledningar
842 2359 38 29 är
900 2358 176 39 vanskligt
1096 2360 50 28 att
1167 2360 123 38 angiva
1311 2368 42 20 en
1377 2360 102 29 exakt
1504 2360 102 30 siffra
1626 2360 56 29 för
1701 2360 65 29 den

269 2406 339 41 utgiftsminskning,
631 2417 75 20 som
728 2408 70 29 står
819 2410 49 29 att
889 2409 107 29 vinna
1016 2418 56 20 om
1093 2409 200 30 väntetiden
1315 2409 210 40 nedbringas
1546 2410 11 29 i
1576 2410 192 39 regerings-

269 2457 123 34 rätten,
417 2458 38 28 är
478 2458 56 29 det
559 2458 88 29 dock
670 2458 124 39 tydligt
818 2460 49 28 att
891 2459 57 29 det
970 2459 64 29 här
1060 2460 59 29 rör
1145 2459 52 40 sig
1221 2469 54 20 om
1300 2460 132 39 ganska
1455 2460 195 39 betydande
1676 2469 92 21 sum-

268 2515 85 21 mor.
