1910 2814
480 157 421 38 Bevillningsutskottets
920 159 225 32 betänkande
1162 159 53 32 Nr
1238 159 52 31 31.
1550 159 39 32 138

812 440 58 39 Nr
897 440 64 40 31.

639 548 110 24 Ankom
768 549 43 23 till
830 548 163 31 riksdagens
1012 549 90 24 kansli
1123 550 53 24 den
1197 552 32 22 15
1249 558 75 17 mars
1345 551 65 25 1927
1430 551 38 24 kl.
1488 552 15 23 4
1523 558 21 17 e.
1566 558 35 16 m.

239 640 414 37 Bevillningsutskottets
669 641 231 36 betänkande,
913 642 13 31 i
938 642 190 37 anledning
1143 652 45 22 av
1205 643 129 37 Kungl.
1348 643 120 37 Maj:ts
1480 645 156 35 proposi-

441 693 75 31 tion
555 694 80 30 med
668 693 135 36 förslag
838 693 55 31 till
926 693 209 37 kungörelse
1169 704 59 22 om
1261 696 134 30 ändrad
1428 695 131 36 lydelse
1592 705 45 21 av

441 738 23 42 $
487 745 18 30 4
530 741 36 37 b)
588 745 13 30 i
623 744 254 37 förordningen
900 745 67 31 den
990 746 19 30 9
1032 745 80 36 juni
1136 747 82 30 1911
1242 743 57 36 (nr
1319 744 57 36 80)
1390 747 79 31 med
1486 746 151 31 tulltaxa

440 795 57 36 för
530 795 251 32 inkommande
814 805 115 27 varor,
953 806 46 21 m.
1023 806 46 21 m.
1092 793 194 40 (tullfrihet
1307 798 57 36 för
1391 798 163 37 personal
1576 799 62 30 vid

444 847 167 32 utländsk
635 847 229 37 beskickning
887 858 44 21 m.
956 845 70 37 m.).

1416 895 65 36 (1:a
1503 894 91 37 avd.)

174 960 18 31 I
215 969 44 22 en
282 960 67 31 den
373 961 41 30 11
438 960 157 32 februari
618 961 84 31 1927
726 960 230 38 dagtecknad,
980 961 57 31 till
1055 962 391 36 bevillningsutskottet
1462 963 173 31 hänvisad

131 1012 230 36 proposition,
385 1021 44 22 nr
452 1012 73 36 100,
550 1012 65 31 har
638 1012 137 36 Kungl.
800 1012 114 37 Maj:t,
938 1013 111 31 under
1071 1014 219 36 åberopande
1313 1025 45 20 av
1375 1015 260 35 propositionen

131 1063 115 36 bilagt
279 1063 130 37 utdrag
444 1073 45 21 av
521 1063 381 37 statsrådsprotokollet
925 1066 82 29 över
1030 1064 270 33 finansärenden
1323 1066 54 31 för
1398 1076 135 21 samma
1555 1066 80 37 dag,

131 1115 184 36 föreslagit
339 1115 191 37 riksdagen
553 1117 53 30 att
627 1117 132 35 antaga
782 1115 115 32 nedan
931 1116 196 37 återgivna,
1157 1117 61 32 vid
1235 1118 260 36 propositionen
1510 1118 126 36 fogade

130 1167 132 37 förslag
285 1167 59 31 till

174 1216 33 37 1)
241 1219 213 36 kungörelse
488 1229 57 21 om
578 1219 135 32 ändrad
741 1219 133 37 lydelse
898 1229 45 21 av
967 1217 18 37 $
1008 1221 18 30 4
1050 1217 35 37 b)
1109 1220 13 30 i
1145 1220 255 38 förordningen
1423 1221 66 32 den
1513 1223 18 30 9
1555 1222 80 37 juni

131 1271 84 31 1911
240 1267 56 37 (nr
319 1267 55 38 80)
397 1270 79 32 med
499 1271 155 31 tulltaxa
677 1271 55 31 för
756 1271 251 32 inkommande
1031 1281 114 27 varor,
1169 1274 91 29 samt

175 1319 32 37 2)
230 1322 209 37 förordning
462 1333 57 21 om
542 1323 134 32 ändrad
699 1323 133 37 lydelse
856 1333 44 21 av
925 1324 40 31 21
989 1320 18 38 $
1031 1324 18 30 1
1073 1333 104 22 mom.
1201 1324 13 31 i
1237 1325 253 36 förordningen
1511 1325 66 32 den
1593 1327 40 30 15

131 1374 179 31 december
347 1375 84 31 1914
466 1372 56 37 (nr
556 1372 75 37 436)
666 1375 181 36 angående
875 1376 251 36 statsmonopol
1149 1377 21 30 å
1194 1376 404 38 tobakstillverkningen
1622 1378 13 30 i

131 1426 102 31 riket.

768 1573 237 52 Förslag

858 1660 56 31 till

129 1737 224 39 kungörelse
377 1745 62 21 om
463 1737 140 30 ändrad
627 1738 139 39 lydelse
789 1746 46 21 av
858 1737 18 42 $
900 1739 19 28 4
943 1738 40 40 b)
1008 1738 11 29 i
1042 1738 267 40 förordningen
1333 1739 70 29 den
1419 1739 19 29 9
1454 1739 77 38 juni
1548 1739 82 30 1911

418 1788 59 42 (nr
500 1788 53 42 80)
579 1790 83 29 med
685 1790 156 30 tulltaxa
864 1790 60 30 för
946 1790 259 30 inkommande
1227 1799 123 21 varor.

170 1944 221 37 Härigenom
415 1945 193 37 förordnas,
632 1947 53 29 att
718 1943 8 37 $
750 1947 19 30 4
793 1946 13 31 i
829 1946 254 36 förordningen
1107 1946 65 32 den
1197 1947 18 31 9
1239 1947 80 36 juni
1342 1947 81 31 1911
1448 1947 78 31 med
1549 1948 81 30 tull-

127 1998 84 29 taxa
246 1996 55 31 för
335 1997 250 31 inkommande
617 2007 105 21 varor
755 1998 92 31 skall
871 1998 13 30 i
906 1998 114 31 nedan
1052 1999 159 35 angivna
1239 1998 56 31 del
1318 1998 134 31 erhålla
1475 1998 156 37 följande

127 2047 154 33 ändrade
304 2048 149 37 lydelse:

824 2133 18 38 $
865 2138 30 29 4.

170 2203 195 33 Tullfrihet
388 2204 168 37 åtnjutes,
580 2206 99 30 utom
701 2205 56 32 för
781 2215 114 27 varor,
920 2206 100 31 vilka
1042 2206 115 36 enligt
1180 2206 179 31 tulltaxan
1381 2208 60 29 äro
1464 2206 70 31 fria
1551 2207 80 30 från

127 2255 199 38 tullavgift,
349 2256 136 37 jämväl
508 2257 68 31 för:

171 2356 34 37 b)
229 2369 116 27 varor,
369 2369 75 22 som
467 2360 195 37 utländskt,
686 2361 65 31 här
778 2361 234 32 ackrediterat
1034 2361 179 32 sändebud
1239 2362 86 31 eller
1350 2371 118 22 annan
1495 2371 135 27 person,

127 2420 74 22 som
223 2411 115 37 enligt
361 2411 227 33 meddelande
610 2412 82 32 från
714 2413 411 36 utrikesdepartementet
1141 2413 124 32 tillhör
1281 2413 218 32 främmande
1515 2414 115 31 makts

127 2462 220 33 härvarande
371 2464 242 37 beskickning,
638 2465 95 31 inför
748 2465 56 31 för
820 2465 222 37 tjänstebruk
1058 2465 85 32 eller
1158 2465 55 32 för
1229 2467 77 35 eget
1322 2466 84 31 eller
1423 2466 55 31 sin
1495 2466 135 36 familjs
