1876 2812
295 182 18 28 2
646 182 437 30 Konstitutionsutskottets
1109 181 176 31 utlåtande
1309 191 42 20 nr
1377 182 48 30 11.

296 270 265 38 förordningens
584 270 166 30 tillkomst
772 270 81 30 med
875 270 41 30 de
938 270 161 30 formella
1122 270 197 38 ändringar,
1344 279 73 21 som
1439 269 100 30 blevo
1563 278 43 21 en
1627 268 154 30 nödvän-

296 322 58 39 dig
376 323 87 38 följd
486 332 43 21 av
555 323 217 30 Stockholms
798 323 90 30 stifts
911 323 206 30 inrättande.

341 376 232 31 Grundsatsen
594 380 48 27 att
660 376 87 30 både
767 377 132 38 präster
917 377 66 30 och
1002 376 140 31 lekmän
1162 376 110 30 skulle
1291 385 83 21 vara
1393 375 278 40 representerade
1691 375 90 30 hade

294 430 108 29 under
418 430 78 29 hela
516 430 68 29 den
602 429 188 36 diskusion,
810 439 74 21 som
902 428 146 40 föregått
1071 430 183 30 införande
1279 440 42 21 av
1346 429 227 39 kyrkomötet,
1600 429 180 30 förutsatts

293 482 113 31 såsom
425 482 108 39 given.
555 482 64 31 Det
637 481 123 40 ansågs
779 486 86 27 utan
882 483 116 30 vidare
1020 483 112 31 såsom
1149 483 190 39 självklart,
1358 486 48 27 att
1422 482 10 30 i
1449 492 42 21 en
1507 482 273 39 representation

295 536 55 30 för
371 536 134 39 kyrkan
528 545 43 21 en
592 536 234 39 framskjuten
847 537 87 38 plats
956 536 110 31 måste
1088 536 94 39 givas
1205 535 35 32 åt
1261 536 265 39 prästerskapet.
1551 535 122 31 Därtill
1697 536 84 29 kom

295 598 44 21 en
357 589 104 39 viktig
480 589 142 39 politisk
641 589 186 39 synpunkt.
849 589 226 39 Kyrkomötet
1094 589 171 31 framstod
1284 599 75 20 som
1379 599 42 21 en
1440 588 266 40 kompensation
1726 588 55 30 för

295 643 272 38 prästerskapets
594 650 122 31 genom
744 642 466 40 representationsreformen
1239 643 174 30 förlorade
1440 642 163 39 ställning
1631 651 74 22 som
1735 645 47 27 ett

295 705 42 21 av
361 696 101 30 rikets
484 694 112 38 stånd,
620 696 64 30 och
706 696 78 30 dess
807 696 100 31 andel
929 696 10 30 i
961 696 222 39 kyrkomötet
1205 695 72 31 fick
1300 695 118 31 därför
1440 695 75 31 icke
1539 696 100 38 göras
1663 695 118 31 alltför

294 749 92 30 liten.
412 748 182 39 Samtidigt
618 748 107 31 måste
750 749 189 30 emellertid
964 749 311 39 församlingarnas
1302 748 154 31 växande
1481 748 153 40 anspråk
1661 748 44 40 på
1731 753 50 25 att

294 802 45 30 bli
362 802 108 30 hörda
494 802 11 30 i
528 802 286 39 angelägenheter
838 811 74 22 som
934 803 143 30 berörde
1101 803 98 30 deras
1224 802 169 31 intressen
1418 802 206 39 tillgodoses.

340 855 66 31 Om
428 855 100 31 alltså
550 855 136 39 enighet
707 855 109 31 rådde
839 865 57 21 om
918 859 49 27 att
989 856 155 39 kyrkans
1167 855 92 31 båda
1284 856 155 36 element,
1463 856 133 39 präster
1620 856 65 30 och
1709 855 70 30 lek-

293 909 93 36 män,
409 909 109 30 skulle
540 918 83 21 vara
644 909 200 30 företrädda
865 910 10 29 i
896 909 231 39 kyrkomötet,
1150 908 37 31 så
1208 909 174 30 härskade
1403 909 11 30 i
1436 909 112 30 stället
1569 909 107 30 redan
1700 908 80 31 från

293 962 123 38 början
446 962 121 30 delade
595 962 178 38 meningar
802 972 57 20 om
887 963 174 29 storleken
1087 972 42 21 av
1158 962 99 30 deras
1285 962 103 30 andel
1415 962 10 30 i
1453 962 325 39 representationen.

295 1015 64 30 Det
386 1015 118 39 dröjde
531 1015 106 30 heller
662 1015 75 30 icke
763 1016 101 38 länge
891 1016 121 30 förrän
1038 1015 236 39 kyrkomötets
1303 1015 313 39 sammansättning
1643 1015 137 39 gjordes

294 1068 51 30 till
368 1067 145 31 föremål
536 1068 56 30 för
615 1068 113 31 kritik.
755 1068 122 31 Denna
899 1068 107 31 kritik
1030 1069 108 38 följde
1162 1068 56 31 två
1242 1068 94 31 olika
1360 1068 109 40 linjer.
1495 1069 80 30 Dels
1602 1068 177 40 påtalades

292 1121 234 39 kyrkomötets
550 1120 188 40 fåtalighet,
764 1122 72 30 dels
860 1122 174 30 dessutom
1069 1122 67 31 den
1161 1122 197 31 fastställda
1382 1122 245 39 proportionen
1652 1123 129 29 mellan

294 1174 42 30 de
361 1173 88 32 båda
476 1175 278 39 representerade
781 1175 249 39 kategorierna.

337 1222 46 35 År
408 1229 80 29 13873
512 1228 138 30 väcktes
672 1228 57 30 vid
751 1228 220 39 kyrkomötet
1000 1227 53 39 (nr
1075 1224 54 41 24)
1156 1229 65 30 och
1244 1228 11 30 i
1278 1228 185 39 riksdagen
1493 1227 56 40 (II:
1568 1227 72 41 178)
1669 1238 43 21 av
1737 1237 41 22 en

292 1281 66 30 och
379 1290 131 21 samme
531 1281 171 31 motionär
723 1281 141 39 förslag,
887 1281 72 31 vari
981 1282 45 30 bl.
1041 1291 30 21 a.
1095 1282 148 39 yrkades
1267 1285 50 27 att
1338 1282 236 39 kyrkomötets
1596 1282 181 30 medlems-

292 1335 95 29 antal
404 1333 105 31 målte
529 1334 84 31 ökas
632 1334 48 31 till
699 1334 56 31 det
774 1335 137 35 dubbla,
932 1335 82 30 eller
1031 1335 42 30 60
1092 1335 132 39 präster
1241 1335 68 31 och
1327 1336 41 30 60
1387 1335 328 32 lekmannaombud.

337 1387 14 30 I
388 1387 248 39 motiveringen
672 1388 163 30 berördes
873 1388 86 31 även
985 1387 126 40 frågan
1136 1398 57 21 om
1221 1388 247 39 proportionen
1496 1389 128 31 mellan
1652 1389 41 31 de
1721 1388 57 31 två

292 1448 204 32 grupperna,
520 1441 89 30 dock
631 1444 83 27 utan
736 1444 51 27 att
809 1440 112 40 någon
944 1441 148 39 ändring
1113 1441 11 30 i
1146 1442 92 30 detta
1260 1442 196 30 hänseende
1478 1442 176 39 föreslogs.
1702 1442 77 31 Vad

292 1503 76 21 som
385 1494 85 30 först
488 1494 82 30 fölle
594 1493 4 31 i
618 1494 132 38 ögonen
769 1504 81 21 vore
868 1494 236 39 kyrkomötets
1123 1494 190 39 fåtalighet.
1334 1495 55 30 Att
1408 1495 10 30 i
1437 1499 45 27 ett
1499 1496 84 30 land
1601 1496 79 30 med
1699 1496 77 30 när-

290 1556 97 21 mare
404 1547 76 39 fyra
501 1547 171 30 millioner
690 1547 50 30 till
760 1547 407 39 evangeliskt-lutherska
1185 1548 234 31 bekännelsen
1437 1548 156 31 hörande
1613 1549 163 40 innebyg-

291 1607 89 31 gare,
407 1600 39 30 de
472 1600 202 39 prästerliga
698 1600 178 31 ombuden
900 1600 184 37 oräknade,
1110 1602 120 30 endast
1255 1601 114 31 trettio
1394 1611 163 30 personer
1582 1602 109 31 skulle
1717 1612 59 22 an-

292 1663 53 20 ses
374 1657 234 35 representera
635 1653 137 40 kyrkan
801 1663 79 22 vore
908 1654 106 39 enligt
1043 1654 177 31 motionen
1248 1655 118 30 alltför
1394 1655 222 39 otillräckligt
1644 1656 54 30 för
1728 1659 49 27 att

290 1707 80 30 med
395 1707 74 30 skäl
494 1707 121 30 kunna
640 1707 191 31 benämnas
857 1717 42 21 en
925 1707 267 39 församlingens
1217 1708 280 39 representation.
1526 1709 251 39 Proportionen

290 1760 129 30 mellan
437 1760 40 30 de
496 1760 202 39 prästerliga
718 1761 66 30 och
804 1761 364 31 lekmannaombuden
1187 1761 96 31 stode
1304 1761 74 31 icke
1397 1762 11 30 i
1428 1766 45 26 ett
1492 1763 135 31 rättvist
1647 1762 129 31 förhål-

290 1813 103 30 lande
417 1813 49 30 till
491 1814 130 30 antalet
647 1814 461 38 församlingsmedlemmar.
1135 1814 74 31 Den
1234 1815 108 30 borde
1367 1814 176 33 måhända
1571 1816 98 36 dock,
1697 1816 80 30 med

290 1866 171 39 ogillande
485 1876 42 22 av
554 1867 108 38 själva
686 1867 190 39 principen,
902 1867 111 31 under
1038 1867 42 32 de
1103 1867 153 31 rådande
1282 1867 265 33 förhållandena
1573 1868 202 32 bibehållas.

335 1919 357 40 Kyrkolagsutskottet
722 1920 79 39 (bet.
826 1929 41 22 nr
890 1920 53 39 32)
974 1921 176 39 avstyrkte
1175 1922 329 40 ändringsförslaget
1530 1926 84 28 utan
1639 1928 48 27 att
1713 1925 64 30 alls

290 1973 79 30 röra
394 1972 54 32 vid
474 1971 126 41 frågan
622 1982 57 22 om
701 1973 248 39 lämpligheten
973 1983 42 21 av
1041 1977 49 27 att
1113 1974 110 31 rubba
1250 1974 67 31 den
1341 1974 163 40 stadgade
1529 1976 247 39 proportionen

290 2027 128 30 mellan
441 2027 133 38 präster
597 2027 64 30 och
685 2026 151 31 lekmän.
862 2026 170 32 Utskottet
1058 2027 103 39 nöjde
1184 2027 51 39 sig
1259 2028 81 30 med
1364 2032 48 27 att
1435 2028 118 32 avvisa
1578 2030 129 30 tanken
1731 2029 45 40 på

290 2088 43 21 en
363 2079 166 40 utökning
560 2089 42 21 av
631 2079 238 40 kyrkomötets
898 2080 264 31 medlemsantal
1192 2081 111 30 under
1334 2081 207 40 hänvisning
1571 2082 50 31 till
1653 2086 50 27 att
1733 2083 42 30 de

290 2132 178 40 spörsmål,
492 2142 77 21 som
591 2133 138 30 komme
754 2133 94 30 inför
871 2133 229 40 kyrkomötet,
1124 2143 80 22 vore
1227 2133 38 32 så
1289 2144 80 29 pass
1392 2135 190 37 ensartade,
1607 2140 49 27 att
1678 2140 96 27 anta-

289 2186 46 30 let
354 2186 189 30 ledamöter
561 2195 80 21 vore
660 2186 78 31 fullt
757 2186 198 39 tillräckligt
975 2187 55 30 för
1049 2190 50 27 att
1119 2187 40 31 de
1179 2187 298 40 anhängiggjorda
1496 2187 166 41 frågorna
1682 2190 92 30 skul-

288 2239 32 30 le
343 2239 36 31 få
402 2248 41 22 en
466 2239 319 31 tillfredsställande
807 2239 220 40 behandling.

336 2293 12 30 I
378 2293 186 38 riksdagen
591 2293 96 30 rönte
715 2293 166 39 förslaget
908 2303 135 21 samma
1073 2294 63 30 öde
1164 2293 65 31 och
1259 2294 193 40 avstyrktes
1481 2305 43 21 av
1552 2295 223 39 lagutskottet

296 2343 70 40 (utl.
387 2355 42 20 nr
450 2344 67 40 14).
540 2346 169 30 Utskottet
731 2346 200 31 förklarade
952 2350 50 27 att
1023 2346 10 31 i
1054 2346 227 32 betraktande
1303 2357 42 21 av
1368 2349 54 30 det
1441 2340 214 47 begränsade
1676 2350 98 30 verk-

289 2398 306 37 samhetsområde,
615 2408 73 21 som
706 2399 220 39 kyrkomötet
944 2399 66 31 fått
1028 2400 51 39 sig
1098 2400 146 37 tillmätt,
1266 2401 57 30 det
1342 2401 79 31 med
1439 2401 52 31 sin
1510 2400 154 34 rådande
1683 2413 90 21 sam-

289 2452 234 39 mansätltning
544 2452 75 30 icke
639 2452 106 31 borde
768 2452 110 31 sakna
898 2453 199 39 tillräckligt
1118 2456 91 29 stora
1229 2454 67 31 och
1318 2453 215 41 mångsidiga
1555 2456 143 31 insikter
1719 2457 55 31 för

288 2509 51 27 att
362 2506 118 30 kunna
505 2508 175 28 motsvara
703 2505 54 31 sin
782 2505 145 40 uppgift.
