<?xml version="1.0" encoding="UTF-8"?>
<alto xmlns="http://www.loc.gov/standards/alto/ns-v3#" xmlns:xlink="http://www.w3.org/1999/xlink" xmlns:xsi="http://www.w3.org/2001/XMLSchema-instance" xsi:schemaLocation="http://www.loc.gov/standards/alto/ns-v3# http://www.loc.gov/alto/v3/alto-3-0.xsd">
	<Description>
		<MeasurementUnit>pixel</MeasurementUnit>
		<sourceImageInformation>
			<fileName>/tmp/tess_0nh4dbki_input.PNG</fileName>
		</sourceImageInformation>
		<OCRProcessing ID="OCR_0">
			<ocrProcessingStep>
				<processingSoftware>
					<softwareName>tesseract 5.3.0</softwareName>
				</processingSoftware>
			</ocrProcessingStep>
		</OCRProcessing>
	</Description>
	<Layout>
		<Page WIDTH="1884" HEIGHT="2810" PHYSICAL_IMG_NR="0" ID="page_0">
			<PrintSpace HPOS="0" VPOS="0" WIDTH="1884" HEIGHT="2810">
				<ComposedBlock ID="cblock_0" HPOS="293" VPOS="174" WIDTH="1130" HEIGHT="36">
					<TextBlock ID="block_0" HPOS="293" VPOS="174" WIDTH="1130" HEIGHT="36">
						<TextLine ID="line_0" HPOS="293" VPOS="174" WIDTH="1130" HEIGHT="36">
							<String ID="string_0" HPOS="293" VPOS="174" WIDTH="21" HEIGHT="30" WC="0.97" CONTENT="8"/><SP WIDTH="330" VPOS="174" HPOS="314"/>
							<String ID="string_1" HPOS="644" VPOS="175" WIDTH="438" HEIGHT="33" WC="0.92" CONTENT="Konstitutionsutskottets"/><SP WIDTH="25" VPOS="175" HPOS="1082"/>
							<String ID="string_2" HPOS="1107" VPOS="178" WIDTH="176" HEIGHT="31" WC="0.96" CONTENT="utlåtande"/><SP WIDTH="24" VPOS="178" HPOS="1283"/>
							<String ID="string_3" HPOS="1307" VPOS="188" WIDTH="42" HEIGHT="21" WC="0.96" CONTENT="nr"/><SP WIDTH="25" VPOS="188" HPOS="1349"/>
							<String ID="string_4" HPOS="1374" VPOS="180" WIDTH="49" HEIGHT="30" WC="0.96" CONTENT="11."/>
						</TextLine>
					</TextBlock>
				</ComposedBlock>
				<ComposedBlock ID="cblock_1" HPOS="610" VPOS="265" WIDTH="1170" HEIGHT="200">
					<TextBlock ID="block_1" HPOS="610" VPOS="265" WIDTH="1170" HEIGHT="200">
						<TextLine ID="line_1" HPOS="653" VPOS="265" WIDTH="1125" HEIGHT="41">
							<String ID="string_5" HPOS="653" VPOS="268" WIDTH="50" HEIGHT="28" WC="0.96" CONTENT="att"/><SP WIDTH="24" VPOS="268" HPOS="703"/>
							<String ID="string_6" HPOS="727" VPOS="265" WIDTH="186" HEIGHT="40" WC="0.95" CONTENT="riksdagen"/><SP WIDTH="24" VPOS="265" HPOS="913"/>
							<String ID="string_7" HPOS="937" VPOS="266" WIDTH="10" HEIGHT="30" WC="0.96" CONTENT="i"/><SP WIDTH="24" VPOS="266" HPOS="947"/>
							<String ID="string_8" HPOS="971" VPOS="267" WIDTH="188" HEIGHT="39" WC="0.96" CONTENT="anledning"/><SP WIDTH="23" VPOS="267" HPOS="1159"/>
							<String ID="string_9" HPOS="1182" VPOS="277" WIDTH="42" HEIGHT="21" WC="0.96" CONTENT="av"/><SP WIDTH="25" VPOS="277" HPOS="1224"/>
							<String ID="string_10" HPOS="1249" VPOS="267" WIDTH="228" HEIGHT="32" WC="0.96" CONTENT="förevarande"/><SP WIDTH="24" VPOS="267" HPOS="1477"/>
							<String ID="string_11" HPOS="1501" VPOS="269" WIDTH="133" HEIGHT="31" WC="0.96" CONTENT="motion"/><SP WIDTH="24" VPOS="269" HPOS="1634"/>
							<String ID="string_12" HPOS="1658" VPOS="270" WIDTH="10" HEIGHT="29" WC="0.93" CONTENT="i"/><SP WIDTH="25" VPOS="270" HPOS="1668"/>
							<String ID="string_13" HPOS="1693" VPOS="270" WIDTH="85" HEIGHT="30" WC="0.92" CONTENT="skri-"/>
						</TextLine>
						<TextLine ID="line_2" HPOS="612" VPOS="318" WIDTH="1166" HEIGHT="43">
							<String ID="string_14" HPOS="612" VPOS="318" WIDTH="89" HEIGHT="30" WC="0.91" CONTENT="velse"/><SP WIDTH="22" VPOS="318" HPOS="701"/>
							<String ID="string_15" HPOS="723" VPOS="318" WIDTH="51" HEIGHT="30" WC="0.96" CONTENT="till"/><SP WIDTH="24" VPOS="318" HPOS="774"/>
							<String ID="string_16" HPOS="798" VPOS="319" WIDTH="122" HEIGHT="39" WC="0.95" CONTENT="Kungl."/><SP WIDTH="25" VPOS="319" HPOS="920"/>
							<String ID="string_17" HPOS="945" VPOS="319" WIDTH="102" HEIGHT="40" WC="0.96" CONTENT="Maj:t"/><SP WIDTH="23" VPOS="319" HPOS="1047"/>
							<String ID="string_18" HPOS="1070" VPOS="320" WIDTH="76" HEIGHT="31" WC="0.96" CONTENT="ville"/><SP WIDTH="23" VPOS="320" HPOS="1146"/>
							<String ID="string_19" HPOS="1169" VPOS="320" WIDTH="141" HEIGHT="32" WC="0.96" CONTENT="anhålla"/><SP WIDTH="23" VPOS="320" HPOS="1310"/>
							<String ID="string_20" HPOS="1333" VPOS="331" WIDTH="58" HEIGHT="20" WC="0.96" CONTENT="om"/><SP WIDTH="22" VPOS="331" HPOS="1391"/>
							<String ID="string_21" HPOS="1413" VPOS="322" WIDTH="184" HEIGHT="39" WC="0.95" CONTENT="utredning"/><SP WIDTH="23" VPOS="322" HPOS="1597"/>
							<String ID="string_22" HPOS="1620" VPOS="323" WIDTH="65" HEIGHT="30" WC="0.93" CONTENT="och"/><SP WIDTH="25" VPOS="323" HPOS="1685"/>
							<String ID="string_23" HPOS="1710" VPOS="323" WIDTH="68" HEIGHT="30" WC="0.92" CONTENT="för-"/>
						</TextLine>
						<TextLine ID="line_3" HPOS="612" VPOS="371" WIDTH="1168" HEIGHT="44">
							<String ID="string_24" HPOS="612" VPOS="371" WIDTH="70" HEIGHT="39" WC="0.96" CONTENT="slag"/><SP WIDTH="17" VPOS="371" HPOS="682"/>
							<String ID="string_25" HPOS="699" VPOS="371" WIDTH="50" HEIGHT="30" WC="0.96" CONTENT="till"/><SP WIDTH="19" VPOS="371" HPOS="749"/>
							<String ID="string_26" HPOS="768" VPOS="372" WIDTH="153" HEIGHT="31" WC="0.96" CONTENT="ändrade"/><SP WIDTH="19" VPOS="372" HPOS="921"/>
							<String ID="string_27" HPOS="940" VPOS="374" WIDTH="151" HEIGHT="38" WC="0.96" CONTENT="grunder"/><SP WIDTH="18" VPOS="374" HPOS="1091"/>
							<String ID="string_28" HPOS="1109" VPOS="373" WIDTH="54" HEIGHT="31" WC="0.93" CONTENT="för"/><SP WIDTH="16" VPOS="373" HPOS="1163"/>
							<String ID="string_29" HPOS="1179" VPOS="374" WIDTH="238" HEIGHT="38" WC="0.90" CONTENT="kyrkomötets"/><SP WIDTH="20" VPOS="374" HPOS="1417"/>
							<String ID="string_30" HPOS="1437" VPOS="376" WIDTH="313" HEIGHT="39" WC="0.95" CONTENT="sammansättning"/><SP WIDTH="19" VPOS="376" HPOS="1750"/>
							<String ID="string_31" HPOS="1769" VPOS="377" WIDTH="11" HEIGHT="30" WC="0.96" CONTENT="i"/>
						</TextLine>
						<TextLine ID="line_4" HPOS="610" VPOS="423" WIDTH="1034" HEIGHT="42">
							<String ID="string_32" HPOS="610" VPOS="423" WIDTH="232" HEIGHT="41" WC="0.96" CONTENT="huvudsaklig"/><SP WIDTH="18" VPOS="423" HPOS="842"/>
							<String ID="string_33" HPOS="860" VPOS="426" WIDTH="199" HEIGHT="39" WC="0.95" CONTENT="anslutning"/><SP WIDTH="18" VPOS="426" HPOS="1059"/>
							<String ID="string_34" HPOS="1077" VPOS="426" WIDTH="49" HEIGHT="31" WC="0.96" CONTENT="till"/><SP WIDTH="18" VPOS="426" HPOS="1126"/>
							<String ID="string_35" HPOS="1144" VPOS="428" WIDTH="66" HEIGHT="29" WC="0.96" CONTENT="vad"/><SP WIDTH="18" VPOS="428" HPOS="1210"/>
							<String ID="string_36" HPOS="1228" VPOS="427" WIDTH="164" HEIGHT="31" WC="0.96" CONTENT="utskottet"/><SP WIDTH="18" VPOS="427" HPOS="1392"/>
							<String ID="string_37" HPOS="1410" VPOS="437" WIDTH="92" HEIGHT="21" WC="0.96" CONTENT="ovan"/><SP WIDTH="17" VPOS="437" HPOS="1502"/>
							<String ID="string_38" HPOS="1519" VPOS="428" WIDTH="125" HEIGHT="31" WC="0.96" CONTENT="anfört."/>
						</TextLine>
					</TextBlock>
				</ComposedBlock>
				<ComposedBlock ID="cblock_2" HPOS="337" VPOS="528" WIDTH="577" HEIGHT="34">
					<TextBlock ID="block_2" HPOS="337" VPOS="528" WIDTH="577" HEIGHT="34">
						<TextLine ID="line_5" HPOS="337" VPOS="528" WIDTH="577" HEIGHT="34">
							<String ID="string_39" HPOS="337" VPOS="528" WIDTH="203" HEIGHT="32" WC="0.96" CONTENT="Stockholm"/><SP WIDTH="20" VPOS="528" HPOS="540"/>
							<String ID="string_40" HPOS="560" VPOS="530" WIDTH="65" HEIGHT="30" WC="0.96" CONTENT="den"/><SP WIDTH="22" VPOS="530" HPOS="625"/>
							<String ID="string_41" HPOS="647" VPOS="531" WIDTH="39" HEIGHT="30" WC="0.96" CONTENT="16"/><SP WIDTH="19" VPOS="531" HPOS="686"/>
							<String ID="string_42" HPOS="705" VPOS="540" WIDTH="95" HEIGHT="22" WC="0.96" CONTENT="mars"/><SP WIDTH="23" VPOS="540" HPOS="800"/>
							<String ID="string_43" HPOS="823" VPOS="532" WIDTH="91" HEIGHT="30" WC="0.96" CONTENT="1944."/>
						</TextLine>
					</TextBlock>
				</ComposedBlock>
				<ComposedBlock ID="cblock_3" HPOS="700" VPOS="637" WIDTH="660" HEIGHT="43">
					<TextBlock ID="block_3" HPOS="700" VPOS="637" WIDTH="660" HEIGHT="43">
						<TextLine ID="line_6" HPOS="700" VPOS="637" WIDTH="660" HEIGHT="43">
							<String ID="string_44" HPOS="700" VPOS="637" WIDTH="49" HEIGHT="32" WC="0.93" CONTENT="På"/><SP WIDTH="19" VPOS="637" HPOS="749"/>
							<String ID="string_45" HPOS="768" VPOS="638" WIDTH="429" HEIGHT="33" WC="0.91" CONTENT="konstitutionsutskottets"/><SP WIDTH="21" VPOS="638" HPOS="1197"/>
							<String ID="string_46" HPOS="1218" VPOS="641" WIDTH="142" HEIGHT="39" WC="0.96" CONTENT="vägnar:"/>
						</TextLine>
					</TextBlock>
				</ComposedBlock>
				<ComposedBlock ID="cblock_4" HPOS="833" VPOS="723" WIDTH="400" HEIGHT="37">
					<TextBlock ID="block_4" HPOS="833" VPOS="723" WIDTH="400" HEIGHT="37">
						<TextLine ID="line_7" HPOS="833" VPOS="723" WIDTH="400" HEIGHT="37">
							<String ID="string_47" HPOS="833" VPOS="727" WIDTH="182" HEIGHT="31" WC="0.92" CONTENT="HARALD"/><SP WIDTH="26" VPOS="727" HPOS="1015"/>
							<String ID="string_48" HPOS="1041" VPOS="723" WIDTH="192" HEIGHT="37" WC="0.77" CONTENT="HALLÉN."/>
						</TextLine>
					</TextBlock>
				</ComposedBlock>
				<ComposedBlock ID="cblock_5" HPOS="293" VPOS="961" WIDTH="1486" HEIGHT="132">
					<TextBlock ID="block_5" HPOS="293" VPOS="961" WIDTH="1486" HEIGHT="132">
						<TextLine ID="line_8" HPOS="325" VPOS="961" WIDTH="1453" HEIGHT="36">
							<String ID="string_49" HPOS="325" VPOS="961" WIDTH="188" HEIGHT="25" WC="0.95" CONTENT="Närvarande:"/><SP WIDTH="19" VPOS="961" HPOS="513"/>
							<String ID="string_50" HPOS="532" VPOS="961" WIDTH="97" HEIGHT="24" WC="0.96" CONTENT="herrar"/><SP WIDTH="19" VPOS="961" HPOS="629"/>
							<String ID="string_51" HPOS="648" VPOS="961" WIDTH="102" HEIGHT="28" WC="0.95" CONTENT="Hallén,"/><SP WIDTH="17" VPOS="961" HPOS="750"/>
							<String ID="string_52" HPOS="767" VPOS="961" WIDTH="82" HEIGHT="25" WC="0.96" CONTENT="Jones"/><SP WIDTH="18" VPOS="961" HPOS="849"/>
							<String ID="string_53" HPOS="867" VPOS="962" WIDTH="64" HEIGHT="24" WC="0.96" CONTENT="Erik"/><SP WIDTH="18" VPOS="962" HPOS="931"/>
							<String ID="string_54" HPOS="949" VPOS="962" WIDTH="163" HEIGHT="29" WC="0.92" CONTENT="Andersson,"/><SP WIDTH="18" VPOS="962" HPOS="1112"/>
							<String ID="string_55" HPOS="1130" VPOS="963" WIDTH="166" HEIGHT="31" WC="0.91" CONTENT="Sandegård,"/><SP WIDTH="18" VPOS="963" HPOS="1296"/>
							<String ID="string_56" HPOS="1314" VPOS="963" WIDTH="110" HEIGHT="29" WC="0.93" CONTENT="Herlitz,"/><SP WIDTH="18" VPOS="963" HPOS="1424"/>
							<String ID="string_57" HPOS="1442" VPOS="964" WIDTH="134" HEIGHT="29" WC="0.92" CONTENT="Kållman,"/><SP WIDTH="18" VPOS="964" HPOS="1576"/>
							<String ID="string_58" HPOS="1594" VPOS="965" WIDTH="65" HEIGHT="25" WC="0.93" CONTENT="Karl"/><SP WIDTH="17" VPOS="965" HPOS="1659"/>
							<String ID="string_59" HPOS="1676" VPOS="965" WIDTH="102" HEIGHT="32" WC="0.91" CONTENT="Augus!"/>
						</TextLine>
						<TextLine ID="line_9" HPOS="293" VPOS="996" WIDTH="1484" HEIGHT="33">
							<String ID="string_60" HPOS="293" VPOS="996" WIDTH="143" HEIGHT="28" WC="0.94" CONTENT="Johanson,"/><SP WIDTH="21" VPOS="996" HPOS="436"/>
							<String ID="string_61" HPOS="457" VPOS="997" WIDTH="168" HEIGHT="27" WC="0.93" CONTENT="Sandström,"/><SP WIDTH="19" VPOS="997" HPOS="625"/>
							<String ID="string_62" HPOS="644" VPOS="997" WIDTH="125" HEIGHT="31" WC="0.74" CONTENT="Björck+,"/><SP WIDTH="20" VPOS="997" HPOS="769"/>
							<String ID="string_63" HPOS="789" VPOS="998" WIDTH="71" HEIGHT="24" WC="0.93" CONTENT="John"/><SP WIDTH="20" VPOS="998" HPOS="860"/>
							<String ID="string_64" HPOS="880" VPOS="998" WIDTH="175" HEIGHT="28" WC="0.49" CONTENT="Gustavson+,"/><SP WIDTH="19" VPOS="998" HPOS="1055"/>
							<String ID="string_65" HPOS="1074" VPOS="999" WIDTH="69" HEIGHT="24" WC="0.96" CONTENT="Sven"/><SP WIDTH="19" VPOS="999" HPOS="1143"/>
							<String ID="string_66" HPOS="1162" VPOS="1000" WIDTH="133" HEIGHT="27" WC="0.93" CONTENT="Hansson,"/><SP WIDTH="19" VPOS="1000" HPOS="1295"/>
							<String ID="string_67" HPOS="1314" VPOS="1000" WIDTH="159" HEIGHT="28" WC="0.50" CONTENT="Söderdalil,"/><SP WIDTH="22" VPOS="1000" HPOS="1473"/>
							<String ID="string_68" HPOS="1495" VPOS="1001" WIDTH="115" HEIGHT="28" WC="0.93" CONTENT="Thorell,"/><SP WIDTH="22" VPOS="1001" HPOS="1610"/>
							<String ID="string_69" HPOS="1632" VPOS="1002" WIDTH="145" HEIGHT="27" WC="0.91" CONTENT="Mosesson,"/>
						</TextLine>
						<TextLine ID="line_10" HPOS="294" VPOS="1031" WIDTH="1485" HEIGHT="37">
							<String ID="string_70" HPOS="294" VPOS="1031" WIDTH="107" HEIGHT="26" WC="0.96" CONTENT="Nilsson"/><SP WIDTH="25" VPOS="1031" HPOS="401"/>
							<String ID="string_71" HPOS="426" VPOS="1033" WIDTH="9" HEIGHT="24" WC="0.96" CONTENT="i"/><SP WIDTH="25" VPOS="1033" HPOS="435"/>
							<String ID="string_72" HPOS="460" VPOS="1033" WIDTH="143" HEIGHT="31" WC="0.93" CONTENT="Göteborg,"/><SP WIDTH="24" VPOS="1033" HPOS="603"/>
							<String ID="string_73" HPOS="627" VPOS="1033" WIDTH="87" HEIGHT="28" WC="0.91" CONTENT="Nolw,"/><SP WIDTH="27" VPOS="1033" HPOS="714"/>
							<String ID="string_74" HPOS="741" VPOS="1034" WIDTH="69" HEIGHT="26" WC="0.96" CONTENT="Fält,"/><SP WIDTH="26" VPOS="1034" HPOS="810"/>
							<String ID="string_75" HPOS="836" VPOS="1034" WIDTH="98" HEIGHT="28" WC="0.95" CONTENT="Norén,"/><SP WIDTH="26" VPOS="1034" HPOS="934"/>
							<String ID="string_76" HPOS="960" VPOS="1035" WIDTH="159" HEIGHT="24" WC="0.96" CONTENT="Pettersson"/><SP WIDTH="24" VPOS="1035" HPOS="1119"/>
							<String ID="string_77" HPOS="1143" VPOS="1035" WIDTH="9" HEIGHT="24" WC="0.96" CONTENT="i"/><SP WIDTH="25" VPOS="1035" HPOS="1152"/>
							<String ID="string_78" HPOS="1177" VPOS="1035" WIDTH="166" HEIGHT="31" WC="0.96" CONTENT="Norregård,"/><SP WIDTH="26" VPOS="1035" HPOS="1343"/>
							<String ID="string_79" HPOS="1369" VPOS="1036" WIDTH="156" HEIGHT="32" WC="0.96" CONTENT="Spångberg"/><SP WIDTH="27" VPOS="1036" HPOS="1525"/>
							<String ID="string_80" HPOS="1552" VPOS="1037" WIDTH="50" HEIGHT="24" WC="0.96" CONTENT="och"/><SP WIDTH="25" VPOS="1037" HPOS="1602"/>
							<String ID="string_81" HPOS="1627" VPOS="1037" WIDTH="116" HEIGHT="25" WC="0.96" CONTENT="Jonsson"/><SP WIDTH="27" VPOS="1037" HPOS="1743"/>
							<String ID="string_82" HPOS="1770" VPOS="1038" WIDTH="9" HEIGHT="24" WC="0.96" CONTENT="i"/>
						</TextLine>
						<TextLine ID="line_11" HPOS="294" VPOS="1069" WIDTH="133" HEIGHT="24">
							<String ID="string_83" HPOS="294" VPOS="1069" WIDTH="133" HEIGHT="24" WC="0.82" CONTENT="Haverök,"/>
						</TextLine>
					</TextBlock>
				</ComposedBlock>
				<ComposedBlock ID="cblock_6" HPOS="326" VPOS="1131" WIDTH="520" HEIGHT="32">
					<TextBlock ID="block_6" HPOS="326" VPOS="1131" WIDTH="520" HEIGHT="32">
						<TextLine ID="line_12" HPOS="326" VPOS="1131" WIDTH="520" HEIGHT="32">
							<String ID="string_84" HPOS="326" VPOS="1133" WIDTH="14" HEIGHT="16" WC="0.87" CONTENT="+"/><SP WIDTH="20" VPOS="1133" HPOS="340"/>
							<String ID="string_85" HPOS="360" VPOS="1131" WIDTH="31" HEIGHT="31" WC="0.96" CONTENT="Ej"/><SP WIDTH="21" VPOS="1131" HPOS="391"/>
							<String ID="string_86" HPOS="412" VPOS="1132" WIDTH="173" HEIGHT="25" WC="0.96" CONTENT="närvarande"/><SP WIDTH="21" VPOS="1132" HPOS="585"/>
							<String ID="string_87" HPOS="606" VPOS="1131" WIDTH="45" HEIGHT="26" WC="0.96" CONTENT="vid"/><SP WIDTH="19" VPOS="1131" HPOS="651"/>
							<String ID="string_88" HPOS="670" VPOS="1132" WIDTH="176" HEIGHT="31" WC="0.83" CONTENT="justeringen,"/>
						</TextLine>
					</TextBlock>
				</ComposedBlock>
				<ComposedBlock ID="cblock_7" HPOS="851" VPOS="1358" WIDTH="366" HEIGHT="40">
					<TextBlock ID="block_7" HPOS="851" VPOS="1358" WIDTH="366" HEIGHT="40">
						<TextLine ID="line_13" HPOS="851" VPOS="1358" WIDTH="366" HEIGHT="40">
							<String ID="string_89" HPOS="851" VPOS="1358" WIDTH="366" HEIGHT="40" WC="0.96" CONTENT="Reservationer:"/>
						</TextLine>
					</TextBlock>
				</ComposedBlock>
				<ComposedBlock ID="cblock_8" HPOS="289" VPOS="1430" WIDTH="1488" HEIGHT="253">
					<TextBlock ID="block_8" HPOS="289" VPOS="1430" WIDTH="1488" HEIGHT="203">
						<TextLine ID="line_14" HPOS="337" VPOS="1430" WIDTH="1439" HEIGHT="44">
							<String ID="string_90" HPOS="337" VPOS="1430" WIDTH="28" HEIGHT="40" WC="0.96" CONTENT="1)"/><SP WIDTH="29" VPOS="1430" HPOS="365"/>
							<String ID="string_91" HPOS="394" VPOS="1441" WIDTH="43" HEIGHT="21" WC="0.96" CONTENT="av"/><SP WIDTH="19" VPOS="1441" HPOS="437"/>
							<String ID="string_92" HPOS="456" VPOS="1431" WIDTH="122" HEIGHT="31" WC="0.96" CONTENT="herrar"/><SP WIDTH="19" VPOS="1431" HPOS="578"/>
							<String ID="string_93" HPOS="597" VPOS="1432" WIDTH="171" HEIGHT="38" WC="0.93" CONTENT="Källman,"/><SP WIDTH="20" VPOS="1432" HPOS="768"/>
							<String ID="string_94" HPOS="788" VPOS="1432" WIDTH="201" HEIGHT="39" WC="0.89" CONTENT="Söderdahl,"/><SP WIDTH="20" VPOS="1432" HPOS="989"/>
							<String ID="string_95" HPOS="1009" VPOS="1433" WIDTH="138" HEIGHT="31" WC="0.96" CONTENT="Nilsson"/><SP WIDTH="19" VPOS="1433" HPOS="1147"/>
							<String ID="string_96" HPOS="1166" VPOS="1434" WIDTH="9" HEIGHT="29" WC="0.95" CONTENT="i"/><SP WIDTH="21" VPOS="1434" HPOS="1175"/>
							<String ID="string_97" HPOS="1196" VPOS="1433" WIDTH="170" HEIGHT="40" WC="0.96" CONTENT="Göteborg"/><SP WIDTH="19" VPOS="1433" HPOS="1366"/>
							<String ID="string_98" HPOS="1385" VPOS="1435" WIDTH="65" HEIGHT="30" WC="0.96" CONTENT="och"/><SP WIDTH="20" VPOS="1435" HPOS="1450"/>
							<String ID="string_99" HPOS="1470" VPOS="1434" WIDTH="210" HEIGHT="40" WC="0.95" CONTENT="Spångberg,"/><SP WIDTH="21" VPOS="1434" HPOS="1680"/>
							<String ID="string_100" HPOS="1701" VPOS="1445" WIDTH="75" HEIGHT="21" WC="0.95" CONTENT="som"/>
						</TextLine>
						<TextLine ID="line_15" HPOS="290" VPOS="1484" WIDTH="1485" HEIGHT="42">
							<String ID="string_101" HPOS="290" VPOS="1485" WIDTH="109" HEIGHT="30" WC="0.93" CONTENT="under"/><SP WIDTH="25" VPOS="1485" HPOS="399"/>
							<String ID="string_102" HPOS="424" VPOS="1484" WIDTH="256" HEIGHT="32" WC="0.92" CONTENT="framhållande"/><SP WIDTH="25" VPOS="1484" HPOS="680"/>
							<String ID="string_103" HPOS="705" VPOS="1495" WIDTH="42" HEIGHT="21" WC="0.95" CONTENT="av"/><SP WIDTH="27" VPOS="1495" HPOS="747"/>
							<String ID="string_104" HPOS="774" VPOS="1489" WIDTH="49" HEIGHT="27" WC="0.96" CONTENT="att"/><SP WIDTH="26" VPOS="1489" HPOS="823"/>
							<String ID="string_105" HPOS="849" VPOS="1487" WIDTH="65" HEIGHT="30" WC="0.96" CONTENT="den"/><SP WIDTH="26" VPOS="1487" HPOS="914"/>
							<String ID="string_106" HPOS="940" VPOS="1488" WIDTH="109" HEIGHT="29" WC="0.96" CONTENT="större"/><SP WIDTH="26" VPOS="1488" HPOS="1049"/>
							<String ID="string_107" HPOS="1075" VPOS="1486" WIDTH="121" HEIGHT="39" WC="0.96" CONTENT="frågan"/><SP WIDTH="27" VPOS="1486" HPOS="1196"/>
							<String ID="string_108" HPOS="1223" VPOS="1497" WIDTH="58" HEIGHT="20" WC="0.93" CONTENT="om"/><SP WIDTH="25" VPOS="1497" HPOS="1281"/>
							<String ID="string_109" HPOS="1306" VPOS="1488" WIDTH="238" HEIGHT="38" WC="0.92" CONTENT="kyrkomötets"/><SP WIDTH="27" VPOS="1488" HPOS="1544"/>
							<String ID="string_110" HPOS="1571" VPOS="1488" WIDTH="204" HEIGHT="31" WC="0.91" CONTENT="existensbe-"/>
						</TextLine>
						<TextLine ID="line_16" HPOS="289" VPOS="1538" WIDTH="1488" HEIGHT="43">
							<String ID="string_111" HPOS="289" VPOS="1538" WIDTH="193" HEIGHT="39" WC="0.92" CONTENT="rättigande"/><SP WIDTH="26" VPOS="1538" HPOS="482"/>
							<String ID="string_112" HPOS="508" VPOS="1539" WIDTH="295" HEIGHT="39" WC="0.96" CONTENT="överhuvudtaget"/><SP WIDTH="26" VPOS="1539" HPOS="803"/>
							<String ID="string_113" HPOS="829" VPOS="1539" WIDTH="86" HEIGHT="31" WC="0.96" CONTENT="först"/><SP WIDTH="25" VPOS="1539" HPOS="915"/>
							<String ID="string_114" HPOS="940" VPOS="1539" WIDTH="108" HEIGHT="32" WC="0.96" CONTENT="borde"/><SP WIDTH="26" VPOS="1539" HPOS="1048"/>
							<String ID="string_115" HPOS="1074" VPOS="1541" WIDTH="147" HEIGHT="37" WC="0.96" CONTENT="utredas,"/><SP WIDTH="27" VPOS="1541" HPOS="1221"/>
							<String ID="string_116" HPOS="1248" VPOS="1541" WIDTH="102" HEIGHT="38" WC="0.96" CONTENT="yrkat"/><SP WIDTH="26" VPOS="1541" HPOS="1350"/>
							<String ID="string_117" HPOS="1376" VPOS="1542" WIDTH="117" HEIGHT="38" WC="0.95" CONTENT="avslag"/><SP WIDTH="26" VPOS="1542" HPOS="1493"/>
							<String ID="string_118" HPOS="1519" VPOS="1540" WIDTH="94" HEIGHT="32" WC="0.96" CONTENT="såväl"/><SP WIDTH="25" VPOS="1540" HPOS="1613"/>
							<String ID="string_119" HPOS="1638" VPOS="1541" WIDTH="45" HEIGHT="40" WC="0.96" CONTENT="på"/><SP WIDTH="27" VPOS="1541" HPOS="1683"/>
							<String ID="string_120" HPOS="1710" VPOS="1542" WIDTH="67" HEIGHT="30" WC="0.96" CONTENT="den"/>
						</TextLine>
						<TextLine ID="line_17" HPOS="290" VPOS="1591" WIDTH="1485" HEIGHT="42">
							<String ID="string_121" HPOS="290" VPOS="1591" WIDTH="134" HEIGHT="31" WC="0.95" CONTENT="mindre"/><SP WIDTH="24" VPOS="1591" HPOS="424"/>
							<String ID="string_122" HPOS="448" VPOS="1592" WIDTH="9" HEIGHT="30" WC="0.95" CONTENT="i"/><SP WIDTH="25" VPOS="1592" HPOS="457"/>
							<String ID="string_123" HPOS="482" VPOS="1591" WIDTH="228" HEIGHT="32" WC="0.96" CONTENT="förevarande"/><SP WIDTH="24" VPOS="1591" HPOS="710"/>
							<String ID="string_124" HPOS="734" VPOS="1592" WIDTH="133" HEIGHT="31" WC="0.96" CONTENT="motion"/><SP WIDTH="23" VPOS="1592" HPOS="867"/>
							<String ID="string_125" HPOS="890" VPOS="1593" WIDTH="125" HEIGHT="31" WC="0.96" CONTENT="väckta"/><SP WIDTH="24" VPOS="1593" HPOS="1015"/>
							<String ID="string_126" HPOS="1039" VPOS="1593" WIDTH="123" HEIGHT="39" WC="0.95" CONTENT="frågan"/><SP WIDTH="23" VPOS="1593" HPOS="1162"/>
							<String ID="string_127" HPOS="1185" VPOS="1603" WIDTH="75" HEIGHT="21" WC="0.96" CONTENT="som"/><SP WIDTH="24" VPOS="1603" HPOS="1260"/>
							<String ID="string_128" HPOS="1284" VPOS="1593" WIDTH="44" HEIGHT="40" WC="0.95" CONTENT="på"/><SP WIDTH="24" VPOS="1593" HPOS="1328"/>
							<String ID="string_129" HPOS="1352" VPOS="1595" WIDTH="183" HEIGHT="30" WC="0.96" CONTENT="utskottets"/><SP WIDTH="24" VPOS="1595" HPOS="1535"/>
							<String ID="string_130" HPOS="1559" VPOS="1595" WIDTH="216" HEIGHT="36" WC="0.96" CONTENT="hemställan,"/>
						</TextLine>
					</TextBlock>
					<TextBlock ID="block_9" HPOS="334" VPOS="1644" WIDTH="343" HEIGHT="39">
						<TextLine ID="line_18" HPOS="334" VPOS="1644" WIDTH="343" HEIGHT="39">
							<String ID="string_131" HPOS="334" VPOS="1644" WIDTH="31" HEIGHT="39" WC="0.95" CONTENT="2)"/><SP WIDTH="29" VPOS="1644" HPOS="365"/>
							<String ID="string_132" HPOS="394" VPOS="1655" WIDTH="43" HEIGHT="21" WC="0.95" CONTENT="av"/><SP WIDTH="24" VPOS="1655" HPOS="437"/>
							<String ID="string_133" HPOS="461" VPOS="1645" WIDTH="81" HEIGHT="31" WC="0.93" CONTENT="herr"/><SP WIDTH="24" VPOS="1645" HPOS="542"/>
							<String ID="string_134" HPOS="566" VPOS="1645" WIDTH="111" HEIGHT="32" WC="0.92" CONTENT="Nolin."/>
						</TextLine>
					</TextBlock>
				</ComposedBlock>
				<GraphicalElement ID="cblock_9" HPOS="724" VPOS="2417" WIDTH="616" HEIGHT="5"></GraphicalElement >
				<ComposedBlock ID="cblock_10" HPOS="728" VPOS="2432" WIDTH="610" HEIGHT="54">
					<TextBlock ID="block_10" HPOS="728" VPOS="2432" WIDTH="610" HEIGHT="54">
						<TextLine ID="line_19" HPOS="728" VPOS="2432" WIDTH="610" HEIGHT="27">
							<String ID="string_135" HPOS="728" VPOS="2432" WIDTH="104" HEIGHT="22" WC="0.92" CONTENT="Svenska"/><SP WIDTH="14" VPOS="2432" HPOS="832"/>
							<String ID="string_136" HPOS="846" VPOS="2433" WIDTH="272" HEIGHT="26" WC="0.92" CONTENT="Tryckeriaktiebolaget,"/><SP WIDTH="15" VPOS="2433" HPOS="1118"/>
							<String ID="string_137" HPOS="1133" VPOS="2434" WIDTH="133" HEIGHT="22" WC="0.96" CONTENT="Stockholm"/><SP WIDTH="16" VPOS="2434" HPOS="1266"/>
							<String ID="string_138" HPOS="1282" VPOS="2436" WIDTH="56" HEIGHT="20" WC="0.96" CONTENT="1944"/>
						</TextLine>
						<TextLine ID="line_20" HPOS="988" VPOS="2470" WIDTH="83" HEIGHT="16">
							<String ID="string_139" HPOS="988" VPOS="2470" WIDTH="83" HEIGHT="16" WC="0.96" CONTENT="441248"/>
						</TextLine>
					</TextBlock>
				</ComposedBlock>
			</PrintSpace>
		</Page>
	</Layout>
</alto>
