2200 2624
731 187 213 38 Lagutskottets
971 189 153 31 Utlåtande
1147 192 55 28 N:o
1225 195 48 28 51.
1769 201 38 28 47

301 258 257 39 Justitierådet
588 263 200 38 Ramstedt:
821 265 92 38 »Det
939 275 184 31 närmaste
1150 270 112 48 syftet
1280 273 84 37 med
1385 275 120 37 denna
1524 291 49 22 nu
1593 278 368 62 ifrågasattaYurandena
1969 283 44 51 vid

202 309 233 48 lagstiftning
475 319 40 29 är
555 318 55 31 att
648 313 193 39 förhindra
880 317 139 38 sådana
1050 320 111 47 bolag
1189 323 67 36 och
1284 323 222 49 föreningar,
1534 329 126 37 hvilka
1688 331 121 38 drifva
1840 332 136 54 förslagets

201 359 322 49 sågverksrörelse,
563 370 54 30 att
656 367 101 35 inom
792 369 97 35 vissa
917 370 103 36 delar
1047 371 41 36 af
1110 373 126 37 landet
1263 375 82 36 med
1374 379 219 45 äganderätt
1619 381 188 38 förvärfva
1825 386 164 57 spräng

200 416 116 31 större
355 413 265 45 jordområden
661 424 45 28 än
747 418 45 36 de
831 420 113 36 redan
986 421 110 38 hafva
1135 424 12 35 i
1188 425 54 36 sin
1284 433 77 40 ägo.
1406 428 227 50 "Uppenbart
1672 440 41 29 är
1745 434 62 37 det
1836 428 138 50 ”Gomstolen.

201 463 216 45 emellertid,
460 470 54 30 att
554 465 62 36 det
654 469 235 37 remitterade
930 471 185 49 förslaget,
1157 474 121 38 därest
1318 478 62 37 det
1419 482 178 46 upphöjes
1637 485 59 35 till
1736 486 70 46 lag,

201 512 166 37 kommer
410 520 55 30 att
506 515 120 38 direkt
666 519 89 36 eller
793 521 163 37 indirekt
995 524 166 36 medföra
1201 526 108 38 äfven
1351 530 118 37 andra
1508 535 224 46 verkningar
1771 537 40 36 af

200 564 141 43 ganska
379 565 222 48 vidtgående
641 569 261 39 beskaffenhet.
955 573 187 38 Förbudet
1183 583 55 30 att
1264 578 190 40 förvärfva
1481 583 72 37 fast
1580 587 178 47 egendom
1787 588 20 36 å

199 613 128 38 landet
364 617 116 44 gäller
520 619 115 47 enligt
673 619 176 49 förslaget
889 624 30 45 ej
961 625 96 37 blott
1096 631 252 41 nyssnämnda
1379 633 80 46 slag
1485 635 42 36 af
1550 638 257 38 associationer

199 670 100 40 utan,
338 667 85 35 med
463 669 90 36 visst
592 671 200 47 undantag,
832 672 58 37 för
930 676 75 35 alla
1032 677 111 47 bolag
1170 681 67 35 och
1264 680 215 50 föreningar
1505 686 58 37 för
1591 689 214 37 ekonomisk

198 716 243 47 verksamhet,
482 720 69 35 och
592 721 115 37 måste
746 723 234 48 följaktligen
1021 734 153 41 antagas
1216 732 148 37 komma
1403 741 55 30 att
1498 737 107 37 äfven
1643 739 20 36 å
1690 741 116 36 andra

197 767 430 41 verksamhetsområden
656 780 46 28 än
730 774 383 46 sågverksindustrien
1132 781 131 37 utöfva
1281 789 52 31 ett
1352 786 221 39 hämmande
1592 790 212 49 inflytande.

198 815 142 39 Genom
380 820 238 38 bortvisande
658 823 40 36 af
734 825 70 37 den
844 826 165 47 ifrigaste
1048 831 68 35 och
1156 834 174 37 solidaste
1370 838 243 45 spekulanten
1641 841 20 36 å
1688 843 118 36 landt-

197 866 214 48 fastigheter
450 871 116 37 måste
606 874 78 36 helt
714 876 90 36 visst
829 879 213 37 saluvärdet
1069 881 21 36 å
1116 882 114 37 sådan
1259 887 179 46 egendom
1466 889 231 40 förminskas.
1749 895 55 36 De

192 919 207 47 jordägare,
427 934 80 24 som
535 923 41 36 af
599 938 44 23 en
672 927 89 35 eller
788 941 124 24 annan
940 931 204 50 anledning
1169 936 188 45 nödgades
1384 941 91 45 sälja
1501 943 55 34 sin
1570 943 95 46 jord,
1685 945 119 37 skulle

196 968 139 38 således
353 971 118 38 blifva
489 974 160 49 lidande,
669 978 67 35 och
756 977 70 37 den
846 981 179 46 säkerhet,
1045 983 242 40 innehafvare
1306 988 41 36 af
1361 990 219 40 intecknade
1597 993 205 49 fordrings-

196 1020 68 36 och
304 1023 311 47 nyttjanderätter
653 1040 51 23 nu
746 1028 119 48 hafva,
905 1032 118 37 skulle
1063 1035 11 35 i
1102 1035 140 38 samma
1270 1039 85 37 mån
1383 1042 202 38 reduceras.
1639 1045 163 50 Bolagen

196 1071 119 37 skulle
357 1074 30 45 ej
429 1075 130 37 kunna
586 1077 116 49 draga
728 1086 108 42 nytta
863 1081 41 36 af
928 1084 80 35 sina
1036 1085 266 49 inteckningar.
1355 1091 55 37 De
1436 1094 120 37 skulle
1583 1097 139 36 riskera
1748 1104 55 30 att

195 1121 46 46 gå
280 1124 106 37 miste
427 1138 60 24 om
529 1128 79 36 sina
647 1130 58 36 till
739 1131 225 48 Jordägarne
1000 1136 174 38 utlånade
1201 1142 206 46 penningar
1434 1145 67 35 och
1528 1147 87 46 löpa
1642 1147 80 37 fara
1749 1155 53 30 att

195 1172 139 38 förlora
379 1176 113 36 redan
541 1178 236 40 förvärfvade
820 1185 321 46 nyttjanderätter.
1198 1190 29 35 F
1230 1193 249 48 örsäljningen
1520 1196 41 36 af
1593 1199 87 47 jord
1719 1200 81 36 från

194 1223 157 46 bolagen
392 1227 120 37 skulle
552 1229 193 46 försvåras,
787 1233 46 35 då
872 1235 158 46 bolagen
1072 1239 30 46 ej
1144 1241 84 35 med
1268 1245 174 46 trygghet
1481 1247 125 38 kunde
1638 1250 73 36 låta
1738 1265 62 23 ens

194 1273 122 46 någon
344 1275 60 36 del
431 1277 42 35 af
496 1279 294 48 köpeskillingen
817 1284 145 38 innestå
989 1294 79 30 mot
1094 1290 214 49 inteckning
1334 1295 12 34 i
1373 1294 230 49 fastigheten.
1657 1299 142 39 Genom

195 1324 105 45 lagen
341 1324 59 38 för
439 1329 57 35 sin
531 1331 234 38 verksamhet
799 1334 201 39 hänvisade
1027 1339 57 35 till
1111 1339 145 39 förvärf
1280 1343 41 36 af
1344 1344 456 53 afverkningsrättigheter

194 1375 120 36 skulle
340 1380 312 47 trävarubolagen
681 1383 94 36 dock
803 1398 89 23 vara
920 1387 198 40 beröfvade
1145 1391 192 40 förmånen
1365 1402 54 31 att
1445 1399 63 36 vid
1536 1402 174 37 exekutiv
1728 1403 72 37 för-

193 1426 161 48 säljning
394 1428 41 36 af
469 1429 215 48 fastigheter
722 1435 127 36 kunna
889 1436 37 37 åt
953 1439 55 46 sig
1034 1441 136 37 bevara
1198 1445 147 46 skogen.
1399 1447 54 38 De
1480 1450 120 38 skulle
1627 1452 42 36 af
1691 1454 106 48 lagen

192 1475 38 36 så
269 1477 90 45 godt
398 1492 80 24 som
505 1483 145 46 tvingas
677 1490 55 31 att
758 1487 88 35 söka
873 1488 158 48 kringgå
1058 1492 116 46 lagen.
1228 1495 192 49 Möjlighet
1449 1500 125 38 därtill
1602 1502 196 40 förefinnes

194 1527 111 36 också
344 1531 116 47 enligt
499 1532 184 49 förslaget.
736 1536 72 37 För
847 1544 55 31 att
942 1541 135 37 bereda
1115 1545 148 37 tillfälle
1301 1548 55 36 för
1378 1550 224 48 jordägarne
1630 1560 54 31 att
1711 1556 87 37 fort-

192 1576 153 39 farande
385 1581 128 38 kunna
553 1585 131 36 belåna
724 1588 79 36 sina
830 1588 225 51 fastigheter,
1086 1595 119 38 skulle
1232 1597 174 39 förbudet
1432 1608 55 30 att
1513 1603 187 39 förvärfva
1726 1607 72 36 fast

192 1629 180 44 egendom
415 1633 31 47 ej
488 1635 98 44 gälla
625 1635 59 37 för
717 1638 98 37 bank
856 1642 89 35 eller
978 1656 123 25 annan
1128 1649 373 51 penninginrättning
1528 1655 88 37 eller
1642 1656 57 37 för
1727 1658 71 36 för-

192 1680 314 46 säkringsanstalt.
560 1684 79 38 Och
680 1693 54 30 att
773 1689 41 35 af
850 1691 127 47 dylika
1005 1697 178 36 anstalter
1209 1700 200 37 tillhandla
1437 1705 55 44 sig
1517 1704 71 37 fast
1617 1709 179 45 egendom

192 1736 40 28 är
259 1732 114 44 enligt
399 1732 178 49 förslaget
603 1737 118 36 andra
748 1739 110 47 bolag
885 1743 68 35 och
981 1743 213 51 föreningar
1221 1751 77 36 icke
1325 1751 219 40 förmenadt.

292 1780 107 37 Huru
440 1786 163 45 önskligt
631 1788 61 36 det
719 1796 45 29 än
794 1792 59 35 må
880 1806 99 32 vara,
1008 1802 53 30 att
1088 1797 172 47 åtgärder
1286 1810 144 30 snarast
1457 1807 144 48 möjligt
1627 1809 168 46 vidtagas

190 1828 57 37 för
274 1831 209 39 bevarande
511 1836 37 36 åt
574 1837 185 39 Norrland
787 1841 41 36 af
852 1856 44 23 en
924 1846 231 50 själfständig
1178 1851 281 45 jordbrukande
1480 1857 223 48 befolkning,
1723 1862 71 35 kan

186 1881 67 45 jag
292 1882 104 47 dock,
437 1887 83 35 med
549 1887 70 37 den
650 1890 241 51 uppfattning
914 1896 65 45 jag
1006 1897 155 38 sålunda
1189 1902 109 44 hyser
1325 1919 60 22 om
1413 1907 228 39 innebörden
1670 1910 40 36 af
1735 1912 61 36 det

189 1933 236 39 remitterade
470 1936 185 49 förslaget,
696 1942 30 45 ej
767 1944 187 48 tillstyrka
994 1954 54 30 att
1088 1950 203 39 detsamma
1330 1957 223 44 godkännes.
1610 1961 73 46 Jag
1722 1963 72 35 kan

191 1981 100 36 detta
328 1984 39 36 så
393 1989 149 41 mycket
568 1991 156 44 mindre,
751 2006 79 24 som
858 1996 106 48 fråga
991 2012 50 22 nu
1069 2001 79 36 icke
1176 2010 40 29 är
1243 2018 58 22 om
1332 2013 53 29 att
1413 2015 136 40 antaga
1575 2012 106 46 lagen
1712 2013 82 36 defi-

189 2032 119 46 nitivt,
340 2041 90 30 utan
459 2039 155 37 allenast
640 2041 57 35 för
725 2056 41 22 en
796 2045 53 35 tid
877 2046 41 35 af
941 2053 55 30 tre
1023 2050 49 35 år.
1126 2052 82 37 Icke
1236 2055 73 36 kan
1336 2059 58 33 väl
1424 2073 43 21 en
1497 2061 61 45 lag
1585 2063 40 34 af
1650 2063 69 35 den
1747 2065 47 44 på

190 2082 134 47 många
364 2087 176 38 områden
581 2091 106 47 djupt
728 2094 219 48 ingripande
988 2099 195 48 betydelse,
1223 2116 77 24 som
1342 2107 69 36 den
1446 2109 215 46 ifrågasatta
1688 2114 105 45 lagen

190 2131 93 36 efter
323 2135 47 35 all
412 2141 234 36 sannolikhet
683 2144 117 36 skulle
828 2146 150 37 komma
1006 2155 52 30 att
1085 2150 44 46 få,
1159 2153 89 36 böra
1275 2162 163 41 antagas,
1468 2161 82 35 med
1578 2163 144 36 mindre
1749 2178 41 22 en

193 2181 68 36 fast
300 2187 172 41 grundad
513 2189 243 49 öfvertygelse
798 2197 113 35 finnes
953 2200 30 44 ej
1023 2200 95 37 blott
1145 2216 59 23 om
1233 2206 323 49 nödvändigheten
1586 2213 41 35 af
1650 2227 43 22 en
1724 2215 68 45 lag-

187 2232 170 48 stiftning
386 2238 7 33 i
424 2238 69 36 den
522 2241 152 45 angifna
701 2246 222 48 riktningen,
952 2255 88 31 utan
1069 2251 105 38 äfven
1203 2269 59 22 om
1292 2257 44 36 de
1356 2258 214 48 ifrågasatta
1589 2264 203 45 lagbudens
