2202 2626
728 180 217 38 Lagutskottets
975 181 154 29 Utlåtande
1151 181 56 28 N:o
1231 182 49 28 51.
1775 183 39 28 39

199 255 327 47 behjärtansvärda
562 256 84 45 mål,
683 269 79 24 som
798 258 283 36 kommitterade
1113 257 112 38 hafva
1259 259 55 45 sig
1341 257 193 48 förelagdt,
1561 262 107 36 torde
1695 259 118 37 andra

199 312 156 42 utvägar
382 307 152 47 erbjuda
561 308 64 48 sig,
653 321 61 22 om
741 315 47 29 än
815 309 80 36 icke
923 309 39 36 så
988 309 229 37 våldsamma
1245 322 79 23 som
1353 309 70 37 den
1451 323 50 23 nu
1528 309 218 50 föreslagna.

300 358 462 48 Landshöfdingeämbetet
796 359 58 37 får
890 361 9 34 i
936 360 296 48 underdånighet
1258 361 198 44 tillstyrka,
1490 366 53 31 att
1572 363 240 38 kommitténs

199 407 256 49 föreliggande
482 410 219 36 hemställan
729 410 116 37 måtte
873 411 141 37 lämnas
1042 418 91 30 utan
1161 410 182 38 afseende.

301 476 219 37 Härnösand
548 479 8 34 i
586 478 269 37 landskansliet
882 478 70 37 den
983 482 44 33 17
1053 480 147 47 januari
1231 481 106 35 1902.

865 580 288 47 Underdånigst:

648 681 51 36 På
725 681 467 47 landshöfdingeämbetets
1220 690 143 40 vägnar

601 784 88 35 Axel
717 784 135 35 Arnell.
1145 782 38 38 O.
1215 784 192 36 Hammar.

818 1121 86 37 Till
932 1121 256 47 Konungen.

298 1222 63 35 Uti
401 1222 232 46 underdånig
673 1222 191 37 skrifvelse
901 1224 70 35 den
1005 1226 45 33 28
1084 1224 200 36 november
1315 1225 92 34 1901
1438 1224 65 35 har
1532 1224 68 35 den
1630 1223 40 36 af
1694 1224 114 36 Eders
1832 1222 32 64 po
1868 1233 114 49 rrungens

196 1271 135 47 Kungl.
372 1272 99 47 Maj:t
512 1273 155 35 tillsatta
706 1273 195 36 kommitté
943 1273 58 36 för
1040 1273 213 48 afgifvande
1294 1273 40 36 af
1367 1273 138 49 förslag
1538 1275 57 35 till
1627 1274 180 46 åtgärder,
1831 1259 136 65 käfeander
1979 1268 14 48 i

196 1322 240 48 hvarigenom
470 1322 69 37 den
565 1323 281 47 jordbrukande
875 1323 281 47 befolkningens
1183 1325 178 45 ställning
1389 1325 8 35 i
1426 1323 186 37 Norrland
1640 1326 67 34 och
1738 1325 216 59 Da-Jämtlands,
1968 1328 41 22 län

196 1374 105 35 larna
340 1373 125 36 kunde
504 1373 286 37 vidmakthållas
828 1374 68 36 och
932 1376 149 42 stärkas,
1115 1375 164 45 anhållit,
1312 1381 55 30 att
1397 1375 114 37 Eders
1540 1375 135 46 Kungl.
1703 1376 103 48 Maj:t
1843 1365 131 19 ”””

195 1425 139 35 täcktes
366 1423 58 37 för
451 1424 307 37 nästkommande
786 1425 163 49 Riksdag
975 1425 207 47 framlägga
1209 1431 53 31 ett
1289 1425 41 37 af
1350 1427 219 36 kommittén
1590 1426 218 47 upprättadt

194 1474 138 47 förslag
372 1475 58 36 till
469 1476 61 45 lag
564 1475 189 48 angående
789 1475 137 37 förbud
953 1477 12 35 i
992 1477 96 36 vissa
1120 1476 66 36 fall
1218 1475 59 38 för
1307 1477 112 46 bolag
1450 1477 67 36 och
1548 1476 171 47 förening
1749 1476 59 37 för

195 1526 216 36 ekonomisk
438 1527 234 36 verksamhet
698 1532 55 30 att
778 1526 192 38 förvärfva
997 1527 72 36 fast
1097 1528 188 46 egendom.

296 1575 80 37 Och
408 1576 57 36 får
498 1577 112 36 Eders
643 1576 135 47 Kungl.
812 1577 119 48 Maj:ts
963 1577 411 47 befällningshafvande
1401 1579 114 45 enligt
1542 1578 112 46 nådig
1681 1578 121 37 befall-

193 1627 91 46 ning
328 1627 153 36 härmed
525 1627 139 46 afgifva
708 1628 247 46 underdånigt
1000 1629 189 36 utlåtande
1234 1628 102 37 öfver
1376 1628 282 47 ifrågavarande
1697 1628 108 37 fram-

194 1678 186 45 ställning.

296 1728 119 35 Bland
451 1728 123 35 skälen
609 1727 57 36 för
693 1729 63 34 sitt
783 1727 138 47 förslag
947 1729 68 35 har
1042 1729 218 36 kommittén
1290 1729 220 36 framhållit:
1539 1735 53 30 att
1619 1729 58 37 för
1704 1731 101 35 kom-

194 1778 133 35 mittén
365 1777 216 46 oafvisligen
618 1778 198 36 framställt
845 1780 63 45 sig,
938 1785 54 30 att
1019 1792 43 23 en
1093 1779 40 36 af
1166 1780 44 35 de
1247 1779 343 48 hufvudsakligaste
1617 1779 187 37 förutsätt-

192 1829 184 45 ningarna
416 1828 57 36 för
512 1833 53 31 att
605 1830 127 34 kunna
773 1830 71 35 öka
881 1830 67 35 och
982 1830 124 35 stärka
1133 1830 69 36 den
1226 1830 283 47 jordbrukande
1536 1830 264 48 befolkningen

193 1880 100 35 imom
323 1879 186 36 Norrland
537 1879 68 36 och
634 1879 162 37 Dalarne
823 1894 97 31 vore,
949 1886 54 30 att
1029 1881 176 46 bolagens
1232 1880 146 37 förvärf
1402 1880 39 37 af
1464 1882 170 35 hemman
1663 1882 30 47 ej
1715 1881 89 37 fort-

192 1930 109 45 ginge
335 1930 48 45 på
410 1935 72 31 sätt
509 1930 66 35 och
604 1930 12 35 i
644 1931 69 35 den
743 1930 235 47 omfattning,
1007 1944 78 23 som
1115 1932 131 35 hittills
1275 1937 62 42 ägt
1364 1945 99 29 rum;
1501 1938 55 30 att
1582 1933 220 35 kommittén

192 1980 168 35 däremot
399 1981 31 47 ej
468 1988 99 28 ännu
601 1981 145 35 kunnat
776 1981 100 36 bilda
903 1982 55 45 sig
986 1981 120 46 någon
1136 1983 149 44 mening
1313 1995 61 23 om
1402 1983 127 35 hvilka
1556 1988 157 40 utvägar
1741 1983 62 36 vid

192 2036 51 29 ett
271 2031 145 44 slutligt
442 2031 202 45 afgörande
672 2031 40 35 af
736 2031 123 37 denna
888 2033 268 46 angelägenhet
1180 2032 125 36 kunde
1330 2033 166 36 befinnas
1515 2034 187 35 verksamt
1721 2033 83 36 leda

189 2081 59 34 till
285 2080 111 36 målet
430 2082 83 34 med
541 2081 238 46 iakttagande
809 2081 47 49 på
883 2094 140 23 samma
1051 2082 95 45 gång
1174 2082 40 35 af
1237 2083 182 45 tillbörlig
1446 2083 143 44 hänsyn
1616 2083 58 35 till
1703 2084 100 35 olika

191 2130 228 45 berättigade
446 2131 192 45 intressen;
671 2137 54 30 att
752 2131 241 36 därförinnan
1023 2131 231 37 erfordrades
1283 2137 55 30 att
1364 2134 113 34 vinna
1504 2133 209 36 kännedom
1742 2147 57 21 om

192 2181 198 35 resultaten
431 2179 40 36 af
505 2180 44 37 de
577 2183 253 45 utredningar,
859 2182 154 36 hvarom
1041 2183 222 35 kommittén
1292 2183 112 35 redan
1433 2182 246 45 föranstaltat,
1707 2189 96 30 samt

193 2230 83 36 med
318 2231 52 35 all
410 2231 236 36 sannolikhet
686 2232 108 37 äfven
837 2237 54 30 att
919 2232 87 46 ingå
1033 2233 11 35 i
1073 2232 117 36 andra
1218 2232 329 49 undersökningar,
1575 2246 78 23 som
1682 2233 121 36 blefve
