1826 2764
251 158 18 29 8
455 161 186 33 Allmänna
661 166 395 41 beredningsutskottets
1076 173 177 32 utlåtande
1270 186 43 20 nr
1332 178 37 29 17
1389 179 38 30 år
1446 180 83 30 1964

252 239 149 40 serligen
424 241 69 30 kan
516 243 46 30 ha
585 244 186 42 tillräcklig
796 248 198 33 erfarenhet
1019 262 41 19 av
1085 254 226 41 skadefrågor
1335 267 81 21 men
1440 262 50 27 att
1514 264 47 27 ett
1586 265 148 29 centralt

251 300 109 32 organ
376 294 105 31 borde
498 296 122 31 kunna
636 308 83 21 vara
732 300 54 30 till
804 301 194 41 betydande
1015 313 99 32 gagn.
1133 307 135 40 Frågan
1287 319 58 20 om
1361 313 373 39 ansvarighetsskador

250 345 100 39 ingår
370 347 10 28 i
401 348 341 42 arbetsuppgifterna
761 354 56 29 för
836 356 67 29 den
922 356 95 31 inom
1036 358 415 42 justitiedepartementet
1471 366 176 39 pågående
1667 370 65 29 och

250 401 98 28 snart
366 401 178 31 avslutade
562 405 231 40 utredningen
811 409 177 39 angående
1006 411 93 31 vissa
1118 413 392 45 skadeståndsrättsliga
1528 420 126 40 frågor.
1672 423 59 30 Ut-

248 452 210 40 redningens
477 456 146 30 resultat
641 458 62 29 bör
719 461 330 38 uppmärksammas
1067 465 57 30 vid
1142 476 42 20 en
1203 470 170 29 eventuell
1393 472 187 41 utredning
1596 474 10 29 i
1624 475 108 40 enlig-

246 505 59 29 het
323 507 79 29 med
420 508 227 32 motionerna.

290 558 13 29 I
326 559 100 40 fråga
447 570 57 21 om
524 562 316 42 bilansvarigheten
862 577 102 21 anser
986 569 246 40 inspektionen
1254 575 57 30 det
1333 576 177 36 önskvärt,
1533 582 50 27 att
1607 580 123 30 skade-

247 612 211 31 ståndskrav
478 615 149 39 regleras
650 618 88 29 efter
759 628 136 23 samma
916 631 140 22 normer
1077 626 65 29 och
1163 626 72 30 lika
1257 629 125 30 snabbt
1404 640 80 20 vare
1507 632 52 40 sig
1580 633 148 39 olyckan

246 665 161 30 orsakats
426 677 41 20 av
484 670 49 28 ett
550 670 172 41 privatägt
741 672 83 30 eller
842 684 43 20 av
902 677 48 28 ett
969 678 148 39 statsägt
1135 679 135 31 fordon.
1290 682 59 29 Ett
1368 685 87 28 stort
1474 686 94 29 antal
1588 687 139 39 statliga

244 719 243 39 myndigheter
500 722 65 29 har
580 723 106 31 också
700 726 184 39 medgivits
899 730 51 28 att
964 730 127 30 teckna
1105 733 445 45 ansvarighetsförsäkring
1564 739 20 29 å
1600 742 129 27 motor-

244 770 137 36 fordon,
400 773 105 31 vilket
524 778 131 37 system
672 779 165 39 uppgives
854 781 47 30 ha
918 782 162 40 fungerat
1097 785 336 34 tillfredsställande.
1451 790 67 30 För
1536 791 189 32 försvarets

243 824 152 41 räkning
412 827 64 29 har
494 827 57 31 vid
570 829 189 32 försvarets
779 832 296 44 civilförvaltning
1092 837 164 32 inrättats
1276 850 43 20 en
1339 842 151 31 särskild
1510 844 216 41 skaderegle-

242 877 231 40 ringsnämnd
492 881 117 31 såsom
626 883 210 40 rådgivande
855 895 107 32 organ
981 889 35 30 åt
1035 889 341 35 försvarsväsendets
1396 897 153 30 centrala
1568 894 159 48 myndig-

241 930 99 30 heter
360 932 10 29 i
392 932 98 41 fråga
508 944 58 20 om
586 936 330 34 skadeståndskrav.
936 941 87 40 Väg-
1043 944 65 29 och
1128 945 488 43 vattenbyggnadsstyrelsens
1637 951 89 40 juri-

242 983 102 31 diska
367 985 84 39 byrå
473 987 234 42 tillhandagår
728 992 87 29 även
837 994 110 30 andra
970 995 101 30 civila
1094 998 138 40 statliga
1255 1001 83 28 verk
1362 1002 78 29 med
1464 1004 226 40 utredningar
1712 1005 12 28 i

242 1038 408 40 ansvarighetsärenden.

286 1090 248 40 Inspektionen
558 1095 98 40 säger
679 1097 50 40 sig
752 1098 76 30 icke
851 1100 122 31 kunna
995 1101 147 32 bedöma
1165 1113 58 21 om
1245 1105 279 33 motionärernas
1548 1105 178 48 uppgifter

241 1152 57 20 om
320 1144 216 32 tidsutdräkt
557 1149 66 29 och
644 1150 109 30 andra
775 1152 220 39 olägenheter
1017 1165 42 20 av
1081 1156 57 30 det
1160 1157 153 31 rådande
1337 1162 165 37 systemet
1524 1163 40 29 är
1585 1163 138 40 riktiga.

241 1195 69 30 För
325 1207 43 19 en
384 1199 131 35 rättvis,
533 1202 128 40 smidig
676 1204 64 29 och
757 1205 110 30 snabb
883 1206 280 43 skadereglering
1179 1211 38 29 är
1233 1212 194 31 emellertid
1443 1215 213 40 nödvändigt
1672 1219 51 28 att

239 1249 148 41 tillgång
409 1252 114 31 finnes
545 1254 53 30 till
621 1258 160 36 personal
807 1260 79 29 med
909 1259 187 42 tillräcklig
1118 1263 199 31 erfarenhet
1341 1267 65 29 och
1429 1267 215 40 kompetens.
1669 1270 56 29 In-

241 1303 207 39 spektionen
466 1306 192 41 tillstyrker
676 1318 42 22 en
737 1311 197 41 utredning.

279 1383 260 33 Statskontoret
555 1387 213 37 framhåller,
786 1393 51 28 att
853 1392 121 40 frågan
992 1394 10 29 i
1018 1395 117 29 vilken
1153 1398 244 40 utsträckning
1415 1402 110 28 staten
1544 1403 39 28 är
1599 1412 123 21 ansva-

237 1435 53 39 rig
313 1436 56 29 för
393 1438 126 30 skador
541 1441 12 28 i
577 1442 117 40 statlig
716 1444 223 31 verksamhet
963 1447 55 29 för
1041 1448 217 32 närvarande
1282 1452 98 29 torde
1403 1463 83 20 vara
1510 1455 10 28 i
1544 1456 69 28 viss
1638 1456 82 30 mån

236 1488 110 30 oklar.
364 1490 74 30 Den
455 1492 63 30 har
535 1494 192 31 emellertid
744 1497 206 31 behandlats
968 1510 42 19 av
1027 1501 208 31 kommittén
1254 1505 178 38 angående
1451 1507 55 29 det
1524 1508 197 32 allmännas

236 1542 372 39 skadeståndsansvar,
631 1557 74 21 som
727 1549 165 41 framlagt
913 1552 130 40 förslag
1064 1554 52 29 till
1137 1556 55 39 lag
1213 1565 58 21 om
1292 1558 213 31 skadestånd
1526 1561 12 28 i
1560 1561 161 41 offentlig

233 1596 225 32 verksamhet
483 1599 101 33 (SOU
608 1601 97 31 1958:
721 1602 72 35 43).

280 1649 124 31 Denna
420 1651 182 32 kommitté
619 1654 64 30 har
699 1655 88 31 även
802 1657 180 41 föreslagit
997 1659 71 30 viss
1086 1661 199 41 förenkling
1301 1664 66 30 och
1384 1665 277 42 effektivisering
1676 1678 43 20 av

235 1702 68 29 den
318 1703 140 40 statliga
472 1705 577 43 skaderegleringsverksamheten.
1066 1713 257 33 Statskontoret
1337 1717 208 32 förutsätter
1559 1722 50 28 att
1623 1721 95 31 detta

235 1754 133 41 förslag
386 1757 156 31 kommer
561 1761 51 28 att
631 1762 123 37 prövas
773 1763 11 29 i
804 1764 170 31 samband
992 1767 80 29 med
1090 1768 215 39 prövningen
1325 1780 43 20 av
1387 1771 331 33 skadeståndskom-

234 1808 144 30 mitténs
395 1810 210 32 kommande
620 1814 220 32 betänkande
856 1818 177 38 angående
1049 1820 347 40 principalansvaret.
1414 1824 135 40 Frågan
1566 1836 56 20 om
1638 1827 79 29 kro-

233 1870 90 21 nans
339 1863 345 43 skadeersättningar
697 1868 65 30 har
775 1869 119 31 vidare
910 1873 345 37 uppmärksammats
1271 1885 43 20 av
1329 1876 94 30 såväl
1442 1878 82 30 1959
1541 1888 74 21 som
1634 1880 80 30 1962

233 1914 57 30 års
305 1915 344 41 riksdagsrevisorer,
664 1921 106 30 vilket
785 1923 98 30 torde
898 1924 78 30 leda
990 1925 52 29 till
1058 1928 51 27 att
1125 1929 48 27 ett
1188 1927 156 31 cirkulär
1358 1930 52 29 till
1428 1928 287 47 myndigheterna

232 1968 179 39 angående
436 1970 305 42 handläggningen
763 1985 43 19 av
830 1976 131 31 sådana
985 1978 153 31 ärenden
1164 1983 96 28 snart
1285 1982 160 31 kommer
1469 1986 50 28 att
1544 1985 170 30 utfärdas.

276 2021 258 33 Statskontoret
554 2027 182 38 avstyrker
756 2029 228 31 motionerna.

273 2105 397 43 Generalpoststyrelsen
695 2111 64 30 har
783 2113 30 38 ej
842 2113 117 31 funnit
984 2115 55 30 det
1064 2126 82 20 vara
1171 2118 51 29 till
1248 2120 147 30 nackdel
1420 2124 50 27 att
1495 2124 217 37 postverkets

228 2159 170 38 egendom
418 2160 30 40 ej
471 2161 39 29 är
530 2162 196 32 försäkrad.
748 2165 174 40 Styrelsen
943 2178 112 25 anser,
1077 2172 50 27 att
1148 2172 177 30 enskildas
1347 2173 87 30 krav
1454 2174 44 39 på
1518 2177 194 40 ersättning

227 2210 55 30 för
296 2221 144 30 person-
454 2214 81 30 eller
550 2217 319 37 egendomsskador
883 2221 95 29 inom
993 2224 200 37 postverket
1208 2225 212 40 handlägges
1437 2227 43 39 på
1496 2231 47 27 ett
1560 2229 80 30 fullt
1655 2230 57 30 be-

226 2265 192 39 tryggande
436 2267 67 29 sätt
520 2269 66 29 och
602 2272 86 27 utan
706 2272 133 38 oskälig
856 2274 225 30 tidsutdräkt.
1099 2276 140 32 Antalet
1257 2278 61 30 fall
1337 2279 62 29 där
1416 2282 199 37 postverket
1632 2283 10 29 i
1660 2293 51 20 er-

226 2317 328 41 sättningsärenden
574 2321 205 33 instämmes
799 2325 51 29 till
872 2326 148 30 domstol
1040 2329 98 29 torde
1159 2330 9 28 i
1189 2331 161 30 medeltal
1371 2332 76 30 icke
1467 2334 171 40 överstiga
1657 2338 53 28 tre

226 2379 61 30 per
308 2371 48 30 år.
379 2372 173 40 Styrelsen
573 2384 112 26 anser,
707 2379 49 28 att
777 2379 284 39 uppkommande
1083 2381 339 43 försäkringsfrågor
1442 2386 95 30 inom
1558 2390 153 37 postver-

227 2423 58 30 ket
303 2423 79 31 bäst
401 2425 211 42 handlägges
632 2429 44 39 på
695 2431 67 29 sätt
782 2440 75 20 som
878 2433 88 30 sker.
986 2434 245 32 Motsvarande
1250 2438 98 29 torde
1368 2439 90 38 gälla
1478 2440 54 29 för
1550 2441 42 29 de
1612 2450 98 31 myn-

225 2475 158 40 digheter
400 2479 93 30 vilka
510 2480 128 30 liksom
658 2483 168 39 styrelsen
844 2485 81 39 äger
943 2487 174 39 uppträda
1134 2488 94 30 inför
1246 2490 91 30 rätta
1357 2495 90 27 samt
1467 2492 54 30 för
1539 2494 41 29 de
1600 2496 109 29 statli-
