1870 2786
411 190 126 31 Första
556 188 245 40 lagutskottets
821 184 181 32 utlåtande
1021 193 43 20 nr
1082 183 41 30 42
1142 182 41 30 år
1203 182 81 30 1961
1556 179 40 30 19

103 274 68 30 den
188 273 12 30 i
216 273 125 38 högsta
359 271 85 39 grad
462 270 63 30 bör
544 268 152 41 påverka
712 265 259 39 bedömningen
989 274 42 20 av
1049 263 94 30 vilka
1162 261 170 31 reformer
1351 269 76 21 som
1444 259 63 30 bör
1524 258 73 31 vid-

103 329 99 37 tagas
224 325 112 30 under
357 325 67 29 den
446 324 177 29 närmaste
645 320 192 31 framtiden
858 320 91 29 samt
971 319 51 28 att
1042 317 59 29 det
1120 316 80 30 icke
1221 313 178 32 förefaller
1421 311 177 32 rationellt

103 382 52 28 att
174 389 59 25 nu,
253 379 79 30 med
350 378 59 30 det
428 375 230 32 kommunala
677 371 380 39 huvudmannaskapet
1078 378 75 22 som
1174 368 123 40 grund,
1318 368 84 38 göra
1421 365 177 40 ingripan-

104 434 78 33 den,
203 432 96 31 vilka
318 431 136 30 kanske
474 429 140 31 relativt
636 427 135 34 snabbt,
793 426 79 30 med
895 426 115 29 staten
1032 432 74 21 som
1127 421 216 34 huvudman,
1365 420 161 30 kommer
1548 419 50 29 att

105 486 151 31 framstå
277 495 75 21 som
372 483 180 41 lappverk.

150 539 177 31 Utskottet
348 539 65 29 har
435 536 184 31 förståelse
641 534 55 31 för
717 534 68 30 den
806 531 221 42 principiella
1048 529 207 39 inställning
1278 536 76 22 som
1375 526 150 31 kommit
1546 525 53 30 till

108 593 140 40 uttryck
276 592 11 30 i
313 591 156 31 nämnda
495 587 325 41 remissyttranden.
847 584 204 32 Emellertid
1077 584 66 29 har
1168 583 278 29 kommunernas
1472 575 128 48 valrätt

107 655 149 22 numera
279 645 146 30 förlorat
448 642 172 40 åtskilligt
648 642 5 29 i
675 640 186 40 betydelse,
886 638 128 30 medan
1038 636 112 31 under
1173 644 121 21 senare
1318 634 51 30 tid
1393 633 208 40 polisperso-

107 699 123 31 nalens
251 697 183 31 önskemål
454 706 58 21 om
532 698 48 28 ett
600 694 168 39 enhetligt
787 688 439 42 tillsättningsförfarande
1246 688 92 40 gjort
1360 687 51 39 sig
1432 686 63 30 allt
1514 687 88 28 star-

107 754 84 29 kare
210 751 170 41 gällande.
399 751 50 29 De
469 748 237 40 föreliggande
725 746 177 39 förslagen
920 746 39 28 är
977 743 118 31 vidare
1114 741 213 31 motiverade
1346 740 80 30 med
1443 739 44 30 de
1505 739 96 29 inom

108 805 258 41 polisväsendet
385 804 46 39 på
450 803 95 31 vissa
564 802 72 30 håll
656 799 154 32 rådande
829 796 515 42 rekryteringssvårigheterna.
1365 793 79 30 Med
1464 793 138 38 hänsyn

108 860 53 30 till
180 858 155 31 nämnda
354 856 248 31 förhållanden
620 863 102 22 anser
742 853 51 40 sig
811 852 174 31 utskottet
1001 851 86 30 böra
1105 848 178 40 tillstyrka
1301 849 50 29 att
1370 845 233 32 valförfaran-

110 913 57 30 det
193 911 181 31 avskaffas
400 910 109 30 redan
534 918 58 21 nu.
618 908 176 31 Utskottet
818 906 61 30 vill
904 904 90 31 dock
1019 904 12 29 i
1056 903 96 30 detta
1177 901 257 38 sammanhang
1460 898 143 31 särskilt

108 965 246 39 understryka,
374 966 51 28 att
443 971 126 32 genom
587 962 69 30 den
673 970 47 20 nu
740 959 151 31 avsedda
908 957 180 31 reformen
1106 955 126 40 frågan
1251 963 57 21 om
1326 952 276 41 polisväsendets

108 1018 268 40 förstatligande
392 1017 68 30 blir
476 1016 200 40 ytterligare
693 1012 249 32 aktualiserad.

155 1071 126 40 Kungl.
299 1071 125 39 Maj:ts
443 1069 131 39 förslag
591 1069 11 29 i
620 1067 111 39 övrigt
748 1067 64 29 har
830 1065 31 40 ej
882 1065 85 39 givit
985 1063 171 30 utskottet
1174 1060 189 40 anledning
1380 1059 53 31 till
1451 1059 152 30 erinran.

155 1125 118 31 Under
286 1123 213 39 hänvisning
513 1122 52 31 till
581 1122 57 29 det
653 1120 148 31 anförda
816 1118 54 31 får
885 1118 173 30 utskottet
1071 1115 197 34 hemställa,

469 1177 51 28 att
548 1173 228 32 förevarande
804 1170 229 42 proposition,
1062 1178 42 21 nr
1131 1168 52 35 89,
1211 1167 108 30 måtte
1347 1176 43 21 av
1415 1165 189 39 riksdagen

421 1229 152 31 bifallas.

158 1285 202 32 Stockholm
377 1284 68 29 den
466 1282 40 30 16
524 1282 70 39 maj
618 1280 81 31 1961

546 1388 49 30 På
620 1387 112 30 första
756 1385 248 40 lagutskottets
1030 1384 147 38 vägnar:

577 1466 152 31 INGRID
755 1464 148 32 GÄRDE
927 1462 221 31 WIDEMAR

160 1685 65 30 Vid
240 1684 95 30 detta
351 1682 148 31 ärendes
517 1680 210 39 behandling
742 1679 65 30 har
822 1677 157 31 närvarit

161 1746 81 30 från
282 1745 168 31 första
489 1744 223 29 kammaren:
742 1742 123 29 herrar
894 1738 181 40 Branting,
1106 1738 66 29 Per
1201 1735 176 34 Olofsson,
1407 1732 200 32 Ferdinand

114 1791 152 34 Nilsson,
280 1790 176 40 Nyström,
471 1787 166 35 Gezelius,
653 1785 272 33 Alexanderson,
941 1782 223 40 Fagerström
1179 1780 65 30 och
1259 1779 158 40 Hilding;

155 1852 81 29 från
294 1850 122 30 andra
439 1850 222 29 kammaren:
678 1848 58 30 fru
749 1846 111 32 Gärde
873 1845 192 34 Widemar,
1080 1844 58 30 fru
1152 1843 144 33 Boman,
1309 1842 124 29 herrar
1446 1838 162 34 Östrand,

115 1896 212 32 Gustafsson
344 1896 12 29 i
376 1895 120 33 Borås,
518 1893 58 30 fru
595 1892 170 40 Löfqvist,
786 1892 123 29 herrar
929 1890 201 30 Johansson
1150 1888 12 29 i
1183 1885 190 34 Dockered,
1395 1884 214 30 Martinsson

116 1942 64 30 och
197 1941 127 30 fröken
339 1939 204 30 Andersson
558 1938 11 30 i
586 1937 201 39 Strängnäs.
