1894 2852
338 176 19 30 4
636 177 419 38 Bevillningsutskottets
1082 179 225 32 betänkande
1331 180 54 32 Nr
1408 179 53 31 31.

335 253 237 33 Beträffande
596 255 240 37 tullskyddets
860 256 133 32 storlek
1015 257 95 31 hava
1134 257 47 36 vi,
1204 257 46 37 på
1274 268 47 21 av
1345 258 271 32 ämbetsverken
1640 259 153 32 anförda

294 306 89 36 skäl,
405 306 121 32 funnit
545 316 55 22 oss
621 307 87 32 böra
728 307 134 32 föreslå
883 317 44 22 en
946 308 143 32 tullsats
1112 319 46 21 av
1178 309 18 31 3
1217 309 131 32 kronor
1371 310 56 31 för
1449 311 57 31 100
1527 310 187 37 kilogram.

334 357 84 32 Med
442 358 141 37 hänsyn
609 358 57 31 till
692 359 69 32 vad
786 360 155 32 sålunda
965 360 140 32 anförts
1128 361 65 31 och
1219 361 114 32 under
1359 362 199 32 beaktande
1584 362 136 37 jämväl
1746 373 46 21 av

294 410 69 31 den
388 409 179 38 betydelse
593 410 163 32 inhemsk
781 411 237 38 tillverkning
1044 423 47 21 av
1116 413 314 37 kväveprodukter
1454 415 114 31 måste
1595 424 102 22 anses
1723 417 69 35 äga

295 461 56 31 för
376 462 65 30 vår
465 462 228 32 ekonomiska
715 463 370 38 försvarsberedskap,
1109 465 94 31 hava
1226 465 38 31 vi
1289 466 127 36 ansett,
1441 468 53 30 att
1519 466 174 32 utskottet
1713 466 79 33 bort

294 513 199 37 hemställa,

734 618 55 31 att
811 617 195 38 riksdagen
1027 619 122 37 måtte,
1172 620 13 30 i
1209 620 195 37 anledning
1427 631 45 21 av
1496 621 42 32 de
1560 621 232 38 likalydande

693 669 225 32 motionerna
937 670 94 32 I:171
1051 681 45 21 av
1116 672 83 31 herr
1217 672 186 37 Nylander
1424 673 64 31 och
1508 673 116 32 IT:244
1644 685 45 21 av
1708 675 83 31 herr

695 721 107 32 Olson
829 722 14 31 i
870 722 185 37 Göteborg,
1082 723 149 37 besluta,
1259 725 53 30 att
1339 724 58 32 till
1423 725 247 32 taxenummer
1696 726 58 32 203
1778 727 13 30 i

695 773 167 36 gällande
888 774 156 32 tulltazxa
1069 774 92 32 skall
1188 775 102 37 fogas
1318 785 44 22 en
1388 777 241 37 anmärkning
1655 789 45 20 av
1727 778 62 32 föl-

695 825 107 36 Jande
823 825 149 37 lydelse:

735 931 79 23 Anm.
857 931 54 24 För
938 933 273 28 ammoniumsulfat,
1241 933 207 25 inkommande
1476 934 91 24 under
1594 934 78 24 tiden
1703 936 10 23 1
1744 936 50 29 juli

691 975 137 24 1932—30
847 975 60 30 juni
930 976 73 28 1933,
1023 976 70 24 skall
1111 976 54 24 tull
1184 974 67 34 utgå
1269 977 65 24 med
1354 978 15 23 3
1389 977 107 25 kronor
1513 979 43 23 för
1575 979 49 23 100
1644 979 73 30 kg.>;

331 1105 33 36 2)
389 1117 46 21 av
455 1108 126 32 herrar
601 1108 149 33 Ericson
770 1110 12 30 i
802 1110 151 37 Oberga,
974 1112 124 31 Olsson
1119 1112 12 31 i
1151 1112 159 37 Ramsta,
1331 1113 126 32 Olsson
1477 1114 13 30 i
1510 1114 193 32 Golvvasta
1726 1116 64 30 och

293 1158 159 39 Heiding
472 1161 72 30 mot
566 1160 74 32 viss
662 1161 55 32 del
737 1172 45 20 av
802 1162 276 37 motiveringen;
1102 1165 93 30 samt

332 1304 32 36 3)
390 1316 45 20 av
457 1306 82 31 herr
559 1306 162 38 Lövgren
743 1308 13 31 i
778 1307 158 37 Nyborg.
