2234 2620
190 275 128 32 Departe-

165 309 183 25 mentschefen.

380 199 19 29 2
852 195 380 29 Konstitutionsutskottets'
1247 194 151 29 utlåtande
1420 193 49 28 Nr
1490 193 50 28 22.

481 276 73 35 Till
596 274 82 36 stöd
716 274 57 35 för
805 273 101 36 detta
935 272 138 48 förslag
1101 272 66 35 har
1195 271 132 36 chefen
1356 270 57 36 för
1437 268 446 49 justitiedepartementet
1910 268 95 37 efter

378 338 212 37 gemensam
631 324 208 48 beredning
880 323 83 36 med
1005 321 130 37 chefen
1179 321 57 37 för
1277 321 397 48 civildepartementet,
1705 320 121 46 enligt
1854 318 61 36 det
1942 319 62 36 vid

379 377 283 48 propositionen
704 374 135 49 fogade
880 373 135 48 utdrag
1051 386 43 22 av
1127 370 410 49 statsrådsprotokollet
1570 377 86 29 över
1679 369 324 48 justitiedeparte-

379 425 287 38 mentsärenden
693 425 73 36 den
796 426 44 34 21
871 437 98 23 mars
1000 425 108 42 1919,
1138 422 125 36 anfört
1291 421 180 48 följande:

487 477 35 36 »I
551 490 44 22 en
623 477 59 34 till
709 474 251 38 innevarande
988 473 150 48 riksdag
1165 474 146 35 avlåten
1331 473 232 48 proposition
1583 469 59 47 (nr
1663 468 88 48 121)
1781 471 66 35 har
1867 469 137 48 Kungl.

379 528 106 48 Maj:t
526 526 58 37 för
623 525 199 49 riksdagen
858 524 177 49 framlagt
1071 523 139 48 förslag
1238 523 59 36 till
1324 524 61 47 lag
1412 535 62 24 om
1503 521 139 36 ändrad
1669 521 142 49 lydelse
1839 534 43 22 av
1909 520 97 35 vissa

381 579 103 36 delar
525 591 43 22 av
600 576 269 48 förordningen
910 589 61 23 om
998 575 202 47 landsting,
1230 573 142 48 gående
1400 573 114 36 bland
1541 577 112 31 annat
1682 577 42 30 ut
1753 574 47 45 på
1827 576 54 31 att
1908 584 97 22 sam-

381 628 170 37 manföra
578 627 317 48 landstingsvalen
924 626 57 35 till
1010 639 46 22 en
1083 625 68 36 och
1180 637 141 23 samma
1349 624 80 48 dag.
1484 623 285 48 Propositionen
1797 620 208 37 föranledes

383 693 44 23 av
454 679 218 47 riksdagens
700 678 176 36 skrivelse
904 677 70 35 den
1006 678 43 34 19
1067 676 86 47 juni
1180 677 96 34 1918
1296 674 60 44 (nr
1375 671 90 50 454)
1485 674 84 36 med
1588 674 185 42 anhållan,
1794 676 55 31 att
1867 671 138 48 Kungl.

383 730 108 48 Maj:t
530 730 140 35 täcktes
698 727 218 37 föranstalta
944 740 60 23 om
1032 726 203 48 utredning
1263 739 43 22 av
1333 724 131 49 frågan
1492 738 60 23 om
1579 723 196 37 införande
1804 735 43 23 av
1875 735 44 23 en
1949 721 57 36 för

380 781 84 35 hela
504 780 126 36 landet
652 791 214 36 gemensam
893 778 134 47 valdag
1054 780 46 45 på
1127 777 144 43 hösten,
1301 776 257 36 alternerande
1586 773 57 37 för
1670 775 108 34 valen
1806 773 58 35 till
1892 772 115 36 andra

382 832 215 35 kammaren
624 830 70 36 och
724 827 467 49 landstingsmannavalen.
1221 826 74 36 Till
1322 826 186 36 vinnande
1537 839 42 22 av
1607 825 62 36 det
1697 826 12 33 i
1738 823 162 37 nämnda
1918 823 89 35 riks-

380 881 270 49 dagsskrivelse
678 880 166 36 uttalade
872 878 175 50 syftemål
1074 877 217 37 hemställer
1314 878 65 46 jag
1407 890 60 23 om
1493 874 281 49 framläggande
1793 873 99 37 inför
1911 874 95 35 riks-

380 932 120 48 dagen
528 944 43 23 av
600 930 139 47 förslag
767 930 139 45 därom,
934 934 55 31 att
1012 928 140 47 jämväl
1178 928 110 36 valen
1316 929 58 34 till
1402 927 117 36 andra
1545 927 215 35 kammaren
1789 925 117 48 enligt
1924 921 80 49 $17

380 981 394 49 riksdagsordningen,
813 981 33 35 d.
876 987 31 29 ä.
937 980 45 36 de
1010 979 195 36 ordinarie
1232 979 187 35 allmänna
1446 979 117 41 valen,
1591 977 102 35 skola
1722 975 57 36 för
1808 975 45 36 de
1880 978 51 41 år,
1960 974 48 35 då

381 1034 106 35 valen
515 1040 68 41 äga
611 1045 95 33 rum,
734 1031 187 48 förläggas
949 1031 57 35 till
1035 1042 139 23 samma
1191 1029 84 48 dag,
1297 1041 78 23 som
1393 1028 133 36 chefen
1542 1027 57 36 för
1620 1026 387 48 civildepartementet

382 1083 193 48 föreslagit
601 1082 58 36 för
686 1084 107 34 valen
820 1083 57 34 till
904 1081 251 47 landstingen.

483 1133 72 47 Jag
574 1134 65 34 vill
667 1134 11 33 i
708 1132 100 35 detta
836 1131 267 46 sammanhang
1131 1131 123 34 erinra
1282 1142 59 22 om
1370 1135 54 30 att
1452 1129 72 35 den
1551 1129 152 47 slutliga
1730 1126 276 48 behandlingen

383 1198 42 22 av
454 1184 62 35 det
542 1183 83 36 från
655 1186 39 32 år
725 1184 94 34 1917
849 1185 59 32 års
935 1181 151 48 riksdag
1112 1179 150 37 vilande
1290 1179 386 49 grundlagsförslaget
1695 1177 192 48 angående
1906 1175 101 50 fyra-

383 1236 80 46 årig
516 1233 191 48 valperiod
748 1232 58 36 för
847 1232 114 36 andra
1002 1232 215 35 kammaren
1246 1230 61 36 vid
1340 1231 94 35 1918
1464 1233 58 32 års
1550 1230 154 47 lagtima
1732 1227 161 48 riksdag,
1922 1226 86 36 med

382 1286 144 47 hänsyn
554 1285 57 35 till
643 1283 306 48 sammanhanget
977 1283 136 35 mellan
1140 1282 45 35 de
1214 1280 95 36 båda
1338 1284 184 45 frågorna,
1544 1280 233 48 uppskjutits
1796 1279 13 34 i
1829 1278 178 36 avvaktan

383 1339 48 45 på
459 1335 233 48 proposition
720 1335 12 34 i
761 1333 233 37 sistnämnda
1021 1332 108 49 syfte.

484 1385 18 36 I
543 1385 71 36 den
642 1383 254 51 nyssnämnda
923 1386 47 45 på
997 1382 269 49 föredragning
1294 1395 44 23 av
1370 1380 133 37 chefen
1537 1380 57 37 för
1623 1379 385 48 civildepartementet

382 1436 209 48 framlagda
627 1436 281 47 propositionen
936 1447 45 22 nr
1011 1435 68 34 121
1110 1432 155 37 föreslås
1294 1432 72 36 den
1392 1431 121 49 tredje
1541 1431 189 48 söndagen
1757 1432 13 33 i
1799 1428 209 49 september

383 1486 135 36 månad
554 1489 120 32 såsom
703 1497 213 34 gemensam
944 1483 132 48 valdag
1104 1482 57 37 för
1189 1483 45 35 de
1263 1482 257 36 alternerande
1547 1483 105 34 valen
1679 1482 60 34 till
1768 1480 115 36 andra
1909 1480 99 35 kam-

384 1550 127 23 maren
531 1537 68 36 och
618 1537 58 34 till
699 1535 252 48 landstingen.
980 1534 54 36 De
1053 1535 128 42 motiv,
1202 1546 79 22 som
1302 1534 57 34 till
1375 1532 84 36 stöd
1472 1532 59 36 för
1548 1532 100 36 detta
1666 1531 137 48 förslag
1819 1543 43 23 av
1876 1529 129 37 chefen

383 1587 59 37 för
468 1587 385 47 civildepartementet
881 1584 219 49 förebragts,
1129 1585 99 47 gälla
1254 1584 13 34 i
1294 1584 224 47 tillimpliga
1546 1582 102 35 delar
1674 1582 77 35 lika
1778 1582 59 34 väl
1872 1580 58 36 för
1963 1580 45 35 de

382 1637 100 37 förra
521 1638 105 35 valen
668 1650 79 22 som
787 1636 58 36 för
882 1635 44 36 de
963 1648 139 23 senare.
1157 1634 71 35 Det
1255 1633 106 36 torde
1390 1632 125 36 därför
1542 1645 86 23 vara
1655 1631 188 49 tillfyllest
1870 1636 53 30 att
1951 1629 57 38 för

384 1689 272 46 motiveringen
693 1688 153 34 hänvisa
877 1687 59 34 till
964 1685 63 36 det
1055 1685 186 48 protokoll
1270 1691 87 29 över
1384 1683 251 36 civilärenden
1665 1683 71 35 den
1767 1684 45 33 21
1842 1680 166 36 februari

387 1740 108 42 1919,
524 1751 79 23 som
633 1746 39 27 är
700 1738 118 47 bilagt
845 1736 246 36 omförmälda
1118 1735 244 48 proposition.

490 1788 217 36 Emellertid
737 1787 225 36 framställer
989 1788 67 45 sig,
1086 1786 46 35 då
1160 1785 106 48 fråga
1294 1792 39 28 är
1352 1797 60 23 om
1432 1796 212 36 gemensam
1664 1783 134 48 valdag
1817 1781 58 37 för
1893 1782 117 36 andra

388 1841 226 41 kammaren,
640 1839 140 46 jämväl
809 1837 63 36 det
900 1838 230 47 spörsmålet,
1160 1836 98 35 huru
1287 1836 92 34 skall
1408 1834 169 43 förfaras,
1606 1841 66 28 när
1693 1833 212 48 Konungen
1925 1832 84 35 med

388 1890 231 47 upplösande
645 1902 44 23 av
718 1890 212 36 kammaren
958 1887 196 36 förordnar
1182 1899 61 23 om
1272 1899 73 35 nya
1364 1886 57 35 val
1448 1886 59 34 till
1527 1884 245 37 densamma
1751 1879 21 62 i
1800 1884 83 35 hela
1901 1883 107 35 riket.

385 1941 146 47 Frågan
571 1941 67 34 har
674 1940 81 35 icke
792 1939 160 48 tidigare
980 1939 13 34 i
1021 1938 101 35 detta
1150 1937 269 46 sammanhang
1447 1935 153 44 berörts,
1630 1948 85 22 men
1742 1934 68 35 bör
1838 1933 170 49 tydligen

387 1996 183 43 upptagas
599 1991 58 34 till
686 1989 239 36 besvarande.
980 1988 179 47 Möjligen
1187 1988 72 34 kan
1288 1986 236 47 ifrågasättas
1553 1991 63 44 att
1634 1985 57 36 för
1720 1985 102 35 detta
1840 1983 66 36 fall
1933 1984 76 35 låta

387 2041 44 36 de
467 2041 160 49 tidigare
664 2040 329 36 bestämmelserna
1022 2037 233 37 fortfarande
1283 2044 68 42 äga
1377 2037 168 35 bestånd.
1599 2036 34 35 ÅA
1660 2036 117 35 andra
1805 2035 104 35 sidan
1936 2035 73 35 kan

386 2092 63 36 det
476 2091 206 37 emellertid
711 2090 80 37 icke
819 2089 182 44 förnekas,
1031 2094 53 30 att
1112 2087 274 38 fastställandet
1404 2100 44 23 av
1468 2100 45 22 en
1532 2099 212 36 gemensam
1764 2085 133 48 valdag
1915 2091 92 29 även

386 2143 62 36 vid
489 2142 305 49 upplösningsval
835 2141 119 36 skulle
994 2142 12 33 i
1047 2140 187 47 åtskilliga
1272 2138 205 36 avseenden
1514 2137 182 48 befrämja
1724 2136 73 36 den
1824 2136 88 35 reda
1939 2135 69 36 och

387 2193 130 47 stadga
558 2194 10 34 i
610 2191 356 43 valförhållandena,
1009 2203 78 23 som
1128 2189 63 36 vid
1220 2189 106 36 dessa
1352 2190 57 35 val
1437 2189 74 35 lika
1538 2189 58 35 väl
1624 2201 78 23 som
1731 2187 63 36 vid
1822 2186 186 37 ordinarie

387 2245 57 34 val
486 2251 40 27 är
566 2242 195 37 önskvärd.
815 2242 73 48 Jag
923 2246 151 31 stannar
1110 2239 126 36 därför
1268 2239 62 36 vid
1358 2244 55 31 att
1442 2238 134 36 föreslå
1602 2241 119 33 såsom
1751 2238 258 47 regelmässigt
