1876 2784
550 156 314 30 Bankoutskottets
890 155 178 30 utlåtande
1094 164 42 19 nr
1162 155 50 29 11.
1614 150 17 30 7

131 242 362 40 banksinspektionen
511 241 64 30 har
594 240 10 30 i
624 240 59 30 sitt
701 239 173 40 yttrande,
894 238 127 30 liksom
1042 238 147 30 svenska
1208 236 315 39 bankföreningen,
1543 235 88 31 erin-

128 296 55 29 rat
202 304 56 21 om
280 294 41 30 de
343 293 215 35 uttalanden,
580 301 74 20 som
675 291 56 30 vid
753 290 322 41 postsparbankens
1095 288 199 31 inrättande
1318 288 64 30 och
1403 289 87 29 även
1513 295 119 21 senare

130 345 109 40 gjorts
259 354 56 20 om
335 345 50 28 att
402 344 158 30 bankens
579 341 138 42 uppgift
736 350 80 22 vore
836 342 49 29 att
903 340 185 41 uppsamla
1107 340 64 29 och
1191 340 82 39 göra
1293 339 185 29 fruktbara
1498 338 40 29 de
1559 337 74 30 små

128 395 275 41 besparingarna
427 395 90 29 samt
540 395 60 33 att,
624 393 106 29 sedan
754 393 100 29 dessa
877 391 97 31 vuxit
996 391 53 30 till
1072 399 95 21 mera
1191 389 189 31 avsevärda
1403 389 136 40 belopp,
1564 389 70 29 för-

130 446 114 31 medla
266 456 43 20 en
329 445 219 39 varaktigare
568 443 178 42 placering
766 443 52 29 till
840 443 104 39 högre
967 443 110 33 ränta,
1100 443 43 29 än
1166 440 304 41 postsparbanken
1492 440 69 29 kan
1584 447 48 31 ge.

132 497 247 40 Inspektionen
401 496 112 35 anför,
534 497 49 28 att
603 505 42 20 en
665 494 148 40 höjning
833 503 43 21 av
895 492 409 40 insättningsmaximum
1325 490 52 30 till
1398 499 74 21 mer
1494 492 44 28 än
1559 499 74 20 som

130 548 158 39 betingas
311 557 42 20 av
372 544 540 43 penningvärdesförsämringen
934 544 82 30 eller
1038 554 39 20 ca
1101 543 37 30 15
1154 542 63 30 000
1239 543 63 34 kr.,
1324 542 76 29 icke
1423 541 62 30 bör
1508 541 126 29 företa-

133 607 57 31 gas
214 600 86 28 utan
323 608 41 21 en
388 598 149 39 förnyad
560 596 171 41 prövning
754 605 42 21 av
819 596 100 30 dessa
942 595 151 39 grunder
1117 594 53 29 för
1194 593 322 40 postsparbankens
1541 591 93 30 ställ-

132 649 94 39 ning.
252 648 249 40 Inspektionen
526 648 222 38 ifrågasätter
774 646 172 40 därjämte
971 645 241 30 hållbarheten
1240 653 41 21 av
1307 645 40 30 de
1374 643 76 29 skäl
1476 652 42 20 av
1542 643 93 28 kost-

131 699 222 39 nadsmässig
374 700 63 33 art,
461 708 75 20 som
558 697 303 41 postsparbanken
884 696 118 30 anfört
1023 696 55 29 för
1101 704 42 20 en
1166 694 149 40 höjning
1338 694 120 29 utöver
1483 693 152 29 nämnda

131 750 135 40 belopp.
288 750 77 31 Med
385 750 138 38 hänsyn
544 749 52 29 till
617 748 41 30 de
680 747 184 31 sannolika
885 746 183 31 önskemål
1088 746 64 29 hos
1174 745 110 30 andra
1306 743 330 38 bankinrättningar

132 811 56 21 om
209 801 246 30 motsvarande
478 799 246 40 förändringar
746 808 42 21 av
808 798 54 30 för
884 799 78 29 dem
986 796 157 41 gällande
1164 794 382 40 insättningsmaxima,
1568 795 68 28 för-

132 852 103 30 ordar
271 851 246 41 inspektionen
553 849 173 40 slutligen,
764 851 51 28 att
850 848 194 39 ändringen
1081 857 42 20 av
1146 844 410 41 insättningsmaximum
1582 845 55 29 för

132 902 303 41 postsparbanken
452 901 55 30 får
524 901 109 34 anstå,
651 901 54 29 för
721 901 50 30 att
787 900 125 40 prövas
928 899 11 30 i
956 898 169 31 samband
1141 898 77 30 med
1238 898 40 29 de
1296 896 189 39 ändringar
1502 898 11 29 i
1530 896 107 29 bank-

134 953 263 39 lagstiftningen
415 952 10 29 i
442 952 121 39 övrigt,
583 960 72 21 som
674 950 209 30 förberedes.

176 1002 346 40 Bankofullmäktige
547 1002 64 30 och
634 1001 109 30 bank-
765 1001 67 30 och
856 999 332 41 fondinspektionen
1216 998 192 40 tillstyrker
1434 997 11 30 i
1471 998 76 29 sina
1572 998 66 38 ytt-

132 1054 134 30 randen
288 1063 42 20 en
351 1053 148 40 höjning
521 1062 41 20 av
582 1051 409 39 insättningsmaximum
1013 1050 52 30 till
1086 1049 41 30 30
1142 1050 62 30 000
1226 1050 52 28 kr.
1300 1049 75 29 Den
1397 1057 122 21 senare
1540 1057 98 29 myn-

133 1104 163 40 digheten
319 1105 59 38 gör
401 1104 57 30 det
481 1104 89 29 dock
592 1103 79 30 med
693 1112 43 20 en
758 1102 70 30 viss
852 1102 137 30 tvekan.
1014 1099 344 40 Bankofullmäktige
1381 1099 223 39 ifrågasätter
1627 1098 11 29 i

135 1155 300 39 sammanhanget,
460 1163 57 21 om
541 1154 57 30 det
621 1162 147 21 numera
791 1152 96 30 finns
913 1152 109 39 några
1044 1150 183 31 rationella
1253 1150 151 40 grunder
1428 1149 55 31 för
1508 1151 49 28 att
1580 1149 58 30 vid

136 1206 99 31 sidan
253 1215 42 21 av
312 1206 40 29 de
370 1205 179 30 allmänna
565 1204 191 39 inlånings-
774 1204 65 30 och
856 1201 503 32 likviditetsbestämmelserna
1377 1200 171 40 begränsa
1565 1199 75 40 just

135 1256 203 39 inlåningen
363 1256 45 40 på
434 1255 199 41 sparkasse-
658 1255 65 30 och
749 1253 355 39 motboksräkningar
1131 1253 64 29 och
1222 1251 130 31 uttalar
1378 1251 184 39 därjämte,
1590 1251 50 29 att

135 1306 222 40 fullmäktige
381 1306 77 30 icke
482 1306 137 30 kunnat
643 1304 101 31 finna
770 1304 86 35 skäl,
880 1304 119 30 varför
1024 1303 55 30 för
1103 1302 304 41 postsparbanken
1433 1302 90 29 skall
1551 1301 89 40 gälla

135 1357 93 40 lägre
251 1357 409 39 insättningsmaximum
684 1357 44 28 än
753 1355 55 30 för
832 1355 263 40 sparbankerna
1119 1353 54 31 för
1196 1353 94 31 vilka
1315 1353 246 30 motsvarande
1585 1352 56 29 be-

136 1408 80 40 lopp
234 1408 11 29 i
263 1407 137 40 princip
419 1407 134 40 uppgår
572 1407 52 29 till
644 1406 40 30 50
699 1405 62 30 000
781 1406 52 29 kr.

181 1457 65 30 Vid
267 1457 216 39 prövningen
505 1466 42 20 av
569 1455 409 40 generalpoststyrelsens
1002 1454 261 39 framställning
1285 1453 63 30 och
1371 1454 41 29 de
1435 1453 204 39 erinringar,

136 1518 74 20 som
231 1508 137 30 anförts
388 1508 72 29 mot
480 1507 77 34 den,
577 1507 63 30 har
658 1506 59 39 jag
737 1508 11 29 i
768 1506 138 29 samråd
926 1506 80 29 med
1026 1505 122 30 chefen
1169 1505 56 29 för
1245 1504 397 40 finansdepartementet

137 1557 147 30 kommit
300 1557 62 34 till,
381 1559 48 28 att
448 1557 55 29 det
522 1556 242 34 förhållandet,
783 1557 48 28 att
848 1555 259 37 lagstiftningen
1127 1554 54 30 för
1200 1555 46 29 bl.
1266 1564 28 20 a.
1313 1554 244 30 affärsbanker
1577 1553 64 30 och

137 1609 216 40 sparbanker
373 1608 10 30 i
405 1617 42 21 en
468 1609 86 29 nära
575 1606 144 31 framtid
740 1607 71 30 kan
831 1606 48 29 bli
901 1606 148 30 föremål
1071 1606 54 29 för
1146 1615 42 20 en
1211 1605 241 40 omprövning,
1475 1604 75 31 icke
1571 1605 70 30 kan

138 1669 101 20 anses
261 1659 99 39 lägga
379 1659 125 29 hinder
523 1658 11 29 i
555 1659 108 38 vägen
685 1657 55 30 för
761 1659 50 28 att
832 1656 410 40 generalpoststyrelsens
1264 1656 182 30 önskemål
1466 1656 12 28 i
1499 1654 70 32 viss
1589 1657 54 28 ut-

139 1708 205 40 sträckning
370 1708 238 40 tillmötesgås.
634 1708 64 39 Jag
722 1708 65 29 har
814 1708 85 29 även
925 1707 118 30 funnit
1068 1707 56 29 det
1150 1706 141 39 rimligt,
1318 1708 50 28 att
1394 1706 248 40 postsparban-

137 1761 67 29 ken
224 1760 109 30 redan
352 1769 47 20 nu
421 1759 139 39 medges
580 1769 42 19 en
641 1757 149 41 höjning
808 1767 42 21 av
869 1756 409 40 insättningsmaximum
1298 1757 52 29 till
1371 1757 40 29 20
1427 1756 63 30 000
1510 1757 52 30 kr.
1583 1756 60 30 Ge-

139 1819 81 20 nom
241 1811 115 28 denna
376 1809 157 39 höjning,
556 1818 74 20 som
652 1809 59 38 går
732 1809 121 28 utöver
873 1808 64 30 vad
959 1808 122 29 enbart
1102 1807 539 39 penningvärdesförsämringen

138 1861 198 33 motiverar,
358 1860 127 39 skapas
506 1859 111 31 bättre
637 1858 222 39 möjligheter
879 1859 49 28 att
949 1857 10 29 i
980 1857 187 30 framtiden
1190 1857 156 34 bedöma,
1368 1857 108 30 vilket
1496 1858 146 29 intresse

138 1912 54 29 för
215 1912 111 28 större
348 1910 235 38 insättningar
604 1909 10 29 i
637 1909 149 34 banken,
811 1918 74 20 som
909 1908 183 38 föreligger
1114 1908 63 29 hos
1201 1908 236 29 allmänheten
1461 1909 64 28 och
1551 1908 92 29 vilka

140 1961 211 39 verkningar
375 1960 130 30 sådana
529 1960 69 29 kan
621 1959 36 30 få
679 1959 44 39 på
746 1959 268 29 bankrörelsens
1039 1958 224 30 räntabilitet.
1287 1958 65 39 Jag
1375 1959 192 39 tillstyrker
1592 1959 52 29 så-

140 2013 107 29 lunda
269 2021 42 20 en
332 2010 147 40 höjning
500 2020 41 20 av
562 2009 320 41 postsparbankens
903 2008 408 39 insättningsmaximum
1334 2008 51 29 till
1407 2009 40 29 20
1463 2009 62 30 000
1548 2009 51 29 kr.

183 2061 399 40 Generalpoststyrelsen
600 2061 63 28 har
681 2060 117 29 vidare
817 2059 189 39 föreslagit,
1026 2061 49 27 att
1104 2061 1 28 i
1124 2059 169 30 samband
1314 2060 76 29 med
1411 2059 65 30 den
1497 2059 147 39 ändring

139 2123 41 20 av
200 2112 419 38 insättningsmaximum,
642 2120 72 21 som
737 2110 168 39 styrelsen
927 2110 167 33 förordat,
1115 2110 65 29 den
1200 2110 9 28 i
1231 2110 414 39 postsparbanksförord-

139 2164 128 38 ningen
289 2162 220 30 föreskrivna
530 2160 334 40 uppsägningstiden
887 2161 54 28 för
961 2160 328 39 tillgodohavanden
1311 2161 9 28 i
1341 2160 302 39 postsparbanken

143 2214 86 29 skall
253 2214 125 28 utökas
401 2213 78 29 från
503 2221 41 19 en
569 2211 48 29 till
639 2213 50 27 tre
711 2211 177 29 månader.
911 2210 12 28 I
948 2211 113 28 denna
1084 2210 97 38 fråga
1204 2211 64 28 har
1290 2211 107 28 bank-
1419 2211 64 28 och
1508 2211 137 29 fondin-

142 2264 216 38 spektionen,
392 2261 442 40 sparbanksinspektionen
867 2262 90 27 samt
988 2260 339 38 bankofullmäktige
1358 2262 108 37 yttrat
1499 2261 50 38 sig
1580 2262 63 28 och

143 2314 165 38 tillstyrkt
332 2313 175 37 förslaget.
529 2311 91 29 även
642 2320 55 19 om
718 2310 59 38 jag
797 2311 75 28 icke
894 2318 101 20 anser
1015 2310 70 37 mig
1106 2319 45 19 nu
1174 2310 83 30 böra
1280 2312 177 37 acceptera
1480 2312 76 29 hela
1579 2312 65 29 den

140 2363 149 39 höjning
310 2373 41 19 av
373 2361 417 38 insättningsmaximum,
814 2370 71 19 som
911 2360 167 38 styrelsen
1105 2360 165 36 förordat,
1294 2370 100 19 anser
1416 2361 69 38 jag,
1508 2363 49 29 att
1579 2363 64 28 den

141 2424 44 19 nu
206 2414 146 29 berörda
371 2412 191 37 ändringen
581 2412 59 28 bör
658 2410 166 37 vidtagas.
844 2410 206 37 Därigenom
1070 2410 65 28 blir
1153 2411 56 28 det
1227 2411 134 38 möjligt
1384 2413 45 27 att
1452 2412 191 34 förhindra,

142 2467 46 27 att
216 2466 41 27 de
284 2465 108 27 större
420 2463 241 35 insättningar,
689 2471 70 18 som
790 2460 188 38 höjningen
1006 2471 40 18 av
1074 2462 318 38 postsparbankens
1421 2462 224 38 insättnings-

143 2516 190 28 maximum
361 2515 64 27 kan
454 2513 128 37 medge,
606 2511 64 29 blir
694 2522 40 19 av
758 2511 117 29 alltför
899 2511 196 37 kortfristig
1122 2512 175 29 karaktär.
1322 2513 63 38 Jag
1410 2513 159 30 förordar
1594 2514 51 30 så-
