1892 2820
525 142 112 29 Första
662 144 222 34 lagutskottets
907 146 164 29 utlåtande
1095 148 47 28 Nr
1167 152 50 27 21.
1605 152 14 29 1

788 558 59 39 Nr
874 558 61 40 21.

531 712 117 29 Ankom
673 713 46 28 till
742 714 171 35 riksdagens
937 716 96 28 kansli
1055 717 58 28 den
1138 719 37 27 23
1200 728 77 18 mars
1301 721 81 26 1928
1407 720 37 28 kl.
1471 722 37 26 12
1532 731 38 18 m.

324 831 180 34 Utlåtande
526 836 11 29 i
560 834 181 40 anledning
764 848 41 20 av
829 837 71 32 dels
922 838 129 38 Kungl.
1075 840 120 38 Maj:ts
1217 844 206 35 proposition
1444 843 74 32 med
1542 844 66 37 för-

544 885 74 38 slag
637 886 53 31 till
707 886 56 39 lag
780 898 51 21 om
848 899 69 29 arv,
935 888 70 32 dels
1021 890 60 31 ock
1099 892 12 29 i
1128 892 110 30 ämnet
1253 892 123 32 väckta
1392 895 171 30 motioner.

145 1012 124 34 Genom
289 1027 38 20 en
349 1015 61 32 den
433 1018 37 30 11
492 1016 134 38 januari
648 1019 84 32 1928
753 1019 219 41 dagtecknad,
993 1021 55 32 till
1068 1022 189 38 lagutskott
1275 1024 164 34 hänvisad
1455 1023 152 46 Pproposi-

97 1063 82 40 tion,
200 1076 40 20 nr
262 1066 50 39 17,
334 1066 113 32 vilken
468 1066 197 34 behandlats
688 1080 42 21 av
752 1070 107 32 första
880 1071 234 41 lagutskottet,
1135 1073 61 32 har
1219 1075 128 38 Kungl.
1369 1076 111 40 Maj:t,
1501 1078 106 31 under

96 1113 207 40 åberopande
324 1128 42 20 av
387 1117 247 38 propositionen
655 1119 138 39 bilagda
814 1121 12 31 i
847 1122 182 33 statsrådet
1051 1124 61 32 och
1132 1124 152 38 lagrådet
1307 1126 97 32 förda
1427 1128 178 38 protokoll,

97 1164 180 40 föreslagit
296 1166 180 40 riksdagen
496 1172 52 29 att
568 1173 126 35 antaga
715 1171 62 32 här
797 1172 105 32 nedan
922 1173 222 33 omförmälda
1165 1175 129 39 förslag
1314 1177 55 31 till

165 1223 35 40 1)
230 1225 57 39 lag
306 1238 51 20 om
376 1239 75 26 arv;

163 1273 38 40 2)
229 1275 57 39 lag
305 1277 171 37 angående
494 1278 177 34 införande
690 1292 42 20 av
750 1280 98 39 lagen
867 1294 50 19 om
939 1294 74 27 arv;

163 1324 38 40 3)
230 1326 57 38 lag
306 1338 51 21 om
377 1327 169 34 allmänna
565 1330 218 39 arvsfonden;

162 1374 38 40 4)
229 1376 57 39 lag
304 1389 50 20 om
373 1378 142 39 ändring
533 1380 12 31 i
565 1381 40 31 13
621 1380 79 39 kap.
717 1381 330 41 giftermålsbalken;

162 1424 37 40 5)
228 1426 58 39 lag
309 1439 51 20 om
385 1429 144 39 ändring
553 1430 10 32 i
588 1431 93 32 vissa
700 1432 93 32 delar
811 1445 42 20 av
874 1430 241 47 ärvdabalken;

162 1475 37 41 6)
228 1477 57 39 lag
305 1479 170 37 angående
495 1480 144 39 ändring
658 1481 12 32 i
691 1481 237 40 förordningen
948 1484 61 32 den
1034 1486 40 32 18
1095 1486 184 38 september
1300 1489 95 39 1862,
1415 1488 86 33 huru
1522 1489 81 38 gäld

226 1528 57 33 vid
305 1529 148 33 dödsfall
473 1530 129 34 betalas
624 1531 88 33 skall
733 1533 59 33 och
812 1545 51 20 om
883 1536 270 39 urarvagörelse;

161 1576 37 41 7)
227 1578 57 40 lag
303 1580 171 38 angående
493 1582 128 33 ändrad
640 1582 128 39 lydelse
787 1596 42 20 av
850 1586 39 31 18
911 1585 18 39 $
946 1586 12 31 i
977 1585 98 39 lagen
1095 1587 62 32 den
1179 1589 40 31 14
1236 1588 72 38 juni
1329 1590 83 32 1917
1432 1602 51 20 om
1501 1590 99 39 adop-

226 1629 84 40 tion;

159 1677 37 41 8)
226 1680 57 39 lag
303 1682 170 37 angående
495 1683 128 33 ändrad
644 1684 127 38 lydelse
794 1697 43 20 av
860 1688 15 30 1
901 1686 18 39 $
939 1687 12 31 i
973 1687 99 38 lagen
1095 1689 62 31 den
1180 1690 40 31 14
1241 1689 71 38 juni
1337 1691 83 32 1917
1444 1703 51 20 om
1517 1692 83 32 barn

224 1734 91 29 utom
334 1732 202 40 äktenskap;

159 1779 38 41 9)
225 1781 57 39 lag
298 1783 170 37 angående
484 1784 144 39 ändring
645 1786 12 31 i
675 1787 38 30 11
732 1787 61 32 och
809 1788 39 31 12
866 1787 79 39 kap.
962 1800 43 20 av
1020 1788 99 39 lagen
1136 1790 62 33 den
1214 1792 40 31 27
1271 1791 74 38 juni
1362 1793 85 31 1924
1463 1804 51 20 om
1532 1793 66 32 för-

224 1833 241 40 mynderskap;

137 1880 58 40 10)
224 1882 57 40 lag
298 1896 51 20 om
366 1884 125 40 tillägg
507 1886 55 32 till
582 1887 40 32 33
642 1886 18 39 8
677 1887 249 40 konkurslagen
933 1901 8 26 ;
959 1893 87 29 samt

136 1931 58 40 11)
224 1933 56 39 lag
299 1946 51 20 om
371 1936 126 32 ändrad
517 1935 128 39 lydelse
664 1949 43 20 av
726 1940 16 30 1
764 1939 18 38 8
800 1939 12 31 i
831 1939 237 40 förordningen
1089 1941 61 32 den
1172 1943 40 32 16
1230 1942 72 38 Juni
1324 1945 83 31 1875
1425 1945 172 38 angående

223 1984 168 34 särskilda
413 1986 167 38 protokoll
601 1993 77 27 över
700 1988 176 41 lagfarter,
896 1990 235 40 inteckningar
1152 1993 60 32 och
1233 1994 104 32 andra
1358 1995 154 34 ärenden.

133 2050 19 32 I
171 2051 161 34 samband
352 2053 74 32 med
445 2053 106 33 denna
571 2056 208 37 proposition
798 2056 62 33 har
878 2057 164 34 utskottet
1063 2059 54 32 till
1137 2059 202 40 behandling
1362 2061 150 34 förehaft
1533 2063 63 33 föl-

87 2099 99 39 Jande
205 2102 13 32 i
239 2102 181 41 anledning
440 2116 42 20 av
501 2105 247 38 propositionen
769 2107 122 33 väckta
912 2108 171 41 motioner,
1106 2110 168 39 nämligen

176 2171 88 31 inom
285 2171 108 38 första
414 2172 190 33 kammaren

130 2239 40 20 nr
195 2229 63 32 220
282 2241 42 20 av
348 2230 76 32 herr
447 2231 186 41 Bissmark,

130 2290 41 20 nr
195 2279 62 32 221
282 2291 42 20 av
348 2280 77 32 herr
447 2281 113 34 Johan
583 2282 173 34 Bernhard
778 2284 190 33 Johansson
990 2286 59 32 och
1070 2286 77 33 herr
1168 2287 119 42 Rooth,

132 2341 40 19 nr
196 2330 62 32 222
283 2343 42 20 av
349 2331 76 33 herr
449 2333 120 32 Petrus
587 2334 137 33 Nilsson
742 2347 43 20 m.
803 2335 50 40 fl.,

131 2391 40 21 nr
195 2381 63 33 223
283 2394 42 20 av
348 2382 77 32 herr
448 2383 120 33 Möller
586 2396 43 21 m.
650 2385 50 40 fl.,

130 2442 40 20 nr
195 2432 64 32 224
282 2444 42 20 av
348 2445 99 26 greve
467 2434 125 41 Spens;

127 2502 118 35 Bihang
268 2504 47 28 till
336 2504 174 35 riksdagens
530 2506 144 34 protokoll
698 2509 89 27 1928.
834 2510 18 26 9
874 2508 82 28 saml.
1005 2512 13 25 1
1045 2510 64 28 avd.
1149 2512 37 26 15
1211 2510 74 34 häft.
1331 2507 58 36 (Nr
1413 2508 63 36 21)
1536 2512 16 29 1
