1880 2824
536 150 113 29 Första
668 152 224 33 lagutskottets
911 153 162 30 utlåtande
1092 154 47 28 Nr
1161 159 49 26 21.
1586 158 35 30 51

257 233 145 40 (Kungl.
423 236 119 39 Maj:ts
564 237 157 40 förslag.)
1058 238 206 41 (Utskottets
1283 241 159 42 förslag.)

835 338 69 38 178.

154 388 135 39 Finnes,
325 391 42 31 då
400 391 147 32 dödsfall
582 394 168 37 inträffar,
786 394 30 42 ej
842 405 111 21 annan
979 395 142 42 arvinge
1144 401 40 26 än
1210 397 134 39 fonden,
1369 399 89 31 skall
1483 399 56 32 det
1564 400 60 31 hos

111 441 112 30 rätten
247 441 152 31 anmälas
423 452 42 20 av
489 442 73 39 den,
587 454 69 20 som
682 444 60 31 har
765 444 77 31 boet
865 446 11 29 i
900 445 54 31 sin
974 446 93 38 vård,
1085 446 57 31 och
1161 452 120 26 nämne
1297 451 124 35 rätten,
1438 455 63 26 när
1516 450 106 32 sådan

111 490 155 31 anmälan
285 490 78 31 sker
386 491 82 31 eller
491 492 231 33 förhållandet
745 494 101 41 eljest
868 495 124 31 varder
1016 496 156 41 kunnigt,
1196 498 280 40 utredningsman
1501 500 12 30 i
1537 500 86 31 boet.

111 538 128 32 Prövas
263 540 106 31 denne
393 540 28 42 ej
446 552 82 20 vara
552 541 145 43 lämplig
720 544 52 30 för
795 543 200 43 uppdraget,
1019 546 104 31 varde
1147 546 65 31 han
1229 558 42 20 av
1286 551 115 28 rätten
1417 549 204 42 entledigad.

151 589 67 31 Det
251 590 134 41 åligger
407 591 576 35 kammaradvokatfiskalsämbetet
1005 598 54 29 att
1082 597 178 36 övervaka,
1284 600 54 29 att
1362 594 259 51 boutrednings-

110 650 144 20 mannen
279 640 179 42 behörigen
482 641 130 42 fullgör
635 643 75 32 sina
733 644 250 42 skyldigheter.

830 746 70 39 88

150 798 183 41 Egendom,
366 811 68 20 som
459 802 11 30 i
494 812 58 20 arv
576 801 152 33 tillfallit
751 804 132 38 fonden,
908 804 90 32 skall
1021 816 43 20 av
1089 806 390 42 boutredningsmannen
1503 810 117 31 försäl-

103 847 55 42 jas
195 850 20 30 å
237 850 155 42 offentlig
415 851 150 38 auktion,
590 852 60 32 där
673 852 29 42 ej
729 853 573 36 kammaradvokatfiskalsämbetet
1325 858 84 31 efter
1432 860 187 31 framställ-

106 899 84 42 ning
221 900 78 31 från
322 900 390 43 boutredningsmannen
736 907 104 28 annat
864 906 180 40 medgiver.
1090 905 208 44 Fordringar
1321 909 54 30 må
1398 909 82 32 dock
1502 910 119 32 försäl-

106 948 51 43 jas
181 950 148 32 allenast
351 951 12 31 i
387 951 62 31 den
472 954 77 29 mån
573 953 39 31 de
635 953 29 42 ej
691 954 115 31 kunna
829 955 163 32 indrivas.

146 999 399 44 Boutredningsmanonen
579 1004 90 31 skall
703 1004 62 31 ock
800 1005 188 43 ombesörja
1020 1006 176 43 betalning
1229 1018 43 21 av
1306 1009 62 31 den
1404 1010 100 32 dödes
1526 1012 91 41 gäld.

105 1049 150 33 Såframt
278 1051 188 42 anledning
489 1053 119 31 därtill
631 1059 38 26 är
691 1055 52 30 för
766 1054 143 40 handen,
934 1067 80 21 vare
1038 1057 66 31 han
1127 1057 128 43 pliktig
1278 1060 143 31 avträda
1437 1060 62 32 den
1517 1062 100 31 dödes

105 1101 160 41 egendom
299 1102 58 31 till
389 1103 162 32 konkurs.
597 1104 219 33 Försummar
851 1106 65 32 han
951 1107 68 39 det,
1054 1118 95 21 svare
1183 1108 68 32 han
1285 1109 247 42 borgenärerna
1566 1113 52 31 för

104 1151 139 32 skadan.

146 1201 67 32 För
237 1203 200 42 indrivning
459 1215 42 21 av
526 1205 93 32 boets
642 1206 197 42 fordringar
862 1212 62 37 äge
949 1208 390 43 bontredningsmannen
1356 1211 261 43 anhängiggöra

103 1252 60 32 och
186 1253 113 32 utföra
321 1254 94 32 talan
439 1258 83 28 utan
548 1255 269 43 bemyndigande
840 1269 43 20 av
905 1259 588 35 kammaradvokatfiskalsämbetet.

823 1351 18 31 9
866 1353 27 37 8.

145 1402 62 33 Om
241 1404 322 43 boutredningsman
587 1407 90 32 skall
700 1409 12 30 i
734 1408 211 43 tillämpliga
968 1409 96 33 delar
1085 1411 93 41 gälla
1200 1412 67 31 vad
1289 1422 53 21 om
1364 1413 189 42 syssloman
1578 1421 37 26 är

103 1454 146 41 stadgat.
297 1456 396 42 Boutredningsmannen
727 1470 81 21 vare
841 1460 199 42 berättigad
1073 1463 53 29 att
1159 1473 42 20 av
1235 1463 93 32 boets
1352 1464 107 32 medel
1480 1465 132 33 erhålla

103 1504 130 42 skäligt
256 1506 123 31 arvode
404 1506 52 32 för
479 1508 202 42 uppdraget,
706 1510 38 31 så
767 1510 61 31 ock
851 1512 194 41 ersättning
1067 1511 53 32 för
1142 1512 76 32 sina
1240 1513 194 33 kostnader.

812 1613 38 31 10
874 1614 28 38 8.

142 1665 74 32 Har
249 1666 169 41 egendom,
452 1679 69 21 som
544 1668 28 43 ej
603 1671 136 40 utgöres
762 1681 44 21 av
829 1672 198 41 penningar,
1051 1683 118 31 genom
1192 1674 90 41 gåva
1305 1675 82 32 eller
1411 1678 201 31 testamente

100 1715 152 32 tillfallit
274 1716 134 38 fonden,
432 1718 90 31 skall
545 1719 146 43 lämplig
714 1731 120 31 person
851 1723 175 31 förordnas
1043 1725 53 29 att
1111 1724 264 43 omhändertaga
1391 1726 59 33 och
1468 1727 143 44 försälja

100 1766 213 41 egendomen,
348 1768 144 32 såframt
525 1769 29 43 ej
591 1770 58 31 vid
682 1772 112 40 gåvan
832 1772 83 31 eller
951 1783 119 31 genom
1098 1776 217 31 testamentet
1338 1780 105 29 annat
1464 1778 144 32 särskilt

98 1816 224 39 föreskrivits,
358 1818 58 32 och
452 1819 89 32 skall
575 1821 12 30 i
621 1821 164 32 avseende
818 1823 20 30 å
861 1822 118 32 honom
1003 1824 13 30 i
1038 1823 212 44 tillämpliga
1274 1825 96 33 delar
1391 1827 94 41 gälla
1507 1829 67 31 vad
1599 1830 12 30 i

100 1868 80 31 7—9
203 1869 40 39 $3
267 1878 52 21 om
344 1868 322 44 boutredningsman
689 1877 38 26 är
749 1873 150 42 stadgat.

810 1976 35 30 11
872 1977 28 38 8.

140 2028 71 32 Har
234 2040 72 28 arv,
330 2041 71 21 som
424 2031 52 31 för
499 2031 246 33 bortovarande
769 2032 85 33 eller
876 2034 112 31 okänd
1012 2035 158 42 arvinges
1192 2036 148 43 räkning
1362 2038 182 33 förvaltats
1565 2051 44 21 av

96 2078 66 42 god
197 2090 85 29 man,
316 2080 58 31 till
408 2080 84 43 följd
525 2092 43 21 av
596 2086 212 29 arvsrättens
831 2085 231 42 preskription
1086 2087 153 31 tillfallit
1261 2088 133 38 fonden,
1419 2100 80 21 vare
1521 2091 86 41 gode

97 2140 141 22 mannen
272 2130 130 43 pliktig
424 2132 148 41 fullgöra
595 2133 66 31 vad
684 2134 108 41 enligt
815 2136 18 30 8
857 2137 19 38 8
900 2136 109 31 första
1031 2136 133 43 stycket
1186 2137 136 43 åligger
1346 2139 259 43 boutrednings-

96 2191 86 21 man.

809 2237 38 30 12
872 2239 28 37 8.

136 2290 140 33 Fonden
300 2291 260 34 tillkommande
583 2293 108 33 medel
714 2294 97 33 skola
835 2296 212 32 överlämnas
1070 2296 58 32 till
1144 2298 255 34 statskontoret.
1439 2299 163 34 Redovis-

94 2343 92 40 ning,
210 2353 70 20 som
304 2343 84 32 efter
410 2343 183 43 utredning
615 2355 42 21 av
681 2345 125 33 dödsbo
830 2346 83 33 eller
936 2346 98 43 eljest
1056 2347 90 33 skall
1170 2349 141 41 avgivas
1328 2350 50 32 för
1393 2351 212 43 förvaltning

95 2402 42 20 av
170 2393 171 41 egendom,
376 2393 113 33 vilken
514 2394 210 33 tillkommer
746 2396 137 41 fonden,
908 2400 163 40 mottages
1095 2399 61 32 och
1178 2399 168 42 granskas
1369 2412 42 21 av
1434 2402 170 33 kammar-

94 2442 428 34 advokatfiskalsämbetet.
