1882 2818
253 122 42 31 40
676 123 114 30 Första
808 125 224 34 lagutskottets
1048 125 164 29 utlåtande
1230 126 48 28 Nr
1299 131 51 26 21.

398 207 144 40 (Kungl.
563 209 120 39 Maj:ts
705 209 157 41 förslag.)
1196 210 207 41 (Utskottets
1421 212 160 41 förslag.)

254 306 98 38 skall,
387 317 52 20 om
462 306 162 42 egendom
646 305 106 33 finnes
774 306 13 31 1
810 306 122 38 behåll,
956 317 70 21 som
1050 306 259 43 adoptivbarnet
1333 308 141 32 erhållit
1496 309 77 31 från
1597 309 168 43 adoptant

252 357 12 30 i
281 367 70 27 arv,
369 357 90 40 gåva
475 357 83 31 eller
573 358 211 36 testamente,
802 356 230 43 beräkningen
1050 368 43 20 av
1107 357 67 32 vad
1189 368 69 21 som
1276 358 209 32 tillkommer
1501 360 165 42 adoptant
1682 360 83 33 eller

253 407 184 41 adoptants
471 406 237 42 avkomlingar
741 407 59 31 ske
826 408 76 31 med
925 407 132 43 hänsyn
1083 408 57 31 till
1164 408 56 32 det
1241 408 113 39 värde,
1378 410 207 40 egendomen
1608 410 43 32 då
1674 415 89 37 äger.

252 456 128 32 Finnes
414 456 105 32 sådan
553 456 160 42 egendom
744 457 29 42 ej
809 458 10 30 i
855 457 119 38 behåll,
1005 457 90 32 skall
1119 458 132 42 bänsyn
1274 460 99 40 tagas
1397 459 58 32 till
1478 460 74 32 dess
1576 460 105 32 värde
1704 460 59 33 vid

253 508 246 40 mottagandet,
523 507 143 31 såframt
689 507 28 42 ej
744 507 162 42 vederlag
928 507 134 33 influtit
1085 508 60 32 till
1167 512 105 28 annat
1296 509 130 43 belopp.

296 557 181 43 Adoptant
500 557 83 32 eller
605 557 183 43 adoptants
812 558 234 42 avkomlingar
1070 563 70 38 äge,
1164 559 58 32 vid
1240 558 138 43 delning
1394 571 44 20 av
1454 560 308 43 kvarlåtenskapen

253 608 87 31 efter
373 607 261 43 adoptivbarnet
667 608 81 32 eller
781 608 74 32 dess
889 608 105 39 make,
1028 609 43 42 på
1098 608 54 33 sin
1175 609 66 32 lott
1263 609 176 33 bekomma
1462 611 106 32 sådan
1592 611 170 42 egendom,

255 669 72 21 som
351 658 260 42 adoptivbarnet
634 657 139 32 erhållit
796 658 77 32 från
898 659 162 42 adoptant
1083 660 11 30 i
1118 670 70 28 arv,
1211 661 89 41 gåva
1323 660 82 33 eller
1428 663 213 31 testamente.

932 803 18 31 5
976 801 107 33 KAP.

584 880 71 31 Om
678 880 193 31 allmänna
894 880 254 31 arvsfondens
1171 881 77 31 rätt
1271 880 60 32 till
1355 889 82 24 arv.

974 955 70 39 18.

293 1012 127 32 Finnes
453 1012 30 42 ej
520 1013 143 41 arvinge
693 1012 140 42 jämlikt
866 1023 86 21 ovan
985 1013 105 41 givna
1124 1013 261 39 bestämmelser,
1422 1014 136 32 tillfalle
1591 1017 96 29 arvet
1721 1026 41 21 en

253 1062 90 38 fond,
368 1062 165 32 benämnd
557 1062 172 32 allmänna
752 1062 210 32 arvsfonden.

974 1149 17 29 2
1016 1149 28 37 8.

294 1205 201 42 Föreligger
529 1205 186 42 anledning
748 1208 52 28 att
823 1206 20 30 å
866 1205 139 32 fondens
1028 1211 132 36 vägnar
1183 1206 143 32 klandra
1349 1209 209 37 testamente,
1583 1218 70 21 som
1678 1208 83 32 dock

250 1256 54 31 får
338 1259 143 38 antagas
515 1267 83 20 vara
628 1258 48 29 ett
700 1255 122 42 riktigt
845 1255 144 42 uttryck
1012 1256 52 31 för
1086 1256 212 32 arvlåtarens
1320 1260 152 39 yttersta
1496 1258 95 43 vilja,
1616 1259 53 31 må
1693 1258 67 32 Ko-

251 1317 137 31 nungen
412 1307 141 38 besluta,
579 1309 53 28 att
654 1306 144 32 klander
821 1306 29 42 ej
877 1306 89 31 skall
990 1311 65 37 äga
1077 1318 84 23 rum.

971 1392 19 31 3
1014 1393 28 38 8.

292 1448 85 39 Arv,
412 1460 70 21 som
505 1449 154 31 tillfallit
682 1449 130 39 fonden,
837 1450 64 37 må,
926 1449 60 32 där
1009 1450 57 31 det
1088 1450 75 31 med
1186 1449 134 43 hänsyn
1344 1450 56 32 till
1424 1451 338 42 omständigheterna

250 1499 52 32 får
336 1510 95 21 anses
465 1499 125 42 billigt,
626 1500 109 41 enligt
756 1499 210 42 Konungens
989 1500 223 32 förordnande
1235 1501 72 31 helt
1329 1501 84 32 eller
1436 1501 108 32 delvis
1567 1503 115 31 avstås
1705 1502 56 31 till

251 1550 212 32 arvlåtarens
487 1550 202 43 skyldeman
712 1550 82 31 eller
817 1561 123 27 annan,
964 1562 68 20 som
1057 1552 90 30 stått
1170 1551 194 32 arvlåtaren
1387 1557 91 26 nära.

970 1641 17 25 4
1012 1637 28 38 8.

293 1692 62 32 Om
378 1693 140 31 fondens
541 1693 159 32 ändamål
724 1695 88 30 samt
834 1693 217 33 meddelande
1075 1704 43 21 av
1142 1695 180 31 understöd
1345 1706 42 20 ur
1410 1696 131 38 fonden,
1566 1696 37 31 så
1626 1695 59 33 ock
1709 1707 51 21 om

250 1743 140 32 fondens
413 1742 216 42 förvaltning
651 1743 61 32 och
736 1743 197 33 bevakande
956 1755 41 20 av
1020 1744 75 32 dess
1118 1748 71 28 rätt
1211 1750 38 26 är
1271 1745 141 32 särskilt
1435 1745 145 42 stadgat.

930 1888 18 31 6
972 1887 105 32 KAP.

802 1981 71 32 Om
896 1981 167 32 förskott
1086 1978 23 36 å
1132 1989 80 24 arv.

968 2058 69 37 18.

292 2113 76 32 Vad
403 2113 195 33 arvlåtaren
626 2114 11 31 i
661 2115 162 31 livstiden
847 2114 92 42 givit
960 2114 239 42 bröstarvinge
1222 2115 90 31 skall
1337 2116 108 31 såsom
1469 2116 148 32 förskott
1639 2116 119 32 avräk-

250 2175 61 21 nas
345 2165 20 30 å
398 2164 83 32 hans
516 2175 69 25 arv,
614 2164 148 32 såframt
785 2165 74 32 icke
882 2167 106 29 annat
1012 2165 216 32 föreskrivits
1252 2166 82 31 eller
1356 2166 73 32 med
1452 2165 136 44 hänsyn
1612 2167 56 31 till
1692 2178 66 20 om-

250 2214 279 42 ständigheterna
562 2216 108 30 måste
700 2218 144 38 antagas
868 2215 89 31 hava
979 2214 92 32 varit
1095 2218 120 29 avsett.
1260 2209 51 39 Är
1335 2219 214 39 mottagaren
1573 2228 110 20 annan
1708 2228 50 20 ar-

248 2265 112 41 vinge,
395 2265 88 31 skall
518 2265 194 42 avräkning
746 2265 67 38 ske,
848 2265 143 32 allenast
1025 2276 52 21 om
1111 2266 93 31 detta
1230 2267 156 41 stadgats
1410 2267 83 31 eller
1515 2269 42 40 på
1581 2269 112 39 grund
1716 2278 43 20 av

249 2315 335 42 omständigheterna
607 2317 108 31 måste
738 2327 97 20 anses
858 2316 89 31 hava
969 2316 92 31 varit
1085 2318 124 37 avsett,
1234 2317 42 31 då
1298 2318 201 40 egendomen
1523 2328 93 31 gavs.

291 2358 51 38 Är
366 2366 58 31 till
446 2366 137 31 makars
607 2376 251 31 gemensamma
881 2366 236 42 bröstarvinge
1141 2366 147 33 förskott
1311 2368 19 30 å
1353 2378 61 21 arv
1438 2370 95 39 givet
1557 2379 42 20 av
1619 2368 139 32 enderas

248 2416 268 42 giftorättsgods,
552 2416 100 39 skall,
687 2417 107 31 såvitt
822 2417 56 31 det
901 2417 65 31 kan
990 2416 68 39 ske,
1083 2417 192 42 avräkning
1298 2417 114 32 därför
1435 2423 65 36 äga
1523 2429 75 20 rum
1622 2419 19 31 å
1665 2422 94 28 arvet
