1896 2816
248 147 18 30 6
665 142 115 28 Första
803 141 223 35 lagutskottets
1048 141 165 29 utlåtande
1236 141 48 29 Nr
1309 146 48 25 21.

252 232 149 30 arvsrätt
417 229 54 32 för
489 229 138 32 kusiner
645 228 161 38 åberopas
825 231 48 29 ett
891 227 75 33 skäl
984 239 43 20 av
1046 230 69 29 stor
1134 226 157 39 praktisk
1309 226 180 39 betydelse.
1518 226 71 33 Till
1610 227 87 37 följd
1717 239 42 20 av

252 284 51 29 att
322 279 234 33 kusinkretsen
576 279 73 33 ofta
670 283 38 28 är
728 282 78 36 stor,
828 278 149 32 kommer
996 277 307 39 kvarlåtenskapen
1323 277 57 33 vid
1400 277 126 32 arvfall
1547 277 55 32 till
1621 277 139 33 kusiner

252 334 53 29 att
326 330 154 39 splittras
502 330 12 32 i
537 329 181 39 smådelar;
741 329 163 32 arvfallet
925 328 67 33 blir
1013 328 121 33 härvid
1155 328 97 38 långt
1274 340 70 20 mer
1367 333 42 27 än
1432 327 96 38 eljest
1548 339 43 21 av
1612 327 146 39 kapital-

253 381 210 33 förstörande
486 380 136 39 verkan,
648 380 12 32 i
683 380 55 32 det
760 383 52 29 att
835 380 55 32 det
914 379 72 32 ofta
1011 379 69 32 helt
1105 379 164 32 oväntade
1296 379 60 32 och
1380 378 158 38 vanligen
1563 378 195 39 obetydliga

251 435 96 29 arvet
364 443 42 20 av
423 434 211 35 mottagaren
650 430 168 32 användes
837 430 54 32 för
909 429 224 33 konsumtion.
1163 429 44 38 Ej
1227 429 102 32 minst
1347 433 39 28 är
1405 429 90 32 detta
1515 440 43 20 av
1577 428 181 39 betydelse,

254 483 42 32 då
317 483 100 37 fråga
437 487 38 27 är
494 493 51 21 om
566 482 72 32 fast
657 481 169 39 egendom.
858 480 68 33 Det
946 485 38 27 är
1003 492 42 20 av
1063 480 76 32 vikt
1158 483 51 29 att
1229 479 174 39 fasthålla,
1423 482 51 29 att
1495 479 124 38 frågan
1641 479 30 38 ej
1695 484 62 33 rör,

250 531 166 33 huruvida
436 544 38 20 en
494 531 69 32 viss
583 531 100 32 kusin
705 531 87 32 skall
813 530 165 33 uteslutas
1001 531 77 31 från
1098 542 72 26 arv,
1190 533 82 29 utan
1292 530 167 32 huruvida
1480 533 94 29 arvet
1595 529 90 33 skall
1705 533 50 28 ut-

252 581 124 33 skiftas
395 582 13 31 i
428 581 167 33 smådelar
613 581 89 32 inom
722 593 39 20 en
781 581 214 32 kusinskara.
1037 580 73 32 Vill
1130 580 191 32 arvlåtaren
1342 592 114 26 gynna
1476 581 120 37 någon,
1618 580 81 32 eller
1720 584 37 27 är

251 632 83 32 hans
355 632 126 32 önskan
501 635 52 28 att
573 632 62 32 den
657 632 91 32 fasta
770 631 200 39 egendomen
991 631 147 32 behålles
1159 631 120 32 odelad
1299 631 12 31 i
1333 630 142 38 släkten,
1497 630 68 32 kan
1585 630 66 32 han
1673 641 82 27 upp-

252 686 89 28 rätta
358 686 197 29 testamente
572 682 54 32 till
645 682 131 32 förmån
794 682 53 32 för
865 694 39 20 en
923 682 68 32 viss
1011 681 110 32 kusin.

297 733 174 33 Utskottet
487 733 62 31 vill
568 733 12 32 i
598 733 92 32 detta
709 732 240 38 sammanhang
968 732 108 32 erinra
1096 744 52 20 om
1168 744 40 20 en
1228 731 230 33 bestämmelse
1477 731 12 31 i
1509 731 176 40 förslaget,
1706 743 52 20 en-

253 784 65 38 ligt
338 783 113 33 vilken
470 795 70 28 arv,
562 795 69 21 som
651 783 151 32 tillfallit
823 783 55 32 det
898 783 179 39 allmänna,
1101 782 89 32 skall
1211 782 113 32 kunna
1347 782 114 32 avstås
1484 781 54 32 till
1560 780 198 39 skyldeman

252 834 83 33 eller
354 846 120 27 annan,
497 846 69 20 som
586 834 85 32 stått
691 834 192 32 arvlåtaren
904 838 93 27 nära.
1032 833 125 32 Genom
1181 833 91 32 detta
1295 832 184 38 stadgande
1500 832 62 31 har
1582 831 177 38 möjlighet

253 885 155 39 lämnats,
431 888 52 29 att
504 885 74 32 med
602 885 132 38 hänsyn
758 884 54 32 till
836 884 254 32 förhållandena
1115 884 11 31 i
1152 883 55 32 det
1230 882 168 33 särskilda
1422 882 99 32 fallet
1543 882 98 32 avstå
1665 885 93 28 arvet

251 934 200 39 exempelvis
469 934 54 33 till
540 947 38 20 en
594 935 100 32 kusin
712 934 79 33 eller
808 934 54 33 till
878 946 109 20 annan
1005 934 76 32 från
1099 946 60 20 arv
1176 933 169 33 utesluten
1360 933 209 38 skyldeman.
1601 932 155 33 Särskild

251 985 180 38 anledning
452 985 54 32 till
528 985 120 32 sådant
669 984 283 33 efterskänkande
975 984 193 39 föreligger,
1191 984 42 32 då
1257 983 283 38 samäganderätt,
1562 987 25 28 t.
1610 995 51 20 ex.
1683 983 12 31 1
1717 995 38 19 en

249 1034 357 39 Jordbruksfastighet,
625 1035 127 32 bestått
768 1035 123 32 mellan
909 1034 190 33 arvlåtaren
1118 1035 61 32 och
1198 1034 271 38 skyldemannen,
1490 1033 59 32 och
1568 1033 187 38 billighets-

251 1084 75 33 skäl
346 1085 96 38 eljest
460 1085 70 32 tala
552 1085 54 32 för
626 1089 49 28 ett
695 1085 190 32 avstående.
928 1084 52 33 Då
1001 1085 53 32 för
1073 1085 210 32 närvarande
1303 1096 38 20 en
1364 1083 98 39 dylik
1482 1083 273 38 samäganderätt

251 1135 111 33 består
383 1135 121 32 mellan
526 1136 58 31 två
603 1135 148 39 kusiner,
772 1135 149 32 kommer
939 1135 57 32 vid
1018 1135 61 32 den
1101 1147 60 20 ena
1182 1135 159 32 kusinens
1364 1134 64 32 död
1449 1134 82 32 hans
1553 1133 54 32 del
1627 1133 12 32 i
1660 1144 95 26 egen-

252 1185 116 33 domen
389 1185 29 38 ej
441 1189 52 29 att
514 1185 143 33 tillfalla
680 1185 61 32 den
763 1185 102 33 andre
888 1197 111 20 ensam
1021 1189 81 28 utan
1125 1185 106 32 måste
1255 1184 91 33 delas
1369 1184 122 32 mellan
1514 1183 160 38 samtliga
1696 1182 59 33 ku-

251 1236 98 39 siner,
373 1236 192 38 varigenom
591 1236 217 38 egendomens
834 1235 214 39 försäljning,
1073 1236 73 31 ofta
1172 1235 54 32 till
1251 1234 240 39 utomstående,
1517 1234 238 37 framtvingas.

251 1285 61 33 Om
332 1286 158 38 däremot,
509 1286 87 32 efter
614 1289 49 29 ett
680 1285 221 39 borttagande
922 1298 41 19 av
982 1285 301 39 kusinarvsrätten,
1304 1285 55 32 det
1378 1284 169 33 allmänna
1567 1284 117 32 avstår
1705 1283 49 32 sin

251 1340 148 29 arvsrätt
417 1336 54 32 till
489 1337 131 31 förmån
639 1336 53 32 för
711 1337 60 32 den
788 1336 99 32 kusin
907 1348 68 20 som
994 1336 77 32 haft
1087 1336 52 31 del
1156 1336 12 31 i
1186 1335 211 39 egendomen,
1415 1334 148 32 kommer
1580 1334 177 32 resultatet

252 1391 50 28 att
320 1387 91 32 bliva
431 1387 193 38 detsamma,
645 1398 69 20 som
733 1398 52 20 om
803 1390 49 28 ett
869 1389 196 29 testamente
1083 1386 55 32 till
1156 1386 131 32 förmån
1307 1385 53 32 för
1379 1385 102 32 denne
1502 1384 175 38 förelegat,
1696 1383 60 32 och

251 1437 139 32 berörda
412 1437 172 38 svårighet
606 1436 216 39 följaktligen
845 1436 30 38 ej
897 1440 51 28 att
969 1436 157 32 inträffa.

298 1489 18 31 I
336 1489 55 32 det
410 1488 200 38 föregående
630 1488 63 31 har
712 1487 166 32 utskottet
899 1486 87 33 flera
1007 1487 127 37 gånger
1155 1485 200 40 framhållit,
1377 1488 52 30 att
1448 1486 38 32 de
1508 1485 78 32 från
1607 1497 62 20 arv
1689 1488 69 28 ute-

255 1539 112 33 slutna
393 1538 263 39 skyldemännen
679 1538 123 38 kunna,
829 1538 61 32 där
915 1537 191 32 arvlåtaren
1134 1537 37 32 så
1196 1537 111 31 finner
1333 1536 168 39 lämpligt,
1526 1535 233 39 ihågkommas

253 1601 117 27 genom
391 1592 207 30 testamente.
633 1589 121 38 Någon
775 1588 227 38 begränsning
1023 1599 42 21 av
1087 1587 345 32 testamentsfriheten
1453 1587 61 31 har
1536 1586 170 37 nämligen
1730 1585 28 38 ej

254 1643 127 29 ansetts
396 1640 79 32 böra
493 1644 65 34 äga
575 1651 84 20 rum.
690 1638 173 33 Utskottet
881 1639 56 31 får
953 1639 12 31 i
983 1639 89 31 detta
1089 1638 162 32 avseende
1268 1637 140 32 hänvisa
1427 1637 54 32 till
1498 1637 64 32 vad
1578 1637 13 31 i
1609 1636 149 39 proposi-

251 1690 111 31 tionen
387 1688 43 40 (s.
452 1689 147 39 56—57)
625 1690 12 31 i
657 1689 106 32 denna
784 1689 52 32 del
856 1692 122 36 yttras.

296 1766 18 32 I
337 1765 160 33 samband
521 1765 74 33 med
620 1764 62 32 den
706 1776 44 20 nu
772 1763 206 33 behandlade
1002 1763 122 39 frågan
1149 1775 51 20 om
1225 1766 207 29 arvsrättens
1457 1763 225 38 begränsning
1706 1763 54 31 må

252 1815 189 40 anmärkas,
463 1819 51 29 att
533 1816 12 31 i
568 1816 38 32 de
626 1827 43 20 av
688 1815 76 32 herr
783 1815 121 32 Petrus
924 1815 138 32 Nilsson
1081 1826 43 21 m.
1146 1814 40 39 fl.
1207 1814 60 33 och
1288 1826 41 20 av
1349 1814 77 32 herr
1448 1814 118 32 Olsson
1586 1814 12 31 i
1619 1812 140 33 Kullen-

251 1866 173 39 bergstorp
445 1879 43 20 m.
511 1867 40 38 fl.
570 1866 124 32 väckta
714 1865 205 32 motionerna
940 1870 95 33 göres
1056 1865 168 39 gällande,
1246 1868 51 29 att
1318 1865 54 32 det
1392 1876 78 20 vore
1490 1868 50 28 att
1559 1864 130 39 befara,
1709 1866 51 29 att

252 1916 159 39 beloppen
430 1928 42 20 av
492 1928 60 20 arv
568 1916 55 32 till
644 1915 138 39 Sverige
800 1916 87 32 efter
905 1915 141 33 svenska
1065 1915 203 38 emigranter
1284 1935 45 3 —
1346 1915 140 32 särskilt
1503 1915 38 32 de
1559 1926 69 21 som
1649 1914 111 32 bosatt

252 1967 53 39 sig
329 1968 5 31 i
352 1966 262 33 Nordamerikas
633 1967 131 32 förenta
782 1970 105 29 stater
904 1986 44 3 —
966 1966 108 32 skulle
1092 1969 157 29 avsevärt
1265 1965 160 40 minskas,
1445 1965 41 33 då
1505 1966 54 32 det
1575 1965 75 33 icke
1667 1964 92 33 torde

251 2017 113 32 kunna
384 2018 73 32 med
477 2017 156 33 säkerhet
653 2017 179 39 påräknas,
851 2020 51 29 att
921 2017 206 32 främmande
1146 2019 106 30 stater
1270 2016 108 32 skulle
1397 2016 71 32 låta
1485 2028 59 20 arv
1563 2016 124 38 övergå
1706 2015 54 32 till

253 2068 139 39 Sverige
408 2069 12 31 i
438 2069 38 32 de
495 2069 74 39 fall,
589 2074 61 27 när
670 2068 55 32 det
741 2068 169 32 allmänna
930 2068 60 32 och
1008 2067 73 33 icke
1101 2067 39 32 de
1159 2067 162 38 anhöriga
1339 2067 55 32 till
1414 2067 39 32 de
1473 2066 136 32 avlidna
1628 2065 129 32 komme

250 2122 52 29 att
320 2119 53 32 stå
391 2119 107 32 såsom
517 2122 197 35 mottagare.

297 2168 73 33 Den
387 2170 12 31 i
418 2169 204 32 motionerna
644 2169 140 32 sålunda
805 2168 139 33 berörda
965 2169 122 37 frågan
1107 2173 37 27 är
1163 2180 43 20 av
1225 2167 264 33 internationellt
1508 2166 251 40 privaträttslig

251 2223 111 29 natur.
406 2218 137 39 Sverige
563 2225 37 27 är
621 2231 70 21 som
710 2219 122 32 bekant
852 2219 147 32 anslutet
1019 2219 54 32 till
1093 2219 39 32 de
1154 2231 26 20 s.
1198 2218 34 34 k.
1252 2218 394 39 Haagkonventionerna,
1666 2217 92 32 vilka

252 2270 130 38 reglera
402 2270 91 33 vissa
515 2270 291 38 familjerättsliga
827 2270 60 32 och
908 2269 305 39 civilprocessuella
1235 2269 117 38 frågor
1371 2269 89 32 inom
1483 2269 61 32 den
1565 2267 193 33 internatio-

252 2320 89 33 nella
368 2321 235 38 privaträtten.
652 2321 67 32 För
745 2320 209 32 närvarande
980 2320 106 39 pågår
1113 2320 114 32 arbete
1253 2320 54 32 för
1332 2319 294 33 åstadkommande
1653 2330 43 20 av
1720 2330 38 20 en

251 2370 201 33 konvention
473 2371 126 38 jämväl
622 2372 45 37 på
690 2371 331 32 successionsrättens
1045 2370 143 33 område.
1234 2370 53 32 En
1308 2370 178 41 konferens
1509 2370 12 31 i
1543 2372 121 36 ämnet,
1686 2368 73 32 vari

251 2425 85 28 även
357 2420 137 40 Sverige
515 2421 123 40 deltog,
658 2422 61 32 har
739 2425 110 29 senast
868 2421 116 33 hållits
1002 2422 12 31 i
1033 2421 117 38 början
1169 2433 42 20 av
1228 2420 224 33 innevarande
1471 2421 48 32 år.
1559 2419 67 32 Det
1645 2424 38 27 är
1703 2419 56 32 vid
