1894 2820
551 150 113 27 Första
689 150 223 34 lagutskottets
936 151 162 28 utlåtande
1124 152 46 28 Nr
1196 156 47 25 21.
1628 154 18 29 d

137 233 105 31 andra
262 233 64 32 löst
345 234 52 31 till
418 234 52 37 sig
490 235 96 31 deras
606 235 138 32 andelar
764 236 7 30 i
795 249 37 18 en
854 237 6 30 i
884 237 74 31 boet
978 238 86 30 efter
1085 237 94 32 deras
1203 238 94 31 fader
1319 238 80 31 eller
1421 239 111 31 moder
1549 239 92 37 ingå-

138 283 80 32 ende
238 284 174 38 fastighet,
431 284 60 32 dör
507 285 59 31 och
583 286 219 32 efterlimnar
819 291 49 27 ett
884 287 93 38 barn,
996 299 69 19 som
1082 288 126 36 jämväl
1226 288 139 32 avlider.
1406 288 53 32 Då
1477 289 164 37 syskonen

136 333 89 32 visat
249 334 90 31 detta
364 334 288 39 tillmötesgående
677 337 55 30 för
754 340 51 28 att
827 337 120 32 hindra
974 337 282 38 fädernegårdens
1279 338 167 37 klyvning
1471 339 80 31 eller
1575 339 67 31 för-

137 383 157 39 säljning,
319 396 76 20 vore
419 384 56 32 det
497 386 162 38 stötande,
683 398 51 19 om
757 387 57 31 vid
837 387 133 32 barnets
996 388 63 31 död
1084 388 204 37 fastigheten
1312 389 29 36 ej
1367 389 109 31 skulle
1499 389 142 31 tillfalla

137 433 71 31 dem
226 437 79 28 utan
323 434 54 31 det
392 434 180 33 allmänna.
612 436 17 30 I
648 436 204 32 motionerna
869 437 137 38 uttalas,
1026 441 51 28 att
1091 438 108 37 någon
1218 442 104 27 större
1339 438 125 37 ökning
1481 451 42 19 av
1541 443 100 27 testa-

135 487 169 28 mentenas
322 485 93 30 antal
433 484 168 38 knappast
617 485 110 32 skulle
744 486 125 32 behöva
888 487 145 39 befaras,
1053 499 50 19 om
1123 487 185 32 föräldrars
1327 488 124 37 syskon
1471 492 169 33 utestäng-

137 532 55 32 des
210 533 76 31 från
303 538 158 28 arvsrätt.
502 535 161 31 Häremot
680 536 53 31 må
751 536 138 38 erinras,
907 540 52 28 att
975 541 82 27 även
1075 549 50 19 om
1143 538 37 31 så
1198 549 77 20 vore
1293 538 236 38 förhållandet,
1549 538 90 31 detta

135 582 106 32 likväl
259 583 29 37 ej
306 583 65 32 kan
389 584 162 38 åberopas
570 596 67 20 som
656 586 92 31 bevis
765 587 43 36 på
826 590 50 27 att
895 587 227 37 samhörighet
1139 587 121 31 mellan
1280 588 71 31 dem
1370 588 60 30 och
1449 588 188 31 arvlåtaren

135 632 73 33 icke
227 633 175 38 förelegat.
444 634 18 31 I
480 634 105 32 denna
605 635 240 32 arvssituation
864 641 37 26 är
920 636 168 38 nämligen
1106 637 112 32 städse
1238 638 99 36 fråga
1356 649 50 19 om
1427 649 60 19 arv
1507 638 74 30 från
1601 650 38 18 en

135 694 106 26 yngre
262 684 191 36 generation
476 684 53 32 till
550 697 38 20 en
610 685 103 32 äldre.
757 686 17 31 I
796 686 120 32 sakens
938 690 100 28 natur
1058 687 118 39 ligger,
1198 691 52 27 att
1271 691 195 28 testamente
1487 688 10 30 i
1521 687 118 32 sådant

136 732 64 31 fall
222 733 143 33 allenast
387 734 108 32 sällan
517 739 193 35 upprättas;
736 736 60 32 den
820 748 106 26 yngre
951 737 123 32 räknar
1096 738 29 36 ej
1149 738 74 31 med
1245 741 51 28 att
1319 738 43 37 gå
1384 737 75 31 bort
1483 738 70 31 före
1578 737 60 32 den

136 782 102 33 äldre.
280 784 77 31 Man
375 784 66 32 kan
462 784 126 39 därför,
607 785 57 33 vid
683 798 38 20 en
741 786 226 39 begränsning
986 799 42 20 av
1047 791 188 28 arvsrätten
1255 789 42 36 på
1317 791 67 28 sätt
1410 788 6 30 i
1436 788 202 31 motionerna

135 833 205 40 föreslagits,
360 834 29 37 ej
409 835 141 32 hänvisa
568 837 122 36 frågan
710 841 52 27 att
778 837 87 31 lösas
885 841 315 34 testamentsvägen.

181 884 173 33 Utskottet
377 887 142 37 övergår
542 886 149 32 härefter
715 887 54 31 till
794 887 203 38 behandling
1020 899 42 20 av
1086 888 61 31 den
1172 900 110 26 grupp
1308 900 41 19 av
1375 888 170 40 motioner,
1570 889 73 30 vari

136 934 191 33 hemställes
349 947 50 20 om
421 936 232 33 bibehållande
676 949 43 20 av
738 940 149 29 arvsrätt
909 938 53 31 för
986 938 145 32 kusiner.
1165 938 120 39 Enligt
1305 938 182 32 utskottets
1510 939 134 37 mening

136 985 89 32 lärer
242 997 38 20 en
298 986 104 32 sådan
421 986 236 40 samhörighet,
678 999 69 20 som
765 987 187 39 berättigar
969 988 55 32 till
1040 1000 69 27 arv,
1129 988 29 38 ej
1179 988 113 32 finnas
1311 988 123 32 mellan
1452 988 191 32 arvlåtaren

134 1035 59 32 och
211 1035 106 33 dessa.
357 1036 102 32 Detta
478 1042 37 27 är
532 1050 39 19 en
590 1037 86 38 följd
694 1038 100 32 redan
812 1050 42 20 av
871 1038 243 32 kusinskarans
1134 1039 155 38 vanligen
1308 1039 190 38 betydande
1515 1039 124 32 storlek

134 1086 60 31 och
212 1086 61 32 den
290 1086 202 38 tilltagande
510 1087 203 39 rörligheten
730 1088 101 33 bland
850 1089 250 38 befolkningen.
1142 1089 43 38 Ej
1205 1089 108 32 sällan
1332 1091 52 30 stå
1403 1089 176 38 åtskilliga
1597 1101 43 20 av

133 1135 180 33 kusinerna
337 1149 69 20 mer
428 1137 82 32 eller
532 1138 128 33 mindre
684 1139 209 33 främmande
917 1140 55 31 för
994 1140 206 37 arvlåtaren;
1226 1140 63 32 fall
1314 1140 204 32 förekomma
1543 1140 42 32 då
1609 1139 29 38 ej

134 1198 56 20 ens
208 1186 95 33 deras
319 1187 93 32 antal
428 1188 61 32 och
504 1200 99 20 namn
619 1193 57 27 äro
692 1189 117 32 honom
827 1189 156 33 bekanta.
1022 1190 64 32 Att
1101 1190 291 32 kusinarvsrätten
1410 1191 12 30 i
1439 1190 104 32 sådan
1559 1190 79 31 hän-

134 1236 89 33 delse
242 1236 124 33 saknar
384 1238 93 38 varje
496 1238 133 33 hållbar
647 1239 120 38 grund,
788 1252 99 26 synes
907 1240 166 32 utskottet
1092 1240 196 38 uppenbart.
1332 1240 17 31 I
1370 1241 39 31 de
1430 1240 122 32 väckta
1573 1252 65 19 mo-

132 1287 150 32 tionerna
298 1292 96 33 göres
413 1288 185 33 emellertid
614 1289 168 39 gällande,
800 1293 51 29 att
868 1291 44 37 på
929 1290 233 38 landsbygden
1180 1290 109 33 skulle
1307 1290 81 32 råda
1407 1290 61 32 den
1485 1290 153 38 uppfatt-

132 1337 132 39 ningen,
300 1341 51 29 att
386 1339 267 38 samhörigheten
689 1340 121 32 mellan
846 1340 139 32 kusiner
1009 1340 62 32 allt
1097 1341 212 31 fortfarande
1332 1353 78 19 vore
1435 1340 203 39 tillräckligt

133 1387 94 32 stark
251 1387 53 33 för
326 1391 52 29 att
399 1389 162 32 motivera
584 1402 39 19 en
646 1393 159 29 arvsrätt.
852 1391 65 31 Att
941 1391 105 31 denna
1069 1391 134 37 mening
1226 1391 109 31 skulle
1358 1402 82 20 vara
1464 1402 89 20 mera
1577 1390 61 32 all-

132 1441 94 29 mänt
258 1438 146 32 rådande
437 1443 167 34 motsäges
639 1439 93 39 dock,
767 1440 101 32 bland
901 1444 112 34 annat,
1048 1453 41 19 av
1122 1441 61 32 den
1218 1441 194 37 förebragta
1448 1440 187 33 statistiska

131 1488 232 39 utredningen.
421 1489 117 32 Denna
572 1490 102 39 visar,
709 1494 53 28 att
795 1491 42 32 då
873 1491 40 32 de
947 1495 168 28 närmaste
1150 1491 203 38 arvingarna
1388 1491 172 37 utgjordes
1596 1503 43 19 av

134 1538 146 40 kusiner,
320 1539 76 32 från
436 1540 73 32 dem
546 1540 371 34 borttestamenterades
958 1542 86 32 ända
1082 1542 91 32 intill
1201 1543 39 31 80
1268 1544 21 31 Z
1316 1553 42 20 av
1387 1541 252 37 sammanlagda

130 1588 445 40 kvarlåtenskapssumman.
617 1591 163 32 Häremot
810 1596 96 33 göres
937 1592 12 31 i
982 1604 39 19 en
1053 1592 52 32 del
1136 1604 42 20 av
1211 1592 39 32 de
1280 1592 123 32 väckta
1434 1592 204 32 motionerna

131 1640 168 38 gällande,
329 1644 51 28 att
408 1641 58 32 vid
496 1653 39 20 en
566 1642 209 38 granskning
793 1654 43 20 av
873 1642 195 33 antalet
1103 1642 108 38 fall,
1248 1643 41 32 då
1309 1642 138 32 kusiner
1465 1654 78 20 voro
1562 1647 74 27 när-

131 1694 107 28 maste
267 1691 170 38 arvingar,
470 1695 95 28 arvet
595 1692 11 31 i
638 1692 155 38 omkring
825 1694 41 31 50
899 1695 21 31 2
952 1705 43 19 av
1028 1692 104 32 fallen
1166 1693 76 37 gått
1272 1692 53 32 till
1359 1693 85 31 dem.
1499 1692 138 33 Oavsett

133 1745 52 29 att
203 1742 206 33 sistnämnda
426 1743 188 38 procenttal
632 1743 29 39 ej
680 1743 74 32 med
772 1743 156 32 säkerhet
945 1743 67 32 kan
1032 1743 189 32 fastställas
1240 1743 72 32 med
1330 1743 137 38 ledning
1486 1755 42 20 av
1547 1743 94 32 stati-

134 1792 120 40 stiken,
272 1793 68 32 kan
358 1793 54 32 det
431 1793 107 39 enligt
555 1793 183 33 utskottets
756 1794 134 38 mening
908 1794 264 38 uppenbarligen
1191 1794 30 37 ej
1241 1794 161 38 åberopas
1424 1794 107 32 såsom
1548 1793 94 32 bevis

134 1844 44 37 på
197 1855 39 20 en
254 1844 237 39 samhörighet,
511 1856 68 20 som
597 1844 59 32 bör
673 1844 151 33 medföra
844 1848 159 35 arvsrätt,
1022 1848 51 28 att
1096 1845 5 31 i
1120 1844 131 32 hälften
1270 1857 42 19 av
1333 1845 39 31 de
1392 1844 75 40 fall,
1488 1845 42 32 då
1548 1844 92 32 kusi-

133 1906 59 20 ner
211 1899 57 27 äro
285 1894 170 40 arvingar,
474 1894 307 40 kvarlåtenskapen
799 1916 45 2 —
861 1896 44 38 på
924 1896 109 37 grund
1052 1907 42 20 av
1114 1907 60 20 arv
1194 1895 80 33 eller
1292 1898 198 30 testamente
1508 1916 45 4 —
1572 1895 68 32 till-

135 1945 101 32 faller
258 1945 83 33 dem.
374 1945 104 33 Detta
502 1950 37 28 är
561 1946 91 32 desto
674 1946 128 32 mindre
824 1946 237 40 förhållandet,
1085 1958 78 27 som,
1188 1946 106 38 enligt
1314 1946 66 32 vad
1401 1946 12 31 i
1436 1946 205 32 motionerna

129 1996 100 33 också
250 1996 145 39 anföres,
416 1996 205 33 kusinarven
641 2001 57 28 äro
719 1996 160 33 talrikast
900 1997 88 32 inom
1012 1997 39 32 de
1072 1996 93 39 lägre
1188 1996 451 39 förmögenhetsgrupperna,

133 2046 61 32 där
213 2058 110 21 vanan
344 2050 51 29 att
415 2051 162 35 upprätta
598 2051 198 29 testamente
817 2048 107 39 enligt
947 2048 249 32 erfarenhetens
1219 2048 208 32 vittnesbörd
1449 2048 192 32 överhuvud

130 2102 38 27 är
186 2097 208 39 väsentligen
413 2097 129 33 mindre
560 2098 143 32 u'bredd
722 2103 40 27 än
781 2098 11 32 i
812 2098 39 32 de
871 2098 103 38 högre
994 2098 59 32 och
1074 2098 59 32 där
1152 2098 296 32 underlåtenheten
1467 2101 51 29 att
1537 2101 101 29 testa-

133 2151 147 29 mentera
299 2148 75 32 bort
394 2148 78 32 från
491 2148 181 33 kusinerna
696 2149 217 38 följaktligen
933 2149 29 38 ej
982 2149 68 32 kan
1070 2149 160 38 åberopas
1252 2149 54 32 till
1326 2150 74 31 stöd
1422 2149 54 32 för
1496 2161 39 20 en
1556 2161 84 20 sam-

129 2198 154 39 hörighet
307 2198 121 33 mellan
455 2199 72 32 dem
554 2199 60 32 och
640 2199 202 33 arvlåtaren.
889 2199 68 32 Det
982 2200 53 31 må
1061 2199 60 32 ock
1146 2199 127 33 erinras
1301 2199 125 40 därom,
1453 2202 51 29 att
1529 2199 110 38 själva

131 2248 227 33 förekomsten
382 2261 42 20 av
447 2262 40 20 en
509 2250 89 38 legal
621 2253 149 29 arvsrätt
794 2251 54 32 för
868 2250 200 39 avlägsnare
1093 2250 198 39 skyldemän
1313 2250 68 32 kan
1404 2251 161 39 medföra,
1589 2254 52 28 att

133 2303 196 30 testamente
348 2300 54 32 till
422 2300 132 33 förmån
573 2301 54 32 för
643 2313 110 20 annan
771 2301 29 38 ej
819 2304 191 36 upprättas,
1030 2301 103 32 ehuru
1152 2301 201 40 arvlåtaren,
1375 2313 52 20 om
1447 2302 61 32 den
1529 2301 112 38 legala

133 2350 113 39 regeln
262 2350 30 39 ej
310 2351 131 41 funnes,
459 2351 73 32 ofta
548 2351 30 39 ej
595 2351 109 33 skulle
719 2364 116 26 genom
854 2355 197 29 testamente
1068 2352 213 38 ihågkomma
1298 2353 61 31 den
1377 2352 264 39 ifrågavarande

133 2400 272 39 skyldemannen.

180 2451 124 33 Utöver
328 2452 65 33 vad
419 2465 44 20 nu
489 2456 131 29 nämnts
645 2453 67 33 kan
737 2454 125 39 vidare,
888 2454 109 32 såsom
1023 2454 11 32 i
1060 2454 246 38 propositionen
1336 2454 207 39 framhålles,
1571 2457 69 28 mot
