1894 2778
289 151 18 30 4
648 153 284 31 Statsutskottets
954 155 179 31 utlåtande
1153 166 43 20 nr
1215 158 39 28 81
1277 157 40 30 år
1338 158 83 30 1963

290 235 78 29 med
395 235 78 30 dess
502 236 174 30 särskilda
703 237 86 30 krav
816 238 44 39 på
889 239 258 41 samplanering
1175 250 42 20 av
1245 241 93 31 olika
1366 243 423 41 rationaliseringsobjekt

290 294 101 20 anses
412 285 119 31 fordra
551 295 44 21 en
616 288 130 29 central
767 288 142 40 ledning
928 289 11 29 i
960 289 109 31 minst
1090 290 71 30 lika
1182 291 68 39 hög
1271 293 83 37 grad
1377 301 75 21 som
1473 293 316 41 rationaliserings-

288 335 223 30 verksamhet
535 346 43 20 av
605 346 95 21 mera
726 338 214 31 traditionell
966 340 178 30 karaktär.
1173 342 175 30 Utskottet
1374 343 59 29 vill
1463 343 120 30 därför
1611 340 177 48 tillstyrka

291 384 123 40 Kungl.
434 386 125 39 Maj:ts
579 387 131 40 förslag
728 390 51 28 att
797 398 43 19 en
860 390 131 29 central
1011 391 142 39 ledning
1172 391 193 41 tillskapas.

333 435 227 31 Beträffande
578 437 57 29 det
653 439 154 29 centrala
825 439 246 40 dataorganets
1090 441 215 40 inplacering
1324 443 11 28 i
1356 443 348 41 statsförvaltningen
1723 445 66 30 har

289 485 120 30 delade
431 487 183 39 meningar
635 488 147 30 kommit
804 489 52 29 till
879 490 149 39 uttryck.
1052 491 130 30 Härvid
1203 492 65 30 har
1291 492 174 31 förordats
1489 494 20 29 å
1532 503 66 21 ena
1621 495 100 30 sidan
1744 505 43 21 en

289 535 189 30 fristående
498 537 249 39 organisation,
767 538 243 31 innefattande
1030 541 46 29 all
1096 541 266 40 ifrågavarande
1382 544 233 35 verksamhet,
1637 545 20 30 å
1677 546 111 30 andra

290 585 99 30 sidan
406 595 42 20 en
466 587 222 40 anknytning
704 607 44 3 —
764 589 72 30 helt
854 590 82 29 eller
954 591 109 29 delvis
1081 609 44 3 —
1143 592 51 29 till
1214 593 252 31 statskontoret
1485 594 116 30 såsom
1621 595 56 30 det
1698 595 90 31 före-

289 635 137 40 fintliga
454 639 145 37 organet
628 638 53 29 för
710 639 131 29 allmän
870 640 533 41 rationaliseringsverksamhet.
1435 644 122 30 Såsom
1587 654 43 21 av
1659 646 57 29 det
1746 646 42 29 ti-

287 685 117 40 digare
431 686 150 31 anförda
609 687 155 40 framgår
791 689 145 30 innebär
964 691 404 39 departementschefens
1398 694 131 40 förslag
1558 697 51 28 att
1638 696 41 29 de
1709 705 78 21 cen-

287 736 88 30 trala
395 737 225 39 uppgifterna
640 738 97 30 inom
756 739 58 30 det
835 740 281 31 administrativa
1137 742 473 41 databehandlingsområdet
1633 745 153 41 förläggs

286 785 52 30 till
357 787 262 35 statskontoret,
638 791 49 27 alt
706 789 319 31 maskincentralen
1044 792 87 29 även
1150 792 10 29 i
1180 792 272 41 fortsättningen
1472 794 153 41 förläggs
1644 796 52 29 till
1717 798 69 29 sta-

286 835 138 31 tistiska
440 838 245 39 centralbyrån
703 842 90 27 samt
809 842 51 27 att
877 841 66 29 den
960 842 247 30 matematiska
1224 843 341 41 databehandlingen
1584 846 64 29 och
1667 846 118 40 övriga

285 886 161 30 tekniska
464 887 180 40 uppgifter
659 889 231 39 provisoriskt
908 890 152 41 förläggs
1079 892 52 29 till
1151 893 250 31 statskontoret
1419 895 11 28 i
1449 896 175 29 avvaktan
1642 896 46 40 på
1706 897 79 29 när-

285 945 95 21 mare
403 938 188 39 utredning
613 948 42 20 av
677 939 67 29 den
767 940 298 39 organisatoriska
1090 942 272 41 utformningen.
1387 945 53 29 Då
1463 946 107 39 enligt
1596 947 189 30 utskottets

286 987 140 39 mening
450 987 154 31 bärande
631 989 74 29 skäl
731 990 137 30 anförts
894 990 53 30 för
972 992 68 29 den
1065 992 11 29 i
1101 993 262 39 propositionen
1389 994 187 31 förordade
1602 997 184 39 lösningen

285 1045 43 20 av
347 1037 383 41 organisationsfrågan
752 1040 64 29 har
838 1041 168 31 utskottet
1029 1042 72 30 inte
1123 1042 117 31 funnit
1263 1044 189 41 anledning
1474 1046 52 29 till
1549 1046 141 30 erinran
1713 1049 73 28 mot

286 1086 165 40 förslaget
471 1088 11 28 i
502 1088 117 30 denna
639 1090 63 29 del.

328 1137 74 29 Vad
424 1138 387 39 departementschefen
834 1140 11 29 i
869 1141 113 30 skilda
1004 1142 224 31 hänseenden
1252 1144 118 30 anfört
1393 1145 11 29 i
1429 1146 171 30 samband
1624 1147 79 29 med
1727 1148 58 29 det

285 1186 195 40 framlagda
501 1189 427 41 organisationsförslaget
948 1192 66 30 har
1034 1192 73 30 inte
1129 1193 82 39 givit
1234 1194 170 30 utskottet
1426 1196 189 40 anledning
1637 1197 53 29 till
1714 1198 72 29 sär-

286 1237 82 30 skilt
399 1238 180 31 uttalande
610 1241 97 28 utom
736 1240 12 28 i
779 1240 157 40 följande
966 1242 209 30 hänseende.
1208 1244 394 39 Departementschefen
1633 1247 65 30 har
1728 1248 57 30 be-

284 1286 176 31 träffande
482 1290 250 38 systemarbete
752 1290 12 29 i
786 1291 169 30 samband
977 1293 80 29 med
1079 1293 258 31 administrativ
1359 1295 296 42 databehandling
1678 1297 107 30 fram-

284 1337 100 29 hållit
403 1338 119 30 vikten
543 1349 44 20 av
606 1342 50 27 att
677 1340 67 30 den
765 1340 214 41 tillgängliga
1000 1343 196 39 expertisen
1218 1344 96 30 inom
1335 1345 157 31 området
1514 1346 67 30 blir
1604 1348 179 39 utnyttjad

284 1387 44 39 på
348 1389 48 28 ett
416 1398 41 20 ur
476 1389 369 41 statsförvaltningens
868 1393 180 38 synpunkt
1069 1393 161 30 effektivt
1252 1395 69 29 sätt
1342 1396 65 30 och
1428 1398 51 28 att
1501 1397 283 31 arbetsinsatser-

283 1447 46 20 na
350 1437 150 41 förläggs
522 1439 52 30 till
597 1440 113 30 direkt
731 1441 210 39 produktiva
963 1443 178 30 områden.
1164 1443 13 30 I
1199 1444 204 41 anslutning
1424 1446 120 30 härtill
1566 1447 59 30 vill
1649 1448 135 30 utskot-

284 1489 46 28 tet
353 1489 235 39 understryka
610 1491 295 39 angelägenheten
927 1502 42 20 av
992 1495 51 27 att
1066 1494 66 29 den
1156 1493 210 42 långsiktiga
1389 1497 245 40 utvecklingen
1657 1498 45 40 på
1726 1499 58 29 det

282 1538 281 31 administrativa
590 1541 474 40 databehandlingsområdet
1091 1544 107 39 ägnas
1226 1544 204 42 erforderlig
1458 1548 324 39 uppmärksamhet.

283 1588 102 30 Detta
408 1598 102 29 synes
533 1590 260 39 betydelsefullt
817 1593 79 29 med
921 1593 138 39 hänsyn
1084 1594 52 29 till
1160 1595 56 29 det
1240 1595 183 31 rationella
1447 1597 66 29 och
1537 1598 45 39 på
1606 1598 81 40 lång
1712 1599 71 30 sikt

282 1638 300 41 ändamålsenliga
610 1642 241 39 utnyttjandet
879 1653 41 19 av
947 1643 57 30 det
1034 1644 148 39 dyrbara
1212 1646 306 39 maskinsystemet
1550 1649 64 29 och
1643 1658 43 21 av
1715 1650 67 29 den

281 1688 82 39 högt
390 1689 249 31 kvalificerade
666 1692 161 39 personal
858 1702 73 20 som
960 1693 111 30 måste
1101 1696 173 39 utnyttjas
1304 1696 54 30 för
1386 1699 300 39 programmering
1716 1700 66 29 och

281 1740 259 37 systemarbete.

324 1787 12 29 I
351 1788 220 31 motionerna
588 1791 28 28 1:
633 1791 60 29 647
711 1791 65 29 och
792 1792 45 29 II:
854 1792 59 30 797
930 1793 64 29 har
1010 1794 207 30 framställts
1232 1797 179 36 yrkanden
1426 1799 167 30 avseende
1609 1796 175 45 organisa-

280 1838 118 30 tionen
420 1849 42 20 av
484 1840 68 30 den
575 1842 246 31 matematiska
845 1843 351 41 databehandlingen.
1220 1847 217 31 Motionerna
1461 1849 40 29 är
1525 1849 108 30 delvis
1657 1849 124 41 likaly-

281 1889 122 30 dande.
424 1890 176 30 Utskottet
619 1892 58 29 vill
696 1892 11 28 i
727 1893 189 40 anledning
935 1904 43 20 av
996 1895 359 39 motionsyrkandena
1374 1898 117 30 erinra
1510 1907 58 21 om
1589 1901 50 28 att
1659 1896 123 47 depar-

282 1940 276 30 tementschefen
579 1941 205 35 framhållit,
805 1945 50 28 att
875 1944 46 39 på
939 1953 62 21 var
1020 1946 65 28 och
1106 1955 43 20 en
1169 1955 42 21 av
1231 1947 42 29 de
1294 1949 202 29 nuvarande
1519 1949 71 29 fem
1613 1950 168 31 universi-

282 1990 79 28 tets-
381 1990 65 29 och
466 1990 291 40 högskolorterna
778 1993 296 41 förutsättningar
1094 1995 110 31 måste
1227 1996 126 40 skapas
1376 1997 55 31 för
1452 1999 107 39 högre
1582 2000 199 41 utbildning

279 2039 65 29 och
365 2039 186 41 forskning
570 2041 96 30 inom
686 2043 216 30 automatisk
922 2044 296 41 databehandling
1239 2056 80 20 men
1340 2050 50 27 att
1412 2049 70 29 han
1504 2049 12 29 i
1538 2050 174 30 avvaktan
1734 2051 46 40 på

278 2089 151 30 särskild
451 2091 190 40 utredning
661 2092 71 30 inte
752 2093 90 30 varit
864 2094 127 31 beredd
1013 2097 51 28 att
1087 2098 34 27 ta
1144 2097 165 40 ställning
1331 2098 51 29 till
1404 2099 69 29 hur
1494 2100 285 39 organisationen

278 2139 90 29 skall
391 2139 183 32 utformas.
597 2142 74 30 Den
693 2142 186 31 förordade
902 2145 232 40 utredningen
1158 2146 111 31 skulle
1292 2147 176 32 anförtros
1493 2150 251 31 statskontoret
1767 2151 12 29 i

279 2189 114 30 direkt
420 2191 195 30 samarbete
643 2193 78 29 med
750 2193 214 31 företrädare
993 2195 54 30 för
1077 2196 183 40 forskning
1288 2199 65 28 och
1380 2199 106 39 högre
1516 2201 262 39 undervisning.

278 2240 238 40 Utredningen
539 2242 65 29 har
627 2242 185 31 förutsatts
837 2244 98 30 skola
958 2245 160 30 bedrivas
1144 2247 216 38 skyndsamt.
1386 2249 70 30 Mot
1481 2250 230 39 bakgrunden
1736 2261 44 20 av

280 2289 57 30 det
356 2290 148 30 anförda
526 2291 118 31 finner
664 2293 169 30 utskottet
855 2294 51 39 sig
926 2294 71 30 inte
1019 2295 122 31 kunna
1162 2296 175 40 tillstyrka
1358 2300 50 29 att
1430 2299 188 39 riksdagen
1639 2301 12 29 i
1673 2297 107 48 enlig-

278 2339 59 30 het
361 2341 78 29 med
463 2341 185 38 yrkanden
673 2342 10 29 i
709 2343 220 31 motionerna
954 2354 47 20 nu
1029 2345 113 30 skulle
1168 2346 135 31 besluta
1329 2357 56 21 om
1413 2348 114 31 förtur
1555 2349 54 30 för
1636 2360 44 21 en
1706 2352 72 30 viss

279 2389 437 43 datamaskinanläggning
761 2396 92 27 samt
897 2403 57 21 om
999 2395 508 43 beställningsbemyndigande
1555 2400 222 32 beträffande

279 2440 153 30 nämnda
451 2442 222 40 anläggning.
692 2443 165 31 Däremot
877 2444 59 30 vill
956 2445 171 31 utskottet
1146 2446 12 29 i
1177 2447 205 41 anslutning
1400 2449 52 29 till
1473 2450 66 29 vad
1560 2450 11 29 i
1592 2452 187 30 motioner-
