1898 2782
103 180 48 29 Nr
167 179 129 30 81—582
464 176 284 32 Statsutskottets
769 173 180 31 utlåtande
968 181 44 21 nr
1032 172 39 30 81
1094 171 40 30 år
1155 170 84 30 1963
1590 166 15 29 il

778 370 53 36 Nr
857 369 48 35 81

329 473 185 32 Utlåtande
543 472 11 30 i
581 470 189 40 anledning
799 478 43 22 av
869 467 128 40 Kungl.
1026 466 126 39 Maj:ts
1181 462 217 42 proposition
1429 460 177 41 angående

549 520 282 42 organisationen
853 527 43 22 av
918 517 67 31 den
1007 514 238 33 automatiska
1267 511 341 39 databehandlingen

550 574 94 28 inom
668 568 349 41 statsförvaltningen
1040 575 47 22 m.
1110 574 45 21 m.
1178 564 110 40 jämte
1312 563 11 30 i
1345 562 119 30 ämnet
1488 560 122 31 väckta

550 622 182 31 motioner.

1418 663 74 35 (5:e
1511 661 93 34 avd.)

154 745 13 30 I
184 743 265 42 propositionen
465 751 42 21 nr
528 742 14 29 1
563 741 65 30 har
646 738 125 41 Kungl.
791 736 107 41 Maj:t
921 735 131 40 (bilaga
1072 735 30 35 9,
1120 733 201 41 punkterna
1342 730 51 36 14,
1412 729 53 36 25,
1485 729 52 35 26,
1557 728 52 34 29,

110 796 52 35 30,
184 796 37 30 31
245 794 66 31 och
332 794 58 35 32)
417 791 179 41 föreslagit
617 790 189 39 riksdagen
827 789 61 33 att,
917 786 6 31 i
944 785 152 32 avbidan
1117 783 46 41 på
1185 781 153 33 särskild
1359 779 218 43 proposition
1599 777 12 31 i

109 847 128 33 ämnet,
260 845 55 30 för
337 842 206 41 budgetåret
568 839 149 39 1963/64
739 839 157 30 beräkna
919 835 158 41 följande
1101 834 132 40 anslag,
1259 832 177 40 nämligen
1460 830 53 31 till
1539 830 72 30 Sta-

109 896 140 31 tistiska
273 893 260 40 centralbyrån:
560 889 320 33 Maskincentralen
905 889 49 29 ett
979 884 274 41 förslagsanslag
1279 892 43 21 av
1348 882 15 30 1
1380 881 63 31 000
1468 880 65 36 kr.,
1558 879 54 31 till

111 946 272 31 Statskontoret:
407 943 213 39 Avlöningar
642 943 48 29 ett
712 937 275 42 förslagsanslag
1009 946 43 21 av
1074 934 95 32 3815
1184 933 62 31 000
1269 934 65 34 kr.,
1356 932 53 31 till
1433 931 179 31 Statskon-

111 999 103 28 toret:
235 993 260 34 Omkostnader
513 994 48 30 ett
580 988 274 43 förslagsanslag
873 997 44 22 av
934 987 62 31 461
1013 985 62 32 000
1095 985 64 35 kr.,
1178 984 53 31 till
1251 980 362 34 Matematikmaskin-

111 1047 193 31 nämnden:
333 1044 215 40 Avlöningar
573 1044 48 29 ett
648 1039 276 41 förslagsanslag
950 1047 43 21 av
1019 1036 96 31 3260
1130 1035 62 31 000
1221 1035 64 34 kr.,
1313 1033 53 30 till
1394 1030 219 32 Matematik-

111 1095 337 33 maskinnämnden:
471 1092 258 32 Omkostnader
751 1091 49 29 ett
819 1087 278 41 förslagsanslag
1118 1095 43 21 av
1184 1084 62 31 785
1260 1083 63 31 000
1345 1083 65 34 kr.,
1432 1081 53 32 till
1508 1081 106 30 Mate-

112 1145 449 33 matikmaskinnämnden:
584 1141 155 32 Materiel
759 1150 45 20 m.
825 1149 45 21 m.
891 1140 49 29 ett
959 1134 358 40 reservationsanslag
1337 1143 43 21 av
1401 1132 61 31 700
1477 1130 63 32 000
1561 1130 52 31 kr.

113 1199 91 30 samt
231 1198 52 29 till
310 1190 544 37 Matematikmaskinnämnden:
886 1187 198 32 Kostnader
1112 1185 55 31 för
1195 1183 194 32 maskintid
1416 1183 60 30 vid
1505 1180 110 33 andra

113 1247 264 32 datamaskiner
394 1246 46 30 än
457 1244 196 31 nämndens
672 1250 87 32 egna
778 1243 50 29 ett
846 1238 276 41 förslagsanslag
1139 1246 43 21 av
1200 1234 20 31 4
1234 1234 62 32 000
1312 1234 62 31 000
1394 1233 52 31 kr.

160 1341 202 31 Sedermera
381 1340 65 29 har
467 1338 125 39 Kungl.
614 1336 106 40 Maj:t
740 1335 12 29 i
772 1332 265 42 propositionen
1058 1339 43 21 nr
1123 1329 52 35 85,
1198 1327 112 31 under
1332 1325 219 41 åberopande
1574 1333 42 21 av

113 1392 109 39 bilagt
245 1391 126 39 utdrag
396 1398 43 21 av
463 1384 382 42 statsrådsprotokollet
871 1384 81 29 över
977 1379 276 32 finansärenden
1279 1378 56 30 för
1361 1377 67 30 den
1456 1374 39 32 15
1522 1384 94 21 mars

116 1442 95 34 1963,
232 1440 181 39 föreslagit
435 1439 187 38 riksdagen
644 1438 51 28 att
717 1434 24 31 I.
765 1433 188 41 godkänna
976 1440 43 22 av
1040 1426 387 44 departementschefen
1451 1424 166 32 förordad

115 1491 239 41 organisation
372 1498 43 22 av
432 1488 67 31 den
517 1485 237 33 automatiska
773 1481 343 39 databehandlingen
1134 1480 97 29 inom
1251 1476 364 38 statsförvaltningen;

116 1543 41 29 II.
178 1542 137 30 besluta
336 1542 51 28 att
408 1534 529 35 matematikmaskinnämnden
960 1532 90 30 skall
1073 1528 160 42 upphöra
1257 1527 80 31 från
1360 1527 66 30 och
1449 1526 79 30 med
1551 1525 67 30 den

119 1594 14 29 1
153 1592 67 40 juli
239 1591 100 35 1963;
360 1590 58 30 III.
437 1587 209 41 bemyndiga
664 1586 126 39 Kungl.
810 1584 107 40 Maj:t
937 1584 52 29 att
1006 1582 141 38 vidtaga
1165 1578 230 40 erforderliga
1414 1576 205 40 övergångs-

117 1643 161 40 åtgärder
302 1641 12 30 i
339 1639 189 40 anledning
553 1647 43 21 av
621 1638 67 30 den
714 1636 201 38 föreslagna
939 1631 360 41 omorganisationen;
1328 1629 56 30 IV.
1411 1626 209 40 bemyndiga

118 1693 125 39 Kungl.
263 1691 106 40 Maj:t
388 1692 51 29 att
457 1689 139 39 vidtaga
615 1688 41 30 de
676 1686 192 39 ändringar
885 1684 12 30 i
916 1680 434 44 personalförteckningen
1371 1678 55 30 för
1446 1677 174 30 statskon-

119 1745 88 28 toret
232 1751 76 21 som
332 1740 198 31 föranledes
556 1748 42 21 av
621 1738 68 30 vad
712 1737 12 29 i
750 1733 384 41 statsrådsprotokollet
1161 1730 213 39 föreslagits;
1402 1728 40 31 V.
1469 1727 152 40 godkän-

118 1804 47 20 na
184 1803 41 20 av
245 1788 388 44 departementschefen
654 1787 167 31 förordad
842 1784 255 39 avlöningsstat
1119 1782 56 29 för
1196 1780 263 33 statskontoret,
1482 1779 50 29 att
1554 1777 68 29 till-

120 1845 134 38 lämpas
273 1842 72 30 tills
362 1841 120 30 vidare
501 1839 80 30 från
599 1838 66 30 och
684 1837 78 30 med
781 1834 205 41 budgetåret
1009 1831 165 37 1963/64;
1196 1831 56 31 VI.
1273 1830 53 30 till
1348 1828 271 31 Statskontoret:

120 1893 215 39 Avlöningar
352 1891 55 30 för
425 1889 205 40 budgetåret
651 1886 149 37 1963/64
820 1885 114 30 under
952 1884 128 39 sjunde
1099 1880 225 32 huvudtiteln
1345 1878 120 31 anvisa
1485 1879 49 29 ett
1554 1877 69 29 för-

121 1943 217 40 slagsanslag
359 1951 43 21 av
423 1940 93 30 7627
532 1939 62 30 000
616 1938 69 35 kr.;
708 1936 73 31 VII
804 1935 53 31 till
880 1934 273 31 Statskontoret:
1179 1928 258 33 Omkostnader
1461 1927 55 31 för
1537 1927 86 30 bud-

123 1993 132 40 getåret
288 1990 151 37 1963/64
472 1990 110 29 under
617 1987 126 41 sjunde
776 1984 225 32 huvudtiteln
1035 1982 122 31 anvisa
1190 1983 49 28 ett
1274 1979 273 39 förslagsanslag
1582 1985 41 22 av

125 2045 14 29 1
157 2043 60 30 357
233 2042 62 31 000
316 2043 69 34 kr.;
408 2040 88 32 VIII.
519 2040 51 30 till
594 2038 272 31 Statskontoret:
891 2034 156 31 Materiel
1069 2042 46 22 m.
1139 2041 45 21 m.
1207 2031 54 30 för
1284 2028 263 33 datamaskiner
1570 2027 54 30 för

122 2093 204 40 budgetåret
349 2090 150 38 1963/64
522 2089 110 31 under
656 2088 126 40 sjunde
805 2085 224 32 huvudtiteln
1052 2083 123 31 anvisa
1197 2083 49 29 ett
1269 2078 356 38 reservationsanslag

123 2154 42 21 av
186 2143 61 30 700
262 2142 63 31 000
346 2142 69 35 kr.;
438 2141 54 29 IX.
514 2140 51 31 till
588 2139 272 30 Statskontoret:
885 2134 197 31 Kostnader
1103 2133 55 30 för
1180 2131 147 39 förhyrd
1349 2126 276 34 datamaskintid

124 2204 44 20 m.
189 2203 44 20 m.
254 2193 55 30 för
327 2191 204 40 budgetåret
554 2188 150 36 1963/64
724 2188 111 29 under
857 2185 127 40 sjunde
1006 2182 223 32 huvudtiteln
1250 2181 122 30 anvisa
1393 2181 49 28 ett
1463 2178 163 39 förslags-

124 2244 122 38 anslag
266 2252 42 21 av
330 2242 18 30 2
363 2241 63 31 000
442 2240 61 30 000
525 2240 68 34 kr.;
617 2239 39 29 X.
678 2236 211 40 bemyndiga
911 2234 126 39 Kungl.
1060 2233 106 39 Maj:t
1189 2233 50 29 att
1264 2229 175 32 fastställa
1462 2229 66 29 den
1552 2237 75 30 per-

126 2291 324 39 sonalförteckning
467 2290 53 29 för
537 2286 404 33 datamaskincentralen
960 2293 75 21 som
1053 2281 197 31 föranledes
1269 2289 43 21 av
1328 2278 66 31 vad
1412 2278 12 30 i
1442 2276 185 32 statsråds-

126 2343 207 40 protokollet
355 2340 212 39 föreslagits;
590 2338 55 30 XI.
667 2337 52 31 till
740 2333 413 33 Datamaskincentralen
1175 2331 55 29 för
1250 2328 205 41 budgetåret
1479 2324 149 39 1963/64

129 2393 109 29 under
254 2391 128 40 sjunde
398 2388 222 32 huvudtiteln
637 2387 121 31 anvisa
775 2388 48 28 ett
840 2383 275 40 förslagsanslag
1132 2391 43 20 av
1194 2381 14 29 1
1225 2379 62 31 000
1306 2380 69 34 kr.;
1394 2376 72 33 XII.
1485 2376 52 31 till
1556 2377 73 29 Sta-

129 2443 137 30 tistiska
283 2439 260 40 centralbyrån:
563 2438 155 30 Centralt
735 2434 300 40 företagsregister
1053 2442 45 20 m.
1119 2441 43 20 m.
1183 2430 55 31 för
1255 2428 205 41 budgetåret
1480 2425 149 36 1963/64

130 2493 108 29 under
256 2492 128 39 sjunde
402 2489 222 31 huvudtiteln
641 2487 122 31 anvisa
781 2488 48 28 ett
848 2482 357 39 reservationsanslag
1224 2490 42 21 av
1288 2479 93 30 1400
1396 2478 63 30 000
1478 2478 51 29 kr.

215 2560 111 29 Bihang
341 2558 47 23 till
400 2557 168 29 riksdagens
579 2554 147 32 protokoll
739 2553 102 25 1963.6
853 2552 84 24 saml.
953 2554 41 24 Nr
1013 2550 99 24 81—82
