2166 2662
463 165 18 31 2
859 162 391 33 Konstitutionsutskottets
1278 162 168 33 Utlåtande
1470 162 61 33 N:o
1556 163 30 32 9.

1183 261 23 45 $
1234 265 34 35 3.

555 394 69 34 7:0o.
678 391 236 50 Uppmaning
941 391 57 36 till
1025 391 102 36 brott
1153 392 89 36 eller
1268 390 124 38 försök
1420 396 53 31 att
1500 391 218 37 annorledes
1746 398 45 29 än
1819 404 132 35 genom
1968 397 61 30 ut-

420 444 161 48 trycklig
622 444 239 49 uppmaning,
903 446 116 33 såsom
1050 456 134 35 genom
1212 443 169 49 prisande
1404 442 40 37 af
1468 443 173 49 brottslig
1669 442 192 48 handling,
1888 442 143 37 förleda

420 496 58 36 till
506 496 114 44 brott,
648 498 39 33 så
714 496 67 35 ock
808 494 122 37 försök
958 500 53 30 att
1038 495 104 47 eljest
1169 494 141 38 förleda
1336 495 57 35 till
1412 495 235 36 ohörsamhet
1668 499 77 31 mot
1763 495 61 48 lag
1843 495 88 35 eller
1949 496 83 47 laga

420 547 234 49 myndighet;
697 546 245 50 förbrytelsen
983 547 92 36 skall
1111 545 147 37 straffas
1291 546 94 36 efter
1413 547 135 35 allmän
1575 547 60 46 lag
1663 547 68 35 och
1759 545 156 37 skriften
1942 546 90 35 kon-

419 599 162 36 fiskeras.

1183 674 21 44 $
1233 677 34 34 4.

554 769 15 36 I
597 768 172 37 afseende
797 771 47 46 på
869 768 255 48 bevakningen
1151 767 103 38 öfver
1281 767 167 38 skrifters
1467 769 124 49 lofliga
1610 768 301 49 allmängörande
1930 769 102 36 skola

422 821 161 48 följande
611 820 227 49 stadganden
865 820 112 48 gälla:

557 875 66 33 1:o.
656 871 137 37 Chefen
821 871 57 37 för
901 871 439 49 justitiedepartementet
1368 871 91 36 skall
1486 872 205 35 tillkomma
1731 876 54 31 att
1810 871 94 36 både
1930 872 101 36 inom

421 923 277 38 hufvudstaden
739 923 67 36 och
846 923 13 35 i
900 928 156 40 orterna,
1097 923 176 48 antingen
1301 922 87 49 själf
1412 924 88 35 eller
1526 935 133 35 genom
1686 922 280 48 vederbörligen
1994 922 40 36 af

420 976 136 36 honom
583 974 224 37 förordnade
835 974 150 45 ombud,
1014 975 91 36 vaka
1132 974 104 37 öfver
1263 973 169 38 skrifters
1460 975 308 46 allmängörande,
1797 978 46 44 på
1871 975 61 36 det
1960 979 72 31 sätt

421 1028 68 35 och
528 1027 14 35 i
582 1027 45 36 de
654 1026 110 45 delar,
794 1039 77 23 som
900 1026 65 35 här
992 1025 199 37 nedanföre
1218 1026 158 49 stadgas.
1431 1026 52 36 På
1510 1025 226 50 Konungens
1765 1025 177 49 pröfning
1969 1040 63 22 an-

420 1079 159 44 komme,
608 1078 184 36 huruvida
819 1081 20 32 å
866 1091 120 22 annan
1013 1082 69 40 ort,
1112 1085 46 28 än
1185 1077 67 36 där
1278 1077 160 50 tryckeri
1468 1078 156 47 anlagts,
1652 1076 129 37 chefen
1800 1076 49 37 för
1850 1077 181 47 justitie-

422 1130 294 48 departementet
743 1132 59 33 må
828 1128 111 37 hafva
966 1128 173 37 särskildt
1167 1129 150 35 ombud.

557 1183 68 34 2:0o.
667 1180 7 35 I
710 1193 139 23 samma
876 1180 122 44 stund,
1028 1180 32 47 ej
1090 1193 127 23 senare
1244 1187 46 28 än
1318 1193 44 22 en
1389 1178 110 38 skrift
1525 1180 56 35 till
1610 1178 219 49 försäljning
1856 1179 89 35 eller
1972 1180 57 34 till

423 1231 209 49 spridande,
675 1234 45 45 på
760 1231 95 36 hvad
887 1236 111 30 annat
1025 1236 73 30 sätt
1121 1243 78 23 som
1226 1231 106 44 helst,
1362 1229 174 50 utgifves,
1566 1230 91 36 skall
1684 1235 52 30 ett
1764 1231 187 47 exemplar
1978 1229 53 36 af-

421 1284 139 34 lämnas
588 1283 12 35 i
628 1281 208 37 Stockholm
864 1283 57 34 till
948 1281 127 37 chefen
1104 1281 56 36 för
1184 1281 438 49 justitiedepartementet
1650 1281 65 36 och
1735 1281 11 35 i
1766 1281 126 47 hvarje
1912 1294 119 23 annan

422 1340 58 30 ort
507 1335 58 35 till
594 1334 90 35 hans
711 1332 220 37 förordnade
958 1332 149 37 ombud.
1149 1333 258 49 Boktryckare,
1438 1347 76 22 som
1543 1333 118 35 denna
1689 1331 189 37 föreskrift
1908 1333 123 34 urakt-

423 1387 103 41 låter,
555 1398 84 23 vare
665 1384 173 36 förfallen
864 1385 59 35 till
949 1384 104 36 böter
1082 1383 80 37 från
1191 1385 66 35 och
1286 1384 83 36 med
1398 1383 128 37 femtio
1545 1385 58 35 till
1622 1384 66 35 och
1709 1383 82 36 med
1811 1383 221 36 femhundra

421 1436 180 36 riksdaler
641 1436 90 36 eller
770 1435 163 47 fängelse
963 1435 13 35 i
1003 1436 109 46 högst
1140 1448 64 23 sex
1232 1435 190 44 månader;
1452 1435 66 36 och
1547 1448 59 23 om
1633 1435 83 44 han,
1746 1440 91 30 utan
1864 1440 55 30 att
1946 1448 87 23 vara

421 1487 148 36 försedd
608 1487 81 35 med
723 1486 148 37 chefens
898 1486 57 36 för
972 1487 445 48 sjustitiedepartementet
1443 1487 103 36 bevis
1574 1499 59 23 om
1661 1486 109 47 gjord
1799 1487 169 35 anmälan
1997 1485 39 36 af

421 1544 54 30 ett
515 1538 159 47 dagblad
712 1539 88 34 eller
832 1538 187 48 periodisk
1050 1537 121 45 skrift,
1201 1538 186 35 desamma
1413 1538 159 48 trycker,
1601 1538 85 35 böte
1714 1537 199 35 etthundra
1940 1537 93 35 riks-

421 1590 112 43 daler,
563 1589 67 35 och
658 1588 175 37 skriftens
860 1588 217 49 utgifvande
1101 1589 177 44 inställes,
1299 1589 99 36 intill
1418 1588 80 37 dess
1519 1587 210 50 utgifvaren
1748 1588 170 47 iakttagit
1937 1588 96 36 hvad

421 1639 192 38 ofvanföre
641 1640 126 36 därom
795 1640 173 46 stadgadt
995 1647 51 28 är.

555 1745 70 33 4:0.
660 1741 73 36 Till
773 1741 253 49 ordningsmål
1066 1742 145 45 räknas,
1240 1755 70 32 om,
1340 1741 62 37 vid
1430 1742 182 49 tryckeris
1640 1741 241 48 anläggande,
1910 1741 123 35 urakt-

420 1794 93 36 låtes
553 1792 94 38 hvad
694 1795 17 33 1
754 1792 23 45 $
819 1795 19 34 5
881 1806 109 23 mom.
1033 1793 126 36 därom
1201 1793 157 48 stadgar,
1392 1793 88 36 eller
1507 1806 70 31 om,
1606 1797 99 31 emot
1736 1795 15 32 1
1783 1791 22 44 $
1836 1794 44 33 12
1909 1805 123 30 mom.,

421 1845 146 48 tryckta
608 1843 160 45 skrifter,
810 1844 111 36 hvarå
963 1843 364 50 boktryckarenamn,
1370 1844 278 49 tryckningsort
1675 1844 88 35 eller
1790 1844 91 35 årtal
1911 1843 31 47 ej
1973 1850 61 29 äro

422 1900 151 40 utsatta,
602 1894 190 50 föryttras.
850 1895 15 35 I
893 1894 105 37 dessa
1025 1894 64 37 fall
1116 1903 67 40 äge
1210 1915 47 4 —
1311 1914 48 5 —
1411 1914 50 4 —
1512 1914 49 4 —
1613 1914 49 4 —
1713 1913 49 5 —
1790 1895 10 34 i
1829 1894 120 36 denna
1976 1895 59 45 lag

422 1947 79 35 icke
529 1946 95 36 leda.

1504 2051 10 9 o

560 2050 91 34 12:o.
698 2047 185 37 Anträffas
924 2049 62 35 vid
1027 2053 112 43 trupp
1180 2049 87 35 eller
1307 2048 153 36 ombord
1501 2062 20 21 å
1560 2048 150 35 flottans
1751 2046 126 51 fartyg
1916 2046 118 43 skrift,

422 2100 148 36 hvilken
598 2099 290 48 uppenbarligen
917 2099 139 49 åsyftar
1083 2105 54 30 att
1165 2101 151 47 utplåna
1331 2101 150 34 känslan
1497 2099 39 36 af
1547 2099 134 48 plikter
1699 2104 76 30 mot
1795 2098 241 36 fosterlandet

421 2151 89 35 eller
550 2155 55 31 att
636 2152 190 46 uppväcka
853 2151 63 36 hat
946 2156 77 30 mot
1051 2150 134 37 befälet
1212 2151 88 36 eller
1328 2151 105 47 eljest
1459 2149 249 49 undergräfva
1734 2149 299 50 krigslydnaden,

422 2205 69 41 må,
526 2201 116 37 ehvad
674 2201 156 36 skriften
858 2214 108 38 synes
994 2201 172 37 straffbar
1185 2202 87 35 eller
1290 2202 90 45 icke,
1401 2202 224 48 indragning
1644 2202 62 35 ske
1726 2200 40 36 af
1782 2201 45 36 de
1846 2202 188 46 exemplar

421 2252 40 36 af
486 2252 169 46 skriften,
684 2266 78 23 som
790 2253 62 37 vid
879 2258 159 44 truppen
1065 2254 88 35 eller
1177 2256 20 33 å
1216 2252 165 50 fartyget
1402 2252 184 37 anträffas.
1625 2252 259 36 Förordnande
1903 2252 129 35 härom
