2184 2620
417 212 38 31 16
807 208 347 33 Jordbruksutskottets
1176 206 166 32 utlåtande
1365 205 53 31 Nr
1439 205 76 31 123.

373 297 11 36 i
414 299 138 46 många
579 296 65 36 fall
664 308 108 23 anses
792 307 82 24 som
895 307 46 23 en
960 292 164 37 indirekt
1143 292 103 49 hjälp
1266 291 56 36 till
1340 289 180 50 höjandet
1540 289 40 36 af
1591 288 156 50 jordens
1768 287 199 49 alstrings-

373 349 185 48 förmåga,
587 361 85 23 men
701 347 78 36 dels
808 351 41 31 är
878 345 361 48 ansökningsrätten
1266 341 201 38 inskränkt
1495 341 56 36 till
1579 341 159 36 brukare
1767 340 41 36 af
1821 339 146 37 mindre

374 405 49 31 än
462 402 46 34 12
545 400 133 36 hektar
704 399 100 46 åker,
834 397 80 37 dels
943 396 146 37 fordras
1118 395 115 36 andra
1260 393 229 49 betingelser
1517 393 59 36 för
1605 398 53 31 att
1685 393 129 35 kunna
1841 392 39 35 få
1908 390 60 37 del

375 452 41 36 af
441 452 109 36 dessa
578 451 144 48 anslag,
750 450 127 36 hvilka
907 449 78 36 ofta
1013 448 82 36 icke
1123 448 128 35 kunna
1277 445 204 50 uppfyllas,
1511 444 178 37 särskildt
1716 444 41 36 af
1783 444 84 36 dem
1887 455 81 24 som

374 509 98 31 mest
499 508 64 31 äro
591 503 13 36 i
631 502 119 37 behof
775 502 41 35 af
840 501 116 49 hjälp.
1010 499 284 48 Premieringen
1318 499 43 35 af
1377 497 302 48 odlingsföretag
1698 501 40 31 är
1756 495 210 47 inskränkt,

375 555 220 49 antagligen
623 554 59 36 för
708 559 55 31 att
791 554 173 47 anslaget
993 552 95 36 skall
1115 551 112 36 räcka
1247 550 56 36 till
1322 550 59 36 för
1399 549 160 36 brukare
1578 548 41 36 af
1631 547 132 37 endast
1784 549 20 34 6
1821 546 144 37 hektar.

375 606 470 49 Skogsvårdsstyrelserna
886 604 113 36 hafva
1039 603 81 37 icke
1161 602 120 36 medel
1317 600 226 48 tillräckliga
1578 600 59 36 för
1672 598 233 49 kultivering
1933 597 40 36 af

374 661 91 33 våra
493 658 175 48 oändliga
695 656 214 37 kalmarker
937 656 87 36 eller
1051 654 207 48 utdikning
1286 653 40 36 af
1351 652 46 37 de
1425 657 100 32 stora
1545 651 183 37 vidderna
1747 649 221 50 försumpad

374 710 116 37 mark.

479 761 70 37 Om
585 764 129 45 någon
751 772 121 34 anser,
911 763 54 31 att
1001 757 108 36 dessa
1141 756 134 36 hittills
1303 755 183 47 anslagna
1513 753 120 37 medel
1662 758 63 31 äro
1753 752 121 37 under
1901 765 68 23 nu-

374 813 165 37 varande
580 811 261 38 förhållanden
882 809 227 48 tillräckliga
1146 808 69 36 och
1244 810 58 34 stå
1328 806 87 37 fullt
1442 807 12 35 i
1481 805 221 50 proportion
1730 804 85 36 med
1844 804 125 48 öfriga

374 866 62 36 för
471 865 147 36 landets
654 863 223 48 utveckling
909 861 71 37 och
1007 859 276 51 uppehållande
1310 858 143 49 nödiga
1480 858 167 48 utgifter,
1678 859 40 34 så
1747 856 65 36 ber
1835 855 70 49 jag
1933 855 37 36 få

374 917 120 36 uttala
534 930 81 23 som
655 916 78 36 min
772 913 260 50 uppfattning,
1074 917 55 31 att
1161 912 75 35 han
1263 910 82 37 icke
1374 910 219 47 tillräckligt
1620 909 98 35 klart
1747 921 59 23 ser
1835 907 135 36 sakens

376 974 104 31 stora
515 967 193 38 innebörd.
765 966 93 36 Sant
887 971 51 41 är,
967 970 54 30 att
1049 977 86 23 man
1164 963 82 36 icke
1273 962 85 37 med
1387 961 197 37 konstlade
1612 960 121 36 medel
1761 959 69 36 bör
1858 959 113 36 fram-

376 1020 99 37 kalla
511 1033 47 23 en
594 1020 138 46 kultur,
774 1031 82 23 som
897 1016 115 37 sedan
1039 1015 145 36 kanske
1211 1014 83 36 icke
1321 1014 75 35 kan
1424 1013 219 47 bibehållas,
1672 1025 85 23 men
1785 1011 86 36 med
1900 1010 72 36 den

377 1072 160 49 alltjämt
565 1071 120 37 ökade
713 1069 232 48 efterfrågan
972 1070 48 47 på
1046 1065 356 38 lifsförnödenheter
1429 1065 69 36 och
1518 1064 115 36 andra
1648 1063 323 49 jordbruksalster

375 1125 56 35 lär
471 1137 86 23 man
594 1123 83 37 icke
712 1121 164 38 behöfva
909 1120 128 36 befara
1065 1119 113 35 detta.
1233 1117 77 49 Jag
1337 1116 135 36 tänker
1498 1130 51 22 nu
1578 1116 83 36 icke
1689 1115 133 36 endast
1849 1116 48 47 på
1926 1113 46 36 de

376 1182 102 30 stora
506 1175 69 37 öde
603 1174 208 45 markerna,
842 1172 67 36 där
936 1176 103 31 utom
1062 1170 213 49 penningar
1295 1169 112 36 äfven
1426 1168 170 36 kommer
1615 1167 72 36 den
1707 1172 100 31 stora
1826 1165 145 48 svårig-

376 1228 114 36 heten
531 1232 53 31 att
625 1225 118 37 skaffa
783 1224 91 37 folk.
930 1223 175 36 Närmast
1141 1221 205 48 föreligger
1374 1225 54 31 ett
1457 1224 94 32 stort
1578 1218 118 37 behof
1720 1218 59 36 för
1806 1217 46 37 de
1880 1217 92 36 allra

376 1279 108 36 flesta
512 1279 40 36 af
576 1281 89 33 våra
693 1276 144 37 mindre
865 1276 311 46 hemmansägare
1205 1273 70 36 och
1301 1271 280 46 landtbrukare,
1611 1270 179 37 särskildt
1813 1270 13 35 i
1849 1274 122 31 sämre

377 1330 142 37 lottade
545 1330 155 46 trakter,
729 1328 140 47 hvilka,
899 1326 84 37 med
1011 1327 82 35 sina
1121 1330 102 31 ännu
1241 1326 165 46 mången
1425 1326 105 46 gång
1549 1323 65 35 allt
1633 1322 60 36 för
1712 1327 101 31 stora
1832 1321 140 36 arealer

376 1383 121 36 under
538 1387 87 43 eget
665 1380 106 47 bruk,
809 1380 32 49 ej
881 1377 236 38 uteslutande
1149 1389 139 37 genom
1316 1376 66 36 sitt
1410 1381 86 43 eget
1525 1374 127 37 arbete
1680 1374 129 35 kunna
1836 1372 136 48 bringa

378 1434 109 37 dessa
528 1434 55 36 till
624 1433 135 49 högsta
800 1430 235 49 afkastning,
1078 1434 54 31 att
1169 1441 138 37 genom
1335 1427 106 49 legdt
1468 1426 126 37 arbete
1621 1425 124 36 utföra
1773 1424 199 48 diknings-

378 1486 149 48 företag
572 1485 90 37 eller
707 1484 115 36 andra
867 1481 373 50 jordförbättringar.
1309 1478 220 49 Vanligaste
1574 1478 146 36 formen
1765 1476 59 37 för
1870 1476 103 36 detta

379 1538 126 36 arbete
545 1537 75 36 kan
660 1550 86 22 man
787 1534 116 37 tänka
944 1534 59 48 sig
1043 1532 168 46 sålunda,
1254 1536 65 43 att,
1358 1544 61 23 om
1455 1530 103 49 hjälp
1587 1529 56 36 till
1671 1528 302 49 odlingsföretag

378 1589 127 37 kunde
541 1589 230 45 bekommas,
801 1587 143 36 barnen
972 1590 117 32 sättas
1117 1584 11 36 i
1156 1583 145 37 tillfälle
1329 1588 56 31 att
1413 1588 135 30 stanna
1575 1581 13 36 i
1615 1581 163 36 hemmet
1805 1580 13 36 i
1847 1579 125 37 stället

377 1642 60 36 för
478 1646 53 31 att
566 1641 12 35 i
615 1640 113 36 förtid
772 1639 129 36 kastas
943 1637 39 36 in
1022 1637 57 35 till
1119 1636 125 36 städer
1280 1635 71 36 och
1386 1632 381 38 industrisamhällen.
1825 1631 148 37 Genom

379 1692 188 49 familjens
607 1691 178 37 förenade
828 1690 127 36 arbete
997 1688 119 37 skulle
1158 1687 234 49 egendomen
1430 1691 102 31 snart
1558 1698 80 35 nog
1664 1684 208 49 producera
1900 1683 73 35 till-

378 1745 163 48 räckligt
568 1744 95 36 både
691 1748 54 31 att
773 1742 89 37 föda
891 1741 166 49 familjen
1086 1739 70 37 och
1185 1744 185 31 amortera
1398 1737 169 37 skulden.

482 1795 80 37 Den
602 1809 81 23 som
723 1795 145 36 känner
909 1793 72 36 den
1018 1790 281 51 jordbrukande
1327 1789 274 48 befolkningen
1628 1790 48 47 på
1704 1787 100 36 olika
1831 1786 142 48 platser

379 1848 70 37 och
490 1847 118 36 under
648 1846 98 37 olika
787 1844 270 47 förhållanden,
1100 1847 73 42 vet,
1217 1847 53 31 att
1305 1845 166 44 mången
1498 1854 53 35 ny
1579 1839 90 37 åker
1696 1838 121 37 skulle
1845 1837 129 36 kunna

377 1900 130 48 brytas
548 1899 72 37 och
662 1903 53 32 att
755 1898 63 36 det
855 1896 82 37 icke
969 1895 104 37 alltid
1102 1899 40 32 är
1169 1894 94 37 brist
1290 1896 49 47 på
1368 1892 236 47 arbetskraft,
1634 1904 81 23 som
1743 1895 42 31 är
1813 1889 160 37 orsaken

378 1952 58 36 till
476 1956 55 32 att
573 1950 61 37 det
674 1950 81 37 icke
791 1954 125 44 göres.
972 1948 76 48 Jag
1074 1952 81 31 tror
1181 1946 80 49 mig
1288 1946 113 36 äfven
1428 1950 97 41 veta,
1554 1949 56 31 att
1637 1945 138 46 många
1802 1941 172 49 behjärta

379 2004 104 35 detta
523 2003 71 36 och
627 2007 53 31 att
708 2002 62 36 det
797 2000 135 38 endast
960 2004 41 32 är
1028 1998 244 49 svårigheten
1299 2002 56 31 att
1382 1997 102 35 finna
1511 2009 47 23 en
1585 1993 264 50 betryggande
1878 1993 96 36 form

380 2055 59 36 för
465 2056 130 35 lånens
623 2053 253 47 utlämnande,
907 2065 81 23 som
1016 2056 71 44 gör
1115 2055 54 31 att
1195 2049 82 37 icke
1304 2049 135 48 frågan
1465 2048 115 36 redan
1609 2051 41 31 är
1677 2046 85 36 löst.
1805 2045 67 36 Ett
1892 2044 82 36 skäl

380 2107 60 36 för
480 2111 54 31 att
574 2106 134 48 frågan
744 2105 83 49 just
855 2117 51 23 nu
933 2104 69 36 bör
1030 2102 146 49 dryftas
1204 2107 41 30 är
1272 2101 73 36 den
1372 2099 163 37 rådande
1563 2097 270 38 arbetsbristen
1860 2096 12 36 i
1900 2101 74 31 stä-

380 2159 127 46 derna,
549 2158 46 36 då
636 2157 62 37 det
737 2170 44 23 ur
822 2156 115 36 social
973 2153 193 51 synpunkt
1195 2158 40 31 är
1262 2152 169 49 önskligt
1459 2156 54 32 att
1541 2149 195 38 återbörda
1764 2149 57 37 till
1849 2147 125 37 lands-

380 2210 154 49 bygden
570 2223 46 23 en
645 2208 238 47 arbetskraft,
912 2220 80 24 som
1021 2206 66 36 där
1115 2208 41 34 så
1183 2205 61 36 väl
1271 2204 75 36 kan
1376 2203 201 37 användas.
1635 2201 147 37 Genom
1810 2200 165 36 hushåll-

380 2261 349 49 ningssällskapens
766 2259 160 38 ombuds
956 2258 196 37 skrifvelse
1180 2256 57 37 till
1263 2256 144 48 Kungl.
1436 2255 107 49 Maj:t
1571 2267 60 23 om
1658 2252 177 37 bildande
1863 2252 42 35 af
1928 2264 47 24 en

380 2312 450 49 täckdikningslånefond
858 2311 75 36 kan
961 2310 61 36 väl
1050 2309 133 37 endast
1210 2321 46 23 en
1285 2307 59 37 del
1371 2307 43 36 af
1437 2307 136 48 frågan
1601 2318 89 23 vara
1717 2304 112 37 väckt
1856 2303 57 36 till
1932 2302 45 36 lif

380 2365 71 37 och
492 2365 46 36 då
578 2362 500 50 hushållningssällskapens
1115 2358 439 40 verksamhetsområden
1582 2356 213 49 säkerligen
1825 2361 64 30 äro
1918 2355 58 35 för
