<?xml version="1.0" encoding="UTF-8"?>
<alto xmlns="http://www.loc.gov/standards/alto/ns-v3#" xmlns:xlink="http://www.w3.org/1999/xlink" xmlns:xsi="http://www.w3.org/2001/XMLSchema-instance" xsi:schemaLocation="http://www.loc.gov/standards/alto/ns-v3# http://www.loc.gov/alto/v3/alto-3-0.xsd">
	<Description>
		<MeasurementUnit>pixel</MeasurementUnit>
		<sourceImageInformation>
			<fileName>/tmp/tess_vuagok5f_input.PNG</fileName>
		</sourceImageInformation>
		<OCRProcessing ID="OCR_0">
			<ocrProcessingStep>
				<processingSoftware>
					<softwareName>tesseract 5.3.0</softwareName>
				</processingSoftware>
			</ocrProcessingStep>
		</OCRProcessing>
	</Description>
	<Layout>
		<Page WIDTH="2190" HEIGHT="2624" PHYSICAL_IMG_NR="0" ID="page_0">
			<PrintSpace HPOS="0" VPOS="0" WIDTH="2190" HEIGHT="2624">
				<ComposedBlock ID="cblock_0" HPOS="663" VPOS="194" WIDTH="1111" HEIGHT="32">
					<TextBlock ID="block_0" HPOS="663" VPOS="194" WIDTH="1111" HEIGHT="32">
						<TextLine ID="line_0" HPOS="663" VPOS="194" WIDTH="1111" HEIGHT="32">
							<String ID="string_0" HPOS="663" VPOS="194" WIDTH="345" HEIGHT="32" WC="0.92" CONTENT="Jordbruksutskottets"/><SP WIDTH="21" VPOS="194" HPOS="1008"/>
							<String ID="string_1" HPOS="1029" VPOS="194" WIDTH="169" HEIGHT="32" WC="0.95" CONTENT="utlåtande"/><SP WIDTH="22" VPOS="194" HPOS="1198"/>
							<String ID="string_2" HPOS="1220" VPOS="194" WIDTH="53" HEIGHT="31" WC="0.96" CONTENT="Nr"/><SP WIDTH="23" VPOS="194" HPOS="1273"/>
							<String ID="string_3" HPOS="1296" VPOS="195" WIDTH="76" HEIGHT="30" WC="0.83" CONTENT="125."/><SP WIDTH="363" VPOS="195" HPOS="1372"/>
							<String ID="string_4" HPOS="1735" VPOS="194" WIDTH="39" HEIGHT="31" WC="0.96" CONTENT="19"/>
						</TextLine>
					</TextBlock>
				</ComposedBlock>
				<ComposedBlock ID="cblock_1" HPOS="205" VPOS="278" WIDTH="1614" HEIGHT="1347">
					<TextBlock ID="block_1" HPOS="215" VPOS="278" WIDTH="1604" HEIGHT="155">
						<TextLine ID="line_1" HPOS="215" VPOS="278" WIDTH="1603" HEIGHT="51">
							<String ID="string_5" HPOS="215" VPOS="281" WIDTH="61" HEIGHT="36" WC="0.96" CONTENT="för"/><SP WIDTH="35" VPOS="281" HPOS="276"/>
							<String ID="string_6" HPOS="311" VPOS="279" WIDTH="189" HEIGHT="38" WC="0.96" CONTENT="Norrland"/><SP WIDTH="33" VPOS="279" HPOS="500"/>
							<String ID="string_7" HPOS="533" VPOS="280" WIDTH="101" HEIGHT="49" WC="0.93" CONTENT="gälla"/><SP WIDTH="26" VPOS="280" HPOS="634"/>
							<String ID="string_8" HPOS="660" VPOS="279" WIDTH="337" HEIGHT="50" WC="0.91" CONTENT="undantagslagar,"/><SP WIDTH="28" VPOS="279" HPOS="997"/>
							<String ID="string_9" HPOS="1025" VPOS="293" WIDTH="81" HEIGHT="23" WC="0.96" CONTENT="som"/><SP WIDTH="32" VPOS="293" HPOS="1106"/>
							<String ID="string_10" HPOS="1138" VPOS="280" WIDTH="13" HEIGHT="36" WC="0.96" CONTENT="i"/><SP WIDTH="33" VPOS="280" HPOS="1151"/>
							<String ID="string_11" HPOS="1184" VPOS="279" WIDTH="117" HEIGHT="37" WC="0.96" CONTENT="andra"/><SP WIDTH="32" VPOS="279" HPOS="1301"/>
							<String ID="string_12" HPOS="1333" VPOS="278" WIDTH="241" HEIGHT="38" WC="0.95" CONTENT="hänseenden"/><SP WIDTH="32" VPOS="278" HPOS="1574"/>
							<String ID="string_13" HPOS="1606" VPOS="279" WIDTH="59" HEIGHT="36" WC="0.96" CONTENT="för"/><SP WIDTH="31" VPOS="279" HPOS="1665"/>
							<String ID="string_14" HPOS="1696" VPOS="279" WIDTH="122" HEIGHT="36" WC="0.96" CONTENT="denna"/>
						</TextLine>
						<TextLine ID="line_2" HPOS="216" VPOS="330" WIDTH="1603" HEIGHT="51">
							<String ID="string_15" HPOS="216" VPOS="332" WIDTH="209" HEIGHT="37" WC="0.92" CONTENT="landsända"/><SP WIDTH="41" VPOS="332" HPOS="425"/>
							<String ID="string_16" HPOS="466" VPOS="332" WIDTH="228" HEIGHT="36" WC="0.89" CONTENT="föreskrifva"/><SP WIDTH="28" VPOS="332" HPOS="694"/>
							<String ID="string_17" HPOS="722" VPOS="337" WIDTH="196" HEIGHT="44" WC="0.96" CONTENT="strängare"/><SP WIDTH="27" VPOS="337" HPOS="918"/>
							<String ID="string_18" HPOS="945" VPOS="332" WIDTH="282" HEIGHT="37" WC="0.96" CONTENT="bestämmelser"/><SP WIDTH="28" VPOS="332" HPOS="1227"/>
							<String ID="string_19" HPOS="1255" VPOS="336" WIDTH="49" HEIGHT="32" WC="0.96" CONTENT="än"/><SP WIDTH="28" VPOS="336" HPOS="1304"/>
							<String ID="string_20" HPOS="1332" VPOS="345" WIDTH="51" HEIGHT="22" WC="0.96" CONTENT="nu"/><SP WIDTH="28" VPOS="345" HPOS="1383"/>
							<String ID="string_21" HPOS="1411" VPOS="331" WIDTH="59" HEIGHT="36" WC="0.96" CONTENT="för"/><SP WIDTH="28" VPOS="331" HPOS="1470"/>
							<String ID="string_22" HPOS="1498" VPOS="331" WIDTH="123" HEIGHT="49" WC="0.96" CONTENT="öfriga"/><SP WIDTH="28" VPOS="331" HPOS="1621"/>
							<String ID="string_23" HPOS="1649" VPOS="330" WIDTH="104" HEIGHT="37" WC="0.96" CONTENT="delar"/><SP WIDTH="28" VPOS="330" HPOS="1753"/>
							<String ID="string_24" HPOS="1781" VPOS="332" WIDTH="38" HEIGHT="35" WC="0.96" CONTENT="af"/>
						</TextLine>
						<TextLine ID="line_3" HPOS="215" VPOS="384" WIDTH="411" HEIGHT="49">
							<String ID="string_25" HPOS="215" VPOS="384" WIDTH="97" HEIGHT="37" WC="0.96" CONTENT="riket"/><SP WIDTH="28" VPOS="384" HPOS="312"/>
							<String ID="string_26" HPOS="340" VPOS="390" WIDTH="63" HEIGHT="31" WC="0.97" CONTENT="äro"/><SP WIDTH="29" VPOS="390" HPOS="403"/>
							<String ID="string_27" HPOS="432" VPOS="384" WIDTH="194" HEIGHT="49" WC="0.96" CONTENT="stadgade."/>
						</TextLine>
					</TextBlock>
					<TextBlock ID="block_2" HPOS="214" VPOS="434" WIDTH="1603" HEIGHT="155">
						<TextLine ID="line_4" HPOS="318" VPOS="434" WIDTH="1499" HEIGHT="51">
							<String ID="string_28" HPOS="318" VPOS="436" WIDTH="69" HEIGHT="36" WC="0.96" CONTENT="Att"/><SP WIDTH="27" VPOS="436" HPOS="387"/>
							<String ID="string_29" HPOS="414" VPOS="436" WIDTH="120" HEIGHT="37" WC="0.96" CONTENT="under"/><SP WIDTH="27" VPOS="436" HPOS="534"/>
							<String ID="string_30" HPOS="561" VPOS="449" WIDTH="51" HEIGHT="23" WC="0.96" CONTENT="nu"/><SP WIDTH="29" VPOS="449" HPOS="612"/>
							<String ID="string_31" HPOS="641" VPOS="435" WIDTH="167" HEIGHT="37" WC="0.96" CONTENT="rådande"/><SP WIDTH="28" VPOS="435" HPOS="808"/>
							<String ID="string_32" HPOS="836" VPOS="435" WIDTH="96" HEIGHT="37" WC="0.95" CONTENT="brist"/><SP WIDTH="28" VPOS="435" HPOS="932"/>
							<String ID="string_33" HPOS="960" VPOS="438" WIDTH="48" HEIGHT="47" WC="0.93" CONTENT="på"/><SP WIDTH="28" VPOS="438" HPOS="1008"/>
							<String ID="string_34" HPOS="1036" VPOS="435" WIDTH="269" HEIGHT="37" WC="0.92" CONTENT="arbetskrafter"/><SP WIDTH="27" VPOS="435" HPOS="1305"/>
							<String ID="string_35" HPOS="1332" VPOS="437" WIDTH="21" HEIGHT="34" WC="0.92" CONTENT="å"/><SP WIDTH="27" VPOS="437" HPOS="1353"/>
							<String ID="string_36" HPOS="1380" VPOS="434" WIDTH="128" HEIGHT="37" WC="0.96" CONTENT="landet"/><SP WIDTH="27" VPOS="434" HPOS="1508"/>
							<String ID="string_37" HPOS="1535" VPOS="447" WIDTH="137" HEIGHT="36" WC="0.89" CONTENT="genom"/><SP WIDTH="28" VPOS="447" HPOS="1672"/>
							<String ID="string_38" HPOS="1700" VPOS="439" WIDTH="117" HEIGHT="44" WC="0.87" CONTENT="ytter-"/>
						</TextLine>
						<TextLine ID="line_5" HPOS="215" VPOS="486" WIDTH="1601" HEIGHT="51">
							<String ID="string_39" HPOS="215" VPOS="487" WIDTH="118" HEIGHT="50" WC="0.93" CONTENT="ligare"/><SP WIDTH="41" VPOS="487" HPOS="333"/>
							<String ID="string_40" HPOS="374" VPOS="488" WIDTH="329" HEIGHT="49" WC="0.92" CONTENT="lånemöjligheter"/><SP WIDTH="41" VPOS="488" HPOS="703"/>
							<String ID="string_41" HPOS="744" VPOS="501" WIDTH="100" HEIGHT="35" WC="0.93" CONTENT="egga"/><SP WIDTH="40" VPOS="501" HPOS="844"/>
							<String ID="string_42" HPOS="884" VPOS="488" WIDTH="126" HEIGHT="48" WC="0.96" CONTENT="hågen"/><SP WIDTH="36" VPOS="488" HPOS="1010"/>
							<String ID="string_43" HPOS="1046" VPOS="488" WIDTH="57" HEIGHT="36" WC="0.93" CONTENT="till"/><SP WIDTH="27" VPOS="488" HPOS="1103"/>
							<String ID="string_44" HPOS="1130" VPOS="487" WIDTH="229" HEIGHT="50" WC="0.91" CONTENT="nyodlingar"/><SP WIDTH="26" VPOS="487" HPOS="1359"/>
							<String ID="string_45" HPOS="1385" VPOS="487" WIDTH="13" HEIGHT="36" WC="0.96" CONTENT="i"/><SP WIDTH="28" VPOS="487" HPOS="1398"/>
							<String ID="string_46" HPOS="1426" VPOS="492" WIDTH="119" HEIGHT="31" WC="0.96" CONTENT="större"/><SP WIDTH="28" VPOS="492" HPOS="1545"/>
							<String ID="string_47" HPOS="1573" VPOS="486" WIDTH="243" HEIGHT="49" WC="0.96" CONTENT="omfattning,"/>
						</TextLine>
						<TextLine ID="line_6" HPOS="214" VPOS="539" WIDTH="1001" HEIGHT="50">
							<String ID="string_48" HPOS="214" VPOS="553" WIDTH="114" HEIGHT="36" WC="0.96" CONTENT="synes"/><SP WIDTH="28" VPOS="553" HPOS="328"/>
							<String ID="string_49" HPOS="356" VPOS="540" WIDTH="185" HEIGHT="36" WC="0.96" CONTENT="utskottet"/><SP WIDTH="28" VPOS="540" HPOS="541"/>
							<String ID="string_50" HPOS="569" VPOS="539" WIDTH="207" HEIGHT="37" WC="0.96" CONTENT="emellertid"/><SP WIDTH="28" VPOS="539" HPOS="776"/>
							<String ID="string_51" HPOS="804" VPOS="539" WIDTH="81" HEIGHT="37" WC="0.96" CONTENT="icke"/><SP WIDTH="27" VPOS="539" HPOS="885"/>
							<String ID="string_52" HPOS="912" VPOS="552" WIDTH="90" HEIGHT="23" WC="0.96" CONTENT="vara"/><SP WIDTH="27" VPOS="552" HPOS="1002"/>
							<String ID="string_53" HPOS="1029" VPOS="539" WIDTH="186" HEIGHT="49" WC="0.96" CONTENT="lämpligt."/>
						</TextLine>
					</TextBlock>
					<TextBlock ID="block_3" HPOS="213" VPOS="590" WIDTH="1604" HEIGHT="152">
						<TextLine ID="line_7" HPOS="317" VPOS="590" WIDTH="1500" HEIGHT="49">
							<String ID="string_54" HPOS="317" VPOS="591" WIDTH="18" HEIGHT="37" WC="0.96" CONTENT="I"/><SP WIDTH="40" VPOS="591" HPOS="335"/>
							<String ID="string_55" HPOS="375" VPOS="592" WIDTH="88" HEIGHT="36" WC="0.96" CONTENT="vida"/><SP WIDTH="37" VPOS="592" HPOS="463"/>
							<String ID="string_56" HPOS="500" VPOS="591" WIDTH="101" HEIGHT="37" WC="0.96" CONTENT="delar"/><SP WIDTH="26" VPOS="591" HPOS="601"/>
							<String ID="string_57" HPOS="627" VPOS="592" WIDTH="42" HEIGHT="36" WC="0.92" CONTENT="af"/><SP WIDTH="26" VPOS="592" HPOS="669"/>
							<String ID="string_58" HPOS="695" VPOS="590" WIDTH="114" HEIGHT="38" WC="0.90" CONTENT="Svea-"/><SP WIDTH="29" VPOS="590" HPOS="809"/>
							<String ID="string_59" HPOS="838" VPOS="591" WIDTH="70" HEIGHT="37" WC="0.96" CONTENT="och"/><SP WIDTH="30" VPOS="591" HPOS="908"/>
							<String ID="string_60" HPOS="938" VPOS="590" WIDTH="100" HEIGHT="38" WC="0.94" CONTENT="Göta"/><SP WIDTH="27" VPOS="590" HPOS="1038"/>
							<String ID="string_61" HPOS="1065" VPOS="591" WIDTH="88" HEIGHT="36" WC="0.95" CONTENT="land"/><SP WIDTH="28" VPOS="591" HPOS="1153"/>
							<String ID="string_62" HPOS="1181" VPOS="597" WIDTH="41" HEIGHT="30" WC="0.96" CONTENT="är"/><SP WIDTH="27" VPOS="597" HPOS="1222"/>
							<String ID="string_63" HPOS="1249" VPOS="591" WIDTH="116" HEIGHT="36" WC="0.96" CONTENT="redan"/><SP WIDTH="27" VPOS="591" HPOS="1365"/>
							<String ID="string_64" HPOS="1392" VPOS="604" WIDTH="52" HEIGHT="23" WC="0.96" CONTENT="nu"/><SP WIDTH="28" VPOS="604" HPOS="1444"/>
							<String ID="string_65" HPOS="1472" VPOS="593" WIDTH="40" HEIGHT="34" WC="0.96" CONTENT="så"/><SP WIDTH="27" VPOS="593" HPOS="1512"/>
							<String ID="string_66" HPOS="1539" VPOS="590" WIDTH="160" HEIGHT="49" WC="0.96" CONTENT="mycken"/><SP WIDTH="29" VPOS="590" HPOS="1699"/>
							<String ID="string_67" HPOS="1728" VPOS="590" WIDTH="89" HEIGHT="37" WC="0.96" CONTENT="åker"/>
						</TextLine>
						<TextLine ID="line_8" HPOS="213" VPOS="642" WIDTH="1603" HEIGHT="51">
							<String ID="string_68" HPOS="213" VPOS="643" WIDTH="150" HEIGHT="48" WC="0.96" CONTENT="bruten,"/><SP WIDTH="30" VPOS="643" HPOS="363"/>
							<String ID="string_69" HPOS="393" VPOS="649" WIDTH="54" HEIGHT="31" WC="0.96" CONTENT="att"/><SP WIDTH="28" VPOS="649" HPOS="447"/>
							<String ID="string_70" HPOS="475" VPOS="657" WIDTH="47" HEIGHT="23" WC="0.96" CONTENT="en"/><SP WIDTH="28" VPOS="657" HPOS="522"/>
							<String ID="string_71" HPOS="550" VPOS="648" WIDTH="79" HEIGHT="32" WC="0.96" CONTENT="stor"/><SP WIDTH="27" VPOS="648" HPOS="629"/>
							<String ID="string_72" HPOS="656" VPOS="643" WIDTH="60" HEIGHT="37" WC="0.96" CONTENT="del"/><SP WIDTH="29" VPOS="643" HPOS="716"/>
							<String ID="string_73" HPOS="745" VPOS="643" WIDTH="110" HEIGHT="37" WC="0.96" CONTENT="däraf"/><SP WIDTH="22" VPOS="643" HPOS="855"/>
							<String ID="string_74" HPOS="877" VPOS="646" WIDTH="50" HEIGHT="47" WC="0.96" CONTENT="på"/><SP WIDTH="27" VPOS="646" HPOS="927"/>
							<String ID="string_75" HPOS="954" VPOS="643" WIDTH="126" HEIGHT="49" WC="0.96" CONTENT="grund"/><SP WIDTH="29" VPOS="643" HPOS="1080"/>
							<String ID="string_76" HPOS="1109" VPOS="643" WIDTH="40" HEIGHT="36" WC="0.96" CONTENT="af"/><SP WIDTH="24" VPOS="643" HPOS="1149"/>
							<String ID="string_77" HPOS="1173" VPOS="643" WIDTH="194" HEIGHT="37" WC="0.96" CONTENT="bristande"/><SP WIDTH="28" VPOS="643" HPOS="1367"/>
							<String ID="string_78" HPOS="1395" VPOS="642" WIDTH="227" HEIGHT="37" WC="0.96" CONTENT="arbetskraft"/><SP WIDTH="27" VPOS="642" HPOS="1622"/>
							<String ID="string_79" HPOS="1649" VPOS="642" WIDTH="83" HEIGHT="37" WC="0.96" CONTENT="icke"/><SP WIDTH="27" VPOS="642" HPOS="1732"/>
							<String ID="string_80" HPOS="1759" VPOS="642" WIDTH="57" HEIGHT="37" WC="0.96" CONTENT="får"/>
						</TextLine>
						<TextLine ID="line_9" HPOS="214" VPOS="695" WIDTH="660" HEIGHT="47">
							<String ID="string_81" HPOS="214" VPOS="695" WIDTH="73" HEIGHT="37" WC="0.93" CONTENT="den"/><SP WIDTH="27" VPOS="695" HPOS="287"/>
							<String ID="string_82" HPOS="314" VPOS="695" WIDTH="104" HEIGHT="47" WC="0.91" CONTENT="häfd,"/><SP WIDTH="29" VPOS="695" HPOS="418"/>
							<String ID="string_83" HPOS="447" VPOS="709" WIDTH="81" HEIGHT="23" WC="0.96" CONTENT="som"/><SP WIDTH="28" VPOS="709" HPOS="528"/>
							<String ID="string_84" HPOS="556" VPOS="708" WIDTH="89" HEIGHT="24" WC="0.96" CONTENT="vore"/><SP WIDTH="28" VPOS="708" HPOS="645"/>
							<String ID="string_85" HPOS="673" VPOS="695" WIDTH="201" HEIGHT="37" WC="0.96" CONTENT="önskvärd."/>
						</TextLine>
					</TextBlock>
					<TextBlock ID="block_4" HPOS="210" VPOS="746" WIDTH="1605" HEIGHT="257">
						<TextLine ID="line_10" HPOS="317" VPOS="746" WIDTH="1498" HEIGHT="50">
							<String ID="string_86" HPOS="317" VPOS="747" WIDTH="139" HEIGHT="37" WC="0.96" CONTENT="Därför"/><SP WIDTH="28" VPOS="747" HPOS="456"/>
							<String ID="string_87" HPOS="484" VPOS="760" WIDTH="114" HEIGHT="36" WC="0.96" CONTENT="synas"/><SP WIDTH="29" VPOS="760" HPOS="598"/>
							<String ID="string_88" HPOS="627" VPOS="752" WIDTH="102" HEIGHT="32" WC="0.96" CONTENT="stora"/><SP WIDTH="29" VPOS="752" HPOS="729"/>
							<String ID="string_89" HPOS="758" VPOS="747" WIDTH="82" HEIGHT="37" WC="0.96" CONTENT="skäl"/><SP WIDTH="27" VPOS="747" HPOS="840"/>
							<String ID="string_90" HPOS="867" VPOS="747" WIDTH="189" HEIGHT="49" WC="0.95" CONTENT="föreligga"/><SP WIDTH="28" VPOS="747" HPOS="1056"/>
							<String ID="string_91" HPOS="1084" VPOS="751" WIDTH="55" HEIGHT="32" WC="0.96" CONTENT="att"/><SP WIDTH="26" VPOS="751" HPOS="1139"/>
							<String ID="string_92" HPOS="1165" VPOS="746" WIDTH="13" HEIGHT="37" WC="0.96" CONTENT="i"/><SP WIDTH="29" VPOS="746" HPOS="1178"/>
							<String ID="string_93" HPOS="1207" VPOS="746" WIDTH="118" HEIGHT="37" WC="0.96" CONTENT="första"/><SP WIDTH="28" VPOS="746" HPOS="1325"/>
							<String ID="string_94" HPOS="1353" VPOS="746" WIDTH="100" HEIGHT="36" WC="0.96" CONTENT="hand"/><SP WIDTH="29" VPOS="746" HPOS="1453"/>
							<String ID="string_95" HPOS="1482" VPOS="759" WIDTH="98" HEIGHT="35" WC="0.96" CONTENT="egna"/><SP WIDTH="28" VPOS="759" HPOS="1580"/>
							<String ID="string_96" HPOS="1608" VPOS="746" WIDTH="72" HEIGHT="37" WC="0.96" CONTENT="den"/><SP WIDTH="18" VPOS="746" HPOS="1680"/>
							<String ID="string_97" HPOS="1698" VPOS="746" WIDTH="117" HEIGHT="36" WC="0.96" CONTENT="redan"/>
						</TextLine>
						<TextLine ID="line_11" HPOS="211" VPOS="798" WIDTH="1603" HEIGHT="50">
							<String ID="string_98" HPOS="211" VPOS="798" WIDTH="140" HEIGHT="38" WC="0.96" CONTENT="brutna"/><SP WIDTH="22" VPOS="798" HPOS="351"/>
							<String ID="string_99" HPOS="373" VPOS="799" WIDTH="138" HEIGHT="49" WC="0.96" CONTENT="jorden"/><SP WIDTH="28" VPOS="799" HPOS="511"/>
							<String ID="string_100" HPOS="539" VPOS="812" WIDTH="47" HEIGHT="23" WC="0.96" CONTENT="en"/><SP WIDTH="27" VPOS="812" HPOS="586"/>
							<String ID="string_101" HPOS="613" VPOS="799" WIDTH="231" HEIGHT="36" WC="0.95" CONTENT="intensivare"/><SP WIDTH="28" VPOS="799" HPOS="844"/>
							<String ID="string_102" HPOS="872" VPOS="799" WIDTH="151" HEIGHT="46" WC="0.96" CONTENT="skötsel,"/><SP WIDTH="28" VPOS="799" HPOS="1023"/>
							<String ID="string_103" HPOS="1051" VPOS="799" WIDTH="117" HEIGHT="36" WC="0.96" CONTENT="innan"/><SP WIDTH="27" VPOS="799" HPOS="1168"/>
							<String ID="string_104" HPOS="1195" VPOS="798" WIDTH="85" HEIGHT="36" WC="0.93" CONTENT="med"/><SP WIDTH="28" VPOS="798" HPOS="1280"/>
							<String ID="string_105" HPOS="1308" VPOS="798" WIDTH="102" HEIGHT="36" WC="0.92" CONTENT="lånta"/><SP WIDTH="27" VPOS="798" HPOS="1410"/>
							<String ID="string_106" HPOS="1437" VPOS="798" WIDTH="121" HEIGHT="37" WC="0.96" CONTENT="medel"/><SP WIDTH="28" VPOS="798" HPOS="1558"/>
							<String ID="string_107" HPOS="1586" VPOS="798" WIDTH="72" HEIGHT="37" WC="0.96" CONTENT="den"/><SP WIDTH="24" VPOS="798" HPOS="1658"/>
							<String ID="string_108" HPOS="1682" VPOS="798" WIDTH="132" HEIGHT="37" WC="0.96" CONTENT="odlade"/>
						</TextLine>
						<TextLine ID="line_12" HPOS="213" VPOS="850" WIDTH="1599" HEIGHT="50">
							<String ID="string_109" HPOS="213" VPOS="851" WIDTH="146" HEIGHT="36" WC="0.96" CONTENT="arealen"/><SP WIDTH="28" VPOS="851" HPOS="359"/>
							<String ID="string_110" HPOS="387" VPOS="851" WIDTH="222" HEIGHT="49" WC="0.95" CONTENT="ytterligare"/><SP WIDTH="29" VPOS="851" HPOS="609"/>
							<String ID="string_111" HPOS="638" VPOS="851" WIDTH="103" HEIGHT="48" WC="0.95" CONTENT="ökas,"/><SP WIDTH="30" VPOS="851" HPOS="741"/>
							<String ID="string_112" HPOS="771" VPOS="851" WIDTH="71" HEIGHT="36" WC="0.96" CONTENT="och"/><SP WIDTH="28" VPOS="851" HPOS="842"/>
							<String ID="string_113" HPOS="870" VPOS="851" WIDTH="186" HEIGHT="36" WC="0.96" CONTENT="utskottet"/><SP WIDTH="28" VPOS="851" HPOS="1056"/>
							<String ID="string_114" HPOS="1084" VPOS="851" WIDTH="118" HEIGHT="36" WC="0.96" CONTENT="håller"/><SP WIDTH="27" VPOS="851" HPOS="1202"/>
							<String ID="string_115" HPOS="1229" VPOS="851" WIDTH="92" HEIGHT="47" WC="0.96" CONTENT="före,"/><SP WIDTH="30" VPOS="851" HPOS="1321"/>
							<String ID="string_116" HPOS="1351" VPOS="855" WIDTH="54" HEIGHT="31" WC="0.96" CONTENT="att"/><SP WIDTH="29" VPOS="855" HPOS="1405"/>
							<String ID="string_117" HPOS="1434" VPOS="850" WIDTH="63" HEIGHT="37" WC="0.96" CONTENT="det"/><SP WIDTH="27" VPOS="850" HPOS="1497"/>
							<String ID="string_118" HPOS="1524" VPOS="856" WIDTH="41" HEIGHT="30" WC="0.96" CONTENT="är"/><SP WIDTH="27" VPOS="856" HPOS="1565"/>
							<String ID="string_119" HPOS="1592" VPOS="850" WIDTH="220" HEIGHT="49" WC="0.96" CONTENT="lyckligare,"/>
						</TextLine>
						<TextLine ID="line_13" HPOS="210" VPOS="902" WIDTH="1603" HEIGHT="50">
							<String ID="string_120" HPOS="210" VPOS="907" WIDTH="70" HEIGHT="31" WC="0.91" CONTENT="när"/><SP WIDTH="41" VPOS="907" HPOS="280"/>
							<String ID="string_121" HPOS="321" VPOS="903" WIDTH="386" HEIGHT="49" WC="0.91" CONTENT="gårdsinnehafvaren"/><SP WIDTH="40" VPOS="903" HPOS="707"/>
							<String ID="string_122" HPOS="747" VPOS="903" WIDTH="83" HEIGHT="36" WC="0.93" CONTENT="icke"/><SP WIDTH="28" VPOS="903" HPOS="830"/>
							<String ID="string_123" HPOS="858" VPOS="903" WIDTH="190" HEIGHT="49" WC="0.91" CONTENT="företager"/><SP WIDTH="27" VPOS="903" HPOS="1048"/>
							<String ID="string_124" HPOS="1075" VPOS="902" WIDTH="186" HEIGHT="49" WC="0.91" CONTENT="nyodling"/><SP WIDTH="27" VPOS="902" HPOS="1261"/>
							<String ID="string_125" HPOS="1288" VPOS="902" WIDTH="13" HEIGHT="36" WC="0.89" CONTENT="i"/><SP WIDTH="29" VPOS="902" HPOS="1301"/>
							<String ID="string_126" HPOS="1330" VPOS="915" WIDTH="123" HEIGHT="23" WC="0.96" CONTENT="annan"/><SP WIDTH="29" VPOS="915" HPOS="1453"/>
							<String ID="string_127" HPOS="1482" VPOS="902" WIDTH="164" HEIGHT="49" WC="0.96" CONTENT="ordning"/><SP WIDTH="27" VPOS="902" HPOS="1646"/>
							<String ID="string_128" HPOS="1673" VPOS="907" WIDTH="48" HEIGHT="31" WC="0.95" CONTENT="än"/><SP WIDTH="28" VPOS="907" HPOS="1721"/>
							<String ID="string_129" HPOS="1749" VPOS="902" WIDTH="64" HEIGHT="36" WC="0.96" CONTENT="vid"/>
						</TextLine>
						<TextLine ID="line_14" HPOS="210" VPOS="954" WIDTH="1092" HEIGHT="49">
							<String ID="string_130" HPOS="210" VPOS="954" WIDTH="144" HEIGHT="49" WC="0.92" CONTENT="lägliga"/><SP WIDTH="27" VPOS="954" HPOS="354"/>
							<String ID="string_131" HPOS="381" VPOS="955" WIDTH="173" HEIGHT="36" WC="0.96" CONTENT="tillfällen"/><SP WIDTH="28" VPOS="955" HPOS="554"/>
							<String ID="string_132" HPOS="582" VPOS="955" WIDTH="70" HEIGHT="36" WC="0.96" CONTENT="och"/><SP WIDTH="27" VPOS="955" HPOS="652"/>
							<String ID="string_133" HPOS="679" VPOS="960" WIDTH="92" HEIGHT="31" WC="0.93" CONTENT="utan"/><SP WIDTH="29" VPOS="960" HPOS="771"/>
							<String ID="string_134" HPOS="800" VPOS="955" WIDTH="188" HEIGHT="37" WC="0.92" CONTENT="anlitande"/><SP WIDTH="29" VPOS="955" HPOS="988"/>
							<String ID="string_135" HPOS="1017" VPOS="954" WIDTH="40" HEIGHT="37" WC="0.93" CONTENT="af"/><SP WIDTH="23" VPOS="954" HPOS="1057"/>
							<String ID="string_136" HPOS="1080" VPOS="954" WIDTH="222" HEIGHT="48" WC="0.92" CONTENT="lånevägen."/>
						</TextLine>
					</TextBlock>
					<TextBlock ID="block_5" HPOS="211" VPOS="1005" WIDTH="1601" HEIGHT="155">
						<TextLine ID="line_15" HPOS="313" VPOS="1005" WIDTH="1499" HEIGHT="50">
							<String ID="string_137" HPOS="313" VPOS="1006" WIDTH="237" HEIGHT="37" WC="0.91" CONTENT="Motionären"/><SP WIDTH="41" VPOS="1006" HPOS="550"/>
							<String ID="string_138" HPOS="591" VPOS="1007" WIDTH="100" HEIGHT="36" WC="0.91" CONTENT="afser"/><SP WIDTH="39" VPOS="1007" HPOS="691"/>
							<String ID="string_139" HPOS="730" VPOS="1007" WIDTH="125" HEIGHT="47" WC="0.96" CONTENT="äfven,"/><SP WIDTH="28" VPOS="1007" HPOS="855"/>
							<String ID="string_140" HPOS="883" VPOS="1012" WIDTH="56" HEIGHT="31" WC="0.96" CONTENT="att"/><SP WIDTH="37" VPOS="1012" HPOS="939"/>
							<String ID="string_141" HPOS="976" VPOS="1006" WIDTH="72" HEIGHT="38" WC="0.96" CONTENT="den"/><SP WIDTH="28" VPOS="1006" HPOS="1048"/>
							<String ID="string_142" HPOS="1076" VPOS="1007" WIDTH="41" HEIGHT="36" WC="0.96" CONTENT="af"/><SP WIDTH="23" VPOS="1007" HPOS="1117"/>
							<String ID="string_143" HPOS="1140" VPOS="1006" WIDTH="139" HEIGHT="37" WC="0.96" CONTENT="honom"/><SP WIDTH="30" VPOS="1006" HPOS="1279"/>
							<String ID="string_144" HPOS="1309" VPOS="1006" WIDTH="214" HEIGHT="49" WC="0.95" CONTENT="föreslagna"/><SP WIDTH="27" VPOS="1006" HPOS="1523"/>
							<String ID="string_145" HPOS="1550" VPOS="1006" WIDTH="113" HEIGHT="48" WC="0.96" CONTENT="lagen"/><SP WIDTH="29" VPOS="1006" HPOS="1663"/>
							<String ID="string_146" HPOS="1692" VPOS="1005" WIDTH="120" HEIGHT="37" WC="0.96" CONTENT="skulle"/>
						</TextLine>
						<TextLine ID="line_16" HPOS="211" VPOS="1057" WIDTH="1601" HEIGHT="51">
							<String ID="string_147" HPOS="211" VPOS="1058" WIDTH="192" HEIGHT="37" WC="0.96" CONTENT="användas"/><SP WIDTH="33" VPOS="1058" HPOS="403"/>
							<String ID="string_148" HPOS="436" VPOS="1059" WIDTH="164" HEIGHT="36" WC="0.96" CONTENT="förutom"/><SP WIDTH="28" VPOS="1059" HPOS="600"/>
							<String ID="string_149" HPOS="628" VPOS="1059" WIDTH="57" HEIGHT="36" WC="0.93" CONTENT="till"/><SP WIDTH="27" VPOS="1059" HPOS="685"/>
							<String ID="string_150" HPOS="712" VPOS="1059" WIDTH="187" HEIGHT="49" WC="0.90" CONTENT="nyodling"/><SP WIDTH="28" VPOS="1059" HPOS="899"/>
							<String ID="string_151" HPOS="927" VPOS="1059" WIDTH="70" HEIGHT="36" WC="0.93" CONTENT="och"/><SP WIDTH="29" VPOS="1059" HPOS="997"/>
							<String ID="string_152" HPOS="1026" VPOS="1058" WIDTH="200" HEIGHT="49" WC="0.92" CONTENT="afdikding"/><SP WIDTH="28" VPOS="1058" HPOS="1226"/>
							<String ID="string_153" HPOS="1254" VPOS="1058" WIDTH="112" HEIGHT="36" WC="0.96" CONTENT="äfven"/><SP WIDTH="28" VPOS="1058" HPOS="1366"/>
							<String ID="string_154" HPOS="1394" VPOS="1058" WIDTH="56" HEIGHT="36" WC="0.93" CONTENT="till"/><SP WIDTH="28" VPOS="1058" HPOS="1450"/>
							<String ID="string_155" HPOS="1478" VPOS="1070" WIDTH="145" HEIGHT="24" WC="0.75" CONTENT="»annan"/><SP WIDTH="22" VPOS="1070" HPOS="1623"/>
							<String ID="string_156" HPOS="1645" VPOS="1057" WIDTH="167" HEIGHT="49" WC="0.92" CONTENT="jordför-"/>
						</TextLine>
						<TextLine ID="line_17" HPOS="211" VPOS="1110" WIDTH="202" HEIGHT="50">
							<String ID="string_157" HPOS="211" VPOS="1110" WIDTH="202" HEIGHT="50" WC="0.94" CONTENT="bättring»."/>
						</TextLine>
					</TextBlock>
					<TextBlock ID="block_6" HPOS="207" VPOS="1161" WIDTH="1603" HEIGHT="205">
						<TextLine ID="line_18" HPOS="313" VPOS="1161" WIDTH="1497" HEIGHT="50">
							<String ID="string_158" HPOS="313" VPOS="1162" WIDTH="239" HEIGHT="37" WC="0.96" CONTENT="Motionären"/><SP WIDTH="26" VPOS="1162" HPOS="552"/>
							<String ID="string_159" HPOS="578" VPOS="1163" WIDTH="144" HEIGHT="36" WC="0.96" CONTENT="erinrar"/><SP WIDTH="27" VPOS="1163" HPOS="722"/>
							<String ID="string_160" HPOS="749" VPOS="1162" WIDTH="92" HEIGHT="49" WC="0.70" CONTENT="själf"/><SP WIDTH="23" VPOS="1162" HPOS="841"/>
							<String ID="string_161" HPOS="864" VPOS="1176" WIDTH="61" HEIGHT="23" WC="0.96" CONTENT="om"/><SP WIDTH="28" VPOS="1176" HPOS="925"/>
							<String ID="string_162" HPOS="953" VPOS="1167" WIDTH="56" HEIGHT="31" WC="0.93" CONTENT="att"/><SP WIDTH="27" VPOS="1167" HPOS="1009"/>
							<String ID="string_163" HPOS="1036" VPOS="1162" WIDTH="501" HEIGHT="49" WC="0.90" CONTENT="hushållningssällskapens"/><SP WIDTH="29" VPOS="1162" HPOS="1537"/>
							<String ID="string_164" HPOS="1566" VPOS="1161" WIDTH="139" HEIGHT="37" WC="0.93" CONTENT="ombud"/><SP WIDTH="20" VPOS="1161" HPOS="1705"/>
							<String ID="string_165" HPOS="1725" VPOS="1161" WIDTH="85" HEIGHT="37" WC="0.91" CONTENT="sist-"/>
						</TextLine>
						<TextLine ID="line_19" HPOS="208" VPOS="1213" WIDTH="1602" HEIGHT="49">
							<String ID="string_166" HPOS="208" VPOS="1213" WIDTH="92" HEIGHT="37" WC="0.92" CONTENT="lidet"/><SP WIDTH="42" VPOS="1213" HPOS="300"/>
							<String ID="string_167" HPOS="342" VPOS="1217" WIDTH="40" HEIGHT="33" WC="0.93" CONTENT="år"/><SP WIDTH="39" VPOS="1217" HPOS="382"/>
							<String ID="string_168" HPOS="421" VPOS="1214" WIDTH="121" HEIGHT="36" WC="0.91" CONTENT="aflåtit"/><SP WIDTH="37" VPOS="1214" HPOS="542"/>
							<String ID="string_169" HPOS="579" VPOS="1227" WIDTH="45" HEIGHT="23" WC="0.96" CONTENT="en"/><SP WIDTH="29" VPOS="1227" HPOS="624"/>
							<String ID="string_170" HPOS="653" VPOS="1214" WIDTH="197" HEIGHT="37" WC="0.95" CONTENT="skrifvelse"/><SP WIDTH="27" VPOS="1214" HPOS="850"/>
							<String ID="string_171" HPOS="877" VPOS="1214" WIDTH="57" HEIGHT="36" WC="0.95" CONTENT="till"/><SP WIDTH="28" VPOS="1214" HPOS="934"/>
							<String ID="string_172" HPOS="962" VPOS="1214" WIDTH="142" HEIGHT="48" WC="0.95" CONTENT="Kungl."/><SP WIDTH="29" VPOS="1214" HPOS="1104"/>
							<String ID="string_173" HPOS="1133" VPOS="1214" WIDTH="108" HEIGHT="47" WC="0.96" CONTENT="Maj:t"/><SP WIDTH="28" VPOS="1214" HPOS="1241"/>
							<String ID="string_174" HPOS="1269" VPOS="1213" WIDTH="197" HEIGHT="49" WC="0.96" CONTENT="angående"/><SP WIDTH="27" VPOS="1213" HPOS="1466"/>
							<String ID="string_175" HPOS="1493" VPOS="1213" WIDTH="177" HEIGHT="37" WC="0.96" CONTENT="bildande"/><SP WIDTH="27" VPOS="1213" HPOS="1670"/>
							<String ID="string_176" HPOS="1697" VPOS="1213" WIDTH="44" HEIGHT="36" WC="0.96" CONTENT="af"/><SP WIDTH="23" VPOS="1213" HPOS="1741"/>
							<String ID="string_177" HPOS="1764" VPOS="1226" WIDTH="46" HEIGHT="23" WC="0.96" CONTENT="en"/>
						</TextLine>
						<TextLine ID="line_20" HPOS="208" VPOS="1265" WIDTH="1602" HEIGHT="49">
							<String ID="string_178" HPOS="208" VPOS="1265" WIDTH="462" HEIGHT="49" WC="0.90" CONTENT="täckdikningslånefond,"/><SP WIDTH="43" VPOS="1265" HPOS="670"/>
							<String ID="string_179" HPOS="713" VPOS="1266" WIDTH="71" HEIGHT="36" WC="0.96" CONTENT="och"/><SP WIDTH="35" VPOS="1266" HPOS="784"/>
							<String ID="string_180" HPOS="819" VPOS="1266" WIDTH="186" HEIGHT="36" WC="0.95" CONTENT="utskottet"/><SP WIDTH="34" VPOS="1266" HPOS="1005"/>
							<String ID="string_181" HPOS="1039" VPOS="1266" WIDTH="69" HEIGHT="35" WC="0.96" CONTENT="har"/><SP WIDTH="39" VPOS="1266" HPOS="1108"/>
							<String ID="string_182" HPOS="1147" VPOS="1266" WIDTH="197" HEIGHT="46" WC="0.96" CONTENT="inhämtat,"/><SP WIDTH="43" VPOS="1266" HPOS="1344"/>
							<String ID="string_183" HPOS="1387" VPOS="1270" WIDTH="54" HEIGHT="31" WC="0.96" CONTENT="att"/><SP WIDTH="41" VPOS="1270" HPOS="1441"/>
							<String ID="string_184" HPOS="1482" VPOS="1265" WIDTH="122" HEIGHT="37" WC="0.96" CONTENT="denna"/><SP WIDTH="27" VPOS="1265" HPOS="1604"/>
							<String ID="string_185" HPOS="1631" VPOS="1265" WIDTH="110" HEIGHT="48" WC="0.96" CONTENT="fråga"/><SP WIDTH="28" VPOS="1265" HPOS="1741"/>
							<String ID="string_186" HPOS="1769" VPOS="1270" WIDTH="41" HEIGHT="31" WC="0.96" CONTENT="är"/>
						</TextLine>
						<TextLine ID="line_21" HPOS="207" VPOS="1317" WIDTH="897" HEIGHT="49">
							<String ID="string_187" HPOS="207" VPOS="1317" WIDTH="119" HEIGHT="36" WC="0.96" CONTENT="under"/><SP WIDTH="27" VPOS="1317" HPOS="326"/>
							<String ID="string_188" HPOS="353" VPOS="1317" WIDTH="206" HEIGHT="49" WC="0.96" CONTENT="utredning"/><SP WIDTH="27" VPOS="1317" HPOS="559"/>
							<String ID="string_189" HPOS="586" VPOS="1318" WIDTH="69" HEIGHT="36" WC="0.93" CONTENT="hos"/><SP WIDTH="29" VPOS="1318" HPOS="655"/>
							<String ID="string_190" HPOS="684" VPOS="1317" WIDTH="420" HEIGHT="49" WC="0.91" CONTENT="landtbruksstyrelsen."/>
						</TextLine>
					</TextBlock>
					<TextBlock ID="block_7" HPOS="205" VPOS="1368" WIDTH="1603" HEIGHT="154">
						<TextLine ID="line_22" HPOS="310" VPOS="1368" WIDTH="1498" HEIGHT="50">
							<String ID="string_191" HPOS="310" VPOS="1369" WIDTH="139" HEIGHT="49" WC="0.96" CONTENT="Någon"/><SP WIDTH="27" VPOS="1369" HPOS="449"/>
							<String ID="string_192" HPOS="476" VPOS="1382" WIDTH="126" HEIGHT="23" WC="0.96" CONTENT="annan"/><SP WIDTH="28" VPOS="1382" HPOS="602"/>
							<String ID="string_193" HPOS="630" VPOS="1374" WIDTH="58" HEIGHT="31" WC="0.96" CONTENT="art"/><SP WIDTH="29" VPOS="1374" HPOS="688"/>
							<String ID="string_194" HPOS="717" VPOS="1370" WIDTH="41" HEIGHT="35" WC="0.96" CONTENT="af"/><SP WIDTH="23" VPOS="1370" HPOS="758"/>
							<String ID="string_195" HPOS="781" VPOS="1369" WIDTH="100" HEIGHT="36" WC="0.96" CONTENT="hvad"/><SP WIDTH="28" VPOS="1369" HPOS="881"/>
							<String ID="string_196" HPOS="909" VPOS="1369" WIDTH="236" HEIGHT="36" WC="0.93" CONTENT="motionären"/><SP WIDTH="29" VPOS="1369" HPOS="1145"/>
							<String ID="string_197" HPOS="1174" VPOS="1368" WIDTH="100" HEIGHT="37" WC="0.92" CONTENT="afser"/><SP WIDTH="18" VPOS="1368" HPOS="1274"/>
							<String ID="string_198" HPOS="1292" VPOS="1368" WIDTH="85" HEIGHT="37" WC="0.93" CONTENT="med"/><SP WIDTH="20" VPOS="1368" HPOS="1377"/>
							<String ID="string_199" HPOS="1397" VPOS="1380" WIDTH="145" HEIGHT="25" WC="0.91" CONTENT="»annan"/><SP WIDTH="14" VPOS="1380" HPOS="1542"/>
							<String ID="string_200" HPOS="1556" VPOS="1369" WIDTH="252" HEIGHT="49" WC="0.91" CONTENT="jordförbätt-"/>
						</TextLine>
						<TextLine ID="line_23" HPOS="206" VPOS="1420" WIDTH="1602" HEIGHT="49">
							<String ID="string_201" HPOS="206" VPOS="1420" WIDTH="120" HEIGHT="49" WC="0.92" CONTENT="ring»,"/><SP WIDTH="39" VPOS="1420" HPOS="326"/>
							<String ID="string_202" HPOS="365" VPOS="1434" WIDTH="109" HEIGHT="23" WC="0.96" CONTENT="anser"/><SP WIDTH="31" VPOS="1434" HPOS="474"/>
							<String ID="string_203" HPOS="505" VPOS="1421" WIDTH="185" HEIGHT="37" WC="0.96" CONTENT="utskottet"/><SP WIDTH="26" VPOS="1421" HPOS="690"/>
							<String ID="string_204" HPOS="716" VPOS="1421" WIDTH="13" HEIGHT="36" WC="0.96" CONTENT="i"/><SP WIDTH="27" VPOS="1421" HPOS="729"/>
							<String ID="string_205" HPOS="756" VPOS="1421" WIDTH="133" HEIGHT="48" WC="0.95" CONTENT="hvarje"/><SP WIDTH="27" VPOS="1421" HPOS="889"/>
							<String ID="string_206" HPOS="916" VPOS="1421" WIDTH="65" HEIGHT="36" WC="0.96" CONTENT="fall"/><SP WIDTH="27" VPOS="1421" HPOS="981"/>
							<String ID="string_207" HPOS="1008" VPOS="1421" WIDTH="83" HEIGHT="36" WC="0.96" CONTENT="icke"/><SP WIDTH="27" VPOS="1421" HPOS="1091"/>
							<String ID="string_208" HPOS="1118" VPOS="1420" WIDTH="221" HEIGHT="49" WC="0.95" CONTENT="lämpligen,"/><SP WIDTH="29" VPOS="1420" HPOS="1339"/>
							<String ID="string_209" HPOS="1368" VPOS="1425" WIDTH="105" HEIGHT="32" WC="0.96" CONTENT="utom"/><SP WIDTH="28" VPOS="1425" HPOS="1473"/>
							<String ID="string_210" HPOS="1501" VPOS="1421" WIDTH="99" HEIGHT="36" WC="0.93" CONTENT="hvad"/><SP WIDTH="29" VPOS="1421" HPOS="1600"/>
							<String ID="string_211" HPOS="1629" VPOS="1422" WIDTH="179" HEIGHT="36" WC="0.91" CONTENT="småbruk"/>
						</TextLine>
						<TextLine ID="line_24" HPOS="205" VPOS="1472" WIDTH="1196" HEIGHT="50">
							<String ID="string_212" HPOS="205" VPOS="1472" WIDTH="190" HEIGHT="49" WC="0.96" CONTENT="beträffar,"/><SP WIDTH="29" VPOS="1472" HPOS="395"/>
							<String ID="string_213" HPOS="424" VPOS="1473" WIDTH="92" HEIGHT="36" WC="0.96" CONTENT="böra"/><SP WIDTH="27" VPOS="1473" HPOS="516"/>
							<String ID="string_214" HPOS="543" VPOS="1478" WIDTH="136" HEIGHT="44" WC="0.96" CONTENT="utgöra"/><SP WIDTH="28" VPOS="1478" HPOS="679"/>
							<String ID="string_215" HPOS="707" VPOS="1473" WIDTH="156" HEIGHT="36" WC="0.96" CONTENT="föremål"/><SP WIDTH="29" VPOS="1473" HPOS="863"/>
							<String ID="string_216" HPOS="892" VPOS="1473" WIDTH="58" HEIGHT="36" WC="0.93" CONTENT="för"/><SP WIDTH="28" VPOS="1473" HPOS="950"/>
							<String ID="string_217" HPOS="978" VPOS="1472" WIDTH="423" HEIGHT="37" WC="0.91" CONTENT="statslåneunderstöd.»"/>
						</TextLine>
					</TextBlock>
					<TextBlock ID="block_8" HPOS="206" VPOS="1524" WIDTH="1602" HEIGHT="101">
						<TextLine ID="line_25" HPOS="309" VPOS="1524" WIDTH="1499" HEIGHT="49">
							<String ID="string_218" HPOS="309" VPOS="1524" WIDTH="18" HEIGHT="37" WC="0.96" CONTENT="I"/><SP WIDTH="41" VPOS="1524" HPOS="327"/>
							<String ID="string_219" HPOS="368" VPOS="1525" WIDTH="169" HEIGHT="48" WC="0.95" CONTENT="enlighet"/><SP WIDTH="39" VPOS="1525" HPOS="537"/>
							<String ID="string_220" HPOS="576" VPOS="1525" WIDTH="85" HEIGHT="36" WC="0.96" CONTENT="med"/><SP WIDTH="32" VPOS="1525" HPOS="661"/>
							<String ID="string_221" HPOS="693" VPOS="1525" WIDTH="204" HEIGHT="37" WC="0.96" CONTENT="utskottets"/><SP WIDTH="28" VPOS="1525" HPOS="897"/>
							<String ID="string_222" HPOS="925" VPOS="1525" WIDTH="224" HEIGHT="36" WC="0.96" CONTENT="hemställan"/><SP WIDTH="29" VPOS="1525" HPOS="1149"/>
							<String ID="string_223" HPOS="1178" VPOS="1524" WIDTH="216" HEIGHT="37" WC="0.96" CONTENT="föranledde"/><SP WIDTH="28" VPOS="1524" HPOS="1394"/>
							<String ID="string_224" HPOS="1422" VPOS="1524" WIDTH="191" HEIGHT="38" WC="0.96" CONTENT="motionen"/><SP WIDTH="28" VPOS="1524" HPOS="1613"/>
							<String ID="string_225" HPOS="1641" VPOS="1525" WIDTH="83" HEIGHT="37" WC="0.96" CONTENT="icke"/><SP WIDTH="27" VPOS="1525" HPOS="1724"/>
							<String ID="string_226" HPOS="1751" VPOS="1525" WIDTH="57" HEIGHT="37" WC="0.95" CONTENT="till"/>
						</TextLine>
						<TextLine ID="line_26" HPOS="206" VPOS="1576" WIDTH="303" HEIGHT="49">
							<String ID="string_227" HPOS="206" VPOS="1579" WIDTH="128" HEIGHT="46" WC="0.96" CONTENT="någon"/><SP WIDTH="28" VPOS="1579" HPOS="334"/>
							<String ID="string_228" HPOS="362" VPOS="1576" WIDTH="147" HEIGHT="49" WC="0.96" CONTENT="åtgärd."/>
						</TextLine>
					</TextBlock>
				</ComposedBlock>
				<ComposedBlock ID="cblock_2" HPOS="203" VPOS="1679" WIDTH="1603" HEIGHT="462">
					<TextBlock ID="block_9" HPOS="203" VPOS="1679" WIDTH="1603" HEIGHT="307">
						<TextLine ID="line_27" HPOS="309" VPOS="1679" WIDTH="1497" HEIGHT="49">
							<String ID="string_229" HPOS="309" VPOS="1679" WIDTH="397" HEIGHT="37" WC="0.69" CONTENT="Jordbruksutskotltet"/><SP WIDTH="42" VPOS="1679" HPOS="706"/>
							<String ID="string_230" HPOS="748" VPOS="1680" WIDTH="58" HEIGHT="36" WC="0.96" CONTENT="för"/><SP WIDTH="42" VPOS="1680" HPOS="806"/>
							<String ID="string_231" HPOS="848" VPOS="1680" WIDTH="58" HEIGHT="36" WC="0.95" CONTENT="sin"/><SP WIDTH="29" VPOS="1680" HPOS="906"/>
							<String ID="string_232" HPOS="935" VPOS="1679" WIDTH="60" HEIGHT="37" WC="0.96" CONTENT="del"/><SP WIDTH="26" VPOS="1679" HPOS="995"/>
							<String ID="string_233" HPOS="1021" VPOS="1680" WIDTH="69" HEIGHT="35" WC="0.96" CONTENT="har"/><SP WIDTH="28" VPOS="1680" HPOS="1090"/>
							<String ID="string_234" HPOS="1118" VPOS="1679" WIDTH="32" HEIGHT="49" WC="0.96" CONTENT="ej"/><SP WIDTH="31" VPOS="1679" HPOS="1150"/>
							<String ID="string_235" HPOS="1181" VPOS="1679" WIDTH="127" HEIGHT="37" WC="0.95" CONTENT="funnit"/><SP WIDTH="28" VPOS="1679" HPOS="1308"/>
							<String ID="string_236" HPOS="1336" VPOS="1679" WIDTH="208" HEIGHT="48" WC="0.96" CONTENT="anledning"/><SP WIDTH="27" VPOS="1679" HPOS="1544"/>
							<String ID="string_237" HPOS="1571" VPOS="1680" WIDTH="56" HEIGHT="35" WC="0.96" CONTENT="till"/><SP WIDTH="29" VPOS="1680" HPOS="1627"/>
							<String ID="string_238" HPOS="1656" VPOS="1680" WIDTH="150" HEIGHT="36" WC="0.96" CONTENT="erinran"/>
						</TextLine>
						<TextLine ID="line_28" HPOS="204" VPOS="1730" WIDTH="1602" HEIGHT="50">
							<String ID="string_239" HPOS="204" VPOS="1735" WIDTH="101" HEIGHT="32" WC="0.96" CONTENT="emot"/><SP WIDTH="39" VPOS="1735" HPOS="305"/>
							<String ID="string_240" HPOS="344" VPOS="1731" WIDTH="101" HEIGHT="36" WC="0.96" CONTENT="hvad"/><SP WIDTH="41" VPOS="1731" HPOS="445"/>
							<String ID="string_241" HPOS="486" VPOS="1731" WIDTH="157" HEIGHT="36" WC="0.95" CONTENT="sålunda"/><SP WIDTH="41" VPOS="1731" HPOS="643"/>
							<String ID="string_242" HPOS="684" VPOS="1731" WIDTH="41" HEIGHT="36" WC="0.95" CONTENT="af"/><SP WIDTH="36" VPOS="1731" HPOS="725"/>
							<String ID="string_243" HPOS="761" VPOS="1731" WIDTH="157" HEIGHT="36" WC="0.96" CONTENT="berörda"/><SP WIDTH="41" VPOS="1731" HPOS="918"/>
							<String ID="string_244" HPOS="959" VPOS="1731" WIDTH="148" HEIGHT="36" WC="0.95" CONTENT="utskott"/><SP WIDTH="27" VPOS="1731" HPOS="1107"/>
							<String ID="string_245" HPOS="1134" VPOS="1731" WIDTH="64" HEIGHT="36" WC="0.96" CONTENT="vid"/><SP WIDTH="31" VPOS="1731" HPOS="1198"/>
							<String ID="string_246" HPOS="1229" VPOS="1732" WIDTH="97" HEIGHT="35" WC="0.95" CONTENT="1909"/><SP WIDTH="31" VPOS="1732" HPOS="1326"/>
							<String ID="string_247" HPOS="1357" VPOS="1733" WIDTH="59" HEIGHT="33" WC="0.96" CONTENT="års"/><SP WIDTH="27" VPOS="1733" HPOS="1416"/>
							<String ID="string_248" HPOS="1443" VPOS="1730" WIDTH="170" HEIGHT="50" WC="0.96" CONTENT="Riksdag"/><SP WIDTH="27" VPOS="1730" HPOS="1613"/>
							<String ID="string_249" HPOS="1640" VPOS="1731" WIDTH="12" HEIGHT="36" WC="0.96" CONTENT="i"/><SP WIDTH="28" VPOS="1731" HPOS="1652"/>
							<String ID="string_250" HPOS="1680" VPOS="1736" WIDTH="126" HEIGHT="31" WC="0.96" CONTENT="ämnet"/>
						</TextLine>
						<TextLine ID="line_29" HPOS="205" VPOS="1782" WIDTH="1601" HEIGHT="50">
							<String ID="string_251" HPOS="205" VPOS="1782" WIDTH="155" HEIGHT="37" WC="0.89" CONTENT="anförts."/><SP WIDTH="56" VPOS="1782" HPOS="360"/>
							<String ID="string_252" HPOS="416" VPOS="1782" WIDTH="81" HEIGHT="37" WC="0.90" CONTENT="Och"/><SP WIDTH="29" VPOS="1782" HPOS="497"/>
							<String ID="string_253" HPOS="526" VPOS="1782" WIDTH="46" HEIGHT="36" WC="0.96" CONTENT="då"/><SP WIDTH="27" VPOS="1782" HPOS="572"/>
							<String ID="string_254" HPOS="599" VPOS="1782" WIDTH="271" HEIGHT="49" WC="0.96" CONTENT="utvecklingen"/><SP WIDTH="27" VPOS="1782" HPOS="870"/>
							<String ID="string_255" HPOS="897" VPOS="1782" WIDTH="120" HEIGHT="37" WC="0.96" CONTENT="under"/><SP WIDTH="19" VPOS="1782" HPOS="1017"/>
							<String ID="string_256" HPOS="1036" VPOS="1783" WIDTH="45" HEIGHT="35" WC="0.96" CONTENT="de"/><SP WIDTH="19" VPOS="1783" HPOS="1081"/>
							<String ID="string_257" HPOS="1100" VPOS="1787" WIDTH="148" HEIGHT="32" WC="0.96" CONTENT="senaste"/><SP WIDTH="20" VPOS="1787" HPOS="1248"/>
							<String ID="string_258" HPOS="1268" VPOS="1784" WIDTH="89" HEIGHT="34" WC="0.96" CONTENT="åren"/><SP WIDTH="20" VPOS="1784" HPOS="1357"/>
							<String ID="string_259" HPOS="1377" VPOS="1782" WIDTH="108" HEIGHT="36" WC="0.96" CONTENT="torde"/><SP WIDTH="19" VPOS="1782" HPOS="1485"/>
							<String ID="string_260" HPOS="1504" VPOS="1795" WIDTH="151" HEIGHT="24" WC="0.96" CONTENT="snarare"/><SP WIDTH="20" VPOS="1795" HPOS="1655"/>
							<String ID="string_261" HPOS="1675" VPOS="1783" WIDTH="131" HEIGHT="49" WC="0.96" CONTENT="styrka"/>
						</TextLine>
						<TextLine ID="line_30" HPOS="204" VPOS="1834" WIDTH="1601" HEIGHT="49">
							<String ID="string_262" HPOS="204" VPOS="1834" WIDTH="73" HEIGHT="37" WC="0.96" CONTENT="den"/><SP WIDTH="41" VPOS="1834" HPOS="277"/>
							<String ID="string_263" HPOS="318" VPOS="1834" WIDTH="12" HEIGHT="36" WC="0.92" CONTENT="i"/><SP WIDTH="42" VPOS="1834" HPOS="330"/>
							<String ID="string_264" HPOS="372" VPOS="1834" WIDTH="273" HEIGHT="48" WC="0.90" CONTENT="ofvanintagna"/><SP WIDTH="27" VPOS="1834" HPOS="645"/>
							<String ID="string_265" HPOS="672" VPOS="1834" WIDTH="344" HEIGHT="48" WC="0.92" CONTENT="utskottsyttrande"/><SP WIDTH="28" VPOS="1834" HPOS="1016"/>
							<String ID="string_266" HPOS="1044" VPOS="1834" WIDTH="164" HEIGHT="37" WC="0.96" CONTENT="uttalade"/><SP WIDTH="28" VPOS="1834" HPOS="1208"/>
							<String ID="string_267" HPOS="1236" VPOS="1834" WIDTH="296" HEIGHT="49" WC="0.95" CONTENT="uppfattningen"/><SP WIDTH="29" VPOS="1834" HPOS="1532"/>
							<String ID="string_268" HPOS="1561" VPOS="1840" WIDTH="48" HEIGHT="30" WC="0.95" CONTENT="än"/><SP WIDTH="28" VPOS="1840" HPOS="1609"/>
							<String ID="string_269" HPOS="1637" VPOS="1834" WIDTH="11" HEIGHT="36" WC="0.96" CONTENT="i"/><SP WIDTH="29" VPOS="1834" HPOS="1648"/>
							<String ID="string_270" HPOS="1677" VPOS="1838" WIDTH="128" HEIGHT="45" WC="0.96" CONTENT="någon"/>
						</TextLine>
						<TextLine ID="line_31" HPOS="203" VPOS="1885" WIDTH="1601" HEIGHT="50">
							<String ID="string_271" HPOS="203" VPOS="1888" WIDTH="88" HEIGHT="34" WC="0.94" CONTENT="mån"/><SP WIDTH="40" VPOS="1888" HPOS="291"/>
							<String ID="string_272" HPOS="331" VPOS="1886" WIDTH="119" HEIGHT="37" WC="0.95" CONTENT="rubba"/><SP WIDTH="27" VPOS="1886" HPOS="450"/>
							<String ID="string_273" HPOS="477" VPOS="1886" WIDTH="229" HEIGHT="48" WC="0.96" CONTENT="densamma,"/><SP WIDTH="29" VPOS="1886" HPOS="706"/>
							<String ID="string_274" HPOS="735" VPOS="1886" WIDTH="68" HEIGHT="36" WC="0.93" CONTENT="har"/><SP WIDTH="22" VPOS="1886" HPOS="803"/>
							<String ID="string_275" HPOS="825" VPOS="1886" WIDTH="392" HEIGHT="49" WC="0.91" CONTENT="jordbruksutskottet"/><SP WIDTH="28" VPOS="1886" HPOS="1217"/>
							<String ID="string_276" HPOS="1245" VPOS="1885" WIDTH="32" HEIGHT="49" WC="0.96" CONTENT="ej"/><SP WIDTH="30" VPOS="1885" HPOS="1277"/>
							<String ID="string_277" HPOS="1307" VPOS="1886" WIDTH="144" HEIGHT="36" WC="0.96" CONTENT="kunnat"/><SP WIDTH="28" VPOS="1886" HPOS="1451"/>
							<String ID="string_278" HPOS="1479" VPOS="1892" WIDTH="113" HEIGHT="31" WC="0.95" CONTENT="annat"/><SP WIDTH="28" VPOS="1892" HPOS="1592"/>
							<String ID="string_279" HPOS="1620" VPOS="1890" WIDTH="47" HEIGHT="32" WC="0.95" CONTENT="än"/><SP WIDTH="29" VPOS="1890" HPOS="1667"/>
							<String ID="string_280" HPOS="1696" VPOS="1887" WIDTH="108" HEIGHT="36" WC="0.96" CONTENT="ställa"/>
						</TextLine>
						<TextLine ID="line_32" HPOS="203" VPOS="1937" WIDTH="1116" HEIGHT="49">
							<String ID="string_281" HPOS="203" VPOS="1937" WIDTH="62" HEIGHT="49" WC="0.92" CONTENT="sig"/><SP WIDTH="27" VPOS="1937" HPOS="265"/>
							<String ID="string_282" HPOS="292" VPOS="1937" WIDTH="196" HEIGHT="37" WC="0.91" CONTENT="afvisande"/><SP WIDTH="28" VPOS="1937" HPOS="488"/>
							<String ID="string_283" HPOS="516" VPOS="1943" WIDTH="93" HEIGHT="43" WC="0.96" CONTENT="gent"/><SP WIDTH="28" VPOS="1943" HPOS="609"/>
							<String ID="string_284" HPOS="637" VPOS="1943" WIDTH="102" HEIGHT="31" WC="0.96" CONTENT="emot"/><SP WIDTH="28" VPOS="1943" HPOS="739"/>
							<String ID="string_285" HPOS="767" VPOS="1952" WIDTH="51" HEIGHT="22" WC="0.96" CONTENT="nu"/><SP WIDTH="28" VPOS="1952" HPOS="818"/>
							<String ID="string_286" HPOS="846" VPOS="1938" WIDTH="291" HEIGHT="48" WC="0.96" CONTENT="ifrågavarande"/><SP WIDTH="27" VPOS="1938" HPOS="1137"/>
							<String ID="string_287" HPOS="1164" VPOS="1938" WIDTH="155" HEIGHT="36" WC="0.95" CONTENT="motion."/>
						</TextLine>
					</TextBlock>
					<TextBlock ID="block_10" HPOS="203" VPOS="1989" WIDTH="1601" HEIGHT="152">
						<TextLine ID="line_33" HPOS="306" VPOS="1989" WIDTH="1498" HEIGHT="49">
							<String ID="string_288" HPOS="306" VPOS="1989" WIDTH="18" HEIGHT="36" WC="0.96" CONTENT="I"/><SP WIDTH="27" VPOS="1989" HPOS="324"/>
							<String ID="string_289" HPOS="351" VPOS="1989" WIDTH="222" HEIGHT="48" WC="0.95" CONTENT="anslutning"/><SP WIDTH="26" VPOS="1989" HPOS="573"/>
							<String ID="string_290" HPOS="599" VPOS="1989" WIDTH="57" HEIGHT="36" WC="0.95" CONTENT="till"/><SP WIDTH="28" VPOS="1989" HPOS="656"/>
							<String ID="string_291" HPOS="684" VPOS="1989" WIDTH="101" HEIGHT="36" WC="0.96" CONTENT="hvad"/><SP WIDTH="31" VPOS="1989" HPOS="785"/>
							<String ID="string_292" HPOS="816" VPOS="1991" WIDTH="96" HEIGHT="35" WC="0.96" CONTENT="1909"/><SP WIDTH="29" VPOS="1991" HPOS="912"/>
							<String ID="string_293" HPOS="941" VPOS="1992" WIDTH="61" HEIGHT="34" WC="0.96" CONTENT="års"/><SP WIDTH="19" VPOS="1992" HPOS="1002"/>
							<String ID="string_294" HPOS="1021" VPOS="1990" WIDTH="147" HEIGHT="36" WC="0.96" CONTENT="utskott"/><SP WIDTH="19" VPOS="1990" HPOS="1168"/>
							<String ID="string_295" HPOS="1187" VPOS="1990" WIDTH="126" HEIGHT="35" WC="0.96" CONTENT="anfört"/><SP WIDTH="19" VPOS="1990" HPOS="1313"/>
							<String ID="string_296" HPOS="1332" VPOS="1989" WIDTH="65" HEIGHT="36" WC="0.91" CONTENT="vill"/><SP WIDTH="10" VPOS="1989" HPOS="1397"/>
							<String ID="string_297" HPOS="1407" VPOS="1989" WIDTH="397" HEIGHT="49" WC="0.91" CONTENT="jordbruksutskottet"/>
						</TextLine>
						<TextLine ID="line_34" HPOS="203" VPOS="2040" WIDTH="1600" HEIGHT="49">
							<String ID="string_298" HPOS="203" VPOS="2040" WIDTH="79" HEIGHT="36" WC="0.96" CONTENT="dels"/><SP WIDTH="40" VPOS="2040" HPOS="282"/>
							<String ID="string_299" HPOS="322" VPOS="2041" WIDTH="170" HEIGHT="36" WC="0.94" CONTENT="meddela"/><SP WIDTH="42" VPOS="2041" HPOS="492"/>
							<String ID="string_300" HPOS="534" VPOS="2046" WIDTH="65" HEIGHT="41" WC="0.94" CONTENT="att,"/><SP WIDTH="29" VPOS="2046" HPOS="599"/>
							<String ID="string_301" HPOS="628" VPOS="2041" WIDTH="119" HEIGHT="48" WC="0.96" CONTENT="enligt"/><SP WIDTH="27" VPOS="2041" HPOS="747"/>
							<String ID="string_302" HPOS="774" VPOS="2041" WIDTH="215" HEIGHT="36" WC="0.95" CONTENT="inhämtade"/><SP WIDTH="28" VPOS="2041" HPOS="989"/>
							<String ID="string_303" HPOS="1017" VPOS="2041" WIDTH="288" HEIGHT="48" WC="0.96" CONTENT="upplysningar,"/><SP WIDTH="30" VPOS="2041" HPOS="1305"/>
							<String ID="string_304" HPOS="1335" VPOS="2041" WIDTH="84" HEIGHT="36" WC="0.96" CONTENT="från"/><SP WIDTH="28" VPOS="2041" HPOS="1419"/>
							<String ID="string_305" HPOS="1447" VPOS="2054" WIDTH="74" HEIGHT="35" WC="0.93" CONTENT="nya"/><SP WIDTH="29" VPOS="2054" HPOS="1521"/>
							<String ID="string_306" HPOS="1550" VPOS="2041" WIDTH="253" HEIGHT="48" WC="0.91" CONTENT="odlingslåne-"/>
						</TextLine>
						<TextLine ID="line_35" HPOS="203" VPOS="2091" WIDTH="1005" HEIGHT="50">
							<String ID="string_307" HPOS="203" VPOS="2091" WIDTH="141" HEIGHT="37" WC="0.93" CONTENT="fonden"/><SP WIDTH="29" VPOS="2091" HPOS="344"/>
							<String ID="string_308" HPOS="373" VPOS="2092" WIDTH="197" HEIGHT="37" WC="0.91" CONTENT="anvisades"/><SP WIDTH="30" VPOS="2092" HPOS="570"/>
							<String ID="string_309" HPOS="600" VPOS="2092" WIDTH="288" HEIGHT="36" WC="0.90" CONTENT="låneunderstöd"/><SP WIDTH="29" VPOS="2092" HPOS="888"/>
							<String ID="string_310" HPOS="917" VPOS="2092" WIDTH="56" HEIGHT="36" WC="0.96" CONTENT="till"/><SP WIDTH="29" VPOS="2092" HPOS="973"/>
							<String ID="string_311" HPOS="1002" VPOS="2092" WIDTH="135" HEIGHT="49" WC="0.96" CONTENT="belopp"/><SP WIDTH="30" VPOS="2092" HPOS="1137"/>
							<String ID="string_312" HPOS="1167" VPOS="2092" WIDTH="41" HEIGHT="36" WC="0.96" CONTENT="af"/>
						</TextLine>
					</TextBlock>
				</ComposedBlock>
				<ComposedBlock ID="cblock_3" HPOS="409" VPOS="2195" WIDTH="1185" HEIGHT="98">
					<TextBlock ID="block_11" HPOS="409" VPOS="2195" WIDTH="1185" HEIGHT="98">
						<TextLine ID="line_36" HPOS="409" VPOS="2195" WIDTH="1185" HEIGHT="46">
							<String ID="string_313" HPOS="409" VPOS="2196" WIDTH="41" HEIGHT="34" WC="0.94" CONTENT="år"/><SP WIDTH="30" VPOS="2196" HPOS="450"/>
							<String ID="string_314" HPOS="480" VPOS="2195" WIDTH="234" HEIGHT="35" WC="0.47" CONTENT="1909..."/><SP WIDTH="133" VPOS="2195" HPOS="714"/>
							<String ID="string_315" HPOS="847" VPOS="2226" WIDTH="4" HEIGHT="4" WC="0.85" CONTENT="."/><SP WIDTH="410" VPOS="2226" HPOS="851"/>
							<String ID="string_316" HPOS="1261" VPOS="2195" WIDTH="140" HEIGHT="36" WC="0.93" CONTENT="kronor"/><SP WIDTH="28" VPOS="2195" HPOS="1401"/>
							<String ID="string_317" HPOS="1429" VPOS="2196" WIDTH="165" HEIGHT="45" WC="0.92" CONTENT="878,200"/>
						</TextLine>
						<TextLine ID="line_37" HPOS="421" VPOS="2247" WIDTH="1173" HEIGHT="46">
							<String ID="string_318" HPOS="421" VPOS="2258" WIDTH="17" HEIGHT="23" WC="0.91" CONTENT="»"/><SP WIDTH="42" VPOS="2258" HPOS="438"/>
							<String ID="string_319" HPOS="480" VPOS="2247" WIDTH="98" HEIGHT="35" WC="0.95" CONTENT="1910"/><SP WIDTH="236" VPOS="2247" HPOS="578"/>
							<String ID="string_320" HPOS="814" VPOS="2278" WIDTH="2" HEIGHT="2" WC="0.66" CONTENT="."/><SP WIDTH="505" VPOS="2278" HPOS="816"/>
							<String ID="string_321" HPOS="1321" VPOS="2258" WIDTH="18" HEIGHT="24" WC="0.93" CONTENT="»"/><SP WIDTH="91" VPOS="2258" HPOS="1339"/>
							<String ID="string_322" HPOS="1430" VPOS="2248" WIDTH="164" HEIGHT="45" WC="0.87" CONTENT="864,100"/>
						</TextLine>
					</TextBlock>
				</ComposedBlock>
				<ComposedBlock ID="cblock_4" HPOS="1856" VPOS="1687" WIDTH="143" HEIGHT="25">
					<TextBlock ID="block_12" HPOS="1856" VPOS="1687" WIDTH="143" HEIGHT="25">
						<TextLine ID="line_38" HPOS="1856" VPOS="1687" WIDTH="143" HEIGHT="25">
							<String ID="string_323" HPOS="1856" VPOS="1687" WIDTH="143" HEIGHT="25" WC="0.86" CONTENT="Utskottet."/>
						</TextLine>
					</TextBlock>
				</ComposedBlock>
			</PrintSpace>
		</Page>
	</Layout>
</alto>
