2204 2602
248 719 137 27 Utskottet.

477 143 18 30 8
925 137 286 31 Bankoutskottets
1237 134 164 31 utlåtande
1425 134 45 29 Nr
1495 134 46 28 18.

575 229 85 34 Man
677 229 111 34 borde
807 228 69 33 ock
893 225 219 39 undersöka,
1134 235 57 22 om
1209 225 32 40 ej
1262 233 44 23 en
1325 222 110 41 något
1453 222 119 31 större
1592 218 189 41 smidighet
1800 227 87 23 vore
1905 216 126 41 möjlig

436 285 13 32 i
472 283 176 34 avseende
670 282 22 33 å
713 279 311 44 pensionsåldern.

571 333 267 41 Huvudfrågan
862 342 85 23 vore
972 331 78 38 den,
1077 340 56 23 om
1156 328 211 34 fördelarna
1389 337 44 22 av
1456 336 44 23 en
1524 326 103 40 lägre
1649 321 273 45 pensionsålder
1946 330 87 23 vore

439 390 41 33 så
505 390 110 36 stora,
641 389 49 31 att
712 386 43 33 de
776 384 188 43 uppvägde
986 384 42 32 de
1053 382 145 33 därmed
1221 379 173 34 förenade
1416 377 202 43 betydande
1639 375 255 34 kostnaderna.
1939 372 94 33 Hela

440 442 93 32 detta
555 439 181 43 spörsmål
755 449 86 22 vore
861 448 43 22 av
925 436 41 34 så
987 434 245 42 komplicerad
1253 435 57 31 art
1332 433 67 32 och
1419 430 136 34 krävde
1576 429 42 33 så
1640 427 218 35 omfattande
1878 425 155 34 förbere-

440 495 117 32 delser
580 493 58 32 för
662 494 46 31 ett
733 490 215 43 avgörande,
974 491 50 31 att
1047 499 45 22 en
1113 487 193 40 utredning
1327 486 13 32 i
1365 486 116 31 ämnet
1504 492 130 32 genom
1656 481 132 41 Kungl.
1818 479 121 42 Maj:ts
1961 477 72 33 för-

440 557 87 31 sorg
548 546 125 42 syntes
694 545 90 33 böra
806 543 74 34 ske.
1096 554 3 2 |

574 597 234 34 Beträffande
831 596 246 32 motionärens
1101 591 270 41 framställning
1393 591 11 31 i
1429 589 116 41 övrigt
1568 587 175 33 hänvisas
1765 585 56 33 till
1844 585 190 33 motionen.

575 711 181 35 Utskottet
778 710 64 33 vill
866 710 54 33 till
945 719 44 23 en
1012 708 132 40 början
1167 707 133 37 erinra,
1326 706 50 32 att
1401 702 144 34 förlidet
1571 702 63 33 års
1658 700 151 40 riksdag
1831 698 46 42 på
1902 697 133 41 Kungl.

447 765 124 42 Maj:ts
591 765 126 32 därom
737 763 128 42 gjorda
886 761 270 40 framställning
1175 758 173 33 fastställt
1367 767 50 31 ny
1437 755 163 33 definitiv
1620 752 265 41 lönereglering
1904 751 56 32 för
1979 750 57 32 be-

443 818 313 41 fattningshavare
776 816 59 32 vid
855 814 333 41 statsdepartement
1208 812 67 32 och
1296 810 160 33 centrala
1478 806 234 34 ämbetsverk.
1745 805 69 32 Det
1835 814 43 22 av
1897 802 140 33 riksda-

444 881 68 31 gen
535 870 156 33 sålunda
715 868 190 42 godkända
928 864 423 42 avlöningsreglementet
1371 861 161 34 innehöll
1554 860 81 32 icke
1656 858 115 41 några
1793 860 168 29 närmare
1980 855 58 32 be-

444 923 223 34 stämmelser
690 921 158 33 rörande
870 916 430 46 pensionsförhållanden
1324 917 88 31 utan
1436 914 202 37 förutsatte,
1664 914 48 30 att
1737 909 183 34 särskilda
1945 906 93 34 stad-

446 976 141 42 ganden
607 975 119 34 skulle
745 973 180 34 meddelas
946 971 186 42 angående
1151 971 237 40 tjänstemans
1408 969 70 31 rätt
1499 966 55 33 till
1574 966 152 41 pension
1746 964 67 32 och
1834 961 205 43 skyldighet

446 1032 49 31 att
516 1029 92 41 avgå
629 1028 83 33 från
731 1029 168 39 tjänsten.
937 1025 79 32 Med
1035 1025 146 40 hänsyn
1200 1023 55 32 till
1276 1022 42 31 de
1340 1022 13 31 i
1375 1021 55 32 det
1450 1030 74 31 nya
1545 1016 422 41 avlöningsreglementet
1986 1015 53 31 in-

445 1081 182 34 nefattade
648 1079 259 40 förändringar
926 1078 82 37 icke
1029 1077 155 32 allenast
1204 1076 12 31 i
1237 1073 107 41 fråga
1366 1082 55 23 om
1443 1072 238 38 avlöningens
1696 1067 227 43 uppdelning
1944 1067 13 31 i
1978 1058 62 40 lön

446 1135 67 33 och
535 1131 469 44 tjänstgöringspenningar
1027 1131 89 30 utan
1139 1131 88 29 även
1248 1127 13 32 i
1284 1125 116 33 andra
1423 1123 202 34 avseenden
1649 1121 112 33 måste
1785 1120 42 33 de
1849 1129 73 33 nya
1944 1119 95 32 avlö-

446 1185 428 44 ningsbestämmelserna
896 1185 12 31 i
930 1184 102 39 varje
1054 1181 66 32 fall
1141 1179 188 33 föranleda
1352 1189 44 22 en
1416 1177 161 33 revision
1601 1185 44 22 av
1667 1173 167 43 gällande
1855 1172 186 42 pensions-

447 1239 239 34 föreskrifter.
719 1236 102 34 Även
842 1236 57 33 för
920 1232 467 36 kommunikationsverken
1408 1230 92 33 hade
1521 1239 51 31 ny
1595 1227 160 33 definitiv
1776 1225 266 41 lönereglering

448 1293 154 41 tidigare
624 1290 231 42 genomförts,
877 1288 155 33 varefter
1056 1297 45 22 en
1120 1286 73 33 helt
1213 1295 50 32 ny
1283 1283 235 42 pensionslag
1538 1280 180 34 utfärdats
1740 1279 56 33 för
1818 1278 106 33 dessa
1943 1276 98 34 verk.

449 1346 123 33 Under
594 1344 139 33 sådana
753 1342 254 33 förhållanden
1026 1340 136 40 ansågs
1182 1338 55 33 det
1256 1348 89 22 vara
1367 1336 182 37 önskvärt,
1572 1336 50 30 att
1643 1337 88 29 även
1749 1334 13 30 i
1782 1330 260 43 pensionshän-

450 1398 129 34 seende
604 1396 178 33 likartade
805 1394 268 34 bestämmelser
1096 1392 101 33 bleve
1221 1389 168 42 gällande
1412 1388 56 33 för
1494 1387 41 33 så
1561 1389 101 30 stora
1687 1385 98 33 delar
1812 1395 44 21 av
1880 1382 163 34 statsför-

449 1451 210 40 valtningen
690 1459 77 23 som
797 1448 149 40 möjligt.
989 1444 138 34 Härför
1160 1442 230 34 erfordrades
1422 1439 196 34 emellertid
1649 1437 247 34 utarbetandet
1925 1446 44 22 av
1999 1444 45 23 en

450 1515 50 31 ny
526 1502 246 43 pensionslag,
800 1500 132 33 avsedd
957 1501 49 30 att
1032 1499 135 31 ersätta
1192 1496 67 32 den
1285 1493 210 34 nuvarande
1522 1492 108 33 civila
1655 1490 294 42 pensionslagen;
1976 1488 68 32 och

450 1557 93 33 hade
578 1554 267 34 vederbörande
881 1548 343 45 departementschef
1260 1548 179 32 förklarat
1474 1547 56 39 sig
1567 1548 106 29 ämna
1697 1543 77 32 med
1798 1542 57 33 det
1880 1542 165 32 snaraste

451 1609 207 41 igångsätta
687 1606 206 33 förarbeten
919 1606 13 31 i
960 1602 156 34 berörda
1144 1600 214 34 hänseende.

584 1660 123 33 Under
730 1659 106 32 dessa
859 1656 302 40 omständigheter
1183 1653 135 41 ansågs
1340 1653 56 32 det
1416 1661 88 23 vara
1525 1649 220 40 nödvändigt
1767 1648 60 38 att,
1848 1647 94 33 intill
1962 1646 83 32 dess

451 1711 454 45 pensionsförhållandena
929 1710 101 32 bleve
1055 1707 175 33 definitivt
1257 1705 168 38 ordnade,
1452 1705 12 31 i
1491 1704 67 32 och
1584 1702 57 33 för
1666 1701 227 41 tillämpning
1917 1700 13 31 i
1954 1698 92 33 före-

451 1766 214 33 kommande
700 1765 66 32 fall
801 1765 94 31 hava
929 1761 153 41 tillgång
1117 1761 54 31 till
1194 1760 100 32 vissa
1319 1756 251 43 provisoriska
1595 1752 450 44 pensionsbestämmelser.

453 1820 158 39 Förslag
630 1818 56 32 till
705 1816 124 42 dylika
849 1814 268 33 bestämmelser
1136 1813 80 31 blev
1236 1812 67 32 ock
1323 1811 154 39 förelagt
1496 1807 146 34 förlidet
1662 1807 61 32 års
1743 1805 151 41 riksdag
1914 1805 66 31 och
2000 1802 47 42 på

452 1871 212 42 tillstyrkan
686 1880 44 22 av
750 1867 294 34 bankoutskottet
1067 1876 44 22 av
1134 1864 196 40 riksdagen
1355 1862 166 41 godkänt.

586 1923 181 33 Utskottet
802 1931 108 22 anser
944 1920 57 40 sig
1034 1918 124 32 vidare
1179 1917 90 32 böra
1294 1916 132 37 erinra,
1451 1916 50 30 att
1525 1912 135 41 Kungl.
1688 1911 102 41 Maj:t
1815 1911 67 32 den
1905 1910 41 32 29
1966 1909 81 41 juni

456 1978 84 32 1921
568 1977 128 32 tillsatt
723 1985 43 21 en
793 1972 181 33 kommitté
1002 1970 79 33 med
1108 1970 164 41 uppdrag
1299 1970 49 30 att
1377 1966 197 33 verkställa
1603 1964 192 41 utredning
1824 1963 67 33 och
1920 1963 127 40 avgiva

454 2030 142 40 förslag
617 2026 226 35 beträffande
863 2026 99 32 vissa
983 2024 55 32 till
1058 2020 343 44 pensionsväsendet
1420 2019 163 33 hörande
1604 2017 124 42 frågor
1751 2017 77 38 och,
1850 2016 109 40 enligt
1979 2013 70 33 vad

454 2083 172 33 utskottet
650 2080 113 33 under
786 2079 99 33 hand
907 2077 83 33 från
1012 2075 208 34 kommittén
1241 2074 186 37 inhämtat,
1451 2073 68 31 har
1545 2071 57 32 det
1626 2080 44 22 av
1693 2070 225 32 motionären
1941 2067 107 32 fram-

456 2136 106 32 förda
587 2131 214 45 spöremålet
828 2142 57 22 om
910 2141 43 22 en
978 2130 160 32 revision
1162 2138 44 22 av
1231 2126 168 42 gällande
1423 2123 269 34 bestämmelser
1717 2123 13 31 i
1755 2121 107 41 fråga
1887 2120 56 33 om
1966 2129 83 32 pen-

456 2187 231 34 sionsåldern
711 2185 57 33 för
793 2184 107 33 civila
923 2181 358 41 befattningshavare
1307 2180 13 31 i
1346 2180 135 31 statens
1506 2178 113 40 tjänst
1644 2175 111 33 redan
1779 2174 95 32 varit
1899 2171 150 34 föremål

457 2241 56 32 för
530 2239 228 34 kommitténs
775 2236 230 40 behandling.
1034 2234 157 40 Förslag
1208 2234 13 31 i
1238 2233 118 32 ämnet
1372 2231 95 32 lärer
1486 2230 68 32 ock
1570 2239 90 23 vara
1677 2230 49 31 att
1743 2227 84 32 från
1843 2225 203 33 kommittén

456 2295 12 31 i
488 2294 118 32 sinom
626 2292 51 33 tid
697 2291 176 33 förvänta.
