1866 2784
538 203 311 31 Bankoutskottets
870 199 179 31 utlåtande
1070 207 42 20 nr
1133 197 51 29 23.
1570 192 35 28 11

122 299 178 38 samtidigt
315 297 165 39 lyckades
496 294 127 40 uppnå.
641 291 243 31 Betecknande
901 290 48 32 är,
967 290 48 27 att
1031 296 41 21 av
1088 283 420 39 läroverksadjunkterna
1524 281 88 29 trots

119 345 95 39 lägre
235 340 407 42 kompetensfordringar
662 337 65 30 och
748 335 143 31 därmed
912 332 156 40 följande
1088 331 94 39 lägre
1204 325 408 41 utbildningskostnader

121 399 74 20 mer
213 390 44 28 än
275 387 134 30 hälften
427 384 200 41 placerades
644 383 11 29 i
674 382 40 29 29
732 380 220 39 lönegraden,
971 378 110 29 ehuru
1099 373 260 32 bibliotekarier
1378 372 65 29 och
1462 370 151 39 adjunk-

122 437 52 28 ter
191 434 110 29 under
319 440 121 22 senare
458 430 38 29 år
512 428 89 30 varit
617 426 204 40 jämställda
838 425 10 29 i
865 421 289 32 lönehänseende.

166 477 227 31 Beträffande
413 474 219 30 bibliotekets
653 469 340 42 expediltionsvakter
1013 466 116 30 finner
1150 464 179 39 styrelsen,
1351 464 50 27 att
1422 461 41 29 de
1484 460 130 29 arbets-

121 523 188 41 uppgifter,
330 531 73 20 som
425 520 111 39 åligga
555 519 89 32 dem,
665 518 60 28 äro
745 515 80 30 fullt
843 512 218 41 jämförbara
1080 510 79 29 med
1179 510 89 32 dem,
1290 516 74 21 som
1385 506 90 30 åvila
1495 500 118 47 kungl.

122 568 221 31 bibliotekets
360 566 64 30 och
441 560 457 34 universitetsbibliotekens
916 557 246 31 vaktmästare,
1180 554 94 29 vilka
1292 552 67 30 alla
1377 553 86 27 utan
1480 550 135 29 undan-

125 616 56 37 tag
200 614 60 29 äro
277 611 182 41 placerade
479 610 10 28 i
511 609 75 29 11:e
604 606 211 39 lönegraden
834 604 63 29 och
917 602 79 29 med
1013 601 94 29 vilka
1126 600 41 29 de
1187 598 97 30 alltid
1304 596 90 30 varit
1411 593 204 41 jämställda

123 660 11 28 i
153 656 289 32 lönehänseende.
462 654 59 29 Att
539 662 46 20 nu
605 653 86 28 ulan
709 652 50 28 att
778 649 114 38 någon
910 646 148 38 ändring
1076 646 10 28 i
1105 645 101 29 deras
1225 641 207 40 åligganden
1452 638 163 39 vidtagits

125 704 71 29 låta
218 703 78 29 dem
318 700 105 30 förbli
446 700 10 28 i
480 699 112 29 sämre
615 694 247 38 löneställning
885 693 45 29 än
952 692 100 29 dessa
1074 690 70 28 kan
1166 688 76 29 icke
1264 696 82 20 vara
1369 685 78 29 med
1471 683 145 30 rättvisa

124 749 66 29 och
218 746 156 39 billighet
403 740 378 34 överensstämmande.
811 737 117 31 Skulle
957 734 191 31 emellertid
1177 734 114 28 denna
1319 731 90 29 enda
1437 736 110 32 grupp
1576 735 41 21 av

125 792 221 30 bibliotekets
369 787 346 39 befattningshavare
740 785 74 28 icke
837 783 10 29 i
871 779 278 32 lönehänseende
1173 777 172 39 jämföras
1368 774 80 29 med
1471 772 146 30 berörda

126 836 186 32 biblioteks
342 834 162 41 personal
534 834 85 27 utan
650 830 80 30 med
759 828 262 30 vaktmästarna
1053 824 56 29 vid
1140 822 206 38 riksdagens
1377 818 117 39 övriga
1523 816 95 34 verk,

129 883 117 29 finner
270 880 170 40 styrelsen
463 879 57 28 det
542 877 70 29 lika
636 874 206 41 uppenbart,
866 873 51 28 att
940 871 40 29 de
1003 870 44 39 på
1070 868 113 40 grund
1207 876 41 20 av
1272 866 75 29 sina
1371 861 248 32 kvalificerade

128 924 296 41 arbetsuppgifter
446 922 211 31 åtminstone
678 920 156 40 placeras
854 917 11 29 i
887 924 134 22 samma
1042 912 165 40 lönegrad
1228 920 73 21 som
1322 910 41 29 de
1384 909 89 38 lägst
1495 906 125 30 ställda

129 982 42 20 av
189 972 110 32 dessa,
317 970 73 30 dvs.
408 969 11 29 i
439 968 76 29 11:e
533 965 220 39 lönegraden.

175 1016 78 30 Med
273 1016 137 37 hänsyn
432 1013 52 29 till
506 1012 65 29 vad
594 1009 149 31 sålunda
764 1008 136 29 anförts
922 1003 200 31 hemställer
1146 1001 179 39 styrelsen,
1347 1000 51 28 att
1420 996 201 30 biblioteket

129 1062 11 29 i
156 1059 280 32 lönehänseende
452 1058 11 29 i
481 1057 36 29 så
533 1056 109 29 måtto
659 1052 171 32 likställes
847 1050 80 30 med
944 1049 117 38 övriga
1078 1045 210 32 universella
1305 1044 82 29 eller
1405 1040 217 32 lärdaverks-

130 1105 177 33 bibliotek,
335 1105 51 28 att
412 1112 43 20 en
482 1111 42 20 av
548 1097 442 39 bibliotekarietjänsterna
1016 1092 196 40 uppflyttas
1237 1090 11 29 i
1275 1089 45 30 Ca
1347 1088 40 30 29
1415 1087 64 29 och
1505 1087 50 29 att
1581 1084 41 30 de

131 1154 126 27 tvenne
275 1144 502 44 expeditionsvakttjänsterna
795 1141 157 40 placeras
970 1139 10 29 i
999 1138 45 30 Ca
1064 1138 36 28 11
1121 1145 89 30 resp.
1230 1135 42 29 Ce
1293 1134 49 28 11.

177 1205 13 29 I
209 1203 193 40 höjningen
421 1210 43 21 av
482 1197 340 40 avlöningsanslaget
841 1196 37 28 är
897 1195 86 28 även
1002 1191 165 30 inräknat
1186 1188 125 30 arvode
1330 1187 55 29 för
1405 1183 219 32 anställande

132 1259 43 22 av
191 1248 201 40 ytterligare
411 1255 43 20 en
473 1252 193 23 amanuens
684 1242 11 29 i
715 1241 39 30 Cf
774 1240 83 30 21.1
876 1237 181 31 utlåtande
1075 1245 41 19 nr
1136 1234 41 30 46
1196 1233 57 30 vid
1274 1231 83 30 1944
1376 1231 57 29 års
1452 1229 142 38 riksdag
1612 1227 12 29 i

133 1293 189 39 anledning
352 1301 42 20 av
425 1289 188 40 styrelsens
642 1287 132 38 förslag
804 1294 56 20 om
891 1281 228 32 utarbetande
1150 1289 41 20 av
1221 1287 42 21 en
1292 1275 223 38 förteckning
1544 1274 81 29 över

132 1335 433 34 kommittébetänkanden
590 1332 145 39 utgivna
761 1331 82 29 åren
871 1326 171 32 1904—45
1068 1324 156 31 uttalade
1249 1320 299 32 bankoutskottet,
1574 1318 50 29 att

133 1385 57 29 det
209 1384 117 38 syntes
344 1381 84 29 böra
446 1382 98 36 tagas
561 1378 112 29 under
691 1374 248 39 övervägande,
959 1370 173 30 huruvida
1150 1368 77 30 icke
1245 1368 55 28 för
1318 1366 96 29 tiden
1433 1364 87 30 efter
1541 1361 82 30 1945

132 1426 269 41 ifrågavarande
430 1420 362 43 registreringsarbete
822 1417 113 30 skulle
964 1417 119 28 kunna
1113 1413 137 30 utföras
1278 1409 222 40 fortlöpande
1529 1407 96 29 inom

134 1481 122 22 ramen
276 1472 54 29 för
350 1469 220 30 bibliotekets
590 1464 175 32 ordinarie
785 1461 223 32 verksamhet
1029 1461 89 28 samt
1138 1457 137 39 utgivas
1296 1465 41 20 av
1357 1453 136 39 trycket
1514 1460 113 21 exem-

134 1517 110 41 pelvis
261 1517 76 29 vart
354 1515 108 29 femte
480 1512 81 30 eller
579 1511 117 29 tionde
714 1510 48 29 år.
781 1509 13 28 I
814 1506 188 38 anledning
1019 1505 107 28 härav
1144 1500 207 31 hemställde
1371 1497 169 40 styrelsen
1559 1496 67 29 den

138 1563 38 29 19
201 1560 185 31 november
413 1558 82 29 1953
519 1566 55 20 om
598 1553 309 31 bankoutskottets
930 1548 180 31 uttalande
1134 1547 10 29 i
1168 1546 124 38 frågan
1316 1553 57 21 om
1397 1540 229 32 utarbetande

136 1608 65 29 och
224 1604 216 42 publicering
464 1612 41 20 av
527 1611 42 20 en
592 1598 239 38 fortsättning,
856 1594 217 31 omfattande
1096 1592 84 30 åren
1206 1589 182 32 1946—55,
1413 1597 41 20 av
1478 1587 65 28 den
1567 1594 61 29 ny-

135 1652 93 39 ligen
252 1650 142 39 utgivna
419 1645 256 39 ”Förteckning
699 1645 80 28 över
805 1641 138 38 statliga
967 1637 228 39 utredningar
1223 1632 204 32 1904—45”.
1453 1630 176 31 Utskottet

137 1698 65 28 har
228 1697 66 29 den
323 1694 35 29 11
388 1692 180 31 december
596 1690 83 29 1953
706 1687 161 33 beslutat,
894 1687 51 27 att
972 1683 187 39 styrelsens
1186 1677 261 39 framställning
1472 1676 76 29 icke
1573 1674 55 30 för

136 1740 218 31 närvarande
375 1737 113 30 skulle
508 1735 182 30 föranleda
709 1733 114 38 någon
843 1730 189 30 utskottets
1052 1726 131 39 åtgärd.
1204 1725 67 29 För
1292 1719 335 41 ställningstagande

136 1786 53 29 till
211 1785 142 29 ärendet
375 1782 149 29 krävdes
546 1778 200 41 ytterligare
768 1775 188 38 utredning
978 1783 41 20 av
1041 1768 368 40 biblioteksstyrelsen.
1433 1766 52 29 Då
1509 1763 120 40 styrel-

138 1839 80 21 sens
237 1826 261 38 framställning
514 1834 60 20 var
592 1823 116 39 bilagd
727 1831 42 20 en
786 1828 180 31 noggrann
985 1816 187 37 utredning
1190 1814 148 29 rörande
1356 1813 68 28 den
1442 1808 186 42 planerade

136 1873 287 38 förteckningens
450 1870 93 29 såväl
569 1867 166 33 innehåll,
762 1865 143 37 omfång
930 1863 64 29 och
1020 1860 189 30 kostnader
1235 1867 74 20 som
1335 1855 213 31 arbetstiden
1573 1853 55 29 för

137 1920 80 29 dess
236 1915 298 40 färdigställande,
555 1913 95 29 torde
670 1912 66 29 den
756 1919 41 20 av
816 1908 170 31 utskottet
1004 1905 155 30 önskade
1178 1902 199 40 ytterligare
1397 1899 232 38 utredningen

138 1973 81 21 avse
239 1963 161 28 närmare
421 1958 207 37 motivering
650 1957 54 28 för
726 1956 66 28 den
813 1954 10 29 i
844 1950 306 38 framställningen
1171 1947 149 39 begärda
1343 1943 287 37 förstärkningen

139 2018 42 20 av
204 2003 324 42 arbetspersonalen
551 2002 78 29 med
654 1999 199 41 ytterligare
876 2006 43 20 en
942 2003 203 22 amanuens.
1169 1993 121 28 Denna
1313 1990 151 38 begäran
1489 1989 36 28 är
1549 1987 82 29 den-

140 2061 135 22 samma
298 2060 73 20 som
394 2057 100 24 ovan,
515 2048 11 28 i
547 2047 108 39 petita
677 2043 196 39 framlagda
895 2039 219 33 hemställan,
1138 2037 117 29 varför
1279 2034 188 39 styrelsens
1489 2031 142 30 motive-

139 2098 78 38 ring
236 2097 11 29 i
266 2097 113 28 denna
398 2094 54 29 del
472 2094 85 28 även
577 2091 100 38 utgör
698 2098 77 20 svar
794 2088 44 39 på
856 2087 188 29 utskottets
1064 2083 136 29 önskan
1220 2090 54 20 om
1296 2079 200 39 ytterligare
1515 2076 116 30 utred-

140 2142 84 38 ning
242 2140 147 30 rörande
408 2136 197 39 ovansagda
623 2127 369 51 publikationsarbete.

185 2195 59 28 Att
270 2194 113 28 denna
411 2193 103 33 stora,
540 2186 237 31 ansvarsfulla
803 2182 256 40 arbetsuppgift
1084 2182 37 28 är
1150 2177 247 32 tidskrävande
1424 2177 88 27 lärer
1540 2174 92 29 svår-

141 2239 91 39 ligen
250 2239 120 27 kunna
387 2235 182 29 bestridas.
588 2233 64 28 Det
670 2232 57 28 rör
745 2230 50 38 sig
813 2238 55 20 om
886 2228 75 29 icke
979 2226 135 29 mindre
1133 2226 44 27 än
1196 2233 38 19 ca
1253 2223 18 28 2
1286 2222 62 29 500
1368 2218 264 40 bibliografiska

141 2291 172 21 nummer.
338 2280 119 29 Redan
483 2276 234 30 insamlandet
740 2284 41 19 av
806 2274 56 28 det
886 2270 168 32 material,
1081 2278 73 19 som
1180 2268 87 28 skall
1292 2265 191 31 bearbetas,
1508 2264 124 27 kräver

143 2326 192 39 långvarigt
356 2324 127 29 arbete.
505 2322 131 28 Endast
657 2329 42 19 en
720 2319 52 28 del
794 2327 41 19 av
855 2317 93 29 detta
970 2315 137 37 utgöres
1129 2322 41 19 av
1192 2311 110 28 serien
1324 2310 160 28 ”Statens
1506 2307 126 29 offent-

142 2372 68 38 liga
230 2366 260 40 utredningar”.
512 2365 252 38 Huvudparlen
785 2371 40 20 av
846 2361 61 29 allt
928 2361 55 28 det
1004 2358 126 37 övriga,
1152 2357 66 28 alla
1242 2353 236 32 stencilerade,
1501 2350 132 40 opubli-

142 2416 122 30 cerade
288 2413 209 36 handlingar
522 2419 42 19 in.
581 2419 54 22 m.,
660 2408 110 28 måste
795 2406 219 37 efterspanas
1037 2403 62 28 och
1126 2400 180 30 framletas
1331 2408 39 19 ur
1395 2398 239 37 departemen-

143 2464 87 28 tens,
254 2456 283 31 ämbetsverkens
560 2454 61 28 och
647 2451 228 30 riksarkivets
898 2448 127 30 diarier
1047 2447 61 28 och
1135 2445 199 36 samlingar,
1357 2442 107 29 vilket
1488 2442 36 27 är
1549 2439 85 29 både

144 2505 187 30 arbetsamt
354 2501 62 29 och
441 2498 214 31 tidsödande.
677 2497 51 28 En
750 2496 73 29 icke
842 2493 174 39 obetydlig
1038 2492 44 28 tid
1105 2491 97 37 åtgår
1223 2489 115 29 vidare
1360 2488 49 28 att
1431 2487 7 27 i
1462 2485 172 37 riksdags-
