1930 2790
525 164 284 30 Statsutskottets
835 164 178 30 utlåtande
1038 173 42 21 nr
1106 165 35 29 11
1169 165 38 29 år
1234 164 82 30 1960
1606 164 56 30 197

728 303 242 48 Uppskjutna
989 302 129 49 frågor

227 388 114 34 195:0)
369 388 174 30 Utskottet
565 389 157 29 kommer
745 388 186 30 framdeles
952 390 48 27 alt
1023 388 119 38 avgiva
1167 388 176 29 utlåtande
1365 388 222 29 beträffande
1609 397 55 20 ne-

179 441 234 35 dannämnda,
443 452 39 19 av
511 441 125 39 Kungl.
665 441 102 38 Maj:t
798 441 109 30 under
936 440 155 40 följande
1120 442 151 38 punkter
1300 440 194 39 framlagda
1525 441 138 37 förslag,

179 494 173 40 nämligen

224 548 157 39 punkten
401 548 56 30 24:
480 548 234 30 Anordnande
736 558 40 20 av
797 558 41 19 en
860 548 319 30 rättsläkarstation
1200 549 10 28 i
1232 548 183 38 Göteborg;

223 602 157 38 punkten
398 601 56 30 32:
475 601 207 39 Utrustning
701 611 40 20 av
759 611 66 29 nya
844 601 285 39 mentalsjukhus
1147 611 44 20 m.
1211 611 59 25 m.;

221 655 156 38 punkten
395 654 56 30 33:
472 654 202 40 Utbildning
692 664 41 20 av
750 654 501 40 mentalsjukvårdspersonal:
1272 655 226 38 Avlöningar;

223 707 156 39 punkten
401 708 56 30 56:
481 708 126 38 Bidrag
631 708 47 29 till
702 708 90 30 vissa
814 717 71 20 om-
906 709 63 28 och
993 707 373 40 tillbyggnadsarbeten
1389 708 55 29 vid
1468 708 196 29 serafimer-

179 761 177 30 lasarettet
375 770 45 20 m.
441 770 61 25 m.;

223 814 158 39 punkten
404 814 55 30 72:
484 814 127 40 Bidrag
634 814 50 30 till
707 814 92 30 vissa
823 815 321 39 byggnadsarbeten
1168 815 55 29 vid
1248 815 197 29 Malmöhus
1469 815 75 29 läns
1569 815 95 38 sjuk-

182 867 335 39 vårdsinrättningar
538 867 10 29 i
569 868 101 29 Lund
691 877 45 20 m.
757 877 61 26 m.;

223 920 157 39 punkten
403 920 55 30 74:
481 921 127 39 Bidrag
629 921 51 30 till
704 921 91 30 vissa
818 922 187 38 Göteborgs
1028 922 75 29 stad
1128 921 172 38 tillhöriga
1324 921 166 39 sjukhus;

222 973 106 30 vilket
352 974 169 29 utskottet
544 974 145 30 härmed
714 974 53 30 får
791 974 54 30 för
868 974 184 39 riksdagen

847 1027 149 30 anmäla.

226 1079 199 29 Stockholm
447 1080 65 28 den
536 1080 37 29 15
595 1089 93 20 mars
711 1079 81 30 1960

667 1161 45 29 På
732 1161 278 30 statsutskottets
1028 1162 144 37 vägnar:

704 1267 171 30 MARTIN
901 1267 234 30 SKOGLUND

229 1453 61 29 Vid
308 1453 221 39 förestående
549 1453 145 30 ärendes
714 1452 285 40 slutbehandling
1019 1453 92 30 inom
1134 1454 169 29 utskottet
1320 1454 65 29 har
1404 1453 157 31 närvarit

226 1497 79 30 från
337 1496 165 31 första
533 1497 221 30 kammaren:
778 1497 121 30 herrar
921 1497 192 35 Näsström,
1136 1497 187 35 Gillström,
1345 1498 144 34 Boman,
1512 1498 77 30 Ivar
1610 1499 56 28 Jo-

181 1542 164 34 hansson,
374 1541 119 39 Birger
523 1541 211 35 Andersson,
765 1542 125 30 fröken
919 1542 212 34 Andersson,
1162 1542 120 30 herrar
1312 1543 114 33 Thun,
1457 1542 207 40 Holmqvist,

182 1586 155 34 Pålsson,
354 1586 131 30 Rikard
503 1587 182 34 Svensson,
703 1586 57 30 fru
777 1586 258 34 Wallentheim,
1054 1587 121 29 herrar
1193 1587 198 39 Söderberg,
1409 1587 106 30 Bertil
1534 1587 132 30 Peters-

182 1639 72 26 son,
276 1630 162 30 Edström
461 1632 64 29 och
547 1631 186 40 Källqvist;
758 1634 90 28 samt

225 1674 80 31 från
346 1676 155 29 andra
540 1676 221 29 kammaren:
794 1677 122 29 herrar
948 1676 178 39 Skoglund
1156 1676 11 29 i
1198 1676 222 40 Doverstorp,
1451 1676 213 34 Åkerström,

181 1720 181 29 Petterson
378 1720 10 29 i
406 1720 197 39 Degerfors,
621 1720 203 40 Malmborg,
841 1721 153 29 Jansson
1012 1721 11 29 i
1041 1721 110 33 Kalix,
1171 1721 149 29 Persson
1337 1721 12 29 i
1366 1721 123 39 Växjö,
1508 1720 157 30 Gustafs-

182 1773 62 21 son
259 1764 11 30 i
288 1764 210 34 Stockholm,
517 1764 173 31 Svensson
707 1765 10 29 i
735 1765 206 39 Stenkyrka,
959 1765 127 34 Cassel,
1104 1765 161 30 Hansson
1284 1765 10 29 i
1312 1765 150 38 Skegrie,
1480 1765 183 39 Mellqvist,

182 1808 56 30 fru
266 1808 311 33 Lewén-Eliasson,
607 1810 120 29 herrar
756 1809 209 30 Gustafsson
993 1810 10 28 i
1034 1809 196 34 Skellefteå,
1259 1809 158 30 Bohman
1447 1810 63 29 och
1540 1809 124 30 fröken

181 1852 118 39 Vinge.

749 1955 158 36 Särskilt
925 1956 175 47 yttrande

221 2040 55 29 vid
305 2040 200 39 punkterna
539 2040 169 30 128—133
744 2039 460 34 (Överståthållarämbetet:
1237 2040 221 39 Avlöningar,
1489 2040 174 30 Överståtl-

177 2092 279 31 hållarämbetet:
475 2093 268 34 Omkostnader,
760 2093 321 39 Länsstyrelserna:
1101 2093 221 38 Avlöningar,
1339 2093 321 40 Länsstyrelserna:

178 2145 184 39 Sjukvård,
388 2145 321 40 Länsstyrelserna:
739 2146 323 38 Reseersättningar
1088 2148 64 27 och
1180 2146 320 39 Länsstyrelserna:
1530 2147 132 38 Expen-

179 2199 70 32 ser)
277 2207 40 21 av
341 2198 123 30 fröken
487 2198 212 37 Andersson,
723 2199 121 30 herrar
865 2199 182 38 Skoglund
1070 2199 7 29 i
1103 2199 219 39 Doverstorp,
1347 2200 117 28 Cassel
1487 2200 62 29 och
1574 2200 87 28 Boh-

181 2260 90 27 man,
292 2250 91 31 vilka
407 2251 131 30 anfört:

227 2304 135 30 »Såsom
387 2303 149 30 erinrats
559 2314 57 19 om
641 2305 8 28 i
673 2304 218 30 motionerna
916 2305 28 29 I:
960 2305 63 28 394
1047 2306 63 28 och
1137 2304 44 30 II:
1198 2305 61 28 483
1285 2305 181 37 föreligger
1491 2306 55 28 vid
1570 2305 92 29 årets

181 2358 137 39 riksdag
337 2356 128 39 förslag
482 2366 56 21 om
557 2357 65 29 den
642 2357 177 30 allmänna
836 2357 246 30 varuskattens
1101 2357 175 39 slopande.
1297 2357 38 29 Vi
1355 2358 62 29 har
1436 2357 55 30 vid
1511 2358 150 29 behand-

181 2412 111 38 lingen
311 2420 40 20 av
370 2410 227 29 förevarande
615 2410 120 38 anslag
754 2410 70 30 inte
843 2410 87 30 velat
951 2411 164 28 motsätta
1134 2419 56 21 oss
1208 2410 96 30 bifall
1326 2410 49 29 till
1394 2409 126 39 Kungl.
1539 2410 122 39 Maj:ts

183 2465 134 37 förslag,
338 2464 83 29 även
443 2472 55 19 om
521 2463 29 29 vi
575 2463 67 29 inte
664 2462 66 30 kan
755 2463 185 30 instämma
964 2464 6 28 i
996 2463 185 29 utskottets
1203 2463 205 38 motivering
1431 2463 51 29 för
1503 2465 44 28 ett
1571 2463 91 30 bihbe-
