1926 2778
283 150 60 30 148
637 149 285 31 Statsutskottets
944 148 178 31 utlåtande
1142 158 41 20 nr
1204 149 37 29 11
1262 148 40 30 år
1322 149 83 30 1960

322 231 50 29 De
391 231 11 29 i
421 230 57 30 det
497 229 209 40 föregående
726 229 195 39 framlagda
940 229 176 39 förslagen
1136 228 146 30 innebär
1300 238 44 20 en
1362 228 304 40 kostnadsökning
1686 229 78 29 med

279 284 11 29 i
307 286 83 27 runt
407 284 48 29 tal
473 283 63 30 948
550 283 64 30 000
633 283 140 29 kronor.

324 337 90 30 Pris-
430 337 63 29 och
509 336 324 30 kartellnämndens
851 335 129 40 förslag
996 335 149 30 rörande
1161 335 265 40 priskontorens
1443 335 239 39 organisation
1699 336 67 28 till-

279 390 146 38 styrkes.
449 389 154 30 Sålunda
627 398 101 21 anses
752 389 54 30 för
829 388 265 40 ifrågavarande
1118 388 238 39 organisation
1378 388 58 30 vid
1459 388 307 30 landskanslierna

277 442 85 30 böra
382 442 147 31 inrättas
551 443 19 29 2
592 441 598 40 priskontorsföreståndartjänster
1211 441 12 30 i
1244 441 49 29 Ae
1317 441 49 35 19,
1389 441 39 30 21
1452 441 314 40 priskontorsföre-

280 495 294 40 ståndartjänster
591 496 11 29 i
621 496 48 30 Ae
689 495 49 36 17,
757 496 18 29 9
793 495 368 39 kontrollanttjänster
1179 495 11 30 i
1208 495 48 29 Ae
1276 495 49 34 13,
1344 495 18 29 2
1381 494 385 39 kanslibiträdestjäns-

281 551 52 27 ter
355 549 5 28 i
379 549 48 29 Ae
442 549 17 29 7
479 551 91 27 samt
591 548 39 30 19
648 547 453 40 kontorsbiträdestjänster
1119 548 11 29 i
1148 547 157 40 reglerad
1323 547 324 40 befordringsgång.
1668 547 100 30 Kost-

280 602 265 40 nadsökningen
562 602 123 30 härför
704 603 100 38 utgör
823 602 10 29 i
851 604 83 27 runt
951 602 48 29 tal
1017 601 40 30 50
1072 601 64 31 000
1155 601 140 30 kronor.

323 655 243 31 Kostnaderna
585 655 55 30 för
658 656 161 39 personal
837 655 59 31 vid
914 655 290 39 länsstyrelserna
1223 655 11 29 i
1252 654 188 40 anledning
1459 665 42 20 av
1519 655 247 29 varuskattens

279 708 283 30 administration
585 708 72 30 kan
682 708 53 30 för
758 708 204 39 budgetåret
988 708 138 33 1960/61
1152 708 174 30 beräknas
1349 708 53 30 till
1427 708 18 30 3
1460 708 62 30 380
1538 708 63 30 000
1624 708 141 30 kronor.

323 762 65 30 Det
403 772 42 20 av
462 763 82 29 1959
560 762 58 30 års
633 762 224 39 höstriksdag
873 761 131 31 fattade
1020 761 149 30 beslutet
1185 762 149 29 rörande
1349 762 179 39 riktlinjer
1544 762 54 29 för
1615 761 152 39 tilläggs-

280 815 309 40 pensioneringens
620 815 284 30 administration
934 825 45 20 m.
1009 825 45 19 m.
1085 815 217 34 förutsätter,
1333 817 50 28 att
1412 815 70 30 viss
1512 815 255 29 kontrollverk-

280 869 135 29 samhet
442 869 88 30 skall
557 869 191 30 ankomma
773 869 45 39 på
843 869 301 39 länsstyrelserna.
1172 868 13 29 I
1212 868 152 39 enlighet
1390 868 79 30 med
1495 868 234 39 beräkningar
1756 867 11 30 i

280 922 124 39 Kungl.
430 922 124 39 Maj:ts
579 922 218 39 proposition
822 922 11 29 i
858 922 118 29 ämnet
1006 922 58 33 (nr
1091 921 79 34 174)
1201 922 169 39 upptages
1395 921 112 30 medel
1534 921 55 30 för
1614 921 153 39 tillfällig

279 976 162 39 personal
456 976 52 29 till
524 976 102 30 dessa
642 975 177 40 uppgifter
834 976 80 29 med
929 977 49 28 ett
993 975 124 40 belopp
1134 985 42 20 av
1191 975 40 29 50
1246 974 63 30 000
1326 975 140 29 kronor.
1483 975 14 29 I
1514 975 253 38 avlöningssta-

279 1031 59 27 ten
358 1030 168 38 upptages
545 1038 43 20 en
607 1028 233 30 inkomsttitel
860 1029 20 29 å
900 1038 134 20 samma
1053 1028 135 39 belopp.

323 1082 117 29 Under
458 1081 212 40 hänvisning
689 1081 52 30 till
759 1083 67 29 vad
846 1081 124 30 chefen
990 1081 54 30 för
1063 1081 607 39 kommunikationsdepartementet
1690 1081 77 29 där-

280 1134 149 30 utinnan
450 1135 117 30 anfört
593 1135 61 33 (VI
675 1135 48 29 ht.
744 1144 32 30 p.
799 1135 34 33 1)
860 1134 169 35 förordas,
1050 1136 51 29 att
1121 1135 20 29 å
1161 1134 255 30 landskansliet
1435 1134 11 29 i
1468 1134 220 30 Stockholms
1710 1134 57 29 län

279 1188 148 30 inrättas
450 1188 58 30 två
531 1188 109 30 förste
663 1188 364 39 länsnotarietjänster
1050 1188 11 29 i
1084 1188 51 29 Ao
1159 1187 40 30 23
1223 1189 79 29 med
1326 1187 198 40 skyldighet
1547 1188 54 29 för
1624 1187 144 29 inneha-

278 1250 108 21 varna
408 1243 51 28 att
479 1241 198 40 tjänstgöra
711 1242 7 29 å
757 1241 623 39 kommunikationsdepartementets
1402 1240 364 40 regeringsrättsbyrå.

280 1294 243 31 Kostnaderna
542 1294 123 30 härför
684 1294 70 30 kan
773 1294 173 31 beräknas
965 1295 52 29 till
1036 1294 11 29 i
1066 1296 83 27 runt
1169 1295 48 29 tal
1238 1294 40 30 60
1293 1294 62 30 000
1375 1294 141 29 kronor.

325 1347 12 29 I
363 1347 267 40 förteckningen
653 1348 80 29 över
757 1348 215 39 tjänstemän
996 1348 20 29 å
1039 1347 264 39 övergångsstat
1327 1347 168 30 uteslutes
1519 1348 46 39 på
1589 1348 113 38 grund
1727 1356 41 20 av

281 1400 132 41 avgång
436 1410 42 20 en
499 1400 393 40 landskontoristtjänst
913 1402 11 29 i
946 1401 50 30 Ao
1020 1401 38 29 13
1083 1402 91 28 samt
1197 1402 168 38 upptages
1387 1400 46 41 på
1454 1401 114 39 grund
1591 1410 42 21 av
1654 1400 114 30 beslut

280 1453 11 29 i
315 1454 168 29 samband
507 1453 84 30 med
610 1454 289 38 genomförandet
922 1463 42 21 av
986 1454 41 30 de
1051 1463 43 21 av
1119 1454 83 30 1959
1226 1454 57 30 års
1306 1454 142 39 riksdag
1471 1454 180 29 beslutade
1676 1453 92 30 löne-

280 1506 260 39 regleringarna
559 1516 43 20 en
622 1507 366 39 landskanslisttjänst
1006 1507 12 30 i
1036 1507 50 30 Ao
1108 1507 50 30 15.

324 1559 49 30 De
400 1559 196 40 framlagda
621 1559 176 40 förslagen
822 1560 159 39 påkallar
1006 1569 42 21 en
1074 1560 132 40 ökning
1232 1569 42 21 av
1299 1560 364 39 medelsanvisningen
1689 1559 78 30 med

280 1612 19 29 9
314 1611 59 30 311
391 1612 62 30 000
479 1612 142 30 kronor.
648 1613 125 30 Härtill
799 1613 159 30 kommer
984 1614 237 30 automatiska
1248 1613 320 39 utgiftsstegringar
1595 1614 55 29 för
1676 1613 93 29 löne-

281 1664 211 40 regleringar
512 1675 45 21 m.
578 1676 46 20 m.
646 1667 78 29 med
745 1666 18 29 2
779 1666 62 30 799
856 1667 62 30 000
938 1667 140 30 kronor.
1100 1667 49 30 På
1169 1667 113 39 grund
1302 1668 109 29 härav
1431 1668 204 39 uppräknas
1656 1667 113 30 ansla-

278 1720 57 36 get
355 1720 79 29 med
456 1718 38 30 12
511 1718 60 30 110
587 1718 63 32 000
671 1719 130 30 kronor
821 1720 53 29 till
901 1720 56 33 (55
972 1720 61 29 565
1049 1720 63 30 000
1127 1724 29 29 +
1173 1720 38 30 12
1229 1720 59 30 110
1303 1720 81 34 000)
1410 1721 39 29 67
1465 1721 62 30 675
1543 1720 62 31 000
1627 1721 141 29 kronor.

282 1772 13 28 I
315 1771 432 40 personalförteckningen
766 1773 156 39 vidtages
942 1773 41 29 de
1004 1773 200 39 ändringar,
1226 1783 75 20 som
1320 1774 159 39 påkallas
1500 1784 42 20 av
1561 1774 66 30 vad
1648 1774 122 39 depar-

283 1825 276 30 tementschefen
575 1825 11 29 i
603 1825 57 30 det
677 1825 207 40 föregående
902 1826 116 30 anfört
1034 1827 65 29 och
1117 1826 190 40 föreslagit.

324 1934 13 29 I
354 1934 228 31 förevarande
599 1937 256 39 sammanhang
869 1937 65 29 har
949 1937 171 31 utskottet
1135 1937 53 30 till
1203 1938 213 39 behandling
1432 1938 154 30 förehaft

324 1987 73 30 dels
417 1988 57 30 två
493 1988 225 40 likalydande
737 1990 182 34 motioner,
939 1990 125 30 väckta
1083 1991 68 29 den
1171 2000 65 20 ena
1255 1991 96 30 inom
1371 1991 111 30 första
1501 1992 208 29 kammaren
1729 2001 42 20 av

278 2040 84 30 herr
378 2041 86 30 Axel
480 2041 176 31 Svensson
673 2052 46 20 m.
736 2042 39 40 fl.
799 2043 46 33 (1:
864 2043 78 34 166)
964 2044 65 30 och
1047 2044 68 30 den
1133 2044 111 30 andra
1261 2044 97 30 inom
1376 2044 110 30 andra
1503 2045 208 29 kammaren
1730 2054 41 20 av

278 2094 84 29 herr
379 2094 248 40 Henningsson
645 2096 12 29 i
675 2095 232 41 Hälsingborg
924 2106 46 20 m.
987 2096 38 40 fl.
1050 2097 63 34 (II:
1130 2097 96 35 231),
1244 2097 12 30 i
1273 2097 95 31 vilka
1386 2097 208 40 föreslagits,
1614 2100 51 27 att
1683 2098 88 29 riks-

276 2147 118 39 dagen
409 2148 11 29 i
437 2148 167 30 skrivelse
620 2149 53 29 till
690 2149 125 40 Kungl.
832 2150 107 39 Maj:t
955 2150 106 30 måtte
1077 2151 188 30 hemställa
1281 2160 57 21 om
1355 2151 130 39 förslag
1502 2151 52 30 till
1571 2151 200 40 ytterligare

283 2200 240 41 förstärkning
542 2211 42 21 av
602 2202 345 40 taxeringsväsendet
964 2204 11 29 i
993 2203 67 30 den
1077 2203 215 40 omfattning
1309 2205 65 29 och
1392 2204 11 29 i
1421 2204 42 30 de
1482 2205 196 29 avseenden
1697 2214 74 20 som

281 2254 71 29 kan
373 2254 187 35 erfordras,

326 2307 73 30 dels
419 2308 57 29 två
494 2308 225 40 likalydande
739 2309 182 35 motioner,
941 2310 124 30 väckta
1085 2310 68 30 den
1173 2319 65 21 ena
1256 2310 97 30 inom
1373 2310 110 30 första
1503 2311 207 29 kammaren
1731 2320 41 20 av

277 2360 126 30 herrar
422 2360 193 40 Söderberg
634 2362 65 30 och
722 2362 100 29 Thun
848 2362 46 34 (1:
913 2362 77 35 195)
1015 2364 65 29 och
1100 2363 69 30 den
1189 2363 110 30 andra
1318 2364 96 29 inom
1435 2364 110 29 andra
1565 2364 207 29 kammaren

283 2422 42 21 av
345 2414 122 29 herrar
488 2414 164 30 Carlsson
674 2415 11 29 i
706 2415 164 30 Västerås
892 2416 65 30 och
977 2416 193 30 Jacobsson
1192 2417 12 29 i
1226 2417 79 30 Sala
1332 2416 62 34 (II:
1410 2417 96 34 230),
1528 2417 12 29 i
1561 2417 95 30 vilka
1677 2418 96 29 hem-

276 2467 131 34 ställts,
432 2469 50 28 att
505 2468 189 39 riksdagen
718 2469 107 29 måtte
849 2469 136 30 besluta
1009 2471 50 29 att
1085 2470 131 30 antalet
1240 2470 497 40 taxeringsassistenttjänster
1761 2470 11 28 i
