1910 2780
488 126 287 30 Statsutskottets
796 125 179 30 utlåtande
995 135 41 20 nr
1057 126 37 29 11
1116 126 39 29 år
1176 126 84 29 1960
1579 125 41 29 69

130 215 42 21 av
197 206 101 40 högst
324 206 96 30 2000
435 206 62 30 000
524 206 141 30 kronor.
692 205 407 40 Utrustningsförslaget,
1127 205 143 29 särskilt
1295 205 12 29 i
1332 204 67 30 vad
1425 204 196 30 detsamma

130 269 100 20 avser
251 260 202 39 utrustning
474 259 55 30 för
550 259 316 39 undervisningens
888 259 65 29 och
974 258 249 39 forskningens
1244 258 121 33 behov,
1388 258 64 28 har
1472 265 149 21 numera

131 314 86 29 även
239 313 185 39 granskats
446 322 41 21 av
509 312 403 39 utrustningsnämnden
934 311 55 30 för
1010 312 206 29 universitet
1238 311 65 29 och
1324 310 198 39 högskolor.
1545 309 76 30 Vad

130 367 177 29 nämnden
334 366 123 30 därvid
484 366 117 30 anfört
629 366 65 29 har
720 366 77 29 icke
824 365 85 39 givit
936 363 386 41 departementschefen
1351 363 188 39 anledning
1567 362 52 30 till

130 420 151 29 erinran.
306 419 117 31 Under
447 419 255 39 förutsättning
726 421 50 28 att
800 419 42 29 de
866 428 43 20 av
932 418 178 29 nämnden
1135 417 199 40 föreslagna
1357 417 264 39 justeringarna

130 473 11 30 i
171 474 461 39 utrustningsprogrammet
661 472 160 30 kommer
849 472 53 29 till
933 471 112 35 stånd,
1075 471 238 30 innebärande
1343 479 42 21 en
1414 469 206 39 minskning

130 536 43 20 av
201 527 41 29 de
271 527 108 29 totala
408 525 464 40 utrustningskostnaderna
901 525 80 29 med
1010 524 118 31 92000
1159 525 140 33 kronor,
1331 532 102 21 anser
1463 524 157 38 departe-

128 580 241 30 mentschefen
391 580 50 39 sig
461 580 84 30 böra
566 580 177 39 tillstyrka
765 578 390 40 utrustningsförslaget
1176 579 10 29 i
1207 578 79 29 dess
1307 578 126 29 helhet.
1456 578 74 28 Den
1552 585 68 31 nya

131 633 417 40 laboratoriebyggnaden
566 632 174 30 beräknas
760 632 54 30 stå
832 631 115 40 färdig
965 631 55 30 för
1038 630 208 40 inflyttning
1264 630 162 39 omkring
1445 630 67 29 den
1534 630 14 29 1
1569 629 52 39 ja-

132 687 102 29 nuari
254 687 93 29 1961.
365 686 117 30 Under
499 686 103 29 nästa
618 685 171 40 budgetår
805 685 64 29 bör
887 684 132 30 således
1039 684 199 30 återstoden
1257 693 42 20 av
1317 683 55 30 för
1390 681 231 39 anskaffning

131 749 43 20 av
197 739 267 40 ifrågavarande
489 739 205 39 utrustning
718 738 229 39 erforderliga
971 737 112 30 medel
1108 737 151 30 anvisas.
1285 736 49 30 På
1358 736 114 39 grund
1496 745 43 20 av
1564 735 57 29 det

131 793 149 30 anförda
301 793 65 29 och
386 793 80 29 med
487 792 197 30 beaktande
704 791 132 40 jämväl
859 800 42 21 av
922 791 94 30 vissa
1036 790 277 34 merkostnader,
1336 789 95 30 vilka
1452 789 170 39 uppskat-

131 849 54 27 tas
213 847 51 29 till
294 846 60 30 100
370 846 62 30 000
460 846 140 34 kronor,
629 845 193 40 tillstyrkes
851 854 42 20 en
921 844 320 39 medelsanvisning
1269 843 54 30 för
1351 842 200 30 ändamålet
1579 850 42 20 av

136 900 35 33 (3
186 900 59 30 931
263 900 62 30 000
338 918 45 3 —
397 900 14 29 1
429 899 62 30 040
506 899 62 30 000
581 917 45 3 —
639 899 41 30 92
695 899 62 30 000
773 903 28 28 +
819 899 60 29 100
894 898 80 34 000)
1003 899 11 29 i
1038 900 83 28 runt
1145 898 47 29 tal
1217 897 95 30 2900
1328 897 62 30 000
1415 897 140 29 kronor.

176 957 216 30 Kommittén
417 957 65 29 har
507 957 45 39 på
577 956 171 40 grundval
775 966 43 20 av
842 955 192 30 verkställd
1061 954 188 40 utredning
1274 954 71 39 lagt
1371 953 91 30 fram
1490 952 132 39 förslag

132 1011 52 29 till
212 1011 203 39 utrustning
443 1020 42 20 av
511 1010 66 29 den
605 1019 69 30 nya
701 1009 314 30 alkoholkliniken.
1043 1008 49 30 De
1120 1008 109 30 totala
1256 1006 366 40 utrustningskostna-

132 1064 108 30 derna
258 1064 173 30 beräknas
451 1063 117 40 uppgå
586 1063 52 30 till
661 1063 94 30 1032
770 1062 62 30 000
853 1063 140 28 kronor.
1014 1059 394 41 Departementschefen
1427 1059 196 39 tillstyrker

132 1117 57 30 det
216 1117 195 39 framlagda
437 1116 462 40 utrustningsprogrammet
925 1115 65 30 och
1016 1115 65 29 har
1106 1114 77 30 icke
1210 1113 118 31 funnit
1354 1113 189 39 anledning
1569 1111 52 30 till

132 1171 141 29 erinran
299 1173 73 27 mot
400 1170 41 30 de
469 1170 124 39 gjorda
620 1168 466 39 kostnadsberäkningarna.
1115 1167 65 31 Det
1208 1167 205 29 förutsättes
1442 1166 99 34 dock,
1572 1166 50 28 att

132 1224 209 30 kommittén
358 1224 204 39 vinnlägger
580 1223 52 40 sig
650 1232 57 20 om
726 1225 50 27 att
793 1222 171 39 begränsa
982 1220 193 41 utgifterna
1193 1220 39 30 så
1249 1220 96 39 långt
1364 1219 94 30 detta
1475 1220 40 28 är
1533 1218 89 39 möj-

133 1278 62 39 ligt
211 1280 84 27 utan
311 1279 50 28 att
376 1278 121 29 kravet
512 1276 45 40 på
572 1286 43 20 en
631 1275 326 31 tillfredsställande
974 1274 168 30 standard
1158 1275 10 28 i
1185 1273 99 40 fråga
1300 1282 56 21 om
1374 1272 248 39 utrustningen

132 1331 208 30 eftersättes.
359 1330 281 30 Vidkommande
658 1328 289 40 anslagsbehovet
965 1327 55 31 för
1037 1327 102 30 nästa
1156 1326 170 40 budgetår
1344 1335 103 20 anser
1465 1326 158 38 departe-

132 1383 241 31 mentschefen
394 1401 45 3 —
459 1383 79 30 med
560 1383 140 39 hänsyn
722 1383 52 29 till
798 1384 50 27 att
872 1382 66 29 den
961 1390 69 30 nya
1052 1380 159 30 kliniken
1233 1379 173 30 beräknas
1431 1379 54 30 stå
1507 1378 115 39 färdig

133 1437 89 30 först
245 1438 10 28 i
279 1436 105 31 slutet
407 1445 41 21 av
471 1436 38 30 år
534 1436 81 30 1961
639 1453 43 4 —
706 1444 42 21 en
771 1434 320 38 medelsanvisning
1115 1433 55 30 för
1192 1432 200 30 ändamålet
1416 1441 41 20 av
1480 1431 63 30 500
1558 1431 64 30 000

132 1491 131 29 kronor
283 1499 84 20 vara
387 1489 183 40 tillfyllest,
594 1488 112 30 under
728 1488 254 39 förutsättning
1004 1489 51 28 att
1077 1487 210 30 kommittén
1310 1485 178 40 samtidigt
1510 1484 114 30 erhål-

133 1544 50 29 ler
209 1543 278 39 bemyndigande
514 1544 50 28 att
591 1542 147 29 beställa
765 1541 203 39 utrustning
995 1541 53 29 till
1076 1542 48 28 ett
1150 1539 106 30 värde
1283 1549 42 20 av
1351 1539 102 39 högst
1481 1538 63 30 300
1559 1537 63 30 000

133 1597 140 34 kronor,
296 1598 50 28 att
368 1596 119 39 gäldas
509 1595 144 39 tidigast
675 1595 111 29 under
808 1593 205 40 budgetåret
1039 1593 151 33 1961/62.
1214 1593 12 29 I
1250 1593 94 29 detta
1367 1591 257 38 sammanhang

133 1650 134 29 erinras
291 1659 56 20 om
371 1651 50 28 att
445 1648 124 40 frågan
592 1657 57 21 om
673 1648 203 39 utrustning
900 1656 42 21 av
965 1647 66 29 den
1055 1646 51 30 till
1131 1645 302 31 alkoholkliniken
1457 1644 167 30 anslutna

133 1703 245 30 institutionen
402 1702 55 30 för
479 1702 168 30 teoretisk
670 1700 330 39 alkoholforskning
1023 1699 214 40 handlägges
1261 1699 111 29 under
1395 1698 142 30 åttonde
1560 1698 64 29 hu-

132 1756 183 30 vudtiteln.

179 1814 65 29 Vid
267 1813 165 29 anmälan
454 1814 10 28 i
488 1811 459 40 statsverkspropositionen
970 1820 42 20 av
1035 1809 389 39 investeringsanslaget
1447 1809 52 29 till
1523 1808 102 29 karo-

134 1867 116 29 linska
269 1866 205 39 sjukhusets
493 1865 221 39 utbyggande
734 1864 157 34 föreslås,
910 1866 51 27 att
979 1864 79 29 med
1075 1863 201 39 ytterligare
1294 1861 330 39 medelstilldelning

135 1920 55 29 för
216 1919 220 39 uppförande
462 1928 42 20 av
530 1928 47 29 ny
602 1916 349 40 verkstadsbyggnad
978 1918 91 27 samt
1096 1915 55 30 för
1177 1915 215 39 tillbyggnad
1420 1924 41 20 av
1489 1914 136 38 allergi-

133 1973 223 34 laboratoriet
377 1973 54 29 får
451 1972 100 29 anstå
571 1972 52 29 till
643 1973 48 28 ett
712 1980 121 20 senare
853 1970 178 39 budgetår.
1053 1970 74 28 Den
1148 1969 197 39 föreslagna
1365 1968 260 39 tillbyggnaden

136 2036 41 20 av
209 2025 389 39 röntgendiagnostiska
630 2025 230 37 avdelningen
893 2032 101 21 anses
1025 2023 118 29 vidare
1176 2022 75 29 icke
1283 2022 84 29 böra
1398 2022 142 29 komma
1572 2021 52 29 till

138 2080 184 29 utförande
342 2079 110 29 under
471 2080 99 28 nästa
589 2078 179 38 budgetår.
788 2078 76 28 Med
883 2078 137 37 hänsyn
1039 2076 117 29 härtill
1176 2076 148 29 behöver
1343 2075 105 37 enligt
1466 2075 157 38 departe-

133 2132 241 29 mentschefen
397 2131 202 38 utrustning
623 2131 54 29 för
700 2129 266 39 ifrågavarande
990 2132 50 27 tre
1063 2128 315 39 byggnadsföretag
1402 2128 74 28 icke
1500 2127 125 29 bestäl-

135 2186 49 28 las
205 2185 107 29 redan
333 2184 110 29 under
464 2184 204 37 budgetåret
692 2183 151 32 1960/61.

181 2237 64 29 Vid
264 2236 98 29 bifall
382 2236 52 29 till
454 2236 66 29 vad
541 2235 149 29 sålunda
711 2235 197 37 föreslagits
928 2233 167 39 uppföres
1116 2233 156 37 anslaget
1292 2232 79 29 med
1392 2231 234 37 sammanlagt

136 2290 18 29 3
169 2289 62 30 400
247 2289 62 29 000
329 2289 140 33 kronor,
490 2288 107 29 vilket
618 2288 9 28 i
647 2287 205 39 jämförelse
872 2286 78 29 med
970 2285 237 29 innevarande
1227 2284 169 39 budgetår
1416 2284 146 28 innebär
1583 2292 42 20 en

136 2342 274 39 anslagsökning
441 2341 79 29 med
552 2341 14 28 2
585 2340 141 30 029000
759 2340 140 29 kronor.
932 2338 126 29 Vidare
1090 2347 102 20 anses
1224 2337 83 29 böra
1340 2337 164 28 utverkas
1537 2336 89 28 riks-

137 2396 128 37 dagens
284 2394 228 38 medgivande
532 2395 50 27 att
600 2393 147 29 beställa
767 2392 202 37 utrustning
988 2391 50 29 till
1060 2389 301 30 alkoholkliniken
1383 2389 50 29 till
1453 2391 48 27 ett
1520 2388 106 30 värde

136 2458 42 19 av
200 2448 99 38 högst
322 2447 62 30 300
400 2447 61 29 000
485 2447 140 33 kronor,
648 2447 50 28 att
721 2445 119 38 gäldas
863 2444 141 38 tidigast
1027 2444 110 28 under
1158 2442 204 38 budgetåret
1389 2442 150 32 1961/62.
