1926 2778
274 154 62 30 126
629 152 285 30 Statsutskottets
935 151 179 30 utlåtande
1133 161 42 20 nr
1195 152 36 29 11
1253 151 40 30 år
1313 151 84 31 1960

272 234 55 30 för
359 234 198 30 ambulans-
587 234 64 29 och
682 232 394 39 räddningsflygningar
1105 231 96 30 inom
1234 231 137 39 Sverige
1402 231 101 40 eljest
1534 231 102 40 givna
1668 231 89 30 före-

272 286 200 30 skrifterna.

315 340 178 39 Förslaget
523 341 51 28 att
603 339 160 30 använda
793 338 199 30 ambulans-
1022 339 64 29 och
1116 337 552 40 räddningsflygorganisationen
1698 337 57 30 vid

268 392 94 30 vissa
385 392 299 39 hemtransporter
708 392 81 30 från
814 391 151 39 sjukhus
990 391 117 29 finner
1130 390 386 40 departementschefen
1540 400 96 21 mera
1660 390 96 30 tvek-

272 447 101 28 samt.
394 445 64 30 Det
479 446 38 29 är
538 445 191 29 emellertid
750 444 196 39 uppenbart
966 446 50 28 att
1038 444 118 30 starka
1176 444 226 30 humanitära
1424 444 75 29 skäl
1519 444 71 29 kan
1611 444 70 29 tala
1703 443 54 29 för

270 500 51 27 att
340 499 160 30 använda
518 497 253 40 flygtransport
788 497 56 30 för
861 497 261 30 hemsändande
1142 506 42 21 av
1200 497 135 39 patient
1353 497 80 29 från
1453 496 161 39 sjukhus.
1633 497 123 29 Förut-

270 551 155 40 sättning
443 551 122 30 härför
583 551 62 30 bör
664 550 145 40 givetvis
826 560 84 21 vara
929 552 50 28 att
998 550 107 39 enligt
1124 550 137 30 läkares
1279 550 217 30 bedömande
1516 551 107 29 annat
1642 552 113 28 trans-

268 604 193 39 portmedel
485 604 79 30 med
587 604 137 39 hänsyn
748 604 53 29 till
825 603 197 40 patientens
1046 603 158 30 tillstånd
1227 603 77 31 icke
1328 603 71 29 kan
1424 603 189 30 användas.
1638 602 117 31 Under

268 656 128 31 villkor
419 659 50 28 att
492 657 292 39 flygtransporter
807 666 42 21 av
871 656 265 39 ifrågavarande
1160 656 73 39 slag
1256 656 160 30 kommer
1440 658 50 28 att
1514 657 60 29 ske
1598 656 123 29 endast
1745 655 11 29 i

269 710 262 39 undantagsfall
552 710 192 39 tillstyrkes
765 711 87 29 även
872 710 94 30 detta
988 710 140 39 förslag.
1149 709 144 30 Liksom
1313 709 221 30 beträffande
1556 709 200 29 ambulans-

268 764 66 28 och
361 763 425 40 räddningsflygtjänsten
814 763 11 30 i
853 763 110 39 övrigt
991 772 103 21 anser
1121 762 386 40 departementschefen
1534 762 142 39 rimligt,
1705 763 50 28 att

267 815 239 30 kostnaderna
528 816 86 30 även
636 815 55 31 för
712 816 156 31 nämnda
889 817 217 39 transporter
1129 817 144 28 stannar
1295 816 46 39 på
1363 815 218 30 statsverket.

313 869 125 30 Därest
455 869 187 39 riksdagen
659 869 31 39 ej
709 870 65 29 har
792 869 115 40 någon
923 869 141 29 erinran
1082 869 157 30 däremot
1257 868 147 31 föreslås
1423 868 230 30 förenämnda
1672 868 83 30 änd-

268 921 84 30 rade
377 922 152 39 grunder
554 922 54 30 för
631 922 269 30 verksamheten
924 922 36 30 få
985 922 176 40 tillämpas
1186 922 108 30 redan
1320 922 43 29 fr.
1388 931 30 21 o.
1444 931 45 20 m.
1515 921 173 40 ingången
1714 930 41 20 av

268 974 39 30 år
328 975 94 30 1959.

313 1028 13 28 I
350 1028 151 39 enlighet
524 1029 79 29 med
625 1029 57 30 det
705 1028 150 31 anförda
878 1029 63 29 och
964 1029 45 30 då
1033 1028 187 39 styrelsens
1243 1027 235 39 beräkningar
1501 1037 42 20 av
1566 1027 189 30 medelsbe-

267 1081 104 29 hovet
399 1081 12 29 i
439 1081 186 30 huvudsak
655 1081 165 40 godtages
848 1082 173 30 beräknas
1050 1081 238 31 kostnaderna
1318 1081 55 30 för
1400 1081 270 30 verksamheten
1700 1080 54 30 för

267 1134 103 29 nästa
394 1134 169 39 budgetår
587 1134 52 30 till
666 1134 54 31 för
744 1134 465 40 helikopterverksamheten
1234 1134 12 29 i
1271 1134 264 30 Västerbottens
1560 1134 64 29 och
1651 1134 104 29 Norr-

267 1189 139 31 bottens
432 1189 59 30 län
520 1188 60 30 185
595 1188 62 30 000
685 1197 90 31 resp.
807 1187 60 30 190
882 1187 62 31 000
971 1187 141 35 kronor,
1140 1187 54 30 för
1222 1187 98 39 dylik
1346 1187 224 30 verksamhet
1597 1187 11 29 i
1637 1186 118 31 Stock-

267 1241 276 31 holmsområdet
562 1242 63 29 och
646 1241 118 30 landet
783 1241 12 29 i
814 1241 112 39 övrigt
947 1240 60 30 175
1022 1240 64 30 000
1105 1240 131 30 kronor
1257 1242 91 28 samt
1369 1240 54 30 för
1443 1249 118 21 annan
1582 1239 173 40 flygverk-

267 1295 138 30 samhet
425 1294 60 30 100
500 1294 63 30 000
584 1295 140 30 kronor.

311 1347 165 40 Anslaget
502 1349 168 38 upptages
696 1347 103 30 alltså
823 1347 53 30 till
902 1347 63 30 650
978 1346 64 31 000
1067 1347 141 35 kronor,
1232 1346 108 31 vilket
1366 1346 146 30 innebär
1537 1356 43 20 en
1605 1346 148 39 höjning

265 1400 80 30 med
368 1400 62 30 200
445 1400 63 31 000
532 1401 140 29 kronor.

314 1516 175 30 Utskottet
516 1515 202 40 tillstyrker,
748 1517 51 28 att
827 1525 44 20 en
898 1517 206 38 permanent
1132 1515 402 40 helikopterberedskap,
1563 1514 12 30 i
1603 1514 152 40 enlighet

266 1569 81 30 med
369 1569 57 30 det
447 1568 339 41 utredningsförslag
810 1578 74 21 som
907 1568 190 31 framlades
1119 1569 108 29 redan
1249 1569 40 29 år
1313 1568 94 35 1957,
1429 1577 49 21 nu
1500 1567 222 40 genomföres
1743 1567 12 29 i

268 1622 264 31 Västerbottens
555 1623 69 30 län.
647 1623 72 30 Mot
742 1622 59 30 det
823 1632 44 21 av
888 1622 385 40 departementschefen
1296 1621 200 31 beräknade
1519 1621 236 30 medelsbeho-

266 1677 57 28 vet
342 1675 121 30 härför
482 1676 65 30 har
567 1676 169 30 utskottet
756 1676 72 30 inte
848 1675 118 31 funnit
986 1675 188 40 anledning
1193 1675 53 30 till
1265 1675 153 30 erinran.

313 1729 117 39 Enligt
450 1729 42 30 de
512 1738 44 21 av
576 1730 275 29 statsmakterna
871 1729 38 30 år
932 1729 83 30 1958
1037 1729 149 39 angivna
1208 1728 344 39 förutsättningarna
1573 1728 89 30 skall
1684 1737 72 20 am-

265 1782 143 30 bulans-
433 1783 65 29 och
525 1782 427 40 räddningsflygtjänsten
978 1792 81 21 avse
1085 1782 224 30 verksamhet
1336 1782 96 29 inom
1459 1781 101 30 riket.
1588 1780 167 31 Härutin-

264 1844 72 21 nan
362 1836 65 29 har
453 1835 386 40 departementschefen
867 1836 178 39 föreslagit
1071 1835 93 31 vissa
1191 1834 297 35 modifikationer,
1515 1834 238 30 innebärande

266 1889 51 29 att
340 1889 126 29 svensk
487 1888 235 40 medborgare,
746 1898 77 21 som
844 1889 102 30 råkat
966 1889 12 30 i
1000 1898 43 21 en
1065 1888 240 31 nödsituation
1327 1888 96 30 inom
1445 1888 105 39 något
1572 1897 42 20 av
1635 1887 119 39 övriga

264 1942 168 31 nordiska
455 1942 133 35 länder,
612 1942 88 30 skall
722 1942 123 30 kunna
868 1942 132 31 erhålla
1024 1942 253 40 flygtransport
1300 1941 53 30 till
1377 1940 209 40 exempelvis
1610 1941 143 30 svenskt

266 1995 153 40 sjukhus
439 1997 65 29 och
526 1998 51 28 att
598 1995 283 40 organisationen
903 1996 86 29 även
1011 1995 89 30 skall
1121 1995 121 31 kunna
1264 1995 180 30 användas
1464 1994 58 31 vid
1543 1994 93 31 vissa
1657 1995 97 29 hem-

267 2050 219 39 transporter
507 2049 81 30 från
610 2049 162 39 sjukhus.
794 2049 187 35 Utskottet,
1004 2058 78 21 som
1101 2048 12 31 i
1135 2049 110 30 likhet
1267 2048 80 31 med
1368 2047 388 41 departementschefen

268 2102 217 35 förutsätter,
507 2104 52 28 att
578 2104 217 38 transporter
816 2112 43 21 av
879 2102 220 30 sistnämnda
1119 2102 73 40 slag
1213 2102 162 29 kommer
1394 2103 51 28 att
1465 2101 61 31 ske
1547 2101 124 30 endast
1691 2109 64 22 un-

267 2155 212 40 dantagsvis,
500 2165 103 21 anser
621 2155 51 40 sig
689 2156 86 30 böra
793 2156 178 39 tillstyrka
989 2157 88 29 även
1094 2155 102 30 dessa
1215 2155 142 39 förslag.

308 2208 117 40 Enligt
451 2209 68 30 vad
547 2209 170 30 utskottet
744 2208 176 31 inhämtat
946 2209 66 29 har
1038 2208 42 31 de
1109 2209 198 39 föreslagna
1336 2207 294 40 förändringarna
1658 2208 11 29 i
1696 2207 56 29 be-

265 2262 267 31 stämmelserna
563 2262 247 30 aktualiserats
841 2270 124 32 genom
996 2262 58 30 två
1085 2262 39 30 år
1155 2262 84 30 1959
1270 2261 203 35 inträffade,
1505 2261 144 30 särskilt
1679 2261 73 29 öm-

262 2315 128 30 mande
413 2315 72 35 fall,
509 2316 168 30 avseende
700 2316 408 39 kostnadsersättningar
1131 2325 57 21 om
1212 2315 234 39 sammanlagt
1468 2314 163 39 omkring
1654 2314 18 30 3
1687 2312 64 32 000

262 2368 142 31 kronor.
425 2368 78 30 Med
523 2369 138 40 hänsyn
681 2369 120 30 härtill
822 2368 60 31 vill
904 2368 171 31 utskottet
1096 2368 71 31 inte
1189 2369 167 30 motsätta
1378 2368 61 40 sig,
1461 2370 51 28 att
1532 2368 42 30 de
1597 2366 154 32 ändrade

262 2421 201 39 grunderna
488 2422 55 30 för
567 2422 269 31 verksamheten
861 2422 55 30 får
941 2421 178 42 tillämpas
1143 2422 107 30 redan
1277 2422 80 30 från
1383 2422 64 30 och
1473 2422 79 29 med
1577 2421 173 39 ingången

264 2483 43 21 av
324 2474 39 30 år
383 2475 93 30 1959.
