1908 2810
565 180 290 36 Statsutskottets
872 177 179 36 memorial
1068 190 43 22 nr
1127 179 57 32 52.
1602 176 20 31 5

131 264 154 36 dicinska
307 263 65 35 och
393 261 191 36 filosofiska
605 260 244 40 fakulteterna,
871 257 149 44 uppföra
1042 269 42 22 en
1106 255 196 44 befattning
1323 256 115 33 såsom
1461 253 161 35 assistent

129 318 11 35 i
159 317 206 43 lönegraden
381 312 21 52 A
432 318 55 38 17;

174 371 36 42 b)
238 370 146 40 besluta,
402 373 53 30 att
473 367 296 43 avlöningsstaten
787 365 54 35 för
858 364 158 44 Uppsala
1034 362 204 36 universitet
1256 361 98 41 skall,
1372 360 80 35 med
1469 359 151 44 tillämp-

130 424 82 44 ning
229 423 69 35 tills
316 422 117 35 vidare
449 421 79 35 från
546 421 63 35 och
628 420 78 34 med
723 419 208 43 budgetåret
950 416 169 44 1943/44,
1135 416 11 34 i
1163 415 112 35 nedan
1294 414 149 44 angivna
1462 413 92 35 delar
1571 424 49 22 er-

130 477 92 36 hålla
241 476 151 44 följande
411 475 140 44 lydelse:

676 587 403 43 Avlöningsstat.

796 667 162 43 Utgifter:

535 748 29 28 I.
600 746 248 29 Professorer
871 744 70 29 och
964 744 130 28 lärare
1118 753 42 18 m.
1185 742 34 29 fl.

134 820 31 32 1.
189 815 214 43 Avlöningar
420 814 52 35 till
491 812 168 36 ordinarie
677 812 225 43 tjänstemän:

187 883 32 22 a.
242 870 73 34 Lön
361 868 65 35 och
454 867 171 44 tjänstgö-

239 921 281 45 ringspenningar
542 947 75 8 ....
647 919 127 35 kronor
798 921 146 37 861,400

245 977 101 42 Avgå
365 975 174 44 pensions-

245 1030 130 42 avdrag
413 1055 212 8 ..........
715 1042 16 16 »
827 1028 123 38 54,300
974 1024 127 34 kronor
1125 1026 146 37 807,100

748 1147 266 36 Avlöningsstater.

189 1263 34 34 b.
247 1260 252 44 Ålderstillägg,
525 1258 198 45 förslagsvis
758 1284 188 9 .........
976 1257 128 34 kronor
1151 1258 123 38 44,400

190 1329 30 22 ce.
244 1315 245 43 Ersättningar
518 1314 52 34 till
600 1312 235 36 vikarierande
863 1311 83 35 aka-

247 1368 154 35 demiska
426 1368 121 40 lärare,
572 1365 198 44 förslagsvis
803 1391 143 8 .......
1037 1378 16 16 »
1149 1365 122 37 10,000
1295 1361 126 34 kronor
1469 1361 144 38 $861,500

134 1498 32 31 4.
190 1493 164 35 Arvoden
369 1491 65 36 och
448 1491 167 35 särskilda
630 1489 242 43 ersättningar,
886 1487 183 35 bestämda
1085 1499 44 22 av
1144 1485 131 43 Kungl.

190 1546 121 43 Maj:t,
331 1543 199 45 förslagsvis
557 1565 710 13 ........s-seesersrr
990 1538 32 55 rr
1035 1538 35 55 rr
1079 1538 36 55 rr
1124 1538 35 55 er
1169 1538 35 55 rr
1224 1538 45 55 ts
1358 1552 16 16 »
1470 1537 145 38 516,400

135 1604 32 31 5,
192 1599 176 36 Särskilda
403 1597 253 35 löneförmåner
691 1596 52 34 till
779 1593 259 36 icke-ordinarie
1062 1592 213 43 tjänstemän
1358 1605 16 16 »
1517 1591 98 37 1,500

168 1663 86 25 Anm.:
275 1661 68 26 Från
364 1660 157 27 förestående
542 1659 156 32 anslagspost
717 1658 68 27 skola
806 1658 37 25 till
865 1657 78 26 förste
963 1655 179 27 underläkaren
1165 1656 15 25 å
1201 1654 77 26 medi-

135 1699 87 26 cinska
243 1697 111 27 kliniken
375 1696 47 26 och
446 1697 78 25 förste
545 1694 180 27 underläkaren
747 1695 16 25 å
785 1693 139 32 kirurgiska
946 1692 111 26 kliniken
1079 1691 137 27 eventuellt
1238 1694 40 22 ut-

137 1734 95 32 gående
251 1732 162 34 hyresbidrag
431 1732 131 26 bestridas.

1120 1781 144 34 Summa
1285 1780 127 33 kronor
1438 1781 178 38 1,419,700

459 1896 238 36 Anmärkningar
713 1895 45 29 till
774 1894 157 36 avdelning
949 1894 24 28 I.
991 1904 37 18 av
1046 1893 263 35 avlöningsstaten.

313 2067 48 29 II.
397 2066 113 29 Vissa
540 2066 244 35 tjänstemän
814 2063 65 29 vid
910 2062 306 30 universitetets
1247 2060 213 37 samlingar

625 2119 69 28 och
724 2117 271 35 inrättningar
1025 2126 43 18 m.
1100 2126 43 18 m.

139 2192 31 30 1.
194 2187 213 42 Avlöningar
425 2186 51 34 till
495 2184 169 35 ordinarie
682 2183 226 44 tjänstemän,
925 2180 198 45 förslagsvis
1147 2208 120 7 ......
1298 2180 127 34 kronor
1473 2182 144 37 2397,500

139 2245 32 30 2.
194 2239 165 36 Arvoden
374 2239 63 34 och
453 2238 167 35 särskilda
635 2236 242 43 ersättningar,
892 2235 182 34 bestämda
1089 2247 45 22 av
1149 2233 130 43 Kungl.

193 2291 111 43 Maj:t
336 2312 936 14 oossecsossereerorsrererer
880 2284 35 54 rr
924 2284 92 54 eter
1053 2284 54 54 rr
1130 2284 146 54 Rts
1362 2299 16 17 »
1497 2286 123 37 25,650

139 2349 33 31 3.
196 2344 213 43 Avlöningar
433 2343 52 35 till
512 2343 97 43 övrig
634 2341 257 35 icke-ordinarie
916 2340 156 43 personal
1106 2366 166 7 ........
1362 2353 16 16 »
1476 2340 143 37 131,400

138 2402 32 31 4.
195 2397 138 44 Rörligt
354 2396 130 43 tillägg,
505 2395 198 44 förslagsvis
728 2419 544 10 ........s-sserecssssereset
1362 2406 15 16 »
1497 2393 121 36 73,616

1134 2455 144 34 Summa
1301 2454 127 34 kronor
1476 2456 144 37 628,166
