2218 2646
692 167 228 42 Lagutskottets
949 167 168 32 Utlåtande
1139 166 67 32 N:o
1229 166 50 31 70.
1707 162 40 34 35

184 262 116 33 såsom
329 258 45 36 de
401 254 263 50 ofvanintagna
691 256 201 37 statistiska
920 254 172 38 siffrorna
1111 258 170 43 nogsamt
1298 252 103 47 gifva
1420 250 62 38 vid
1500 250 157 45 handen,
1676 250 115 37 hållas

183 310 98 35 inom
310 309 144 49 mycket
483 308 167 47 måttliga
676 314 161 41 gränser.

319 359 104 38 Efter
463 360 63 35 allt
565 364 54 30 att
659 359 106 35 döma
805 357 114 35 borde
951 355 137 37 således
1116 360 118 43 steget
1261 355 125 36 kunna
1412 359 102 41 tagas
1542 351 87 38 fullt
1657 356 41 31 ut
1725 350 65 36 och

185 414 112 43 några
336 411 272 46 oöfverstigliga
649 409 130 36 hinder
818 409 79 34 icke
938 413 96 29 möta
1065 406 59 36 för
1155 411 54 31 ett
1239 404 235 48 fullständigt
1501 401 227 37 afskaffande
1755 400 40 36 af

184 462 62 35 det
279 461 211 36 nuvarande
519 461 242 45 mönstrings-
789 459 65 35 och
884 456 416 47 anmälningsväsendet,
1330 455 58 38 för
1416 460 39 30 så
1482 454 79 36 vidt
1589 453 202 37 detsamma

183 512 167 48 påhvilar
377 512 44 36 de
449 512 255 48 värnpligtige.

318 563 222 47 Härigenom
581 563 117 35 skulle
731 561 240 36 förseelserna
999 564 77 30 mot
1102 558 312 47 värnpligtslagen
1443 556 124 34 kunna
1595 553 112 38 varda
1733 554 58 36 in-

184 614 171 35 skränkta
386 615 57 34 till
471 613 44 35 de
542 616 62 32 två
630 613 215 46 visserligen
873 609 218 37 straffvärda
1120 608 75 45 fall,
1223 621 76 23 som
1328 606 77 37 afse
1432 604 251 38 uteblifvande
1709 603 83 37 från

184 664 223 47 inskrifning
434 666 87 34 eller
547 663 257 48 tjenstgöring.

317 714 124 37 Skulle
481 715 61 36 det
576 714 205 37 emellertid
821 719 76 30 mot
936 711 194 37 förmodan
1173 723 43 25 ur
1249 710 137 37 militär
1412 707 190 50 synpunkt
1628 706 165 37 befinnas

186 766 158 47 ogörligt
373 771 54 30 att
446 765 183 49 upphäfva
649 764 376 48 mönstringspligten,
1046 775 108 36 synes
1173 762 56 34 till
1248 760 206 47 främjande
1473 758 40 36 af
1529 758 61 36 det
1609 756 184 47 skriftliga

186 818 348 46 mönstringssättets
562 816 186 36 anlitande
775 815 66 36 och
870 814 171 47 behöriga
1060 811 233 50 fullgörande
1312 811 124 35 kunna
1453 809 110 38 bland
1583 813 111 32 annat
1711 807 81 36 vid-

184 873 101 42 tagas
325 869 137 35 såduna
503 867 169 48 åtgärder
712 872 53 30 att
806 866 64 36 hos
898 866 44 35 de
969 877 183 36 personer,
1182 876 87 30 som,
1294 862 147 47 jemlikt
1467 859 23 46 &
1521 862 68 33 117
1620 860 11 35 i
1661 859 130 48 Kongl.

185 918 118 47 Maj:ts
330 918 177 50 förnyade
534 918 135 48 nådiga
696 917 220 46 förordning
943 915 187 46 angående
1157 912 224 47 inskrifning
1408 912 64 36 och
1497 911 237 46 redovisning
1757 909 40 39 af

185 970 244 48 värnpligtige
457 975 93 30 samt
577 970 105 35 deras
712 968 242 47 tjenstgöring
984 980 44 21 m.
1058 979 60 30 m.,
1139 978 67 34 ega
1224 963 173 50 bestyrka
1415 962 265 48 värnpligtiges
1699 974 93 35 upp-

184 1019 112 49 gifter
323 1034 58 22 om
412 1020 138 43 bostad,
578 1020 148 49 tryckta
752 1019 205 36 blanketter
984 1017 57 36 till
1069 1017 127 48 dylika
1224 1013 186 50 uppgifter
1437 1017 45 44 på
1504 1013 62 36 det
1590 1013 203 36 allmännas

185 1071 199 36 bekostnad
414 1071 304 36 tillhandahållas.

318 1122 81 36 Med
428 1122 198 47 anledning
655 1120 39 36 af
719 1134 43 22 en
792 1120 60 36 vid
881 1120 119 35 denna
1018 1118 149 46 riksdag
1186 1117 106 35 väckt
1312 1116 137 35 motion
1469 1115 65 35 har
1553 1114 241 47 lagutskottet

185 1174 11 34 i
229 1173 171 36 särskildt
434 1173 188 36 utlåtande
651 1172 179 48 tillstyrkt
857 1171 114 36 sådan
998 1169 159 46 ändring
1183 1168 40 36 af
1245 1166 242 50 nyssberörda
1513 1164 35 45 5,
1577 1170 55 31 att
1655 1164 138 47 jemväl

184 1224 201 35 ledamöter
412 1225 12 34 i
452 1223 352 36 kommunalnämnd
832 1222 66 35 och
927 1220 243 37 nämndemän
1199 1222 58 32 må
1285 1219 123 35 kunna
1436 1216 171 49 bestyrka
1629 1215 164 36 bostads-

187 1274 244 48 uppgifterna,
460 1275 236 46 hvarigenom
724 1273 185 36 sannolikt
928 1272 65 36 bör
1011 1272 125 34 kunna
1155 1269 268 36 åstadkommas
1442 1270 120 44 någon
1581 1266 214 47 minskning

185 1326 12 34 i
217 1325 566 48 mönstringsförsummelsernas
802 1323 110 35 antal.
952 1320 231 38 Beträffande
1202 1319 157 36 derefter
1378 1319 44 35 de
1438 1316 177 38 särskilda
1629 1316 165 49 skyldig-

186 1377 150 35 heterna
376 1375 58 36 för
475 1375 245 47 värnpligtige
754 1380 54 30 att
844 1373 232 48 personligen
1114 1371 149 36 inställa
1295 1371 56 46 sig
1382 1369 59 35 till
1472 1367 225 46 inskrifning
1728 1366 66 36 och

185 1427 245 48 tjenstgöring
457 1427 12 35 i
496 1426 156 36 fredstid
680 1438 108 36 synes
816 1428 45 44 på
888 1423 95 48 goda
1010 1422 164 48 grunder
1201 1421 123 35 kunna
1348 1419 243 47 ifrågasättas,
1612 1417 183 37 huruvida

185 1478 78 35 icke
302 1476 341 37 försummelsernas
684 1477 97 35 antal
814 1476 11 35 i
859 1475 103 36 dessa
992 1473 65 36 fall
1090 1473 116 36 skulle
1234 1472 124 35 kunna
1385 1471 12 34 i
1425 1468 165 38 afsevärd
1617 1471 85 34 mån
1728 1468 65 37 och

186 1528 91 36 efter
304 1529 98 35 hand
431 1529 170 42 minskas,
631 1527 121 36 derest
778 1526 245 48 värnpligtige
1047 1524 62 35 vid
1129 1521 226 38 försummad
1379 1521 195 36 inställelse
1599 1518 129 44 oftare,
1749 1525 45 28 än

186 1579 98 36 hvad
326 1593 50 21 nu
415 1580 11 34 i
467 1579 201 35 allmänhet
707 1579 96 35 lärer
843 1578 124 34 kunna
1007 1576 75 42 ske,
1114 1586 132 35 genom
1288 1572 324 50 myndigheternas
1652 1569 143 47 försorg

187 1630 198 35 hemtades.

320 1680 127 47 Enligt
487 1680 321 35 bestämmelserna
848 1679 11 34 i
900 1677 23 44 &
961 1679 44 33 41
1049 1689 109 22 mom.
1196 1678 16 31 1
1248 1674 66 35 och
1343 1676 20 33 3
1392 1672 315 48 värnpligtslagen
1734 1677 61 28 äro

187 1731 247 47 värnpligtige
460 1729 58 36 för
544 1729 246 49 nyssberörda
817 1728 94 35 båda
938 1726 275 36 försummelser
1240 1723 267 37 underkastade
1535 1722 206 47 äfventyret
1759 1720 40 38 af

188 1782 191 46 hemtning
411 1784 45 44 på
488 1793 90 34 egen
610 1779 213 36 bekostnad.
879 1778 71 36 Om
979 1778 102 35 dessa
1109 1775 274 37 bestämmelser
1410 1773 123 36 vidare
1561 1771 235 36 utvecklades

187 1832 65 36 och
281 1832 164 47 skärptes
473 1836 92 31 samt
592 1831 97 35 vissa
717 1830 185 48 praktiska
930 1828 247 44 anordningar
1195 1826 174 46 derjemte
1388 1824 166 47 vidtoges
1573 1822 59 36 för
1651 1822 145 46 möjlig-

186 1882 161 47 görande
389 1882 39 35 af
464 1895 41 22 en
548 1881 151 36 effektiv
741 1880 236 47 tillämpning
1018 1877 39 37 af
1093 1877 103 36 detta
1228 1876 181 48 äfventyr,
1439 1875 115 36 skulle
1582 1872 141 44 sådant,
1751 1875 46 44 på

186 1933 119 47 grund
334 1932 41 36 af
399 1933 61 35 det
486 1932 139 46 obehag
652 1932 67 36 och
739 1931 44 35 de
803 1930 206 43 kostnader,
1029 1942 77 22 som
1127 1940 131 35 genom
1278 1927 236 46 hemtningen
1534 1922 261 43 förorsakades,

186 1983 238 36 tvifvelsutan
451 1984 12 34 i
491 1984 70 45 hög
587 1983 93 47 grad
707 1981 131 47 främja
865 1979 262 38 efterlefnaden
1154 1978 39 35 af
1216 1977 329 47 värnpligtslagens
1569 1973 228 39 föreskrifter

187 2035 13 35 i
228 2035 43 34 de
294 2033 206 44 afseenden,
529 2046 59 22 om
616 2033 123 35 hvilka
767 2046 48 22 nu
844 2031 172 36 särskildt
1043 2038 40 27 är
1109 2029 115 46 fråga.

325 2084 134 35 Vidare
499 2096 108 35 synes
640 2083 81 35 med
750 2082 86 36 fullt
863 2082 63 45 fog
953 2082 88 34 böra
1069 2079 183 36 meddelas
1279 2076 188 37 föreskrift
1494 2076 136 42 derom,
1660 2079 54 30 att
1740 2073 58 36 för

189 2135 108 35 sådan
339 2135 236 46 värnpligtig,
615 2146 78 22 som
726 2145 132 34 genom
885 2130 226 36 försummad
1139 2127 222 46 inskrifning
1387 2127 88 35 eller
1503 2125 209 35 uraktlåten
1739 2124 57 35 in-

189 2186 157 34 ställelse
387 2185 56 34 till
483 2183 246 47 tjenstgöring
769 2182 115 35 under
924 2187 54 30 ett
1017 2182 89 35 eller
1141 2179 89 35 flera
1257 2182 40 31 år
1323 2176 223 47 obehörigen
1573 2174 225 48 framflyttar

190 2234 244 47 fullgörandet
476 2234 39 35 af
547 2234 96 36 vissa
684 2233 80 35 med
809 2232 231 47 värnpligten
1073 2229 171 36 förenade
1272 2227 264 49 skyldigheter,
1565 2224 232 48 värnpligten
