1862 2782
480 143 286 30 Stalsutskotltets
792 143 178 32 utlåtande
994 154 41 20 nr
1063 145 58 30 112
1144 145 38 29 år
1208 145 81 29 1957
1605 144 35 29 17

135 229 100 39 pital-
261 229 64 29 och
352 229 384 39 penningmarknaden,
765 238 75 20 som
867 229 116 29 kunde
1010 231 122 27 väntas
1163 229 216 39 uppkomma
1406 228 50 29 fill
1485 228 88 38 följd
1600 237 36 20 av

135 281 42 20 en
196 272 110 29 sådan
326 272 145 33 inlösen,
491 274 49 28 att
558 290 44 2 —
620 273 86 28 även
725 281 58 20 om
802 271 213 39 farhågorna
1034 272 54 29 för
1107 273 50 27 att
1176 272 101 28 dessa
1297 271 211 38 verkningar
1529 270 112 29 skulle

135 315 47 29 bli
209 315 181 38 allvarliga
413 315 65 28 och
504 315 302 30 svårbemästrade
832 316 117 37 syntes
974 314 207 29 överdrivna
1205 331 43 3 -—
1273 313 57 29 det
1355 313 30 39 ej
1413 322 80 21 vore
1520 313 121 38 riktigt

135 359 50 28 att
211 358 157 38 förringa
393 358 89 29 dem.
509 358 116 29 Under
651 358 66 28 den
745 357 49 29 tid
821 366 76 20 som
922 357 153 29 förflutit
1101 357 106 28 sedan
1235 357 78 28 dess
1341 356 63 28 har
1430 356 57 28 det
1514 355 127 29 ekono-

135 400 113 29 miska
270 401 88 38 läget
379 400 75 30 icke
474 400 217 33 förbättrats,
711 400 119 29 varför
850 400 40 29 de
912 400 144 38 tidigare
1078 399 155 29 uttalade
1254 398 212 39 farhågorna
1488 398 152 38 alltjämt

135 444 82 37 göra
244 443 51 39 sig
322 443 168 38 gällande.
518 443 71 29 Mot
616 442 230 39 bakgrunden
874 442 108 29 härav
1010 451 101 30 synes
1139 442 58 28 det
1225 441 190 38 kollegium
1443 441 121 38 riktigt
1591 442 49 27 att

135 486 85 29 söka
245 486 100 28 finna
371 495 42 20 en
437 486 65 38 väg
526 486 112 38 ägnad
663 486 51 28 att
738 485 127 29 mildra
891 485 40 29 de
957 492 254 31 ogynnsamma
1235 484 270 38 verkningarna.
1532 483 109 30 Såvitt

134 528 190 38 kollegium
352 528 69 29 kan
448 528 156 36 bedöma,
634 528 112 29 skulle
774 530 48 27 ett
850 528 280 37 förverkligande
1159 536 41 19 av
1228 527 278 28 motionärernas
1535 526 105 29 tanke

135 571 121 29 kunna
281 571 9 28 i
316 571 69 29 viss
412 570 82 30 mån
519 571 180 37 tillgodose
725 571 96 29 detta
846 570 100 39 syfte.
975 570 64 29 Det
1066 569 109 31 måste
1202 569 193 29 emellertid
1422 568 218 30 undersökas

134 623 58 19 om
214 614 167 38 förslaget
404 614 37 28 är
464 613 177 39 praktiskt
664 613 273 38 genomförbart,
960 612 172 39 varjämte
1156 612 139 38 hänsyn
1319 611 61 30 bör
1403 613 97 37 tagas
1525 610 51 30 till
1599 611 41 29 de

135 656 128 38 följder
285 657 10 28 i
320 657 110 28 andra
453 656 195 29 avseenden
673 665 76 19 som
771 655 167 39 förslaget
961 655 69 29 kan
1054 656 123 28 väntas
1202 654 45 29 få.

179 699 65 28 Till
267 708 43 19 en
332 698 124 39 början
479 698 56 29 må
558 698 207 29 framhållas
787 700 50 26 att
859 698 57 29 det
937 697 107 29 redan
1067 706 40 20 ur
1129 696 197 40 principiell
1350 696 180 39 synpunkt
1552 696 89 29 före-

136 741 99 29 faller
257 750 83 20 vara
361 741 10 28 i
393 740 115 39 någon
530 740 81 29 mån
632 741 185 33 tveksamt,
839 749 58 20 om
919 741 113 28 staten
1054 739 87 29 efter
1164 741 51 27 att
1236 739 45 28 ha
1303 738 170 39 begagnat
1496 738 54 29 sin
1572 739 68 28 rätt

136 784 51 28 till
225 783 135 30 inlösen
397 792 42 20 av
476 783 41 29 de
552 783 10 28 i
601 783 136 29 enskild
776 784 63 37 ägo
879 783 152 29 varande
1058 782 161 29 aktierna
1250 782 5 28 i
1282 781 117 30 LKAB
1426 780 214 30 omedelbart

135 827 113 28 skulle
271 826 154 29 överlåta
448 826 78 29 dem
552 826 50 29 till
627 826 110 29 andra
760 825 170 30 enskilda.
955 825 57 30 Ett
1036 824 124 33 beslut,
1183 823 239 30 innebärande
1446 825 51 27 att
1519 823 41 31 de
1584 832 57 20 en-

135 869 114 29 skilda
270 869 188 38 delägarna
478 868 10 29 i
509 870 48 28 ett
578 868 100 39 bolag
700 868 50 29 till
772 870 114 27 staten
907 867 54 29 får
982 867 153 29 överlåta
1155 867 77 29 sina
1253 866 122 34 aktier,
1397 866 62 29 bör
1481 866 159 38 rimligen

135 911 67 29 vila
226 911 44 39 på
294 911 68 29 den
386 911 299 38 förutsättningen
709 912 51 27 att
784 910 282 38 förstatligandet
1090 910 38 29 är
1154 918 41 19 ur
1220 909 132 29 allmän
1377 909 181 38 synpunkt
1582 917 59 20 an-

133 954 143 38 geläget.
302 954 77 29 Med
403 954 114 29 denna
542 953 264 39 utgångspunkt
830 953 70 28 kan
924 953 56 29 det
1004 951 225 39 ifrågasättas
1254 960 57 20 om
1333 951 9 29 i
1368 951 171 29 samband
1562 951 78 28 med

135 996 283 39 förstatligandet
449 996 221 38 möjligheter
701 995 99 29 skola
830 996 134 38 öppnas
995 994 54 29 för
1079 994 150 39 förnyad
1260 994 137 29 enskild
1427 993 214 39 delaktighet

134 1039 11 28 i
165 1039 136 38 bolaget
323 1046 124 31 genom
469 1040 49 27 att
539 1040 114 27 staten
673 1037 178 30 avhänder
873 1037 51 39 sig
945 1037 111 29 aktier
1078 1037 85 29 däri.

179 1082 261 28 Motionärerna
460 1080 139 34 föreslå,
621 1082 49 27 att
692 1080 112 29 aktier
826 1080 51 29 till
900 1081 48 29 ett
970 1078 337 39 försäljningsvärde
1329 1087 42 20 av
1394 1078 60 30 165
1477 1078 164 39 miljoner

135 1125 130 27 kronor
290 1123 99 30 skola
414 1123 165 39 försäljas
604 1123 44 39 på
672 1123 67 29 den
764 1123 116 38 öppna
906 1122 217 29 marknaden
1149 1123 91 27 samt
1265 1123 50 27 att
1340 1121 10 28 i
1375 1120 136 40 princip
1537 1121 103 38 ingen

133 1166 115 30 skulle
276 1166 36 29 få
338 1166 91 39 köpa
456 1165 88 30 flera
572 1167 45 28 än
645 1165 40 30 20
714 1165 122 29 aktier.
864 1165 103 29 Detta
994 1164 152 39 betyder,
1176 1165 50 28 att
1255 1163 130 30 antalet
1414 1163 226 39 aktieköpare

135 1210 206 28 förutsättes
370 1208 45 29 bli
443 1208 212 30 åtminstone
683 1208 10 28 i
720 1208 58 29 det
804 1209 178 28 närmaste
1012 1206 60 30 100
1086 1206 73 30 000.
1188 1206 117 39 Enligt
1332 1206 139 38 kollegii
1501 1206 140 38 mening

135 1253 38 28 är
199 1252 58 29 del
283 1251 193 29 emellertid
503 1251 139 39 mycket
668 1251 150 33 osäkert,
846 1259 57 20 om
931 1249 236 30 allmänheten
1194 1248 179 39 verkligen
1401 1248 113 30 skulle
1541 1248 100 29 finna

133 1296 50 27 ett
207 1294 140 30 förvärv
369 1303 40 20 av
434 1293 112 29 aktier
576 1294 3 28 i
603 1293 117 29 LKAB
745 1293 37 29 så
805 1292 170 31 lockande
998 1294 50 27 att
1072 1291 257 39 försäljningen
1353 1291 113 30 skulle
1489 1300 61 20 ens
1575 1291 66 28 till-

135 1337 227 29 närmelsevis
388 1336 44 29 nå
456 1345 42 20 en
524 1336 96 39 dylik
644 1336 214 38 omfattning
884 1337 84 27 utan
994 1336 50 28 att
1069 1334 174 29 särskilda
1269 1333 238 39 anordningar
1533 1333 108 30 vidto-

134 1387 58 31 ges
216 1379 55 29 för
295 1381 50 27 att
369 1380 216 37 uppmuntra
609 1378 51 29 till
685 1378 79 39 köp.

179 1421 254 30 Grundtanken
453 1421 10 28 i
485 1421 279 29 motionärernas
785 1419 130 39 förslag
935 1421 48 31 är,
1004 1420 50 28 att
1075 1419 68 39 köp
1164 1428 42 19 av
1227 1418 112 29 aktier
1365 1418 4 29 i
1390 1418 117 29 LKAB
1529 1417 112 30 skulle

136 1464 148 29 framstå
305 1472 74 20 som
400 1464 47 28 ett
469 1462 152 40 sparmål
642 1462 64 29 och
727 1464 50 27 att
797 1461 126 39 många
944 1461 276 38 inkomsttagare
1240 1460 106 29 bland
1367 1460 66 29 den
1454 1460 107 29 breda
1582 1460 60 29 all-

136 1506 189 29 mänheten
350 1505 113 30 skulle
487 1505 47 30 bli
559 1505 159 38 delägare
744 1505 10 28 i
780 1504 146 39 bolaget.
953 1504 119 29 Staten
1097 1503 113 30 skulle
1236 1503 181 29 dessutom
1442 1503 200 29 underlätta

136 1548 257 39 försäljningen
415 1557 42 19 av
478 1548 160 28 aktierna
658 1555 126 31 genom
803 1547 94 29 vissa
919 1547 161 29 närmare
1102 1546 151 38 angivna
1275 1545 171 39 åtgärder.
1469 1545 71 29 Mot
1561 1545 81 29 den-

136 1600 45 20 na
203 1591 185 38 bakgrund
412 1590 65 29 och
501 1590 143 29 särskilt
666 1599 58 20 om
748 1591 115 27 staten
886 1596 211 32 propagerar
1120 1588 56 29 för
1199 1587 166 40 aktieköp
1391 1587 113 30 skulle
1529 1588 112 28 staten

136 1633 275 40 uppenbarligen
437 1633 76 29 icke
540 1633 122 29 kunna
689 1632 116 39 undgå
832 1633 50 27 att
909 1631 125 39 påtaga
1061 1630 51 39 sig
1139 1631 162 28 ansvaret
1329 1630 55 29 för
1410 1631 50 28 att
1487 1629 156 30 aktiekö-

136 1686 111 29 parna
271 1693 44 3 —
340 1676 92 28 huru
459 1675 125 39 många
610 1675 40 29 de
677 1676 45 28 än
749 1674 112 30 skulle
888 1674 46 29 bli
959 1692 44 2 —
1027 1673 179 39 verkligen
1230 1672 37 30 få
1293 1672 57 30 det
1376 1672 120 39 utbyte
1521 1681 42 20 av
1588 1672 54 29 sin

136 1718 334 39 penningplacering
496 1727 75 19 som
595 1717 229 39 förespeglats
851 1717 77 29 dem
954 1716 65 29 och
1043 1716 107 29 vilket
1175 1716 42 29 de
1243 1724 83 21 anse
1352 1715 51 39 sig
1428 1714 45 29 ha
1499 1716 68 28 rätt
1593 1716 50 27 att

136 1762 118 28 kräva.
279 1761 48 29 BI.
350 1770 29 19 a.
402 1760 113 30 skulle
536 1761 56 29 väl
615 1762 114 27 staten
751 1760 131 37 nödgas
905 1759 117 29 lämna
1046 1758 114 39 någon
1183 1758 93 29 form
1299 1767 42 19 av
1364 1757 136 39 garanti
1524 1757 54 29 för
1600 1766 43 20 en

139 1803 323 30 tillfredsställande
491 1803 182 37 utdelning
700 1801 44 40 på
772 1802 160 28 aktierna
960 1803 90 27 samt
1077 1801 179 29 verksamt
1284 1800 112 38 skydd
1424 1800 55 29 för
1507 1801 50 27 att
1584 1799 60 29 ak-

137 1846 130 29 tiernas
293 1845 298 29 marknadsvärde
616 1845 75 28 icke
715 1844 141 29 komme
881 1845 50 27 att
956 1843 202 38 understiga
1181 1843 66 29 vad
1274 1843 114 28 staten
1413 1841 155 39 betingat
1593 1841 50 38 sig

136 1888 57 29 vid
216 1888 266 37 försäljningen.
506 1887 108 29 Såvitt
635 1886 190 39 kollegium
847 1886 69 28 kan
938 1885 110 33 finna,
1069 1884 112 30 skulle
1203 1884 112 29 under
1337 1884 132 29 sådana
1490 1885 154 27 omstän-

136 1931 157 37 digheter
316 1930 66 29 den
405 1939 42 20 av
469 1929 260 29 motionärerna
752 1928 166 29 anvisade
940 1927 183 38 lösningen
1145 1935 42 20 av
1211 1926 276 38 finansieringen
1512 1935 42 20 av
1577 1927 67 27 sta-

138 1975 76 27 tens
238 1972 232 30 aktieinlösen
495 1972 141 28 komma
659 1973 51 27 att
734 1971 102 29 ställa
860 1970 51 38 sig
934 1970 73 38 dyr.

181 2015 155 38 Tvånget
356 2016 49 27 att
425 2016 78 36 taga
522 2013 137 39 hänsyn
679 2013 51 29 till
751 2013 67 29 den
838 2012 229 38 aktieägande
1087 2011 238 29 allmänheten
1346 2010 112 30 skulle
1479 2010 165 29 otivelak-

139 2058 62 38 tigt
222 2057 107 29 binda
350 2058 132 28 statens
506 2056 133 29 händer
660 2055 43 40 på
726 2057 48 28 ett
794 2055 76 29 icke
892 2054 130 39 åsyftat
1043 2055 78 28 sätt.
1143 2053 119 39 Enligt
1283 2053 139 39 kollegii
1444 2053 141 38 mening
1606 2053 37 28 är

137 2101 57 28 det
218 2109 42 20 av
280 2100 85 29 vikt,
387 2101 49 27 att
458 2100 114 27 staten
595 2100 83 27 utan
701 2097 212 30 sidoblickar
935 2097 69 28 kan
1027 2096 77 29 fritt
1124 2096 196 29 bestämma
1341 2096 75 29 icke
1438 2095 123 29 endast
1585 2104 59 19 an-

138 2143 130 37 gående
297 2142 152 37 bolagets
477 2141 129 29 skötsel
634 2142 83 27 utan
746 2141 86 28 även
858 2139 222 29 beträffande
1107 2138 271 38 användningen
1406 2147 42 20 av
1475 2137 170 39 uppkom-

139 2185 126 29 mande
292 2183 218 29 vinstmedel.
540 2184 102 28 Detta
671 2191 102 30 synes
802 2182 188 37 kollegium
1020 2181 142 29 särskilt
1191 2180 180 38 angeläget
1399 2180 78 28 med
1507 2179 136 38 hänsyn

140 2226 48 29 till
211 2228 49 27 att
283 2226 64 29 här
368 2227 38 28 är
428 2225 97 37 fråga
546 2235 56 18 om
624 2234 40 20 en
690 2224 137 38 mycket
848 2222 363 39 konjunkturkänslig
1233 2222 134 38 näring.
1390 2222 39 38 Ej
1454 2221 108 30 heller
1584 2221 60 29 bör

140 2268 227 37 förglömmas
390 2269 51 26 att
463 2269 113 26 staten
663 2266 116 28 såsom
802 2265 188 29 betonades
1013 2265 44 28 då
1079 2264 263 36 inlösenfrågan
1365 2273 61 19 var
1449 2264 130 29 aktuell

142 2310 42 38 på
214 2310 117 37 längre
361 2309 70 29 sikt
458 2309 65 28 har
550 2310 47 27 ett
627 2308 30 38 ej
689 2308 208 36 oväsentligt
926 2315 126 20 ansvar
1081 2307 176 36 gentemot
1286 2305 248 38 befolkningen
1567 2307 5 28 i
1604 2305 41 29 de

141 2352 141 32 trakter,
304 2353 63 28 där
389 2353 131 27 statens
545 2350 171 29 malmfält
740 2351 60 28 äro
823 2350 155 37 belägna.
1001 2349 66 28 För
1089 2348 233 38 tydlighetens
1345 2347 90 29 skull
1461 2347 55 29 må
1539 2348 105 28 fram-

140 2394 110 29 hållas
271 2396 48 27 att
345 2403 43 19 nu
412 2394 147 28 anförda
582 2393 218 38 synpunkter
822 2393 62 36 äga
907 2392 51 28 sin
982 2391 155 37 giltighet
1160 2391 86 28 även
1268 2399 56 19 om
1347 2390 41 29 de
1410 2389 153 30 försålda
1586 2390 59 28 ak-

141 2437 128 28 tiernas
292 2436 178 29 röstvärde
491 2436 183 28 reduceras
697 2435 42 38 på
761 2434 184 38 föreslaget
967 2434 78 29 sätt.

170 2495 17 25 2
231 2495 110 29 Bihang
355 2495 46 22 till
413 2493 169 30 riksdagens
594 2493 147 30 protokoll
754 2493 74 23 1957.
849 2493 15 23 6
875 2492 83 23 saml.
972 2495 37 21 Nr
1023 2492 129 24 111-112
