2184 2618
710 194 237 42 Lagutskottets
971 195 167 32 memorial
1162 196 52 31 Nr
1237 198 52 29 35.
1785 200 12 29 1

907 499 69 41 Nr
1006 499 87 42 35.

690 658 114 26 Ankom
823 658 41 26 till
885 658 170 33 riksdagens
1075 659 94 25 kansli
1189 659 56 26 den
1265 659 16 25 8
1301 659 164 33 september
1487 660 68 26 1914
1575 660 36 26 kl.
1632 661 69 32 11,30
1720 661 20 25 f.
1760 670 40 17 m.

516 747 191 37 Memorial
746 749 14 35 i
801 749 187 45 anledning
1030 761 44 24 av
1117 750 195 35 återremiss
1331 749 96 44 från
1455 752 115 34 andra
1599 752 201 36 kammaren

624 823 45 23 av
706 811 235 45 lagutskottets
976 812 182 36 utlåtande
1185 824 44 23 nr
1258 814 48 33 31
1335 813 13 34 i
1377 813 186 45 anledning
1594 826 42 24 av
1665 815 131 44 Kungl.

624 873 129 43 Maj:ts
774 875 218 44 proposition
1019 874 81 36 med
1119 874 142 45 förslag
1291 875 51 35 till
1375 875 57 45 lag
1461 877 178 43 angående
1658 877 141 42 förord-

624 936 117 35 nande
773 947 54 24 om
855 937 152 34 anstånd
1038 937 77 35 med
1142 937 172 44 betalning
1342 949 44 24 av
1410 938 89 44 gäld
1526 937 269 49 (moratorium).

302 1091 198 28 Närvarande;
529 1093 101 26 herrar
659 1093 154 26 Petersson
833 1094 8 24 i
861 1094 120 33 Lidingö
1010 1094 143 31 villastad,
1175 1095 178 33 Lindhagen,
1373 1096 29 25 af
1422 1096 167 33 Ekenstam,
1610 1096 189 33 Söderbergh,

356 1128 126 32 Stärner,
511 1128 143 32 Gezelius,
682 1136 87 25 greve
793 1129 198 34 Lagerbjelke,
1010 1130 149 26 Johanson
1179 1130 9 25 i
1208 1131 132 33 Valared,
1361 1131 82 26 Knut
1463 1132 133 32 Larsson,
1617 1133 30 24 L.
1667 1132 103 27 Olsson
1790 1134 8 24 i

354 1164 69 31 Hof,
451 1165 168 25 Pettersson
643 1165 9 25 i
682 1165 169 33 Södertälje,
879 1166 168 26 Pettersson
1066 1166 9 25 i
1094 1166 109 33 Bjälbo,
1233 1166 102 27 Olsson
1355 1167 8 25 i
1384 1167 135 33 Broberg,
1541 1168 123 26 Persson
1684 1168 8 25 i
1716 1169 82 25 Norr-

356 1200 115 33 köping,
492 1200 103 26 Olsson
614 1200 9 26 i
643 1200 52 26 See
716 1201 53 26 och
789 1201 67 33 Igel.

303 1344 19 35 I
363 1344 187 35 utlåtande
585 1357 45 22 nr
660 1347 46 33 31
738 1344 13 36 i
780 1344 196 48 anledning
1004 1358 44 24 av
1077 1346 135 47 Kungl.
1243 1347 124 48 Maj:ts
1396 1347 223 47 proposition
1647 1361 44 22 nr
1721 1351 72 33 263

196 1397 82 36 med
320 1397 136 46 förslag
497 1397 55 35 till
589 1398 58 47 lag
681 1400 187 45 angående
899 1398 244 36 förordnande
1172 1411 45 25 av
1248 1401 153 35 anstånd
1431 1402 81 34 med
1540 1401 185 49 betalning
1753 1414 44 23 av

194 1451 85 47 gäld
300 1449 256 49 (moratorium)
579 1451 215 36 hemställde
820 1452 252 47 lagutskottet,
1090 1455 54 33 att
1157 1452 195 48 riksdagen
1367 1456 112 34 måtte
1494 1459 130 42 antaga
1638 1456 159 34 nämnda

194 1504 197 47 lagförslag
419 1505 82 34 med
530 1505 70 35 den
628 1505 137 47 lydelse
793 1506 196 36 utskottets
1018 1505 152 36 berörda
1198 1508 189 35 utlåtande
1414 1507 150 37 utvisar.

302 1557 127 47 Enligt
456 1558 180 36 utskottet
663 1558 314 37 tillhandakomna
1005 1559 330 48 protokollsutdrag
1363 1562 65 34 har
1457 1562 119 34 denna
1603 1562 192 35 utskottets

195 1611 214 36 hemställan
451 1611 107 37 blivit
601 1623 45 24 av
688 1611 112 36 första
829 1612 209 36 kammaren
1067 1612 162 45 bifallen,
1261 1617 159 33 varemot
1449 1615 112 35 andra
1589 1615 207 35 kammaren

195 1664 230 37 återförvisat
453 1665 150 35 ärendet
631 1664 58 37 till
717 1666 179 36 utskottet
924 1666 56 36 för
1008 1677 51 36 ny
1087 1666 232 50 behandling.

302 1719 87 34 Med
432 1718 198 48 anledning
672 1731 45 24 av
759 1720 69 36 vad
866 1720 151 36 sålunda
1046 1719 230 38 förekommit
1304 1721 56 36 får
1387 1721 179 37 utskottet
1595 1723 198 44 hemställa,

731 1829 53 33 att
812 1828 112 34 andra
952 1827 211 36 kammaren
1192 1831 56 32 må
1276 1828 12 35 i
1317 1829 148 35 ärendet
1494 1829 92 36 fatta
1614 1830 124 36 beslut.

302 1931 206 36 Stockholm
539 1932 71 35 den
640 1935 21 33 8
692 1933 204 46 september
928 1936 112 34 1914.

735 2039 51 35 På
814 2039 255 47 lagutskottets
1097 2044 151 43 vägnar:

737 2145 199 36 ALBERT
964 2147 293 36 PETERSSON.

237 2382 134 41 Bihang
385 2383 49 32 till
446 2393 115 22 senare
572 2382 192 42 riksdagens
770 2384 160 40 protokoll
966 2387 74 30 1914.
1078 2388 20 28 9
1111 2385 91 32 saml.
1240 2388 42 29 35
1296 2385 79 38 häft.
1413 2386 70 40 (Nr
1495 2389 69 40 35).
1734 2389 13 29 1
