2175 2635
764 213 126 33 Banko-
900 213 164 33 Utskottets
1092 213 170 34 Utlåtande
1286 215 63 33 N:o
1372 218 28 30 9.
1801 217 18 30 5

272 295 117 48 högst
423 293 188 38 tretiofem
642 294 187 37 millioner
858 294 139 37 kronor
1025 296 153 37 utöfver
1205 297 288 49 sammanlagda
1521 297 179 50 beloppet
1728 297 41 37 af
1792 297 70 37 föl-

265 346 117 50 jande
411 346 269 37 Riksbankens
710 346 220 50 tillgångar,
960 347 213 50 nemligen:

400 398 34 49 a)
465 398 214 38 metalliska
709 399 141 37 kassan
875 399 120 50 enligt
1023 401 322 49 nästföregående
1371 401 35 50 $;

398 450 31 49 b)
460 454 47 46 på
549 451 145 37 utrikes
737 456 57 32 ort
828 452 152 36 nedsatt
1008 452 93 37 eller
1130 454 119 36 under
1277 458 194 45 transport
1500 454 165 37 derifrån
1694 455 168 37 varande

269 503 93 49 guld
392 503 69 37 och
492 502 131 38 silfver
652 503 11 36 i
689 504 157 49 myntad
876 504 93 37 eiler
997 506 181 49 omyntad
1209 506 112 47 form;
1351 506 70 37 och

398 555 30 49 ec)
458 555 117 37 andra
604 556 70 36 hos
704 556 363 51 bankinrättningar
1096 558 93 37 eller
1218 558 235 37 handelshus
1483 561 17 34 å
1520 558 145 38 utrikes
1682 564 58 32 ort
1755 560 105 36 inne-

270 608 157 36 stående
456 607 156 37 medel.»

398 660 16 36 I
456 673 47 23 en
531 659 101 38 inom
663 660 244 49 Riksdagens
934 661 138 37 Första
1096 662 204 37 Kammare
1329 663 116 37 väckt
1474 663 70 36 och
1573 663 58 37 till
1661 664 200 37 Utskottet

270 711 188 38 hänvisad
502 712 143 37 motion
689 712 84 50 (N:o
808 713 61 50 32)
900 714 68 36 har
996 714 100 37 Herr
1124 715 43 37 A.
1199 714 42 38 O.
1271 715 246 49 Wallenberg
1546 716 210 48 föreslagit,
1785 721 76 32 »att

269 764 221 49 Riksdagen
533 767 117 34 måtte
694 765 147 37 besluta
883 766 73 37 den
999 766 165 49 ändring
1206 767 11 36 i
1261 767 391 49 bankoreglementet,
1688 774 56 31 att
1778 771 20 35 6
1827 769 32 49 $,

269 819 20 33 3
321 820 209 33 momentet
559 820 61 33 må
649 817 142 37 erhålla
819 817 165 50 följande
1012 818 229 37 förändrade
1271 819 164 49 lydelse:
1467 819 306 47 »Sedelstocken,
1803 824 57 33 så-

269 868 115 37 lunda
424 868 208 48 beräknad,
677 868 55 38 får
765 869 124 49 aldrig
918 873 128 47 uppgå
1075 870 55 37 till
1160 884 102 24 mera
1291 876 47 32 än
1367 872 117 48 högst
1503 874 143 49 fyratio
1674 873 188 36 millioner

269 920 141 37 kronor
437 920 153 37 utöfver
619 922 289 48 sammanlagda
935 923 183 49 beloppet
1147 923 41 37 af
1212 924 166 48 följande
1406 924 270 38 Riksbankens
1707 925 154 49 tillgån-

268 986 71 36 gar
366 972 216 49 nemligen»
613 973 83 49 (etc.
727 974 77 37 lika
828 975 87 36 med
943 975 221 37 nuvarande
1193 976 199 49 lydelsen.)

398 1024 237 37 Motionären
670 1026 69 36 har
767 1029 125 34 såsom
923 1027 81 36 skäl
1032 1027 59 36 för
1119 1028 73 36 den
1222 1028 42 36 af
1283 1028 140 37 honom
1453 1028 158 37 sålunda
1641 1029 219 49 föreslagna

268 1076 212 49 höjningen
509 1077 42 35 af
574 1078 71 36 den
677 1078 114 48 siffra,
822 1092 80 23 som
933 1078 206 38 betecknar
1167 1080 269 37 Riksbankens
1457 1081 403 50 sedelutgifningsrätt

267 1129 153 36 utöfver
450 1129 215 38 metalliska
694 1131 141 36 kassan
865 1132 70 36 och
965 1131 157 37 dermed
1145 1132 220 49 jemförliga
1394 1133 222 49 tillgångar,
1634 1134 138 47 anfört,
1790 1139 65 41 att,

268 1181 47 36 då
341 1181 290 49 grundfondens
658 1182 163 50 höjning
850 1182 124 38 blifvit
1003 1183 186 49 beslutad,
1221 1187 123 34 såsom
1366 1198 45 23 en
1433 1185 174 49 sjelfföljd
1636 1185 103 37 deraf
1758 1177 101 61 Riks-

268 1233 152 37 banken
449 1233 131 50 plägat
608 1235 88 48 höja
725 1235 73 37 den
827 1236 345 49 nyssomförmälda
1202 1237 141 37 siffran.

395 1286 223 37 Anmodade
647 1292 55 31 att
731 1287 106 37 öfver
867 1288 125 37 denna
1012 1288 144 37 motion
1177 1289 144 48 afgifva
1340 1289 193 49 yttrande,
1552 1290 115 36 hafva
1681 1290 179 37 fullmäk-

267 1336 80 49 tige
376 1337 11 36 1
417 1337 162 50 afgifvet
607 1339 195 37 utlåtande
831 1340 136 48 anfört,
996 1340 117 38 bland
1143 1346 128 43 annat,
1300 1341 185 50 följande:

395 1391 204 36 »Häremot
640 1391 149 37 anhålla
831 1393 239 48 fullmäktige
1114 1393 36 37 få
1192 1393 135 45 erimra,
1358 1399 54 31 att
1441 1394 266 37 Riksbankens
1738 1394 121 37 sedel-

265 1440 295 50 utgifningsrätt
601 1443 84 37 icke
727 1447 78 33 står
842 1444 8 36 i
894 1445 64 36 det
1000 1445 236 37 förhållande
1277 1446 58 36 till
1376 1446 283 49 grundfonden,
1695 1452 55 31 att
1784 1447 74 37 den

265 1506 157 24 senares
451 1494 161 49 höjning
641 1495 122 37 skulle
788 1496 86 36 med
904 1497 293 49 nödvändighet
1226 1498 159 48 betinga
1402 1499 73 36 den
1490 1498 133 38 förres.
1679 1500 75 35 För
1774 1504 84 31 när-

264 1546 167 36 varande
460 1549 130 46 uppgå
620 1546 227 50 visserligen
873 1549 270 46 grundfonden
1172 1550 70 36 och
1273 1549 71 37 den
1374 1550 41 36 af
1439 1552 263 47 nyssnämnda
1726 1552 132 36 kassa-

264 1596 211 50 tillgångar
515 1598 31 48 ej
593 1598 175 37 betäckta
810 1600 457 50 sedelutgifningsrätten
1309 1601 58 36 till
1409 1615 144 23 samma
1583 1603 151 49 belopp,
1766 1616 89 23 men

266 1648 105 37 detta
412 1649 238 38 förhållande
693 1655 52 43 är,
775 1654 124 34 såsom
930 1652 113 37 äfven
1067 1653 73 37 den
1169 1653 224 49 flyktigaste
1419 1654 293 49 undersökning
1743 1655 111 45 visar,

267 1700 97 37 dock
406 1702 134 36 endast
581 1715 45 23 en
671 1703 244 49 tillfällighet,
943 1709 90 32 enär
1062 1705 106 37 såväl
1196 1706 73 36 den
1300 1719 71 23 ena
1399 1719 81 23 som
1510 1707 73 36 den
1612 1707 119 37 andra
1761 1707 97 36 varit

266 1753 281 37 underkastade
588 1754 269 51 förändringar
900 1756 70 36 och
1012 1756 70 37 fått
1123 1757 158 36 tillväxa
1323 1757 11 36 i
1376 1758 73 36 den
1490 1761 86 34 mån
1605 1762 21 33 å
1650 1773 71 23 ena
1749 1759 108 37 sidan

265 1804 271 38 Riksbankens
579 1819 97 37 egna
719 1807 122 38 ökade
883 1808 208 50 tillgångar
1132 1809 126 37 dertill
1292 1809 133 37 beredt
1460 1810 150 38 tillfälle
1639 1811 69 37 och
1733 1814 21 34 å
1782 1810 75 38 den

264 1857 118 37 andra
407 1858 190 37 rörelsens
627 1859 120 37 behof
772 1859 63 38 det
865 1861 178 48 påkallat.

391 1910 131 37 Ehuru
551 1910 243 50 fullmäktige
824 1913 147 37 således
999 1913 84 37 icke
1113 1916 48 47 på
1189 1914 65 36 det
1282 1914 42 37 af
1340 1914 237 37 motionären
1599 1915 159 38 anförda
1773 1915 84 37 skäl

261 1961 103 36 finna
393 1965 127 45 någon
550 1963 163 50 höjning
742 1965 41 35 af
806 1964 270 38 Riksbankens
1106 1966 406 49 sedelutgifningsrätt
1540 1967 177 49 betingas
1747 1968 113 36 deraf

263 2018 67 43 att,
362 2016 123 34 såsom
517 2015 238 38 motionären
785 2016 11 37 1
822 2017 166 36 särskild
1017 2017 143 38 motion
1189 2018 189 49 tillstyrkt
1408 2019 69 36 och
1506 2019 237 48 fullmäktige
1758 2020 98 48 jem-

267 2065 60 36 väl
356 2066 211 49 föreslagit,
595 2068 270 48 grundfonden
895 2072 60 33 må
984 2070 151 36 komma
1165 2075 54 31 att
1247 2071 108 48 höjas
1386 2070 80 37 från
1497 2072 46 36 35
1574 2072 55 36 till
1651 2074 48 35 40
1720 2072 135 37 millio-

266 2130 68 24 ner
363 2117 151 49 kronor,
543 2119 113 37 hafva
685 2120 244 50 fullmäktige
959 2121 95 37 dock
1084 2122 103 37 velat
1214 2123 69 36 här
1311 2123 124 36 erinra
1464 2123 194 49 hurusom,
1688 2124 86 37 med
1803 2125 53 36 af-

266 2170 141 36 seende
451 2173 20 34 å
514 2171 72 36 den
631 2171 41 37 af
697 2172 97 37 Herr
828 2172 35 38 S.
891 2173 175 37 Johnson
1091 2174 87 37 med
1207 2175 89 36 flere
1327 2175 137 37 väckta
1494 2176 194 37 motionen
1713 2190 59 23 om
1803 2179 53 34 åt-

266 2222 157 47 gärders
468 2223 232 48 vidtagande
743 2225 59 36 för
842 2225 234 49 indragning
1105 2226 42 37 af
1173 2227 45 36 de
1248 2227 177 37 enskilda
1453 2227 215 38 bankernas
1697 2233 76 32 rätt
1803 2234 54 31 att

265 2273 149 49 utgifva
456 2287 99 36 egna
592 2275 312 49 tiokronesedlar,
946 2278 244 50 fullmäktige
1231 2279 54 36 uti
1327 2279 68 36 sitt
1423 2279 108 37 öfver
1559 2281 124 36 denna
1712 2281 143 36 motion

265 2325 148 49 afgifna
440 2327 179 49 yttrande
648 2328 207 38 framhållit
882 2329 181 38 behofvet
1091 2330 116 49 deraf,
1232 2336 56 32 att
1321 2331 6 36 i
1357 2331 135 37 sådant
1520 2331 66 37 fall
1609 2346 50 23 nu
1676 2332 178 49 gällande

265 2377 288 39 bestämmelser
581 2393 59 23 om
670 2380 268 39 Riksbankens
968 2382 401 50 sedelutgifningsrätt
1394 2384 116 37 varda
1534 2384 198 38 ändrade.»
