1898 2833
277 127 17 28 2
597 123 115 30 Andra
735 121 238 41 lagutskottets
996 120 175 31 utlåtande
1193 129 42 21 nr
1256 119 20 31 8
1298 118 39 31 år
1361 118 83 31 1970

278 216 196 40 försäkring
497 217 148 39 föreslog
667 214 387 41 departementschefen,
1079 216 48 27 att
1150 210 235 41 änkepension
1408 210 110 30 skulle
1541 209 118 30 kunna
1682 206 82 40 utgå

277 271 49 30 till
350 271 193 31 frånskilda
567 270 148 31 kvinnor
738 270 87 30 efter
849 269 65 30 den
939 267 246 32 förutvarande
1209 275 151 21 mannen
1384 264 109 31 under
1517 262 247 39 förutsättning

277 329 48 28 att
354 326 110 30 denne
494 325 57 30 vid
579 324 207 40 tidpunkten
816 323 54 31 för
899 322 184 31 dödsfallet
1112 331 60 20 var
1201 319 136 40 skyldig
1365 322 49 27 att
1442 321 78 36 utge
1550 315 213 33 underhålls-

277 380 121 39 bidrag
428 380 50 30 till
511 379 163 30 kvinnan.
708 377 267 39 Sammanlagda
1006 376 159 39 beloppet
1196 385 41 21 av
1270 375 65 29 den
1367 372 193 31 frånskilda
1592 371 171 30 kvinnans

277 434 235 39 änkepension
539 433 79 31 från
645 431 362 40 folkpensioneringen
1035 431 64 30 och
1128 427 422 41 tilläggspensioneringen
1577 425 72 31 fick
1676 424 89 31 dock

277 489 69 30 inte
369 488 169 39 överstiga
563 486 366 39 underhållsbidraget.
956 484 120 31 Såsom
1102 483 123 31 villkor
1251 483 54 30 för
1330 481 198 31 erhållande
1554 490 41 20 av
1620 479 144 40 pension

277 543 110 30 skulle
408 543 9 30 i
438 542 110 40 övrigt
569 542 89 39 gälla
679 541 66 30 vad
766 549 74 22 som
862 539 180 40 stadgades
1064 538 55 31 för
1140 537 100 31 änka.

321 597 116 31 Andra
462 596 222 40 lagutskottet
709 595 85 30 fann
819 595 10 29 i
855 594 57 30 sitt
937 592 176 31 utlåtande
1143 592 149 30 1962:27
1320 593 49 28 att
1395 590 89 30 vissa
1510 588 254 39 invändningar

277 652 115 31 kunde
413 651 107 31 riktas
542 654 71 28 mot
634 651 55 30 det
710 650 10 30 i
741 648 257 41 propositionen
1019 646 194 40 framlagda
1235 645 172 39 förslaget.
1430 643 165 31 Gällande
1616 642 147 39 familje-

277 706 154 39 rättsliga
449 706 107 38 regler
575 705 97 30 ledde
690 704 49 30 till
758 707 48 27 att
825 701 356 39 underhållsbidraget
1200 700 49 30 till
1269 699 193 31 frånskilda
1481 698 148 30 kvinnor
1648 696 116 40 utgick

277 761 9 29 i
303 759 269 33 förhållandevis
589 758 35 31 få
640 759 61 30 fall
716 759 64 30 och
795 758 73 30 ofta
883 757 78 30 med
976 756 216 39 blygsamma
1207 754 133 39 belopp.
1358 753 130 31 Genom
1503 751 261 40 anknytningen

277 816 50 29 till
354 813 356 39 underhållsbidraget
738 812 71 30 fick
836 811 119 31 därför
982 808 396 41 propositionsförslaget
1406 817 42 20 en
1477 806 163 39 tämligen
1667 805 97 39 ringa

278 869 118 29 effekt.
417 868 114 37 Enligt
548 867 181 29 utskottets
748 866 139 37 mening
905 865 115 29 kunde
1038 863 275 39 propositionens
1331 862 130 37 förslag
1479 860 68 29 inte
1566 860 9 29 i
1592 859 172 38 befintligt

278 921 98 31 skick
391 922 116 38 läggas
525 920 49 31 till
593 919 110 40 grund
720 919 54 30 för
791 916 223 41 lagstiftning.
1033 917 13 29 I
1064 916 111 30 stället
1192 915 105 30 borde
1315 913 123 40 frågan
1455 922 57 21 om
1529 911 235 40 änkepension

277 976 51 30 till
354 974 172 32 frånskild
551 974 130 30 kvinna
708 974 98 38 göras
832 972 51 31 till
908 970 146 32 föremål
1079 970 55 30 för
1159 979 42 21 en
1227 967 316 39 förutsättningslös
1570 966 193 38 utredning.

278 1028 180 40 Samtidigt
482 1027 106 31 borde
613 1026 104 31 också
742 1025 124 40 frågan
891 1034 56 21 om
973 1024 182 30 införande
1180 1032 41 20 av
1247 1021 343 39 änklingspensioner
1616 1020 147 29 utredas.

277 1083 196 39 Riksdagen
496 1081 107 39 följde
626 1080 164 31 utskottet
812 1079 65 30 och
899 1079 116 38 avslog
1038 1076 258 40 propositionen
1319 1076 9 29 i
1352 1075 66 29 vad
1440 1075 66 29 den
1529 1074 110 39 gällde
1661 1073 103 30 änke-

278 1136 144 40 pension
439 1136 51 31 till
509 1134 193 31 frånskilda
720 1133 149 30 kvinnor
888 1132 64 30 och
971 1132 117 30 anhöll
1108 1140 56 20 om
1184 1140 42 20 en
1246 1128 315 39 förutsättningslös
1582 1126 183 39 utredning

277 1201 42 21 av
343 1190 153 31 nämnda
521 1188 90 31 båda
636 1187 126 40 frågor.

322 1245 74 29 Den
417 1253 42 20 av
480 1243 185 38 riksdagen
685 1241 149 39 begärda
857 1239 226 39 utredningen
1104 1239 63 28 har
1188 1236 202 40 uppdragits
1411 1235 35 31 åt
1468 1234 295 40 pensionsförsäk-

277 1297 310 41 ringskommittén.

322 1353 13 28 I
359 1351 191 30 direktiven
573 1351 53 29 för
648 1348 206 31 kommittén
876 1348 125 29 uttalas
1024 1347 87 30 bl.a.
1139 1345 164 38 följande:

323 1433 52 29 En
394 1441 46 29 ny
460 1431 136 38 lösning
615 1440 42 20 av
677 1429 124 39 frågan
821 1437 56 21 om
897 1426 210 31 frånskildas
1128 1425 231 39 pensionsrätt
1379 1422 55 31 får
1453 1423 100 30 sökas
1574 1421 131 31 utifrån
1725 1421 41 30 de

278 1478 176 29 allmänna
477 1475 182 40 principer,
684 1474 45 39 på
753 1474 91 29 vilka
869 1472 341 40 pensionssystemets
1235 1470 109 38 regler
1367 1478 57 21 om
1449 1467 318 39 familjepensioner

278 1523 95 29 vilar.
408 1522 63 29 Det
501 1522 63 29 bör
594 1529 82 21 vara
708 1529 42 20 en
781 1517 182 40 riktpunkt
994 1517 55 30 för
1079 1514 333 39 utredningsarbetet
1443 1516 49 28 att
1523 1513 154 38 reglerna
1709 1521 57 20 om

279 1567 193 31 frånskilda
498 1565 165 31 kvinnors
690 1565 67 29 rätt
785 1563 49 30 till
862 1561 235 40 änkepension
1125 1560 87 30 skall
1240 1559 69 30 låta
1336 1559 50 38 sig
1414 1558 118 39 infoga
1560 1557 9 30 i
1597 1557 66 30 den
1691 1566 74 20 ram

278 1622 75 21 som
377 1613 56 29 det
457 1612 176 29 allmänna
657 1609 326 39 pensionssystemet
1006 1607 54 30 för
1084 1605 217 31 närvarande
1326 1612 66 31 ger.
1418 1603 81 30 Man
1523 1603 62 29 bör
1610 1601 50 31 slå
1685 1601 81 30 vakt

278 1667 57 21 om
357 1656 342 40 pensionssystemets
722 1653 207 39 enhetlighet
952 1652 64 30 och
1041 1650 129 31 således
1194 1649 153 31 undvika
1370 1652 49 27 att
1442 1648 114 30 införa
1579 1646 188 31 skillnader

278 1703 127 29 mellan
427 1701 87 30 folk-
537 1701 65 30 och
623 1697 423 41 tilläggspensioneringen
1067 1697 64 29 när
1152 1696 55 30 det
1229 1695 104 38 gäller
1356 1692 333 39 förutsättningarna
1712 1691 54 30 för

278 1748 68 29 rätt
367 1746 50 31 till
440 1744 289 40 familjepension.
752 1743 125 30 Vidare
898 1743 63 29 bör
983 1740 157 40 gällande
1162 1739 258 30 bestämmelser
1442 1747 57 20 om
1522 1736 211 39 familjestöd
1757 1735 9 29 i

278 1801 117 21 annan
427 1791 92 30 form
551 1791 45 29 än
627 1788 145 40 pension
804 1787 65 31 och
902 1787 66 30 den
1000 1783 289 40 familjerättsliga
1321 1782 260 40 lagstiftningen
1613 1780 152 31 beaktas.

280 1835 234 39 Utredningen
537 1835 64 30 bör
623 1834 118 38 belysa
763 1833 68 29 hur
854 1841 43 21 en
920 1829 293 41 pensionsreform
1238 1828 88 30 skall
1351 1836 118 30 passas
1495 1827 35 29 in
1554 1826 10 30 i
1588 1829 46 27 ett
1658 1827 108 28 större

278 1880 289 40 familjepolitiskt
592 1878 263 39 sammanhang.

323 1960 220 35 Kommittén,
568 1969 75 20 som
665 1959 108 29 redan
795 1957 175 30 avlämnat
993 1955 56 31 två
1072 1954 244 31 betänkanden
1339 1952 177 40 angående
1540 1952 109 30 andra
1672 1951 95 30 delar

279 2024 42 21 av
336 2014 57 31 sitt
408 2012 371 40 utredningsuppdrag,
796 2011 64 30 har
875 2010 54 31 för
945 2009 111 31 avsikt
1071 2011 49 28 att
1135 2008 173 30 behandla
1324 2005 116 40 frågor
1456 2015 74 21 som
1546 2007 57 28 rör
1619 2004 145 38 familje-

278 2067 286 41 pensioneringen
593 2067 10 29 i
632 2066 57 31 sitt
717 2063 296 32 slutbetänkande.
1044 2063 64 29 Det
1137 2063 38 29 är
1202 2060 223 31 kommitténs
1454 2058 235 39 förhoppning
1718 2060 48 27 att

278 2123 119 29 kunna
418 2122 161 29 avlämna
598 2121 92 29 detta
710 2119 57 30 vid
786 2117 232 31 instundande
1037 2116 171 30 årsskifte.

323 2175 64 30 Vid
409 2175 83 30 1969
512 2174 55 30 års
587 2172 140 39 riksdag
746 2172 137 30 väcktes
903 2170 169 31 motioner
1091 2169 79 30 med
1190 2177 134 22 samma
1343 2167 155 39 yrkande
1517 2175 74 22 som
1610 2175 48 21 nu
1678 2165 86 31 före-

279 2230 106 39 ligger
406 2229 50 30 till
478 2226 220 40 behandling.
723 2225 195 39 Riksdagen
941 2224 117 39 avslog
1081 2222 215 30 motionerna
1319 2221 79 30 med
1421 2230 42 20 en
1486 2219 208 39 hänvisning
1716 2218 50 30 till

279 2279 603 44 pensionsförsäkringskommitténs
897 2277 176 40 pågående
1087 2275 319 39 utredningsarbete
1426 2273 46 39 (se
1487 2273 79 30 2LU
1585 2273 96 30 1969:
1699 2272 66 38 11).

936 2366 177 31 Utskottet

324 2435 53 30 En
402 2433 176 31 frånskild
604 2431 131 31 kvinna
761 2431 65 29 har
851 2448 44 3 —
919 2430 148 29 bortsett
1092 2427 81 31 från
1198 2427 58 30 det
1281 2426 63 30 fall
1370 2425 45 31 då
1441 2426 71 29 hon
1539 2424 227 31 sammanbor

281 2489 80 29 med
378 2488 54 29 sin
449 2486 252 30 förutvarande
720 2494 82 20 man
818 2501 44 4 —
879 2483 71 29 inte
968 2483 69 29 rätt
1055 2482 52 29 till
1125 2480 242 39 änkepension
1386 2479 96 30 inom
1501 2479 68 29 den
1587 2478 179 29 allmänna
