<?xml version="1.0" encoding="UTF-8"?>
<alto xmlns="http://www.loc.gov/standards/alto/ns-v3#" xmlns:xlink="http://www.w3.org/1999/xlink" xmlns:xsi="http://www.w3.org/2001/XMLSchema-instance" xsi:schemaLocation="http://www.loc.gov/standards/alto/ns-v3# http://www.loc.gov/alto/v3/alto-3-0.xsd">
	<Description>
		<MeasurementUnit>pixel</MeasurementUnit>
		<sourceImageInformation>
			<fileName>/tmp/tess_futtd3e2_input.PNG</fileName>
		</sourceImageInformation>
		<OCRProcessing ID="OCR_0">
			<ocrProcessingStep>
				<processingSoftware>
					<softwareName>tesseract 5.3.0</softwareName>
				</processingSoftware>
			</ocrProcessingStep>
		</OCRProcessing>
	</Description>
	<Layout>
		<Page WIDTH="1920" HEIGHT="2862" PHYSICAL_IMG_NR="0" ID="page_0">
			<PrintSpace HPOS="0" VPOS="0" WIDTH="1920" HEIGHT="2862">
				<ComposedBlock ID="cblock_0" HPOS="1552" VPOS="177" WIDTH="12" HEIGHT="7">
					<TextBlock ID="block_0" HPOS="1552" VPOS="177" WIDTH="12" HEIGHT="7">
						<TextLine ID="line_0" HPOS="1552" VPOS="177" WIDTH="12" HEIGHT="7">
							<String ID="string_0" HPOS="1552" VPOS="177" WIDTH="12" HEIGHT="7" WC="0.89" CONTENT="”"/>
						</TextLine>
					</TextBlock>
				</ComposedBlock>
				<ComposedBlock ID="cblock_1" HPOS="480" VPOS="176" WIDTH="1088" HEIGHT="33">
					<TextBlock ID="block_1" HPOS="480" VPOS="176" WIDTH="1088" HEIGHT="33">
						<TextLine ID="line_1" HPOS="480" VPOS="176" WIDTH="1088" HEIGHT="33">
							<String ID="string_1" HPOS="480" VPOS="176" WIDTH="398" HEIGHT="33" WC="0.91" CONTENT="Jordbruksutskottets"/><SP WIDTH="32" VPOS="176" HPOS="878"/>
							<String ID="string_2" HPOS="910" VPOS="176" WIDTH="187" HEIGHT="32" WC="0.95" CONTENT="utlåtande"/><SP WIDTH="33" VPOS="176" HPOS="1097"/>
							<String ID="string_3" HPOS="1130" VPOS="176" WIDTH="52" HEIGHT="31" WC="0.92" CONTENT="Nr"/><SP WIDTH="24" VPOS="176" HPOS="1182"/>
							<String ID="string_4" HPOS="1206" VPOS="177" WIDTH="30" HEIGHT="29" WC="0.94" CONTENT="8."/><SP WIDTH="315" VPOS="177" HPOS="1236"/>
							<String ID="string_5" HPOS="1551" VPOS="186" WIDTH="17" HEIGHT="19" WC="0.46" CONTENT="5"/>
						</TextLine>
					</TextBlock>
				</ComposedBlock>
				<ComposedBlock ID="cblock_2" HPOS="101" VPOS="253" WIDTH="1513" HEIGHT="390">
					<TextBlock ID="block_2" HPOS="101" VPOS="253" WIDTH="1513" HEIGHT="168">
						<TextLine ID="line_2" HPOS="102" VPOS="253" WIDTH="1512" HEIGHT="36">
							<String ID="string_6" HPOS="102" VPOS="254" WIDTH="238" HEIGHT="30" WC="0.89" CONTENT="arrendatorns"/><SP WIDTH="36" VPOS="254" HPOS="340"/>
							<String ID="string_7" HPOS="376" VPOS="254" WIDTH="134" HEIGHT="31" WC="0.56" CONTENT="iräkade"/><SP WIDTH="34" VPOS="254" HPOS="510"/>
							<String ID="string_8" HPOS="544" VPOS="254" WIDTH="208" HEIGHT="35" WC="0.87" CONTENT="svärigheter"/><SP WIDTH="36" VPOS="254" HPOS="752"/>
							<String ID="string_9" HPOS="788" VPOS="256" WIDTH="81" HEIGHT="28" WC="0.93" CONTENT="utan"/><SP WIDTH="36" VPOS="256" HPOS="869"/>
							<String ID="string_10" HPOS="905" VPOS="256" WIDTH="87" HEIGHT="28" WC="0.43" CONTENT="iiven"/><SP WIDTH="34" VPOS="256" HPOS="992"/>
							<String ID="string_11" HPOS="1026" VPOS="253" WIDTH="176" HEIGHT="36" WC="0.96" CONTENT="samtidigt"/><SP WIDTH="24" VPOS="253" HPOS="1202"/>
							<String ID="string_12" HPOS="1226" VPOS="254" WIDTH="152" HEIGHT="30" WC="0.95" CONTENT="intresset"/><SP WIDTH="25" VPOS="254" HPOS="1378"/>
							<String ID="string_13" HPOS="1403" VPOS="255" WIDTH="52" HEIGHT="30" WC="0.96" CONTENT="för"/><SP WIDTH="23" VPOS="255" HPOS="1455"/>
							<String ID="string_14" HPOS="1478" VPOS="254" WIDTH="54" HEIGHT="31" WC="0.93" CONTENT="det"/><SP WIDTH="22" VPOS="254" HPOS="1532"/>
							<String ID="string_15" HPOS="1554" VPOS="255" WIDTH="60" HEIGHT="30" WC="0.89" CONTENT="all-"/>
						</TextLine>
						<TextLine ID="line_3" HPOS="103" VPOS="297" WIDTH="1511" HEIGHT="37">
							<String ID="string_16" HPOS="103" VPOS="298" WIDTH="125" HEIGHT="29" WC="0.91" CONTENT="männa"/><SP WIDTH="23" VPOS="298" HPOS="228"/>
							<String ID="string_17" HPOS="251" VPOS="298" WIDTH="108" HEIGHT="30" WC="0.96" CONTENT="såsom"/><SP WIDTH="23" VPOS="298" HPOS="359"/>
							<String ID="string_18" HPOS="382" VPOS="297" WIDTH="177" HEIGHT="37" WC="0.96" CONTENT="jordägare"/><SP WIDTH="23" VPOS="297" HPOS="559"/>
							<String ID="string_19" HPOS="582" VPOS="297" WIDTH="113" HEIGHT="31" WC="0.96" CONTENT="kunde"/><SP WIDTH="21" VPOS="297" HPOS="695"/>
							<String ID="string_20" HPOS="716" VPOS="298" WIDTH="164" HEIGHT="30" WC="0.96" CONTENT="motivera"/><SP WIDTH="15" VPOS="298" HPOS="880"/>
							<String ID="string_21" HPOS="895" VPOS="299" WIDTH="47" HEIGHT="29" WC="0.96" CONTENT="ett"/><SP WIDTH="15" VPOS="299" HPOS="942"/>
							<String ID="string_22" HPOS="957" VPOS="297" WIDTH="150" HEIGHT="36" WC="0.93" CONTENT="partiellt"/><SP WIDTH="15" VPOS="297" HPOS="1107"/>
							<String ID="string_23" HPOS="1122" VPOS="297" WIDTH="231" HEIGHT="36" WC="0.90" CONTENT="eftergivande"/><SP WIDTH="16" VPOS="297" HPOS="1353"/>
							<String ID="string_24" HPOS="1369" VPOS="308" WIDTH="43" HEIGHT="20" WC="0.96" CONTENT="av"/><SP WIDTH="17" VPOS="308" HPOS="1412"/>
							<String ID="string_25" HPOS="1429" VPOS="297" WIDTH="64" HEIGHT="32" WC="0.93" CONTENT="den"/><SP WIDTH="16" VPOS="297" HPOS="1493"/>
							<String ID="string_26" HPOS="1509" VPOS="298" WIDTH="105" HEIGHT="31" WC="0.92" CONTENT="förres"/>
						</TextLine>
						<TextLine ID="line_4" HPOS="102" VPOS="340" WIDTH="1511" HEIGHT="37">
							<String ID="string_27" HPOS="102" VPOS="340" WIDTH="108" HEIGHT="35" WC="0.96" CONTENT="enligt"/><SP WIDTH="22" VPOS="340" HPOS="210"/>
							<String ID="string_28" HPOS="232" VPOS="340" WIDTH="161" HEIGHT="32" WC="0.93" CONTENT="kontrakt"/><SP WIDTH="22" VPOS="340" HPOS="393"/>
							<String ID="string_29" HPOS="415" VPOS="342" WIDTH="125" HEIGHT="34" WC="0.91" CONTENT="åtagna"/><SP WIDTH="21" VPOS="342" HPOS="540"/>
							<String ID="string_30" HPOS="561" VPOS="341" WIDTH="239" HEIGHT="36" WC="0.96" CONTENT="skyldigheter,"/><SP WIDTH="17" VPOS="341" HPOS="800"/>
							<String ID="string_31" HPOS="817" VPOS="341" WIDTH="99" HEIGHT="30" WC="0.96" CONTENT="ställa"/><SP WIDTH="18" VPOS="341" HPOS="916"/>
							<String ID="string_32" HPOS="934" VPOS="341" WIDTH="246" HEIGHT="31" WC="0.93" CONTENT="vederbörande"/><SP WIDTH="16" VPOS="341" HPOS="1180"/>
							<String ID="string_33" HPOS="1196" VPOS="341" WIDTH="330" HEIGHT="36" WC="0.92" CONTENT="statsmyndigheter,"/><SP WIDTH="16" VPOS="341" HPOS="1526"/>
							<String ID="string_34" HPOS="1542" VPOS="352" WIDTH="71" HEIGHT="21" WC="0.95" CONTENT="som"/>
						</TextLine>
						<TextLine ID="line_5" HPOS="101" VPOS="383" WIDTH="1509" HEIGHT="38">
							<String ID="string_35" HPOS="101" VPOS="383" WIDTH="138" HEIGHT="31" WC="0.93" CONTENT="därmed"/><SP WIDTH="24" VPOS="383" HPOS="239"/>
							<String ID="string_36" HPOS="263" VPOS="384" WIDTH="182" HEIGHT="36" WC="0.91" CONTENT="betroddes,"/><SP WIDTH="25" VPOS="384" HPOS="445"/>
							<String ID="string_37" HPOS="470" VPOS="385" WIDTH="92" HEIGHT="30" WC="0.96" CONTENT="inför"/><SP WIDTH="23" VPOS="385" HPOS="562"/>
							<String ID="string_38" HPOS="585" VPOS="394" WIDTH="40" HEIGHT="21" WC="0.95" CONTENT="en"/><SP WIDTH="26" VPOS="394" HPOS="625"/>
							<String ID="string_39" HPOS="651" VPOS="386" WIDTH="119" HEIGHT="34" WC="0.92" CONTENT="ytterst"/><SP WIDTH="25" VPOS="386" HPOS="770"/>
							<String ID="string_40" HPOS="795" VPOS="385" WIDTH="157" HEIGHT="34" WC="0.92" CONTENT="vansklig"/><SP WIDTH="25" VPOS="385" HPOS="952"/>
							<String ID="string_41" HPOS="977" VPOS="385" WIDTH="53" HEIGHT="29" WC="0.96" CONTENT="för"/><SP WIDTH="22" VPOS="385" HPOS="1030"/>
							<String ID="string_42" HPOS="1052" VPOS="386" WIDTH="51" HEIGHT="29" WC="0.96" CONTENT="att"/><SP WIDTH="23" VPOS="386" HPOS="1103"/>
							<String ID="string_43" HPOS="1126" VPOS="385" WIDTH="72" HEIGHT="30" WC="0.96" CONTENT="icke"/><SP WIDTH="24" VPOS="385" HPOS="1198"/>
							<String ID="string_44" HPOS="1222" VPOS="387" WIDTH="80" HEIGHT="33" WC="0.96" CONTENT="säga"/><SP WIDTH="23" VPOS="387" HPOS="1302"/>
							<String ID="string_45" HPOS="1325" VPOS="385" WIDTH="120" HEIGHT="35" WC="0.96" CONTENT="olöslig"/><SP WIDTH="21" VPOS="385" HPOS="1445"/>
							<String ID="string_46" HPOS="1466" VPOS="386" WIDTH="144" HEIGHT="35" WC="0.5" CONTENT="uppgift."/>
						</TextLine>
					</TextBlock>
					<TextBlock ID="block_3" HPOS="101" VPOS="453" WIDTH="1512" HEIGHT="190">
						<TextLine ID="line_6" HPOS="147" VPOS="453" WIDTH="1465" HEIGHT="36">
							<String ID="string_47" HPOS="147" VPOS="453" WIDTH="118" HEIGHT="31" WC="0.96" CONTENT="Under"/><SP WIDTH="35" VPOS="453" HPOS="265"/>
							<String ID="string_48" HPOS="300" VPOS="454" WIDTH="219" HEIGHT="35" WC="0.95" CONTENT="åberopande"/><SP WIDTH="34" VPOS="454" HPOS="519"/>
							<String ID="string_49" HPOS="553" VPOS="464" WIDTH="45" HEIGHT="19" WC="0.95" CONTENT="av"/><SP WIDTH="35" VPOS="464" HPOS="598"/>
							<String ID="string_50" HPOS="633" VPOS="453" WIDTH="68" HEIGHT="31" WC="0.95" CONTENT="vad"/><SP WIDTH="34" VPOS="453" HPOS="701"/>
							<String ID="string_51" HPOS="735" VPOS="453" WIDTH="8" HEIGHT="29" WC="0.95" CONTENT="i"/><SP WIDTH="29" VPOS="453" HPOS="743"/>
							<String ID="string_52" HPOS="772" VPOS="454" WIDTH="144" HEIGHT="30" WC="0.34" CONTENT="berörda"/><SP WIDTH="23" VPOS="454" HPOS="916"/>
							<String ID="string_53" HPOS="939" VPOS="453" WIDTH="184" HEIGHT="31" WC="0.95" CONTENT="utlåtande"/><SP WIDTH="24" VPOS="453" HPOS="1123"/>
							<String ID="string_54" HPOS="1147" VPOS="454" WIDTH="151" HEIGHT="30" WC="0.96" CONTENT="sålunda"/><SP WIDTH="22" VPOS="454" HPOS="1298"/>
							<String ID="string_55" HPOS="1320" VPOS="455" WIDTH="137" HEIGHT="29" WC="0.96" CONTENT="anförts"/><SP WIDTH="24" VPOS="455" HPOS="1457"/>
							<String ID="string_56" HPOS="1481" VPOS="455" WIDTH="63" HEIGHT="30" WC="0.96" CONTENT="och"/><SP WIDTH="24" VPOS="455" HPOS="1544"/>
							<String ID="string_57" HPOS="1568" VPOS="455" WIDTH="44" HEIGHT="31" WC="0.96" CONTENT="då"/>
						</TextLine>
						<TextLine ID="line_7" HPOS="101" VPOS="505" WIDTH="1512" HEIGHT="36">
							<String ID="string_58" HPOS="101" VPOS="505" WIDTH="114" HEIGHT="35" WC="0.96" CONTENT="enligt"/><SP WIDTH="35" VPOS="505" HPOS="215"/>
							<String ID="string_59" HPOS="250" VPOS="505" WIDTH="188" HEIGHT="30" WC="0.93" CONTENT="utskottets"/><SP WIDTH="36" VPOS="505" HPOS="438"/>
							<String ID="string_60" HPOS="474" VPOS="505" WIDTH="145" HEIGHT="35" WC="0.96" CONTENT="mening"/><SP WIDTH="35" VPOS="505" HPOS="619"/>
							<String ID="string_61" HPOS="654" VPOS="505" WIDTH="77" HEIGHT="30" WC="0.96" CONTENT="icke"/><SP WIDTH="34" VPOS="505" HPOS="731"/>
							<String ID="string_62" HPOS="765" VPOS="506" WIDTH="111" HEIGHT="34" WC="0.95" CONTENT="några"/><SP WIDTH="24" VPOS="506" HPOS="876"/>
							<String ID="string_63" HPOS="900" VPOS="505" WIDTH="87" HEIGHT="35" WC="0.96" CONTENT="skäl,"/><SP WIDTH="25" VPOS="505" HPOS="987"/>
							<String ID="string_64" HPOS="1012" VPOS="515" WIDTH="74" HEIGHT="20" WC="0.96" CONTENT="som"/><SP WIDTH="24" VPOS="515" HPOS="1086"/>
							<String ID="string_65" HPOS="1110" VPOS="505" WIDTH="83" HEIGHT="30" WC="0.96" CONTENT="böra"/><SP WIDTH="23" VPOS="505" HPOS="1193"/>
							<String ID="string_66" HPOS="1216" VPOS="505" WIDTH="183" HEIGHT="31" WC="0.96" CONTENT="föranleda"/><SP WIDTH="23" VPOS="505" HPOS="1399"/>
							<String ID="string_67" HPOS="1422" VPOS="505" WIDTH="154" HEIGHT="36" WC="0.96" CONTENT="ändring"/><SP WIDTH="25" VPOS="505" HPOS="1576"/>
							<String ID="string_68" HPOS="1601" VPOS="507" WIDTH="12" HEIGHT="29" WC="0.96" CONTENT="i"/>
						</TextLine>
						<TextLine ID="line_8" HPOS="102" VPOS="556" WIDTH="1510" HEIGHT="36">
							<String ID="string_69" HPOS="102" VPOS="556" WIDTH="207" HEIGHT="36" WC="0.88" CONTENT="riksdagens"/><SP WIDTH="34" VPOS="556" HPOS="309"/>
							<String ID="string_70" HPOS="343" VPOS="556" WIDTH="168" HEIGHT="31" WC="0.88" CONTENT="nästlidet"/><SP WIDTH="35" VPOS="556" HPOS="511"/>
							<String ID="string_71" HPOS="546" VPOS="557" WIDTH="40" HEIGHT="29" WC="0.96" CONTENT="år"/><SP WIDTH="37" VPOS="557" HPOS="586"/>
							<String ID="string_72" HPOS="623" VPOS="557" WIDTH="147" HEIGHT="34" WC="0.92" CONTENT="intagna"/><SP WIDTH="35" VPOS="557" HPOS="770"/>
							<String ID="string_73" HPOS="805" VPOS="556" WIDTH="225" HEIGHT="36" WC="0.84" CONTENT="prineipiella"/><SP WIDTH="24" VPOS="556" HPOS="1030"/>
							<String ID="string_74" HPOS="1054" VPOS="556" WIDTH="221" HEIGHT="35" WC="0.96" CONTENT="ståndpunkt"/><SP WIDTH="25" VPOS="556" HPOS="1275"/>
							<String ID="string_75" HPOS="1300" VPOS="556" WIDTH="57" HEIGHT="31" WC="0.96" CONTENT="till"/><SP WIDTH="24" VPOS="556" HPOS="1357"/>
							<String ID="string_76" HPOS="1381" VPOS="557" WIDTH="231" HEIGHT="30" WC="0.96" CONTENT="förevarande"/>
						</TextLine>
						<TextLine ID="line_9" HPOS="101" VPOS="607" WIDTH="1264" HEIGHT="36">
							<String ID="string_77" HPOS="101" VPOS="608" WIDTH="182" HEIGHT="35" WC="0.95" CONTENT="spörsmål,"/><SP WIDTH="24" VPOS="608" HPOS="283"/>
							<String ID="string_78" HPOS="307" VPOS="617" WIDTH="45" HEIGHT="21" WC="0.95" CONTENT="av"/><SP WIDTH="24" VPOS="617" HPOS="352"/>
							<String ID="string_79" HPOS="376" VPOS="608" WIDTH="261" HEIGHT="30" WC="0.93" CONTENT="motionärerna"/><SP WIDTH="24" VPOS="608" HPOS="637"/>
							<String ID="string_80" HPOS="661" VPOS="607" WIDTH="208" HEIGHT="35" WC="0.91" CONTENT="förebragts,"/><SP WIDTH="25" VPOS="607" HPOS="869"/>
							<String ID="string_81" HPOS="894" VPOS="607" WIDTH="55" HEIGHT="30" WC="0.96" CONTENT="får"/><SP WIDTH="25" VPOS="607" HPOS="949"/>
							<String ID="string_82" HPOS="974" VPOS="607" WIDTH="169" HEIGHT="31" WC="0.93" CONTENT="utskottet"/><SP WIDTH="25" VPOS="607" HPOS="1143"/>
							<String ID="string_83" HPOS="1168" VPOS="607" WIDTH="197" HEIGHT="36" WC="0.90" CONTENT="hemställa,"/>
						</TextLine>
					</TextBlock>
				</ComposedBlock>
				<ComposedBlock ID="cblock_3" HPOS="501" VPOS="700" WIDTH="1110" HEIGHT="194">
					<TextBlock ID="block_4" HPOS="503" VPOS="700" WIDTH="1108" HEIGHT="91">
						<TextLine ID="line_10" HPOS="550" VPOS="700" WIDTH="1061" HEIGHT="37">
							<String ID="string_84" HPOS="550" VPOS="700" WIDTH="60" HEIGHT="36" WC="0.44" CONTENT="1:0)"/><SP WIDTH="23" VPOS="700" HPOS="610"/>
							<String ID="string_85" HPOS="633" VPOS="704" WIDTH="53" HEIGHT="29" WC="0.95" CONTENT="att"/><SP WIDTH="36" VPOS="704" HPOS="686"/>
							<String ID="string_86" HPOS="722" VPOS="702" WIDTH="178" HEIGHT="30" WC="0.95" CONTENT="motionen"/><SP WIDTH="38" VPOS="702" HPOS="900"/>
							<String ID="string_87" HPOS="938" VPOS="702" WIDTH="23" HEIGHT="31" WC="0.92" CONTENT="I:"/><SP WIDTH="26" VPOS="702" HPOS="961"/>
							<String ID="string_88" HPOS="987" VPOS="703" WIDTH="40" HEIGHT="29" WC="0.96" CONTENT="49"/><SP WIDTH="30" VPOS="703" HPOS="1027"/>
							<String ID="string_89" HPOS="1057" VPOS="703" WIDTH="75" HEIGHT="29" WC="0.28" CONTENT="icke"/><SP WIDTH="24" VPOS="703" HPOS="1132"/>
							<String ID="string_90" HPOS="1156" VPOS="703" WIDTH="108" HEIGHT="30" WC="0.96" CONTENT="måtte"/><SP WIDTH="26" VPOS="703" HPOS="1264"/>
							<String ID="string_91" HPOS="1290" VPOS="702" WIDTH="180" HEIGHT="31" WC="0.96" CONTENT="föranleda"/><SP WIDTH="25" VPOS="702" HPOS="1470"/>
							<String ID="string_92" HPOS="1495" VPOS="704" WIDTH="116" HEIGHT="33" WC="0.95" CONTENT="någon"/>
						</TextLine>
						<TextLine ID="line_11" HPOS="503" VPOS="754" WIDTH="486" HEIGHT="37">
							<String ID="string_93" HPOS="503" VPOS="755" WIDTH="206" HEIGHT="36" WC="0.93" CONTENT="riksdagens"/><SP WIDTH="24" VPOS="755" HPOS="709"/>
							<String ID="string_94" HPOS="733" VPOS="754" WIDTH="142" HEIGHT="35" WC="0.89" CONTENT="ätgärd;"/><SP WIDTH="24" VPOS="754" HPOS="875"/>
							<String ID="string_95" HPOS="899" VPOS="756" WIDTH="90" HEIGHT="29" WC="0.95" CONTENT="samt"/>
						</TextLine>
					</TextBlock>
					<TextBlock ID="block_5" HPOS="501" VPOS="804" WIDTH="1109" HEIGHT="90">
						<TextLine ID="line_12" HPOS="545" VPOS="804" WIDTH="1065" HEIGHT="38">
							<String ID="string_96" HPOS="545" VPOS="804" WIDTH="64" HEIGHT="36" WC="0.92" CONTENT="2:0)"/><SP WIDTH="24" VPOS="804" HPOS="609"/>
							<String ID="string_97" HPOS="633" VPOS="808" WIDTH="53" HEIGHT="29" WC="0.95" CONTENT="att"/><SP WIDTH="28" VPOS="808" HPOS="686"/>
							<String ID="string_98" HPOS="714" VPOS="806" WIDTH="178" HEIGHT="31" WC="0.95" CONTENT="motionen"/><SP WIDTH="28" VPOS="806" HPOS="892"/>
							<String ID="string_99" HPOS="920" VPOS="806" WIDTH="46" HEIGHT="30" WC="0.79" CONTENT="IT:"/><SP WIDTH="26" VPOS="806" HPOS="966"/>
							<String ID="string_100" HPOS="992" VPOS="807" WIDTH="40" HEIGHT="29" WC="0.96" CONTENT="80"/><SP WIDTH="25" VPOS="807" HPOS="1032"/>
							<String ID="string_101" HPOS="1057" VPOS="807" WIDTH="75" HEIGHT="29" WC="0.91" CONTENT="icke"/><SP WIDTH="25" VPOS="807" HPOS="1132"/>
							<String ID="string_102" HPOS="1157" VPOS="807" WIDTH="108" HEIGHT="29" WC="0.94" CONTENT="måtte"/><SP WIDTH="24" VPOS="807" HPOS="1265"/>
							<String ID="string_103" HPOS="1289" VPOS="806" WIDTH="180" HEIGHT="31" WC="0.96" CONTENT="föranleda"/><SP WIDTH="25" VPOS="806" HPOS="1469"/>
							<String ID="string_104" HPOS="1494" VPOS="807" WIDTH="116" HEIGHT="35" WC="0.96" CONTENT="någon"/>
						</TextLine>
						<TextLine ID="line_13" HPOS="501" VPOS="857" WIDTH="366" HEIGHT="37">
							<String ID="string_105" HPOS="501" VPOS="858" WIDTH="207" HEIGHT="36" WC="0.95" CONTENT="riksdagens"/><SP WIDTH="23" VPOS="858" HPOS="708"/>
							<String ID="string_106" HPOS="731" VPOS="857" WIDTH="136" HEIGHT="37" WC="0.95" CONTENT="åtgärd."/>
						</TextLine>
					</TextBlock>
				</ComposedBlock>
				<ComposedBlock ID="cblock_4" HPOS="142" VPOS="961" WIDTH="660" HEIGHT="31">
					<TextBlock ID="block_6" HPOS="142" VPOS="961" WIDTH="660" HEIGHT="31">
						<TextLine ID="line_14" HPOS="142" VPOS="961" WIDTH="660" HEIGHT="31">
							<String ID="string_107" HPOS="142" VPOS="961" WIDTH="203" HEIGHT="31" WC="0.79" CONTENT="Stockholm"/><SP WIDTH="24" VPOS="961" HPOS="345"/>
							<String ID="string_108" HPOS="369" VPOS="962" WIDTH="67" HEIGHT="30" WC="0.96" CONTENT="den"/><SP WIDTH="24" VPOS="962" HPOS="436"/>
							<String ID="string_109" HPOS="460" VPOS="963" WIDTH="40" HEIGHT="29" WC="0.95" CONTENT="19"/><SP WIDTH="24" VPOS="963" HPOS="500"/>
							<String ID="string_110" HPOS="524" VPOS="961" WIDTH="159" HEIGHT="31" WC="0.96" CONTENT="februari"/><SP WIDTH="25" VPOS="961" HPOS="683"/>
							<String ID="string_111" HPOS="708" VPOS="961" WIDTH="94" HEIGHT="30" WC="0.96" CONTENT="1924."/>
						</TextLine>
					</TextBlock>
				</ComposedBlock>
				<ComposedBlock ID="cblock_5" HPOS="542" VPOS="1065" WIDTH="631" HEIGHT="36">
					<TextBlock ID="block_7" HPOS="542" VPOS="1065" WIDTH="631" HEIGHT="36">
						<TextLine ID="line_15" HPOS="542" VPOS="1065" WIDTH="631" HEIGHT="36">
							<String ID="string_112" HPOS="542" VPOS="1067" WIDTH="51" HEIGHT="29" WC="0.93" CONTENT="På"/><SP WIDTH="24" VPOS="1067" HPOS="593"/>
							<String ID="string_113" HPOS="617" VPOS="1065" WIDTH="381" HEIGHT="36" WC="0.92" CONTENT="jordbruksutskottets"/><SP WIDTH="25" VPOS="1065" HPOS="998"/>
							<String ID="string_114" HPOS="1023" VPOS="1067" WIDTH="150" HEIGHT="33" WC="0.96" CONTENT="vägnar:"/>
						</TextLine>
					</TextBlock>
				</ComposedBlock>
				<ComposedBlock ID="cblock_6" HPOS="726" VPOS="1151" WIDTH="264" HEIGHT="31">
					<TextBlock ID="block_8" HPOS="726" VPOS="1151" WIDTH="264" HEIGHT="31">
						<TextLine ID="line_16" HPOS="726" VPOS="1151" WIDTH="264" HEIGHT="31">
							<String ID="string_115" HPOS="726" VPOS="1151" WIDTH="35" HEIGHT="31" WC="0.83" CONTENT="O."/><SP WIDTH="27" VPOS="1151" HPOS="761"/>
							<String ID="string_116" HPOS="788" VPOS="1151" WIDTH="202" HEIGHT="31" WC="0.96" CONTENT="NILSSON."/>
						</TextLine>
					</TextBlock>
				</ComposedBlock>
				<ComposedBlock ID="cblock_7" HPOS="98" VPOS="1414" WIDTH="1507" HEIGHT="137">
					<TextBlock ID="block_9" HPOS="98" VPOS="1414" WIDTH="1507" HEIGHT="137">
						<TextLine ID="line_17" HPOS="134" VPOS="1414" WIDTH="778" HEIGHT="31">
							<String ID="string_117" HPOS="134" VPOS="1414" WIDTH="54" HEIGHT="23" WC="0.96" CONTENT="Vid"/><SP WIDTH="20" VPOS="1414" HPOS="188"/>
							<String ID="string_118" HPOS="208" VPOS="1414" WIDTH="77" HEIGHT="24" WC="0.93" CONTENT="detta"/><SP WIDTH="18" VPOS="1414" HPOS="285"/>
							<String ID="string_119" HPOS="303" VPOS="1414" WIDTH="116" HEIGHT="24" WC="0.92" CONTENT="ärendes"/><SP WIDTH="20" VPOS="1414" HPOS="419"/>
							<String ID="string_120" HPOS="439" VPOS="1414" WIDTH="230" HEIGHT="31" WC="0.91" CONTENT="slutbehandling"/><SP WIDTH="18" VPOS="1414" HPOS="669"/>
							<String ID="string_121" HPOS="687" VPOS="1415" WIDTH="71" HEIGHT="23" WC="0.93" CONTENT="hava"/><SP WIDTH="20" VPOS="1415" HPOS="758"/>
							<String ID="string_122" HPOS="778" VPOS="1416" WIDTH="134" HEIGHT="22" WC="0.92" CONTENT="närvarit:"/>
						</TextLine>
						<TextLine ID="line_18" HPOS="135" VPOS="1474" WIDTH="1470" HEIGHT="33">
							<String ID="string_123" HPOS="135" VPOS="1474" WIDTH="73" HEIGHT="27" WC="0.96" CONTENT="från"/><SP WIDTH="31" VPOS="1474" HPOS="208"/>
							<String ID="string_124" HPOS="239" VPOS="1478" WIDTH="108" HEIGHT="23" WC="0.96" CONTENT="första"/><SP WIDTH="32" VPOS="1478" HPOS="347"/>
							<String ID="string_125" HPOS="379" VPOS="1477" WIDTH="208" HEIGHT="23" WC="0.94" CONTENT="kammaren:"/><SP WIDTH="30" VPOS="1477" HPOS="587"/>
							<String ID="string_126" HPOS="617" VPOS="1477" WIDTH="98" HEIGHT="22" WC="0.48" CONTENT="herrar"/><SP WIDTH="27" VPOS="1477" HPOS="715"/>
							<String ID="string_127" HPOS="742" VPOS="1477" WIDTH="125" HEIGHT="29" WC="0.95" CONTENT="Persson,"/><SP WIDTH="30" VPOS="1477" HPOS="867"/>
							<String ID="string_128" HPOS="897" VPOS="1477" WIDTH="68" HEIGHT="29" WC="0.96" CONTENT="Nils,"/><SP WIDTH="20" VPOS="1477" HPOS="965"/>
							<String ID="string_129" HPOS="985" VPOS="1476" WIDTH="111" HEIGHT="24" WC="0.96" CONTENT="Nilsson"/><SP WIDTH="21" VPOS="1476" HPOS="1096"/>
							<String ID="string_130" HPOS="1117" VPOS="1477" WIDTH="7" HEIGHT="22" WC="0.93" CONTENT="i"/><SP WIDTH="22" VPOS="1477" HPOS="1124"/>
							<String ID="string_131" HPOS="1146" VPOS="1476" WIDTH="136" HEIGHT="30" WC="0.82" CONTENT="Kabbarp,"/><SP WIDTH="22" VPOS="1476" HPOS="1282"/>
							<String ID="string_132" HPOS="1304" VPOS="1476" WIDTH="132" HEIGHT="24" WC="0.93" CONTENT="Eriksson"/><SP WIDTH="15" VPOS="1476" HPOS="1436"/>
							<String ID="string_133" HPOS="1451" VPOS="1477" WIDTH="14" HEIGHT="23" WC="0.93" CONTENT="i"/><SP WIDTH="32" VPOS="1477" HPOS="1465"/>
							<String ID="string_134" HPOS="1497" VPOS="1476" WIDTH="108" HEIGHT="31" WC="0.58" CONTENT="Ljusdal"/>
						</TextLine>
						<TextLine ID="line_19" HPOS="98" VPOS="1521" WIDTH="479" HEIGHT="30">
							<String ID="string_135" HPOS="98" VPOS="1521" WIDTH="54" HEIGHT="23" WC="0.96" CONTENT="och"/><SP WIDTH="20" VPOS="1521" HPOS="152"/>
							<String ID="string_136" HPOS="172" VPOS="1526" WIDTH="80" HEIGHT="25" WC="0.96" CONTENT="greve"/><SP WIDTH="23" VPOS="1526" HPOS="252"/>
							<String ID="string_137" HPOS="275" VPOS="1521" WIDTH="211" HEIGHT="29" WC="0.88" CONTENT="Wachtmeister,"/><SP WIDTH="19" VPOS="1521" HPOS="486"/>
							<String ID="string_138" HPOS="505" VPOS="1522" WIDTH="72" HEIGHT="22" WC="0.95" CONTENT="samt"/>
						</TextLine>
					</TextBlock>
				</ComposedBlock>
				<ComposedBlock ID="cblock_8" HPOS="101" VPOS="1579" WIDTH="1507" HEIGHT="77">
					<TextBlock ID="block_10" HPOS="101" VPOS="1579" WIDTH="1507" HEIGHT="77">
						<TextLine ID="line_20" HPOS="134" VPOS="1579" WIDTH="1474" HEIGHT="34">
							<String ID="string_139" HPOS="134" VPOS="1579" WIDTH="74" HEIGHT="27" WC="0.96" CONTENT="från"/><SP WIDTH="29" VPOS="1579" HPOS="208"/>
							<String ID="string_140" HPOS="237" VPOS="1582" WIDTH="107" HEIGHT="24" WC="0.96" CONTENT="andra"/><SP WIDTH="27" VPOS="1582" HPOS="344"/>
							<String ID="string_141" HPOS="371" VPOS="1583" WIDTH="208" HEIGHT="23" WC="0.96" CONTENT="kammaren:"/><SP WIDTH="30" VPOS="1583" HPOS="579"/>
							<String ID="string_142" HPOS="609" VPOS="1582" WIDTH="97" HEIGHT="23" WC="0.96" CONTENT="herrar"/><SP WIDTH="29" VPOS="1582" HPOS="706"/>
							<String ID="string_143" HPOS="735" VPOS="1582" WIDTH="112" HEIGHT="24" WC="0.96" CONTENT="Nilsson"/><SP WIDTH="24" VPOS="1582" HPOS="847"/>
							<String ID="string_144" HPOS="871" VPOS="1582" WIDTH="8" HEIGHT="22" WC="0.95" CONTENT="i"/><SP WIDTH="25" VPOS="1582" HPOS="879"/>
							<String ID="string_145" HPOS="904" VPOS="1579" WIDTH="99" HEIGHT="34" WC="0.75" CONTENT="Tånga,"/><SP WIDTH="21" VPOS="1579" HPOS="1003"/>
							<String ID="string_146" HPOS="1024" VPOS="1583" WIDTH="100" HEIGHT="23" WC="0.94" CONTENT="Olsson"/><SP WIDTH="19" VPOS="1583" HPOS="1124"/>
							<String ID="string_147" HPOS="1143" VPOS="1583" WIDTH="8" HEIGHT="22" WC="0.96" CONTENT="i"/><SP WIDTH="21" VPOS="1583" HPOS="1151"/>
							<String ID="string_148" HPOS="1172" VPOS="1582" WIDTH="131" HEIGHT="31" WC="0.96" CONTENT="Broberg,"/><SP WIDTH="19" VPOS="1582" HPOS="1303"/>
							<String ID="string_149" HPOS="1322" VPOS="1583" WIDTH="160" HEIGHT="23" WC="0.96" CONTENT="Johansson"/><SP WIDTH="23" VPOS="1583" HPOS="1482"/>
							<String ID="string_150" HPOS="1505" VPOS="1582" WIDTH="5" HEIGHT="22" WC="0.92" CONTENT="i"/><SP WIDTH="24" VPOS="1582" HPOS="1510"/>
							<String ID="string_151" HPOS="1534" VPOS="1582" WIDTH="74" HEIGHT="30" WC="0.91" CONTENT="Upp-"/>
						</TextLine>
						<TextLine ID="line_21" HPOS="101" VPOS="1625" WIDTH="1256" HEIGHT="31">
							<String ID="string_152" HPOS="101" VPOS="1625" WIDTH="102" HEIGHT="31" WC="0.63" CONTENT="mälby."/><SP WIDTH="21" VPOS="1625" HPOS="203"/>
							<String ID="string_153" HPOS="224" VPOS="1626" WIDTH="177" HEIGHT="30" WC="0.95" CONTENT="Lundström,"/><SP WIDTH="20" VPOS="1626" HPOS="401"/>
							<String ID="string_154" HPOS="421" VPOS="1625" WIDTH="131" HEIGHT="31" WC="0.92" CONTENT="Sjöblom,"/><SP WIDTH="23" VPOS="1625" HPOS="552"/>
							<String ID="string_155" HPOS="575" VPOS="1626" WIDTH="160" HEIGHT="30" WC="0.65" CONTENT="Uddenberg"/><SP WIDTH="21" VPOS="1626" HPOS="735"/>
							<String ID="string_156" HPOS="756" VPOS="1626" WIDTH="7" HEIGHT="22" WC="0.96" CONTENT="i"/><SP WIDTH="21" VPOS="1626" HPOS="763"/>
							<String ID="string_157" HPOS="784" VPOS="1625" WIDTH="153" HEIGHT="31" WC="0.95" CONTENT="Karlskoga"/><SP WIDTH="19" VPOS="1625" HPOS="937"/>
							<String ID="string_158" HPOS="956" VPOS="1626" WIDTH="50" HEIGHT="23" WC="0.96" CONTENT="och"/><SP WIDTH="21" VPOS="1626" HPOS="1006"/>
							<String ID="string_159" HPOS="1027" VPOS="1626" WIDTH="156" HEIGHT="24" WC="0.96" CONTENT="Andersson"/><SP WIDTH="21" VPOS="1626" HPOS="1183"/>
							<String ID="string_160" HPOS="1204" VPOS="1626" WIDTH="6" HEIGHT="23" WC="0.93" CONTENT="i"/><SP WIDTH="22" VPOS="1626" HPOS="1210"/>
							<String ID="string_161" HPOS="1232" VPOS="1625" WIDTH="125" HEIGHT="24" WC="0.90" CONTENT="Grimbo."/>
						</TextLine>
					</TextBlock>
				</ComposedBlock>
			</PrintSpace>
		</Page>
	</Layout>
</alto>
