1896 2832
317 149 18 29 2
474 149 118 31 Andra
609 150 206 31 kammarens
831 150 17 38 f
889 160 17 19 ör
917 152 72 29 sta
1006 150 172 39 tillfälliga
1195 152 142 30 utskotts
1355 151 172 32 utlåtande
1546 153 48 29 Nr
1611 155 30 28 2.

318 251 178 31 kommitté
536 253 138 30 uttalats
714 255 48 28 att
802 253 55 30 det
896 253 63 30 bör
997 254 196 39 övervägas,
1235 254 173 31 huruvida
1448 255 104 39 något
1592 256 69 30 kan
1703 257 100 38 göras

318 304 53 30 för
386 308 48 27 att
450 305 138 31 minska
604 306 40 30 de
659 315 48 21 nu
723 306 56 30 för
793 306 93 31 tiden
902 316 73 21 mer
991 307 44 30 än
1051 307 144 39 tidigare
1213 308 125 30 talrika
1354 307 173 31 frestelser
1543 309 49 29 till
1608 309 101 35 brott,
1729 319 72 21 som

319 359 215 38 uppkomma
553 367 122 31 genom
695 363 49 27 att
762 360 56 30 för
837 361 197 38 ungdomen
1053 361 153 39 begärlig
1225 362 177 38 egendom,
1424 362 44 29 bl.
1490 372 29 20 a.
1541 365 261 37 automatappa-

317 415 153 27 raternas
493 413 161 36 innehåll,
677 414 136 30 lämnas
835 414 163 39 tämligen
1019 415 61 29 lätt
1103 414 176 40 åtkomlig.

361 465 80 30 Som
463 466 10 30 i
495 467 406 38 köpmannaförbundets
922 468 159 38 yttrande
1103 467 168 40 påpekats
1294 469 89 38 gälla
1404 468 80 31 från
1506 470 64 29 och
1592 470 79 30 med
1693 470 67 30 den
1785 471 14 29 1

318 520 137 38 januari
481 521 83 30 1942
588 521 140 39 skärpta
751 521 258 30 bestämmelser
1030 521 222 31 beträffande
1275 523 318 30 automathandeln.
1618 523 116 39 Enligt
1757 533 47 20 nu

319 573 9 30 i
357 573 63 30 full
449 574 239 39 utsträckning
717 575 159 38 gällande
903 575 362 39 butikstängningslag
1293 575 127 31 tillåtas
1449 576 122 30 endast
1600 579 204 33 automater,

319 636 74 21 som
414 627 61 30 äro
497 631 161 36 uppsatta
679 628 143 31 utanför
842 629 98 30 butik
963 629 65 30 och
1051 638 74 21 som
1147 629 204 31 handhavas
1375 639 42 21 av
1440 630 363 30 butiksinnehavaren.

320 681 13 29 I
358 681 98 30 dessa
480 684 193 28 automater
696 681 37 31 få
757 682 120 30 endast
900 682 162 39 försäljas
1087 682 226 39 konfektyrer
1337 683 81 30 eller
1442 683 98 30 färsk
1563 683 106 30 frukt.
1696 683 50 31 De
1771 682 37 31 få

320 735 120 30 endast
466 736 178 38 uppsättas
671 746 42 20 av
738 736 337 36 butiksinnehavare,
1103 746 74 20 som
1205 736 87 39 själv
1318 737 103 38 säljer
1447 736 131 31 sådana
1605 746 110 21 varor.
1744 736 64 30 Det

320 789 37 29 är
384 788 179 39 förbjudet
591 792 48 28 att
666 790 163 38 uppsätta
858 793 191 27 automater
1079 790 56 30 vid
1165 790 251 39 anslagstavlor
1445 791 81 29 eller
1556 790 56 30 vid
1641 790 166 31 liknande

322 842 298 40 samlingsställen.
640 843 79 30 Med
738 844 67 29 den
822 844 232 38 begränsning
1072 853 42 21 av
1132 844 112 30 rätten
1263 847 48 27 att
1329 844 163 38 uppsätta
1511 846 201 33 automater,
1734 853 74 21 som

321 896 145 31 sålunda
503 896 134 36 införts,
676 906 104 30 synas
807 898 41 29 de
874 898 218 39 olägenheter
1118 907 42 21 av
1187 898 319 35 automathandeln,
1535 907 74 20 som
1636 897 134 39 påtalas
1798 897 10 30 i

323 951 185 35 motionen,
536 951 10 29 i
572 951 266 40 fortsättningen
863 952 85 30 böra
972 952 48 29 bli
1047 961 41 21 av
1114 951 135 30 mindre
1276 951 219 39 omfattning.
1523 950 53 31 Då
1601 950 125 40 frågan
1752 960 57 20 om

320 1005 215 38 ungdomens
563 1005 203 38 skyddande
794 1008 72 27 mot
893 1005 153 30 frestelse
1073 1006 50 29 till
1152 1005 168 39 oärlighet
1348 1013 123 31 genom
1499 1004 237 31 förekomsten
1765 1014 42 20 av

321 1061 340 36 automatapparater
680 1060 109 30 redan
809 1059 40 30 är
867 1059 146 30 föremål
1033 1059 55 30 för
1108 1059 172 39 prövning
1300 1059 70 30 kan
1391 1059 164 29 utskottet
1576 1058 75 30 icke
1671 1057 136 31 biträda

319 1112 66 30 den
405 1121 43 21 av
468 1112 216 31 motionären
704 1112 178 40 påyrkade
903 1113 228 38 utredningen
1151 1116 85 27 utan
1257 1112 207 36 hemställer,

658 1220 49 27 att
737 1216 106 31 andra
871 1217 189 30 kammaren
1088 1216 77 31 ville
1194 1216 130 30 besluta
1352 1218 49 28 att
1431 1214 227 38 föreliggande
1687 1214 124 30 motion

612 1274 74 30 icke
709 1273 106 31 måtte
837 1274 51 30 till
911 1273 114 40 någon
1048 1275 223 29 kammarens
1295 1273 120 39 åtgärd
1439 1273 190 30 föranleda.

370 1382 201 31 Stockholm
591 1383 65 30 den
676 1383 41 29 24
738 1382 88 39 april
849 1383 92 29 1942.

857 1489 48 31 På
925 1490 181 29 utskottets
1128 1489 144 39 vägnar:

904 1596 38 31 O.
963 1596 261 30 MALMBORG.

359 1832 224 28 Närvarande:
607 1832 75 27 herr
704 1832 184 34 Malmborg,
909 1832 53 27 fru
986 1832 159 34 Västberg,
1168 1832 113 27 herrar
1305 1831 140 31 Gavelin,
1468 1830 124 32 Stattin,
1615 1831 115 27 fröken
1754 1831 59 34 Ny-

324 1876 86 26 gren,
427 1868 115 27 herrar
557 1867 135 35 Edberg,
708 1867 145 31 Sköldin,
869 1868 138 27 Jonsson
1025 1867 10 26 i
1054 1867 162 32 Skutskär,
1233 1867 166 26 Petterson
1417 1866 10 27 i
1446 1866 170 35 Degerfors
1634 1866 62 27 och
1714 1866 97 27 Carls-

325 1912 58 19 son
400 1904 10 26 i
427 1903 157 28 Bakeröd.
