1910 2858
372 163 110 29 Andra
500 164 223 34 lagutskottets
742 163 163 30 utlåtande
927 163 47 29 Nr
995 166 47 27 16.
1075 164 253 29 Reservationer.
1571 165 37 31 11

326 249 182 40 (Gällande
531 251 84 39 lag.)
1041 252 209 40 (Utskottets
1280 253 156 40 förslag.)

817 336 73 40 28.

148 400 89 34 Utan
256 401 119 33 hinder
392 413 43 21 av
452 402 65 32 vad
536 402 11 32 i
569 404 16 31 1
607 402 19 40 8
646 401 38 34 är
702 403 135 39 stadgat
855 405 54 31 må

142 451 38 40 a)
208 452 12 32 i
237 452 129 39 bageri-
384 452 80 33 eller
480 453 293 33 konditorirörelse
791 454 113 33 arbete
922 454 53 32 för
993 454 222 40 tillverkning
1234 467 40 21 av
1293 467 107 27 varor,
1419 455 57 32 vid
1494 454 111 33 vilkas

99 502 255 40 framställning
377 503 69 38 jäst
469 503 73 33 icke
567 504 178 40 användes,
771 504 133 33 utföras
930 509 71 28 sön-
1026 505 81 32 eller
1131 505 148 39 helgdag
1303 506 105 32 under
1432 506 100 38 högst
1555 509 51 29 tre

101 552 136 33 timmar
257 553 122 33 mellan
400 553 143 34 klockan
566 555 19 32 6
607 554 233 39 förmiddagen
862 555 61 33 och
943 555 143 33 klockan
1110 557 19 31 6
1151 556 283 39 eftermiddagen;

146 602 38 40 b)
211 603 13 32 i
247 603 127 39 hotell-,
398 608 210 36 restaurang-
633 605 81 32 eller
736 605 206 33 kaférörelse
965 606 120 32 sådant
1108 606 114 33 arbete
1245 606 54 33 för
1322 606 220 39 tillverkning
1565 619 43 20 av

102 653 93 39 bröd,
223 654 153 33 bakelser
404 654 80 33 eller
511 659 103 29 annat
642 655 134 33 därmed
804 655 192 40 jämförligt
1023 656 162 39 bakverk,
1213 656 107 33 vilket
1347 657 151 33 bedrives
1526 660 82 29 utan

97 705 159 32 samband
276 705 75 33 med
370 705 129 39 bageri-
519 705 81 33 eller
619 705 304 41 konditorirörelse,
943 706 133 33 utföras
1097 707 20 31 å
1139 711 71 27 sön-
1232 706 80 33 eller
1332 707 147 38 helgdag
1500 707 105 32 under

102 755 60 39 tid,
187 767 69 20 som
280 755 106 32 under
408 754 37 40 a)
473 760 91 35 sägs;

146 804 35 41 e)
204 805 74 34 s.k.
295 806 182 38 anrörning
492 806 132 33 utföras
642 807 19 32 å
678 811 71 28 sön-
766 806 81 33 eller
863 807 186 39 helgdagar
1065 808 105 32 under
1187 807 98 39 högst
1302 808 58 32 två
1377 808 134 32 timmar
1529 808 77 32 mel-

97 856 54 32 lan
174 856 143 33 klockan
339 858 19 31 8
381 856 233 39 förmiddagen
636 857 61 32 och
718 856 143 33 klockan
883 855 20 31 8
924 857 283 38 eftermiddagen;

144 906 38 40 d)
211 907 208 39 uppeldning
445 907 80 33 eller
549 908 208 38 deggörning
781 911 50 28 ut-
920 907 37 40 d)
986 908 210 39 uppeldning
1221 908 81 33 eller
1326 908 208 39 deggörmning
1557 912 51 29 ut-

97 957 92 33 föras
210 957 20 32 å
250 957 190 38 söckendag
459 957 122 33 mellan
600 958 143 32 klockan
764 959 72 31 3.30
875 958 91 33 föras
996 959 20 31 å
1046 958 191 39 söckendag
1264 959 122 32 mellan
1416 959 142 33 klockan
1589 960 19 31 4

97 1007 61 32 och
183 1007 143 32 klockan
351 1009 21 30 5
399 1008 249 38 förmiddagen;
874 1008 60 33 och
950 1008 144 33 klockan
1112 1011 21 30 6
1150 1009 249 39 förmiddagen;

147 1055 34 41 e)
213 1057 210 39 uppeldning
448 1058 131 33 utföras
608 1070 43 21 av
678 1070 109 21 annan
814 1063 42 28 än
884 1059 128 38 bageri-
1041 1059 82 32 eller
1149 1059 323 33 konditoriarbetare
1499 1061 19 31 å
1546 1060 60 38 tid,

102 1107 42 31 då
166 1107 97 38 eljest
283 1107 113 33 arbete
417 1108 106 38 enligt
544 1108 106 33 denna
671 1109 58 39 lag
750 1109 29 38 ej
801 1110 54 31 må
876 1109 168 38 bedrivas;

143 1156 34 40 f)
203 1159 105 32 under
329 1162 114 30 natten
465 1159 53 32 till
542 1159 198 38 söckendag,
762 1171 69 20 som
919 1158 32 39 f)
978 1160 105 32 under
1104 1164 115 29 natten
1241 1160 54 33 till
1318 1160 198 39 söckendag,
1539 1172 69 21 som

96 1211 152 29 närmast
264 1208 138 39 föregår
420 1210 57 31 två
495 1209 81 32 eller
593 1209 87 33 flera
698 1210 43 38 på
757 1222 74 20 var-
872 1214 151 28 närmast
1041 1210 137 39 föregår
1195 1211 58 32 två
1271 1211 82 32 eller
1370 1211 86 32 flera
1474 1212 43 38 på
1534 1223 74 20 var-

96 1258 108 32 andra
242 1258 149 39 följande
429 1264 70 28 sön-
536 1260 61 32 och
634 1260 196 39 helgdagar,
860 1260 119 32 andra
1018 1260 151 38 följande
1206 1265 71 29 sön-
1314 1261 60 32 och
1411 1261 197 40 helgdagar,

94 1308 210 39 uppeldning
339 1309 82 32 eller
456 1310 208 39 deggörning
698 1311 130 32 utföras
873 1311 210 38 uppeldning
1118 1311 81 33 eller
1235 1311 207 40 deggörning
1473 1312 135 32 utföras

96 1358 128 37 jämväl
247 1359 121 32 mellan
393 1359 143 33 klockan
562 1361 17 31 2
604 1361 61 33 och
688 1361 143 33 klockan
872 1361 127 38 jämväl
1022 1362 123 32 mellan
1169 1361 144 34 klockan
1338 1363 17 31 2
1378 1362 62 33 och
1463 1362 145 33 klockan

98 1409 70 31 3.30
182 1408 233 39 förmiddagen
431 1410 59 32 och
507 1414 103 28 annat
624 1411 113 33 arbete
753 1411 75 33 mel-
876 1413 17 30 4
919 1412 233 38 förmiddagen
1179 1412 60 33 och
1265 1416 103 28 annat
1392 1412 112 33 arbete
1529 1412 79 33 mel-

98 1458 54 32 lan
179 1458 143 33 klockan
349 1461 24 33 3
394 1460 60 32 och
479 1460 142 33 klockan
647 1463 22 30 5
695 1462 135 32 förmid-
874 1462 55 32 lan
954 1462 144 33 klockan
1126 1463 18 31 3
1171 1462 60 33 och
1255 1462 143 33 klockan
1424 1464 21 31 6
1470 1463 137 32 förmid-

97 1504 118 46 dagen.
874 1512 117 38 dagen.

817 1597 72 38 38.

143 1659 126 33 Arbete
287 1660 54 32 för
361 1660 219 41 tillverkning
597 1674 42 20 av
657 1663 82 38 spis-
758 1664 82 32 eller
856 1663 213 33 knäckebröd
1087 1665 64 37 må,
1172 1664 61 32 där
1251 1664 128 33 arbetet
1397 1669 38 27 är
1451 1664 129 33 indelat
1596 1664 12 32 i

102 1708 98 39 skift,
229 1710 20 31 å
279 1709 188 40 söckendag
497 1712 115 38 fortgå
641 1713 127 38 jämväl
796 1714 122 32 mellan
948 1714 143 33 klockan
1123 1716 18 31 8
1172 1714 61 33 och
1261 1714 144 33 klockan
1436 1716 41 31 10
1507 1715 100 32 efter-

101 1759 189 40 middagen,
313 1765 164 35 ävensom,
499 1762 11 32 i
532 1762 62 32 den
614 1763 76 32 mån
712 1764 36 32 så
768 1763 121 34 kräves
911 1764 54 32 för
986 1764 56 33 det
1060 1764 202 33 tillverkade
1283 1765 132 32 brödets
1438 1764 168 40 torkning,

101 1810 123 32 mellan
243 1810 144 33 klockan
409 1813 39 31 10
470 1812 265 39 eftermiddagen
756 1814 60 32 och
836 1813 144 34 klockan
1003 1816 39 30 12
1064 1815 155 32 midnatt.

816 1898 73 38 48.

147 1960 124 33 Därest
293 1961 139 33 särskilt
455 1963 211 32 förhållande
688 1964 156 38 påkallar
866 1964 170 33 avvikelse
1059 1965 74 32 från
1160 1965 54 33 det
1236 1966 11 31 i
1272 1967 16 30 1
1313 1965 18 38 8
1355 1965 162 38 stadgade
1540 1965 66 32 för-

101 2010 78 39 bud,
200 2014 117 29 utöver
335 2012 66 32 vad
421 2012 106 38 enligt
546 2014 17 30 2
585 2014 60 31 och
666 2015 19 31 3
706 2013 41 40 $$
768 2018 37 28 är
824 2015 178 38 medgivet,
1024 2020 62 34 äge
1107 2015 246 32 vederbörande
1373 2015 233 39 yrkesinspek-

102 2064 50 29 tör
172 2064 52 29 att
243 2062 150 32 meddela
415 2062 152 33 tillstånd
590 2063 126 33 därtill.
749 2063 129 36 Sådant
898 2064 165 39 tillstånd,
1085 2065 107 33 vilket
1213 2065 88 32 skall
1321 2065 97 33 sökas
1440 2066 54 32 för
1513 2065 95 38 varje

98 2112 140 32 särskilt
256 2113 151 38 tillfälle,
426 2114 54 31 må
499 2114 29 38 ej
550 2126 77 20 avse
648 2126 68 20 mer
736 2119 41 27 än
797 2115 58 32 två
876 2115 91 38 dygn
987 2115 11 32 i
1020 2115 120 32 sänder
1160 2115 80 32 eller
1261 2116 53 31 för
1336 2128 126 20 samma
1481 2115 124 33 arbets-

101 2162 99 32 ställe
219 2162 169 33 meddelas
409 2175 69 20 mer
496 2168 40 28 än
557 2164 47 32 tio
625 2165 127 38 gånger
771 2165 104 32 under
895 2169 49 28 ett
963 2166 60 31 och
1043 2177 128 21 samma
1190 2166 209 33 kalenderår.
1432 2163 51 35 Är
1503 2170 103 34 ytter-

102 2212 106 38 ligare
229 2213 158 38 eftergift
408 2225 41 20 av
470 2214 139 34 särskilt
630 2215 210 33 förhållande
862 2215 227 38 tillfälligtvis
1110 2216 172 38 påkallad,
1305 2217 53 30 må
1381 2216 103 32 sådan
1506 2216 99 32 efter-

101 2262 70 37 gift
188 2262 168 34 meddelas
375 2275 42 19 av
436 2263 350 39 yrkesinspektionens
806 2265 304 38 chefsmyndighet.

146 2312 184 33 Erfordras
356 2313 54 32 för
434 2313 266 39 ändamålsenlig
724 2314 85 32 drift
833 2327 42 19 av
899 2314 231 39 tillverkning,
1155 2327 68 20 som
1248 2316 11 30 i
1284 2317 18 30 3
1328 2315 18 38 8
1371 2327 106 26 avses,
1502 2319 104 34 ylter-

102 2362 107 37 ligare
228 2362 197 38 nattarbete,
445 2367 61 33 äge
526 2363 352 38 yrkesinspektionens
899 2364 296 38 chefsmyndighet
1214 2368 51 28 att
1284 2365 111 31 lämna
1415 2365 192 38 medgivan-

102 2412 39 31 de
165 2412 131 38 därtill;
322 2412 59 32 och
406 2412 94 32 skola
526 2413 118 31 därvid
670 2413 166 33 meddelas
863 2414 38 32 de
927 2414 216 32 föreskrifter
1168 2426 50 19 om
1244 2414 219 33 nattarbetets
1490 2415 116 32 anord-

102 2462 116 38 nande,
242 2474 67 21 som
332 2462 113 32 kunna
469 2463 111 33 finnas
604 2463 233 38 erforderliga.
