1908 2796
530 139 439 32 Konstitutionsutskottets
991 138 176 33 utlåtande
1187 149 43 22 nr
1257 139 30 32 2.
1647 134 19 31 5

158 220 147 39 tidigare
327 219 207 30 uttalanden
555 219 12 30 i
589 220 119 29 ämnet
729 219 65 30 och
815 219 80 29 med
918 218 142 31 särskilt
1081 218 306 40 understrykande
1410 228 42 21 av
1474 220 51 29 att
1548 218 118 30 lands-

157 270 120 39 tingen
300 270 126 30 hittills
449 270 12 29 i
484 270 92 39 regel
599 269 31 40 ej
659 269 119 30 funnit
802 269 76 30 skäl
901 269 153 40 uppdela
1077 268 389 39 landstingsområdena
1490 269 12 30 i
1527 269 39 30 så
1588 268 76 31 litet

159 320 96 31 antal
279 320 196 31 valkretsar
497 329 76 21 som
594 320 139 39 möjligt
755 320 80 30 med
861 320 124 38 högsta
1008 320 96 30 antal
1127 319 282 39 landstingsmän
1431 319 12 30 i
1465 319 114 40 varje;
1605 327 61 22 an-

156 371 84 30 talet
263 371 414 40 landstingsvalskretsar
698 371 110 30 ökade
829 370 53 30 till
903 371 64 29 och
988 370 80 30 med
1089 370 79 30 med
1189 370 79 39 fyra
1289 370 80 30 från
1393 369 83 31 1942
1498 370 54 30 till
1580 368 84 32 1946

157 423 58 30 års
228 421 399 40 landstingsmannaval.
644 421 176 30 Utskottet
835 420 203 31 hemställer
1054 420 113 35 alltså,

514 501 51 29 att
584 499 230 30 förevarande
833 498 173 31 motioner
1024 498 76 30 icke
1123 498 109 30 måtte
1251 498 53 30 till
1323 498 116 39 någon
1457 497 208 40 riksdagens

469 550 123 40 åtgärd
610 549 193 32 föranleda.

203 635 202 30 Stockholm
427 635 68 30 den
519 635 39 30 12
580 634 157 31 februari
761 633 94 31 1948.

568 753 49 30 På
635 752 447 31 konstitutionsutskottets
1101 754 146 38 vägnar:

629 830 138 31 JONES
783 831 108 30 ERIK
908 830 276 31 ANDERSSON.

784 999 242 30 Närvarande:

202 1058 81 30 från
318 1059 168 30 första
520 1059 223 30 kammaren:
766 1059 122 29 herrar
907 1059 106 29 Jones
1034 1058 85 29 Erik
1139 1058 212 33 Andersson,
1373 1056 152 30 Gottfrid
1547 1055 119 30 Karls-

159 1110 72 25 son,
256 1101 147 34 Ström”,
426 1101 83 30 Karl
533 1101 136 39 August
691 1101 191 34 Johanson,
906 1101 175 38 Elmgren,
1105 1100 161 39 Björck",
1290 1100 182 33 Mattsson,
1497 1097 168 35 Lindén",

157 1142 197 31 Gustavson
370 1143 65 30 och
454 1143 153 35 Arrhén;
627 1145 90 28 samt

202 1202 82 30 från
344 1202 122 30 andra
494 1202 223 30 kammaren:
736 1202 122 30 herrar
873 1202 156 33 Hallén”,
1046 1201 150 34 Thorell,
1213 1201 200 29 Pettersson
1430 1200 11 29 i
1457 1198 208 40 Norregård,

157 1244 208 31 Nordström
384 1245 12 29 i
414 1245 166 39 Torsby”,
601 1254 68 20 von
692 1245 152 33 Friesen,
865 1244 135 34 Nolin”,
1021 1244 126 34 Norén,
1168 1244 153 29 Jonsson
1341 1243 11 29 i
1372 1242 168 35 Haverö”,
1561 1241 104 31 Dick-

157 1287 81 29 son”
268 1287 65 29 och
359 1286 58 30 fru
448 1287 182 39 Svedberg.

202 1366 14 15 +
236 1366 36 32 Ej
291 1366 181 25 närvarande
491 1366 48 25 vid
558 1366 185 32 justeringen.

753 1540 301 34 Reservation

202 1624 42 22 av
258 1616 123 30 herrar
395 1615 140 40 Björck,
551 1615 207 37 Gustavson,
774 1614 148 37 Arrhén,
940 1613 150 38 Thorell,
1109 1623 66 21 von
1192 1613 154 37 Friesen,
1362 1612 103 31 Nolin
1481 1613 67 31 och
1561 1612 105 31 Dick-

156 1675 75 28 son,
251 1675 75 21 som
346 1666 96 30 inom
460 1666 172 31 utskottet
650 1666 113 39 yrkat,
782 1667 51 29 att
852 1666 171 29 utskottet
1042 1665 108 30 måtte
1170 1664 178 40 tillstyrka
1367 1664 41 31 de
1426 1664 240 40 föreliggande

156 1717 232 30 motionerna.
