1902 2812
538 156 113 29 Första
670 156 224 34 lagutskottets
913 156 162 30 utlåtande
1095 157 49 28 Nr
1169 156 47 30 14.
1591 157 41 30 33

254 238 146 41 (Kungl.
423 241 121 40 Maj:ts
565 240 158 41 förslag.)
1056 240 206 40 (Utskottets
1283 241 155 40 förslag.)

826 335 42 32 43
888 333 31 40 $.

167 401 74 32 Har
271 401 167 33 förbehåll
467 401 155 40 träffats,
653 401 106 40 enligt
787 402 106 33 vilket
925 402 351 39 försäkringsgivaren
1309 403 106 33 skulle
1447 415 81 21 vara
1559 403 70 33 helt

121 451 82 32 eller
225 451 106 33 delvis
355 452 48 32 fri
427 452 77 32 från
529 452 215 39 ansvarighet
771 453 144 32 såframt
941 464 125 22 samma
1091 453 139 32 intresse
1255 459 36 26 är
1317 454 79 32 eller
1419 455 119 31 varder
1561 455 67 31 för-

121 501 117 32 säkrat
257 501 126 38 jämväl
403 502 59 32 hos
481 513 109 21 annan
611 502 339 40 försäkringsgivare,
972 507 61 34 äge
1055 503 356 39 försäkringshavaren
1432 504 106 32 likväl
1560 508 69 28 rätt

122 551 53 32 till
195 552 189 38 ersättning
403 552 54 32 för
477 552 170 32 inträffad
669 552 105 32 skada
795 553 12 31 i
828 553 60 33 den
908 553 76 32 mån
1005 553 64 32 han
1088 553 73 33 icke
1179 554 43 38 på
1242 554 107 38 grund
1371 566 41 20 av
1431 566 108 21 annan
1562 555 65 31 för-

121 601 140 39 säkring
287 602 67 31 kan
382 602 78 32 utfå
488 602 104 33 sådan
619 603 199 38 ersättning.
868 603 98 32 Hava
993 603 86 32 flera
1109 604 327 39 försäkringsgivare
1464 605 164 31 meddelat

122 651 196 40 försäkring
341 664 43 20 av
407 664 126 20 samma
555 653 151 39 intresse,
729 653 60 32 och
812 653 62 32 har
897 665 101 20 envar
1020 665 42 20 av
1085 654 71 32 dem
1181 654 149 39 betingat
1354 655 51 38 sig
1427 655 201 31 ansvarsfri-

120 701 56 33 het
200 702 109 32 såsom
335 713 80 28 nyss
440 707 39 27 är
502 706 124 37 nämnt,
652 715 88 27 vare,
766 707 81 29 utan
874 703 117 32 hinder
1016 704 112 39 därav,
1155 716 101 21 envar
1281 705 158 39 ansvarig
1465 706 13 31 i
1503 704 124 33 förhål-

120 752 98 33 lande
237 753 54 32 till
311 753 52 33 det
383 753 130 40 belopp,
535 754 53 32 för
608 753 106 33 vilket
731 754 65 32 han
817 754 110 33 skolat
948 766 97 21 svara
1064 767 50 20 om
1136 755 234 39 försäkringen
1390 756 88 32 varit
1499 756 128 32 medde-

120 803 57 32 lad
202 815 41 20 av
266 803 119 33 honom
410 804 124 38 allena;
561 816 109 27 yppas
694 804 84 33 brist
804 805 59 32 hos
888 805 109 39 någon
1023 817 42 21 av
1091 805 364 40 försäkringsgivarna,
1482 818 79 20 vare
1589 806 38 32 de

119 853 120 39 övriga
260 854 87 32 efter
367 854 227 38 nyssnämnda
616 855 211 32 förhållande
850 855 178 39 ansvariga
1051 856 54 32 för
1127 856 136 33 bristen.

166 902 112 34 Slutes
299 904 307 39 försäkringsavtal
629 905 152 39 sålunda,
804 909 50 28 att
876 905 73 33 icke
971 906 84 32 blott
1075 907 256 38 ansvarigheten
1353 910 79 28 utan
1458 912 82 27 även
1561 911 65 27 rät-

120 956 53 29 ten
195 952 54 33 till
270 954 125 37 premie
418 958 38 28 är
475 954 158 33 beroende
656 967 42 19 av
719 958 50 29 att
792 967 108 21 annan
922 955 194 40 försäkring
1137 956 30 38 ej
1192 962 37 26 är
1249 957 180 38 meddelad,
1453 962 61 33 äge
1539 957 87 32 stad-

121 1003 152 39 gandena
294 1004 13 32 i
328 1004 108 33 första
459 1004 132 39 stycket
611 1005 30 38 ej
662 1005 228 40 tillämpning.

165 1054 90 32 Utan
276 1054 118 33 hinder
417 1067 43 20 av
482 1055 227 38 stadgandena
731 1055 12 32 i
766 1055 109 33 första
897 1056 132 38 stycket
1053 1056 116 33 stånde
1193 1056 351 40 försäkringsgivaren
1568 1062 54 33 öp-

120 1107 57 35 pet
201 1107 51 29 att
275 1109 82 34 göra
383 1105 51 32 sin
458 1106 216 38 ansvarighet
698 1106 160 33 beroende
884 1119 42 20 av
952 1110 51 29 att
1027 1106 55 33 det
1106 1107 139 33 intresse
1271 1108 233 38 försäkringen
1530 1120 97 20 avser

120 1153 107 34 hålles
245 1154 55 32 till
316 1155 70 32 viss
405 1154 52 33 del
474 1155 203 33 oförsäkrat.

440 1256 42 30 44
503 1254 29 40 8.

163 1320 361 40 Försäkringshavare,
550 1334 68 21 som
643 1323 58 33 hos
726 1323 129 33 försäk-

119 1371 235 39 ringsgivaren
374 1373 208 33 framställer
603 1374 148 38 anspråk
768 1374 12 31 i
799 1387 56 19 an-

118 1421 137 39 ledning
290 1435 44 20 av
366 1423 164 33 inträffat
565 1424 289 38 försäkringsfall,

116 1484 79 20 vare
218 1472 126 39 pliktig
366 1476 51 29 att
439 1473 119 33 därvid
580 1474 111 33 lämna
714 1475 140 38 uppgift

117 1523 22 31 å
171 1523 206 39 försäkring,
413 1523 193 39 varigenom
643 1537 127 20 samma
806 1526 48 31 in-

118 1576 105 29 tresse
252 1574 54 31 må
338 1574 87 32 hava
456 1575 189 32 försäkrats
676 1587 42 20 av
744 1587 110 20 annan

118 1623 343 39 försäkringsgivare.
509 1619 13 49 -
530 1624 213 34 Försummas
790 1626 64 37 det,

117 1673 63 32 och
198 1673 66 33 kan
287 1674 253 33 försummelsen
560 1687 96 21 anses
676 1676 87 32 hava
783 1676 72 33 länt

118 1724 354 39 försäkringsgivaren
495 1725 54 32 till
571 1738 83 27 men,
677 1738 79 21 vare
780 1727 73 32 den-

117 1786 40 21 ne
193 1774 13 32 i
240 1775 77 32 mån
355 1775 105 32 därav
484 1775 191 39 berättigad
699 1777 55 32 till
779 1777 74 32 skä-

118 1823 64 39 ligt
203 1825 129 38 avdrag
352 1826 20 32 å
394 1826 361 39 ersättningsbeloppet
775 1827 80 33 eller

118 1874 56 32 till
205 1875 204 39 fullständig
441 1876 155 33 befrielse
627 1877 78 32 från
737 1890 117 20 ansva-

120 1925 121 38 righet.

1212 1259 42 30 44
1276 1258 29 39 8.

938 1324 358 41 Försäkringshavare,
1347 1338 67 20 som
1461 1326 58 32 hos
1557 1326 66 32 för-

893 1375 294 38 säkringsgivaren
1215 1376 205 33 framställer
1442 1377 146 38 anspråk
1612 1376 12 32 i

894 1425 181 38 anledning
1115 1438 43 20 av
1200 1426 160 33 inträffat
1402 1427 224 38 försäkrings-

896 1476 72 38 fall,
1007 1488 76 20 vare
1120 1477 126 38 pliktig
1282 1481 51 28 att
1368 1479 42 35 på
1447 1479 179 36 anmaning

895 1536 41 21 av
968 1526 350 39 försäkringsgivaren
1350 1527 109 33 lämna
1488 1528 139 38 uppgift

895 1577 20 31 å
950 1576 203 39 försäkring,
1187 1578 190 37 varigenom
1416 1590 124 20 samma
1577 1579 48 31 in-

896 1629 103 30 tresse
1031 1628 53 31 må
1114 1627 87 32 hava
1228 1628 187 32 försäkrats
1447 1640 42 20 av
1518 1640 109 20 annan

895 1676 339 39 försäkringsgivare.
1297 1678 212 33 Försummas
1561 1679 64 37 «det,

894 1727 60 33 och
973 1727 65 34 kan
1060 1729 252 32 försummelsen
1332 1741 94 20 anses
1447 1730 85 31 hava
1554 1730 72 31 länt

895 1778 351 38 försäkringsgivaren
1268 1779 53 33 till
1343 1791 82 27 men,
1449 1792 77 20 vare
1550 1780 74 32 den-

894 1840 39 21 ne
957 1828 12 32 i
988 1829 76 31 mån
1087 1829 104 32 därav
1214 1829 188 39 berättigad
1425 1830 53 32 till
1499 1830 126 38 skäligt

893 1878 129 38 avdrag
1045 1880 19 31 å
1089 1879 356 39 ersättningsbeloppet
1469 1881 79 32 eller
1572 1881 54 31 till

895 1928 203 40 fullständig
1121 1929 155 33 befrielse
1300 1931 76 31 från
1399 1931 226 38 ansvarighet.

163 1975 192 33 Innehåller
381 1976 306 40 försäkringsavtal
713 1978 177 40 förbehåll,
916 1979 104 39 enligt
1045 1980 106 32 vilket
1176 1980 154 33 anmälan
1355 1993 50 20 om
1433 1981 193 39 försäkring

120 2025 59 33 hos
201 2037 110 21 annan
333 2027 330 40 försäkringsgivare
684 2028 88 33 skall
795 2034 98 34 göras
915 2030 12 31 i
948 2034 100 29 annat
1071 2031 62 32 fall
1157 2036 41 27 än
1219 2031 12 32 i
1253 2031 107 33 första
1382 2031 131 39 stycket
1537 2037 88 33 sägs,

119 2076 55 32 må
195 2076 126 33 avtalet
341 2076 30 39 ej
392 2089 43 20 av
455 2077 352 40 försäkringsgivaren
827 2079 171 41 åberopas,
1020 2081 36 32 så
1075 2081 65 32 vitt
1162 2081 74 33 däri
1257 2086 38 28 är
1313 2086 106 28 utsatt
1438 2094 108 20 annan
1568 2083 57 38 på-

121 2126 87 39 följd
229 2127 54 32 för
302 2127 252 34 underlåtenhet
576 2133 42 28 än
638 2141 69 20 som
728 2131 13 31 i
762 2130 107 32 första
891 2130 132 39 stycket
1043 2136 37 27 är
1102 2132 54 32 för
1177 2132 60 32 där
1257 2136 107 29 avsett
1387 2133 64 31 fall
1473 2133 153 38 stadgad.

738 2257 57 29 Om
815 2258 197 34 fareökning.

825 2340 41 31 45
889 2339 29 38 8.

167 2402 132 33 Varder
330 2403 99 33 faran
459 2404 87 32 ökad
577 2416 116 27 genom
723 2417 39 20 en
792 2406 74 32 med
899 2406 374 39 försäkringshavarens
1306 2408 83 39 vilja
1419 2409 207 33 tillkommen

120 2452 145 39 ändring
291 2453 13 32 i
331 2453 220 41 förhållande,
579 2466 114 21 varom
722 2456 140 38 uppgift
889 2456 140 39 intagits
1056 2457 13 32 i
1096 2457 325 40 försäkringsbrevet
1448 2460 80 32 eller
1558 2472 67 21 som

157 2522 120 34 Bihang
299 2523 48 28 till
369 2524 174 34 riksdagens
563 2525 144 34 protokoll
731 2528 90 26 1927.
868 2529 17 25 9
902 2527 83 28 saml.
1031 2531 15 24 1
1065 2529 64 27 avd.
1177 2531 16 26 6
1218 2529 74 33 häft.
1337 2524 57 39 (Nr
1417 2525 64 39 14.)
1567 2529 18 30 3
