1904 2812
536 156 113 29 Första
668 155 223 35 lagutskottets
910 153 162 29 utlåtande
1092 152 49 29 Nr
1167 152 49 30 14.
1588 148 40 31 23

254 241 145 41 (Kungl.
422 242 121 40 Maj:ts
564 240 157 41 förslag.)
1069 236 206 41 (Utskottets
1295 234 156 41 förslag.)

821 430 125 49 Lag

667 509 59 23 om
749 498 346 40 försäkringsavtal.

168 594 206 39 Härigenom
399 593 176 32 förordnas
601 604 69 21 som
696 592 115 39 följer:

483 695 27 30 I.
556 693 71 31 Om
649 691 350 38 försäkringsavtal
1020 690 14 31 i
1056 689 221 32 allmänhet.

662 772 170 30 Inledande
851 771 244 29 bestämmelser.

845 842 71 39 18.

169 912 118 33 Denna
308 912 59 39 lag
390 917 78 33 äger
489 911 217 39 tillämpning
727 911 21 32 å
769 910 102 39 avtal,
892 909 192 39 varigenom
1107 907 193 40 försäkring
1323 906 164 33 meddelas
1510 917 42 20 av
1573 905 56 31 nå-

125 975 74 27 gon,
224 974 70 21 som
317 963 112 32 driver
451 961 346 39 försäkringsrörelse.

169 1013 76 33 Vad
263 1013 62 32 här
342 1013 137 39 stadgas
497 1017 80 34 äger
593 1011 74 34 icke
684 1011 218 39 tillämpning
920 1011 20 32 å
957 1009 268 39 återförsäkring
1242 1008 80 33 eller
1341 1007 201 38 försäkring,
1561 1017 69 21 som

126 1064 167 33 meddelas
317 1075 43 21 av
381 1063 190 39 sjukkassa,
594 1063 29 38 ej
645 1062 105 32 heller
772 1062 20 32 å
813 1061 103 39 avtal,
941 1072 69 21 som
1033 1060 102 33 slutes
1159 1060 12 32 i
1192 1059 147 39 enlighet
1360 1058 74 32 med
1454 1056 176 34 föreskrif-

125 1119 96 28 terna
238 1114 13 32 i
271 1114 98 38 lagen
389 1114 63 32 den
471 1114 41 31 30
533 1113 72 38 juni
627 1113 85 31 1913
733 1124 52 21 om
806 1112 124 32 allmän
949 1110 351 39 pensionsförsäkring
1320 1109 79 32 eller
1419 1109 12 32 i
1451 1108 97 39 lagen
1569 1107 62 32 den

128 1166 39 31 17
188 1165 73 38 juni
282 1165 86 31 1916
387 1175 53 20 om
462 1163 194 38 försäkring
674 1163 55 31 för
750 1161 183 39 olycksfall
952 1162 13 31 i
986 1161 121 32 arbete.

846 1261 74 40 28.

171 1331 76 35 Med
269 1330 331 40 försäkringsgivare
623 1330 125 33 förstås
770 1331 12 32 i
805 1329 107 33 denna
934 1330 59 38 lag
1014 1329 71 39 den,
1110 1340 69 21 som
1201 1327 105 40 enligt
1330 1325 302 40 försäkringsavtal

127 1383 109 38 åtagit
250 1382 53 38 sig
318 1385 52 29 att
383 1381 59 33 vid
456 1381 210 33 inträffande
682 1380 279 39 försäkringsfall
975 1380 151 32 utbetala
1140 1379 186 38 ersättning
1344 1378 53 32 för
1410 1377 222 39 uppkommen

128 1430 107 34 skada
256 1431 90 39 eller,
369 1431 62 32 där
453 1430 127 33 avtalet
601 1430 109 39 gäller
732 1429 247 39 livförsäkring
999 1429 80 33 eller
1102 1441 109 20 annan
1231 1428 324 39 personförsäkring,
1578 1427 54 32 det

127 1482 261 33 överenskomna
417 1481 377 39 försäkringsbeloppet.

173 1533 76 32 Med
273 1532 329 38 försäkringstagare
624 1532 126 32 förstås
774 1531 72 38 den,
867 1542 71 22 som
963 1530 73 33 med
1058 1529 328 39 försäkringsgivare
1408 1529 110 39 ingått
1541 1528 92 33 avtal

128 1595 53 20 om
204 1582 205 39 försäkring.

174 1633 77 33 Med
277 1632 337 40 försäkringshavare
640 1632 126 33 förstås
795 1631 72 40 den,
893 1643 78 21 vars
996 1631 139 33 intresse
1162 1636 39 27 är
1226 1630 171 33 försäkrat
1422 1633 68 30 mot
1513 1629 120 33 inträf-

129 1684 101 32 fande
252 1683 116 33 skada.

845 1742 19 32 3
887 1741 30 39 S.

174 1810 153 32 Avviker
347 1809 337 39 försäkringsvillkor
705 1809 78 32 från
803 1809 230 33 bestämmelse
1052 1809 13 32 i
1085 1808 106 33 denna
1209 1808 68 40 lag,
1296 1820 77 21 vare
1395 1808 54 33 det
1469 1808 29 39 ej
1518 1807 118 33 hinder

131 1861 54 32 för
201 1860 175 33 villkorets
395 1860 226 39 tillämpning,
641 1860 74 32 med
732 1860 128 32 mindre
879 1860 121 33 sådant
1017 1860 12 32 i
1047 1859 98 39 lagen
1165 1860 147 38 angives.

217 1974 56 28 Om
289 1973 345 33 försäkringstagarens
650 1971 83 35 plikt
748 1972 49 27 att
811 1970 108 28 lämna
933 1968 231 35 upplysningar
1179 1967 53 28 vid
1247 1965 133 30 avtalets
1398 1965 154 28 slutande.

848 2033 21 31 4
892 2031 30 40 8.

177 2103 74 32 Har
277 2102 57 33 vid
362 2101 143 33 avtalets
530 2101 155 32 slutande
712 2099 351 39 försäkringstagaren
1089 2097 167 39 svikligen
1281 2095 156 40 uppgivit
1464 2094 80 33 eller
1570 2094 66 32 för-

132 2157 94 35 tegat
248 2153 103 38 något
375 2151 220 39 förhållande,
620 2162 69 22 som
713 2150 68 33 kan
805 2153 140 36 antagas
969 2161 82 20 vara
1076 2160 42 21 av
1141 2147 170 39 betydelse
1337 2147 53 32 för
1413 2145 223 38 försäkrings-

132 2203 148 39 givaren,

178 2253 80 34 eller
281 2253 61 34 har
366 2253 77 39 han,
467 2255 82 30 utan
573 2255 51 30 att
648 2251 140 39 svikligt
813 2250 195 33 förfarande
1032 2250 67 32 kan
1126 2261 95 21 anses
1244 2249 87 32 hava
1357 2248 172 38 förelegat,
1553 2258 85 27 upp-

131 2304 88 39 givit
249 2304 80 33 eller
358 2304 147 38 förtegat
533 2303 103 39 något
664 2302 209 33 förhållande
901 2301 104 33 under
1033 2300 126 33 sådana
1185 2299 289 39 omständigheter,
1503 2301 51 29 att
1584 2297 54 33 det

134 2355 108 32 skulle
263 2354 108 33 strida
389 2357 68 29 mot
476 2357 53 29 tro
549 2353 60 33 och
628 2353 101 33 heder
748 2356 51 29 att
820 2352 143 38 åberopa
983 2351 136 39 avtalet,

177 2416 80 22 vare
284 2404 127 33 avtalet
437 2403 145 40 ogiltigt,
608 2403 86 33 efter
720 2406 39 36 ty
785 2403 116 32 därom
929 2402 137 38 stadgas
1093 2402 13 32 i
1131 2401 98 39 lagen
1254 2412 51 21 om
1332 2399 91 34 avtal
1449 2399 60 34 och
1535 2399 105 33 andra

134 2455 291 38 rättshandlingar
448 2455 45 39 på
517 2454 376 39 förmögenhetsrättens
918 2448 144 63 pmråde.
