1904 2808
284 152 40 30 42
704 152 113 29 Första
836 152 222 34 lagutskottets
1078 152 163 29 utlåtande
1261 152 48 29 Nr
1334 152 48 30 14.

419 235 146 41 (Kungl.
588 238 120 39 Maj:ts
728 238 158 40 förslag.)
1234 236 207 41 (Utskottets
1461 237 158 40 förslag.)

732 343 26 29 2.
796 344 55 29 Om
872 353 108 20 annan
999 345 354 34 transportförsäkring.

991 425 40 31 77
1052 423 30 39 8.

332 478 123 35 Annan
474 480 369 41 transportförsäkring
863 486 42 28 än
927 481 248 40 sjöförsäkring
1195 481 172 40 omfattar,
1389 481 61 32 där
1471 481 30 38 ej
1523 481 12 32 i
1556 481 58 39 lag
1635 480 81 34 eller
1736 492 55 21 av-

288 532 82 34 talet
395 532 139 34 särskilt
557 532 173 40 undantag
754 532 118 40 gjorts,
896 532 94 39 varje
1015 532 75 40 slag
1114 545 43 21 av
1182 532 86 41 fara,
1295 532 54 33 för
1372 532 113 33 vilken
1512 532 55 33 det
1593 531 198 34 försäkrade

285 583 157 34 intresset
459 587 144 30 utsättes
622 584 105 33 under
745 587 223 36 transporten.

992 686 41 31 78
1053 684 30 39 8.

331 742 76 33 Vad
425 742 13 32 i
460 743 51 38 62,
533 743 50 38 67,
605 743 41 32 68
667 745 87 29 samt
774 743 128 32 72—75
925 742 40 39 $$
988 747 38 27 är
1046 742 12 32 i
1079 742 101 38 fråga
1200 753 52 21 om
1274 741 248 39 sjöförsäkring
1544 741 135 40 stadgat
1702 741 88 33 skall

285 796 66 36 äga
368 792 232 33 motsvarande
617 792 217 40 tillämpning
852 792 13 33 i
883 793 100 39 fråga
1002 804 52 21 om
1072 804 110 21 annan
1197 792 380 40 transportförsäkring.

813 931 33 30 C.
889 931 57 29 Om
970 931 292 33 brandförsäkring.

990 1019 40 32 79
1051 1018 30 39 $.

333 1078 19 32 I
375 1077 93 33 avtal
492 1089 53 21 om
570 1077 304 40 brandförsäkring
898 1077 89 33 skall
1011 1078 74 33 med
1109 1077 106 33 brand
1240 1078 126 33 förstås
1391 1078 63 40 eld,
1481 1090 69 21 som
1576 1082 38 28 är
1639 1077 152 34 kommen

287 1128 61 33 lös.
391 1128 68 33 För
478 1127 104 34 skada
603 1140 117 27 genom
741 1128 63 40 eld,
826 1140 69 21 som
916 1128 74 33 icke
1011 1133 38 28 är
1068 1128 116 41 brand,
1206 1133 38 28 är
1266 1128 352 40 försäkringsgivaren
1640 1128 74 34 icke
1735 1140 55 21 an-

288 1178 125 39 svarig.
456 1177 117 34 Såsom
591 1178 213 33 brandskada
822 1190 97 21 anses
938 1179 103 32 alltså
1058 1179 89 32 icke:

333 1228 105 33 skada
461 1240 117 28 genom
602 1228 60 33 rök
685 1228 81 33 eller
791 1232 51 29 sot
865 1228 78 32 från
967 1229 112 38 lampa
1105 1229 80 32 eller
1209 1229 78 32 från
1310 1229 170 41 uppgjord
1502 1229 54 33 eld
1578 1229 13 32 i
1616 1228 70 39 spis
1711 1228 81 33 eller

287 1278 180 41 kakelugn,

331 1327 106 34 skada
467 1328 192 40 därigenom
689 1332 50 29 att
768 1329 77 32 från
874 1328 131 34 eldstad
1033 1329 81 33 eller
1142 1329 59 33 vid
1227 1329 266 40 tobaksrökning
1520 1329 79 40 glöd
1628 1329 165 33 nedfaller

286 1378 61 32 och
370 1378 117 33 sveder
507 1381 106 30 matta
636 1378 81 33 eller
737 1378 279 41 klädespersedel,
1038 1379 82 33 eller

331 1430 115 40 skada,
465 1442 69 20 som
550 1430 180 38 upphettat
749 1430 151 40 föremål,
919 1430 54 32 det
992 1431 62 31 där
1070 1430 74 33 icke
1164 1435 38 27 är
1219 1430 12 32 i
1249 1430 116 40 brand,
1383 1429 247 33 åstadkommer
1648 1430 20 32 å
1688 1432 102 30 annat

282 1479 156 40 föremål,
459 1483 82 29 utan
561 1483 51 29 att
633 1480 92 33 detta
746 1479 102 33 råkar
868 1481 12 31 i
902 1480 116 33 brand.

330 1530 161 34 Däremot
512 1535 38 28 är
572 1530 353 40 försäkringsgivaren
946 1531 160 39 ansvarig
1128 1531 54 32 för
1205 1530 115 41 skada,
1344 1543 68 20 som
1433 1531 143 38 uppstår
1598 1530 193 40 därigenom

286 1585 51 29 att
357 1582 92 33 hetta
471 1581 81 33 eller
572 1581 61 33 rök
653 1582 78 32 från
751 1585 47 29 ett
821 1581 149 42 föremål,
993 1593 68 21 som
1084 1586 37 28 är
1141 1582 12 31 i
1173 1581 116 40 brand,
1311 1593 117 27 genom
1451 1581 162 40 svedning
1633 1581 81 33 eller
1733 1593 56 20 an-

287 1630 148 33 norledes
460 1630 124 33 skadar
606 1635 103 29 annat
732 1631 152 39 föremål,
905 1635 83 29 utan
1008 1635 52 29 att
1081 1631 91 33 detta
1196 1631 101 33 råkar
1319 1633 12 31 i
1352 1632 116 33 brand.

986 1733 41 33 80
1057 1732 29 39 $.

334 1790 113 34 Skada
472 1792 20 32 å
515 1791 141 33 föremål
680 1803 117 27 genom
821 1791 114 40 brand,
963 1803 68 20 som
1056 1790 220 39 uppkommer
1299 1791 55 32 till
1380 1791 86 38 följd
1492 1791 114 40 därav,
1630 1794 51 29 att
1706 1790 85 33 före-

287 1842 102 33 målet
411 1842 99 32 blivit
534 1842 54 32 för
609 1841 160 40 kokning,
794 1841 190 40 strykning,
1007 1841 169 40 torkning,
1202 1841 142 39 rökning
1367 1841 81 33 eller
1472 1841 113 39 dylikt
1606 1844 109 30 utsatt
1739 1841 54 32 för

286 1897 123 37 värme,
427 1904 80 21 vare
525 1892 353 40 försäkringsgivaren
897 1892 30 39 ej
948 1892 139 39 skyldig
1105 1895 50 29 att
1173 1895 136 30 ersätta.

994 1994 40 32 81
1056 1992 29 40 8.

332 2049 113 35 Skada
463 2063 116 27 genom
597 2051 139 40 åskslag
754 2063 79 21 vare
849 2051 104 33 under
969 2051 305 40 brandförsäkring
1292 2051 205 41 inbegripen,
1516 2052 86 33 ändå
1620 2054 50 30 att
1686 2049 106 35 brand

288 2104 30 38 ej
336 2104 167 38 uppstått.

330 2154 74 32 Har
427 2154 359 38 försäkringsgivaren
810 2154 106 32 iklätt
939 2154 53 38 sig
1016 2153 221 38 ansvaiighet
1261 2154 53 31 för
1339 2153 106 32 sådan
1468 2164 121 27 genom
1613 2153 177 38 explosion

288 2205 145 32 orsakad
454 2205 116 38 skada,
590 2216 71 21 som
681 2204 74 33 icke
776 2209 37 27 är
833 2216 41 21 en
895 2204 86 38 följd
1002 2215 42 21 av
1062 2204 118 38 brand,
1202 2204 91 32 skall
1313 2203 65 33 vad
1396 2204 13 31 i
1430 2204 109 32 denna
1558 2204 59 37 lag
1638 2208 78 33 sägs
1737 2214 53 21 om

286 2254 303 40 brandförsäkring
611 2259 65 34 äga
697 2254 233 32 motsvarande
953 2253 227 42 tillämpning.

987 2347 40 31 82
1053 2345 30 39 $.

332 2404 115 34 Såsom
470 2404 214 33 brandskada
707 2404 88 33 skall
818 2404 61 32 ock
902 2416 107 28 anses,
1033 2407 51 29 att
1109 2403 141 33 föremål
1273 2404 12 31 i
1310 2403 160 33 samband
1493 2404 74 32 med
1591 2403 106 33 brand
1721 2403 67 32 för-

286 2455 147 33 kommer
454 2455 80 33 eller
555 2455 116 39 stjäles
693 2455 81 33 eller
795 2458 51 29 att
867 2455 55 32 det
942 2454 123 33 skadas
1085 2454 58 32 vid
1166 2453 113 40 skälig
1299 2454 122 39 åtgärd
1443 2453 54 33 till
1519 2453 270 33 förekommande
