2180 2618
205 747 128 32 Tilläggs-

188 783 92 30 bidrag
299 782 40 24 till

192 818 72 23 vissa
282 820 60 28 väg-

174 852 186 31 anläggnmings-

387 191 38 31 16
870 190 255 32 Statsutskottets
1147 191 166 31 utlåtande
1335 191 52 31 Nr
1409 194 21 28 6
1442 191 39 31 ÅA.

786 278 47 45 på
861 280 107 32 extra
996 280 75 31 stat
1098 276 59 36 för
1187 278 40 33 år
1249 278 96 34 1922
1366 276 132 35 anvisa
1518 281 52 31 ett
1589 276 393 50 reservationsanslag

786 340 46 23 av
860 328 166 46 400,000
1054 327 160 45 kronor;
1244 332 98 31 samt

889 377 36 50 d)
967 379 59 35 för
1067 379 223 49 anläggning
1328 392 45 23 av
1410 381 245 46 utfartsvägar
1691 379 14 35 i
1731 380 248 46 Norrbottens,

794 431 266 39 Västerbottens,
1078 431 212 36 Jämtlands
1310 432 59 35 och
1396 431 318 36 Västernorrlands
1734 432 61 35 län
1810 434 48 46 på
1873 437 109 31 extra

786 486 75 31 stat
901 482 60 35 för
1002 484 40 33 år
1086 483 98 34 1922
1227 483 132 35 anvisa
1401 487 55 30 ett
1495 482 398 47 reservationsanslag
1934 496 46 23 av

788 534 163 45 100,000
979 533 150 36 kronor.

888 584 50 48 II)
968 589 55 31 att
1051 585 88 36 herr
1167 585 212 36 Aarnseths
1400 585 262 36 ovanberörda
1682 585 142 36 motion
1840 588 60 33 må
1917 598 64 23 an-

786 648 60 24 ses
888 636 185 37 besvarad
1114 650 141 35 genom
1295 637 72 35 vad
1406 637 184 36 utskottet
1619 637 69 36 här
1716 650 97 24 ovan
1842 638 137 35 anfört.

492 737 96 49 17:0)
630 738 142 48 Kungl.
814 738 108 49 Maj:t
948 739 68 36 har
1044 738 135 50 (punkt
1210 739 60 48 17)
1301 739 199 49 föreslagit
1526 739 205 48 riksdagen
1761 746 54 30 att
1842 753 48 23 av
1919 740 63 36 det

386 789 60 36 för
486 789 215 37 beredande
738 803 46 22 av
824 790 296 49 tilläggsbidrag
1160 791 56 36 till
1258 791 102 36 vissa
1400 791 355 49 väganläggnings-
1796 793 71 35 och
1895 792 86 36 bro-

387 841 222 49 byggnads-
630 841 85 36 med
734 841 91 36 flera
839 842 153 49 företag
1006 842 187 49 beviljade
1211 842 173 49 anslaget
1401 846 20 32 å
1437 844 202 46 5,000,000
1656 843 140 36 kronor
1812 847 46 44 på
1874 853 106 26 extra

163 888 76 29 mf.
257 887 110 31 företag.
388 898 75 30 stat
499 894 58 35 för
585 895 39 33 år
655 895 97 34 1922
782 896 123 33 såsom
933 895 391 47 reservationsanslag
1351 894 131 36 anvisa
1510 900 53 30 ett
1590 894 139 49 belopp
1749 908 46 22 av
1816 896 164 45 500,000

219 929 62 45 [17

189 1832 158 31 Väganlägg-

182 1867 64 30 ning
267 1867 86 23 Tärna

194 1902 147 29 kyrkoby—

200 1935 140 30 Slussfors.

224 1978 93 46 [18.]

385 945 152 35 kronor.

488 1047 296 48 Ifrågavarande
825 1047 137 49 anslag
998 1053 41 30 är
1066 1054 126 30 avsett
1220 1053 55 31 att
1303 1048 230 49 möjliggöra
1559 1048 243 37 utbetalande
1831 1062 47 22 av
1907 1049 75 35 till-

385 1099 252 48 läggsbidrag
660 1099 57 36 till
741 1099 101 36 vissa
865 1100 151 48 företag
1039 1100 58 36 för
1117 1103 48 45 på
1183 1100 122 48 grund
1328 1113 46 23 av
1395 1100 184 36 kristiden
1600 1101 256 48 uppkommen
1877 1101 105 35 kost-

385 1150 252 49 nadsökning.
694 1151 17 35 I
747 1151 71 36 vad
848 1151 122 36 denna
999 1151 331 49 kostnadsökning
1357 1156 149 44 uppgår
1533 1151 56 36 till
1621 1154 46 34 10
1697 1159 157 41 procent
1883 1152 97 37 hava

386 1202 285 37 vederbörande
699 1203 243 36 intressenter
960 1203 12 36 i
996 1203 191 48 företaget
1208 1208 54 31 att
1282 1203 120 49 själva
1421 1204 90 36 bära
1531 1204 229 36 densamma.
1790 1205 74 36 För
1883 1207 97 33 åter-

387 1254 135 36 stoden
559 1255 75 35 kan
672 1254 95 36 efter
807 1259 92 44 väg-
928 1255 72 35 och
1028 1255 546 49 vattenbyggnadsstyrelsens
1606 1255 241 49 beprövande
1876 1256 105 36 täck-

386 1306 95 48 ning
521 1319 46 22 av
609 1306 217 36 statsmedel
870 1306 162 37 erhållas
1073 1308 10 34 i
1114 1320 143 23 samma
1286 1307 246 47 förhållande,
1561 1307 155 37 varmed
1746 1307 235 48 statsbidrag

385 1357 162 48 tidigare
575 1361 135 44 utgått.

489 1408 87 37 Med
603 1409 268 49 tillstyrkande
900 1423 47 23 av
975 1409 140 49 Kungl.
1146 1410 128 48 Maj:ts
1304 1410 250 36 förevarande
1582 1410 146 49 förslag
1760 1410 223 37 hemställer

387 1461 195 47 utskottet,

889 1518 54 30 att
970 1512 206 49 riksdagen
1205 1515 61 33 må
1294 1526 46 22 av
1360 1513 62 35 det
1442 1513 58 36 för
1518 1513 214 36 beredande
1752 1527 47 23 av
1819 1514 162 48 tilläggs-

787 1564 128 49 bidrag
955 1565 55 35 till
1039 1565 93 35 vissa
1160 1565 327 48 väganläggnings-
1517 1566 61 34 och
1607 1566 266 48 brobyggnads-
1901 1567 80 34 med

777 1617 95 47 flera
894 1616 144 49 företag
1067 1615 186 47 beviljade
1282 1615 175 48 anslaget
1484 1619 20 32 å
1533 1617 202 46 5,000,000
1764 1617 141 36 kronor
1933 1620 49 46 på

785 1673 105 30 extra
922 1673 75 29 stat
1025 1667 58 35 för
1104 1670 40 33 år
1172 1669 96 34 1922
1289 1670 124 33 såsom
1438 1668 391 49 reservationsanslag
1849 1669 131 36 anvisa

786 1724 53 30 ett
858 1718 138 49 belopp
1026 1731 45 23 av
1101 1720 163 44 300,000
1294 1719 149 36 kronor.

493 1820 97 49 18:o0)
646 1821 140 48 Kungl.
816 1821 108 49 Maj:t
951 1821 69 36 har
1047 1821 198 48 föreslagit
1272 1821 205 48 riksdagen
1506 1820 135 50 (punkt
1672 1823 59 42 18)
1759 1826 56 32 att
1839 1822 58 36 för
1916 1835 64 23 an-

387 1872 190 49 läggning
605 1886 47 22 av
680 1878 77 43 väg
784 1872 136 37 mellan
950 1872 123 37 Tärna
1100 1873 177 48 kyrkoby
1305 1873 68 36 och
1403 1873 186 36 Slussfors
1618 1876 48 46 på
1694 1878 103 32 extra
1826 1879 76 31 stat
1920 1874 62 36 för

390 1928 39 33 år
459 1926 96 34 1922
585 1924 131 36 anvisa
744 1929 53 32 ett
823 1923 390 49 reservationsanslag
1242 1938 45 22 av
1316 1925 163 46 300,000
1508 1925 149 36 kronor.

491 2027 86 37 Med
605 2027 209 48 anledning
842 2041 46 22 av
917 2028 140 48 Kungl.
1087 2027 130 49 Maj:ts
1246 2028 249 48 proposition,
1524 2041 45 22 nr
1600 2029 85 45 158,
1714 2028 67 36 har
1801 2028 181 36 nästlidet

389 2082 59 33 års
475 2079 157 48 riksdag
661 2079 58 36 för
747 2079 316 36 iståndsättandet
1096 2093 45 22 av
1161 2079 326 49 ödebygdsvägen
1506 2079 135 36 mellan
1664 2080 123 35 Tärna
1806 2079 175 49 kyrkoby

390 2131 70 36 och
503 2130 172 37 Stensele
717 2131 259 48 sockengräns
1019 2136 97 30 samt
1156 2130 58 36 till
1255 2131 234 48 påbörjande
1518 2144 47 22 av
1593 2131 236 49 anläggning
1857 2144 47 23 av
1933 2144 47 22 en

388 2183 131 47 vanlig
546 2187 77 43 väg
650 2183 139 35 mellan
816 2183 123 36 Tärna
967 2182 176 49 kyrkoby
1171 2182 71 36 och
1262 2181 186 37 Slussfors
1468 2182 154 49 beviljat
1641 2183 80 35 dels
1741 2185 46 46 på
1806 2182 175 49 tilläggs-

390 2239 73 31 stat
490 2235 59 35 för
578 2237 40 33 år
650 2236 97 34 1920
776 2240 54 30 ett
857 2234 395 48 reservationsanslag
1279 2247 46 23 av
1355 2235 162 46 100,000
1545 2234 149 48 kronor,
1725 2234 79 37 dels
1834 2234 70 36 ock
1932 2237 48 46 på

390 2290 105 32 extra
523 2291 75 31 stat
626 2285 60 36 för
714 2288 40 33 år
785 2287 94 34 1921
911 2291 53 31 ett
992 2285 390 49 reservationsanslag
1411 2299 46 22 av
1486 2287 162 46 200,000
1677 2286 146 36 kronor.
1865 2286 117 36 Kost-
