2218 2624
416 194 116 31 Ändra
562 194 206 31 kammarens
797 193 121 41 tredje
947 193 174 40 tillfälliga
1148 192 139 32 utskotts
1314 191 172 32 utlåtande
1514 192 53 30 Nr
1596 194 28 28 6.
1772 188 46 33 19

220 276 141 49 gripas.
418 274 184 37 Grunden
630 277 80 34 åter
738 274 58 37 till
824 280 54 31 att
905 275 104 36 vissa
1037 274 327 59 petroleumbulag
1383 273 152 49 gjort
1522 285 207 24 gemensam
1752 272 67 36 sak

219 328 85 36 med
347 328 111 35 dessa
500 327 114 48 bolag
655 326 122 48 torde,
807 330 119 33 såsom
957 327 12 35 i
996 327 192 36 motionen
1218 327 59 47 (nr
1306 325 87 48 254)
1421 325 203 49 uppgives,
1653 336 90 24 vara
1772 337 46 22 av

220 379 224 37 ekonomisk
473 384 69 42 art,
573 392 128 23 varom
730 382 118 45 något
876 392 103 23 mera
1007 378 11 36 i
1047 379 63 35 det
1139 377 278 48 efterföljande.

323 431 195 37 Utskottet
560 430 120 37 håller
709 431 148 36 således
895 431 94 46 före,
1019 436 56 30 att
1103 430 72 36 den
1205 429 134 36 hittills
1367 432 157 46 gångna
1553 428 264 36 erfarenheten

218 483 83 36 icke
347 483 69 36 alls
459 482 206 49 ådagalagt
706 482 176 46 behovet,
925 496 43 22 ur
1010 481 313 49 eldfarlighetens
1356 480 195 50 synpunkt
1580 485 85 41 sett,
1695 493 47 22 av
1771 492 45 23 en

220 534 222 49 förhöjning
470 548 45 22 av
531 512 113 58 den
645 548 50 22 nu
724 510 198 60 bestämda
952 547 28 23 s.
1011 534 34 35 k.
1076 539 90 31 övre
1195 533 442 66 eldfarlighetsgränsen,
1658 509 43 58 'd.
1733 544 83 23 v.s.

219 586 399 50 flamningspunktens
646 586 164 49 höjande
839 591 93 31 över
960 599 49 22 nu
1040 585 185 49 stadgade
1259 595 30 30 +
1322 582 76 39 40”
1426 583 42 37 C.

321 638 303 37 Vidkommande
652 639 64 35 det
745 638 116 36 andra
889 637 339 37 huvudintresset
1220 631 23 59 i
1254 637 123 35 denna
1399 636 120 48 fråga,
1540 635 278 36 allmänhetens

217 692 161 35 intresse
421 704 45 22 av
509 695 55 31 att
604 690 119 49 priset
764 693 20 33 å
826 690 46 35 de
906 703 48 23 nu
984 690 10 35 i
1024 695 78 30 stor
1129 689 268 47 utsträckning
1425 665 175 59 använda
1628 686 74 48 lys-
1733 686 84 49 (och

218 747 97 31 även
344 742 304 49 motor-)oljorna
675 742 84 36 icke
788 741 166 49 oskäligt
982 742 126 35 drives
1128 741 11 36 i
1159 741 153 48 höjden,
1342 744 39 32 så
1405 746 289 42 representeras
1715 739 102 35 detta

217 795 162 35 intresse
407 794 12 36 i
447 794 122 36 första
596 794 102 36 hand
728 807 47 23 av
803 793 45 37 de
878 793 165 37 svenska
1071 792 312 49 oljeförsäljarne.
1426 792 17 35 I
1463 791 196 37 motionen
1679 793 139 46 ådaga-

217 847 148 47 lägges,
408 849 47 46 på
495 851 55 31 ett
592 849 123 33 såsom
752 846 184 36 utskottet
966 858 112 23 anser
1106 844 261 67 övertygande
1397 848 86 42 sätt,
1513 848 54 31 att
1594 842 223 48 Åamnings-

217 898 191 48 punktens
450 897 164 49 höjande
656 897 58 36 till
754 897 220 49 föreslagna
1007 907 30 30 +
1072 894 74 39 55”
1175 895 29 37 C
1235 874 119 58 skulle
1383 873 329 70 nödvändiggöra,
1743 895 76 35 för-

217 935 106 50 utom
352 962 47 23 en
428 949 60 37 del
516 949 98 37 ökad
643 952 169 45 omgång
840 926 81 59 och
938 949 150 46 besvär,
1117 948 103 36 vilka
1238 947 104 37 alltid
1365 947 116 47 draga
1502 924 100 58 med
1609 946 60 48 sig
1688 948 130 46 någon

217 1001 172 43 kostnad,
435 1014 46 23 en
524 1001 141 49 mängd
695 1014 75 36 nya
782 974 86 79 "och
898 1000 162 49 dyrbara
1079 978 267 70 anordningar
1373 978 83 57 för
1459 998 154 48 lagring
1642 975 71 59 och
1739 975 78 58 för-

217 1054 138 48 varing
383 1067 48 22 m.
461 1067 48 22 m.
541 1066 45 23 av
615 1030 142 59 sådana
786 1053 107 49 oljor,
921 1052 105 36 vilka
1054 1065 49 23 nu
1132 1052 33 48 ej
1198 1029 102 59 falla
1315 1051 120 36 under
1462 1027 178 72 gällande
1668 1049 151 36 förord-

217 1105 115 49 nings
328 1079 335 77 Hibestammelsent
691 1104 193 49 nämligen
913 1104 292 49 huvudparten
1198 1117 47 23 av
1265 1103 45 36 de
1330 1117 50 22 nu
1400 1079 176 60 använda
1595 1101 221 50 lysoljorna.

216 1135 242 70 Försäljarna
487 1170 47 23 av
563 1134 129 86 dylika
720 1134 114 71 oljor
845 1157 108 36 bleve
982 1157 46 35 då
1055 1155 176 47 nödgade
1262 1161 54 30 att
1343 1155 115 48 lägga
1478 1153 259 37 kostnaderna
1757 1153 60 36 för

217 1209 110 36 dessa
357 1209 260 47 anordningar
644 1212 47 45 på
711 1213 240 42 avnämarne,
972 1208 102 35 vilka
1095 1186 172 57 således
1247 1182 20 78 ;
1291 1207 90 36 sista
1399 1207 101 35 hand
1521 1206 103 47 finge
1644 1205 174 48 känning

216 1273 46 23 av
291 1260 73 36 den
392 1260 176 36 inträdda
596 1260 274 48 skärpningen.
927 1260 67 35 Att
1024 1259 189 37 Standard
1242 1258 60 37 Oil
1331 1257 55 37 Co
1416 1257 86 36 med
1532 1257 188 36 därunder
1739 1270 78 22 sor-

216 1312 157 36 terande
402 1312 167 36 svenska
590 1311 326 48 oljeintressenter
935 1311 118 47 ivrigt
1071 1311 144 57 påyrka
1230 1309 396 60 flamningspunktens
1642 1308 173 47 höjande,

217 1364 71 35 kan
320 1377 111 23 anses
456 1363 91 37 bero
574 1363 130 58 därpå,
735 1368 54 31 att
817 1385 50 3 —
895 1366 126 33 såsom
1050 1362 12 36 i
1092 1362 191 36 motionen
1315 1361 158 49 angives
1504 1361 69 35 och
1603 1373 129 23 varom
1760 1367 58 28 ut-

217 1416 142 36 skottet
401 1416 58 36 för
501 1415 128 48 övrigt
670 1415 88 36 sökt
799 1418 48 46 på
889 1422 113 29 annat
1032 1419 76 31 sätt
1135 1414 163 36 förvissa
1327 1414 61 48 sig
1414 1435 50 3 —
1495 1413 123 35 denna
1647 1412 171 48 mäktiga

217 1467 69 36 och
327 1467 84 36 rika
452 1467 344 88 sammanslutning
824 1466 118 37 redan
971 1469 48 45 på
1047 1466 161 36 förhand
1238 1465 70 37 och
1337 1443 86 58 med
1451 1464 117 36 tanke
1597 1466 47 46 på
1673 1477 46 23 en
1748 1443 68 56 bli-

217 1519 123 36 vande
381 1519 214 49 skärpning
622 1532 47 23 av
698 1519 46 36 de
773 1520 12 35 i
814 1517 162 50 Sverige
1005 1517 177 50 gällande
1212 1516 338 38 bestämmelserna
1578 1516 163 48 vidtagit
1770 1516 46 35 de

216 1584 47 22 av
292 1583 46 23 en
367 1570 106 49 dylik
502 1571 211 48 skärpning
742 1571 250 47 erforderliga
1020 1583 76 36 nya
1125 1569 307 47 anordningarna
1462 1567 232 37 beträffande
1723 1580 92 36 upp-

215 1621 239 59 lagsplatser,
484 1623 126 36 förråd
640 1636 33 22 o.
705 1622 46 45 d.,
782 1625 41 33 så
851 1627 55 30 att
935 1599 71 59 den
1034 1628 138 42 genast
1191 1622 45 35 de
1257 1634 75 35 nya
1351 1620 337 36 bestämmelserna
1708 1621 110 34 träda

215 1674 11 35 i
256 1674 99 36 kraft
384 1677 77 33 står
488 1673 88 37 fullt
607 1673 125 58 färdig
744 1652 87 58 "och
859 1673 128 36 rustad
1018 1673 12 35 i
1034 1651 188 69 ”kampen
1251 1678 78 30 mot
1358 1672 46 35 de
1433 1672 130 46 andra,
1584 1671 147 35 mindre
1756 1670 60 36 väl

216 1725 188 37 situerade
433 1726 71 35 och
532 1726 60 35 för
621 1726 127 47 övrigt
779 1725 155 48 fåtaliga
962 1725 339 35 konkurrenterna.
1344 1723 67 36 Ett
1432 1722 105 37 bifall
1556 1722 57 36 till
1633 1722 185 47 förslaget

216 1790 58 23 om
312 1750 416 80 flamningspunktens
747 1776 163 48 höjande
950 1776 121 36 skulle
1101 1775 145 36 således
1276 1775 88 48 giva
1393 1775 74 35 den
1497 1779 102 31 stora
1628 1773 184 36 Standard

216 1828 219 37 Oil-trusten
480 1834 55 30 ett
577 1828 120 36 starkt
737 1828 207 49 försprång
973 1828 69 36 och
1071 1828 166 48 givetvis
1276 1801 180 76 medföra,
1487 1830 53 31 att
1569 1825 134 57 denna,
1734 1837 81 23 som

214 1880 118 36 redan
360 1894 48 22 nu
437 1880 192 37 levererar
658 1879 214 48 säkerligen
902 1885 90 31 över
1021 1886 56 29 ire
1067 1853 15 79 >
1101 1857 235 71 fjärdedelar
1359 1892 44 22 av
1424 1855 85 58 ER
1530 1877 100 36 den
1620 1872 22 56 i
1654 1876 162 48 Sverige

215 1932 276 36 konsumerade
534 1932 240 36 kvantiteten
798 1906 175 78 Tysoljor,
1004 1931 100 36 mom
1138 1931 85 35 kort
1253 1930 108 36 bleve
1391 1932 47 47 på
1467 1929 171 36 området
1665 1929 11 35 i
1708 1905 107 69 fråga

215 1982 289 37 allenarådande
543 1984 68 35 här
639 1984 11 35 i
678 1983 140 36 landet.
895 1983 59 36 Vad
987 1983 103 35 detta
1119 1982 132 47 skulle,
1281 1982 115 35 sedan
1426 1980 158 36 sålunda
1615 1980 71 36 den
1718 1981 97 47 pris-

215 2034 271 36 modererande
530 2035 290 35 konkurrensen
862 2034 190 47 utdrivits,
1091 2033 139 48 betyda
1258 2034 58 35 för
1346 2033 45 35 de
1421 2032 163 36 svenska
1613 2031 201 36 utminute-

214 2099 111 22 rarna
366 2099 46 22 av
454 2086 97 47 oljor
579 2107 50 4 —
666 2086 69 35 och
765 2085 155 36 därmed
948 2085 257 57 naturligtvis,
1235 2085 8 35 i
1275 2084 93 36 sista
1397 2084 113 45 hand,
1541 2083 70 35 den
1643 2082 171 46 oljekon-

214 2137 222 36 sumerande
478 2137 257 35 allmänheten
776 2158 50 4 —
867 2141 41 30 är
945 2137 42 47 ju
1030 2137 32 47 ej
1103 2138 103 33 svårt
1234 2140 54 31 att
1316 2135 80 35 inse
1427 2112 83 58 och
1527 2134 200 47 bestyrkes
1757 2135 58 33 för

214 2188 127 48 övrigt
381 2188 11 35 i
434 2187 58 36 sin
534 2191 87 32 mån
650 2201 46 22 av
725 2188 125 36 denna
878 2181 365 54 saummanslutnings
1272 2186 251 48 hänsynslösa
1551 2184 263 50 uppträdande

214 2239 63 36 vid
307 2239 230 48 föregående
567 2239 185 36 tillfällen.
799 2239 194 36 Motionen
1023 2238 142 37 erinrar
1181 2238 10 35 i
1198 2216 113 58 detta
1333 2237 218 36 hänseende
1569 2250 57 21 om
1644 2241 170 31 trustons

213 2291 156 36 allmänt
410 2290 126 37 kända
566 2291 363 48 tillvägagångssätt
958 2296 78 30 mot
1066 2289 178 49 Sveriges
1273 2288 304 37 minuthaudlare
1608 2289 59 34 för
1695 2290 118 45 några

215 2346 40 32 år
283 2342 127 37 sedan.
