2208 2719
375 227 39 30 24
891 225 247 43 Lag-Utskottets
1165 226 160 32 Utlåtande
1349 226 63 33 N:o
1435 228 28 31 4.

373 305 65 38 vid
467 305 160 49 förslags
656 306 256 48 upprättande
941 306 321 51 hufvudsakligen
1291 307 217 50 afgörande,
1535 309 70 36 och
1635 308 253 49 Kyrkomötet

374 359 12 34 i
416 358 238 49 underdånig
681 357 196 38 skrifvelse
898 359 71 36 den
992 362 19 34 6
1033 358 172 38 Oktober
1225 362 95 36 1868
1343 361 130 36 härom
1493 366 133 43 yttrat,
1648 367 56 31 att
1725 362 65 36 det
1812 363 32 47 ej
1872 367 39 31 to
1936 386 7 14 ,

374 410 126 36 kunna
537 409 187 46 förnekas,
762 416 56 30 att
855 410 271 49 domkapitlen,
1168 412 158 36 oaktadt
1360 413 108 35 deras
1504 426 135 35 genom
1668 427 89 36 nyss
1785 414 195 36 anmärkta

373 461 135 50 Kongl.
539 460 87 37 bref
649 465 116 45 något
793 462 162 49 vidgade
984 463 287 49 pröfningsrätt,
1300 464 117 36 likväl
1445 478 137 35 genom
1611 465 45 35 de
1686 473 100 28 ännu
1805 466 174 47 gällande

374 512 398 50 befordringslagarne
809 513 127 37 funnit
964 516 57 47 sig
1049 513 211 39 föranlåtna
1288 519 48 45 på
1364 515 191 50 förslagen
1582 515 164 50 uppföra
1776 522 203 44 prestmän,

374 565 139 46 hvilka,
544 566 121 35 ehuru
694 566 113 48 ingen
837 567 249 48 anmärkning
1113 567 102 36 skett
1243 568 93 36 eller
1364 568 146 36 kunnat
1537 568 64 36 ske
1629 574 79 30 mot
1737 568 72 37 den
1842 570 138 35 känne-

373 618 100 44 dom,
502 618 57 35 nit
587 617 69 36 och
686 618 240 49 skicklighet,
956 618 45 36 de
1031 619 120 36 under
1179 618 230 50 föregående
1438 620 379 50 embetsförvaltning
1845 621 136 49 ådaga-

372 670 91 49 lagt,
492 669 116 37 likväl
636 669 165 36 saknade
831 670 92 36 eller
950 671 11 35 1
981 671 107 48 ringa
1108 674 85 33 mån
1214 671 151 36 besutte
1387 671 71 36 den
1478 672 102 36 kraft
1600 672 70 37 och
1691 671 122 50 öfriga
1832 672 148 50 gåfvor,

372 734 81 22 som
481 721 60 35 till
569 721 182 46 tjenstens
779 721 244 37 bestridande
1054 722 258 45 erfordrades;
1338 723 177 36 hvarföre
1536 723 251 48 Kyrkomötet
1810 725 11 35 i
1842 725 138 35 under-

372 771 183 48 dånighet
583 771 221 45 hemstälde,
833 777 66 38 att,
929 773 100 35 intill
1058 773 95 44 dess,
1182 774 59 34 till
1261 773 93 48 följd
1376 773 40 36 af
1431 773 273 49 Kyrkomötets
1725 775 11 34 i
1756 774 222 36 skrifvelsen

372 822 234 37 innefattade
635 823 178 48 begäran,
842 837 49 36 ny
919 822 225 52 förordning
1171 825 127 36 kunde
1320 824 116 38 blifva
1456 825 179 37 utfärdad
1655 826 196 49 angående
1866 839 114 36 grun-

371 874 117 36 derna
523 873 60 37 för
619 875 202 48 presterlig
857 874 215 47 befordran,
1103 876 65 36 det
1195 880 117 33 måtte
1341 878 11 34 i
1380 877 162 49 behörig
1570 878 163 48 ordning
1760 877 118 36 blifva
1906 878 73 45 för-

372 925 174 45 ordnadt,
576 931 67 39 att,
671 926 65 36 vid
764 927 255 47 upprättande
1049 926 40 37 af
1111 928 142 49 förslag
1276 928 59 36 till
1355 928 282 37 konsistoriella
1656 935 181 42 pastorat,
1859 928 121 37 öfver-

370 977 173 50 vägande
584 977 148 36 lärdom
774 978 92 36 eller
907 979 182 47 tjensteår
1131 980 61 35 väl
1232 983 118 33 måtte
1392 980 11 35 i
1442 980 135 36 dittills
1610 981 176 49 gällande
1816 981 164 48 ordning

370 1029 102 49 gifva
511 1028 207 45 företräde,
761 1028 98 37 dock
894 1030 132 36 endast
1054 1031 58 35 till
1148 1030 118 37 första
1302 1030 338 50 förslagsrummet,
1671 1045 84 23 men
1784 1036 64 42 att,
1879 1032 99 37 hvad

371 1081 161 49 anginge
562 1080 116 37 andra
707 1080 71 37 och
806 1081 121 48 tredje
957 1081 349 47 förslagsrummen,
1336 1082 64 37 det
1427 1083 121 36 skulle
1573 1084 125 49 åligga
1718 1083 260 49 domkapitlen

370 1138 55 30 att
462 1131 320 50 hufvudsakligen
818 1139 92 42 göra
938 1133 176 36 afseende
1145 1137 20 32 å
1194 1134 45 35 de
1268 1134 185 36 sökandes
1481 1148 138 35 genom
1647 1135 228 48 föregående
1904 1149 74 22 em-

369 1182 318 50 betsförvaltning
726 1184 233 49 ådagalagda
1000 1185 229 48 skicklighet
1270 1186 70 35 och
1382 1186 226 48 lämplighet
1644 1186 59 36 för
1741 1187 71 35 den
1842 1186 136 49 ifråga-

369 1234 164 36 varande
562 1235 182 47 tjenstens
772 1235 254 36 bestridande.

469 1285 132 36 Denna
629 1285 271 49 Kyrkomötets
928 1286 196 36 skrifvelse
1153 1286 302 37 öfverlemnades
1483 1288 58 36 till
1571 1288 71 36 den
1671 1288 58 36 för
1756 1289 165 35 revision
1941 1288 41 36 af

370 1338 95 36 1686
496 1340 58 33 års
584 1337 184 48 kyrkolag
795 1336 229 38 förordnade
1054 1338 154 45 komité,
1238 1339 154 36 hvilken
1422 1340 10 34 i
1461 1336 75 39 sitt!
1552 1339 71 36 den
1649 1336 33 49 2'
1688 1338 171 38 Oktober
1880 1343 95 34 1873

369 1387 141 49 afgifna
536 1387 144 50 förslag
707 1389 59 35 till
794 1389 197 49 kyrkolag,
1020 1389 237 37 beträffande
1277 1404 50 22 nu
1348 1390 261 49 föreliggande
1630 1390 117 49 fråga,
1769 1391 207 49 föreslagit,

369 1445 56 30 att
462 1439 253 48 domkapitlet
752 1440 83 35 icke
873 1444 60 32 må
969 1441 58 35 till
1057 1442 204 46 presterlig
1288 1442 117 47 tjenst
1433 1446 178 31 utnämna
1641 1442 92 35 eller
1762 1446 47 44 på
1837 1441 140 49 förslag

369 1491 128 35 dertill
538 1490 162 48 uppföra
741 1504 122 23 annan
904 1499 47 28 än
989 1492 84 44 den,
1111 1505 80 22 som
1221 1493 150 47 pröfvas
1401 1506 68 35 ega
1498 1493 73 35 den
1599 1492 181 49 förmåga,
1810 1507 80 22 som
1918 1493 59 36 för

368 1542 183 48 tjenstens
579 1542 194 49 nöjaktiga
800 1542 245 37 bestridande
1074 1542 206 47 erfordras;
1310 1549 56 31 att
1393 1545 11 34 i
1433 1543 116 50 öfrigt
1577 1547 123 33 såsom
1720 1544 257 50 befordrings-

369 1593 92 43 skäl,
492 1592 96 36 efter
616 1594 128 35 hvilka
772 1594 138 35 mellan
938 1594 167 36 sökande
1130 1595 126 47 skiljas
1277 1595 106 45 skall,
1404 1596 100 48 gälla
1524 1596 147 35 lärdom
1692 1596 71 35 och
1784 1596 190 47 förtjenst;

369 1650 55 30 att
450 1644 148 36 lärdom
627 1645 94 35 skall
751 1644 158 36 omfatta
937 1646 214 48 teologiska
1179 1646 330 48 kunskapsämnen
1538 1647 71 35 och
1636 1660 91 22 vara
1754 1660 135 35 genom
1917 1653 58 30 ut-

368 1694 104 49 gifna
512 1694 156 37 skrifter
708 1697 38 34 af
778 1696 284 49 vetenskapligt
1093 1697 129 45 värde,
1251 1698 148 48 aflagda
1427 1699 174 34 examina
1631 1698 92 35 eller
1751 1698 224 35 annorledes

369 1745 222 49 offentligen
620 1747 222 49 ådagalagd,
871 1747 97 44 deck
997 1753 67 39 att,
1092 1748 65 35 vid
1184 1748 76 36 lika
1288 1749 212 48 teologiska
1523 1749 172 49 insigter,
1721 1749 174 35 afseende
1915 1753 60 31 må

367 1797 116 36 fästas
506 1798 142 47 jemväl
676 1801 48 44 på
751 1798 149 36 lärdom
928 1799 12 34 i
967 1799 117 35 andra
1112 1799 343 48 kunskapsämnen,
1480 1800 209 49 ådagalagd
1709 1803 48 45 på
1776 1806 76 30 sätt
1871 1800 105 36 förut

369 1856 41 28 är
451 1848 125 48 sagdt;
618 1854 56 31 att
710 1849 186 36 sökandes
934 1848 175 49 förtjenst
1142 1850 94 36 skall
1265 1851 179 36 bedömas
1473 1852 103 35 såväl
1605 1850 96 37 efter
1729 1851 246 47 tjensteålder

368 1912 81 23 som
478 1899 96 37 efter
602 1900 66 36 det
695 1900 55 36 nit
779 1900 71 36 och
879 1900 72 36 den
980 1901 239 49 skicklighet,
1250 1902 179 36 hvarmed
1460 1902 72 36 han
1561 1902 104 36 skött
1693 1903 64 35 det
1784 1903 87 43 kall,
1909 1903 65 35 ho-

368 1964 88 22 nom
492 1951 12 35 i
541 1951 165 49 kyrkans
744 1952 92 35 eller
864 1952 246 36 läroverkens
1138 1954 116 46 tjenst
1282 1953 136 36 dittills
1446 1954 99 35 varit
1573 1953 231 45 anförtrodt;
1833 1959 55 30 att
1916 1954 59 35 till

367 2002 156 36 rättelse
552 2002 64 35 vid
645 2001 247 37 förefallande
922 2002 263 49 befordringar
1214 2004 281 48 presterskapet
1522 2005 102 35 inom
1649 2005 110 35 hvart
1778 2004 82 36 stift
1879 2005 96 35 skall

368 2053 63 36 vid
468 2059 207 42 prestmöte
713 2060 172 42 uppgöra
921 2053 143 50 förslag
1095 2055 59 35 till
1181 2060 238 43 pastoratens
1447 2055 216 49 fördelning
1690 2056 11 35 i
1728 2059 63 32 två
1819 2056 154 44 klasser,

368 2107 40 33 så
436 2110 56 30 att
520 2104 45 36 de
594 2104 269 49 förmånligare
891 2105 151 36 komma
1070 2106 11 35 i
1109 2105 129 46 första,
1267 2106 46 36 de
1340 2106 121 49 öfriga
1481 2108 10 34 i
1512 2107 117 35 andra
1649 2107 158 44 klassen,
1829 2107 145 36 hvilket

367 2154 154 50 förslag,
551 2155 151 48 åtföljdt
729 2155 38 36 af
793 2156 271 48 domkapitlets
1093 2156 175 37 deröfver
1292 2157 142 49 afgifna
1451 2158 191 48 yttrande,
1663 2159 59 34 till
1741 2158 231 48 Konungens

368 2205 179 50 pröfning
587 2207 70 35 och
699 2206 237 37 stadfästelse
978 2207 266 47 öfverlemnas;
1286 2214 67 40 att,
1386 2209 47 35 då
1460 2208 142 49 förslag
1629 2210 58 34 till
1715 2209 258 49 kyrkoherde-

367 2258 117 48 tjenst
519 2259 12 34 i
568 2264 171 42 pastorat
771 2258 40 36 af
834 2258 118 37 första
980 2259 149 36 klassen
1157 2266 212 42 upprättas,
1398 2261 46 35 de
1473 2261 163 35 sökande
1665 2261 106 35 skola
1798 2274 89 22 vara
1914 2261 58 35 till

367 2308 193 38 företräde
591 2309 236 49 berättigade
856 2311 12 34 i
896 2310 73 36 den
998 2311 174 49 ordning,
1201 2311 105 37 hvari
1335 2312 46 36 de
1410 2324 136 36 genom
1575 2312 117 48 högre
1721 2311 93 49 grad
1842 2311 40 37 af
1899 2312 73 35 lär-
