2173 2721
381 233 19 29 4
898 235 247 42 Lag-Utskottets
1172 237 161 34 Utlåtande
1355 239 65 32 N:o
1443 241 28 31 4.

1141 349 17 50 $
1177 349 43 50 9.

480 433 121 38 Sedan
640 434 45 37 de
721 436 184 37 sökandes
945 437 227 50 behörighet
1199 440 58 37 till
1286 441 72 36 den
1387 442 125 49 lediga
1540 444 162 47 tjensten
1733 444 124 38 blifvit
1884 447 100 48 pröf-

379 485 83 45 vad,
501 486 160 49 uppföre
699 488 251 49 domkapitlet
988 490 111 36 bland
1137 491 97 47 dem,
1271 505 81 24 som
1385 492 201 39 förklarats
1615 495 191 50 behörige,
1837 502 46 42 på
1910 498 73 36 för-

379 537 121 49 slaget
527 544 69 38 tre,
625 538 95 37 efter
748 553 80 22 som
857 540 45 36 de
932 540 156 37 framför
1116 543 114 36 andre
1260 545 70 35 och
1359 546 76 35 sins
1461 547 159 35 emellan
1639 548 119 35 finnas
1778 549 10 35 i
1809 548 175 49 förtjenst

379 588 70 36 och
478 589 228 48 skicklighet
734 605 68 35 ega
829 591 209 47 företräde;
1072 594 69 36 och
1172 594 68 37 bör
1268 596 133 37 dervid
1430 602 105 45 tagas
1563 597 12 37 i
1602 598 250 39 betraktande
1881 602 103 36 såväl

379 640 66 36 det
472 641 68 44 nit,
569 641 65 36 det
662 642 117 37 allvar
807 644 70 35 och
907 644 73 36 den
1008 645 239 50 skicklighet,
1276 648 179 37 hvarmed
1483 650 166 37 sökande
1678 651 101 37 skött
1807 652 65 36 det
1895 653 89 46 kall,

379 692 139 36 honom
547 693 11 35 i
586 693 164 48 kyrkans
787 695 91 36 eller
913 696 242 38 läroverkens
1184 699 115 47 tjenst
1326 700 135 37 dittills
1489 702 98 36 varit
1615 701 225 48 anförtrodt,
1864 704 119 47 jemte

378 743 93 34 hans
507 744 233 46 tjenstålder,
778 759 80 21 som
895 748 69 33 ock
1003 748 90 34 hans
1129 762 137 34 genom
1299 753 184 42 examina,
1521 753 147 46 utgifna
1704 754 151 46 skrifter
1892 756 91 35 eller

378 793 224 37 annorledes
637 794 221 50 offentligen
896 797 232 50 ådagalagda
1159 799 146 37 lärdom
1335 801 11 35 i
1374 802 213 49 teologiska
1616 810 145 31 ämnen.
1815 802 82 40 Äro
1927 812 56 30 sö-

378 844 121 37 kande
533 846 178 48 jemgoda
748 848 10 34 i
796 849 211 48 teologiska
1035 850 169 48 insigter,
1234 856 60 32 må
1322 852 176 38 afseende
1527 855 114 36 fästas
1665 857 142 46 jemväl
1836 860 48 45 på
1911 858 72 36 lär-

378 895 87 36 dom
493 897 11 34 i
533 897 117 36 andra
678 898 340 49 kunskapsämnen,
1048 901 210 49 ådagalagd
1286 907 48 45 på
1362 911 75 30 sätt
1465 919 50 22 nu
1545 914 41 28 är
1613 907 120 48 sagdt.

1126 1018 18 49 $
1175 1024 56 35 10.

478 1104 31 33 1.
564 1101 237 49 Tjenstålder
837 1104 107 45 skall,
982 1106 74 35 lika
1084 1105 59 37 för
1172 1108 189 37 ordinarie
1390 1110 70 36 och
1490 1116 108 31 extra
1627 1111 189 37 ordinarie
1845 1113 135 38 befatt-

375 1152 103 49 ning,
519 1153 135 37 räknas
696 1154 95 37 efter
832 1156 345 50 tjenstgöringstid;
1219 1159 98 37 dock
1345 1166 66 38 att,
1449 1162 47 36 då
1524 1163 166 36 sökande
1719 1162 58 38 för
1805 1164 174 48 sjukdom

376 1203 93 36 eller
497 1203 58 36 för
584 1206 211 47 teologiska
823 1208 164 36 studiers
1016 1209 162 36 idkande
1209 1211 91 36 eller
1329 1212 102 48 profs
1461 1214 220 47 afläggande
1707 1215 90 36 eller
1818 1215 58 36 för
1895 1216 85 36 full-

375 1255 168 46 görande
571 1255 41 36 af
636 1256 191 49 offentligt
855 1259 174 48 uppdrag
1057 1260 93 35 eller
1178 1260 40 36 af
1241 1275 120 23 annan
1392 1263 154 37 dermed
1562 1264 195 50 jemförlig
1777 1267 204 49 anledning

375 1304 72 37 fått
475 1307 145 46 åtnjuta
654 1308 298 49 tjenstledighet,
986 1311 71 34 den
1087 1311 55 36 tid
1170 1313 83 36 icke
1283 1317 59 32 må
1370 1315 61 35 vid
1461 1316 436 50 tjenstårsberäkningen
1928 1319 51 35 af-

375 1356 145 48 dragas.
576 1357 71 36 För
688 1359 253 50 tjenstgöring
977 1360 81 37 före
1099 1362 103 49 fylda
1243 1365 170 47 tjugutre
1447 1370 40 32 år
1520 1370 59 33 må
1612 1368 159 47 tjenstår
1806 1369 82 36 icke
1917 1369 63 47 be-

375 1407 147 45 räknas,
561 1409 31 47 ej
632 1409 118 36 heller
787 1410 57 36 för
882 1425 79 22 mer
998 1420 46 28 än
1082 1427 44 22 en
1164 1415 366 51 tjenstebefattning,
1569 1418 66 36 der
1667 1419 192 36 sökanden
1888 1421 91 35 flera

375 1458 138 36 sådana
541 1461 197 47 samtidigt
766 1461 173 37 bestridt.

477 1512 31 33 2.
562 1509 75 37 Vid
675 1512 300 38 bestämmandet
1011 1514 39 36 af
1083 1516 183 37 sökandes
1303 1518 222 47 tjenstålder
1568 1521 98 47 gälle
1709 1521 271 49 årsberäkning

375 1563 121 33 såsom
534 1560 58 37 för
629 1564 201 47 presterlig
866 1565 115 47 tjenst
1009 1565 109 37 äfven
1146 1567 58 36 för
1232 1570 163 35 notarie-
1424 1570 69 36 och
1523 1573 365 46 amanuenstjenster
1915 1574 63 35 vid

375 1611 271 49 domkapitlen,
684 1617 39 32 så
761 1615 68 35 ock
863 1615 57 36 för
948 1616 348 51 lärarebefattning,
1326 1621 82 35 med
1440 1621 151 36 hvilken
1619 1623 116 35 sådan
1763 1623 146 36 förmån
1938 1632 40 28 är

375 1662 92 35 eller
504 1663 135 36 varder
668 1663 38 37 af
730 1665 212 49 Konungen
978 1667 168 37 förenad.
1200 1669 175 38 Filosofie
1404 1672 250 48 doktorsgrad
1686 1674 91 36 eller
1805 1670 173 57 behörig-

374 1712 66 36 het
476 1713 139 46 dertill,
652 1728 137 35 genom
826 1717 146 48 aflagda
1009 1718 88 48 prof
1128 1719 216 39 förvärfvad
1381 1722 62 37 vid
1478 1727 115 44 något
1620 1724 41 36 af
1684 1725 116 36 rikets
1828 1726 147 36 univer-

374 1765 100 43 sitet,
516 1765 135 36 räknas
693 1767 75 35 lika
809 1768 82 35 med
934 1775 57 30 tre
1033 1772 224 48 presterliga
1298 1774 167 47 tjenstår.
1519 1775 42 48 Ej
1600 1779 60 32 må
1695 1779 123 46 någon
1855 1781 122 32 såsom

374 1816 159 45 tjenstår
568 1817 117 35 räkna
712 1819 57 47 sig
797 1820 59 34 till
883 1820 98 47 godo
1011 1834 121 23 annan
1161 1823 67 44 tid,
1263 1831 45 28 än
1338 1825 84 45 den,
1452 1826 119 36 under
1600 1827 151 36 hvilken
1780 1828 72 35 han
1880 1829 99 35 varit

374 1865 162 37 medlem
564 1867 40 36 af
628 1868 159 37 svenska
815 1870 155 48 kyrkan.

1121 1972 18 48 $
1170 1977 56 34 11.

473 2053 73 36 Vid
574 2053 161 51 förslags
763 2059 256 46 upprättande
1048 2059 95 36 skall
1170 2060 197 49 biskopen,
1402 2063 92 36 eller
1522 2064 72 36 den
1624 2064 92 36 hans
1744 2065 108 36 ställe
1880 2065 98 37 före-

373 2104 141 45 träder,
542 2104 95 38 först
665 2106 139 48 afgifva
832 2109 66 35 sitt
926 2109 195 37 utlåtande
1151 2111 106 36 öfver
1285 2112 47 36 de
1361 2114 165 36 sökande
1556 2114 97 37 efter
1680 2116 45 35 de
1754 2117 11 34 i
1792 2117 18 41 8
1838 2119 19 34 9
1879 2116 97 36 före-

372 2155 143 37 skrifna
551 2157 166 47 grunder
752 2159 68 35 och
851 2159 84 36 med
965 2160 226 49 angifvande
1220 2162 40 37 af
1284 2164 71 35 den
1385 2165 174 49 ordning,
1588 2167 11 34 i
1627 2166 152 36 hvilken
1809 2167 72 36 han
1909 2169 67 34 fin-

372 2217 68 24 ner
480 2207 83 35 dem
605 2208 91 36 böra
737 2209 192 48 uppföras,
972 2212 190 36 hvarefter
1203 2214 94 35 skall
1337 2221 121 31 röstas
1493 2229 59 22 om
1591 2217 110 36 hvart
1729 2217 246 50 förslagsrum

371 2257 191 45 särskildt,
603 2258 82 36 från
727 2260 64 36 det
830 2260 118 37 första
989 2263 69 35 och
1100 2264 129 36 vidare
1271 2266 126 43 nedåt,
1436 2267 69 35 och
1534 2268 114 36 varde
1678 2272 47 44 på
1755 2269 109 36 hvart
1891 2283 84 22 rum

372 2307 166 49 uppförd
566 2309 84 46 den,
687 2323 80 25 som
796 2311 127 37 dertill
951 2314 152 37 erhållit
1130 2328 80 24 mer
1237 2320 47 32 än
1313 2316 143 38 hälften
1485 2317 42 37 af
1550 2319 45 36 de
1623 2318 142 50 afgifna
1792 2326 183 31 rösterna.
