2215 2723
389 198 37 28 16
908 198 85 43 Lag-
1002 199 152 33 Utskottets
1181 201 160 33 Utlåtande
1365 203 65 33 N:o
1453 206 28 30 4.

387 276 95 37 eller
509 277 223 38 underlåter
759 285 106 43 prest
892 281 255 50 uppsåtligen,
1168 284 10 35 i
1200 283 125 51 afsigt,
1354 298 81 24 som
1463 286 92 50 sagd
1576 294 52 39 är,
1649 288 56 36 sin
1726 285 264 60 embetspligt;

385 328 116 37 varde
531 328 124 38 afsatt.
711 330 77 37 Var
816 332 65 36 det
908 332 41 36 af
972 332 256 49 förhastande,
1257 349 80 24 som
1367 343 152 43 presten
1547 339 59 49 sig
1632 338 159 53 förgick,
1812 342 70 36 och
1903 343 86 36 kom

386 380 110 36 deraf
525 381 110 49 ingen
674 383 93 36 eller
800 384 108 48 ringa
941 385 132 46 skada;
1103 386 47 37 då
1179 391 59 33 må
1265 389 59 36 till
1351 391 161 48 varning
1541 391 91 35 eller
1660 393 58 35 till
1747 394 180 49 mistning
1955 394 40 36 af

387 432 166 37 embetet
581 437 48 45 på
657 435 75 35 viss
760 435 56 36 tid
847 436 140 37 dömas.

1146 556 18 48 $
1194 561 32 35 8.

485 637 110 38 Visar
622 645 105 43 prest
759 641 250 46 vårdslöshet,
1044 642 272 48 försummelse,
1351 644 195 39 oförstånd
1575 648 92 36 eller
1695 649 255 50 oskicklighet
1977 652 12 35 i

382 690 67 35 sitt
478 691 160 44 embete,
668 692 70 36 och
768 700 40 28 är
837 694 32 47 ej
899 694 178 36 särskildt
1109 709 128 23 ansvar
1257 697 90 47 derå
1370 704 91 39 satt;
1491 699 129 37 dömes
1640 701 58 35 till
1718 702 158 48 varning
1896 703 93 36 eller

381 741 59 35 till
468 742 181 48 mistning
676 743 39 35 af
741 744 167 36 embetet
935 749 48 44 på
1011 746 75 35 viss
1114 747 67 35 tid.
1227 746 84 37 Äro
1341 751 377 48 omständigheterna
1746 753 241 48 synnerligen

380 790 257 49 försvårande,
666 798 60 32 må
754 795 58 35 till
841 795 209 49 afsättning
1078 797 140 38 dömas.

1142 915 18 49 $
1178 915 43 49 9.

478 996 79 37 Har
585 1004 105 42 prest
718 1005 90 31 utan
839 1000 57 36 lof
921 1002 92 35 eller
1033 1002 308 50 tillkännagifvet
1359 1004 128 37 förfall
1508 1006 149 37 afhållit
1676 1008 58 48 sig
1751 1008 83 37 från
1854 1010 130 47 tjenst-

377 1049 138 48 göring
552 1050 71 35 och
661 1051 31 48 ej
730 1052 146 36 kunnat
912 1054 84 35 med
1030 1054 156 36 kallelse
1214 1055 130 37 träffas
1373 1058 95 35 eller
1495 1058 186 37 inställas:
1711 1060 171 36 kommer
1911 1061 70 36 han

378 1101 32 46 ej
440 1101 102 35 inom
571 1107 56 30 tre
657 1104 191 45 månader,
877 1104 115 37 sedan
1022 1106 155 36 kallelse
1198 1107 10 35 i
1229 1108 190 37 allmänna
1448 1109 241 49 tidningarne
1718 1115 121 45 ågått;
1867 1113 115 36 varde

376 1150 125 38 afsatt.

1126 1223 17 48 $
1175 1229 55 33 10.

474 1304 136 38 Finnes
644 1313 104 41 prest
776 1308 9 35 i
816 1308 325 51 embetsutöfning
1173 1310 40 36 af
1242 1313 127 34 starka
1397 1313 162 48 drycker
1587 1317 40 33 så
1654 1314 242 47 öfverlastad,
1925 1323 56 30 att

374 1355 40 36 af
451 1356 92 36 hans
583 1357 180 37 åtbörder
805 1360 92 35 eller
934 1361 154 48 orediga
1125 1362 354 51 sinnesförfattning
1510 1365 171 49 tydligen
1715 1367 70 35 kan
1820 1369 159 44 märkas,

373 1412 56 30 att
457 1407 72 36 han
559 1416 41 28 är
628 1409 187 45 drucken;
843 1411 116 36 varde
988 1411 123 37 afsatt.

1121 1528 18 49 $
1172 1536 54 32 11.

471 1611 141 37 Inlåter
640 1614 57 47 sig
725 1620 105 41 prest
858 1615 86 35 med
973 1614 228 51 handtering
1229 1618 93 35 eller
1350 1619 218 49 köpslagan,
1598 1633 81 23 som
1709 1622 91 36 hans
1827 1624 148 35 embete

371 1662 82 36 icke
495 1667 138 41 anstår,
672 1665 91 35 eller
800 1664 164 38 befattar
1001 1667 72 36 han
1110 1668 58 48 sig
1203 1672 122 33 såsom
1359 1669 193 38 sakförare
1584 1673 84 35 med
1706 1672 200 38 utförande
1940 1674 41 36 af

370 1717 257 46 rättegångar,
664 1728 81 23 som
783 1716 139 37 honom
961 1719 92 35 eller
1090 1718 93 37 hans
1217 1720 148 37 embete
1394 1722 82 35 icke
1504 1729 98 38 röra,
1632 1723 94 36 eller
1753 1725 121 48 ligger
1902 1726 72 36 han

369 1777 137 35 genom
549 1772 87 42 eget
670 1766 236 37 förvållande
935 1769 10 35 i
974 1768 59 36 kif
1065 1770 70 35 och
1170 1772 140 47 osämja
1338 1772 86 36 med
1453 1773 287 37 embetsbröder
1768 1777 91 35 eller
1888 1777 88 35 åhö-

369 1828 95 31 rare,
507 1816 92 36 eller
636 1818 281 36 åstadkommer
952 1820 73 36 han
1055 1821 108 47 eljest
1189 1835 138 34 genom
1356 1824 66 35 sitt
1449 1824 168 37 lefverne
1647 1826 92 36 eller
1766 1831 122 44 någon
1918 1829 57 35 sin

368 1867 172 47 gerning,
580 1873 89 31 utan
708 1875 55 30 att
798 1870 104 36 brott
931 1879 40 27 är
999 1871 200 49 begånget,
1230 1873 115 36 hvarå
1374 1874 111 36 straff
1509 1875 96 37 efter
1633 1878 136 35 allmän
1800 1878 175 50 strafflag

369 1917 68 35 bör
465 1917 101 49 följa,
596 1920 197 47 uppenbar
821 1920 225 50 förargelse;
1076 1922 129 37 dömes
1234 1925 57 35 till
1320 1927 159 46 varning
1507 1927 91 35 eller
1625 1928 182 48 mistning
1835 1929 40 36 af
1900 1943 74 23 em-

368 1968 105 36 betet
500 1973 48 44 på
576 1970 75 36 viss
679 1971 54 36 tid
761 1972 103 46 eller,
886 1972 67 36 der
973 1974 375 47 omständigheterna
1369 1984 64 28 äro
1453 1979 242 48 synnerligen
1715 1979 257 46 försvårande,

367 2020 57 35 till
453 2019 218 51 afsättning.

1118 2090 18 49 $
1167 2096 55 34 12.

469 2175 32 35 1.
555 2173 78 37 Har
661 2181 105 41 prest
793 2175 131 49 begått
951 2177 115 46 brott,
1096 2178 127 36 derför
1252 2179 73 36 han
1354 2180 58 36 till
1440 2180 140 38 förlust
1607 2182 40 36 af
1671 2183 300 50 medborgerligt

367 2223 219 37 förtroende
617 2226 91 35 eller
736 2227 59 35 till
824 2227 239 37 straffarbete
1093 2230 92 35 eller
1214 2230 58 36 till
1301 2231 208 37 dödsstraff
1533 2233 146 46 dömes;
1709 2235 114 36 varde
1848 2236 123 36 tillika

366 2275 113 35 dömd
509 2276 59 35 till
596 2275 217 51 afsättning,
848 2279 98 35 ändå
974 2285 55 31 att
1056 2280 146 37 brottet
1230 2287 106 30 utom
1366 2283 166 37 embetet
1560 2284 190 49 begånget
1779 2293 50 28 är.
