1896 2825
512 166 253 31 Statsutskottets
777 166 161 31 utlåtande
950 176 38 21 nr
999 166 43 31 52
1058 166 35 32 år
1106 166 87 31 1970
1580 172 16 27 9

109 248 242 31 verksamheten
372 248 151 31 existerar
546 248 73 31 inte.
645 248 143 40 Sveriges
809 247 122 32 Radios
955 248 130 39 styrelse
1108 248 93 31 söker
1223 247 77 40 fylla
1322 248 63 31 den
1408 248 94 30 lucka
1526 257 69 21 som

108 302 186 40 härigenom
318 302 143 40 uppstått
486 311 115 31 genom
628 306 46 27 att
698 302 55 31 vid
777 302 84 31 vissa
887 302 257 31 sammanträden
1169 302 162 31 diskutera
1355 311 240 31 programmens

109 356 222 40 uppläggning.
349 356 286 31 Radionämndens
647 356 235 40 huvuduppgift
898 357 35 29 är
946 355 35 40 ju
996 360 45 27 att
1056 356 136 40 granska
1206 356 100 31 redan
1321 356 100 31 sända
1435 365 159 31 program.

108 410 195 31 Inrättandet
325 420 39 21 av
386 414 44 27 ett
452 410 125 31 särskilt
598 410 208 40 programråd
827 410 75 31 med
923 414 251 36 representanter
1194 410 52 30 för
1267 410 139 39 lyssnare
1428 410 62 30 och
1512 410 83 30 folk-

109 464 133 31 rörelser
257 464 60 31 bör
332 464 110 31 därför
458 465 173 39 övervägas
648 474 40 21 av
703 464 63 31 den
781 464 150 31 blivande
946 463 216 40 utredningen.

153 518 219 40 Utredningen
394 518 60 31 bör
476 518 302 40 förutsättningslöst
800 520 101 38 pröva
923 518 38 31 de
985 518 87 31 olika
1094 517 244 41 organisations-
1363 518 61 31 och
1447 517 149 31 finansie-

109 571 251 41 ringsalternativ
378 582 70 21 som
465 572 64 31 kan
546 572 132 31 komma
680 567 20 49 i
722 572 98 40 fråga.

152 625 104 30 Bland
292 625 40 30 de
368 624 87 31 olika
489 624 381 40 finansieringsformerna
904 626 93 38 utgör
1031 625 326 40 reklamfinansiering
1392 635 39 20 en
1465 625 135 30 tänkbar

107 679 118 31 metod.
245 680 54 30 Ett
318 679 126 31 absolut
459 679 115 32 villkor
591 679 51 31 för
660 689 40 21 en
718 679 100 32 sådan
834 679 305 40 finansieringsform
1160 681 35 30 är
1213 684 44 26 att
1276 681 238 29 annonsörerna
1532 679 64 30 inte

107 733 50 32 får
179 733 98 40 något
299 733 175 40 inflytande
497 735 77 29 över
596 733 387 41 programproduktionen
1005 734 62 31 och
1091 738 44 27 att
1158 733 158 41 garantier
1339 734 114 40 skapas
1476 733 52 31 för
1553 738 43 26 att

108 787 372 40 sändningsmöjligheter
498 787 64 31 inte
581 788 225 30 koncentreras
825 788 47 30 till
889 787 107 40 någon
1015 788 131 31 enstaka
1164 788 129 39 politisk
1311 788 77 31 eller
1407 787 189 31 ekonomisk

107 841 289 40 maktgruppering.

154 894 15 30 I
192 893 200 32 motionerna
415 894 24 31 I:
454 894 65 31 362
542 894 62 31 och
626 895 40 30 II:
681 894 63 31 401
768 894 59 31 har
847 894 182 31 framställts
1051 894 83 31 vissa
1154 894 164 40 yrkanden
1338 894 137 31 rörande
1495 895 105 30 radio-

108 948 62 31 och
195 948 277 40 TV-monopolets
498 948 223 31 arbetsformer
746 953 81 26 samt
850 948 191 32 tillsättande
1066 958 38 22 av
1128 958 40 21 en
1191 949 261 40 parlamentarisk
1476 949 124 40 delega-

108 1003 69 31 tion
195 1003 52 31 för
266 1007 45 27 att
328 1003 79 40 följa
427 1004 63 30 den
508 1004 147 30 tekniska
674 1004 61 30 och
755 1003 209 31 ekonomiska
983 1003 222 40 utvecklingen
1224 1003 43 40 på
1286 1003 221 31 televisionens
1528 1013 68 21 om-

109 1055 86 32 råde.
217 1055 163 32 Utskottet
401 1056 183 31 förutsätter
605 1056 51 31 för
676 1057 49 30 sin
746 1056 51 31 del
818 1061 45 26 att
883 1056 111 31 därvid
1016 1057 228 30 aktualiserade
1264 1056 107 40 frågor
1390 1057 146 30 kommer
1556 1061 44 26 att

109 1110 175 32 behandlas
303 1120 39 21 av
360 1111 63 31 den
440 1111 169 40 utredning
628 1120 68 22 som
715 1111 153 31 utskottet
884 1110 142 32 föreslår.

153 1163 74 31 Vad
251 1162 154 32 utskottet
428 1164 10 30 i
463 1172 44 22 nu
530 1163 137 31 berörda
691 1163 106 40 frågor
820 1164 111 30 uttalat
953 1164 60 30 bör
1037 1173 38 22 av
1099 1163 167 40 riksdagen
1289 1173 53 30 ges
1365 1164 115 40 Kungl.
1505 1164 96 39 Maj:t

111 1217 46 31 till
171 1217 116 32 känna.

155 1273 80 31 Med
259 1273 124 39 hänsyn
407 1273 45 30 till
477 1273 63 31 vad
563 1273 10 30 i
598 1273 54 31 det
676 1273 190 40 föregående
893 1273 122 31 anförts
1039 1283 93 21 anser
1155 1273 153 31 utskottet
1332 1273 106 40 någon
1463 1273 133 31 särskild

108 1327 232 39 framställning
361 1327 73 31 från
456 1327 183 39 riksdagens
664 1327 69 31 sida
756 1327 10 30 i
790 1327 170 40 anledning
983 1337 39 21 av
1045 1327 110 40 övriga
1178 1327 163 39 yrkanden
1364 1327 10 31 i
1399 1327 197 31 motionerna

109 1381 26 30 I:
152 1380 64 31 362
236 1381 63 30 och
316 1381 42 30 II:
373 1380 63 31 401
460 1385 81 26 samt
559 1381 25 30 I:
600 1380 64 31 705
685 1381 62 30 och
766 1381 41 30 II:
825 1381 62 31 849
907 1381 28 40 ej
956 1380 181 41 påkallad.»

158 1433 67 31 dels
238 1433 168 31 utskottets
420 1433 189 31 hemställan
622 1434 101 30 under
741 1434 14 31 1
772 1434 72 31 bort
858 1434 42 30 ha
913 1434 141 39 följande
1068 1434 127 39 lydelse:

478 1488 51 30 »1.
558 1492 44 26 att
619 1487 168 40 riksdagen
803 1487 74 31 med
894 1487 89 31 bifall
1000 1487 45 31 till
1062 1488 199 30 motionerna
1278 1489 24 30 I:
1318 1489 63 30 725
1400 1489 62 30 och
1480 1489 40 30 II:
1537 1488 61 31 833

431 1541 62 30 och
509 1541 10 30 i
536 1541 168 39 anledning
720 1551 39 20 av
774 1541 200 31 motionerna
987 1542 24 30 I:
1027 1541 65 31 362
1108 1542 62 30 och
1185 1542 40 30 II:
1240 1542 63 30 401
1322 1547 82 26 samt
1418 1543 24 30 I:
1458 1542 64 31 705
1539 1542 62 31 och

432 1595 40 30 II:
489 1594 63 32 849
573 1604 69 21 som
660 1594 49 31 sin
726 1595 127 39 mening
871 1604 53 30 ger
941 1595 114 39 Kungl.
1074 1595 96 39 Maj:t
1187 1595 46 31 till
1248 1595 107 31 känna
1371 1596 62 30 vad
1450 1595 152 31 utskottet

431 1648 104 30 anfört
557 1657 54 21 om
633 1657 40 22 en
694 1648 261 40 parlamentarisk
976 1648 167 40 utredning
1164 1649 135 30 rörande
1320 1649 105 31 radio-
1446 1649 62 31 och
1527 1649 74 30 TV-

430 1701 257 31 verksamhetens
706 1702 213 39 organisation
937 1702 61 30 och
1016 1702 203 40 finansiering
1235 1703 10 30 i
1261 1702 199 38 framtiden,»

156 1809 30 30 b.
213 1809 108 30 herrar
337 1809 148 30 Bohman
504 1808 69 38 (m),
590 1808 193 39 Strandberg
799 1808 70 37 (m),
886 1809 111 30 Cassel
1013 1809 59 37 (m)
1090 1809 60 30 och
1167 1809 166 30 Petersson
1347 1811 11 30 i
1373 1809 151 31 Gäddvik
1540 1808 58 39 (m)

110 1872 70 21 som
200 1872 90 21 anser
308 1867 45 26 att

159 1916 68 31 dels
246 1916 62 30 den
327 1916 51 30 del
397 1926 39 20 av
454 1916 167 30 utskottets
639 1916 145 39 yttrande
803 1926 69 20 som
889 1915 43 40 på
949 1926 23 20 s.
993 1917 17 29 3
1029 1916 108 40 börjar
1153 1917 74 30 med
1247 1917 35 30 »I
1300 1917 80 30 den»
1401 1917 61 31 och
1480 1917 41 40 på
1537 1927 24 21 s.
1580 1917 21 30 4

113 1971 97 30 slutar
226 1971 74 31 med
319 1970 66 31 >till
400 1971 126 30 känna»
545 1970 72 31 bort
632 1970 44 31 ha
690 1970 141 40 följande
848 1970 128 40 lydelse:

159 2025 84 30 »Det
260 2024 183 31 nuvarande
461 2024 84 40 läget
561 2024 89 31 inom
666 2023 326 32 radio-TV-området
1011 2026 34 29 är
1063 2024 96 40 enligt
1177 2024 166 32 utskottets
1362 2025 128 40 mening
1508 2025 10 31 i
1535 2025 65 39 hög

111 2079 78 39 grad
215 2078 320 31 otillfredsställande.
563 2078 64 30 Det
654 2079 35 30 är
714 2078 46 31 till
786 2083 65 26 stor
877 2078 51 31 del
954 2079 129 30 orsakat
1110 2088 38 21 av
1175 2078 198 40 regeringens
1400 2079 200 40 dogmatiska

112 2132 161 31 tänkande
290 2132 63 30 och
371 2132 97 39 ovilja
486 2136 43 26 att
548 2132 79 30 söka
644 2142 63 29 nya
724 2133 106 39 vägar,
850 2132 97 31 vilket
964 2132 135 31 kommit
1117 2132 46 31 till
1181 2133 126 39 uttryck
1324 2137 20 27 t.
1359 2143 47 21 ex.
1427 2134 10 30 i
1456 2133 143 31 avvisan-

111 2186 54 31 det
190 2195 39 21 av
254 2185 151 40 förslaget
429 2195 54 21 om
509 2195 41 21 en
573 2185 289 41 förutsättningslös
887 2186 169 40 utredning
1081 2196 38 21 av
1144 2186 73 31 hela
1241 2186 280 41 frågekomplexet.
1549 2187 51 30 De

112 2239 146 31 tekniska
275 2239 242 40 möjligheterna
536 2249 69 21 som
622 2240 168 39 föreligger
807 2239 51 31 för
875 2244 45 26 ett
937 2240 95 30 friare
1052 2244 115 35 system
1186 2240 59 31 har
1262 2240 196 40 negligerats,
1479 2241 62 30 och
1560 2241 39 31 de

111 2293 188 40 långsiktiga
317 2292 371 41 finansieringsfrågorna
706 2293 58 31 har
782 2293 135 31 lämnats
938 2294 111 31 olösta.

157 2346 267 31 Erfarenheterna
443 2346 85 31 visar
549 2351 44 26 att
614 2346 54 31 det
687 2346 11 31 i
719 2351 44 26 ett
784 2347 278 40 monopolföretag
1083 2347 64 31 inte
1167 2347 168 41 föreligger
1355 2348 143 40 fullgoda
1519 2349 80 39 möj-

112 2400 131 40 ligheter
265 2400 51 31 för
336 2410 42 21 en
399 2400 41 30 fri
462 2400 61 31 och
546 2400 123 40 allsidig
690 2400 292 40 opinionsbildning
1003 2401 62 30 och
1089 2401 265 31 samhällsdebatt.
1379 2402 73 30 Den
1475 2402 124 39 organi-

115 2453 103 31 sation
238 2462 70 21 som
328 2453 195 39 genomförts
542 2453 63 31 vad
624 2453 96 39 gäller
738 2453 59 31 TV
821 2454 13 30 1
857 2453 62 31 och
937 2454 59 30 TV
1016 2454 20 30 2
1055 2454 93 30 söker
1166 2454 181 40 visserligen
1365 2455 45 31 till
1428 2454 105 41 någon
1552 2456 50 31 del

113 2508 158 31 tillvarata
290 2508 40 31 de
348 2507 141 32 fördelar
508 2517 69 21 som
597 2508 198 31 konkurrens
817 2508 86 31 alltid
924 2508 147 37 medfört,
1091 2518 75 21 men
1185 2509 62 31 den
1269 2511 34 29 är
1321 2528 46 4 —
1386 2510 97 30 vilket
1503 2509 97 32 också
