1868 2778
274 142 38 29 10
622 142 313 30 Bankoutskottets
959 142 179 31 utlåtande
1161 152 42 19 nr
1224 143 42 30 30
1287 143 40 29 år
1350 144 83 29 1956

273 226 210 29 hemställan
503 235 54 20 om
579 226 186 39 utredning
785 236 41 19 av
845 227 100 28 dessa
965 226 388 39 organisationsfrågor.
1374 227 174 29 Utskottet
1572 227 204 29 förutsätter

273 276 124 33 tillika,
421 279 49 26 att
493 276 122 39 frågan
638 286 56 19 om
717 277 66 28 den
806 277 227 38 erforderliga
1059 277 194 29 revisionen
1277 287 41 20 av
1342 278 200 38 myntlagen
1567 278 208 39 hänskjutes

274 327 53 29 till
349 336 134 19 samma
501 327 197 38 utredning.

320 378 73 28 Vad
421 377 71 29 åter
519 377 107 39 angår
656 378 122 38 frågan
805 387 56 19 om
890 378 204 29 sambandet
1123 378 126 29 mellan
1277 378 340 39 sedelutgivningens
1647 379 128 29 storlek

273 428 66 28 och
366 427 363 39 valutautvecklingen
755 428 62 28 har
843 430 9 27 i
879 428 218 29 motionerna
1124 429 26 28 I:
1168 428 62 29 538
1256 429 65 29 och
1347 429 121 29 II:708
1493 429 207 34 hemställts,
1726 431 50 27 att

274 478 186 38 riksdagen
482 478 106 30 måtte
610 479 120 34 uttala,
755 480 49 27 att
826 479 271 38 sedelomloppet
1119 479 74 29 icke
1215 479 52 29 till
1288 488 74 20 mer
1384 480 43 28 än
1449 479 101 38 högst
1573 479 55 30 två
1651 480 125 38 tredje-

273 529 97 28 delar
392 538 41 19 av
456 528 304 40 maximibeloppet
784 529 54 29 för
862 529 321 39 sedelutgivningen
1208 530 61 28 bör
1293 539 82 20 vara
1399 530 94 29 täckt
1518 539 41 20 av
1583 531 193 28 skattkam-

273 579 197 29 marväxlar
490 579 64 29 och
577 579 238 39 obligationer.
838 579 268 39 Ifrågavarande
1130 580 179 30 uttalande
1332 582 37 27 är
1391 580 124 29 knutet
1538 581 51 28 till
1612 581 66 29 den
1699 590 76 31 pro-

272 629 174 29 visoriska
470 630 264 38 lagstiftningen
760 631 146 28 rörande
932 631 423 38 sedelutgivningsrätten.
1380 632 64 28 Det
1469 632 38 28 är
1532 631 101 29 tänkt
1661 632 114 29 såsom

273 688 41 19 en
332 680 213 38 provisorisk
562 680 196 39 anordning
777 681 9 29 i
803 680 91 39 syfte
910 683 50 27 att
976 681 170 38 begränsa
1163 682 66 28 den
1247 681 140 39 statliga
1403 681 238 39 upplåningen
1661 682 9 28 i
1688 682 87 29 riks-

272 730 150 29 banken.
446 730 48 29 De
518 739 90 20 ovan
634 731 233 29 omförmälda
891 731 223 39 sakkunniga
1138 732 147 29 rörande
1312 731 233 30 riksbankens
1571 732 205 39 sedelutgiv-

274 781 174 38 ningsrätt
475 781 62 29 har
563 780 191 31 emellertid
784 781 94 29 ställt
904 782 51 38 sig
980 782 71 28 helt
1077 782 159 39 negativa
1262 782 52 29 till
1341 782 95 39 varje
1462 782 171 38 bindning
1659 792 40 19 av
1726 792 49 19 se-

272 831 295 39 delutgivningen.
592 832 176 29 Utskottet
793 832 69 29 kan
885 832 88 29 dock
997 832 76 29 icke
1097 833 183 29 underlåta
1305 834 50 28 att
1380 833 188 29 framhålla
1592 833 118 29 risken
1735 843 41 19 av

274 883 50 27 att
358 882 77 29 med
468 882 202 29 nuvarande
703 882 181 29 bestämda
916 882 547 39 sedeltäckningsbestämmelser
1495 893 53 23 en,
1582 884 192 29 oberoende

272 940 43 20 av
343 931 309 40 säsongväxlingar
681 933 63 28 och
775 933 422 39 marknadsoperationer,
1224 934 187 29 bestående
1443 934 174 29 successiv
1644 935 131 38 ökning

272 991 42 20 av
331 982 232 30 riksbankens
580 983 258 39 kreditgivning
856 983 52 30 till
925 985 114 28 staten
1057 985 85 28 även
1163 984 43 39 på
1223 984 194 31 bekostnad
1436 994 40 20 av
1494 985 280 29 valutareserven

272 1033 71 29 kan
368 1033 47 28 bli
439 1033 144 39 följden.
608 1034 175 29 Utskottet
807 1034 159 29 förordar
992 1034 78 29 med
1095 1035 187 38 anledning
1306 1044 42 20 av
1371 1035 41 29 de
1435 1036 10 28 i
1469 1035 41 29 de
1534 1036 240 38 nyssnämnda

273 1083 218 30 motionerna
519 1083 196 30 framförda
744 1084 275 39 synpunkterna,
1050 1085 50 29 att
1128 1085 123 39 frågan
1280 1094 56 21 om
1367 1086 408 38 täckningsbestämmel-

272 1142 103 20 serna
396 1134 198 39 ytterligare
618 1134 137 29 utredes
779 1143 41 21 av
841 1135 67 29 den
930 1144 42 20 av
996 1135 170 30 utskottet
1188 1144 89 21 ovan
1302 1136 333 29 rekommenderade
1660 1137 115 29 utred-

273 1183 128 39 ningen
423 1193 78 20 men
521 1193 102 21 anser
645 1184 51 39 sig
717 1185 74 29 icke
813 1185 121 29 kunna
954 1185 186 39 tillstyrka,
1162 1188 50 27 att
1234 1187 188 38 riksdagen
1443 1196 46 19 nu
1513 1188 60 36 gör
1596 1187 103 38 något
1723 1188 52 28 ut-

273 1234 139 29 talande
439 1235 9 28 i
472 1234 151 39 enlighet
648 1236 78 29 med
752 1236 278 29 motionärernas
1054 1237 165 38 yrkande.
1246 1237 136 39 Frågan
1407 1238 37 28 är
1469 1237 177 39 nämligen
1671 1247 41 20 av
1738 1237 37 29 så

272 1284 236 39 komplicerad
532 1287 63 32 art,
617 1287 50 29 att
688 1286 66 29 den
776 1287 86 28 trots
883 1287 40 29 de
947 1286 122 33 risker,
1091 1296 75 20 som
1187 1288 38 28 är
1246 1287 166 30 förenade
1436 1288 77 28 med
1535 1289 48 28 ett
1605 1288 168 38 uppskov,

271 1335 112 29 måste
404 1336 198 38 ytterligare
624 1337 227 33 undersökas,
873 1337 108 29 innan
1002 1336 162 31 definitiv
1185 1337 166 39 ställning
1372 1339 106 38 tages.

316 1385 51 30 Av
393 1386 214 39 tillgängliga
631 1387 228 29 ekonomiska
884 1387 268 29 informationer
1177 1388 164 38 framgår,
1369 1389 50 29 att
1443 1388 158 30 riskerna
1629 1389 53 29 för
1707 1398 67 30 nya

270 1436 325 39 balansstörningar
614 1437 10 29 i
644 1437 67 29 den
730 1437 185 30 inhemska
933 1437 208 30 ekonomien
1161 1438 153 39 alltjämt
1334 1439 38 29 är
1391 1439 184 39 påtagliga.
1598 1439 176 30 Utskottet

269 1485 61 30 vill
348 1487 79 29 med
447 1487 188 39 anledning
654 1488 108 29 härav
781 1488 234 39 understryka
1035 1489 118 29 vikten
1173 1498 42 20 av
1235 1490 50 28 att
1305 1498 43 20 en
1367 1489 179 30 restriktiv
1566 1490 207 29 ekonomisk

270 1537 125 38 politik
413 1537 182 39 fullföljes.
616 1538 267 39 Möjligheterna
902 1540 50 28 att
971 1539 95 29 såväl
1088 1540 43 38 på
1150 1540 78 28 kort
1248 1549 76 20 som
1343 1539 44 40 på
1408 1540 74 29 litet
1501 1539 119 40 längre
1641 1540 68 30 sikt
1730 1540 43 29 nå

271 1586 93 30 fram
389 1587 52 30 till
466 1597 41 20 en
533 1588 105 39 något
666 1589 142 38 lugnare
834 1589 207 29 ekonomisk
1069 1590 198 39 utveckling
1293 1591 79 29 med
1399 1592 109 28 större
1537 1591 167 29 stabilitet
1730 1591 43 39 på

270 1637 88 39 pris-
376 1638 64 29 och
460 1638 269 31 löneområdena
748 1639 64 29 och
832 1639 105 30 frihet
956 1640 79 29 från
1056 1640 205 31 irriterande
1282 1640 145 40 ingrepp
1446 1642 10 28 i
1477 1640 209 30 ekonomien
1706 1642 38 28 är
1763 1650 10 19 1

270 1688 67 39 hög
362 1689 83 38 grad
471 1689 171 30 beroende
667 1699 41 19 av
733 1690 285 29 återhållsamhet
1043 1691 10 28 i
1077 1691 214 38 efterfrågan
1317 1690 79 30 från
1423 1691 68 30 alla
1515 1691 82 30 håll.
1623 1692 64 29 Det
1713 1691 60 30 all-

270 1739 131 29 männa
417 1739 62 29 bör
498 1739 121 40 ålägga
637 1740 50 38 sig
705 1741 127 28 största
851 1740 143 39 möjliga
1011 1741 234 38 begränsning
1263 1750 42 20 av
1325 1741 76 30 sina
1418 1741 144 40 utgifter
1580 1742 65 29 och
1663 1742 110 30 effek-

269 1788 64 30 tivt
355 1789 140 30 bromsa
517 1790 67 29 den
606 1790 177 39 pågående
806 1791 335 39 utgiftsstegringen.
1166 1792 56 29 Ett
1247 1792 147 29 allmänt
1416 1792 174 34 omfattat,
1615 1792 157 39 frivilligt

268 1840 174 38 sparande
464 1841 38 28 är
523 1849 42 21 av
588 1841 282 39 utslagsgivande
892 1841 175 40 betydelse
1091 1842 54 29 för
1169 1844 51 27 att
1242 1842 45 30 nå
1310 1842 286 30 återhållsamhet
1620 1843 63 29 hos
1706 1843 66 30 den

269 1891 95 28 stora
386 1890 246 30 allmänheten.
658 1891 63 29 Det
746 1891 234 30 förhållandet
1003 1893 50 29 att
1076 1893 58 29 det
1156 1892 165 40 frivilliga
1344 1894 188 38 sparandet
1558 1894 152 38 alltjämt
1734 1895 37 28 är

268 1940 225 39 otillräckligt
517 1940 55 30 för
595 1943 51 28 att
672 1943 92 28 möta
789 1942 213 39 efterfrågan
1027 1944 61 37 gör
1112 1944 55 29 det
1192 1944 214 38 nödvändigt
1430 1946 49 27 att
1505 1944 84 29 söka
1615 1953 67 30 nya
1707 1944 64 29 och

267 1990 169 30 effektiva
458 1991 130 29 former
607 1992 54 29 för
682 1994 49 28 att
751 1994 216 37 uppmuntra
985 1993 65 29 och
1071 1993 179 30 stimulera
1273 1994 52 29 till
1344 1994 83 29 ökat
1449 1995 128 29 enskilt
1599 1995 171 39 sparande

267 2041 44 38 på
335 2041 266 39 frivillighetens
623 2044 75 37 väg.
723 2043 175 29 Utskottet
921 2052 102 21 anser
1049 2044 114 30 denna
1185 2053 82 20 vara
1291 2045 66 29 den
1381 2045 88 29 enda
1493 2046 148 37 verkligt
1665 2046 106 28 fram-

266 2091 165 39 komliga.
450 2092 72 29 Den
540 2092 136 40 privata
695 2093 317 39 företagsamheten
1030 2094 64 30 har
1113 2095 10 28 i
1142 2095 196 39 dämpande
1357 2095 64 29 och
1440 2095 331 39 investeringshäm-

267 2142 127 29 mande
418 2142 88 39 syfte
528 2143 136 39 pålagts
688 2144 173 29 särskilda
883 2145 132 29 skatter
1036 2144 65 30 och
1124 2145 368 30 kreditrestriktioner.
1515 2147 175 29 Utskottet
1712 2146 56 29 vill

266 2192 193 30 emellertid
483 2193 188 30 framhålla
693 2195 55 29 det
769 2194 198 40 betänkliga
991 2195 9 28 i
1023 2197 50 27 att
1095 2195 68 30 låta
1187 2196 268 39 tyngdpunkten
1477 2197 10 29 i
1510 2197 40 29 de
1573 2197 197 29 inflations-

265 2242 242 40 bekämpande
526 2243 209 40 åtgärderna
752 2245 118 29 alltför
890 2246 78 29 stelt
986 2245 65 30 och
1071 2246 149 38 ensidigt
1240 2247 117 38 läggas
1377 2247 43 39 på
1438 2247 248 39 produktions-
1705 2247 64 29 och

265 2292 340 38 investeringssidan.
621 2294 51 29 En
688 2294 104 38 riktig
809 2295 192 38 avvägning
1017 2296 125 29 mellan
1159 2297 223 29 önskemålen
1399 2307 55 20 om
1471 2298 196 29 omedelbar
1687 2298 83 29 kon-

266 2343 156 29 sumtion
446 2344 63 29 och
534 2344 212 40 investering
769 2347 38 27 är
835 2346 8 28 i
868 2346 111 39 själva
1003 2347 119 29 verket
1147 2347 194 38 avgörande
1367 2347 55 30 för
1446 2348 66 28 den
1538 2348 231 29 ekonomiska

266 2394 232 29 standardens
530 2395 199 39 utveckling
759 2396 44 39 på
835 2397 102 38 något
970 2398 117 37 längre
1121 2397 78 30 sikt.
1232 2398 203 38 Stagnation
1467 2398 10 28 i
1509 2399 259 38 produktionen

265 2443 114 31 skulle
399 2444 74 30 icke
495 2445 121 40 hjälpa
636 2448 85 27 utan
743 2446 158 30 försvåra
922 2447 267 39 möjligheterna
1210 2450 49 27 att
1281 2449 143 29 komma
1443 2448 50 29 till
1514 2450 91 28 rätta
1630 2449 76 29 med
1728 2448 40 29 de

265 2494 291 31 inflationistiska
577 2496 65 30 och
663 2497 287 30 balansstörande
974 2497 190 31 krafterna.
