1864 2784
451 157 315 31 Bankoutskottets
789 159 179 30 utlåtande
988 168 43 21 nr
1049 160 42 29 30
1110 160 40 30 år
1172 161 83 30 1956
1587 162 13 30 1

781 452 60 41 Nr
867 453 54 41 30

322 568 185 31 Utlåtande
529 569 12 30 i
561 570 191 40 anledning
773 580 42 21 av
847 571 107 31 dels
986 572 127 40 Kungl.
1135 573 125 40 Maj:ts
1281 572 219 41 proposition
1522 573 81 29 med

542 620 134 40 förslag
703 621 52 30 till
780 621 54 40 lag
859 622 80 30 med
964 622 174 31 särskilda
1166 623 264 30 bestämmelser
1455 623 149 30 rörande

540 670 235 31 riksbankens
812 672 289 40 sedelutgivning,
1138 682 46 23 m.
1221 682 57 28 m.,
1313 672 111 42 jämte
1448 673 12 30 i
1483 674 120 30 ämnet

542 721 124 31 väckta
686 721 182 38 motioner,
901 722 107 31 dels
1040 722 89 31 ock
1159 723 124 31 väckta
1303 723 174 31 motioner
1496 723 107 41 angå-

538 771 87 31 ende
651 771 162 40 åtgärder
835 773 58 40 för
916 782 42 23 en
982 773 193 41 skyndsam
1201 774 288 41 räntesänkning.

144 887 13 30 I
177 896 44 21 en
241 888 68 30 den
330 888 20 30 9
372 898 95 21 mars
490 890 83 30 1956
595 891 219 39 dagtecknad
836 892 228 40 proposition,
1087 902 43 20 nr
1153 893 72 34 117,
1248 902 76 21 som
1345 893 182 30 hänvisats
1549 893 53 30 till

94 937 313 32 bankoutskottets
431 940 253 31 förberedande
708 941 271 41 handläggning,
1004 942 66 30 har
1093 943 126 40 Kungl.
1244 943 116 40 Maj:t,
1385 943 112 31 under
1524 943 78 31 åbe-

95 989 158 39 ropande
273 997 44 22 av
335 989 264 41 propositionen
620 991 108 40 bilagt
749 992 126 40 utdrag
895 1002 42 21 ur
958 993 386 40 statsrådsprotokollet
1365 995 81 30 över
1468 994 134 30 finans-

93 1040 158 30 ärenden
273 1040 55 30 för
349 1049 136 22 samma
504 1041 77 40 dag,
602 1042 181 40 föreslagit
803 1042 188 41 riksdagen
1011 1045 51 29 att

141 1089 75 30 dels
236 1093 127 37 antaga
381 1091 58 30 vid
459 1091 264 41 propositionen
742 1093 96 40 fogat
859 1093 132 40 förslag
1010 1094 53 31 till
1083 1094 55 40 lag
1159 1095 78 30 med
1258 1095 174 30 särskilda
1451 1095 150 30 bestäm-

98 1140 128 30 melser
241 1142 148 30 rörande
406 1141 236 31 riksbankens
659 1143 287 41 sedelutgivning,

141 1190 76 31 dels
239 1191 65 30 ock
327 1192 170 40 medgiva,
520 1194 51 29 att
593 1192 215 32 riksbanken
831 1195 57 30 må
910 1195 56 30 för
988 1194 96 31 tiden
1106 1195 81 31 från
1209 1196 66 29 och
1300 1196 79 31 med
1401 1196 67 30 den
1494 1197 14 29 1
1533 1196 67 40 juli

99 1241 85 31 1956
205 1241 52 31 till
277 1242 66 30 och
364 1243 79 31 med
465 1243 67 31 den
552 1243 43 31 30
613 1243 80 41 juni
717 1245 82 30 1957
821 1254 84 21 vara
927 1244 152 41 fritagen
1100 1246 81 30 från
1203 1246 244 40 skyldigheten
1469 1248 51 29 att
1541 1247 59 31 vid

94 1293 197 30 anfordran
317 1292 113 32 inlösa
456 1303 43 20 av
523 1293 140 31 banken
690 1295 143 39 utgivna
859 1296 115 30 sedlar
1000 1297 80 30 med
1105 1297 83 39 guld
1215 1296 90 31 efter
1330 1298 103 30 deras
1460 1298 139 40 lydelse,

97 1343 81 31 med
200 1344 70 29 rätt
290 1343 90 31 dock
402 1344 56 30 för
480 1344 216 31 riksbanken
718 1347 61 34 att,
803 1354 58 21 om
884 1345 269 32 förhållandena
1176 1346 118 31 därtill
1318 1356 60 31 ger
1400 1348 199 40 anledning,

93 1393 79 31 före
188 1394 176 39 utgången
382 1403 44 21 av
441 1395 156 30 nämnda
615 1395 51 31 tid
685 1396 230 40 återupptaga
932 1396 223 40 inlösningen
1173 1406 43 21 av
1235 1397 159 31 bankens
1413 1399 124 32 sedlar.

140 1444 153 31 Berörda
313 1444 190 40 lagförslag
523 1446 40 29 är
583 1454 42 21 av
645 1445 158 40 följande
824 1446 145 40 lydelse:

771 1599 147 45 Förslag

819 1673 54 31 till

805 1743 76 45 Lag

199 1816 81 34 med
301 1817 173 34 särskilda
495 1818 265 35 bestämmelser
780 1820 150 33 rörande
951 1820 235 35 riksbankens
1207 1821 281 46 sedelutgivning

138 1913 211 40 Härigenom
373 1914 197 36 förordnas,
593 1917 52 28 att
667 1916 112 30 under
801 1916 96 31 tiden
920 1917 80 30 från
1022 1918 65 29 och
1111 1919 79 29 med
1213 1919 67 29 den
1306 1920 14 29 1
1344 1919 68 39 juli
1438 1920 82 30 1956
1545 1920 52 30 till

88 1955 70 30 och
178 1956 78 30 med
275 1956 67 30 den
361 1956 42 30 30
420 1956 80 40 juni
523 1957 82 30 1957
627 1958 109 35 skola,
756 1958 11 29 i
786 1958 116 31 stället
921 1959 54 30 för
994 1960 66 29 vad
1080 1960 11 29 i
1112 1961 19 29 9
1153 1960 15 36 8
1190 1960 65 30 och
1277 1961 36 31 11
1339 1961 15 37 $
1377 1961 110 30 första
1507 1964 89 37 styc-

91 1997 60 30 ket
174 1997 99 40 lagen
295 1998 67 29 den
385 1999 41 29 30
447 1999 80 39 juni
552 1999 83 30 1934
663 2000 60 34 (nr
744 2000 81 34 437)
853 2001 55 30 för
932 2001 156 40 Sveriges
1111 2002 171 30 riksbank
1306 2002 116 31 finnes
1447 2004 148 39 stadgat,

88 2039 162 39 följande
271 2040 174 31 särskilda
466 2041 264 31 bestämmelser
752 2043 104 30 lända
877 2043 52 30 till
949 2044 243 30 efterrättelse.

811 2119 66 36 18.

136 2173 226 30 Riksbanken
388 2175 57 30 må
469 2175 118 39 utgiva
613 2176 115 29 sedlar
751 2176 52 30 till
827 2178 49 28 ett
900 2177 124 40 belopp
1050 2187 42 20 av
1116 2178 100 40 högst
1242 2181 163 28 sextusen
1431 2180 164 39 miljoner

90 2214 141 32 kronor.

805 2276 70 37 28.

134 2331 125 29 Därest
282 2331 37 30 så
343 2333 79 29 med
445 2332 138 40 hänsyn
607 2333 51 30 till
682 2335 294 39 utomordentliga
1001 2336 299 40 omständigheter
1324 2338 125 38 prövas
1474 2338 121 40 nödigt

91 2373 57 30 må
167 2373 205 38 Konungen,
392 2375 112 29 under
523 2375 48 29 tid
591 2375 42 30 då
655 2375 186 40 riksdagen
860 2377 31 39 ej
914 2377 110 30 håller
1043 2377 144 35 session,
1208 2380 43 38 på
1273 2379 261 40 framställning
1554 2389 43 21 av

90 2415 222 39 fullmäktige
333 2415 10 29 i
364 2416 213 29 riksbanken
601 2418 64 28 och
685 2418 89 29 efter
795 2419 139 29 samråd
958 2420 76 28 med
1058 2421 220 38 fullmäktige
1301 2421 10 29 i
1334 2422 261 38 riksgäldskon-

89 2459 90 27 toret
196 2457 158 39 medgiva
371 2457 214 31 riksbanken
604 2461 50 27 att
672 2460 117 38 utgiva
807 2461 113 29 sedlar
938 2460 50 30 till
1007 2463 47 28 ett
1072 2462 125 40 belopp
1216 2472 41 20 av
1274 2463 200 40 ytterligare
1492 2464 102 40 högst

116 2515 14 26 1
173 2515 113 31 Bihang
297 2516 46 23 till
354 2516 169 31 riksdagens
534 2518 147 30 protokoll
694 2519 75 24 1956.
789 2520 15 23 8
815 2519 83 24 saml.
918 2520 40 24 Nr
970 2521 32 24 30
