2198 2612
703 129 250 32 Statsutskottets
975 127 163 32 utlåtande
1161 127 51 32 Nr
1235 127 20 30 2
1269 126 39 32 B.
1722 124 40 31 55

336 209 129 38 Under
506 208 234 48 hänvisning
781 207 55 36 till
869 206 72 36 vad
970 206 185 36 utskottet
1183 205 11 35 i
1223 205 120 48 punkt
1371 206 46 33 33
1448 216 45 23 av
1522 202 66 37 sitt
1616 202 190 38 utlåtande

211 275 42 22 nr
281 263 21 34 2
320 262 32 35 ÅA
381 261 126 36 anfört
535 260 216 36 hemställer
779 259 194 46 utskottet,

739 351 54 31 att
820 345 206 47 riksdagen
1055 346 60 33 må
1144 342 56 37 till
1230 342 259 47 förstärkning
1517 354 45 23 av
1591 341 62 37 det
1676 341 12 36 i
1711 341 95 38 1919

610 400 59 34 års
714 396 155 37 riksstat
910 394 189 51 uppförda
1140 394 188 38 ordinarie
1371 393 340 47 förslagsanslaget
1752 391 55 36 till

612 449 153 47 fångars
799 447 90 37 vård
919 447 69 36 och
1017 446 198 37 underhåll
1243 448 20 33 å
1292 445 233 48 tilläggsstat
1554 444 58 36 för
1640 447 40 33 år
1711 444 95 35 1919

609 500 142 47 bevilja
779 504 53 30 ett
860 497 313 48 förslagsanslag,
1204 497 126 47 högst,
1364 496 200 46 1,200,000
1592 494 149 36 kronor.

343 622 73 47 6:0)
445 620 141 48 Kungl.
616 619 109 48 Maj:t
752 619 67 35 har
848 617 135 49 (punkt
1013 616 34 49 6)
1075 616 200 48 föreslagit
1302 615 204 48 riksdagen
1536 620 55 30 att
1617 614 58 35 för
1694 613 115 48 inköp

213 687 46 23 av
279 672 274 49 fastigheterna
572 683 173 24 nummer
767 672 18 33 1
807 669 71 37 och
899 671 47 34 24
967 682 48 22 av
1034 674 147 31 tomten
1201 681 45 22 nr
1270 669 47 35 52
1334 666 33 36 A
1388 680 46 22 av
1452 664 357 49 Kirsebergsstaden

213 725 12 36 i
253 725 138 36 Malmö
432 724 56 36 till
530 721 212 38 beredande
785 735 46 22 av
871 720 180 37 bostäder
1092 723 35 33 åt
1156 718 377 48 befattningshavare
1560 717 64 36 vid
1653 715 158 38 central-

214 776 190 49 fängelset
438 775 5 36 i
471 774 165 36 nämnda
678 773 82 36 stad
789 776 21 33 å
839 773 231 48 tilläggsstat
1111 772 59 36 för
1202 773 41 34 år
1274 772 96 34 1919
1400 769 140 49 bevilja
1567 773 55 32 ett
1648 780 163 25 reserva-

215 827 236 48 tionsanslag
479 829 20 34 å
530 826 162 47 170,000
720 826 151 35 kronor.

343 929 238 37 Beträffande
608 927 253 48 utredningen
890 927 11 35 i
930 926 153 37 ärendet
1111 925 177 37 hänvisas
1317 924 53 36 till
1402 923 413 48 statsrådsprotokollet

218 982 83 49 sid.
335 981 152 49 7—12.)

346 1085 208 45 Utskottet,
584 1096 82 24 som
694 1082 82 37 icke
804 1082 124 36 funnit
951 1081 208 47 anledning
1177 1080 57 36 till
1254 1079 150 37 erinran
1424 1084 80 30 mot
1527 1078 140 48 Kungl.
1690 1077 126 49 Maj:ts

217 1136 290 50 ifrågavarande
536 1135 157 47 förslag,
723 1134 56 37 får
806 1134 159 37 sålunda
992 1133 209 46 hemställa,

750 1226 54 31 att
822 1220 208 48 riksdagen
1045 1222 60 33 må
1120 1219 59 36 för
1193 1220 110 45 inköp
1319 1231 44 23 av
1372 1218 269 45 fastigheterna
1657 1227 162 26 nummer

620 1278 20 31 1
671 1275 63 34 och
769 1275 52 34 24
859 1285 44 23 av
937 1276 130 31 tomten
1095 1283 163 24 nummer
1285 1271 98 35 52
1361 1265 25 56 A
1411 1281 45 24 av
1479 1269 339 45 Kirsebergsstaden

620 1327 13 33 i
652 1326 144 34 Malmö
817 1324 56 35 till
892 1322 214 37 beredande
1126 1336 46 22 av
1192 1321 175 37 bostäder
1386 1323 37 33 åt
1441 1319 377 48 befattningshavare

619 1376 64 36 vid
725 1375 329 48 centralfängelset
1087 1374 5 35 i
1121 1373 165 36 nämnda
1326 1372 82 36 stad
1451 1374 20 34 å
1498 1371 236 48 tilläggsstat
1761 1370 58 36 för

622 1430 40 33 år
688 1428 96 35 1919
805 1426 141 49 bevilja
964 1431 53 31 ett
1035 1424 389 48 reservationsanslag
1443 1426 21 33 å
1485 1424 163 45 170,000
1668 1423 149 35 kronor.

353 1550 72 49 7:0)
468 1549 144 49 Kungl.
654 1548 108 49 Maj:t
803 1548 68 35 har
903 1546 197 47 föreslagit
1127 1545 207 49 riksdagen
1363 1545 137 48 (punkt
1529 1543 33 50 7)
1591 1549 56 31 att
1674 1542 57 38 till
1758 1543 62 37 be-

222 1603 190 37 stridande
441 1616 47 22 av
515 1600 256 37 kostnaderna
798 1599 58 36 för
883 1597 236 50 uppförande
1147 1597 63 36 vid
1239 1597 330 48 centralfängelset
1594 1596 5 36 i
1618 1594 201 37 Mariestad

224 1669 45 23 av
310 1657 64 34 två
415 1653 240 46 bostadshus,
688 1651 173 36 vartdera
889 1663 61 23 om
980 1652 63 34 två
1071 1649 220 48 lägenheter
1318 1649 87 36 med
1432 1651 65 33 två
1524 1661 83 23 rum
1636 1647 69 36 och
1734 1646 86 47 kök,

223 1708 59 36 för
307 1704 416 50 bevakningspersonal
758 1702 195 37 därstädes
983 1701 122 49 enligt
1131 1701 13 36 i
1171 1700 199 37 huvudsak
1398 1700 72 37 den
1499 1706 80 43 typ,
1608 1712 80 23 som
1717 1698 105 48 följts

224 1759 62 36 vid
313 1757 238 50 uppförande
579 1769 46 23 av
653 1755 178 36 liknande
852 1753 225 37 bostadshus
1095 1753 63 36 vid
1178 1752 457 49 tvångsarbetsanstalten
1655 1753 21 34 å
1696 1749 126 37 Svart-

226 1811 69 48 sjö,
325 1813 21 33 å
374 1809 237 48 tilläggsstat
652 1807 58 36 för
747 1809 40 33 år
816 1807 98 35 1919
944 1804 139 49 bevilja
1111 1809 54 32 ett
1191 1803 392 48 reservationsanslag
1610 1815 46 23 av
1685 1803 138 46 50,000

225 1862 149 37 kronor.

355 1912 264 48 Utredningen
648 1910 12 36 i
688 1910 157 37 ärendet
882 1908 199 37 återfinnes
1110 1911 20 33 å
1157 1908 66 36 sid.
1258 1909 147 35 12—15
1437 1906 11 36 i
1476 1906 210 50 åberopade
1714 1911 110 31 stats-

227 1964 326 50 rådsprotokollet.

357 2068 196 38 Utskottet
591 2067 70 35 har
701 2066 81 36 icke
823 2066 146 36 kunnat
1008 2064 129 48 undgå
1169 2063 101 37 finna
1299 2063 64 37 det
1391 2061 356 48 anmärkningsvärt
1775 2066 52 30 att

229 2121 117 37 ehuru
375 2120 12 36 i
428 2119 142 49 Kungl.
612 2117 127 49 Maj:ts
778 2118 57 36 till
880 2118 95 35 1917
1007 2118 60 33 års
1095 2115 155 48 riksdag
1277 2115 152 36 avlåtna
1456 2113 281 47 framställning
1765 2125 60 23 om

230 2172 242 38 anordnande
501 2184 46 23 av
575 2170 291 48 ifrågavarande
895 2166 250 39 straffanstalt
1173 2167 123 36 ställts
1323 2166 12 42 i
1363 2165 120 38 utsikt
1511 2171 55 32 att
1590 2165 162 37 behovet
1780 2176 46 23 av

229 2224 178 38 bostäder
447 2224 59 36 för
546 2220 432 51 fångvårdspersonalen
1020 2219 219 48 antagligen
1281 2218 122 38 skulle
1434 2218 127 36 kunna
1598 2217 112 49 fyllas
1737 2221 90 31 utan

1852 625 163 23 Bostadshus

1856 662 42 28 för
1918 660 91 29 befatt-

1844 694 175 30 ningshavare

1847 730 43 24 vid
1909 729 111 24 central-

1857 765 128 31 fängelset
2005 764 9 23 i

1878 799 107 25 Malmö.

1899 836 68 46 (6.]

1861 1553 163 24 Bostadshus

1868 1590 43 30 för
1929 1588 87 23 bevak-

1846 1622 202 31 ningspersonal

1857 1659 44 24 vid
1919 1657 110 25 central-

1867 1692 127 33 fängelset
2011 1692 10 23 i

1871 1727 153 25 Mariestad.

1915 1764 66 47 [7.]
