1870 2794
479 181 287 30 Statsutskottets
786 178 179 31 utlåtande
984 186 42 20 nr
1046 176 61 29 114
1126 176 40 29 år
1185 175 84 29 1955
1581 168 37 30 11

131 263 148 31 förande
308 272 41 21 av
376 261 267 39 ifrågavarande
672 260 143 30 arbeten
842 259 144 37 begäres
1015 256 54 29 för
1097 256 102 28 nästa
1226 252 169 39 budgetår
1423 248 200 32 återstoden

133 327 42 21 av
202 317 68 30 den
297 315 198 31 beräknade
523 313 208 34 kostnaden,
763 312 92 29 1025
871 311 63 29 000
963 311 140 28 kronor.

179 422 223 39 Uppförande
426 432 42 19 av
491 417 477 39 administrationsbyggnad.
995 415 83 31 1954
1102 415 57 29 års
1183 413 142 38 riksdag
1349 411 120 33 beslöt,
1493 411 51 28 att
1566 408 58 30 vid

135 477 188 40 sjukhuset
343 476 112 30 skulle
475 475 169 39 uppföras
666 468 465 40 administrationsbyggnad
1152 468 55 29 för
1227 476 43 20 en
1290 464 151 31 kostnad
1462 473 41 20 av
1523 463 102 38 högst

136 530 94 30 1260
245 530 63 29 000
332 530 131 28 kronor
487 530 90 27 samt
602 526 165 30 anvisade
792 525 62 29 600
870 524 62 30 000
957 524 130 28 kronor
1112 522 55 29 för
1191 520 183 30 arbetenas
1397 516 228 41 påbörjande.

135 584 67 30 För
230 585 102 28 nästa
360 582 169 39 budgetår
558 580 148 29 föreslås
736 579 98 29 skola
863 577 140 30 anvisas
1032 574 200 31 återstoden
1261 582 42 21 av
1331 572 67 29 den
1426 569 199 31 beräknade

134 637 207 33 kostnaden,
368 636 62 29 660
445 635 62 29 000
532 634 141 29 kronor.

181 741 224 40 Uppförande
425 751 41 20 av
486 740 179 39 paviljong
685 740 23 29 C
728 738 58 30 III.
809 737 84 30 1954
913 737 57 30 års
989 735 142 39 riksdag
1150 734 121 33 beslöt,
1293 734 50 28 att
1361 731 57 30 vid
1439 730 188 40 sjukhuset

137 797 112 30 skulle
279 796 169 40 uppföras
476 804 43 20 en
546 792 278 40 vårdpaviljong,
854 791 23 30 C
906 791 41 29 II.
976 790 122 29 Denna
1126 786 171 41 byggnad,
1328 794 74 21 som
1432 785 38 29 är
1499 782 128 31 avsedd

136 851 55 29 för
211 849 215 39 halvoroliga
446 849 92 32 män,
559 847 100 39 ingår
680 855 75 20 som
776 855 43 19 en
840 845 110 29 andra
970 842 179 41 paviljong
1170 841 11 29 i
1201 840 129 40 planen
1352 839 53 29 för
1427 835 200 41 utbyggnad

137 914 43 20 av
195 904 206 39 sjukhusets
416 901 154 39 manliga
585 900 196 38 avdelning.
798 898 117 38 Enligt
926 897 115 29 denna
1056 896 83 39 plan
1155 894 89 30 skall
1260 893 55 29 för
1326 892 154 38 manliga
1495 890 133 40 patien-

136 958 52 28 ter
210 956 169 39 uppföras
400 954 200 40 ytterligare
623 953 57 29 två
702 950 316 40 vårdpaviljonger,
1042 948 151 30 avsedda
1216 947 55 29 för
1293 945 131 39 oroliga
1445 944 183 39 patienter.

182 1010 117 29 Under
328 1010 101 28 nästa
457 1007 169 39 budgetår
656 1015 102 21 anses
787 1003 247 40 utbyggnaden
1063 1011 42 20 av
1135 1000 188 39 sjukhuset
1351 999 85 29 böra
1465 997 164 29 fortsätta

137 1063 80 30 med
238 1062 220 40 uppförande
479 1070 41 20 av
540 1070 43 20 en
603 1059 180 40 paviljong
802 1076 45 3 —
867 1057 23 30 C
912 1057 47 29 III
979 1074 44 3 —
1043 1055 54 29 för
1119 1054 132 38 oroliga
1271 1052 153 38 manliga
1445 1051 183 39 patienter.

137 1116 124 30 Denna
284 1115 179 40 paviljong
488 1123 98 20 avses
609 1113 49 29 bli
682 1111 180 30 utformad
886 1111 11 29 i
922 1107 348 32 överensstämmelse
1294 1105 80 30 med
1398 1105 67 29 den
1489 1103 141 40 nyligen

138 1169 244 39 färdigställda
405 1167 223 40 paviljongen
652 1166 29 29 D
707 1166 45 29 IV
775 1165 65 29 och
863 1164 160 28 kommer
1048 1161 149 30 sålunda
1220 1161 51 29 att
1294 1159 176 39 inrymma
1493 1156 57 30 två
1574 1165 56 20 av-

138 1223 183 38 delningar
343 1231 56 20 om
420 1221 147 29 vardera
589 1219 40 30 24
650 1218 219 40 vårdplatser
891 1217 83 29 eller
997 1214 234 39 sammanlagt
1252 1212 42 30 48
1316 1211 227 40 vårdplatser.

183 1276 203 30 Kostnaden
416 1276 54 29 för
498 1274 225 40 paviljongen
752 1273 109 39 jämte
891 1270 190 38 utvändiga
1109 1268 184 38 ledningar
1321 1266 65 29 och
1415 1264 216 40 planerings-

140 1332 143 29 arbeten
311 1331 64 28 har
403 1329 188 30 beräknats
620 1327 53 30 till
706 1326 93 30 1465
815 1325 62 30 000
907 1325 141 32 kronor,
1078 1331 106 21 varav
1216 1319 93 31 1245
1324 1319 62 30 000
1415 1318 131 29 kronor
1576 1316 55 29 för

138 1383 226 41 paviljongen
386 1383 65 29 och
474 1381 61 30 220
551 1381 62 30 000
636 1380 131 29 kronor
789 1379 55 29 för
866 1375 332 42 promenadgårdar,
1220 1375 91 38 yttre
1334 1371 182 39 ledningar
1540 1370 91 29 samt

139 1439 80 37 väg-
243 1437 66 29 och
333 1434 346 41 planeringsarbeten
705 1442 46 20 m.
777 1441 46 20 m.
849 1431 66 29 Det
940 1428 212 33 hemställes,
1180 1429 50 27 att
1256 1426 54 29 för
1336 1426 101 28 nästa
1462 1422 169 39 budgetår

139 1490 109 30 måtte
275 1489 138 29 anvisas
439 1487 62 30 600
517 1487 62 29 000
604 1486 132 29 kronor
761 1485 55 29 för
841 1482 217 41 påbörjande
1085 1491 42 20 av
1152 1479 234 41 paviljongen.

186 1595 210 38 Utvidgning
420 1604 42 20 av
488 1590 355 40 verkstadsbyggnad.
871 1589 84 30 1954
981 1589 57 29 års
1062 1587 143 39 riksdag
1230 1585 120 33 beslöt,
1376 1586 50 28 att
1451 1583 57 30 vid
1535 1581 97 40 sjuk-

139 1650 104 29 huset
272 1649 112 30 skulle
414 1648 114 29 såsom
557 1656 43 20 en
628 1646 112 29 första
768 1646 102 38 etapp
900 1643 169 39 uppföras
1097 1641 94 30 vissa
1218 1638 203 31 verkstäder
1451 1637 54 29 för
1535 1635 98 39 sjuk-

140 1703 103 29 huset
271 1703 11 29 i
311 1701 202 38 anslutning
543 1700 51 29 till
624 1697 286 41 panncentralen.
940 1696 151 29 Behovet
1120 1703 42 21 av
1189 1691 204 31 verkstäder
1421 1690 65 30 och
1514 1688 118 31 därtill

140 1756 157 29 hörande
318 1753 273 31 förrådslokaler
611 1752 89 30 hade
721 1751 177 38 nämligen
917 1750 12 29 i
950 1748 170 30 samband
1141 1747 80 29 med
1243 1745 205 40 sjukhusets
1469 1743 164 29 fortsatta

141 1809 202 39 utbyggnad
374 1808 64 29 och
469 1805 251 40 överflyttning
750 1805 52 28 till
834 1804 58 29 det
923 1812 69 29 nya
1024 1799 313 41 sjukhusområdet
1366 1797 99 30 blivit
1496 1796 137 29 alltmer

141 1861 204 39 trängande.
366 1859 216 30 Kommittén
603 1859 55 29 för
680 1855 356 40 sinnessjukvårdens
1057 1852 221 40 utbyggande
1299 1851 174 39 upplyser,
1496 1851 50 27 att
1566 1849 68 28 den

143 1914 149 30 sålunda
317 1913 179 30 beslutade
522 1911 217 39 byggnaden,
768 1919 74 20 som
870 1908 112 30 skulle
1008 1907 176 38 inrymma
1210 1904 133 30 lokaler
1368 1904 55 28 för
1449 1901 185 31 mekanisk

143 1968 64 29 och
235 1967 167 29 elektrisk
429 1965 164 30 verkstad
622 1966 92 27 samt
743 1962 145 39 smedja,
917 1960 117 39 börjat
1062 1959 169 39 uppföras
1259 1957 65 29 och
1351 1956 173 30 beräknas
1551 1963 84 21 vara

143 2020 222 39 färdigställd
389 2019 110 29 under
523 2018 124 29 hösten
675 2017 93 29 1955.
793 2015 117 39 Enligt
933 2013 229 30 kommitténs
1185 2011 141 38 mening
1349 2010 62 29 bör
1434 2009 68 29 den
1525 2008 111 29 andra

144 2076 149 36 etappen
311 2082 41 20 av
369 2071 266 39 ifrågavarande
654 2068 357 39 verkstadsbyggnad,
1030 2065 243 30 innefattande
1291 2063 132 29 lokaler
1441 2062 54 29 för
1513 2060 123 30 måleri

145 2127 64 29 och
230 2126 160 33 snickeri,
411 2125 135 29 utföras
567 2124 9 29 i
596 2123 115 29 direkt
732 2121 203 38 anslutning
956 2120 51 29 till
1028 2120 67 28 den
1115 2119 111 28 första
1246 2119 158 36 etappen.
1425 2114 211 40 Byggnaden

144 2179 174 30 beräknas
339 2180 86 27 även
448 2177 96 29 skola
566 2177 176 37 inrymma
765 2173 262 38 omklädnings-
1048 2172 64 29 och
1135 2173 154 27 matrum
1312 2171 89 27 samt
1424 2167 212 39 skyddsrum

145 2232 55 29 för
220 2232 41 29 de
283 2232 10 28 i
313 2231 250 29 verkstäderna
586 2229 203 38 sysselsatta
809 2225 385 38 befattningshavarna.
1217 2223 172 28 Arbetena
1409 2220 144 30 härmed
1575 2220 62 28 bör

145 2294 56 20 om
230 2284 138 37 möjligt
396 2283 214 38 igångsättas
640 2281 111 28 under
780 2280 123 28 hösten
936 2278 93 29 1955.

191 2338 201 30 Kostnaden
423 2338 54 28 för
506 2335 199 29 inrättande
737 2343 41 19 av
808 2342 46 19 nu
886 2332 197 36 föreslagna
1113 2329 133 29 lokaler
1275 2328 64 28 har
1367 2326 188 30 beräknats
1585 2325 52 28 till

146 2392 62 28 435
224 2392 63 28 000
309 2391 140 31 kronor,
470 2398 104 20 varav
596 2387 63 29 400
675 2387 62 28 000
761 2386 129 28 kronor
914 2385 53 28 för
989 2382 322 39 byggnadsarbeten
1335 2380 61 29 och
1421 2380 39 27 35
1476 2379 61 28 000
1560 2378 79 28 kro-

146 2454 64 20 nor
238 2445 52 28 för
315 2445 89 37 yttre
431 2442 181 36 ledningar
637 2441 64 28 och
728 2437 355 41 planeringsarbeten.
1110 2434 215 29 Kommittén
1352 2432 210 31 hemställer,
1589 2432 50 28 att

147 2498 54 29 för
229 2498 97 28 nästa
352 2495 168 38 budgetår
547 2494 106 28 måtte
680 2492 139 29 anvisas
845 2490 61 29 435
923 2490 62 27 000
1012 2489 139 27 kronor.
