1876 2842
571 184 230 29 Statsutskottets
823 183 149 28 utlåtande
997 183 46 27 Nr
1066 183 49 28 33.
1571 177 39 31 19

99 261 12 31 i
145 272 41 21 en
214 260 57 32 del
294 260 115 32 städer
432 259 64 32 och
519 259 107 31 andra
649 258 189 32 samhällen
863 257 77 32 med
964 268 41 20 en
1029 255 280 41 sammanträngd
1332 254 200 41 befolkning
1554 265 55 19 an-

101 311 274 41 märkningsvärt
396 310 65 41 låg.
507 309 123 33 Starka
652 308 275 33 bostadssociala
950 307 64 32 och
1037 306 217 32 humanitära
1277 305 73 32 skäl
1365 305 116 31 kunna
1496 304 115 31 därför

100 363 169 41 åberopas
302 362 53 31 för
387 363 50 29 att
471 362 112 30 staten
617 360 10 31 i
659 359 66 32 den
749 358 213 42 begränsade
985 357 207 41 omfattning
1213 356 63 31 här
1298 367 99 20 avses
1419 355 12 31 i
1455 355 52 31 sin
1531 356 78 30 mån

101 414 100 32 söker
223 412 142 41 bidraga
387 411 53 32 till
463 410 350 33 bostadsbeståndets
836 408 207 41 förbättring
1064 410 44 39 på
1131 407 117 42 dylika
1267 407 11 31 i
1294 405 317 33 bostadsavseende

102 475 92 21 mera
217 463 205 32 efterblivna
445 464 100 30 orter.

155 515 82 31 Som
260 514 94 40 regel
376 514 52 31 för
450 512 211 42 beviljandet
683 523 41 20 av
746 511 57 31 lån
827 522 40 20 ur
883 510 113 32 denna
1011 509 83 32 fond
1110 509 99 31 torde
1225 508 85 31 böra
1326 507 97 42 gälla,
1441 509 50 29 att
1506 506 106 42 syftet

100 566 140 31 framför
273 565 61 31 allt
356 566 37 30 är
415 566 50 29 att
487 563 236 32 åstadkomma
746 561 145 43 rymliga
913 560 164 33 bostäder
1099 559 54 32 till
1175 559 53 32 för
1250 558 134 32 mindre
1407 556 203 33 bemedlade

103 616 231 41 överkomliga
356 614 224 42 hyrespriser.

155 666 82 32 Med
261 665 241 42 tillstyrkande
525 664 102 32 alltså
649 675 40 20 av
712 663 127 41 Kungl.
864 662 116 41 Maj:ts
1003 661 127 41 förslag
1153 659 201 32 hemställer
1376 659 178 37 utskottet,

425 726 51 29 att
498 723 184 41 riksdagen
706 723 55 30 må

426 774 29 42 a)
471 776 114 30 såsom
601 772 262 42 kapitalökning
875 772 52 31 för
939 771 128 31 fonden
1079 770 53 31 för
1144 768 271 33 låneunderstöd
1427 768 52 31 till
1494 768 119 31 tertier-

373 826 56 31 lån
457 825 50 31 till
530 824 65 32 viss
617 821 492 43 bostadsbyggnadsverksamhet
1130 820 53 32 för
1205 820 205 41 budgetåret
1434 818 179 32 1937/1938

374 876 118 32 anvisa
525 877 49 30 ett
607 873 354 41 reservationsanslag
994 883 41 20 av
1067 871 137 38 500,000
1237 871 135 37 kronor,
1397 871 50 30 att
1470 871 80 39 utgå
1573 880 41 20 av

374 926 206 38 lånemedel;

427 977 33 41 b)
484 976 164 41 medgiva,
673 977 51 30 att
757 975 56 31 lån
848 974 78 31 med
959 972 175 33 anlitande
1168 983 40 20 av
1242 971 148 32 nämnda
1418 971 119 40 anslag
1559 971 57 30 må

377 1028 170 31 utlämnas
580 1027 11 30 i
614 1025 231 41 huvudsaklig
868 1023 342 33 överensstämmelse
1233 1022 79 31 med
1335 1021 43 32 de
1400 1021 11 31 i
1435 1020 181 32 statsråds-

375 1078 210 42 protokollet
607 1088 40 20 av
670 1074 381 44 departementschefen
1074 1072 183 33 förordade
1279 1071 203 42 grunderna.

160 1138 201 32 Stockholm
386 1137 66 31 den
477 1137 39 30 19
539 1135 150 32 februari
714 1135 91 31 1937.

608 1194 49 31 På
681 1193 279 32 statsutskottets
983 1193 138 40 vägnar:

617 1252 192 33 ANDERS
833 1250 268 34 ANDERSON.

162 1401 210 31 Närvarande:
395 1402 39 28 Se
457 1402 102 27 under
582 1401 184 28 utlåtandet
789 1409 38 18 nr
851 1400 48 27 28.

748 1572 232 34 Reservation

104 1648 41 20 av
189 1636 117 31 herrar
339 1635 180 32 Johansson
553 1634 11 31 i
595 1632 257 38 Fredrikslund,
883 1631 155 32 Svensson
1064 1630 11 30 i
1104 1628 273 42 Kompersmåla,
1407 1627 204 37 Holmström,

107 1687 139 32 Jonsson
279 1686 11 31 i
324 1685 177 43 Lycksele,
537 1684 208 38 Hörstadius,
781 1683 205 40 Magnusson
1018 1681 12 30 i
1063 1679 146 38 Skövde,
1239 1678 136 32 Persson
1397 1678 12 30 i
1432 1677 97 31 Falla
1551 1678 65 31 och

110 1737 161 41 Bergvall,
295 1736 91 32 vilka
408 1738 123 35 ansett,
556 1737 49 30 att
628 1735 190 32 utskottets
841 1732 161 43 yttrande
1025 1731 64 31 och
1112 1730 129 40 förslag
1264 1729 78 31 bort
1365 1729 86 31 hava
1467 1728 151 41 följande

109 1788 148 41 lydelse:

165 1838 139 32 »Under
337 1837 42 32 de
415 1838 136 30 senaste
585 1836 155 31 krisåren
768 1834 143 41 började
935 1834 112 30 staten
1072 1842 74 21 som
1170 1830 127 31 bekant
1320 1830 11 30 i
1355 1829 61 31 ullt
1439 1830 108 30 större
1571 1830 49 29 ut-

109 1888 198 41 sträckning
330 1887 182 41 stödjande
534 1886 136 42 ingripa
692 1887 44 40 på
752 1882 421 41 bostadsförsörjningens
1190 1880 148 32 område.
1370 1880 105 30 Detta
1491 1879 129 31 skedde

110 1939 106 31 bland
249 1940 105 29 annat
386 1938 11 30 i
431 1937 112 31 avsikt
570 1938 50 30 att
643 1936 85 31 söka
749 1934 166 41 befrimja
937 1930 442 44 byggnadsverksamheten
1402 1930 52 31 för
1476 1931 50 29 att
1548 1929 71 30 där-

110 1990 135 41 igenom
270 1988 174 31 motverka
469 1986 287 33 arbetslösheten.
790 1985 69 31 Det
875 1984 172 31 allmänna
1062 1983 92 40 läget
1169 1983 44 40 på
1229 1979 390 43 bhyggnadsmarknaden

111 2042 37 29 är
171 2038 192 33 emellertid
385 2049 47 20 nu
454 2037 76 32 rakt
553 2037 180 31 omkastat.
779 2033 293 43 Högkonjunktur
1092 2032 99 31 råder
1207 2031 78 31 med
1301 2030 193 41 uppdrivna
1509 2029 113 41 priser

113 2092 43 39 på
188 2088 336 43 byggnadsmaterial
553 2088 63 31 och
643 2087 89 31 brist
758 2088 45 39 på
829 2084 345 43 byggnadsarbetare.
1231 2082 61 31 Att
1319 2080 109 32 under
1451 2091 41 20 en
1526 2080 95 41 dylik

112 2140 282 41 högkonjunktur
427 2139 53 31 till
513 2139 66 30 alla
614 2138 42 31 de
690 2148 40 20 ur
765 2136 91 32 olika
890 2134 214 42 synpunkter
1137 2132 190 32 värdefulla
1349 2130 273 33 bostadssociala

113 2189 444 41 understödsanordningar
591 2199 74 20 som
701 2187 109 31 under
844 2186 41 31 de
920 2187 138 29 senaste
1091 2186 81 29 åren
1206 2182 199 32 tillkommit
1441 2192 47 20 nu
1525 2181 98 40 lägga

113 2240 198 42 ytterligare
346 2251 51 26 en,
433 2241 109 29 måste
576 2238 107 41 enligt
718 2237 188 31 utskottets
935 2235 138 40 mening
1095 2234 78 40 inge
1202 2232 114 32 starka
1338 2231 283 41 betänkligheter.

168 2290 93 31 Utan
285 2291 51 29 att
358 2289 224 31 underskatta
605 2288 41 31 de
671 2288 84 36 skäl,
780 2298 74 20 som
878 2286 116 30 kunna
1017 2284 136 31 anföras
1177 2284 52 29 för
1252 2282 66 31 den
1343 2282 191 39 föreslagna
1557 2291 67 30 nya

115 2340 222 38 låneformen,
371 2341 108 29 måste
514 2338 114 31 därför
661 2338 170 30 utskottet
864 2354 38 4 -—
934 2335 11 30 i
968 2334 109 31 likhet
1099 2334 78 30 med
1202 2334 132 29 statens
1357 2330 266 42 byggnadslåne-

116 2391 84 41 byrå
222 2408 40 3 —
286 2389 159 41 avstyrka
467 2389 172 40 förslaget.

170 2440 180 32 Utskottet
373 2439 198 31 hemställer
593 2438 111 37 alltså,

440 2499 49 29 att
523 2497 125 40 Kungl.
674 2495 117 41 Maj:ts
825 2492 221 33 förevarande
1080 2491 128 40 förslag
1242 2491 29 40 ej
1303 2491 54 30 må
1380 2501 39 19 av
1443 2489 178 40 riksdagen

387 2548 165 31 bifallas.»

736 2602 29 28 MM
776 2602 8 28 —
714 2610 299 11 —
