1882 2792
566 112 312 29 Bankoutskottets
902 113 179 31 utlåtande
1103 123 42 20 nr
1167 115 30 29 3.
1599 117 38 29 25

133 203 81 20 sans
244 194 219 30 återstående
492 195 283 38 upplåningsrätt
805 197 123 29 väntas
958 205 83 21 vara
1070 198 195 37 begränsad
1296 199 50 29 till
1380 200 60 29 160
1470 200 166 38 miljoner

133 243 138 30 kronor.
295 244 122 30 Denna
443 245 385 40 upplåningsmarginal
853 246 93 39 finge
970 256 100 22 anses
1099 248 118 30 alltför
1241 249 118 40 knapp
1386 250 53 30 för
1466 252 50 28 att
1542 251 93 30 med-

132 294 76 36 giva
227 294 204 40 erforderlig
448 295 239 31 rörelsefrihet
704 296 110 29 under
833 297 40 29 de
893 297 96 29 cirka
1010 297 69 30 fem
1099 299 147 34 kvartal,
1265 308 75 21 som
1360 301 112 29 skulle
1493 301 141 35 återstå,

132 344 116 30 därest
270 346 171 39 prövning
464 355 41 20 av
529 345 124 40 frågan
679 355 54 22 om
757 356 44 20 en
824 347 132 40 ökning
981 358 42 20 av
1047 349 247 38 grundfonden
1320 350 112 31 skulle
1455 352 103 29 anstå
1582 352 52 30 till

134 395 83 29 1954
238 395 55 30 års
314 396 151 39 riksdag.

174 445 226 31 Beträffande
422 447 175 30 storleken
620 457 40 21 av
682 448 55 30 det
757 448 135 40 belopp,
915 450 78 29 med
1015 450 108 30 vilket
1144 451 246 39 grundfonden
1410 452 105 30 borde
1536 454 97 33 ökas,

131 496 161 31 erinrade
310 499 168 38 styrelsen
497 508 56 20 om
573 500 41 29 de
634 500 176 30 allmänna
830 501 219 39 synpunkter
1068 503 172 38 styrelsen
1258 503 164 40 framlagt
1441 505 10 29 i
1471 505 53 29 sin
1545 505 88 29 före-

131 547 154 31 nämnda
307 548 165 30 skrivelse
495 550 68 29 den
584 551 41 29 22
645 550 142 38 januari
811 551 83 30 1952
922 551 141 40 (Kungl.
1087 553 124 39 Maj:ts
1234 554 216 39 proposition
1472 565 42 20 nr
1538 556 94 33 105).

176 598 106 30 Dessa
306 600 213 36 synpunkter
541 609 81 21 vore
645 601 103 36 enligt
772 602 185 35 styrelsens
980 603 222 38 uppfattning
1225 604 203 37 tillämpliga
1450 606 86 29 även
1557 606 78 29 med

131 648 67 29 den
220 649 250 40 kreditpolitik,
494 659 74 21 som
592 651 55 29 för
670 653 217 29 närvarande
911 652 116 32 fördes
1051 663 42 20 av
1115 655 284 30 statsmakterna.
1424 656 211 40 Stadshypo-

131 698 227 31 tekskassans
388 700 193 40 upplåning
608 702 64 28 och
703 702 537 39 stadshypoteksinstitutionens
1269 705 258 41 kreditgivning
1554 716 81 20 vore

131 748 170 31 beroende
324 759 42 21 av
388 750 40 30 de
450 751 368 37 överenskommelser,
842 762 75 20 som
940 754 171 30 träffades
1138 755 129 29 mellan
1289 756 214 30 riksbanken
1527 757 19 30 å
1569 767 65 20 ena

132 798 99 30 sidan
251 800 63 29 och
332 800 301 31 kreditinstituten
653 802 19 29 å
688 803 110 29 andra
816 803 111 31 sidan.
945 803 74 30 Den
1037 805 172 39 marginal
1229 806 53 29 för
1301 806 88 29 ökad
1410 807 223 39 obligations-

131 849 190 40 utgivning,
347 859 74 21 som
447 852 300 39 sammanhängde
771 854 78 28 med
874 854 264 38 grundfondens
1164 856 140 35 storlek,
1330 857 154 30 saknade
1510 858 123 30 härvid

130 900 185 39 betydelse.

171 950 233 40 Fullmäktige
421 952 10 28 i
446 952 214 30 riksbanken
678 953 145 30 anförde
839 954 9 29 i
866 954 59 29 sitt
941 955 299 39 remissyttrande,
1256 959 50 28 att
1320 957 220 40 fullmäktige
1555 960 75 28 icke

127 1000 90 30 hade
238 1000 103 40 något
363 1003 50 28 att
434 1002 115 30 erinra
570 1006 74 27 mot
664 1003 98 30 bifall
784 1003 52 31 till
858 1005 68 29 den
946 1014 42 20 av
1009 1006 421 40 stadshypotekskassans
1453 1010 145 38 styrelse
1620 1010 10 29 i

128 1051 142 30 ärendet
288 1051 122 39 gjorda
428 1052 316 41 framställningen.
763 1055 234 39 Fullmäktige
1015 1057 156 30 uttalade
1188 1058 121 30 därvid
1328 1058 10 29 i
1357 1059 203 40 anslutning
1578 1060 51 30 till

128 1101 41 30 de
188 1103 218 38 synpunkter
425 1112 74 20 som
518 1104 183 30 framförts
720 1114 41 21 av
781 1106 179 38 styrelsen,
980 1108 49 28 att
1048 1108 41 28 de
1109 1107 160 31 formella
1288 1109 342 40 förutsättningarna

128 1151 54 30 för
200 1152 238 40 upplåningen
455 1162 75 21 som
549 1156 300 38 sammanhängde
868 1157 78 29 med
964 1158 157 38 reglerna
1141 1167 56 20 om
1216 1159 263 38 grundfondens
1499 1161 131 30 storlek

127 1201 11 29 i
156 1204 202 29 nuvarande
376 1204 73 39 läge
468 1205 44 38 på
530 1204 87 31 intet
635 1206 68 29 sätt
722 1206 94 39 finge
833 1207 168 30 innebära
1020 1208 116 39 någon
1154 1210 68 29 rätt
1240 1210 10 28 i
1270 1210 64 29 och
1353 1210 54 30 för
1426 1211 50 39 sig
1495 1211 54 30 för
1568 1212 61 39 hy-

126 1253 310 38 poteksinstituten
454 1257 50 27 att
522 1265 70 30 upp
610 1256 52 29 till
679 1257 67 29 den
764 1257 162 31 formella
943 1259 149 38 gränsen
1111 1259 35 29 få
1164 1259 104 39 något
1287 1260 174 31 företräde
1480 1262 54 29 för
1553 1262 76 30 sina

126 1303 236 30 kreditbehov.
382 1305 108 30 Deras
510 1306 304 31 låneverksamhet
832 1308 110 30 måste
961 1308 220 32 fortfarande
1200 1311 64 29 och
1283 1311 191 31 oberoende
1494 1322 41 20 av
1555 1321 74 31 sag-

126 1353 43 30 da
192 1354 161 31 formella
374 1356 109 38 regler
505 1356 161 31 bedrivas
688 1358 44 39 på
754 1360 47 28 ett
825 1360 79 32 sätt,
929 1368 74 20 som
1026 1361 97 29 stode
1146 1361 10 28 i
1179 1362 346 30 överensstämmelse
1550 1364 78 29 med

125 1403 66 30 den
216 1404 177 31 allmänna
417 1406 288 31 restriktiviteten
729 1408 44 39 på
797 1408 345 32 kreditmarknaden.

169 1454 233 40 Fullmäktige
423 1457 10 28 i
452 1456 339 39 riksgäldskontoret
812 1458 200 31 förklarade
1033 1461 51 38 sig
1104 1460 167 31 likaledes
1291 1462 75 29 icke
1387 1463 46 30 ha
1452 1463 106 39 något
1578 1466 50 27 att

126 1505 114 30 erinra
259 1509 71 27 mot
349 1506 99 30 bifall
467 1506 50 30 till
537 1509 67 29 den
623 1508 122 39 gjorda
764 1509 316 40 framställningen.

168 1555 114 29 Bank-
309 1557 63 29 och
398 1556 334 41 fondinspektionen
761 1560 165 34 uttalade,
954 1562 50 28 att
1031 1561 246 39 inspektionen
1303 1563 75 29 icke
1405 1564 89 30 hade
1522 1565 106 39 något

124 1607 50 29 att
201 1606 113 30 erinra
341 1610 72 27 mot
438 1607 98 30 bifall
563 1608 52 29 till
642 1608 315 41 framställningen.
987 1611 248 39 Inspektionen
1263 1613 64 29 har
1355 1613 117 31 vidare
1498 1614 129 35 anfört,

123 1658 50 29 att
201 1656 245 40 inspektionen
474 1658 193 31 emellertid
718 1660 78 29 ville
824 1660 151 35 förorda,
1004 1664 50 27 att
1082 1662 347 40 grundfondsfrågan
1458 1667 169 37 upptoges

122 1707 53 29 till
203 1716 41 20 en
273 1708 326 40 förutsättningslös
627 1710 180 39 prövning,
836 1711 119 31 varvid
981 1713 10 28 i
1019 1712 111 30 första
1156 1713 95 29 hand
1276 1714 106 30 borde
1408 1716 218 30 undersökas

122 1757 173 30 huruvida
315 1759 111 30 behov
446 1769 40 20 av
505 1760 451 40 grundfondsobligationer
975 1771 146 21 numera
1142 1765 79 28 över
1242 1764 118 31 huvud
1381 1765 150 38 förelåge
1551 1766 75 34 och,

122 1816 57 21 om
200 1808 113 31 denna
336 1809 97 39 fråga
454 1809 207 31 besvarades
683 1811 164 39 jakande,
870 1812 174 31 huruvida
1067 1823 41 19 en
1131 1814 93 39 lägre
1246 1815 145 30 relation
1415 1816 52 29 till
1490 1816 41 30 de
1554 1818 72 28 ute-

121 1858 148 39 löpande
291 1859 275 39 obligationerna
586 1862 46 28 än
653 1862 65 28 den
739 1870 46 21 nu
807 1863 160 37 gällande
989 1864 117 29 kunde
1129 1874 101 20 anses
1254 1865 196 40 tillräcklig.

166 1910 393 40 Departementschefen
580 1912 64 29 har
666 1912 118 31 anfört
804 1912 167 40 följande.

167 1959 75 30 Med
269 1961 304 38 understrykande
598 1970 42 20 av
664 1964 65 29 vad
755 1963 340 39 bankofullmäktige
1122 1965 118 29 anfört
1267 1966 120 29 därom
1414 1968 49 29 att
1489 1968 41 28 de
1556 1968 71 28 for-

121 2009 101 30 mella
267 2010 341 40 förutsättningarna
651 2012 53 29 för
747 2013 538 39 stadshypoteksinstitutionens
1317 2016 201 39 upplåning,
1550 2027 74 19 som

122 2060 293 39 sammanhänger
442 2064 77 28 med
547 2062 157 39 reglerna
732 2072 55 20 om
816 2064 265 37 grundfondens
1110 2066 140 35 storlek,
1279 2066 9 29 i
1318 2069 201 29 nuvarande
1551 2069 74 38 läge

120 2111 44 38 på
191 2111 84 30 intet
302 2113 68 28 sätt
395 2112 53 29 får
474 2112 168 30 innebära
670 2113 112 39 någon
809 2115 68 29 rätt
902 2115 10 28 i
938 2115 63 29 och
1028 2115 53 29 för
1107 2116 51 38 sig
1185 2116 53 29 för
1265 2117 358 39 hypoteksinstituten

120 2163 50 27 att
194 2170 69 30 upp
287 2161 50 29 till
361 2162 66 28 den
452 2162 159 30 formella
637 2165 148 37 gränsen
812 2164 35 29 få
873 2164 103 39 något
1003 2165 174 31 företräde
1205 2166 54 29 för
1286 2167 75 29 sina
1387 2167 237 35 kreditbehov,

120 2220 102 19 anser
247 2212 59 38 jag
334 2212 70 38 mig
430 2213 120 29 kunna
577 2213 175 38 tillstyrka
780 2214 66 31 den
874 2224 42 20 av
944 2216 421 38 stadshypotekskassans
1394 2219 144 37 styrelse
1565 2219 59 38 på-

120 2261 130 37 yrkade
277 2261 191 39 höjningen
495 2272 42 20 av
564 2263 246 38 grundfonden
839 2266 77 29 med
946 2264 41 30 40
1015 2265 165 38 miljoner
1208 2266 129 30 kronor
1364 2267 81 30 eller
1475 2268 148 31 sålunda

121 2310 77 30 från
226 2311 61 29 235
316 2312 50 28 till
397 2312 61 29 275
487 2312 163 38 miljoner
679 2313 138 29 kronor.
847 2314 11 28 I
886 2314 204 39 anslutning
1117 2315 118 29 härtill
1261 2316 61 30 bör
1349 2319 188 35 gränserna
1566 2318 57 30 vid

119 2360 91 30 vilka
234 2360 124 39 Kungl.
384 2361 122 39 Maj:ts
530 2363 194 38 respektive
747 2363 206 38 riksdagens
977 2364 157 31 tillstånd
1159 2366 54 29 för
1236 2368 220 37 upptagande
1482 2377 41 19 av
1548 2370 76 37 nytt
