2214 2630
469 191 110 30 Andra
604 190 194 29 kammarens
814 184 113 43 fjärde
950 184 164 38 tillfälliga
1138 183 132 29 utskotts
1293 180 159 31 utlåtande
1475 181 48 29 Nr
1545 181 28 28 I.
1781 177 37 30 11

219 272 125 36 nande
378 270 40 36 af
447 268 197 37 inhemska
673 267 96 35 data.
827 257 36 43 Å
891 265 148 46 figuren
1066 263 68 34 har
1158 262 78 35 dels
1266 261 62 35 det
1356 260 56 36 för
1439 259 176 47 England
1645 258 173 46 gällande

217 326 169 43 indexet,
432 324 79 35 dels
553 335 47 23 en
637 320 102 48 linje,
771 332 76 23 som
877 330 115 35 anger
1027 314 299 48 årsmedelpriset
1360 326 47 23 en
1439 325 85 35 gros
1553 313 56 35 för
1641 314 44 33 13
1718 311 100 36 olika

222 381 100 45 slags
364 390 107 24 varor
513 379 21 33 å
574 374 235 37 Stockholms
851 372 94 40 börs,
980 370 118 47 enligt
1126 368 392 36 handelskammarens
1548 365 189 48 uppgifter
1765 364 55 36 för

219 436 93 33 åren
362 432 273 41 1901—1909,
684 426 230 49 uppdragits.
987 422 184 38 Gifvetvis
1210 428 40 29 är
1288 422 62 35 det
1390 421 132 35 endast
1559 420 84 34 med
1686 422 134 32 största

222 485 232 37 reservation
498 496 86 23 man
613 482 76 36 kan
717 481 96 35 fästa
848 482 115 44 något
996 477 174 36 afseende
1199 476 63 35 vid
1287 476 73 35 den
1388 474 243 42 sistnämnda,
1662 472 157 36 emedan

219 541 139 35 endast
376 542 53 33 ett
456 537 91 36 fåtal
571 548 107 24 varor
706 535 146 35 kunnat
879 532 193 46 medtagas
1101 531 69 35 och
1198 529 126 47 prisen
1352 531 21 32 å
1400 528 100 35 vissa
1530 526 40 35 af
1595 527 95 41 dem,
1711 530 26 31 t.
1760 537 57 23 ex.

226 595 154 46 koppar,
419 592 102 47 spela
564 602 47 24 en
653 587 265 37 dominerande
959 585 70 36 roll
1066 583 184 49 jämförda
1294 582 83 35 med
1407 580 128 47 öfriga,
1562 583 26 32 t.
1619 592 59 23 ex.
1708 574 110 57 kaffe,

229 660 84 23 men
356 649 53 33 ett
440 643 254 38 förbättrande
724 642 40 35 af
787 640 119 48 linjen
934 640 85 34 med
1048 637 247 36 användande
1325 635 40 35 af
1385 635 150 36 säkrare
1565 633 124 36 metod
1717 633 104 35 torde

228 713 47 35 ge
304 704 54 32 ett
385 712 78 23 mer
491 697 164 49 pålitligt
681 695 167 36 resultat.
905 691 219 38 Emellertid
1152 691 99 36 visar
1278 689 128 48 linjen,
1437 689 117 35 redan
1579 699 77 24 som
1678 682 125 56 denär,

224 754 140 48 tydligt
405 752 179 37 samband
625 750 136 36 mellan
798 747 167 48 priserna
995 746 68 36 och
1092 746 73 34 den
1193 742 243 37 ekonomiska
1466 741 238 36 situationen.
1763 740 59 35 En

222 808 173 47 stegring
436 805 151 48 skönjes
629 803 120 36 under
777 803 46 34 de
852 801 96 46 goda
977 802 89 33 åren
1094 798 67 36 och
1191 797 175 46 nedgång
1395 796 120 35 under
1547 796 273 34 1908—1909.

226 860 232 38 Sauerbecks
487 857 291 38 världsbekanta
806 855 115 35 index
950 852 314 47 korresponderar
1282 849 170 49 tydligen
1473 844 200 54 mestimed
1688 847 134 35 medel-

226 915 191 36 diskontot
444 914 56 34 för
533 913 46 34 de
608 915 115 32 större
752 911 175 41 staterna,
958 919 84 23 men
1071 906 117 34 under
1216 916 129 24 senare
1374 906 40 32 år
1442 914 112 36 synes
1579 902 62 34 det
1670 913 77 23 mer
1776 905 48 30 än

225 969 103 35 förut
354 968 128 35 kunna
512 966 110 35 äfven
650 964 56 36 för
733 965 83 34 vårt
843 962 89 35 land
959 960 54 36 bli
1042 963 53 32 ett
1123 956 263 38 kännemärke.

336 1020 183 38 Särskildt
561 1018 84 36 med
682 1018 147 46 hänsyn
856 1015 57 36 till
942 1014 74 35 den
1044 1013 98 35 förut
1170 1011 221 37 omnämnda
1421 1009 188 36 motionen
1637 1008 97 35 hade
1762 1007 63 35 det

224 1075 101 36 varit
344 1073 210 44 värdefullt,
571 1085 58 24 om
654 1083 87 23 man
769 1072 64 45 ägt
848 1068 210 36 kännedom
1078 1079 58 23 om
1156 1065 311 36 arbetslösbhetens
1488 1062 139 36 storlek
1641 1062 121 35 under
1778 1073 46 23 en

227 1129 94 49 följd
350 1129 40 35 af
415 1131 49 32 år.
511 1127 46 35 Så
587 1132 40 29 är
654 1124 118 36 likväl
792 1123 31 48 ej
846 1121 257 37 förhållandet.
1152 1120 58 35 De
1230 1119 95 35 enda
1345 1117 131 44 siffror,
1497 1129 78 23 som
1597 1116 84 35 med
1700 1117 125 45 någon

230 1183 93 47 grad
364 1182 40 35 af
440 1179 281 46 tillförlitlighet
757 1177 129 35 kunna
927 1175 189 47 begagnas
1156 1173 57 36 för
1254 1171 222 43 ändamålet,
1519 1170 105 35 torde
1661 1181 89 24 vara
1780 1168 44 35 de

224 1236 178 36 officiella
432 1230 615 47 arbetsförmedlingsanstalternas
1075 1229 192 44 rapporter
1295 1237 57 24 om
1374 1224 140 36 antalet
1534 1221 291 37 arbetssökande

222 1289 182 49 jämfördt
432 1288 84 35 med
546 1287 46 34 de
620 1285 124 46 lediga
773 1284 199 47 platserna.
1012 1280 198 48 Uppgifter
1238 1280 125 34 härom
1394 1278 46 34 ha
1465 1276 225 48 publicerats
1711 1275 114 36 sedan

235 1345 99 34 1906
378 1342 68 35 och
491 1346 61 30 äro
596 1338 184 47 återgifna
820 1338 48 45 på
909 1335 137 35 bilden.
1104 1332 134 49 Linjen
1273 1332 99 36 visar
1406 1330 242 48 synnerligen
1676 1328 148 48 tydligt,

231 1398 71 34 hur
330 1395 252 46 öfvergången
609 1392 83 36 från
731 1391 74 46 god
841 1389 58 36 till
928 1388 101 47 dålig
1057 1387 55 36 tid
1141 1386 133 37 verkar
1301 1388 46 44 på
1377 1383 307 36 arbetarklassen.
1743 1382 83 35 Inte

228 1452 127 34 förrän
382 1448 158 47 ungefär
568 1450 54 32 ett
650 1448 40 33 år
718 1445 93 35 efter
838 1443 146 36 krisens
1012 1441 141 36 utbrott
1177 1439 145 36 märkes
1352 1439 62 35 det
1432 1440 48 45 på
1501 1436 323 47 arbetsplatserna,

233 1508 55 32 att
316 1516 46 23 en
390 1500 214 49 stagnation
632 1500 13 35 i
673 1499 181 35 affärerna
885 1496 176 36 inträder.
1117 1495 59 34 Då
1204 1494 92 35 först
1324 1491 170 48 springer
1523 1490 140 36 antalet
1692 1489 136 35 arbets-

227 1557 171 36 sökande
427 1568 44 35 pr
502 1556 74 34 100
606 1553 139 47 platser
772 1551 14 36 i
814 1550 149 48 höjden.

340 1603 124 43 Äfven
507 1609 45 34 de
596 1607 65 44 tal,
705 1618 76 23 som
825 1616 94 35 ange
955 1603 141 35 antalet
1136 1601 191 47 ingångna
1369 1598 209 46 äktenskap
1608 1609 45 35 ge
1683 1596 146 36 direkta

227 1663 157 48 uttryck
425 1665 38 33 åt
504 1658 491 50 konjunkturväxlingarna.
1056 1656 85 34 Den
1184 1654 160 36 öfversta
1376 1651 118 48 linjen
1523 1653 21 33 å
1571 1651 147 46 figuren
1746 1649 81 35 kor-

233 1716 245 48 responderar
505 1717 76 33 rätt
607 1714 61 34 väl
697 1712 84 35 med
811 1709 373 37 diskontokurvorna.
1232 1706 128 36 Under
1388 1704 358 47 högkonjunkturen
1775 1702 52 35 in-

232 1772 68 44 gås
324 1769 159 35 flertalet
508 1766 220 46 äktenskap,
759 1776 85 23 men
873 1776 47 22 en
943 1761 218 46 minskning
1180 1761 13 34 i
1212 1758 432 48 giftermålsfrekvensen
1663 1756 166 35 inträder

231 1822 232 37 omedelbart
490 1826 69 30 när
585 1820 129 35 krisen
742 1817 158 36 utbrutit
929 1817 69 35 och
1028 1813 319 37 arbetstillfällena
1375 1812 52 34 bli
1456 1811 144 36 osäkra.

342 1878 74 33 Det
444 1874 121 36 skulle
607 1873 128 35 kunna
770 1871 215 36 förutsättas
1022 1871 54 33 att
1104 1868 140 35 antalet
1271 1865 210 37 konkurser
1509 1864 113 35 borde
1652 1874 88 24 vara
1768 1862 59 35 be-

235 1930 210 36 tecknande
473 1929 57 34 för
559 1928 72 34 den
660 1924 242 37 ekonomiska
930 1922 237 37 situationen.
1226 1921 46 34 Så
1302 1931 110 36 synes
1434 1918 109 35 äfven
1562 1917 57 35 till
1638 1916 75 35 viss
1738 1916 92 46 grad

237 1996 88 24 vara
354 1981 257 37 förhållandet.
671 1978 183 37 Särskildt
896 1983 40 29 är
977 1976 40 35 af
1042 1975 112 36 värde
1182 1974 102 35 finna
1313 1976 54 32 att
1396 1970 295 36 maximiantalet
1719 1981 111 35 synes

236 2036 148 37 inträffa
428 2035 45 34 de
516 2037 50 40 år,
612 2034 46 34 då
700 2032 127 35 krisen
869 2030 117 35 håller
1028 2031 46 44 på
1117 2031 54 32 att
1199 2027 167 46 upphöra
1395 2025 56 35 för
1480 2027 53 32 att
1563 2023 150 46 öfvergå
1742 2023 13 34 i
1784 2034 47 22 en

238 2092 185 46 långsamt
456 2086 249 48 begynnande
734 2082 319 48 högkonjunktur.

344 2143 109 36 Utom
484 2141 111 35 ofvan
635 2137 183 47 återgifna
860 2134 242 37 ekonomiska
1144 2133 102 35 fakta
1287 2131 120 36 skulle
1438 2129 176 48 möjligen
1642 2128 191 47 uppgifter

235 2196 196 48 angående
461 2191 326 50 privatdiskontot,
811 2188 259 36 medelkursen
1100 2188 20 33 å
1144 2186 158 35 ledande
1323 2184 228 47 börspapper
1571 2182 67 36 och
1660 2181 172 46 stämpel-
