1854 2782
385 151 389 31 Jordbruksutskottets
795 148 179 30 utlåtande
994 157 42 20 nr
1055 148 39 29 21
1116 147 39 30 år
1175 146 80 30 1961
1555 144 20 30 9

74 249 26 20 s.
121 238 139 31 27—928.
281 237 26 30 Å
327 247 26 21 s.
374 237 39 30 32
434 237 184 38 redogöres
639 235 54 30 för
711 232 390 42 jordbruksnämndens
1121 230 169 39 förnyade
1309 228 234 39 beräkningar
1562 227 12 30 i

73 288 278 40 anslagsfrågan.
368 286 170 40 Slutligen
550 285 192 30 behandlas
757 284 20 30 å
792 293 26 21 s.
834 283 129 31 32—39
978 292 44 20 en
1037 280 260 39 framställning
1312 289 42 20 av
1367 278 206 41 jordbruks-

74 339 178 29 nämnden
252 324 18 56 i
296 337 91 30 vissa
403 336 119 40 frågor
537 336 45 39 på
599 333 457 39 livsmedelsberedskapens
1073 331 153 30 område.
1243 329 26 31 Å
1287 340 25 20 s.
1331 329 126 31 39—41
1477 328 99 30 redo-

73 389 94 30 visas
186 389 95 29 vissa
302 388 146 29 häröver
470 387 149 39 avgivna
638 385 198 40 yttranden.

119 439 176 30 Utskottet
316 438 129 30 tillåter
467 437 51 40 sig
540 436 148 30 hänvisa
710 436 51 29 till
783 434 323 40 propositionernas
1128 431 231 31 förenämnda
1382 430 194 39 redogörel-

77 498 65 21 ser.

628 606 395 45 Departementschefen

121 697 98 30 Efter
237 695 231 32 förenämnda
485 692 237 41 redogörelser
740 692 10 29 i
769 687 457 41 statsverkspropositionen
1247 684 81 30 1961
1350 683 111 30 under
1479 682 100 29 nion-

77 748 41 30 de
138 746 233 35 huvudtiteln,
390 746 158 39 punkten
568 744 51 34 31,
639 743 64 29 har
722 737 387 44 departementschefen
1129 736 117 31 anfört
1265 734 166 40 följande.

123 797 299 31 >Medelsbehovet
442 795 54 31 för
516 795 147 30 allmänt
682 791 309 41 mjölkpristillägg
1010 789 112 29 under
1142 785 265 41 regleringsåret
1428 783 150 36 1961/62

77 849 65 31 har
162 858 41 21 av
222 849 133 30 statens
373 843 326 43 jordbruksnämnd
718 843 188 30 beräknats
925 840 52 30 till
998 839 73 34 96,5
1092 838 163 40 miljoner
1274 837 130 29 kronor
1424 835 83 29 eller
1527 833 50 30 till

79 902 48 27 ett
156 899 51 34 2,5
236 898 165 39 miljoner
428 897 129 29 kronor
587 895 106 39 högre
722 893 124 39 belopp
876 893 44 29 än
950 890 55 30 för
1033 888 237 31 innevarande
1298 885 179 40 budgetår.
1508 885 71 29 Mot

78 949 197 30 nämndens
291 947 193 39 beräkning
501 947 65 29 har
582 946 60 39 jag
659 945 86 29 intet
763 945 51 28 att
831 942 125 30 erinra.

123 1001 67 29 För
209 999 142 30 fortsatt
372 997 76 30 stöd
468 997 35 30 åt
523 996 65 30 lin-
607 995 65 30 och
691 991 340 42 hamphanteringen
1051 990 65 30 har
1134 986 370 43 jordbruksnämnden
1525 985 56 29 be-

79 1050 127 30 räknat
223 1051 47 29 ett
287 1048 79 30 med
382 1047 62 30 250
459 1046 62 31 000
538 1047 131 28 kronor
684 1044 52 31 till
755 1043 93 30 1750
862 1042 63 30 000
942 1042 131 29 kronor
1089 1040 77 39 höjt
1182 1038 253 30 medelsbehov.
1451 1037 129 30 Nämn-

80 1100 67 30 den
163 1100 64 30 har
243 1098 122 31 därvid
383 1097 112 40 utgått
512 1096 81 30 från
610 1097 50 28 att
678 1095 75 29 stöd
773 1094 88 30 skall
879 1092 83 40 utgå
978 1092 53 29 till
1050 1091 80 30 1961
1150 1090 57 30 års
1224 1089 64 29 lin-
1305 1088 64 30 och
1386 1086 196 40 hamphan-

79 1150 113 40 tering
214 1150 12 29 i
248 1149 92 29 form
363 1157 41 21 av
428 1148 140 38 statliga
590 1145 193 41 pristillägg
807 1153 41 21 av
871 1152 136 22 samma
1029 1140 212 39 omfattning
1266 1148 74 21 som
1363 1137 112 31 under
1498 1136 82 30 åren

82 1200 84 30 1958
188 1200 65 30 och
277 1199 93 34 1959,
392 1198 106 30 vilket
520 1198 11 29 i
553 1197 100 39 fråga
674 1205 56 20 om
752 1194 140 31 linfiber
913 1192 148 31 innebär
1082 1201 42 20 en
1147 1190 131 39 ökning
1300 1199 41 20 av
1363 1188 56 30 det
1442 1187 139 39 statliga

80 1250 231 40 pristillägget
328 1248 145 40 jämfört
491 1248 79 30 med
589 1247 57 30 det
665 1246 53 30 för
739 1245 82 30 1960
841 1245 56 29 års
915 1243 118 40 odling
1053 1242 79 30 från
1151 1242 38 29 61
1210 1241 52 29 till
1282 1240 39 30 79
1340 1240 58 30 öre
1417 1248 60 30 per
1496 1238 86 29 kilo-

83 1309 107 32 gram.
221 1299 203 31 Emellertid
455 1299 90 30 skall
574 1295 372 42 jordbruksnämnden
976 1294 74 29 före
1081 1293 66 29 den
1180 1292 14 29 1
1228 1290 155 31 februari
1415 1289 80 30 1961
1530 1288 52 29 till

81 1351 126 39 Kungl.
225 1350 106 39 Maj:t
347 1350 180 29 inkomma
544 1348 80 29 med
641 1347 41 29 de
700 1347 140 38 förslag,
859 1354 74 21 som
950 1345 71 29 kan
1039 1342 199 31 föranledas
1257 1350 41 20 av
1314 1340 126 39 Kungl.
1458 1339 125 38 Maj:ts

82 1401 159 40 uppdrag
264 1400 52 30 till
340 1399 176 30 nämnden
539 1399 67 29 den
630 1398 18 29 5
671 1397 70 39 maj
770 1395 82 30 1960
876 1397 50 28 att
948 1414 43 3 —
1014 1394 87 29 efter
1125 1391 141 32 samråd
1289 1390 79 30 med
1390 1390 193 29 kommers-

81 1451 200 39 kollegium,
305 1449 253 30 riksnämnden
582 1448 54 30 för
659 1446 205 30 ekonomisk
888 1443 351 38 försvarsberedskap
1263 1441 63 30 och
1350 1439 235 31 arbetsmark-

83 1500 261 40 nadsstyrelsen
367 1500 12 29 i
402 1499 66 30 vad
492 1499 44 39 på
561 1498 101 29 dessa
685 1496 242 40 myndigheter
951 1494 206 30 ankommer
1180 1510 44 3 —
1247 1492 73 29 dels
1345 1492 161 28 närmare
1531 1491 54 27 ut-

84 1551 83 30 reda
190 1551 124 39 frågan
337 1559 56 20 om
417 1549 56 30 det
497 1548 141 39 statliga
662 1547 111 30 stödet
797 1546 35 30 åt
855 1546 64 30 lin-
942 1545 65 30 och
1030 1542 338 41 hamphanteringen
1394 1540 88 31 efter
1507 1541 78 30 Sve-

83 1601 91 40 riges
201 1600 203 39 anslutning
431 1599 51 30 till
510 1598 218 39 Europeiska
755 1594 573 38 frihandelssammanslutningen,
1356 1591 73 30 dels
1456 1591 11 29 i
1495 1599 90 21 sam-

83 1652 92 29 band
195 1651 142 30 härmed
359 1651 157 28 närmare
538 1649 120 30 utreda
680 1647 165 30 Hallands
867 1647 75 29 läns
965 1644 348 37 linodlareförenings
1335 1642 63 30 och
1420 1641 166 30 Gotlands

83 1700 402 38 hampodlareförenings
507 1699 227 30 ekonomiska
755 1698 163 36 ställning
940 1698 88 28 samt
1049 1695 263 36 föreningarnas
1332 1692 221 40 möjligheter
1575 1691 10 29 i

85 1752 111 39 övrigt
220 1751 51 29 till
296 1750 140 30 fortsatt
458 1749 235 31 verksamhet.
717 1748 110 30 Bland
852 1749 107 28 annat
982 1746 80 29 med
1085 1745 137 39 hänsyn
1246 1743 117 30 härtill
1388 1743 117 29 finner
1528 1742 58 39 jag

86 1802 71 39 mig
182 1802 71 29 inte
280 1810 47 20 nu
354 1801 83 29 böra
463 1803 79 36 taga
570 1799 165 39 ställning
761 1798 51 29 till
840 1797 265 38 utformningen
1133 1805 41 20 av
1199 1795 58 29 det
1283 1794 163 29 fortsatta
1474 1792 112 31 stödet

86 1851 35 31 åt
146 1852 64 29 lin-
234 1851 65 30 och
323 1850 351 39 hamphanteringen.
697 1849 64 39 Jag
786 1848 98 30 torde
909 1847 36 29 få
970 1847 219 29 återkomma
1213 1844 118 30 härtill
1356 1844 10 29 i
1392 1845 48 28 ett
1466 1851 121 22 senare

87 1900 265 39 sammanhang.
377 1900 65 29 Till
467 1900 96 29 detta
587 1899 77 29 stöd
690 1907 101 30 synes
815 1897 193 30 emellertid
1033 1905 48 20 nu
1106 1895 54 30 för
1185 1896 101 28 nästa
1310 1893 169 40 budgetår
1504 1893 83 29 böra

86 1951 174 30 beräknas
287 1959 134 21 samma
446 1950 125 38 belopp
598 1958 74 21 som
699 1948 54 30 för
779 1947 236 30 innevarande
1041 1945 169 40 budgetår
1235 1945 83 29 eller
1346 1943 49 34 1,5
1421 1943 164 39 miljoner

86 2002 141 29 kronor.

132 2059 13 29 I
169 2057 173 30 avvaktan
366 2055 43 41 på
433 2056 161 29 närmare
618 2051 236 31 erfarenheter
878 2059 40 21 av
941 2047 305 39 medelsåtgången
1272 2053 102 32 synes
1397 2044 57 30 det
1478 2044 111 29 under

88 2106 229 31 förevarande
343 2105 119 39 anslag
488 2105 55 29 för
568 2101 275 42 prisutjämning
868 2110 41 20 av
933 2099 94 30 vissa
1052 2094 369 43 jordbruksreglerade
1448 2094 142 30 råvaror

88 2157 53 29 till
160 2155 398 32 livsmedelsindustrien
579 2152 150 31 avsedda
749 2152 160 38 beloppet
928 2150 85 29 böra
1033 2148 54 30 för
1107 2148 100 29 nästa
1229 2145 168 40 budgetår
1418 2145 172 38 upptagas

89 2208 51 29 till
160 2206 204 30 oförändrat
384 2205 40 29 25
443 2204 165 38 miljoner
627 2203 139 29 kronor.
786 2201 66 30 Till
873 2200 123 38 frågan
1016 2207 56 21 om
1092 2207 42 20 en
1154 2196 170 30 eventuell
1345 2194 245 38 utsträckning

89 2265 42 20 av
152 2254 449 40 råvaruprisutjämningen
623 2252 51 29 till
696 2251 199 39 ytterligare
917 2248 167 30 områden
1106 2247 97 31 torde
1224 2246 58 39 jag
1305 2245 35 29 få
1362 2245 229 32 återkomma,

89 2307 64 28 när
173 2303 370 41 jordbruksnämnden
565 2301 173 30 redovisat
758 2300 182 29 resultatet
962 2307 41 21 av
1024 2298 41 30 de
1087 2299 81 27 utav
1191 2295 83 30 1960
1296 2295 55 30 års
1373 2294 143 41 riksdag
1535 2293 56 29 be-

91 2356 106 39 gärda
216 2354 274 38 utredningarna
507 2353 10 29 i
536 2353 128 28 ämnet.

134 2405 67 30 Till
224 2403 171 31 täckande
419 2412 40 20 av
483 2402 134 30 diverse
641 2400 188 30 kostnader
852 2400 11 30 i
887 2397 169 31 samband
1082 2396 77 30 med
1182 2393 410 42 jordbruksregleringen

92 2455 109 29 under
224 2452 264 41 regleringsåret
513 2451 149 34 1961/62
685 2450 70 35 bör,
779 2449 115 30 såsom
917 2445 370 41 jordbruksnämnden
1312 2444 188 39 föreslagit,
1523 2452 70 21 me-
