2183 2576
353 147 17 28 Do

375 147 16 27 po

396 142 16 32 for

892 144 233 30 Statsutskottets
1155 146 157 28 Utlåtande
1336 145 54 29 N:o
1415 147 27 27 9.

459 222 199 45 Utskottet,
699 235 79 23 som
819 223 81 34 icke
941 221 84 36 haft
1066 222 116 47 något
1223 228 52 30 att
1313 224 123 34 erinra
1474 228 77 30 mot
1582 222 134 46 Kongl.
1745 222 122 48 Maj:ts
1895 222 94 37 före-

353 273 166 36 varande
547 271 292 50 framställning,
868 273 224 44 hemställer,

867 379 54 30 att
950 374 215 46 Riksdagen
1192 373 62 36 må
1281 375 57 34 till
1368 373 235 48 uppförande
1632 375 70 34 och
1732 374 258 45 utrustning,
1972 369 22 56 i

763 424 272 49 hufvudsaklig
1063 424 383 37 öfverensstämmelse
1469 423 87 37 med
1575 424 213 48 uppgjorda
1806 425 185 47 ritningar

765 476 70 35 och
863 475 149 46 förslag,
1033 474 39 36 af
1090 488 45 22 en
1155 488 52 31 ny
1225 475 407 48 laboratoriebyggnad
1653 474 59 36 för
1730 476 261 35 institutionen

764 525 60 36 för
860 527 140 34 allmän
1039 526 68 35 och
1145 526 186 48 analytisk
1361 526 98 35 kemi
1487 525 64 37 vid
1584 526 258 36 universitetet
1875 527 10 34 i
1917 526 75 46 Up-

764 578 79 34 sala
869 577 140 45 bevilja
1042 582 52 30 ett
1130 578 130 44 anslag
1292 575 41 37 af
1359 579 153 42 273,561
1546 577 142 35 kronor
1715 577 70 34 och
1814 576 107 36 deraf
1944 577 48 48 på

764 632 109 30 extra
900 632 74 31 stat
1013 626 59 37 för
1113 627 41 36 år
1191 630 94 33 1899
1320 627 126 36 anvisa
1489 632 52 31 ett
1582 627 136 46 belopp
1755 626 41 36 af
1837 630 154 42 150,000

764 678 149 35 kronor.

548 810 4 4 N
610 799 18 23 [cd
1983 813 6 7 .

168 818 58 55 ang.
246 816 88 39 anslog
463 815 98 43 50:0)
603 812 262 48 Aberopande,
893 812 100 36 hvad
1036 813 183 35 utskottet
1259 812 68 35 här
1368 812 111 36 ofvan
1524 812 119 35 under
1684 812 170 46 punkten
1892 815 56 33 7:0
1984 827 6 20 i

158 855 7 17 t
229 854 61 19 trust
360 871 13 5 M
611 843 25 37 np.
738 863 17 11 ro
1052 864 6 6 :
1232 843 11 37 ER
1362 862 5 7 v
1600 864 27 13 Jä
1890 864 7 6 3

168 859 183 54 för
276 855 36 62 en
359 863 154 35 ärendet
554 864 134 41 anfört,
725 863 58 35 får
820 863 192 41 utskottet,
1053 877 6 20 i
1094 863 205 45 anledning
1326 864 37 34 af
1390 863 136 45 Kongl.
1555 862 120 48 Maj:ts
1704 863 130 35 derom
1862 863 131 47 gjorda

159 919 189 29 bakteriologisk
359 914 290 45 framställning,
680 914 205 46 hemställa,

163 952 129 30 afdelning
312 951 32 29 af
642 956 2 2 |

174 986 155 29 patologiska
996 1015 6 7 å
1390 1015 6 6 -
1572 1014 5 7 /
1651 1015 5 6 .

167 1002 167 78 institutionen
870 1020 54 30 att
960 1014 211 46 Riksdagen
1205 1013 62 37 må
1298 1014 58 36 för
1391 1014 112 46 inköp
1537 1014 36 35 af
1606 1015 203 47 mikroskop
1838 1016 61 34 och
1928 1028 64 22 an-

189 1063 6 13 i
232 1062 83 21 Upsala.

769 1079 75 21 nan
886 1066 215 48 erforderlig
1142 1066 207 46 utrustning
1384 1066 66 47 för
1491 1078 42 22 en
1579 1065 270 48 bakteriologisk
1882 1065 112 49 afdel-

768 1116 88 47 ning
889 1116 47 47 af
961 1116 228 47 patologiska
1222 1116 250 35 institutronen
1508 1116 62 35 vid
1609 1116 239 35 universitetet
1876 1116 13 35 i
1923 1116 71 47 Up-

767 1166 82 35 sala
886 1166 53 47 på
978 1173 101 29 extra
1121 1173 71 29 stat
1222 1165 67 49 för
1330 1166 43 35 år
1417 1165 93 37 1899
1550 1166 129 48 bevilja
1716 1173 45 28 ett
1794 1167 128 47 anslag
1952 1169 46 46 af

769 1216 115 44 6,000
909 1217 143 36 kronor.

207 1094 89 48 [45.]

170 1352 39 53 Gö
228 1346 109 71 aflömas
465 1348 98 48 51:0)
605 1350 76 36 Vid
726 1352 93 35 1889
859 1351 56 35 års
944 1351 152 45 riksdag
1123 1351 213 54 beviljades,
1366 1352 9 35 i
1405 1351 165 45 enlighet
1598 1351 83 36 med
1710 1350 137 49 Kongl.
1875 1351 119 46 Maj:ts

180 1419 24 20 åt
224 1425 28 15 en
272 1425 18 15 e.
312 1425 21 14 o.
361 1400 141 46 förslag
543 1402 68 34 och
648 1401 49 46 på
732 1402 61 35 det
826 1407 54 29 att
908 1416 42 22 en
980 1410 102 28 extra
1112 1402 184 36 ordinarie
1318 1402 195 48 professur
1541 1403 96 35 inom
1657 1402 191 47 juridiska
1868 1403 127 46 fakul-

177 1451 133 56 professor
330 1453 7 20 i
361 1458 92 29 teten
495 1452 61 61 vid
592 1453 249 56 universitetet
868 1453 22 60 i
916 1453 123 57 Lund
1071 1452 113 36 måtte
1205 1453 137 57 kunna
1370 1449 184 65 tillsättas,
1584 1457 51 31 ett
1664 1453 130 58 anslag
1821 1452 41 36 af
1886 1456 107 54 4,000

212 1498 88 79 [46.]
365 1503 140 34 kronor
533 1504 152 43 ärligen,
714 1508 52 29 att
796 1508 98 40 utgå,
914 1504 101 56 intill
1043 1503 80 57 dess
1153 1503 285 47 adjunktslöner
1462 1504 121 56 blefve
1603 1502 126 37 härför
1746 1500 248 67 tillgängliga;

233 1556 51 7 "=>
365 1553 69 34 och
465 1553 67 34 har
561 1553 115 45 sagda
704 1554 135 47 belopp
869 1559 164 30 anvisats
1061 1554 58 35 för
1146 1554 110 36 hvart
1283 1554 69 35 och
1382 1560 51 29 ett
1461 1554 37 35 af
1525 1554 87 35 åren
1639 1556 260 34 1890-1898.
1939 1553 58 36 Då

362 1603 120 35 medel
527 1603 19 35 å
591 1604 273 35 universitetets
906 1610 74 29 stat
1017 1612 101 28 ännu
1154 1605 81 35 icke
1263 1617 87 23 vore
1379 1610 53 30 att
1461 1605 57 35 för
1547 1604 213 36 ändamålet
1787 1605 115 45 tillgå,
1929 1605 67 34 har

361 1653 135 45 Kongl.
526 1654 103 46 Maj:t
657 1668 49 21 nu
736 1655 193 45 föreslagit
958 1655 213 45 Riksdagen
1200 1661 55 28 att
1281 1655 58 35 för
1367 1656 40 34 år
1439 1657 94 34 1899
1564 1656 129 35 anvisa
1722 1659 108 40 4,000
1856 1656 139 35 kronor

360 1705 58 34 till
453 1705 166 45 aflöning
652 1705 37 35 åt
717 1718 42 22 en
791 1712 107 29 extra
927 1705 187 36 ordinarie
1142 1705 187 46 professor
1357 1707 100 33 inom
1482 1705 186 46 juridiska
1696 1706 206 35 fakulteten
1932 1706 59 36 vid

362 1755 220 36 universitet
609 1756 11 34 i
646 1755 119 36 Lund.

468 1805 191 36 Utskottet
686 1806 223 45 hemställer,

874 1912 54 30 att
947 1906 136 46 Kongl.
1102 1907 120 45 Maj:ts
1237 1907 246 37 förevarande
1502 1908 280 47 framställning
1802 1911 58 33 må
1885 1909 110 36 vinna

772 1957 207 47 Risdagens
1008 1956 118 37 bifall.

175 2101 58 28 Ang.
253 2099 87 31 anslag
469 2092 97 40 52:0)
609 2091 119 37 Sedan
773 2092 210 46 Riksdagen
1029 2092 39 35 år
1117 2096 90 32 1895
1251 2093 57 36 för
1344 2093 236 36 anställande
1618 2094 120 35 under
1770 2106 66 23 sex
1864 2093 40 36 år
1933 2093 62 36 vid

174 2134 36 22 till
228 2135 119 21 universi-
554 2133 2 3 |

174 2167 173 23 tetslektorer
347 2138 16 58 i
368 2143 254 37 UNiVersitetet
663 2144 11 34 i
712 2143 109 36 Lund
859 2142 41 36 af
930 2144 148 35 lektorer
1107 2145 11 33 i
1146 2145 111 45 tyska,
1279 2146 164 46 franska
1472 2146 63 34 och
1563 2145 165 47 engelska
1758 2144 152 47 språken
1939 2144 56 35 be-

222 2202 75 21 Lund.

214 2241 90 48 [47]
