2182 2576
339 154 59 28 228
878 149 234 28 Statsutskottets
1142 147 158 28 Utlåtande
1325 147 57 27 N:o
1408 148 28 26 9.

336 228 166 47 rättigad
532 232 53 30 att
613 226 83 37 från
726 227 66 35 och
824 226 82 35 med
936 224 185 36 månaden
1147 228 82 31 näst
1259 222 91 36 efter
1379 222 82 44 den,
1481 223 11 34 i
1511 223 153 35 hvilken
1693 220 135 37 afsked
1857 221 123 36 blefve

336 281 142 34 honom
508 278 189 46 beviljadt,
725 277 121 36 under
875 277 53 34 sin
960 274 232 38 återstående
1220 272 120 37 lifstid
1361 273 20 35 å
1400 273 191 35 allmänna
1607 273 372 46 indragningsstaten

338 331 171 46 uppbära
535 330 157 46 pension
722 329 59 34 till
808 328 138 45 belopp
977 326 40 36 af
1039 328 106 42 2,500
1166 326 142 34 kronor
1327 324 159 45 årligen;
1504 323 207 47 hvarjemte
1732 323 85 36 med
1838 336 143 23 samma

339 380 195 37 skrifvelse
576 381 60 34 till
672 380 183 35 utskottet
883 377 268 36 öfverlemnats
1180 376 166 35 Braunes
1376 373 248 37 omförmälda
1653 374 221 45 ansökning,
1902 373 80 36 deri

338 433 76 34 han
442 430 188 37 förklarat
659 431 53 44 sig
740 430 118 35 önska
885 429 90 35 söka
1004 426 265 47 entledigande
1296 425 81 36 från
1409 426 79 35 vice
1517 424 465 37 bibliotekariebefattnin-

339 496 71 33 gen
440 482 62 36 vid
533 481 192 47 utgången
753 479 41 36 af
817 478 257 37 innevarande
1101 477 216 36 värtermin.

442 533 53 35 På
522 532 124 46 grund
676 531 39 35 af
739 530 100 37 hvad
868 529 159 36 sålunda
1054 527 254 45 förekommit,
1336 526 215 36 hemställer
1583 526 194 43 utskottet,

854 636 55 30 att
944 629 136 46 Kongl.
1117 628 119 46 Maj:ts
1273 626 289 47 ifrågavarande
1590 625 282 47 framställning
1898 627 83 35 icke

752 681 61 36 må
841 682 59 35 till
928 681 125 45 någon
1082 679 231 48 Riksdagens
1343 677 132 47 åtgärd
1502 675 206 38 föranleda.

154 812 59 55 sagt
238 809 86 30 anslag
449 802 98 42 56:0)
577 801 190 36 Utskottet
794 799 228 43 hemställer,

153 846 17 21 till
207 844 119 22 universi-

148 878 182 23 tetsbiblioteket
976 899 6 7 .
1342 896 30 8 SR
1468 897 6 6 .
1558 896 12 6 >
1768 895 7 7 .

188 913 7 21 i
219 899 74 57 Lund.
859 904 55 31 att
941 898 224 48 Riksdagen,
1200 897 86 37 med
1315 897 108 36 bifall
1451 897 59 35 till
1539 896 134 45 Kongl.
1701 895 122 48 Maj:ts
1852 894 130 36 derom

195 950 89 49 [51.]
755 950 134 48 gjorda
927 949 290 46 framställning,
1258 948 70 44 må,
1366 948 11 34 i
1414 947 118 36 likhet
1568 946 84 36 med
1680 946 99 35 hvad
1808 945 58 36 för
1893 945 90 36 flera

755 1000 223 49 föregående
1020 1000 40 35 år
1101 1005 62 41 egt
1202 1012 95 31 rum,
1328 998 141 45 jemväl
1506 996 59 37 för
1601 997 41 35 år
1676 999 91 34 1899
1797 995 48 47 på
1877 1001 107 30 extra

756 1057 74 31 stat
857 1052 128 35 anvisa
1022 1052 104 43 1,500
1156 1050 141 35 kronor
1324 1049 58 35 till
1410 1048 180 36 arfvoden
1619 1047 38 36 åt
1685 1053 99 29 extra
1814 1047 169 35 biträden

756 1103 61 35 vid
846 1100 428 37 universitetsbiblioteket
1302 1100 13 35 i
1344 1099 121 35 Lund.

147 1223 60 29 Ang.
227 1221 108 30 arfvode
453 1219 97 47 57:0)
580 1220 140 36 Vidare
748 1220 218 36 hemställer
993 1219 195 44 utskottet,

138 1257 26 21 åt
184 1264 28 14 en
231 1256 114 22 assistent

138 1290 41 22 vid
208 1289 136 29 växtfysio-

137 1324 94 55 logiska
243 1323 103 56 taborar
861 1325 55 30 att
951 1319 223 46 Riksdagen,
1207 1318 84 36 med
1322 1317 107 37 bifall
1457 1319 58 34 till
1544 1317 133 46 Kongl.
1705 1316 120 46 Maj:ts
1854 1316 128 36 derom

199 1396 89 49 [52]
341 1373 4 5 |
759 1370 133 48 gjorda
927 1369 288 46 framställning,
1256 1369 70 42 må,
1354 1370 9 34 i
1406 1369 118 35 likhet
1559 1368 85 36 med
1680 1368 99 35 hvad
1808 1366 59 37 för
1895 1367 86 36 åren

762 1423 94 34 1897
901 1421 67 35 och
1011 1423 93 33 1898
1143 1426 61 39 egt
1232 1433 94 29 rum,
1351 1420 139 46 jemväl
1523 1418 56 36 för
1605 1418 40 35 år
1680 1421 91 33 1899
1801 1417 49 47 på
1878 1423 106 30 extra

759 1477 74 30 stat
860 1472 129 35 anvisa
1017 1476 51 30 ett
1096 1471 137 47 belopp
1262 1469 41 37 af
1330 1472 105 42 1,500
1465 1470 140 34 kronor
1628 1470 60 34 till
1708 1468 154 37 arfvode
1882 1468 37 36 åt
1938 1481 45 23 en

759 1523 167 35 assistent
966 1522 62 35 vid
1069 1521 322 47 växtfysiologiska
1434 1520 232 36 laboratoriet
1698 1520 63 35 vid
1796 1519 188 35 botaniska

759 1573 250 35 institutionen
1038 1573 13 34 i
1080 1572 123 35 Lund.

153 1704 60 39 Ang.
233 1701 106 39 arfvode
456 1691 97 45 58:0)
583 1692 54 35 På
678 1691 121 47 grund
835 1689 40 36 af
906 1689 135 47 Kongl.
1070 1689 121 46 Maj:ts
1220 1689 128 35 derom
1378 1687 129 49 gjorda
1540 1687 278 46 framställning
1847 1686 56 37 får
1931 1693 53 30 ut-

153 1738 181 54 Pömmatar
352 1743 139 36 skottet
519 1743 208 43 hemställa,

167 1803 41 38 vid
222 1802 105 38 fysiolo-
863 1796 53 30 att
944 1789 214 48 Riksdagen
1186 1790 70 43 må,
1286 1789 9 34 i
1324 1789 119 35 likhet
1470 1788 85 37 med
1584 1788 99 37 hvad
1711 1787 60 37 för
1791 1788 45 36 de
1855 1801 129 23 senare

167 1833 55 64 Erk
267 1840 55 52 RE
761 1842 87 35 åren
879 1846 61 43 egt
975 1854 94 31 rum,
1106 1841 59 35 till
1202 1839 155 36 arfvode
1392 1839 37 36 åt
1457 1852 44 22 en
1531 1839 366 35 instrumentmakare
1923 1839 62 35 vid

207 1904 76 23 Lund.
754 1892 246 49 fysiologiska
1038 1891 248 36 institutionen
1314 1890 13 35 i
1354 1890 112 36 Lund
1492 1889 59 36 för
1579 1889 41 36 år
1651 1892 94 34 1899
1776 1890 129 35 anvisa
1933 1894 52 31 ett

200 1944 89 49 [53.]
761 1948 106 31 extra
895 1943 130 47 anslag
1053 1941 41 36 af
1119 1944 71 34 500
1219 1941 148 36 kronor.

162 2046 92 61 ar
277 2044 58 56 oc
384 2096 5 7 >
460 2042 98 48 59:0)
588 2044 121 37 Sedan
737 2043 104 37 förra
868 2044 96 35 årets
991 2043 166 45 Riksdag
1184 2041 59 37 för
1270 2055 64 34 ny-
1363 2042 62 35 och
1455 2041 223 48 tillbyggnad
1701 2042 69 47 för
1789 2040 196 36 biblioteket

143 2112 148 38 tillbyggnad
301 2097 113 43 förvtd
443 2095 244 36 universitetet
723 2095 14 35 i
773 2095 112 35 Lund
912 2094 155 47 beviljat
1094 2098 52 31 ett
1174 2098 106 31 extra
1308 2093 131 45 anslag
1466 2090 41 37 af
1535 2093 156 44 168,000
1719 2092 141 34 kronor
1888 2095 96 31 samt

161 2148 166 19 universitets-
354 2145 116 38 deraf-
498 2144 60 38 för
599 2146 40 36 år
684 2148 95 34 1898
817 2146 145 35 anvisat
991 2146 132 43 84,000
1152 2144 150 44 kronor,
1329 2143 70 36 har
1423 2142 132 46 Kongl.
1582 2142 105 48 Maj:t
1714 2154 51 24 nu
1792 2141 193 47 föreslagit

162 2179 133 23 biblioteket
320 2180 8 21 i

207 2213 78 22 Lund.

202 2244 89 49 [54.]
