2168 2589
739 150 229 28 Statsutskottets
997 151 155 27 Ultåtande
1175 150 58 28 N:o
1258 151 28 27 9.
1762 149 59 29 237

193 230 230 48 fördelning,
453 229 71 36 och
556 228 97 37 efter
682 227 336 49 öfverflyttningen
1048 227 58 35 till
1135 226 400 47 sundhetskollegium
1564 226 40 36 af
1621 227 201 47 hospitals-

195 282 191 36 ärendena
428 286 130 41 syntes
600 280 65 35 det
707 287 46 27 än
791 291 104 23 mera
937 278 295 47 oundgängligt,
1271 284 56 29 att
1356 277 243 36 kamreraren
1629 277 194 36 befriades

194 333 83 36 från
308 331 191 47 åtskilliga
529 330 40 36 af
594 332 81 34 sina
704 329 215 36 dåvarande
949 329 143 47 bestyr,
1121 332 127 32 såsom
1277 327 311 37 handhafvandet
1617 328 41 36 af
1674 329 148 44 kassan,

195 383 283 48 granskningen
517 381 40 35 af
591 380 269 37 inkommande
895 380 294 47 reseräkningar
1226 393 48 22 m.
1314 393 46 22 m.
1418 378 56 36 Då
1503 379 215 36 emellertid
1749 380 73 35 den

195 433 195 38 blifvande
430 432 394 48 medicinalstyrelsen
866 431 78 35 tills
982 431 131 35 vidare
1153 431 151 35 komme
1342 436 57 30 att
1428 430 149 47 åtnjuta
1607 430 150 35 biträde
1787 429 40 36 af

195 483 469 48 serafimerordensgillets
693 482 216 36 dåvarande
930 482 230 43 kamrerare,
1183 482 97 35 hade
1302 481 438 47 räkenskapskontorets
1760 481 63 35 be-

196 534 70 37 hof
290 534 40 36 af
356 534 121 35 ökade
507 533 276 37 arbetskrafter
811 532 58 36 för
890 532 72 35 den
983 538 192 30 närmaste
1196 533 106 35 tiden
1324 536 105 43 synts
1449 530 117 37 blifva
1596 531 228 47 tillräckligt

198 585 264 46 tillgodosedt,
493 598 61 22 om
585 585 134 35 endast
748 597 44 21 en
813 597 49 34 ny
883 583 192 35 ordinarie
1096 583 227 47 tjensteman
1346 587 19 31 å
1387 583 210 35 detsamma
1618 582 205 43 anstäldes,

197 636 122 36 under
361 635 278 46 förutsättning
680 635 117 35 likväl
840 640 55 29 att
934 633 124 36 medel
1096 634 145 35 stäldes
1270 634 58 35 till
1357 633 206 47 styrelsens
1593 632 230 47 disposition

196 687 59 36 för
283 686 200 36 aflönande
513 685 40 36 af
578 693 55 28 ett
663 692 108 28 extra
801 685 160 35 biträde.
1009 684 16 36 I
1055 684 172 47 enlighet
1256 684 159 35 härmed
1445 683 97 36 hade
1572 684 10 33 i
1611 689 124 29 staten
1765 682 59 36 för

198 737 397 48 medicinalstyrelsen
625 735 178 49 uppförts
832 735 57 35 för
910 748 44 22 en
976 735 130 35 kassör
1126 735 70 36 och
1219 735 224 35 bokhållare
1464 735 62 35 lön
1551 736 108 43 1,800
1681 734 144 35 kronor

197 789 70 35 och
311 788 490 47 tjenstgöringspenningar
845 789 107 41 1,200
996 786 141 35 kronor
1180 785 94 36 eller
1315 786 164 45 tillhopa
1521 787 108 42 3,000
1669 785 154 42 kronor,

198 840 211 46 hvarjemte
452 839 56 34 uti
551 838 64 35 det
658 841 20 31 å
719 844 123 28 staten
886 837 84 35 med
1003 838 134 42 11,000
1168 836 144 35 kronor
1341 835 192 48 uppförda
1562 835 173 45 anslaget
1765 835 59 35 till

197 889 193 48 tillfälliga
428 888 177 36 biträden
648 901 47 22 m.
734 900 47 22 m.
811 888 195 34 inräknats
1036 886 157 36 arfvode
1223 890 20 32 å
1266 889 109 42 1,200
1396 887 142 35 kronor
1558 886 58 35 till
1637 892 55 29 ett
1713 891 111 30 extra

197 939 151 37 biträde
378 943 21 32 å
426 939 429 47 räkenskapskontoret.

298 990 216 47 Angående
535 990 217 34 revisionen
773 988 39 36 af
826 987 497 48 hospitalsräkenskaperna
1341 987 97 35 hade
1456 987 63 35 vid
1536 986 154 36 fortsatt
1708 986 117 36 hand-

197 1042 184 47 läggning
409 1042 38 34 af
466 1039 132 48 frågan
619 1053 61 22 om
702 1039 213 36 ordnandet
934 1038 181 36 af'denna
1136 1039 280 45 angelägenhet
1438 1037 126 36 blifvit
1580 1037 244 47 ådagalagdt,

198 1098 57 30 att
275 1091 339 48 öfverflyttningen
644 1089 40 36 af
701 1090 122 35 denna
843 1090 166 35 revision
1030 1090 56 34 till
1109 1089 297 35 kammarrätten
1427 1088 123 35 skulle
1571 1094 102 29 möta
1688 1090 138 45 många

198 1142 252 48 svårigheter,
480 1141 194 36 beroende
695 1141 103 35 såväl
821 1143 46 44 på
888 1140 46 35 de
954 1139 290 47 ifrågavarande
1265 1138 329 48 räkenskapernas
1614 1137 211 36 beskaffen-

199 1194 67 35 het
294 1206 81 22 som
405 1191 111 36 äfven
546 1195 47 44 på
623 1191 72 36 den
724 1190 184 48 stadgade
938 1190 214 47 ordningen
1182 1190 58 34 för
1268 1189 289 35 vederbörande
1577 1189 249 46 tjenstemäns

200 1244 131 35 arbete
375 1244 102 34 inom
519 1243 312 42 kammarrätten,
873 1240 166 43 hvarför,
1083 1240 70 36 och
1184 1240 114 35 sedan
1329 1239 136 48 Kongl.
1496 1239 104 46 Maj:t
1628 1239 123 35 under
1779 1252 47 22 en

198 1293 94 48 följd
332 1292 40 37 af
407 1297 40 31 år
485 1293 58 35 till
581 1292 414 47 medicinalstyrelsens
1032 1290 226 47 förfogande
1297 1290 58 35 för
1394 1290 216 35 ändamålet
1638 1290 82 34 från
1750 1290 75 34 till-

198 1348 145 44 gångar
371 1344 122 35 under
522 1344 226 34 riksstatens
778 1342 156 35 åttonde
965 1340 236 37 hufvudtitel
1231 1342 148 34 anvisat
1408 1346 55 30 ett
1491 1341 130 45 anslag
1650 1339 40 35 af
1717 1342 108 41 1,200

200 1397 141 33 kronor
383 1395 158 45 årligen,
584 1407 86 22 men
700 1393 65 35 det
793 1393 82 35 icke
904 1392 129 35 kunde
1062 1404 110 23 anses
1200 1392 189 46 lämpligt,
1420 1397 56 29 att
1505 1397 56 29 ett
1590 1394 40 31 år
1660 1389 96 37 efter
1786 1394 40 31 år

200 1445 244 46 fortlöpande
473 1444 132 36 arbete
634 1445 104 34 inom
767 1443 164 35 nämnda
960 1442 239 36 embetsverk
1230 1445 47 43 på
1307 1442 135 35 sådant
1466 1447 76 29 sätt
1561 1441 264 47 godtgjordes,

200 1496 135 46 Kongl.
371 1495 105 47 Maj:t
504 1494 200 47 föreslagit
734 1496 96 34 1884
860 1497 59 31 års
949 1493 166 45 Riksdag
1144 1498 56 30 att
1228 1493 59 34 till
1317 1491 157 36 arfvode
1504 1491 58 35 för
1590 1491 236 48 granskning

201 1546 40 36 af
279 1547 236 46 hospitalens
552 1545 258 47 räkenskaper
839 1543 164 48 uppföra
1032 1546 19 32 å
1081 1543 413 47 medicinalstyrelsens
1523 1547 74 30 stat
1628 1547 55 29 ett
1712 1542 115 46 årligt

200 1597 131 46 anslag
377 1596 39 35 af
460 1597 109 41 1,200
616 1596 152 34 kronor.
828 1593 131 36 Under
1003 1592 189 36 förmälan
1239 1599 56 29 att
1340 1592 216 47 Riksdagen
1599 1598 126 29 ansett
1762 1592 66 35 det

200 1648 129 34 kunna
372 1653 168 40 antagas,
583 1651 54 30 att
680 1659 45 21 en
768 1645 60 35 del
870 1644 39 36 af
934 1644 65 35 det
1027 1647 20 32 å
1076 1643 414 47 medicinalstyrelsens
1523 1648 76 30 stat
1634 1641 192 48 uppförda

201 1698 133 46 anslag
363 1700 20 32 å
416 1699 132 41 11,000
577 1697 142 34 kronor
747 1695 60 36 för
838 1694 502 46 medikamentsräkningars
1361 1693 246 47 granskning,
1627 1693 198 35 vikariats-

202 1748 264 46 ersättningar,
495 1746 269 47 renskrifning,
788 1746 272 47 flitpenningar
1086 1745 71 35 och
1187 1744 194 47 tillfälliga
1403 1743 175 36 biträden
1600 1743 82 35 icke
1700 1743 125 35 skulle

202 1800 68 34 allt
312 1798 191 47 framgent
545 1797 165 36 behöfva
752 1796 192 36 användas
989 1799 45 44 på
1075 1802 76 28 sätt
1193 1795 48 34 då
1283 1794 156 42 skedde,
1469 1794 58 35 till
1557 1794 174 46 exempel
1762 1794 64 35 det

202 1850 141 46 belopp
373 1848 39 35 af
439 1850 110 42 2,000
579 1848 151 44 kronor,
761 1860 81 22 som
871 1847 47 34 då
947 1847 153 46 åtginge
1130 1846 59 35 till
1218 1846 109 34 löner
1356 1847 38 33 åt
1420 1843 228 48 öfvertalige
1670 1845 156 46 tjenste-

203 1908 98 36 män,
332 1905 90 29 utan
452 1903 55 31 att
535 1899 11 34 i
575 1901 86 32 mån
691 1897 40 36 af
747 1897 137 48 afgång
905 1896 116 36 bland
1041 1897 109 34 desse
1171 1897 228 45 tjenstemän
1421 1900 122 30 större
1564 1895 93 35 eller
1678 1895 148 35 mindre

203 1962 169 24 summor
401 1948 40 36 af
466 1949 125 35 denna
620 1947 226 49 utgiftspost
875 1947 123 36 skulle
1021 1946 115 36 blifva
1156 1945 59 36 för
1237 1945 116 36 andra
1375 1946 176 34 ändamål
1571 1945 254 47 tillgängliga,

204 2002 58 35 till
301 2001 85 35 dess
415 2005 56 30 att
500 1999 167 35 omsider
696 2000 83 34 hela
810 1998 165 46 utgiften
1005 1997 127 36 kunde
1162 1997 188 47 upphöra,
1381 1996 96 35 hade
1506 1995 216 48 Riksdagen
1752 1995 75 35 för-

203 2053 124 34 klarat
355 2051 57 46 sig
441 2049 112 36 hafva
582 2049 139 36 bifallit
749 2048 135 47 Kongl.
914 2047 123 48 Maj:ts
1065 2047 283 46 framställning
1377 2050 47 44 på
1449 2046 65 36 det
1534 2052 88 38 sätt,
1644 2053 53 29 att
1719 2046 108 35 Riks-

205 2103 135 45 dagen,
370 2101 58 35 till
449 2099 157 37 arfvode
626 2099 60 37 för
706 2099 236 48 granskning
962 2098 40 36 af
1020 2099 234 47 hospitalens
1275 2097 270 47 räkenskaper,
1567 2100 19 32 å
1608 2097 219 35 medicinal-

205 2152 207 49 styrelsens
454 2156 76 31 stat
571 2151 158 47 uppfört
770 2149 58 36 för
870 2152 39 32 år
953 2150 94 36 1885
1079 2156 55 29 ett
1163 2155 109 29 extra
1301 2147 131 47 anslag
1461 2147 40 36 af
1529 2149 108 43 1,200
1666 2148 159 43 kronor;
