2176 2582
722 138 234 30 Statsutskottets
985 135 157 31 Utlåtande
1165 135 59 29 N:o
1249 135 27 28 9.
1774 130 39 28 63

742 245 221 39 Allmänna
990 245 260 37 läroverken.

288 351 95 50 14:0)
412 353 135 48 Kongl.
575 353 101 48 Maj:t
705 352 68 36 har
801 350 120 36 under
948 347 246 38 förevarande
1221 344 231 39 hufvudtitel
1478 343 194 47 föreslagit

284 457 75 35 dels
386 456 12 35 1
425 455 122 48 punkt
577 457 95 33 14:0:
1825 444 59 30 Ang.
1900 441 112 43 föresla-

1822 485 44 23 gen
1885 477 66 23 löne-
1971 477 44 22 och

711 520 12 11 2
773 527 13 6 13
976 519 7 7 :
1144 524 6 6 p
1536 513 7 8 .
1717 518 13 6 3
1886 512 4 4 :

284 521 38 49 a)
355 523 84 36 med
480 521 173 37 afseende
680 534 49 34 på
755 521 166 35 lärarnes
949 517 64 38 vid
1042 518 45 36 de
1114 517 115 47 högre
1258 515 70 37 och
1355 514 241 45 femklassiga
1623 513 184 35 allmänna
1821 506 193 73 ?ftnsonsrege-

485 574 56 12 TER
1922 553 29 14 ör
1980 553 26 14 lä-

181 575 223 37 läroverken
431 574 176 46 aflöning,
1832 554 74 48 farne
1925 587 80 15 my

285 631 55 30 att
366 624 59 37 för
464 625 148 35 lärarne
653 623 62 36 vid
757 621 164 37 berörda
960 619 173 37 läroverk
1165 618 115 36 måtte
1316 618 225 36 bestämmas
1569 614 72 36 den
1669 614 13 35 i
1710 618 218 50 stats-T1i4o.
1946 618 74 49 60.]

181 676 320 49 rådsprotokollet
542 674 104 37 öfver
687 670 398 40 ecklesiastikärenden
1132 672 42 33 14
1211 669 149 47 januari
1403 670 94 34 1898
1532 664 156 48 angifna
1715 665 100 35 löne-

182 728 197 48 reglering,
407 732 55 30 att
489 726 101 46 gälla
617 724 83 36 från
731 724 69 36 och
829 723 85 36 med
943 722 41 36 år
1015 723 110 42 1899;

285 776 35 48 b)
349 777 84 36 med
462 775 173 37 afseende
663 775 21 36 å
711 772 376 49 terminsafgifternas
1114 771 228 47 förhöjning,

285 834 55 30 att
380 847 47 5 —
469 826 120 37 under
628 825 281 45 förutsättning,
951 829 54 30 att
1044 823 71 35 den
1154 821 215 46 föreslagna
1400 818 325 46 löneregleringen
1757 815 59 37 för

182 881 148 35 lärarne
357 891 127 24 vunne
512 877 238 36 fastställelse
769 896 49 3 —
836 876 181 45 lärjunge,
1046 886 80 23 som
1144 886 90 23 vore
1254 872 64 36 vid
1338 871 114 45 högre
1472 870 91 35 eller
1582 868 235 45 femklassigt

183 932 158 35 allmänt
367 929 172 36 läroverk
566 927 219 45 inskrifven,
814 927 130 43 skulle,
971 924 167 36 förutom
1164 936 53 23 nu
1244 921 187 47 utgående
1459 919 161 47 afgifter,
1639 918 85 36 från
1745 918 71 35 och

184 981 85 37 med
310 980 251 37 vårterminen
608 981 105 40 1899,
755 977 60 35 för
854 977 130 46 hvarje
1015 975 136 36 termin
1180 974 152 47 erlägga
1358 973 60 35 till
1446 971 237 36 statsverket:
1711 970 105 34 inom

182 1032 126 44 första,
329 1031 117 36 andra
465 1030 68 36 och
551 1028 121 48 tredje
690 1029 193 35 klasserna
904 1030 45 33 10
969 1027 151 44 kronor,
1140 1025 102 35 inom
1262 1023 120 48 fjerde
1403 1023 69 35 och
1492 1020 114 37 femte
1625 1021 191 35 klasserna

187 1087 45 32 20
259 1083 143 35 kronor
430 1086 96 31 samt
553 1081 103 34 inom
684 1079 108 47 sjette
821 1078 68 36 och
917 1076 133 48 sjunde
1076 1076 191 35 klasserna
1296 1077 45 33 30
1370 1074 151 43 kronor,
1550 1071 96 36 dock
1674 1076 55 30 att
1756 1070 60 35 be-

183 1134 123 36 frielse
347 1132 163 36 derifrån
539 1131 120 35 skulle
686 1131 130 34 kunna
842 1128 157 47 beviljas
1028 1127 116 45 enligt
1171 1126 45 36 de
1243 1126 13 34 i
1283 1122 413 48 statsrådsprotokollet
1722 1133 94 35 upp-

183 1191 115 42 tagna
337 1182 287 43 bestämmelser,
666 1185 97 30 samt
803 1184 56 31 att
884 1180 13 34 i
924 1178 107 46 fråga
1071 1190 59 23 om
1174 1175 174 48 uppbörd
1390 1174 68 36 och
1499 1172 243 45 redovisning
1778 1170 41 36 af

184 1233 309 46 terminsafgifter
532 1231 193 37 äfvensom
766 1229 143 49 påföljd
950 1228 40 36 af
1014 1227 277 37 uraktlåtenhet
1319 1231 55 30 att
1402 1225 85 35 dem
1516 1225 152 46 erlägga
1695 1222 120 35 skulle

185 1287 99 45 gälla
310 1284 100 37 hvad
439 1283 128 36 derom
594 1283 12 35 i
634 1280 411 47 statsrådsprotokollet
1072 1278 117 43 sades;

288 1333 31 49 c)
356 1334 85 36 med
477 1333 173 36 afseende
686 1332 21 35 å
742 1330 363 48 pensionsreglering
1140 1327 59 37 för
1234 1328 149 35 lärarne
1418 1326 64 37 vid
1520 1324 45 37 de
1592 1325 116 46 högre
1746 1323 69 36 och

184 1386 240 47 femklassiga
452 1385 192 35 allmänna
672 1382 232 44 läroverken,

288 1442 55 31 att
370 1435 186 37 ordinarie
592 1435 121 35 lärare
742 1433 69 36 och
838 1432 212 36 lärarinnor
1076 1429 65 37 vid
1169 1429 45 36 de
1241 1429 117 47 högre
1386 1427 68 36 och
1481 1425 243 47 femklassiga
1752 1424 65 35 all-

185 1496 138 29 männa
358 1486 219 37 läroverken
615 1485 122 35 skulle
763 1482 115 37 hafva
904 1482 179 47 rättighet
1110 1480 70 36 och
1207 1480 11 35 i
1248 1479 45 36 de
1320 1479 56 34 uti
1404 1475 413 47 statsrådsprotokollet

186 1538 251 37 omförmälda
476 1536 67 36 fall
583 1534 110 37 äfven
734 1533 216 47 skyldighet
991 1537 54 31 att
1084 1530 82 36 från
1193 1530 163 47 tjensten
1384 1527 86 47 afgå
1497 1526 87 37 med
1610 1526 156 46 pension
1795 1524 22 36 å

185 1591 191 35 allmänna
416 1587 367 46 indragningsstaten
828 1584 116 45 enligt
976 1583 45 35 de
1048 1589 171 28 närmare
1246 1579 289 44 bestämmelser,
1563 1590 80 23 som
1671 1577 13 35 i
1711 1581 105 30 stats-

185 1639 315 47 rådsprotokollet
528 1636 191 46 angifvits;
748 1640 97 31 samt

290 1689 37 45 d)
355 1689 86 36 med
482 1687 172 37 afseende
693 1686 49 48 på
781 1684 178 38 behofvet
998 1683 41 36 af
1075 1682 219 48 förhöjning
1320 1682 12 34 i
1361 1679 187 37 ordinarie
1588 1678 131 47 anslag
1756 1676 59 36 till

187 1743 190 35 allmänna
404 1739 232 43 läroverken,

288 1797 55 31 att
371 1791 166 45 anslaget
563 1788 59 36 till
650 1786 181 37 arfvoden
861 1786 38 36 åt
926 1790 106 31 extra
1058 1785 119 35 lärare
1205 1783 70 35 och
1302 1780 262 37 vikarierande
1581 1780 121 35 lärare
1719 1783 97 31 samt

185 1843 60 37 för
280 1840 242 38 oförutsedda
556 1838 117 37 behof
696 1838 117 36 måtte
840 1837 103 45 höjas
970 1834 85 38 med
1085 1837 131 43 15,000
1244 1834 151 43 kronor,
1424 1832 90 36 eller
1541 1830 85 36 från
1657 1833 157 42 135,000

186 1896 142 35 kronor
354 1893 60 35 till
446 1893 154 42 150,000
628 1890 157 43 kronor;

289 1949 55 31 att
384 1943 168 44 anslaget
587 1941 58 35 till
686 1945 107 31 extra
833 1937 181 37 arfvoden
1052 1936 35 36 åt
1114 1935 317 46 teckningslärare
1458 1932 65 38 vid
1551 1932 45 36 de
1625 1932 191 35 allmänna

186 1995 221 38 läroverken
447 1992 115 36 måtte
602 1991 88 36 ökas
730 1990 86 36 med
860 1991 132 42 12,000
1020 1988 148 44 kronor,
1197 1987 88 36 eller
1313 1984 83 36 från
1427 1987 134 41 28,000
1589 1983 142 35 kronor
1757 1982 59 35 till

189 2050 133 43 40,000
351 2046 157 42 kronor;

290 2102 55 31 att
371 2096 168 46 anslaget
561 2092 58 36 till
639 2097 106 31 extra
764 2089 183 38 arfvoden
967 2088 37 36 åt
1022 2088 336 49 gymnastiklärare
1377 2090 96 31 samt
1491 2085 60 35 till
1570 2082 245 38 anskaffande

189 2148 40 36 af
266 2146 249 38 ammunition
555 2142 60 37 för
654 2141 274 46 målskjutning
968 2153 46 22 m.
1055 2153 47 22 m.
1138 2138 114 36 måtte
1279 2137 105 47 höjas
1412 2135 85 37 med
1528 2138 108 43 3,500
1664 2135 151 43 kronor,

190 2200 87 35 eller
304 2198 83 36 från
417 2198 132 44 34,000
577 2195 143 34 kronor
746 2193 60 36 till
835 2193 134 43 37,500
998 2191 153 44 kronor;
