2214 2592
371 155 60 29 298
910 151 232 29 Statsutskottets
1169 150 153 29 Utlåtande
1345 151 58 28 N:o
1427 152 27 27 9.

473 230 143 35 Vidare
646 230 97 35 hade
772 229 280 36 statskontoret
1082 229 8 34 i
1121 241 142 23 samma
1292 226 198 37 skrifvelse
1512 227 73 35 den
1609 228 45 35 10
1676 226 202 35 december
1903 227 95 35 1897

371 281 144 35 anmält
543 281 60 35 till
633 281 214 45 ersättning
877 280 79 35 dels
986 286 56 29 ett
1070 280 140 46 belopp
1240 277 38 36 af
1305 280 72 35 800
1406 278 155 42 kronor,
1592 277 80 35 dels
1693 278 71 34 ock
1785 281 54 31 ett
1859 277 140 46 belopp

371 330 40 37 af
439 333 109 42 1,700
578 331 155 43 kronor,
764 331 128 35 hvilka
922 334 46 44 på
998 330 127 48 grund
1157 330 40 34 af
1218 328 135 47 Kongl.
1375 327 122 48 Maj:ts
1518 327 197 36 föreskrift
1736 327 185 36 utbetalts
1942 328 59 33 för

370 382 221 35 verkstälda
618 381 238 48 utredningar
882 381 14 35 i
914 382 118 47 fråga
1062 393 55 23 om
1146 386 44 29 ett
1218 380 122 35 andra
1359 378 248 47 ålderstillägg
1618 378 69 47 för
1706 377 183 36 ordinarie
1900 377 100 48 folk-

371 432 221 36 skolelärare
620 445 46 23 m.
697 445 44 22 m.

473 482 16 36 I
511 483 236 36 sistberörda
767 481 197 36 skrifvelse
986 482 97 34 hade
1102 481 225 47 ytterligare
1348 478 40 36 af
1404 479 279 36 statskontoret
1702 479 60 34 till
1783 478 217 36 ersättande

371 534 164 35 anmälts
578 539 57 30 ett
675 534 141 46 belopp
860 532 40 35 af
935 535 70 33 833
1045 532 143 35 kronor
1217 533 46 34 34
1293 537 76 39 öre,
1398 543 80 22 som
1509 530 121 47 enligt
1659 529 127 47 kongl.
1817 528 86 36 bref
1928 529 72 35 den

375 587 44 34 10
449 585 154 47 augusti
635 585 94 35 1896
760 583 185 35 utbetalts
974 586 125 31 såsom
1127 581 230 49 lönefyllnad
1384 579 60 37 för
1472 579 359 36 mars—december
1859 593 141 22 samma

373 638 40 32 år
456 638 38 32 åt
535 635 153 34 läraren
722 634 11 34 i
768 633 318 35 naturalhistoria
1115 633 70 35 och
1215 631 284 48 farmakognosi
1528 630 64 36 vid
1621 629 297 37 farmaceutiska
1947 631 54 34 in-

372 686 166 35 stitutet.

474 736 16 35 I
532 734 201 36 skrifvelse
775 733 40 36 af
852 734 73 34 den
970 736 44 33 16
1057 733 208 35 november
1300 735 94 33 1897
1426 731 97 36 hade
1552 731 278 35 statskontoret
1859 730 58 35 till
1945 744 55 22 er-

372 786 172 48 sättning
586 785 144 35 anmält
771 784 137 43 medel,
951 796 81 23 som
1071 787 46 43 på
1150 783 124 47 grund
1304 781 41 37 af
1370 782 135 46 Kongl.
1536 781 123 46 Maj:ts
1688 781 187 35 särskilda
1903 780 98 36 före-

372 837 156 34 skrifter
571 835 215 46 förskjutits
828 834 60 36 för
930 835 70 34 den
1038 834 156 43 komité,
1236 846 81 22 som
1359 832 126 36 blifvit
1526 832 41 35 af
1604 831 136 48 Kongl.
1785 831 103 46 Maj:t
1929 832 71 34 den

376 889 42 34 16
462 886 209 35 november
715 888 95 33 1894
853 885 139 35 tillsatt
1034 884 59 35 för
1134 885 185 35 ordnande
1361 883 47 48 af
1432 882 402 49 fosterbarnsväsendet
1869 895 45 21 m.
1944 895 55 30 m.,

374 937 209 47 nemligen:
629 936 487 45 resekostnadsersättning
1162 935 70 34 och
1279 934 258 35 traktamente
1579 938 98 30 samt
1718 931 182 37 arfvoden
1942 933 60 34 till

373 988 191 35 komiténs
603 985 231 37 ordförande
873 986 70 35 och
982 985 212 35 ledamöter
1234 987 129 39 11,471
1402 985 142 34 kronor
1575 986 45 34 60
1651 990 76 36 öre,
1757 982 156 36 arfvode
1943 983 59 34 till

373 1038 191 35 komiténs
601 1037 237 35 sekreterare
868 1038 111 45 3,000
1009 1037 153 43 kronor,
1192 1036 58 35 till
1279 1035 247 35 bestridande
1556 1036 36 33 af
1621 1034 193 47 åtskilliga
1843 1032 159 49 utgifter

371 1088 61 35 för
469 1088 173 35 komitén
678 1089 110 42 2,000
816 1087 144 35 kronor
989 1092 98 29 samt
1115 1086 58 35 för
1202 1086 214 47 tryckning,
1447 1084 175 48 häftning
1651 1084 69 35 och
1751 1084 187 47 bindning
1966 1083 39 35 af

372 1139 191 35 komiténs
592 1137 243 36 betänkande
860 1139 106 39 2,351
991 1137 142 34 kronor
1154 1138 46 34 94
1222 1143 76 36 öre,
1320 1136 93 35 eller
1433 1136 250 34 tillsammans
1706 1137 133 40 18,823
1861 1135 141 34 kronor

373 1191 47 33 54
458 1195 78 37 öre,
576 1187 196 36 hvarifrån
809 1188 99 35 dock
944 1187 124 35 skulle
1107 1186 175 48 afdragas
1312 1188 69 34 593
1412 1186 142 35 kronor
1585 1188 45 33 10
1660 1192 77 36 öre,
1766 1198 82 22 som
1877 1184 125 36 blifvit

372 1239 60 35 till
448 1239 281 35 statskontoret
745 1238 324 43 återlevererade;
1087 1237 213 48 utgörande
1317 1236 220 36 återstoden
1556 1238 134 41 18,230
1706 1236 143 35 kronor
1865 1238 46 33 44
1923 1242 77 28 öre.

476 1289 143 36 Vidare
654 1288 98 36 hade
781 1289 280 35 statskontoret
1091 1289 9 33 i
1130 1300 45 22 en
1204 1300 124 22 annan
1356 1286 200 36 skrifvelse
1577 1285 39 36 af
1634 1286 73 36 den
1730 1289 43 33 16
1796 1285 206 36 november

375 1342 95 34 1897
501 1340 162 35 anhållit
691 1352 61 22 om
781 1339 248 48 godtgörelse
1062 1338 58 35 för
1149 1338 136 43 medel,
1315 1350 81 23 som
1429 1337 278 36 statskontoret
1736 1340 48 44 på
1812 1336 126 47 grund
1966 1335 40 36 af

374 1389 136 49 Kongl.
553 1389 125 48 Maj:ts
720 1390 188 35 särskilda
935 1388 241 36 föreskrifter
1204 1388 243 36 förskottsvis
1476 1388 167 35 utbetalt
1670 1388 58 34 till
1758 1386 243 36 bestridande

374 1440 40 36 af
438 1440 210 36 kostnader
675 1440 59 35 för
764 1440 73 35 den
866 1439 41 36 af
932 1439 136 48 Kongl.
1099 1439 105 45 Maj:t
1232 1439 72 34 den
1335 1442 19 32 5
1381 1438 162 35 oktober
1567 1440 95 34 1894
1683 1438 159 35 tillsatta
1859 1437 142 36 komité

374 1490 57 35 för
468 1491 231 48 granskning
740 1490 47 48 af
823 1490 118 47 kongl.
983 1490 157 47 stadgan
1171 1488 188 48 angående
1387 1488 225 48 sinnessjuke
1641 1489 73 35 den
1745 1491 19 32 2
1794 1488 208 35 november

376 1543 109 41 1883,
527 1541 193 48 nemligen
763 1540 487 47 resekostnadsersättning
1292 1539 69 35 och
1397 1539 260 35 traktamente
1692 1544 99 30 samt
1818 1537 182 36 arfvoden

374 1592 58 35 till
474 1592 193 35 komiténs
709 1590 230 37 ordförande
982 1591 70 35 och
1095 1591 214 35 ledamöter
1348 1592 108 41 5,549
1491 1590 143 34 kronor
1664 1591 46 34 94
1739 1596 77 38 öre,
1846 1587 156 37 arfvode

372 1642 59 35 till
460 1642 193 36 komiténs
682 1642 238 35 sekreterare
950 1643 110 40 2,700
1082 1642 152 42 kronor,
1256 1639 204 48 tillfälliga,
1482 1639 59 36 för
1560 1640 169 35 komitén
1752 1638 251 48 erforderliga

374 1692 166 47 utgifter
579 1695 73 34 473
696 1693 142 34 kronor
881 1694 44 34 56
970 1698 77 35 öre,
1090 1691 59 36 för
1191 1691 205 47 tryckning
1438 1691 70 34 och
1544 1689 176 47 häftning
1749 1689 40 36 af
1814 1690 189 35 komiténs

373 1742 245 36 betänkande
649 1745 71 34 867
750 1743 144 35 kronor
923 1745 46 33 50
991 1749 64 28 öre
1078 1749 96 28 samt
1194 1745 124 32 såsom
1339 1741 214 47 ersättning
1572 1741 59 34 till
1652 1739 349 49 häradshöfdingen

373 1792 44 36 D.
457 1791 43 38 G.
540 1793 205 36 Restadius
786 1793 58 35 för
886 1793 197 35 minskade
1117 1791 281 36 löneförmåner
1427 1792 57 34 till
1513 1790 95 48 följd
1638 1790 41 36 af
1703 1791 216 48 uppdraget
1948 1796 56 29 att

373 1856 90 23 vara
501 1843 171 36 ledamot
708 1844 11 34 i
751 1844 171 35 komitén
953 1845 70 34 219
1054 1843 142 35 kronor
1225 1845 44 33 72
1300 1849 78 40 öre,
1408 1842 92 35 eller
1529 1842 163 47 tillhopa
1722 1844 111 42 9,810
1862 1842 141 35 kronor

375 1896 46 34 172
451 1900 78 29 öre.

476 1944 75 36 För
593 1944 276 47 återgäldande
913 1943 40 35 af
989 1943 167 35 berörda
1195 1942 168 37 förskott
1390 1961 48 5 —
1468 1945 72 34 200
1581 1943 155 44 kronor,
1777 1943 225 46 ytterligare

376 1997 71 34 200
490 1995 155 44 kronor,
689 1997 72 34 750
795 1995 155 43 kronor,
981 1996 71 33 292
1082 1994 142 35 kronor
1253 1996 47 35 84
1329 2001 78 37 öre,
1438 1996 108 42 1,566
1577 1994 142 34 kronor
1748 1995 45 34 87
1824 2000 78 37 öre,
1932 1995 70 33 800

374 2046 155 38 kronor,
576 2046 110 43 1,700
728 2046 154 42 kronor,
927 2047 70 34 833
1036 2045 144 34 kronor
1213 2047 46 34 34
1294 2051 77 37 öre,
1403 2046 135 45 18,230
1567 2044 143 35 kronor
1738 2046 46 33 44
1814 2050 64 29 öre
1907 2049 96 30 samt

376 2098 111 39 9,810
516 2096 144 34 kronor
689 2099 46 32 72
766 2103 63 28 öre
858 2115 49 4 —
936 2095 162 47 tillhopa
1128 2097 135 42 34,384
1292 2095 143 35 kronor
1464 2097 42 33 21
1540 2101 78 38 öre,
1648 2095 68 34 har
1742 2094 136 47 Kongl.
1900 2094 103 46 Maj:t

375 2146 41 36 af
448 2146 218 49 Riksdagen
706 2147 108 35 äskat
851 2151 56 31 ett
943 2151 110 31 extra
1082 2146 131 47 anslag
1245 2144 61 37 för
1335 2149 41 32 år
1419 2147 94 34 1899
1544 2146 61 34 till
1633 2145 140 48 belopp
1803 2144 41 36 af
1868 2146 133 42 34,385

374 2197 156 36 kronor.
