2184 2584
744 160 233 31 Statsutskottets
1007 161 154 29 Utlåtande
1184 160 59 30 N:o
1268 161 26 27 9.
1794 157 39 30 89

197 242 168 37 nämnda
405 240 173 37 läroverk
619 240 120 37 skulle
785 239 209 37 emellertid
1037 237 113 37 hafva
1192 237 159 48 uppgått
1390 236 59 36 till
1486 236 176 46 omkring
1703 237 131 44 11,000

198 295 152 35 kronor.

299 343 278 38 Normalstaten
605 342 59 36 för
692 342 45 36 de
765 342 114 46 högre
908 341 68 36 och
1003 340 239 45 femklassiga
1266 340 191 35 allmänna
1476 338 222 37 läroverken
1718 338 117 46 enligt

197 396 71 36 den
309 394 213 45 föreslagna
561 393 322 46 löneregleringen
925 392 121 35 skulle
1074 392 11 34 i
1113 390 384 37 öfverensstämmelse
1529 390 86 35 med
1642 388 192 38 verkstäld

197 443 232 48 utredning')
472 445 152 36 komma
652 450 54 30 att
733 443 127 48 uppgå
889 443 57 35 till
977 444 193 43 2,380,500
1199 442 149 43 kronor,
1378 441 120 36 under
1526 440 62 36 det
1615 446 56 30 att
1698 440 137 36 ålders-

197 498 180 46 tilläggen
413 495 59 37 för
504 496 115 36 redan
649 495 169 36 anstälde
846 495 121 35 lärare
993 492 63 37 vid
1085 492 161 36 berörda
1273 492 173 37 läroverk
1474 490 93 37 efter
1595 491 45 37 de
1668 505 77 34 nya
1771 491 63 36 be-

197 548 283 35 stämmelserna
505 546 127 37 kunde
658 546 59 36 för
746 546 40 35 år
818 547 93 35 1899
941 544 182 36 beräknas
1152 544 59 34 till
1241 545 158 42 861,300
1424 541 183 43 kronor”).
1661 542 83 36 Den
1767 554 69 23 nu-

197 599 165 36 varande
403 599 208 35 lönestaten
651 597 59 36 för
752 597 44 36 de
837 596 220 45 treklassiga
1085 595 190 35 allmänna
1307 594 221 36 läroverken
1557 594 191 47 uppginge
1777 593 58 35 till

204 651 155 43 117,300
399 650 141 35 kronor
580 649 70 35 och
690 647 302 46 ålderstilläggen
1032 645 59 36 för
1131 645 45 36 de
1212 645 65 36 vid
1314 644 106 37 dessa
1452 644 173 36 läroverk
1661 643 173 36 anstälda

197 701 147 35 lärarne
385 700 126 36 kunde
548 701 116 44 enligt
697 699 133 35 hittills
857 697 175 47 gällande
1060 697 279 36 bestämmelser
1366 695 58 36 för
1453 695 41 35 år
1525 697 94 34 1899
1652 695 182 36 beräknas

197 752 60 34 till
294 753 133 42 34,000
469 748 183 47 kronor”).
706 749 118 36 Lades
865 749 130 36 härtill
1032 748 76 35 dels
1150 747 45 36 de
1222 748 13 35 i
1267 747 62 35 det
1357 746 187 36 ordinarie
1572 746 263 36 reservations-

198 802 169 45 anslaget
389 801 182 46 ingående
600 801 182 36 särskilda
811 801 187 44 anslagen,
1027 812 80 23 som
1135 798 12 35 i
1175 799 62 35 det
1261 797 224 47 föregående
1504 797 253 35 tillsammans
1776 796 58 36 be-

197 853 152 35 räknats
390 853 60 35 till
488 854 168 42 294,732:
678 854 45 33 56
753 852 152 44 kronor,
935 855 97 31 samt
1060 850 61 35 det
1148 849 49 46 på
1225 849 187 35 ordinarie
1440 852 73 31 stat
1542 853 192 41 upptagna
1761 846 74 37 för-

197 903 270 46 slagsanslaget
494 903 59 35 till
580 902 205 36 understöd
814 902 37 35 åt
879 906 107 31 extra
1012 900 187 36 ordinarie
1219 900 118 35 lärare
1357 899 119 35 under
1493 897 130 37 förfall
1643 898 47 47 på
1709 897 125 48 grund

198 953 41 36 af
254 954 174 46 sjukdom
456 955 106 43 5,000
588 954 151 44 kronor,
764 952 79 36 dels
870 952 48 47 på
944 956 107 31 extra
1074 956 74 31 stat
1166 950 233 36 fortfarande
1428 948 248 46 erforderliga
1703 948 132 46 anslag

197 1005 60 35 till
295 1004 181 37 arfvoden
518 1004 38 35 åt
596 1009 106 31 extra
730 1004 69 35 och
832 1002 261 37 vikarierande
1133 1002 121 35 lärare
1295 1002 157 43 100,000
1481 1000 142 35 kronor
1651 1004 97 31 samt
1774 999 61 35 till

196 1055 170 48 tillfällig
394 1054 313 46 löneförbättring
735 1054 38 36 åt
800 1054 148 35 lärarne
980 1053 62 36 vid
1073 1053 44 35 de
1144 1052 220 45 treklassiga
1392 1051 193 35 allmänna
1612 1050 222 36 läroverken

198 1106 68 35 och
296 1106 274 47 pedagogierna
601 1109 132 37 25,500
753 1105 152 45 kronor,
929 1104 39 36 så
987 1104 191 46 uppginge
1197 1103 88 35 hela
1304 1102 71 36 den
1396 1100 244 48 erforderliga
1661 1114 173 22 summan

197 1157 59 35 till
285 1160 205 41 3,818,332:
521 1159 43 33 56
594 1156 151 44 kronor,
774 1154 109 37 deraf
907 1155 47 48 på
983 1154 187 35 ordinarie
1198 1158 73 30 stat
1300 1154 206 44 3,692,832:
1528 1155 44 33 56
1602 1152 142 35 kronor
1764 1151 69 36 och

197 1207 49 48 på
274 1212 105 30 extra
416 1212 73 30 stat
530 1209 154 41 125,500
712 1204 187 46 kronor").
953 1204 186 46 Afdroges
1167 1217 52 22 nu
1246 1203 84 36 från
1359 1203 63 35 det
1450 1202 187 36 ordinarie
1665 1202 170 46 anslaget

198 1257 71 36 den
298 1257 166 36 afkomst
505 1256 42 36 af
583 1257 224 36 donationer
849 1257 68 35 och
953 1256 118 35 andra
1099 1255 122 36 såsom
1248 1254 184 36 särskilda
1458 1253 135 36 fonder
1621 1252 213 37 förvaltade

197 1308 211 47 tillgångar,
445 1321 81 22 som
565 1308 11 34 i
618 1308 263 47 statsliggaren
922 1306 248 36 antecknades
1207 1305 119 36 under
1358 1305 131 35 rubrik
1523 1304 124 36 »imom
1674 1304 160 35 kolumn

198 1359 259 46 specificerade
498 1359 224 35 inkomster»
770 1358 70 35 och
881 1371 80 22 som
997 1357 98 36 hade
1137 1356 190 47 upptagits
1365 1356 59 34 till
1454 1356 133 44 40,000
1616 1355 151 45 kronor,
1796 1354 38 36 så

198 1410 175 46 utgjorde
401 1409 45 36 de
474 1410 183 35 kontanta
684 1409 142 48 anslag,
847 1421 80 23 som
947 1407 41 36 af
1004 1408 223 36 statsverket
1247 1406 245 42 erfordrades,
1513 1405 21 36 å
1553 1405 189 36 ordinarie
1761 1410 73 30 stat

200 1463 267 42 3,652,832:56
511 1461 139 34 kronor
692 1460 68 35 och
802 1459 20 36 å
863 1464 107 31 extra
1007 1464 73 30 stat
1111 1460 157 42 125,500
1296 1458 142 34 kronor
1466 1457 91 35 eller
1584 1456 249 35 tillsammans

200 1513 205 43 3,778,332:
427 1514 44 33 56
514 1511 150 36 kronor.
717 1510 74 36 Det
818 1510 189 35 ordinarie
1036 1509 168 45 anslaget
1231 1508 60 35 till
1319 1508 45 36 de
1392 1508 192 35 allmänna
1612 1507 221 36 läroverken

197 1560 160 37 behöfde
385 1561 141 36 således
554 1561 103 46 höjas
686 1561 85 35 med
802 1564 169 41 737,452:
994 1563 44 33 56
1069 1561 150 42 kronor,
1248 1559 90 35 eller
1365 1559 12 35 i
1400 1558 173 45 jemnadt
1600 1558 55 35 tal
1673 1560 158 41 737,453

198 1612 150 45 kronor,
390 1611 119 37 under
550 1612 61 35 det
639 1617 55 30 att
727 1612 170 46 anslaget
924 1610 22 36 å
973 1617 107 29 extra
1109 1615 72 31 stat
1208 1609 127 36 kunde
1362 1609 166 35 minskas
1556 1608 88 35 med
1673 1611 157 41 323,225

198 1663 150 35 kronor.
401 1663 17 35 I
446 1662 63 35 det
536 1663 83 35 hela
647 1663 138 35 ökades
814 1661 108 36 alltså
950 1661 253 36 kostnaderna
1230 1659 60 37 för
1318 1660 44 35 de
1391 1660 193 35 allmänna
1611 1658 221 37 läroverken

198 1713 86 36 med
313 1716 157 41 414,228
512 1714 150 35 kronor.
715 1713 144 45 Droges
893 1712 208 36 emellertid
1140 1711 84 36 från
1253 1711 102 35 detta
1391 1711 138 45 belopp
1559 1709 71 36 den
1658 1710 174 43 inkomst,

198 1777 79 23 som
307 1763 44 36 de
391 1764 59 35 till
487 1764 220 36 statsverket
747 1763 184 46 ingående
965 1761 356 48 terminsafgifterna
1349 1761 121 35 skulle
1498 1762 154 34 komma
1680 1765 55 30 att
1761 1759 71 36 till-

197 1814 82 37 föra
308 1814 206 36 detsamma
542 1815 70 35 och
640 1828 80 22 som
746 1815 201 35 beräknats
975 1814 60 35 till
1064 1815 159 42 339,000
1248 1813 149 44 kronor,
1418 1812 39 35 så
1476 1811 124 36 blefve
1619 1811 72 36 den
1712 1816 120 41 egent-

198 1866 77 45 liga
303 1866 189 46 ökningen
521 1866 10 34 i
566 1865 240 37 statsverkets
835 1864 204 36 kostnader
1065 1863 60 37 för
1153 1864 45 36 de
1227 1864 191 35 allmänna
1445 1862 223 36 läroverken
1699 1864 131 42 75,228

197 1917 149 35 kronor.
400 1916 68 35 Att
509 1916 100 35 detta
636 1917 158 35 resultat
820 1929 90 24 vore
938 1914 147 37 mindre
1112 1919 176 44 gynsamt
1315 1921 46 28 än
1392 1914 71 44 det,
1492 1913 106 48 dylik
1626 1912 206 46 beräkning

198 1968 13 35 i
242 1970 94 34 1892
367 1966 57 36 års
464 1967 233 46 proposition
737 1967 151 43 utvisat,
930 1965 98 36 hade
1059 1966 219 45 visserligen
1317 1964 61 36 till
1411 1977 46 23 en
1496 1963 59 36 del
1583 1965 58 34 sin
1668 1963 125 46 grund
1819 1962 13 36 i

199 2018 71 36 den
299 2018 165 45 höjning,
493 2030 79 23 som
599 2031 52 22 nu
670 2017 211 46 föreslagits
906 2016 42 36 af
972 2016 178 49 anslagen
1169 2016 61 35 till
1249 2014 183 37 arfvoden
1451 2014 38 36 åt
1508 2019 107 31 extra
1644 2014 187 36 ordinarie

198 2069 248 38 ämneslärare
488 2073 95 31 samt
618 2068 37 36 åt
683 2068 282 46 öfningslärare,
994 2080 86 23 men
1106 2065 318 46 hufvudsakligen
1452 2065 166 36 berodde
1647 2065 63 36 det
1737 2064 95 36 dock

197 2120 50 46 på
276 2120 61 36 det
364 2119 88 37 vida
478 2120 116 45 högre
621 2120 148 47 belopp,
798 2132 81 22 som
906 2132 53 22 nu
978 2118 97 36 måst
1094 2123 186 42 upptagas
1300 2116 59 36 för
1378 2117 166 35 lärarnes
1565 2115 265 45 ålderstillägg.

308 2186 19 35 1)
351 2186 38 29 Se
423 2188 60 27 tab.
514 2187 32 28 C.
577 2188 26 26 5.
634 2202 39 3 —
698 2185 24 38 ?)
746 2186 38 29 Se
808 2187 60 27 tab.
895 2185 33 29 OC.
955 2187 27 27 6.
1008 2202 40 3 —
1072 2184 23 37 3)
1119 2185 39 29 Se
1182 2185 59 28 tab.
1267 2183 32 29 C.
1324 2185 16 26 5
1365 2185 56 27 och
1446 2185 27 26 6.
1490 2199 39 4 —
1553 2182 25 35 ?)
1603 2183 38 28 Se
1666 2184 61 27 tab.
1754 2181 33 29 C.
1815 2183 14 26 1

197 2230 139 36 (intagna
359 2229 10 28 i
391 2228 354 38 statsrådsprotokollet).

300 2285 65 27 Bih.
387 2285 43 26 till
449 2285 97 27 Riksd.
567 2285 75 26 Prot.
663 2284 85 27 1898.
785 2284 17 26 4
821 2283 85 27 Saml.
945 2285 16 24 1
982 2284 69 33 Afd.
1087 2283 19 26 I
1125 2283 85 33 Häft.
1698 2281 32 24 12
