2182 2576
135 516 59 29 Ang.
204 515 83 29 anslag
299 515 40 29 för

179 549 70 28 inköp
270 548 34 30 af

143 583 103 22 svenska
265 586 65 25 mynt

171 616 36 22 till
226 616 80 30 kongl.

136 650 205 29 myntkabinettet.

192 689 91 48 [70.]

346 136 61 29 254
891 138 233 30 Statsutskottets
1154 140 153 28 Utlåtande
1330 141 59 29 N:o
1413 143 28 27 9.

861 220 56 29 att
947 214 217 49 Riksdagen
1195 219 60 32 må
1285 220 47 44 på
1358 225 108 28 extra
1487 225 76 29 stat
1584 219 58 36 för
1663 223 41 32 år
1727 223 94 34 1899
1844 221 140 47 bevilja

757 271 56 29 ett
849 265 132 47 anslag
1009 265 40 36 af
1075 269 111 41 3,200
1216 267 143 35 kronor
1388 267 58 35 för
1475 269 233 48 vidtagande
1738 271 40 35 af
1804 272 179 45 åtgärder

757 315 59 35 till
847 315 218 36 bevarande
1095 316 40 35 af
1160 317 179 36 Alvastra
1368 318 279 37 klosterruiner
1676 322 10 33 i
1708 320 276 50 hufvudsaklig

757 366 174 46 enlighet
973 367 87 35 med
1102 368 67 34 det
1210 369 11 33 i
1259 369 429 47 statsrådsprotokollet
1731 372 252 36 omförmälda

756 416 147 35 arbets-
932 417 72 35 och
1034 417 342 49 kostnadsförslag.

446 513 102 46 76:0)
582 515 134 47 Kongl.
757 516 107 47 Maj:t
905 518 69 34 har
1015 517 200 47 föreslagit
1255 519 217 48 Riksdagen
1516 527 56 29 att
1602 524 47 44 på
1679 529 109 28 extra
1817 530 75 29 stat
1921 523 60 36 för

348 566 95 35 1899
474 566 131 35 anvisa
634 572 56 29 ett
719 567 132 47 anslag
883 567 40 35 af
944 570 138 40 30,000
1112 569 155 44 kronor,
1297 568 58 36 för
1385 571 249 35 användande
1656 572 10 34 i
1688 575 85 32 mån
1804 573 40 35 af
1866 574 119 36 behof

344 615 61 35 till
447 615 108 47 inköp
588 616 69 47 för
692 616 116 48 kongl.
839 618 310 46 myntkabinettets
1177 619 155 48 räkning
1361 620 40 35 af
1425 621 141 35 sådana
1594 623 10 33 i
1635 622 73 35 den
1739 624 9 33 i
1778 625 202 36 statsråds-

345 666 240 46 protokollet
627 666 107 36 öfver
776 668 418 36 ecklesiastikärenden
1237 670 73 34 den
1346 673 45 33 14
1417 672 151 45 januari
1601 673 94 36 1898
1727 673 252 38 omförmälda

345 714 303 50 Oldenburgska
677 718 211 46 samlingen
919 717 316 37 förekommande
1264 721 152 35 svenska
1446 728 110 41 mynt,
1588 735 80 23 som
1698 723 128 36 kunde
1848 725 131 35 behöf-

342 778 66 23 vas
438 767 60 34 till
528 766 169 48 fyllande
728 767 39 36 af
793 768 137 35 luckor
959 769 11 34 i
1000 770 339 46 myntkabinettet.

445 816 454 48 Departementschefen,
928 831 95 31 som,
1041 820 121 46 enligt
1191 820 100 36 hvad
1317 821 215 47 åberopade
1553 824 426 46 statsrådsprotokollet

342 867 160 44 utvisar,
533 867 70 35 hos
631 867 137 49 Kongl.
798 868 107 47 Maj:t
927 869 181 36 hemstält
1130 883 60 22 om
1208 870 288 48 framläggande
1514 872 58 35 för
1590 873 216 49 Riksdagen
1825 875 41 35 af
1877 875 99 36 före-

341 917 169 35 varande
528 919 256 46 proposition,
804 919 67 34 har
887 920 60 34 till
963 920 86 35 stöd
1068 920 57 35 för
1143 921 122 35 denna
1283 922 227 36 hemställan
1529 924 185 47 åberopat
1731 938 43 22 en
1793 926 39 34 af
1845 927 134 35 vitter-

343 967 113 43 hets-,
486 968 180 35 historie-
695 969 71 34 och
787 970 456 46 antiqvitetsakademien
1265 972 73 35 den
1361 975 19 33 7
1402 974 218 46 september
1643 977 94 33 1897
1760 976 59 34 till
1840 975 136 48 Kongl.

340 1017 106 45 Maj:t
476 1018 139 35 aflåten
646 1018 248 44 skrifvelse,
890 1013 19 58 i
925 1020 154 35 hvilken
1110 1021 224 36 akademien
1365 1023 162 35 anhållit
1556 1037 60 22 om
1647 1026 238 35 utverkande
1916 1027 61 35 för

340 1067 295 48 ifrågavarande
666 1070 177 34 ändamål
864 1069 39 36 af
920 1071 132 47 anslag
1072 1072 100 34 intill
1194 1073 164 35 nämnda
1380 1073 153 48 belopp,
1554 1075 123 34 under
1697 1075 279 38 framhållande

340 1124 57 29 att
417 1119 63 34 vid
504 1119 103 34 olika
627 1119 113 42 tider,
761 1120 47 35 då
831 1120 154 36 tillfälle
1008 1122 170 46 erbjudit
1197 1123 58 46 sig
1276 1129 56 29 att
1352 1124 100 35 rikta
1472 1126 160 34 svenska
1654 1133 144 29 statens
1815 1128 163 47 samling

340 1168 39 35 af
397 1175 120 40 mynt,
540 1168 139 47 Kongl.
702 1169 104 47 Maj:t
827 1171 72 34 och
919 1170 219 45 Riksdagen
1160 1173 99 35 visat
1278 1174 197 47 synnerlig
1495 1175 257 48 frikostighet.
1810 1177 47 36 Så
1880 1178 95 35 hade

340 1221 41 32 år
412 1221 96 34 1863
539 1219 179 47 beviljats
748 1228 55 27 ett
824 1221 132 47 anslag
977 1220 40 36 af
1037 1225 133 40 17,832
1192 1224 189 34 riksdaler
1398 1223 58 36 för
1476 1232 56 29 att
1553 1226 121 35 inlösa
1695 1240 44 22 en
1762 1228 61 34 del
1845 1228 40 35 af
1902 1228 74 36 den

339 1274 106 30 stora
465 1270 164 45 samling
649 1269 41 36 af
706 1271 142 44 antika,
871 1272 248 36 orientaliska
1138 1274 70 34 och
1231 1275 164 45 spanska
1415 1282 120 39 mynt,
1556 1289 81 22 som
1660 1277 140 36 bildats
1817 1277 40 36 af
1874 1279 103 34 kam-

339 1319 226 35 marherren
600 1319 43 37 G.
677 1320 44 35 D.
743 1320 172 37 Lorichs.
953 1322 59 35 Då
1045 1327 119 42 några
1198 1326 41 32 år
1272 1337 133 23 senare
1441 1326 383 46 expeditionschefen
1860 1328 39 37 C.
1935 1329 39 35 F.

339 1368 227 37 Meinander
600 1370 218 48 hembjudit
838 1373 58 34 sin
927 1373 165 47 samling
1112 1373 39 35 af
1173 1375 160 34 svenska
1360 1383 106 38 mynt
1494 1377 59 34 till
1579 1383 55 29 ett
1663 1379 79 46 pris
1777 1378 40 35 af
1838 1380 136 42 20,000

340 1419 156 47 kronor,
515 1421 98 34 hade
643 1421 107 36 detta
778 1422 144 48 belopp
953 1426 41 31 år
1025 1426 96 33 1870
1154 1424 176 47 beviljats
1355 1425 41 35 af
1416 1425 230 48 Riksdagen,
1674 1441 80 22 som
1771 1429 142 45 jemväl
1935 1434 41 31 år

343 1471 99 34 1874
463 1471 166 47 anslagit
655 1473 110 42 8,000
795 1473 145 35 kronor
968 1474 59 34 till
1054 1473 270 37 förvärfvande
1346 1475 42 35 af
1407 1477 265 45 justitierådet
1693 1478 38 36 C.
1753 1478 38 36 F.
1813 1478 161 38 Herbsts

340 1520 165 47 samling
525 1520 40 35 af
596 1522 231 46 europeiska
857 1524 329 48 medeltidsmynt.
1216 1525 125 36 Sedan
1370 1526 85 36 dess
1484 1527 97 35 hade
1607 1529 83 34 icke
1711 1533 118 44 något
1848 1538 125 27 större

340 1570 144 47 belopp
503 1570 128 37 blifvit
649 1572 171 36 lemnadt
837 1574 59 34 till
917 1574 148 35 ökande
1087 1574 40 36 af
1143 1581 145 30 statens
1309 1578 283 46 myntsamling.
1622 1579 236 36 Akademien
1876 1581 97 35 hade

341 1620 88 46 hyst
458 1633 46 23 en
533 1620 274 50 förhoppning,
839 1628 56 30 att
922 1624 74 35 den
1026 1626 162 35 svenska
1217 1625 248 49 afdelningen
1504 1628 119 45 deraf,
1659 1629 153 36 hvilken
1842 1637 132 29 natur-

340 1670 130 46 ligtvis
512 1684 92 23 vore
648 1673 72 35 den
764 1674 208 46 vigtigaste
1016 1675 71 35 och
1131 1688 79 23 som
1251 1676 120 36 borde
1409 1685 111 39 göras
1558 1682 40 32 så
1636 1679 227 47 fullständig
1891 1694 81 22 som

340 1721 161 47 möjligt,
530 1722 124 36 skulle
685 1724 145 35 erhålla
860 1737 45 22 en
935 1726 247 47 synnerligen
1213 1727 180 35 värderik
1422 1728 205 47 tillökning
1656 1743 138 34 genom
1816 1732 156 35 tillåtel-

338 1782 66 23 sen
434 1777 58 29 att
526 1784 45 23 ur
600 1773 141 36 doktor
769 1773 46 36 H.
846 1774 39 35 F.
914 1775 153 36 Antells
1096 1777 163 47 samling
1290 1784 131 40 uttaga
1451 1779 46 34 de
1528 1786 118 40 mynt,
1676 1793 80 22 som
1786 1781 186 36 saknades

338 1821 11 34 i
384 1821 74 35 den
492 1823 163 35 svenska
684 1830 145 31 statens
858 1826 175 46 samling,
1064 1839 85 22 men
1179 1840 138 34 genom
1348 1828 168 36 ändrade
1546 1832 334 35 testamentariska
1909 1832 63 35 be-

337 1872 243 35 stämmelser
610 1873 98 36 hade
738 1875 84 35 hela
851 1875 73 35 den
945 1873 204 38 Antellska
1171 1878 320 47 myntsamlingen
1512 1883 85 43 gått
1616 1881 59 34 till
1694 1880 172 37 Finland.
1910 1882 58 35 Nu

337 1921 99 35 hade
467 1922 206 47 delegarne
703 1925 10 33 i
743 1925 91 35 boet
855 1925 99 35 efter
975 1926 299 36 kontorschefen
1297 1928 45 35 H.
1357 1926 239 52 Oldenburg,
1618 1931 174 36 hvilkens
1808 1933 163 45 samling

337 1970 42 37 af
403 1973 163 34 svenska
604 1980 109 41 mynt
749 1987 91 23 vore
880 1975 73 35 den
990 1975 212 37 förnämsta
1238 1979 171 35 enskilda
1438 1981 161 46 samling
1628 1982 10 34 i
1668 1980 168 49 Sverige,
1867 1983 103 34 hem-

336 2021 129 47 bjudit
508 2023 125 36 denna
676 2024 58 35 till
777 2031 145 29 statens
960 2026 288 48 myntkabinett
1276 2028 60 36 för
1365 2037 56 28 ett
1450 2031 77 46 pris
1556 2032 41 34 af
1624 2034 160 41 135,000
1813 2032 155 36 kronor.

336 2072 254 48 Akademien,
633 2087 81 22 som
756 2082 128 29 ansett
925 2076 108 36 detta
1075 2078 78 45 pris
1193 2079 63 34 väl
1294 2079 104 45 högt,
1438 2081 96 35 hade
1572 2081 186 36 förklarat
1794 2083 59 46 sig
1888 2083 81 35 icke

337 2122 129 37 kunna
496 2123 69 36 hos
595 2124 137 48 Kongl.
761 2125 107 48 Maj:t
897 2133 91 40 göra
1017 2127 282 50 framställning
1329 2143 61 23 om
1419 2131 217 48 inköpande
1657 2133 41 34 af
1716 2133 211 47 samlingen
1958 2134 11 34 i

336 2173 87 36 dess
463 2174 142 44 helhet,
641 2176 60 35 till
738 2175 93 48 följd
861 2176 138 37 hvaraf
1024 2177 222 38 densamma
1274 2181 151 35 komme
1455 2188 56 29 att
1539 2181 175 48 försäljas
1744 2186 19 31 å
1792 2182 177 49 offentlig
