2168 2582
738 168 229 28 Statsulskottets
996 168 158 28 Utlåtande
1182 169 56 27 N:o
1263 168 26 27 9.
1765 163 57 29 155

195 247 153 46 delning
376 246 41 36 af
440 247 140 35 inemot
611 249 44 32 50
685 245 202 47 lärjungar,
916 245 90 35 eller
1035 244 61 36 det
1123 244 135 35 minsta
1287 243 101 35 antal
1408 255 80 22 som
1508 243 120 47 enligt
1648 242 175 46 gällande

193 298 277 36 bestämmelser
498 310 60 22 om
588 296 225 46 statsbidrag
840 296 204 45 berättigar
1071 295 57 35 till
1156 296 256 46 lärjungarnes
1433 292 215 48 fördelning
1665 293 49 46 på
1733 294 91 34 flera

195 349 243 46 afdelningar.
492 347 129 48 Någon
662 346 211 49 jemförelse
914 346 85 36 med
1032 345 414 46 slöjdundervisningen
1474 342 60 37 för
1561 356 129 33 gossar
1718 343 106 36 torde

194 400 46 46 på
268 399 123 47 grund
432 397 41 36 af
512 399 140 35 dennas
694 396 206 48 olikartade
941 396 257 36 beskaffenhet
1240 397 66 34 här
1346 396 81 35 icke
1464 395 202 47 lämpligen
1696 395 128 35 kunna

195 458 118 40 göras.

296 500 111 36 Hvad
435 499 161 36 derefter
629 499 115 46 angår
771 500 86 35 herr
886 496 200 38 Grundells
1115 499 152 43 motion,
1295 497 68 35 har
1392 497 179 35 utskottet
1599 496 79 35 icke
1707 495 117 36 heller

195 557 120 30 ansett
343 551 55 45 sig
425 551 128 35 kunna
580 550 148 36 förorda
760 550 100 36 hvad
890 549 7 35 i
928 549 218 35 densamma
1173 548 209 46 föreslagits
1411 547 67 36 och
1507 547 68 34 har
1603 546 122 35 såsom
1745 546 79 35 skäl

195 602 123 36 dertill
345 602 101 35 velat
474 601 140 45 anföra,
644 601 76 36 dels
749 606 53 30 att
830 603 124 42 någon
984 599 47 48 på
1059 599 209 36 erfarenhet
1295 598 170 46 grundad
1495 596 247 49 öfvertygelse
1762 610 62 22 om

195 652 274 46 behöfligheten
503 652 40 36 af
567 651 220 47 förändring
815 652 9 34 i
855 664 50 22 nu
935 650 173 48 gällande
1136 650 277 36 bestämmelser
1441 656 101 27 ännu
1570 648 81 35 icke
1679 648 146 35 kunnat

195 704 148 43 vinnas;
372 703 77 35 dels
488 708 52 30 att
569 703 69 35 den
669 702 40 36 af
734 703 233 34 motionären
1008 700 212 47 föreslagna
1261 700 268 45 förändringen
1572 698 133 36 strider
1745 703 80 30 mot

196 754 71 36 den
308 753 212 47 grundsats,
561 766 79 23 som
669 753 63 36 vid
760 752 431 46 slöjdundervisningens
1233 750 196 37 införande
1458 751 10 34 i
1496 749 90 37 våra
1614 749 211 35 folkskolor

195 804 237 45 framhållits,
474 805 88 35 eller
597 809 54 30 att
678 804 71 35 den
778 804 120 34 skulle
926 802 136 36 bereda
1091 816 44 22 en
1163 803 124 47 nyttig
1315 801 217 44 omvexling
1559 800 138 35 mellan
1726 800 98 45 själs-

197 856 67 35 och
296 856 269 46 kroppsarbete
593 855 67 35 och
686 854 233 36 förekomma
948 866 44 23 en
1022 853 143 46 ensidig
1193 852 217 47 utveckling
1428 850 48 47 på
1495 851 122 45 grund
1639 850 40 35 af
1696 851 129 47 syssel-

196 907 163 45 sättning
399 906 85 35 med
525 905 129 36 endast
695 905 152 48 bokliga
888 904 150 44 studier,
1074 903 154 36 hvarför
1260 902 415 47 slöjdundervisningen
1709 900 115 35 borde

196 956 189 37 meddelas
414 957 9 34 i
452 956 213 36 folkskolan
693 956 66 35 och
791 956 119 35 såsom
940 968 45 22 en
1013 954 216 45 nödvändig
1257 954 61 35 del
1345 951 41 37 af
1412 953 61 35 det
1500 953 85 35 hela
1604 951 86 48 ingå
1710 951 114 35 bland

196 1007 120 46 öfriga
351 1007 442 46 undervisningsämnen;
844 1006 68 35 och
950 1005 77 36 dels
1072 1010 56 30 att
1173 1005 71 35 den
1296 1003 216 46 ifrågasatta
1557 1002 266 45 förändringen

198 1058 126 36 kunde
356 1057 84 36 leda
469 1057 134 44 dertill,
632 1062 55 30 att
713 1056 318 45 undervisningen
1061 1056 6 34 i
1100 1055 95 46 slöjd
1222 1056 149 34 komme
1392 1058 54 31 att
1464 1054 57 34 till
1537 1053 100 35 tiden
1659 1053 166 35 inskrän-

197 1110 66 34 kas
295 1108 62 36 vid
395 1109 98 35 vissa
521 1108 135 44 skolor,
690 1108 64 35 der
782 1107 72 36 den
881 1106 59 36 för
967 1105 235 37 närvarande
1230 1105 159 46 påginge
1417 1104 119 35 under
1562 1104 87 35 hela
1677 1102 70 36 den
1768 1102 57 35 för

196 1159 213 36 folkskolan
439 1158 192 36 bestämda
659 1158 118 45 ärliga
805 1157 167 35 lästiden.

299 1259 85 36 Med
413 1259 172 36 afseende
614 1258 20 36 å
661 1258 97 36 hvad
789 1259 181 34 utskottet
997 1256 158 37 sålunda
1183 1256 133 44 anfört,
1343 1255 54 37 får
1418 1256 178 35 utskottet
1616 1254 208 36 hemställa:

707 1393 36 43 a)
773 1398 54 30 att
867 1392 96 36 hvad
1008 1392 84 35 herr
1129 1390 133 37 Olsson
1300 1391 6 35 i
1337 1395 124 31 ämnet
1489 1390 189 44 föreslagit
1707 1389 29 45 ej
1766 1389 60 34 må

607 1443 39 36 af
671 1444 211 45 Riksdagen
911 1442 165 44 bifallas;
1106 1447 97 30 samt

706 1492 39 46 b)
775 1498 55 31 att
864 1494 87 35 herr
991 1491 200 38 Grundells
1231 1491 286 46 ifrågavarande
1562 1490 143 35 motion
1746 1489 79 36 icke

607 1545 60 35 må
693 1545 115 36 vinna
835 1543 231 47 Riksdagens
1095 1543 115 36 bifall.

726 1746 58 34 De
812 1745 196 36 tekniska
1037 1743 256 37 läroverken.

302 1862 97 48 27:0)
449 1864 133 46 Kongl.
612 1864 100 46 Maj:t
744 1865 67 34 har
842 1863 202 45 föreslagit,
1072 1868 53 30 att
1153 1862 222 45 Riksdagen,
1404 1860 84 36 med
1516 1860 236 36 uteslutande
1780 1873 44 22 ur

198 1918 199 35 riksstaten
438 1914 41 36 af
517 1915 44 35 de
603 1915 11 36 i
650 1915 169 36 tekniska
854 1914 227 45 högskolans
1117 1918 74 30 stat
1231 1917 193 42 upptagna
1457 1911 207 45 aflöningar
1691 1910 58 36 för
1778 1924 44 22 en

199 1966 255 38 föreståndare
496 1967 107 43 6,600
642 1966 148 42 kronor,
828 1964 165 36 förutom
1028 1963 47 36 fri
1104 1964 143 44 bostad,
1275 1963 68 35 och
1371 1961 57 37 för
1456 1975 43 22 en
1530 1966 106 34 extra
1664 1963 119 34 lärare
1811 1962 11 35 i

200 2016 485 50 ångfartygskonstruktion
716 2019 70 33 800
816 2016 150 41 kronor,
996 2015 114 36 måtte

303 2069 74 34 dels
403 2070 48 43 på
480 2066 186 36 ordinarie
694 2072 71 30 stat
792 2065 59 37 för
878 2066 208 47 högskolan
1113 2065 153 47 bevilja:

302 2119 58 35 till
387 2118 156 46 höjning
570 2116 40 36 af
633 2118 212 45 aflöningen
872 2115 58 36 för
957 2117 147 35 lektorn
1131 2117 13 35 i
1170 2113 261 39 beskrifvande
1459 2115 180 46 geometri
1667 2114 68 35 och
1764 2113 61 35 rit-

201 2172 110 36 konst
336 2168 84 37 från
450 2170 108 44 3,350
587 2168 139 36 kronor
752 2167 59 36 till
840 2169 108 43 4,000
978 2167 148 45 kronor,
1156 2170 70 33 650
1257 2166 153 42 kronor;

1836 1878 58 29 Ang.
1915 1878 109 29 anslaget

1849 1912 36 22 till
1904 1912 109 21 tekniska

1858 1945 140 29 högskolan.

1886 1984 80 48 [24]
