2176 2589
754 150 229 29 Statsutskottets
1013 148 156 29 Utlåtande
1193 149 57 28 N:o
1274 149 29 28 9.
1783 145 57 28 111

208 232 181 43 läroverk,
419 243 79 22 som
527 230 218 47 härigenom
773 227 195 46 uppstode,
996 227 150 34 komme
1174 225 161 35 sålunda
1362 224 194 46 lärjungar
1583 222 82 36 från
1693 222 149 36 stadens

210 284 176 44 östligare
415 281 104 35 delar
547 281 58 34 till
633 280 108 46 godo.
810 279 41 34 En
884 278 106 46 dylik
1018 276 131 46 åtgärd
1179 278 8 33 i
1218 276 174 45 förening
1420 274 85 35 med
1534 274 71 35 den
1626 274 217 46 minskning

210 335 90 34 eller
327 331 231 46 begränsade
586 332 141 44 ökning
756 328 39 36 af
818 327 315 48 lärjungeantalet
1161 331 12 31 i
1197 332 140 31 statens
1362 326 137 43 skolor,
1518 337 79 23 som
1617 325 73 34 kan
1711 329 132 31 väntas

210 384 120 36 blifva
367 396 43 22 en
447 382 103 45 följd,
588 395 59 22 om
687 380 214 47 Riksdagen
936 380 13 34 i
983 378 164 45 enlighet
1175 378 85 35 med
1288 377 136 45 Kongl.
1453 376 118 44 Maj:ts
1602 375 118 36 under
1748 381 96 30 näst-

209 434 166 46 följande
390 434 122 46 punkt
528 432 249 36 omförmälda
794 431 137 45 förslag
947 442 134 34 genom
1098 428 299 36 statsunderstöd
1414 428 57 34 till
1487 426 169 35 enskilda
1672 427 171 35 läroverk

211 485 202 44 befrämjar
442 484 229 35 inrättandet
698 482 41 36 af
762 495 76 31 nya
866 480 148 40 sådana,
1043 492 108 36 synes
1181 480 182 35 utskottet
1391 478 225 36 åtminstone
1641 476 59 36 för
1719 477 123 45 någon

211 536 52 35 tid
303 535 256 45 undanskjuta
595 533 175 37 behofvet
802 532 41 36 af
872 537 55 30 att
961 532 5 34 i
995 529 190 48 Göteborg
1215 535 177 43 upprätta
1421 535 52 29 ett
1499 534 86 42 nytt
1612 527 234 47 femklassigt

212 588 158 34 allmänt
401 587 180 34 läroverk.

317 637 188 35 Utskottet
534 636 214 36 hemställer
776 633 118 45 alltså,

723 691 54 30 att
805 684 134 46 Kongl.
967 683 119 45 Maj:ts
1113 682 248 36 förevarande
1384 680 279 44 framställning
1686 680 79 35 icke
1787 679 58 36 må

620 738 114 35 vinna
762 735 231 45 Riksdagens
1022 733 119 37 bifall.

318 839 70 36 Vid
418 839 108 36 bifall
553 839 56 34 till
639 837 100 36 hvad
769 837 9 34 i
806 836 213 46 punkterna
1050 837 88 40 14:0o,
1173 838 77 32 15:o
1280 833 68 36 och
1376 835 79 34 16:0
1484 832 42 35 af
1552 832 182 35 utskottet
1753 831 94 36 före-

213 892 127 44 slagits
378 891 170 34 kommer
589 887 417 44 reservationsanslaget
1034 885 58 35 till
1120 885 45 34 de
1194 885 189 34 allmänna
1411 883 219 36 läroverken
1660 888 55 30 att
1742 883 103 44 höjas

212 941 85 36 med
328 944 131 41 13,500
489 941 138 34 kronor
654 938 83 36 från
768 940 193 42 2,910,380
990 937 139 34 kronor
1155 935 61 35 till
1245 937 193 43 2,923,880
1467 934 148 35 kronor.

321 1040 94 47 17:0)
453 1041 134 45 Kongl.
624 1039 102 46 Maj:t
760 1039 69 35 har
855 1037 194 45 föreslagit
1078 1036 213 45 Riksdagen
1320 1040 64 40 att,
1412 1035 86 35 med
1525 1033 256 36 återkallande
1808 1033 41 35 af
1867 1044 60 28 Ang.
1947 1042 86 30 anslag

214 1092 284 46 medgifvandet
534 1105 61 22 om
629 1090 244 47 användning
900 1088 42 35 af
965 1088 320 35 reservationerna
1313 1086 21 34 a
1362 1086 176 44 anslagen
1566 1086 59 34 till
1654 1076 242 56 allmänna
1854 1072 40 64 "7
1911 1077 134 55 undersiöd

216 1144 216 35 läroverken
474 1143 60 34 till
571 1141 204 36 understöd
812 1139 37 36 åt
885 1138 169 36 enskilda
1090 1137 182 43 läroverk,
1303 1136 119 35 under
1449 1137 214 34 riksstatens
1692 1134 153 36 åttonde
1888 1144 124 22 läroverk.

214 1194 230 36 hufvudtitel
485 1192 161 48 uppföra
683 1198 52 28 ett
769 1190 291 47 förslagsanslag
1093 1188 41 35 af
1157 1188 111 44 högst
1295 1190 134 40 40,000
1459 1187 140 34 kronor
1626 1186 58 35 till
1712 1185 134 36 under-
1901 1185 91 45 [17.]

214 1245 83 35 stöd
325 1244 38 36 åt
391 1243 170 37 enskilda
587 1242 182 41 läroverk,
799 1247 54 29 att
881 1241 116 44 enligt
1021 1240 44 35 de
1089 1246 172 27 närmare
1280 1237 288 44 bestämmelser,
1588 1236 134 45 Kongl.
1741 1235 105 48 Maj:t

216 1295 126 36 kunde
371 1295 103 34 finna
501 1294 173 46 lämpligt
702 1290 232 45 föreskrifva,
962 1289 90 46 utgå
1079 1288 85 36 med
1193 1289 111 44 högst
1336 1290 129 40 12,000
1491 1288 140 34 kronor
1649 1286 38 36 åt
1706 1286 142 35 sådana

215 1346 182 43 läroverk,
440 1358 79 22 som
559 1343 198 36 förbereda
794 1343 56 34 till
887 1338 409 50 mogenhetspröfning,
1333 1339 70 34 och
1432 1338 110 47 högst
1571 1340 107 42 4,000
1709 1338 139 34 kronor

216 1397 37 35 åt
281 1397 150 43 sådana,
459 1408 80 23 som
567 1401 189 28 motsvara
778 1392 238 46 femklassiga
1035 1391 190 34 allmänna
1257 1389 172 36 läroverk
1460 1388 84 36 med
1577 1389 132 44 tillägg
1737 1387 41 36 af
1802 1401 45 22 en

216 1447 159 36 särskild
403 1445 324 45 afslutningskurs.

318 1497 74 35 Till
420 1495 411 46 statsrådsprotokollet
859 1494 10 34 i
898 1493 102 35 detta
1024 1491 136 35 ärende
1186 1490 67 35 har
1273 1488 406 48 departementschefen
1699 1489 149 40 erinrat,

217 1549 180 34 hurusom
443 1548 95 35 1890
579 1546 58 35 års
678 1544 166 45 Riksdag
885 1544 9 34 i
937 1542 204 44 anledning
1182 1540 41 36 af
1256 1554 45 22 en
1336 1539 87 36 utaf
1447 1539 134 45 Kongl.
1609 1539 103 47 Maj:t
1739 1539 109 45 gjord

216 1599 280 43 framställning
537 1602 97 30 samt
673 1595 47 48 på
756 1594 123 46 grund
915 1594 41 35 af
989 1592 144 37 enskild
1161 1592 143 35 motion
1331 1590 206 45 medgifvit,
1566 1595 64 39 att,
1658 1590 117 44 enligt
1803 1589 45 36 de

217 1657 173 28 närmare
430 1647 279 37 bestämmelser
750 1645 134 45 Kongl.
921 1644 102 46 Maj:t
1058 1642 126 36 kunde
1216 1643 104 34 finna
1349 1641 171 47 lämpligt
1550 1639 233 46 föreskrifva,
1811 1639 42 36 af

218 1700 323 36 reservationerna
581 1698 21 35 å
643 1698 179 43 anslagen
862 1696 58 34 till
963 1694 44 36 de
1048 1694 192 34 allmänna
1277 1692 219 35 läroverken
1529 1692 99 44 finge
1655 1691 192 36 användas

219 1752 110 44 högst
367 1753 131 41 20,000
532 1750 140 34 kronor
699 1747 142 45 årligen
868 1746 60 35 till
958 1744 206 36 understöd
1196 1743 38 35 åt
1262 1742 170 37 enskilda
1459 1742 182 45 läroverk,
1669 1754 80 23 som
1776 1740 73 37 för-

219 1801 137 36 bereda
382 1801 61 34 till
468 1799 389 46 mogenhetsexamen.

321 1850 174 37 Nämnda
523 1850 288 46 anslagsbelopp
839 1846 97 36 hade
962 1846 133 35 hittills
1124 1844 185 36 alltsedan
1323 1843 137 35 läsaret
1479 1845 240 34 1890-1891
1751 1843 99 35 varit

219 1902 189 37 fördeladt
434 1902 141 34 mellan
602 1900 24 35 f.
656 1900 32 35 d.
717 1898 224 37 Beskowska
960 1897 142 44 skolan,
1122 1909 81 22 som
1222 1895 153 47 ätnjutit
1396 1896 106 42 6,000
1522 1894 150 44 kronor,
1692 1893 71 35 den
1783 1906 65 22 nu-

221 1967 103 23 mera
352 1956 39 32 så
418 1952 149 35 kallade
594 1950 270 46 Palmgrenska
892 1948 224 44 samskolan,
1136 1947 153 35 hvilken
1309 1945 153 46 ätnjutit
1483 1947 105 41 8,000
1608 1944 150 44 kronor,
1779 1944 69 35 och

221 2003 263 50 Fjellstedtska
525 2002 141 44 skolan,
706 2001 153 36 hvilken
899 1998 181 46 uppburit
1121 2000 106 42 6,000
1255 1997 150 43 kronor,
1433 1995 69 34 allt
1528 1994 58 36 för
1613 1994 105 36 läsår.
1773 1994 75 35 Vid

223 2057 105 34 dessa
368 2052 206 37 understöd
613 2052 96 36 hade
747 2052 98 35 varit
878 2048 144 37 fästade
1058 2048 183 35 särskilda
1276 2047 132 43 vilkor,
1436 2045 171 36 afseende
1634 2045 213 48 inspektion

223 2107 68 35 och
318 2107 10 34 i
358 2105 113 44 öfrigt
499 2102 219 46 erforderlig
744 2101 166 36 kontroll
939 2099 102 36 öfver
1067 2098 323 36 läroanstalterna.

325 2154 241 38 Sistnämnda
603 2153 41 36 af
667 2153 135 45 Kongl.
830 2150 104 48 Maj:t
959 2151 60 34 till
1045 2150 214 44 Riksdagen
1287 2147 133 48 gjorda
1447 2146 277 46 framställning
1752 2146 96 35 hade
