2199 2576
362 130 37 29 18
895 132 233 30 Statsutskottets
1158 135 154 29 Utlåtande
1335 136 60 29 N:o
1419 138 27 26 9.

461 205 55 36 På
543 207 126 45 grund
697 207 41 37 af
760 207 102 38 hvad
890 209 163 37 sålunda
1080 210 126 37 blifvit
1234 211 153 37 anfördt
1413 212 58 37 får
1501 215 182 36 utskottet
1709 216 210 47 hemställa,

873 315 56 31 att
956 311 215 47 Riksdagen
1198 312 62 36 må
1286 313 50 47 på
1364 314 63 37 det
1455 320 73 31 sätt
1553 316 134 37 bifalla
1714 318 134 47 Kongl.
1875 319 122 46 Maj:ts

768 359 249 39 förevarande
1057 362 291 48 framställning,
1389 371 56 30 att
1485 366 214 48 Riksdagen
1740 370 159 48 beviljar
1925 370 72 36 för-

767 412 159 46 höjning
954 413 79 36 dels
1062 414 86 36 med
1177 417 107 43 3,500
1314 416 150 46 kronor,
1493 418 91 35 eller
1610 418 81 37 från
1725 423 107 41 6,500
1856 422 142 35 kronor

768 463 61 35 till
875 467 131 42 10,000
1045 465 151 45 kronor,
1226 465 41 36 af
1291 466 63 36 det
1379 468 14 35 i
1420 472 122 32 staten
1568 468 60 37 för
1654 471 343 37 nationalmuseum

767 512 312 39 förekommande
1118 517 422 48 reservationsanslaget
1579 520 60 35 till
1666 521 331 48 konstsamlingar-

767 577 67 24 nas
863 565 157 44 ökande,
1050 567 78 36 dels
1158 568 68 35 ock
1253 568 87 36 med
1370 572 107 42 9,000
1501 571 151 45 kronor,
1673 572 91 36 eller
1781 572 84 38 från
1888 578 106 42 6,000

766 616 143 35 kronor
948 617 61 35 till
1054 620 132 43 15,000
1223 619 151 45 kronor,
1403 619 42 37 af
1468 620 63 36 det
1558 622 121 36 under
1705 624 291 38 nationalmusei

767 671 75 31 stat
868 667 190 47 uppförda
1084 670 386 47 reservationsanslag
1496 672 62 36 till
1584 673 144 37 inlösen
1757 674 42 36 af
1821 675 174 38 lefvande

768 718 160 36 svenska
955 719 240 37 konstnärers
1220 721 163 36 arbeten.

459 816 76 36 Vid
574 815 111 38 bifall
724 816 130 38 härtill
894 819 154 37 komma
1089 822 179 46 anslagen
1296 823 121 36 under
1443 823 180 37 rubriken
1650 826 344 39 nationalmuseum

356 871 55 31 att
447 868 91 36 ökas
565 867 84 37 från
682 869 221 37 nuvarande
934 871 186 47 beloppet,
1156 876 133 42 46,350
1318 874 152 47 kronor,
1497 876 60 35 till
1586 879 132 42 58,850
1747 878 150 37 kronor.

850 1020 318 48 Domkapitlens
1197 1025 300 45 expeditioner.

166 1123 59 29 Ang.
246 1120 97 42 delning
462 1120 72 43 3:0)
589 1120 142 39 Vidare
758 1123 69 36 har
856 1124 134 46 Kongl.
1018 1124 104 50 Maj:t
1149 1127 13 35 i
1181 1127 487 48 statsverkspropositionen
1689 1131 120 37 under
1828 1134 164 36 nämnda

148 1155 34 31 af
191 1156 163 23 Hernösands
525 1173 6 7 å
636 1180 13 7 -
780 1175 7 7 .

221 1189 62 30 stift.
327 1167 16 59 —
357 1171 230 38 hufvudtitel
614 1172 203 50 föreslagit,

149 1232 35 43 [3
199 1229 153 49 och39.]
458 1224 76 35 dels
562 1224 11 35 i
601 1225 171 45 punkten
802 1225 72 43 3:0)

458 1279 56 30 att
540 1274 215 49 Riksdagen
782 1276 117 36 måtte
925 1276 201 48 medgifva,
1155 1278 61 36 det
1244 1279 284 38 Vesterbottens
1556 1282 68 35 och
1653 1282 246 39 Norrbottens
1927 1287 63 35 län

354 1323 85 37 från
469 1324 72 36 den
575 1330 10 31 1
617 1326 151 47 januari
801 1330 94 33 1899
924 1327 222 37 frånskildes
1175 1329 242 38 Hernösands
1446 1331 79 36 stift
1552 1332 59 36 för
1639 1338 54 31 att
1720 1334 104 36 bilda
1848 1342 51 29 ett
1918 1344 73 28 sär-

355 1374 115 36 skildt
506 1374 89 45 stift,
633 1383 97 29 samt
761 1382 55 30 att
842 1377 59 36 för
929 1378 200 38 aflönande
1156 1380 41 36 af
1221 1381 133 48 biskop
1383 1383 12 34 i
1424 1382 62 36 det
1512 1396 76 31 nya
1615 1383 119 37 stiftet
1760 1385 42 36 af
1825 1387 165 47 biskops-

354 1426 438 47 löneregleringsfonden
820 1429 190 36 användes
1039 1430 109 46 högst
1181 1434 129 41 13,500
1341 1433 140 36 kronor
1509 1433 157 47 årligen;

457 1482 56 30 att
548 1476 60 37 för
646 1478 241 37 bestridande
923 1479 41 36 af
996 1480 209 37 kostnaden
1232 1481 60 37 för
1320 1483 197 37 aflönande
1545 1484 42 36 af
1612 1486 376 48 konsistorienotarie,

354 1539 204 24 amanuens
601 1529 68 34 och
711 1530 252 36 vaktmästare
1003 1531 63 36 vid
1109 1531 62 37 det
1214 1546 77 36 nya
1328 1533 249 50 domkapitlet
1609 1536 116 36 måtte
1752 1538 155 48 beviljas
1936 1545 53 30 ett

355 1577 188 37 ordinarie
584 1580 131 46 anslag
755 1579 41 36 af
834 1584 108 41 5,100
985 1582 150 45 kronor,
1178 1582 109 37 deraf
1320 1585 59 35 till
1414 1588 173 33 notarien
1616 1590 108 41 3,000
1752 1588 149 45 kronor,
1930 1590 58 35 till

354 1641 255 24 amanuensen
641 1633 106 40 1,600
776 1631 141 36 kronor
945 1632 70 35 och
1042 1633 58 35 till
1128 1634 278 37 vaktmästaren
1438 1639 71 34 500
1539 1638 155 45 kronor;

456 1684 56 31 att
546 1679 60 36 för
641 1681 96 48 hyra
773 1680 40 37 af
846 1682 100 36 lokal
984 1683 68 35 och
1088 1684 388 38 vaktmästarebostad
1504 1687 115 37 måtte
1647 1688 121 37 anslås
1797 1695 52 31 ett
1877 1690 111 47 årligt

353 1729 139 47 belopp
520 1729 42 36 af
592 1735 104 41 1,500
724 1732 155 45 kronor;
908 1738 97 31 samt

456 1786 55 30 att
551 1780 121 37 såsom
715 1784 208 48 ersättning
958 1783 60 37 för
1055 1784 71 37 den
1154 1786 219 50 minskning
1400 1789 11 34 i
1439 1789 175 44 inkomst,
1642 1801 81 25 som
1750 1804 135 33 genom
1914 1792 71 37 den

351 1829 221 47 ifrågasatta
613 1831 301 48 stiftsdelningen
954 1835 120 36 skulle
1115 1835 142 38 drabba
1297 1840 173 35 notarien
1511 1839 63 36 vid
1610 1839 243 38 Hernösands
1886 1842 100 36 dom-

352 1880 142 48 kapitel
521 1883 58 34 till
607 1882 95 48 följd
729 1883 41 36 af
794 1883 184 38 förlusten
1007 1885 42 36 af
1073 1888 398 44 sportelinkomsterna
1498 1889 82 36 från
1610 1890 281 39 Vesterbottens
1916 1893 70 35 och

352 1930 250 38 Norrbottens
631 1934 72 44 län,
731 1934 116 36 måtte
875 1935 154 48 beviljas
1058 1942 53 30 ett
1139 1938 111 47 årligt
1278 1940 129 45 anslag
1435 1939 42 36 af
1505 1942 109 45 1,500
1641 1942 157 46 kronor;

455 1983 76 35 dels
560 1984 60 35 ock
649 1984 11 35 i
689 1985 170 46 punkten
890 1985 97 45 39:0)

454 2038 57 30 att
538 2033 214 49 Riksdagen
778 2035 118 37 måtte
922 2036 47 46 på
997 2042 108 31 extra
1132 2043 73 31 stat
1231 2037 59 38 för
1318 2040 41 36 år
1390 2044 93 34 1899
1506 2043 128 36 anvisa
1652 2042 167 49 följande
1837 2045 147 46 belopp,

351 2084 190 46 nemligen
586 2088 72 33 600
699 2086 141 35 kronor
881 2086 121 37 såsom
1044 2091 206 45 ersättning
1289 2092 60 35 till
1384 2094 220 35 nuvarande
1641 2107 252 23 amanuensen
1920 2095 65 36 vid

353 2134 250 47 domkapitlet
637 2136 5 35 i
671 2136 223 37 Hernösand
921 2136 59 37 för
1008 2138 71 37 den
1108 2140 218 48 minskning
1352 2143 13 35 i
1392 2143 94 35 hans
1513 2144 175 46 inkomst,
1717 2157 80 24 som
1824 2146 13 35 i
1860 2146 125 36 anled-

351 2185 93 48 ning
472 2184 41 36 af
538 2185 71 36 den
637 2185 212 51 föreslagna
877 2188 201 49 delningen
1109 2189 40 37 af
1173 2191 240 39 Hernösands
1442 2193 82 37 stift
1550 2196 120 36 skulle
1694 2195 135 49 uppstå
1848 2210 136 32 genom
