2168 2589
731 166 235 31 Statsutskottets
993 167 153 28 Utlåtande
1170 167 59 28 N:o
1253 168 27 27 9.
1756 166 59 29 281

593 247 109 44 3,650
729 245 155 43 kronor,
916 251 54 29 att
1001 247 47 44 på
1077 244 46 35 de
1153 244 136 44 vilkor,
1320 242 136 48 Kongl.
1487 243 105 47 Maj:t
1621 244 72 34 kan
1713 244 102 34 finna

593 297 177 47 lämpligt
807 296 222 41 bestämma,
1072 295 192 35 användas
1307 295 58 35 till
1410 293 210 37 understöd
1659 295 57 34 för
1757 300 59 29 ut-

592 347 180 47 gifvande
790 346 108 35 äfven
918 346 122 35 under
1056 346 233 35 sistnämnda
1306 349 41 32 år
1363 344 40 36 af
1421 344 222 36 tidskriften
1665 359 12 15 >
1690 344 127 48 Nyare

592 399 127 46 bidrag
764 397 56 35 till
864 396 201 36 kännedom
1112 409 55 23 om
1214 397 41 34 de
1300 395 150 37 svenska
1493 395 228 36 landsmålen
1755 396 62 35 och

592 450 141 35 svenskt
757 447 168 49 folklif>.

288 549 102 48 95:0)
420 551 52 35 På
500 550 128 48 grund
658 550 40 36 af
723 549 135 48 Kongl.
889 548 123 48 Maj:ts
1034 548 131 36 derom
1185 547 223 37 framstälda
1430 547 141 48 förslag
1592 547 221 35 hemställer
1834 555 58 29 4ng.
1919 553 86 30 anslag

239 604 119 34 skotte
1827 588 35 22 till
1886 597 9 12 »
1900 588 118 22 Nordiskt

187 610 202 37 utskottet,
829 652 5 6 .
1175 650 6 7 .
1849 622 141 22 medicinskt

696 656 56 31 att
793 650 217 47 Riksdagen
1046 653 72 42 må,
1156 649 57 36 till
1243 649 210 36 understöd
1484 648 57 35 för
1569 647 157 37 fortsatt
1755 654 59 30 ut-
1875 657 95 21 arkiv.

593 701 178 47 gifvande
785 702 39 34 af
837 701 219 35 tidskriften
1079 714 11 15 >
1099 700 180 36 Nordiskt
1295 700 208 35 medicinskt
1519 699 296 46 arkiv>,jemval
1875 695 91 49 [89.]

593 753 59 35 för
690 756 41 32 år
770 753 96 35 1899
902 755 47 44 på
979 759 108 28 extra
1117 758 75 29 stat
1220 751 141 47 bevilja
1391 757 56 29 ett
1475 750 132 47 anslag
1637 751 39 34 af
1705 752 112 41 3,000

595 804 157 34 kronor.

290 886 100 47 96:0)
421 888 83 35 Med
536 887 207 46 anledning
772 886 39 35 af
838 886 135 46 Kongl.
1005 886 121 46 Maj:ts
1156 884 283 48 framställning
1466 886 69 35 och
1567 885 122 35 under
1725 884 83 35 bäme
1837 884 59 55 Que:
1923 883 99 61 omer

187 941 151 45 visning
367 940 59 34 till
455 940 97 34 hvad
584 940 9 33 i
624 938 159 35 ärendet
811 937 128 35 blifvit
968 937 59 35 till
1056 937 426 46 statsrådsprotokollet
1515 933 87 48 (sid.
1633 932 88 47 304)
1751 948 152 25 an-»Acta
1922 951 89 22 mathe-

187 991 117 42 fördt,
334 990 56 35 får
421 990 188 34 utskottet
638 989 214 42 hemställa,
1863 986 112 84 190.]

1892 1029 57 35 90.

695 1078 55 29 att
790 1071 220 46 Riksdagen
1052 1074 71 40 må,
1166 1071 11 35 i
1218 1071 121 34 likhet
1381 1070 85 35 med
1505 1069 100 36 hvad
1635 1069 58 35 för
1723 1072 90 32 åren

596 1123 247 36 1896—1898
887 1131 64 36 egt
990 1134 97 30 rum,
1129 1121 59 36 till
1225 1121 229 35 understöd:
1479 1119 57 36 för
1578 1120 155 35 fortsatt
1762 1125 56 30 ut-

592 1173 180 47 gifvande
815 1172 40 36 af
893 1171 238 36 tidsskriften
1166 1171 112 36 »Acta
1310 1171 289 43 mathematica»,
1629 1174 48 43 på
1707 1178 110 27 extra

593 1230 77 28 stat
703 1223 58 35 för
795 1227 41 31 år
868 1225 94 33 1899
993 1222 129 36 anvisa
1152 1224 110 42 3,000
1296 1222 153 35 kronor.

291 1305 98 48 97:0)
418 1307 135 47 Kongl.
584 1307 104 47 Maj:t
717 1308 67 34 har
813 1306 200 48 föreslagit
1036 1306 215 46 Riksdagen
1287 1312 56 29 att
1375 1306 59 34 till
1454 1305 223 42 understöd,
1699 1307 48 44 på
1767 1305 47 34 de
1834 1313 60 38 Ang.
1914 1312 91 40 anslag

188 1362 9 33 i
228 1359 424 47 statsrådsprotokollet
688 1358 108 34 öfver
831 1357 411 35 ecklesiastikärenden
1273 1356 58 35 för
1360 1356 70 35 den
1464 1357 45 34 14
1533 1356 151 46 januari
1718 1357 94 34 1898
1838 1346 162 63 salar

188 1409 153 48 angifna
369 1410 137 41 vilkor,
536 1412 38 31 åt
603 1408 140 35 sådana
773 1408 182 35 anstalter
984 1408 92 34 eller
1106 1406 231 47 föreningar,
1362 1419 80 23 som
1469 1406 170 35 anordna
1656 1405 158 47 föreläs-
1837 1413 49 30 för
1905 1414 91 22 arbets-

188 1460 232 48 ningskurser
452 1459 66 47 för
546 1459 275 42 arbetsklassen,
853 1458 139 47 bevilja
1022 1464 55 29 ett
1107 1463 110 29 extra
1246 1458 131 45 anslag
1407 1456 39 36 af
1485 1458 137 41 45,000
1657 1457 154 34 kronor.
1867 1447 103 23 flassen.

290 1508 432 49 Departementschefen
752 1509 67 34 har
848 1509 10 34 i
890 1510 159 33 ärendet
1074 1509 155 42 erinrat,
1252 1508 183 34 hurusom
1456 1507 216 46 Riksdagen
1693 1507 58 34 för
1772 1510 41 31 år
1871 1486 93 49 [91.]

191 1564 94 34 1885
317 1562 90 34 stält
435 1561 57 34 till
524 1560 135 46 Kongl.
685 1558 125 48 Maj:ts
830 1558 225 48 förfogande
1077 1559 121 34 under
1219 1559 99 34 vissa
1338 1558 124 35 vilkor
1483 1564 56 28 ett
1560 1565 110 27 extra
1687 1558 131 45 anslag

189 1613 39 34 af
257 1613 130 41 15,000
418 1611 153 43 kronor,
605 1615 56 30 att
702 1609 194 35 användas
938 1610 57 33 till
1039 1609 208 35 understöd
1290 1612 20 31 å
1339 1609 142 34 sådana
1510 1608 184 47 anstalter
1723 1607 93 35 eller

189 1662 231 45 föreningar,
449 1674 80 22 som
559 1660 170 35 anordna
758 1659 394 48 föreläsningskurser
1174 1658 58 36 för
1253 1659 292 34 arbetsklassen.
1575 1656 61 37 År
1658 1657 97 36 efter
1776 1661 41 31 år

189 1713 96 35 hade
315 1712 216 35 sedermera
559 1711 132 46 anslag
721 1711 57 34 för
807 1710 165 34 nämnda
1003 1711 174 34 ändamål
1198 1709 38 35 af
1254 1708 136 46 Kongl.
1412 1708 106 47 Maj:t
1540 1709 126 34 äskats
1687 1708 70 35 och
1779 1707 40 36 af

189 1763 216 46 Riksdagen
435 1762 187 46 beviljats.
678 1761 73 34 För
782 1761 111 35 hvart
922 1760 69 35 och
1024 1766 54 29 ett
1107 1760 39 35 af
1172 1763 88 32 åren
1294 1761 94 34 1895
1419 1760 71 34 och
1518 1761 95 34 1896
1636 1759 96 34 hade
1753 1772 63 21 an-

189 1814 285 47 slagsbeloppet
516 1812 184 35 bestämts
743 1812 59 34 till
832 1812 136 41 25,000
1011 1811 141 35 kronor
1181 1816 97 30 samt
1306 1809 58 36 för
1394 1813 41 32 år
1466 1812 94 33 1897
1591 1810 58 34 till
1679 1811 136 42 30,000

190 1865 152 34 kronor.
399 1862 72 35 För
500 1866 40 31 år
571 1864 95 34 1898
698 1862 95 35 hade
824 1861 175 47 beviljats
1029 1868 53 29 ett
1124 1867 108 30 extra
1262 1860 132 46 anslag
1432 1860 38 35 af
1497 1862 137 44 35,000
1665 1860 152 43 kronor,

189 1923 56 27 att
286 1913 193 36 användas
520 1913 58 36 till
620 1912 212 35 understöd
870 1914 38 32 åt
942 1912 140 35 sådana
1111 1912 183 35 anstalter
1323 1912 93 34 eller
1444 1910 220 47 föreningar
1694 1910 123 35 under

189 1964 167 48 följande
385 1964 142 34 vilkor:

291 2021 56 29 att
376 2014 390 46 understödsbelopp,
796 2025 80 22 som
907 2011 176 49 utgåfves
1113 2013 58 35 till
1202 2012 129 47 hvarje
1353 2012 141 35 anstalt
1514 2012 93 34 eller
1627 2010 188 47 förening,

192 2067 80 34 icke
300 2066 101 46 finge
430 2064 208 47 öfverstiga
668 2066 107 42 3,000
806 2064 154 42 kronor,
990 2062 58 36 för
1077 2066 41 32 år
1146 2063 180 42 räknadt;

291 2123 56 28 att
376 2116 227 34 kommuner
632 2115 94 34 eller
755 2113 172 35 enskilde
957 2114 169 35 tillsköte
1156 2114 115 34 minst
1296 2113 76 35 lika
1398 2112 153 48 mycket
1572 2125 80 22 som
1674 2116 141 38 staten;

292 2172 56 29 att
390 2166 209 35 anstaltens
628 2164 324 47 angelägenheter
985 2164 187 35 vårdades
1205 2163 39 36 af
1275 2176 45 22 en
1354 2163 173 47 styrelse,
1562 2175 80 23 som
1676 2168 139 41 antoge

188 2216 263 38 föreståndare
481 2215 69 36 och
580 2215 139 44 lärare;

291 2279 62 27 Bih.
373 2279 43 27 till
433 2279 97 27 Riksd.
549 2279 76 26 Prot.
646 2279 76 26 1898.
759 2279 17 25 4
795 2278 86 26 Saml.
918 2279 15 25 1
953 2277 70 35 Afd.
1059 2277 19 25 9
1097 2277 82 33 Häft.
1682 2275 33 26 36
