1922 2814
299 162 38 30 18
518 166 103 27 Andra
644 167 184 27 kammarens
848 170 119 30 första
990 167 154 38 tillfälliga
1167 169 123 27 utskotts
1312 168 152 29 utlåtande
1488 169 43 28 Nr
1554 173 28 31 4.

342 240 72 33 Den
441 241 231 39 förberedande
697 242 145 33 militära
869 242 228 40 utbildningen
1123 248 36 28 är
1185 248 48 29 att
1259 256 76 21 anse
1362 257 67 20 som
1455 258 37 20 en
1519 246 133 33 fortsatt
1679 246 108 39 fysisk

300 286 135 33 fostran.
455 286 72 32 Den
545 291 92 34 tager
656 287 50 32 sin
727 288 113 37 början
862 288 56 32 vid
939 288 110 39 fyllda
1071 290 38 30 17
1131 290 36 31 år
1186 290 58 31 och
1266 302 92 20 avser
1376 294 49 28 att
1444 291 153 38 bibringa
1616 292 170 32 förståelse

300 330 51 31 för
372 330 146 33 militära
539 331 120 38 frågor,
681 332 105 32 väcka
805 332 67 39 håg
894 333 51 30 för
967 333 187 31 soldatlivet
1172 337 86 28 samt
1279 334 210 38 kroppsligen
1512 335 169 32 förbereda
1702 336 84 31 mili-

299 374 290 38 tärutbildningen.

342 417 236 39 Utbildningen
602 418 85 32 skall
710 418 116 32 ordnas
849 419 11 30 i
883 422 48 28 tre
952 419 226 39 avdelningar,
1202 420 94 31 vilka
1317 422 175 36 genomgås
1515 421 84 32 efter
1620 421 97 39 hand,
1742 423 42 31 då

297 461 222 39 ynglingarna
541 462 135 32 tillhöra
696 463 226 32 motsvarande
944 463 237 33 läroanstalter.
1206 463 18 32 I
1249 463 104 33 första
1375 464 217 39 avdelningen
1614 465 171 40 bibringas

297 526 43 3 —
363 506 10 31 i
399 519 124 20 samma
546 507 237 38 läroanstalter,
808 507 58 32 där
890 507 60 32 den
975 520 79 26 nyss
1079 508 135 32 berörda
1239 508 125 33 fostran
1390 509 161 33 meddelas
1575 529 45 4 —
1644 511 139 32 förbere-

297 551 103 32 dande
429 551 305 39 soldatutbildning,
762 552 12 31 i
804 552 59 32 den
893 552 102 32 andra
1023 552 215 38 avdelningen
1267 573 45 3 —
1339 553 56 32 vid
1422 553 89 33 vissa
1538 554 244 39 fortsättnings-

297 596 107 31 skolor
425 596 57 31 och
507 596 188 37 föreningar
715 615 45 3 —
781 596 58 31 och
861 596 11 31 i
895 596 61 31 den
977 596 101 37 tredje
1101 596 215 38 avdelningen
1336 617 44 2 —
1401 597 56 31 vid
1479 598 38 31 de
1537 598 100 37 högre
1657 599 126 32 läroan-

297 640 155 31 stalterna
472 639 58 31 och
552 639 12 31 i
586 639 97 37 vissa,
704 652 43 19 av
768 639 263 38 krigsministern
1054 641 104 30 såsom
1180 640 111 31 därför
1312 641 160 37 lämpliga
1492 641 186 32 förklarade
1700 643 82 31 före-

296 683 117 38 ningar
430 703 45 2 —
494 682 147 34 bedrives
661 683 132 32 fortsatt
812 683 189 39 utbildning
1020 683 12 31 i
1053 684 99 31 sådan
1173 684 209 38 omfattning,
1404 689 49 29 att
1472 684 149 33 eleverna
1638 685 86 33 efter
1742 697 39 20 en

296 727 191 39 ytterligare
517 727 238 38 jämförelsevis
785 727 74 32 kort
889 727 191 39 utbildning
1110 727 92 34 skola
1233 728 113 33 kunna
1376 732 173 30 utnämnas
1580 729 54 32 till
1665 730 116 32 under-

296 772 182 39 officerare,
498 784 83 27 resp.
599 772 182 32 officerare.

955 892 166 38 England.

339 970 65 33 Vid
425 971 143 33 flertalet
586 972 99 39 högre
704 973 227 32 läroanstalter
949 974 201 38 organiseras
1172 974 162 34 särskilda
1353 975 214 38 avdelningar
1586 975 51 31 för
1656 974 126 32 militär

294 1015 196 39 utbildning,
512 1016 57 32 vid
590 1017 364 33 elementarläroverken
975 1018 51 32 för
1047 1030 112 27 gossar
1178 1019 11 31 i
1213 1019 111 32 åldern
1348 1020 127 31 14—17
1499 1020 36 31 år
1556 1019 58 32 och
1634 1018 57 32 vid
1710 1018 72 32 uni-

293 1059 171 33 versiteten
485 1060 51 32 för
554 1061 179 38 ynglingar
751 1062 12 30 i
782 1062 112 31 åldern
916 1063 127 31 17—25
1065 1064 45 37 år,
1130 1063 72 32 med
1222 1064 151 31 ändamål
1393 1068 48 29 att
1460 1065 129 32 utbilda
1607 1065 173 32 officerare

294 1103 51 31 för
364 1104 287 32 territorialarmén
673 1105 58 31 och
751 1105 53 32 till
825 1117 38 20 en
886 1106 124 32 mindre
1031 1107 51 31 del
1107 1107 60 39 (10
1190 1107 53 40 &)
1270 1107 51 31 för
1342 1108 165 37 reguljära
1526 1111 120 30 armén.
1667 1109 111 32 Delta-

292 1147 120 38 gandet
430 1147 11 31 1
460 1148 105 32 denna
582 1149 190 38 utbildning
791 1154 36 26 är
847 1149 157 39 frivilligt
1022 1162 71 20 men
1114 1151 71 31 med
1204 1151 204 38 förpliktelse
1426 1152 53 31 till
1498 1152 131 38 tvåårig
1645 1152 134 38 tjänste-

291 1191 60 32 tid.
370 1191 236 39 Utbildningen
623 1192 136 33 innebär
774 1193 72 32 icke
864 1194 99 38 något
979 1195 103 38 tvång
1101 1198 49 29 att
1167 1195 143 32 därefter
1327 1196 119 38 övergå
1463 1196 54 33 till
1535 1196 245 39 officersyrket.

336 1236 160 32 Likartad
517 1236 229 40 organisation,
770 1238 71 32 med
863 1238 137 38 uppgift
1020 1242 49 29 att
1089 1238 129 34 utbilda
1239 1239 276 33 underofficerare
1537 1240 58 32 och
1619 1241 159 38 manskap

291 1280 54 32 till
363 1281 296 38 territorialarmén,
680 1281 107 33 finnes
806 1282 56 32 vid
882 1282 224 34 folkskolorna
1126 1283 51 32 för
1195 1295 113 27 gossar
1325 1284 12 31 i
1358 1284 113 33 åldern
1490 1285 128 32 12—17
1639 1286 46 32 år.
1702 1285 78 33 Del-

292 1325 154 37 tagandet
466 1330 36 26 är
521 1325 167 39 frivilligt.

335 1368 53 31 En
407 1369 141 32 särskild
568 1369 101 38 skola,
688 1370 165 32 beräknad
873 1370 51 31 för
944 1371 95 36 1,000
1054 1371 116 37 elever,
1191 1371 107 33 finnes
1318 1373 177 37 upprättad
1514 1373 52 32 för
1584 1376 49 29 att
1648 1373 131 32 utbilda

290 1412 130 32 teknisk
439 1413 158 37 personal,
619 1413 58 32 och
698 1425 39 20 en
754 1425 110 20 annan
884 1414 101 37 skola,
1006 1414 166 32 beräknad
1194 1415 52 31 för
1266 1416 97 36 3,000
1383 1416 114 39 elever,
1520 1416 51 32 för
1589 1416 191 39 utbildning

291 1468 41 21 av
352 1456 161 39 lämpliga
532 1461 114 28 ämnen
668 1457 53 32 till
742 1457 188 33 mekaniker
948 1458 55 32 vid
1025 1458 208 39 flygvapnet.

334 1500 186 39 Frivilliga,
547 1513 41 20 av
612 1504 105 29 staten
742 1501 227 39 understödda,
995 1502 265 40 organisationer,
1289 1503 88 33 >The
1400 1504 100 38 Boys”
1527 1504 167 39 brigades>
1719 1504 60 33 och

292 1545 87 32 >»The
406 1545 98 32 Lads”
532 1545 87 32 Drill
648 1546 251 37 Associations>,
929 1547 104 32 samla
1058 1547 54 32 till
1141 1550 87 29 stora
1254 1548 252 38 ungdomsläger
1533 1549 179 38 ynglingar
1739 1561 42 20 ur

291 1589 230 33 mellanskolor
549 1590 59 31 och
640 1590 190 32 folkskolor.
888 1590 70 34 Där
988 1590 168 39 bibringas
1188 1591 192 39 deltagarna
1408 1592 103 32 under
1539 1593 242 38 uppfriskande

289 1633 149 38 lägerliv,
480 1634 311 32 fosterlandskärlek
830 1635 89 31 sinne
949 1634 52 32 för
1029 1634 204 33 militärlivet
1271 1638 86 30 samt
1396 1636 230 32 förberedande
1655 1637 125 32 militär

289 1677 199 39 utbildning.
510 1677 65 33 Det
597 1682 37 27 är
656 1679 120 37 många
798 1678 183 38 betydande
1004 1683 85 34 män,
1113 1690 67 21 som
1204 1680 51 31 stå
1276 1680 12 31 i
1311 1683 125 34 spetsen
1461 1680 51 31 för
1536 1680 104 33 denna
1661 1681 118 32 rörelse

290 1722 57 32 och
372 1734 68 21 som
466 1722 108 33 aktivt
599 1722 131 39 deltaga
754 1722 12 32 i
792 1722 182 39 lägerlivet.

975 1837 109 32 Polen.

334 1914 199 38 Gymnastik
560 1915 57 32 och
642 1915 100 32 idrott
768 1921 54 26 äro
848 1916 70 31 icke
944 1916 235 38 obligatoriska
1205 1917 184 32 läroämnen
1417 1917 10 31 i
1454 1918 161 32 skolorna.
1641 1918 49 31 På
1716 1917 57 32 fri-

287 1958 210 39 villighetens
515 1964 65 33 väg
599 1960 159 32 anordnas
777 1961 51 30 för
847 1960 254 38 skolungdomen
1119 1960 174 39 skolläger,
1312 1962 58 31 där
1388 1962 283 38 kroppsövningar
1691 1965 83 29 samt

289 2003 102 32 andra
411 2015 67 20 mer
497 2003 78 32 eller
596 2003 124 33 mindre
741 2008 70 27 rent
835 2004 144 32 militära
1000 2005 159 37 övningar
1180 2005 169 32 anordnas.
1372 2005 71 32 Den
1465 2006 155 31 drivande
1640 2006 133 31 kraften

288 2047 12 30 i
325 2047 104 32 denna
451 2047 278 38 ungdomsrörelse
754 2051 129 34 utgöres
910 2060 41 20 av
977 2048 187 38 föreningar
1189 2049 71 31 med
1287 2049 240 33 fosterländska
1552 2049 115 37 motiv;
1692 2049 80 32 dock

288 2091 190 31 medverkar
505 2095 104 28 staten
636 2103 115 26 genom
777 2095 49 28 att
851 2092 232 32 kostnadsfritt
1110 2092 98 32 ställa
1234 2092 145 32 militära
1404 2093 224 38 instruktörer,
1657 2104 115 28 vapen,

289 2134 212 32 ammunition
525 2147 41 19 m.
588 2147 41 20 m.
649 2135 53 31 till
725 2135 203 38 förfogande.

330 2178 61 32 Ett
411 2178 293 40 regeringsförslag
725 2179 176 38 föreligger
922 2180 188 39 emellertid,
1134 2180 104 33 vilket
1260 2193 92 20 avser
1372 2193 38 20 en
1432 2182 129 38 kraftig
1582 2182 192 38 utveckling

287 2234 41 20 av
348 2223 199 38 ungdomens
570 2223 131 38 fysiska
723 2223 124 32 fostran
870 2224 58 31 och
952 2224 230 32 förberedande
1204 2225 144 33 militära
1369 2226 199 38 utbildning.
1591 2226 179 38 Förslaget,

289 2279 66 20 som
377 2271 96 34 utgör
497 2271 46 28 ett
565 2267 51 32 led
641 2268 11 31 i
677 2268 60 31 den
762 2279 89 27 unga
876 2271 120 30 statens
1021 2272 132 28 strävan
1179 2269 52 32 till
1258 2269 259 39 självbevarelse,
1542 2270 61 32 har
1627 2270 148 42 följande

287 2311 273 33 huvudinnehåll:

328 2355 71 33 Den
424 2356 129 37 fysiska
579 2355 125 38 fostran
728 2368 92 20 avser
844 2356 51 31 för
917 2357 91 31 såväl
1033 2356 125 39 manlig
1180 2369 66 20 som
1270 2357 153 39 kvinnlig
1447 2358 142 38 ungdom
1614 2358 156 38 obligato-

288 2399 90 33 riska
395 2399 282 38 kroppsövningar
695 2399 12 31 i
726 2399 67 33 alla
810 2399 117 38 skolor,
948 2400 91 32 såväl
1059 2404 121 29 statens
1200 2412 67 21 som
1285 2401 159 32 enskilda.

330 2444 72 32 Den
429 2443 230 39 förberedande
686 2443 145 34 militära
855 2443 228 39 utbildningen
1111 2445 157 32 omfattar
1294 2450 81 27 även
1404 2446 59 32 den
1491 2446 173 38 kvinnliga
1690 2458 81 26 ung-

286 2488 122 38 domen,
431 2500 66 20 som
519 2488 84 33 skall
623 2488 125 33 erhålla
767 2488 235 39 undervisning
1021 2488 11 32 i
1053 2489 156 38 sjukvård
1229 2489 57 32 och
1307 2489 316 39 krigshjälpstjänst.
