2222 2634
795 204 212 36 Lugutskotlets
1033 205 144 28 utlåtande
1203 205 43 28 Nv
1270 206 50 28 52.
1835 207 16 28 7

252 283 176 34 stämdare
473 283 67 34 och
578 283 120 35 dirför
744 283 255 36 vidsträcktare
1031 285 6 33 i
1068 285 52 34 sin
1165 285 192 35 straffande
1395 286 181 36 räckvidd.
1641 286 91 35 Vida
1761 287 91 34 färre

253 335 233 46 misshagliga
512 336 196 46 yttranden
737 341 45 31 än
811 338 74 34 förr
914 337 121 35 kunde
1064 338 115 47 slippa
1207 351 130 33 genom
1367 340 190 34 maskorna
1586 341 7 33 i
1626 341 122 46 lagens
1777 341 73 34 nit.

252 388 196 45 Samtidigt
490 388 79 35 blev
604 389 104 48 lagen
738 391 153 34 ovissare
920 390 57 35 till
1006 391 54 34 sin
1090 392 147 46 mening
1265 393 67 34 och
1361 394 140 33 svårare
1530 396 53 32 att
1611 393 110 35 tolka.
1780 394 74 34 Det

251 441 80 35 blev
373 441 57 34 för
472 443 142 46 menige
659 456 82 21 man
784 443 65 34 allt
887 444 225 46 vanskligarc
1140 448 55 30 att
1222 449 142 42 avgöra,
1396 446 180 34 huruvida
1603 448 53 33 ett
1683 447 169 47 yttrande

250 506 63 22 var
340 494 187 46 brottsligt
555 496 83 34 eller
666 497 45 45 cj,
730 497 67 34 och
826 496 304 48 myndigheterna
1159 497 120 35 kunde
1308 498 273 47 godtyckligare
1610 502 41 31 än
1683 500 75 33 förr
1781 500 72 34 låta

250 547 70 34 den
362 559 65 23 ene
470 548 152 35 drabbas
663 561 45 22 av
736 551 142 45 strängt
906 550 101 34 straff
1036 550 67 34 och
1132 550 70 34 den
1230 551 109 34 andre
1368 551 145 35 alldeles
1541 552 92 47 löpa,
1665 553 115 33 ehuru
1808 553 44 34 de

250 599 91 35 båda
381 603 116 45 yttrat
530 602 55 46 sig
612 603 47 46 på
687 604 53 32 ctt
768 578 88 68 sätt,
882 615 77 22 som
988 603 93 34 varit
1110 603 76 34 helt
1214 603 157 44 likartat,
1399 605 38 46 ja
1467 605 133 34 kanske
1628 608 48 44 på
1704 605 148 47 pricken

250 653 207 36 detsamma.
516 655 87 35 Med
644 655 110 34 andra
796 632 79 59 ord:
921 656 303 35 rättssäkerheten
1259 659 80 32 vart
1365 633 184 59 märkbart
1578 659 67 34 och
1674 658 179 35 kännbart

250 707 197 47 förringad.

356 761 197 47 Samtidigt
594 762 159 34 infördes
794 774 132 35 genom
954 762 301 47 lagändringarna
1283 776 43 22 av
1359 764 100 34 1906
1490 764 222 36 straffarbete
1736 767 112 34 såsom

249 815 101 34 straff
392 815 57 34 för
491 815 170 47 politiska
689 815 99 35 brott
816 817 66 33 och
912 816 62 34 det
1001 816 58 34 till
1087 828 45 22 en
1161 818 38 33 så
1227 818 73 34 stor
1330 817 261 47 utsträckning,
1623 820 53 33 att
1704 818 12 34 i
1745 819 106 34 vidri-

248 870 99 44 gaste
387 868 65 34 fall
485 868 79 48 fyra
593 870 55 33 års
676 869 222 34 straffarbete
928 869 122 35 kunde
1078 869 156 35 ådömas.
1291 870 309 35 Straffmaximum
1628 872 92 34 hade
1748 872 103 35 alltså

247 922 14 33 1
288 923 53 33 ett
369 921 77 47 slag
470 921 251 48 fyradubblats
750 922 67 34 och
846 922 118 34 denna
993 923 155 46 höjning
1175 935 44 21 av
1247 923 300 35 straffmaximum
1576 925 64 34 har
1660 925 190 47 naturligt-

248 975 54 34 vis
341 977 128 32 utövat
510 975 98 34 stark
636 975 174 34 inverkan
839 977 46 46 på
914 976 316 46 straffmätningen
1258 976 11 34 1
1299 977 129 46 övrigt.
1487 977 74 35 Det
1589 981 38 31 är
1656 978 193 47 onekligen

247 1028 98 35 raskt
384 1028 232 35 marscherat:
658 1030 39 32 år
731 1029 97 35 18838
859 1041 61 22 var
949 1029 226 48 uppmaning
1203 1029 58 35 till
1289 1030 98 35 brott
1415 1031 165 34 straffbar
1607 1031 97 35 blott
1731 1032 13 33 i
1772 1032 78 35 säll-

247 1085 105 44 synta
393 1081 280 48 undantagsfall,
714 1083 38 34 år
784 1082 93 35 1906
910 1095 62 22 var
999 1082 109 36 sådan
1138 1084 226 47 uppmaning
1387 1084 166 35 straffbar
1582 1088 84 32 över
1694 1085 60 47 lag
1782 1086 68 35 och

247 1134 62 36 det
336 1135 83 35 med
448 1135 92 35 ända
567 1136 57 34 till
653 1136 23 34 4
705 1137 56 34 års
789 1136 233 35 straffarbete.

354 1189 74 35 Det
455 1190 60 34 må
542 1189 200 35 emellertid
770 1189 151 44 märkas,
952 1192 55 33 att
1034 1190 146 35 straffen
1209 1190 56 35 för
1292 1191 228 47 uppmaning
1538 1191 57 35 till
1609 1192 114 43 mord,
1741 1192 105 43 stöld,

246 1242 243 47 förfalskning
518 1243 67 34 och
613 1243 120 48 dylikt
759 1243 13 34 i
799 1243 253 47 verkligheten
1080 1243 95 35 blott
1202 1244 85 47 följt
1314 1244 82 35 med
1425 1244 57 34 för
1510 1245 211 47 sällskapets
1740 1245 105 36 skull.

247 1295 55 35 De
344 1296 99 47 spela
474 1296 146 48 mycket
648 1296 187 47 obetydlig
862 1296 69 35 roll
958 1297 13 33 i
999 1297 96 47 höga
1122 1297 284 35 vederbörandes
1434 1299 269 47 motiveringar.
1762 1299 84 47 Nej,

246 1361 82 22 man
357 1349 177 35 erkänner
562 1350 85 34 fullt
674 1349 148 48 tydligt,
852 1352 56 32 att
935 1350 62 51 det
1025 1353 38 32 är
1090 1350 44 35 de
1163 1350 169 47 politiska
1360 1351 146 35 brotten
1527 1372 49 4 —
1598 1352 84 35 eller
1710 1354 38 33 så
1776 1352 72 35 kal-

244 1402 78 35 lade
363 1402 147 35 brotten
540 1424 48 3 —
618 1415 85 22 man
741 1403 64 34 vill
837 1405 48 33 åt.
942 1403 55 35 År
1029 1404 98 35 1889
1158 1404 117 46 gällde
1304 1404 62 35 det
1393 1404 252 44 socialisterna,
1676 1407 39 33 år
1748 1406 98 36 1906

244 1468 63 22 var
347 1455 62 36 det
445 1456 246 35 anarkisterna
715 1456 85 35 eller
828 1457 331 47 ungsocialisterna,
1177 1457 82 35 med
1288 1457 98 35 vilka
1414 1471 84 21 man
1526 1458 176 36 skrämde.
1760 1459 88 36 Sant

244 1512 38 32 är
310 1509 66 35 ock
405 1512 56 33 att
488 1522 43 23 en
561 1510 59 35 hel
647 1509 64 36 rad
739 1511 273 47 ungsocialister
1040 1510 168 36 drabbats
1236 1511 82 35 med
1346 1511 235 36 straffarbete.
1639 1512 89 35 Men
1757 1515 91 33 även

243 1575 44 22 av
328 1563 385 36 socialdemokraterna
754 1564 46 34 ha
843 1564 220 35 åtminstone
1105 1566 61 34 två
1205 1565 196 47 undergått
1443 1565 128 36 sådant
1603 1566 102 35 straff
1733 1567 116 47 enligt

243 1617 105 46 lagen
390 1629 45 23 av
480 1618 112 36 1906.
650 1617 58 35 En
750 1617 60 36 hel
848 1617 63 36 rad
945 1618 133 35 sådana
1107 1618 46 35 ha
1180 1618 121 35 vidare
1329 1618 127 36 endast
1483 1631 132 35 genom
1644 1620 118 35 denna
1789 1620 59 48 lag

243 1670 141 35 kunnat
412 1671 146 35 ådömas
586 1671 171 48 fängelse.

348 1724 76 35 Det
465 1727 38 32 är
543 1724 95 35 klart
679 1725 57 35 för
774 1737 62 22 var
864 1725 68 35 och
961 1738 55 31 en,
1048 1727 54 33 att
1129 1725 169 48 politiska
1326 1725 101 36 brott
1455 1728 129 44 utgöra
1612 1739 44 23 en
1685 1727 162 47 kategori

242 1778 56 34 för
336 1778 66 46 sig.
462 1778 55 35 De
550 1778 47 35 ha
625 1779 31 46 ej
687 1778 130 36 liksom
845 1778 112 35 andra
985 1779 100 35 brott
1112 1779 185 35 framfötts
1324 1792 45 22 av
1397 1781 53 34 ett
1479 1780 183 35 fördärvat
1690 1780 85 35 eller
1803 1794 44 22 av

241 1833 154 34 naturen
424 1831 78 47 lågt
529 1832 164 47 sinnelag
722 1832 85 35 eller
834 1833 142 46 utgjort
1004 1832 184 47 tillfälliga
1203 1833 120 47 utslag
1338 1845 44 22 av
1398 1833 350 48 karaktärssvaghet,
1766 1835 79 47 själ-

242 1885 143 35 viskhet
427 1885 86 35 eller
550 1885 215 36 skadelusta.
822 1886 57 34 De
908 1886 47 34 ha
983 1886 175 46 framgått
1186 1899 44 22 av
1259 1886 233 48 övertygelse.
1552 1888 55 34 De
1636 1888 47 35 ha
1711 1888 134 35 utförts

242 1938 56 35 för
336 1940 55 33 att
427 1940 100 46 tjäna
557 1952 44 23 en
629 1939 75 44 sak,
735 1952 44 23 en
806 1939 71 44 idé,
908 1939 43 35 de
980 1940 48 35 ha
1056 1940 75 35 ofta
1160 1939 119 36 direkt
1307 1940 265 48 framsprungit
1600 1954 42 22 ur
1670 1954 45 22 en
1744 1942 101 47 osjäl-

241 1992 80 35 visk
362 1992 259 47 hängivenhet,
665 1996 112 33 större
819 1996 45 32 än
894 1993 69 35 den
991 1994 309 47 genomsnittliga.
1358 1994 89 35 Man
1476 1994 68 35 kan
1575 1995 105 35 alltså
1708 1995 137 47 omöjli-

242 2058 69 35 gen
350 2046 207 47 jämnställa
596 2046 82 36 dem
720 2046 83 36 med
830 2046 111 36 andra
969 2047 110 44 brott,
1109 2060 85 22 man
1221 2049 114 34 måste
1364 2060 83 23 anse
1476 2048 81 35 dem
1585 2049 58 34 för
1670 2049 175 47 antingen

241 2100 117 35 bättre
394 2099 86 36 eller
507 2103 111 42 värre,
649 2100 65 36 allt
742 2101 92 35 efter
862 2100 70 35 den
961 2101 240 48 uppfattning
1228 2114 84 22 man
1340 2102 77 43 bar,
1448 2114 59 22 om
1535 2115 44 22 en
1608 2103 237 47 självständig

242 2154 222 48 övertygelse
509 2157 37 32 är
587 2155 114 46 något
741 2155 83 46 gott
860 2154 85 35 eller
978 2156 45 46 ej.
1081 2154 74 36 Det
1183 2155 151 35 svenska
1363 2155 190 36 samhället
1580 2156 65 35 har
1672 2169 76 22 mer
1776 2158 68 34 och

241 2220 76 22 mer
355 2208 73 46 röjt
455 2207 189 36 tendenser
672 2209 55 34 att
754 2220 84 23 anse
866 2208 82 35 dem
976 2211 112 33 värre.
1148 2209 72 35 Det
1247 2221 105 36 synes
1379 2221 77 23 mer
1485 2210 67 35 och
1580 2222 76 23 mer
1684 2210 79 48 böjt
1790 2212 54 34 att

241 2273 83 23 anse
352 2261 238 48 självständig
618 2261 224 49 övertygelse
868 2274 78 23 som
976 2263 113 47 något
1107 2262 277 36 förskräckande
1398 2265 65 34 ont
1479 2263 66 35 och
1562 2263 149 48 vådligt.
1756 2263 88 36 Men
