1922 2800
327 175 18 29 6
692 174 294 31 Statsutskottets
1018 173 188 32 utlåtande
1238 174 48 30 Nr
1315 174 51 29 57.

325 252 118 31 Såsom
480 252 196 36 ytterligare
710 251 129 30 villkor
873 251 52 30 för
958 251 198 30 förberörda
1188 250 220 36 statsanslags
1431 250 61 30 och
1517 251 161 30 statslåns
1701 251 94 30 utbe-

282 304 138 31 talande
454 304 91 30 hava
578 304 254 30 motionärerna
867 303 184 35 föreslagit,
1075 304 50 29 att
1148 302 55 31 det
1226 302 204 36 ifrågasatta
1453 302 237 36 aktiebolaget,
1714 303 78 30 med

282 358 49 29 ett
353 356 270 35 minimikapital
645 357 22 29 å
690 356 139 35 490,000
853 356 126 30 kronor
1002 355 62 30 och
1087 356 46 29 ett
1156 355 278 35 maximikapital
1456 355 21 29 å
1501 355 138 35 810,000
1656 355 139 36 kronor,

281 409 104 30 blivit
419 408 108 31 bildat
561 408 62 30 och
658 408 147 34 ordning
840 408 53 29 för
928 407 187 30 detsamma
1146 417 44 19 av
1213 406 132 35 Kungl.
1370 406 100 36 Maj:t
1493 406 182 35 fastställd,
1699 407 95 30 inne-

281 460 159 31 hållande
474 460 105 30 bland
612 461 118 34 annat,
763 461 50 29 att
845 459 283 36 preferensaktier
1151 458 95 31 skola
1268 458 90 30 hava
1382 458 222 31 förmånsrätt
1628 458 55 31 till
1707 459 18 30 8

280 513 232 31 acecumulativ
547 512 90 37 årlig
671 512 190 36 utdelning,
896 521 79 21 men
1008 512 51 30 att
1082 511 59 31 vid
1165 511 171 31 eventuell
1360 511 208 36 upplösning
1591 521 44 21 av
1659 511 134 37 bolaget

282 566 161 36 samtliga
467 566 111 31 aktier
601 566 96 31 skola
720 565 228 32 tillerkännas
970 575 129 21 samma
1125 566 69 29 rätt
1210 564 55 31 till
1281 564 98 31 andel
1396 565 12 30 i
1424 564 151 36 bolagets
1591 564 202 37 tillgångar,

279 622 162 28 ävensom
473 620 52 29 att
559 619 132 35 Kungl.
727 619 100 35 Maj:t
862 618 86 30 skall
981 619 74 28 utse
1089 627 41 20 en
1166 617 289 36 styrelseledamot
1478 617 61 30 och
1562 627 41 20 en
1627 618 164 30 revisor
1771 613 23 45 i

283 671 149 36 bolaget;

323 724 51 29 att
397 733 43 20 av
464 722 305 35 minimikapitalet
794 721 139 35 250,000
957 721 125 30 kronor
1106 721 152 30 tecknats
1281 721 12 29 i
1316 720 90 30 form
1429 730 44 20 av
1496 720 296 35 preferensaktier;

323 776 51 29 att
408 774 135 36 bolaget
578 774 11 30 i
624 773 165 31 samband
825 773 75 30 med
934 773 298 34 aktieteckningen
1256 772 245 30 tillförsäkrats
1523 772 200 35 avsättning
1746 782 45 20 av

279 827 162 31 elektrisk
477 826 116 36 energi
628 826 55 30 till
718 825 104 31 sådan
857 825 220 36 omfattning,
1112 835 72 20 som
1220 824 130 36 Kungl.
1385 824 100 35 Maj:t
1509 824 68 30 kan
1601 824 95 30 finna
1720 825 73 35 gott

280 880 209 34 föreskriva;

323 933 50 29 att
406 931 163 31 kontrakt
591 931 154 29 avslutas
769 930 54 30 för
846 940 40 20 en
910 929 50 31 tid
984 940 44 19 av
1053 930 106 29 minst
1183 929 40 29 20
1246 930 49 34 år,
1320 928 70 30 dels
1413 938 55 20 om
1492 928 105 35 inköp
1619 938 44 19 av
1688 928 104 30 erfor-

280 984 108 35 derlig
412 983 116 36 energi
551 982 62 31 och
637 982 71 30 dels
730 991 56 21 om
808 981 271 36 energileverans
1102 981 55 30 till
1181 980 279 35 industriföretag
1484 980 43 35 på
1550 977 118 33 Öland.

322 1035 220 31 Beträffande
576 1035 40 30 de
651 1034 83 35 skäl,
772 1034 251 30 motionärerna
1051 1033 116 30 anfört
1190 1032 55 31 till
1270 1031 72 32 stöd
1365 1032 54 30 för
1443 1032 53 30 sin
1520 1031 272 37 framställning,

279 1089 55 30 får
356 1088 164 31 utskottet
543 1087 146 30 hänvisa
712 1086 55 31 till
791 1086 181 31 motionen.

320 1201 51 30 På
406 1201 119 30 därom
561 1200 98 36 gjord
695 1199 257 35 framställning
987 1199 63 30 har
1086 1199 84 30 1918
1205 1200 55 29 års
1296 1198 144 36 lagtima
1475 1197 138 36 riksdag
1643 1197 147 31 beslutat

277 1253 197 31 inrättande
497 1263 45 20 av
566 1251 471 36 kraftledningslånefonden.
1083 1251 190 30 Allmänna
1296 1249 255 31 bestämmelser
1568 1249 53 30 för
1637 1249 59 30 lån
1712 1249 78 31 från

278 1305 125 31 fonden
426 1305 92 31 hava
541 1306 12 29 i
576 1305 153 35 enlighet
752 1304 78 30 med
853 1304 92 30 vissa
964 1313 45 20 av
1025 1303 184 35 riksdagen
1226 1302 181 36 godkända
1422 1301 272 36 huvudgrunder
1710 1301 82 30 fast-

279 1357 112 31 ställts
425 1368 45 20 av
500 1357 132 35 Kungl.
657 1356 101 36 Maj:t
780 1365 121 26 genom
924 1355 204 36 kungörelse
1152 1355 65 30 den
1241 1354 40 31 13
1305 1354 187 35 september
1517 1353 84 30 1918
1625 1354 54 36 (nr
1703 1353 88 37 718),

276 1409 77 31 däri
387 1409 191 36 ändringar
613 1408 166 36 vidtagits
814 1416 122 28 genom
970 1407 268 36 kungörelserna
1262 1406 64 31 den
1350 1406 40 31 27
1415 1406 77 35 juni
1516 1405 84 30 1919
1625 1406 54 36 (nr
1703 1405 88 37 480),

277 1461 66 31 den
367 1462 18 29 8
409 1461 78 36 juni
513 1461 83 31 1923
621 1461 55 37 (nr
699 1460 76 37 194)
799 1460 62 31 och
884 1460 66 31 den
974 1460 40 30 20
1038 1459 67 36 juli
1130 1459 83 30 1925
1238 1459 55 37 (nr
1316 1458 86 37 366).

320 1514 151 31 Jämlikt
506 1513 201 36 riksdagens
741 1513 111 31 beslut
886 1512 63 31 har
982 1512 56 31 det
1061 1512 129 36 belopp,
1214 1511 119 31 vartill
1357 1511 59 30 lån
1439 1521 41 20 ur
1504 1509 125 32 fonden
1652 1510 57 30 må
1736 1509 56 31 för

276 1568 73 29 året
381 1566 99 36 högst
514 1566 147 36 beviljas
696 1584 39 2 —
772 1566 53 30 för
859 1566 78 30 vart
971 1565 61 30 och
1067 1566 47 29 ett
1148 1575 44 20 av
1216 1565 82 29 åren
1324 1562 215 32 1921—1923
1564 1562 146 31 bestämt
1733 1562 56 31 till

277 1619 172 34 2,500,000
484 1619 127 29 kronor
641 1635 44 4 —
708 1618 54 30 för
786 1618 84 30 1924
895 1618 197 35 begränsats
1115 1617 55 30 till
1195 1616 171 36 2,200,000
1391 1616 126 29 kronor
1541 1615 61 30 och
1627 1614 53 30 för
1704 1614 86 30 1925

277 1670 55 30 till
356 1670 172 35 1,500,000
552 1670 137 29 kronor.

321 1722 17 30 I
373 1722 164 30 skrivelse
572 1721 64 31 den
671 1721 40 30 31
747 1721 136 30 oktober
906 1721 84 30 1925
1015 1720 90 30 hava
1133 1719 355 36 kommerskollegium
1511 1719 62 30 och
1597 1718 195 30 lantbruks-

277 1773 167 37 styrelsen
478 1774 91 35 gjort
601 1773 259 35 framställning
887 1773 13 30 i
923 1773 99 35 fråga
1045 1782 55 21 om
1123 1782 42 21 en
1189 1772 170 35 utökning
1382 1781 45 21 av
1444 1770 347 36 kraftledningslåne-

276 1826 137 30 fonden.
450 1824 272 32 Ämbetsverken
744 1825 91 31 hava
858 1825 86 35 däri,
967 1825 77 31 med
1068 1824 266 31 överlämnande
1357 1833 43 21 av
1423 1833 42 21 en
1488 1824 20 29 å
1532 1823 258 30 statskontorets

276 1878 170 36 fondbyrå
470 1877 169 36 uppgjord
663 1878 227 35 promemoria
912 1877 175 35 angående
1112 1875 470 36 kraftledningslånefonden,
1603 1874 187 35 hemställt,

275 1931 53 29 att
351 1929 132 36 Kungl.
508 1930 103 35 Maj:t
633 1931 106 29 måtte
763 1929 123 31 föreslå
909 1929 185 35 riksdagen
1116 1930 51 29 att
1191 1928 71 31 dels
1286 1927 160 36 medgiva
1469 1928 53 30 att
1544 1927 54 30 för
1622 1926 83 30 1926
1730 1926 59 30 lån

277 1992 42 20 ur
342 1982 462 36 kraftledningslånefonden
839 1983 57 29 må
931 1981 145 36 beviljas
1110 1981 55 31 till
1200 1982 48 29 ett
1280 1980 122 36 belopp
1426 1990 44 20 av
1493 1979 99 36 högst
1616 1979 173 35 2,500,000

275 2035 136 35 kronor,
435 2034 71 31 dels
529 2035 61 30 ock
615 2035 108 30 såsom
747 2034 262 36 kapitalökning
1032 2034 53 30 för
1108 2043 132 21 samma
1263 2032 82 32 fond
1369 2033 121 30 anvisa
1513 2032 52 30 för
1589 2031 201 36 budgetåret

275 2086 216 31 1926—1927
516 2088 48 29 ett
588 2086 345 36 reservationsanslag
957 2097 45 20 av
1026 2086 171 36 1,500,000
1222 2086 136 30 kronor.

319 2139 101 30 Detta
454 2139 128 35 förslag
617 2141 39 28 är
688 2138 149 36 grundat
871 2140 43 34 på
944 2148 41 21 en
1008 2148 44 21 av
1075 2138 140 31 särskilt
1238 2137 190 31 tillkallade
1451 2137 218 35 sakkunniga
1692 2137 97 30 verk-

275 2191 103 30 ställd
414 2191 186 36 utredning
634 2191 210 30 beträffande
879 2191 43 30 bl.
957 2201 30 20 a.
1021 2191 39 30 de
1087 2190 184 31 elektriska
1293 2189 430 35 distributionsföretagens
1745 2189 44 35 på

277 2242 234 37 landsbygden
534 2243 220 30 ekonomiska
778 2243 221 36 svårigheter.

319 2295 368 36 Kommerskollegium
710 2295 62 30 och
796 2295 346 36 lantbruksstyrelsen
1166 2294 90 31 hava
1279 2295 11 29 i
1307 2294 53 31 sin
1376 2293 234 31 ovanberörda
1626 2293 163 30 skrivelse

275 2346 65 31 den
364 2347 40 29 22
429 2346 189 35 september
641 2347 84 30 1925
751 2347 12 29 i
785 2347 116 35 övrigt
924 2347 115 30 anfört
1062 2346 164 36 följande:

318 2407 69 30 Till
422 2407 256 31 ämbetsverken
713 2407 89 30 hava
836 2407 186 31 inkommit
1055 2409 48 29 ett
1136 2408 96 30 antal
1266 2407 236 36 ansökningar
1529 2406 165 31 avseende
1717 2406 70 35 lån,

275 2450 96 31 vilka
395 2450 159 36 beviljats
578 2450 71 31 före
672 2450 64 31 den
760 2452 18 29 1
802 2451 68 36 juli
894 2451 96 36 1923,
1014 2452 12 29 i
1054 2451 97 30 vilka
1173 2451 237 35 ansökningar
1433 2450 179 36 samtidigt
1634 2449 154 31 anhålles

275 2503 55 21 om
354 2493 226 37 medgivande
602 2495 50 30 att
675 2494 36 31 få
739 2494 186 31 återbetala
948 2494 60 31 lån
1031 2494 76 31 med
1131 2495 70 30 lika
1224 2495 157 30 annuitet
1397 2494 61 31 och
1474 2504 55 20 om
1547 2493 239 36 utsträckning
