1906 2827
286 147 39 31 16
585 146 122 30 Första
730 146 243 39 lagutskottets
996 145 178 31 utlåtande
1196 154 41 21 nr
1258 145 40 30 47
1321 145 39 30 år
1383 144 83 31 1970

329 228 117 30 Under
469 227 384 40 remissbehandlingen
875 226 66 31 har
964 226 228 30 kommitténs
1216 226 132 40 förslag
1372 226 66 31 fått
1464 228 47 28 ett
1535 224 238 40 övervägande

284 282 143 41 positivt
444 282 234 40 mottagande.
697 282 53 30 En
768 282 54 30 del
840 281 258 40 invändningar
1114 280 66 31 har
1198 281 89 30 dock
1306 281 111 40 gjorts
1434 280 81 31 från
1532 280 158 39 åklagar-
1708 278 64 31 och

285 336 173 41 polishåll.
477 337 82 30 Man
577 337 65 30 har
660 338 129 33 menat,
809 338 50 29 att
878 336 166 40 förslaget
1062 335 138 31 medför
1219 335 101 31 svåra
1340 334 360 41 ställningstaganden
1719 334 53 30 för

285 392 134 39 polisen
439 391 65 30 och
525 393 49 28 att
595 390 228 41 möjligheten
844 392 50 28 att
914 390 159 30 meddela
1094 389 325 30 åtalsunderlåtelse
1439 389 56 29 för
1514 387 259 41 bagatellfallen

283 446 42 29 är
346 445 187 40 tillräcklig
555 445 56 30 för
632 446 50 29 att
704 445 157 30 undvika
884 444 160 30 stötande
1065 444 157 29 resultat.
1245 443 103 31 Vissa
1370 443 143 30 kritiskt
1534 442 167 30 inställda
1723 450 51 21 re-

285 500 264 30 missinstanser
568 499 65 30 har
652 499 107 30 också
778 498 126 35 anfört,
926 500 50 28 att
997 498 56 30 det
1072 497 74 31 inte
1165 497 96 30 finns
1281 497 105 39 något
1405 497 140 39 befogat
1563 497 149 29 intresse
1733 505 41 20 av

287 556 50 28 att
351 554 72 30 låta
437 553 280 30 samhällskritik
730 553 36 30 få
780 553 138 29 formen
931 561 42 21 av
986 551 218 41 uppmaning
1216 551 54 29 till
1283 551 160 39 lagbrott.

329 609 65 39 Jag
413 608 96 30 delar
528 607 227 31 kommitténs
776 606 227 41 uppfattning
1023 608 51 28 att
1093 605 494 41 uppviglingsbestämmelsen
1606 605 12 30 i
1638 604 54 30 sin
1711 613 64 21 nu-

284 663 154 30 varande
455 662 220 39 utformning
693 661 168 31 omfattar
877 660 211 40 handlingar
1106 669 75 21 som
1199 659 112 31 måste
1327 659 167 31 bedömas
1513 668 75 21 som
1606 659 11 30 i
1636 658 65 31 och
1720 658 55 30 för

285 717 53 40 sig
358 717 81 40 föga
459 716 215 31 straffvärda
694 715 65 31 och
780 718 50 28 att
851 716 42 30 de
910 715 12 30 i
941 714 100 41 varje
1060 714 63 30 fall
1142 714 74 30 inte
1234 714 64 30 bör
1316 713 198 31 rubriceras
1535 722 75 21 som
1631 713 144 40 uppvig-

285 772 80 39 ling,
390 780 43 21 en
455 770 327 39 brottsbenämning
805 779 75 21 som
903 769 54 30 för
980 769 131 30 tanken
1134 769 52 29 till
1210 776 105 32 grova
1337 768 103 30 brott.
1464 768 65 30 Det
1552 768 71 30 kan
1646 770 23 27 t.
1684 777 29 21 o.
1728 777 44 20 m.

285 826 127 29 tänkas
435 825 62 30 fall
521 825 62 30 där
604 842 45 4 —
671 825 79 29 med
773 824 138 39 hänsyn
934 823 53 30 till
1011 823 56 30 det
1092 823 68 30 sätt
1183 823 45 40 på
1251 822 106 30 vilket
1381 822 263 40 uppmaningen
1668 822 106 30 fram-

286 880 83 33 förs,
388 879 57 29 det
463 878 256 38 sammanhang
735 879 11 28 i
764 878 106 29 vilket
888 877 263 39 uppmaningen
1169 877 79 38 görs
1266 876 65 29 och
1349 875 290 30 beskaffenheten
1658 884 43 20 av
1717 875 57 29 det

285 933 92 30 brott
400 941 75 22 som
497 932 262 40 uppmaningen
782 931 106 40 gäller
908 950 45 3 —
973 932 48 28 ett
1043 930 206 40 ingripande
1272 930 80 29 med
1374 929 266 40 straffrättsliga
1662 929 113 30 medel

285 988 114 29 skulle
424 989 34 27 te
486 987 50 39 sig
563 987 158 29 närmast
747 985 261 40 löjeväckande.
1035 984 212 40 Visserligen
1274 984 70 29 kan
1371 993 83 20 man
1482 984 106 39 enligt
1615 984 160 39 gällande

284 1042 71 29 rätt
380 1041 156 30 undvika
562 1041 41 29 de
628 1042 90 28 mest
745 1039 159 31 stötande
928 1040 194 29 resultaten
1147 1046 124 32 genom
1297 1040 51 28 att
1373 1037 160 30 meddela
1558 1037 217 30 åtalsunder-

285 1095 130 31 låtelse.
438 1095 80 30 Men
540 1095 116 30 denna
677 1094 139 40 lösning
838 1094 48 35 är,
911 1102 75 22 som
1008 1093 108 31 också
1137 1091 211 32 kommittén
1370 1091 214 35 framhåller,
1607 1091 73 30 inte
1702 1091 71 30 helt

286 1149 335 30 tillfredsställande.
646 1148 74 30 Inte
743 1147 108 30 heller
875 1156 101 21 anser
999 1147 60 39 jag
1081 1147 58 29 det
1162 1146 158 40 lämpligt
1344 1147 49 29 att
1417 1145 116 31 införa
1557 1155 43 20 en
1624 1145 152 30 särskild

284 1203 337 30 åtalsbestämmelse
647 1202 55 29 för
727 1201 362 40 uppviglingsbrottet.
1115 1201 53 29 En
1194 1200 149 40 ordning
1370 1209 75 21 som
1470 1199 145 30 innebär
1641 1200 51 29 att
1717 1208 58 30 po-

287 1258 87 29 lisen
401 1257 70 29 inte
497 1256 150 30 behöver
672 1256 138 39 ingripa
835 1256 11 29 i
871 1255 272 40 bagatellartade
1169 1254 63 30 fall
1259 1254 38 29 är
1324 1254 107 39 enligt
1457 1254 74 29 min
1557 1253 142 39 mening
1725 1254 49 28 alt

286 1311 149 30 föredra.
456 1311 58 29 Ett
535 1310 124 30 sådant
679 1310 146 30 resultat
845 1308 138 41 uppnås
1002 1318 58 20 om
1079 1318 84 20 man
1181 1307 94 31 inför
1296 1317 42 21 en
1359 1307 310 39 straffrihetsregel
1688 1308 87 28 mot-

288 1364 169 30 svarande
478 1364 67 29 den
566 1373 74 20 som
660 1373 49 19 nu
729 1363 97 29 finns
846 1363 54 29 för
921 1362 92 30 vissa
1032 1362 100 39 ringa
1152 1362 62 29 fall
1235 1371 42 20 av
1297 1361 189 40 stämpling
1507 1360 106 40 enligt
1634 1360 39 30 23
1695 1360 79 39 kap.

285 1419 20 29 2
323 1418 14 37 8
353 1419 110 29 andra
478 1418 133 39 stycket
626 1417 84 30 BrB.

332 1472 67 30 Om
422 1481 42 20 en
486 1471 217 40 uppmaning
726 1471 82 29 eller
831 1472 107 28 annat
960 1470 121 29 försök
1103 1470 52 29 till
1178 1469 205 30 förledande
1404 1469 53 29 till
1478 1469 93 29 brott
1594 1467 83 30 eller
1700 1466 77 30 där-

288 1526 80 29 med
383 1525 183 40 jämställd
582 1525 146 39 gärning
744 1524 65 29 har
827 1524 91 29 skett
934 1524 11 29 i
963 1523 109 30 sådan
1089 1523 92 30 form
1199 1523 64 30 och
1280 1523 12 29 i
1310 1522 125 30 sådant
1453 1520 256 39 sammanhang
1727 1522 49 27 att

288 1580 120 29 risken
427 1579 55 30 för
502 1581 50 28 att
572 1580 67 29 den
659 1579 89 29 skall
769 1578 105 39 följas
895 1576 167 31 framstår
1082 1586 75 21 som
1177 1577 109 39 ringa,
1306 1576 63 30 bör
1390 1575 149 30 sålunda
1557 1574 219 31 förfarandet

287 1634 108 39 enligt
414 1633 74 30 min
507 1633 142 38 mening
668 1632 72 29 inte
757 1631 190 30 bestraffas
967 1640 75 20 som
1062 1630 212 40 uppvigling.
1295 1630 65 30 Det
1379 1629 55 30 får
1454 1638 102 21 anses
1574 1628 203 39 tillräckligt

287 1690 51 27 att
355 1687 165 34 försöket,
539 1696 57 20 om
613 1687 56 29 det
684 1685 65 30 har
766 1686 109 39 gjorts
891 1685 45 40 på
953 1684 125 30 sådant
1095 1685 69 29 sätt
1180 1686 50 28 att
1248 1685 56 29 det
1320 1684 127 29 väcker
1464 1683 131 30 allmän
1612 1682 165 39 förargel-

288 1750 46 26 se,
353 1742 71 29 kan
440 1740 190 30 bestraffas
649 1749 75 21 som
742 1738 370 40 förargelseväckande
1129 1738 166 29 beteende
1313 1737 106 39 enligt
1439 1737 39 30 16
1497 1737 79 39 kap.
1597 1736 39 30 16
1657 1735 15 37 $
1692 1736 84 29 BrB.

289 1796 12 29 I
319 1797 147 28 motsats
483 1794 53 30 till
552 1794 67 30 vad
636 1795 48 28 ett
700 1803 62 30 par
779 1792 303 30 remissinstanser
1099 1792 63 29 har
1179 1791 130 30 hävdat
1327 1800 102 21 anser
1446 1791 59 39 jag
1522 1793 50 27 att
1589 1791 187 39 ordalagen

289 1850 11 29 i
323 1849 67 29 den
412 1848 270 30 bestämmelsen
706 1848 71 29 inte
800 1846 145 30 hindrar
969 1847 50 28 att
1044 1846 67 29 den
1133 1846 178 39 tillämpas
1335 1845 57 29 vid
1415 1845 101 39 ringa
1539 1844 62 30 fall
1626 1853 42 21 av
1691 1853 86 31 upp-

290 1903 139 39 vigling.

334 1956 215 30 Kommittén
570 1955 65 30 har
657 1955 106 30 också
783 1954 167 34 förordat,
973 1955 50 28 att
1044 1962 83 21 man
1150 1953 88 30 skall
1261 1953 122 29 kunna
1404 1952 69 30 fria
1494 1952 81 30 från
1597 1951 105 30 straff
1723 1951 56 30 för

289 2010 212 40 uppvigling,
521 2010 65 29 när
605 2010 67 29 den
691 2008 169 39 handling
880 2016 75 21 som
974 2006 262 40 uppmaningen
1256 2006 83 29 eller
1357 2005 157 31 försöket
1532 2006 53 29 till
1605 2004 173 31 förledan-

287 2064 44 30 de
352 2064 111 40 syftar
483 2063 53 29 till
556 2063 38 29 är
615 2072 42 20 av
676 2061 252 40 bagatellartad
947 2061 178 29 karaktär.
1146 2061 64 38 Jag
1230 2060 38 29 är
1289 2069 80 20 ense
1390 2060 79 29 med
1490 2059 210 30 kommittén
1721 2069 56 20 om

289 2120 51 27 att
356 2118 94 29 vissa
468 2117 131 29 sådana
617 2116 62 29 fall
697 2116 71 29 kan
785 2115 165 29 bedömas
969 2123 75 21 som
1061 2114 109 39 ringa,
1190 2115 87 28 även
1295 2123 57 19 om
1371 2113 101 29 faran
1491 2113 55 29 för
1565 2115 49 27 att
1632 2122 146 30 uppma-

290 2172 128 39 ningen
441 2171 88 29 skall
552 2170 106 39 följas
680 2170 71 29 inte
775 2168 166 30 framstår
965 2177 75 21 som
1062 2167 184 40 obetydlig.
1269 2168 71 28 Har
1362 2176 43 21 en
1427 2167 218 39 uppmaning
1667 2169 110 27 avsett

287 2234 46 21 en
351 2226 10 29 i
377 2224 65 31 och
460 2224 55 30 för
533 2225 51 38 sig
601 2222 251 41 bagatellartad
870 2222 164 30 förseelse
1050 2240 45 3 —
1111 2223 23 28 t.
1149 2231 50 20 ex.
1218 2220 262 31 åsidosättande
1498 2230 43 20 av
1557 2220 221 40 parkerings-

289 2278 221 31 föreskrifter
528 2295 45 3 —
592 2286 80 20 men
693 2277 112 30 skulle
825 2276 307 30 konsekvenserna
1152 2284 41 20 av
1213 2277 49 27 att
1283 2275 262 39 uppmaningen
1565 2274 84 39 följs
1670 2283 41 20 av
1730 2276 47 27 ett

290 2334 88 29 stort
398 2332 95 30 antal
513 2331 207 30 människor
739 2331 68 29 blir
827 2330 188 39 allvarliga,
1036 2329 63 30 bör
1119 2329 89 30 dock
1229 2329 192 39 gärningen
1440 2328 73 29 inte
1533 2328 123 29 kunna
1676 2336 101 21 anses

290 2396 76 21 som
383 2387 109 38 ringa.

336 2439 234 31 Kommitténs
592 2438 131 40 förslag
746 2440 50 28 att
818 2437 151 30 hänföra
989 2435 444 31 intressekollisionsfallen
1455 2435 53 30 till
1531 2435 100 39 ringa
1653 2434 61 30 fall
1738 2443 42 21 av

291 2494 202 40 uppvigling
516 2493 64 29 har
605 2493 87 29 mött
716 2491 257 39 invändningar
997 2490 80 30 från
1102 2490 89 29 flera
1213 2489 82 30 håll.
1320 2490 53 29 En
1399 2489 53 29 del
1477 2488 300 30 remissinstanser
