1914 2828
278 134 42 31 30
577 136 124 30 Första
723 136 244 40 lagutskotlets
989 137 179 30 utlåtande
1189 147 42 20 nr
1251 138 40 30 47
1315 138 38 30 år
1376 138 84 30 1970

279 214 69 31 viss
363 215 74 30 risk
452 216 53 31 för
520 217 168 40 psykiska
705 217 197 41 störningar
917 218 64 30 hos
997 218 65 31 den
1079 227 74 22 som
1169 221 54 28 tar
1239 220 54 29 del
1311 228 40 22 av
1368 219 300 40 framställningar
1684 219 80 30 med

280 270 221 40 våldsinslag.

324 324 50 30 Av
392 325 41 30 de
451 326 303 40 undersökningar
773 328 148 29 rörande
939 328 247 39 pornografins
1205 328 63 29 och
1287 328 380 40 våldsskildringarnas
1688 329 76 29 ska-

281 379 253 40 deverkningar
558 390 74 20 som
655 381 106 40 ligger
783 381 52 30 till
859 383 113 38 grund
995 382 54 30 för
1073 382 227 30 kommitténs
1323 383 252 40 bedömningar
1600 384 69 28 kan
1693 383 71 29 inte

281 433 80 29 dras
388 433 108 40 några
524 435 103 29 säkra
655 436 192 29 slutsatser.
876 436 64 29 Det
968 436 261 40 vetenskapliga
1257 437 204 39 underlaget
1489 437 38 29 är
1557 437 106 39 enligt
1691 438 74 28 min

280 486 141 40 mening
440 488 11 28 i
469 488 98 39 varje
586 488 63 30 fall
667 489 72 29 inte
759 498 41 20 av
820 490 65 29 den
907 491 52 28 art
980 492 50 27 att
1051 490 56 29 det
1128 493 136 27 ensaml
1284 491 188 29 motiverar
1492 491 274 39 inskränkning-

281 550 38 20 ar
337 541 12 29 i
368 542 327 39 yttrandefriheten.

325 595 215 30 Kommittén
556 596 64 30 har
636 597 124 39 intagit
777 606 42 21 en
836 607 117 21 annan
970 598 219 40 ståndpunkt
1205 599 10 30 i
1232 599 102 30 dessa
1350 599 127 40 frågor.
1495 600 58 29 Elt
1570 600 196 39 avgörande

280 650 108 29 motiv
406 649 122 30 härför
548 659 102 31 synes
669 651 47 30 ha
734 652 90 29 varit
843 652 273 40 uppfattningen
1135 662 57 21 om
1212 655 48 28 ett
1279 653 110 31 behov
1410 663 41 20 av
1470 654 221 39 möjligheter
1711 654 55 29 för

281 704 184 30 samhället
487 706 49 29 att
558 705 104 30 utöva
684 706 153 30 kontroll
858 706 81 30 över
959 707 349 40 filmproduktionen,
1332 708 142 29 särskilt
1495 708 64 30 när
1581 708 55 30 det
1659 709 107 39 gäller

280 758 323 41 våldsskildringar.
628 759 80 31 Som
729 760 60 40 jag
811 761 108 30 redan
942 761 64 30 har
1030 764 74 37 sagt
1127 762 70 29 kan
1221 763 191 29 emellertid
1436 762 67 30 den
1527 762 123 40 frågan
1674 763 91 29 lösas

281 815 137 37 separat
441 813 10 29 i
475 815 48 28 ett
547 822 121 22 senare
692 815 264 40 sammanhang.
981 815 81 31 Man
1084 816 62 29 bör
1170 816 192 30 emellertid
1385 817 72 29 inte
1480 817 139 34 förbise,
1644 819 50 27 att
1718 819 47 27 ett

281 867 232 38 upphävande
530 877 41 20 av
588 868 42 29 de
647 869 203 29 nuvarande
866 869 311 29 bestämmelserna
1194 879 56 20 om
1270 870 105 29 straff
1391 871 56 28 för
1464 870 301 39 framställningar

281 928 75 21 som
376 920 97 30 sårar
492 921 79 30 tukt
591 921 65 30 och
676 921 168 40 sedlighet
864 922 158 30 kommer
1042 924 50 28 att
1112 932 80 21 avse
1212 923 106 30 också
1338 923 132 30 sådana
1488 923 124 30 filmen
1632 923 134 31 närstå-

281 975 87 30 ende
381 975 116 30 media
512 985 75 20 som
602 978 119 33 teater,
737 976 138 35 varieté,
891 977 59 30 TV
965 977 65 30 och
1046 978 107 30 radio.
1169 977 110 31 Såvitt
1294 978 106 39 gäller
1416 978 42 30 de
1472 978 59 30 två
1547 978 220 30 sistnämnda

280 1029 115 29 media
419 1029 70 30 kan
513 1039 82 20 man
620 1030 88 29 dock
732 1031 97 29 inom
852 1040 122 20 ramen
998 1030 55 30 för
1078 1032 126 29 avtalet
1229 1032 128 29 mellan
1383 1034 113 28 staten
1521 1032 64 30 och
1612 1032 154 40 Sveriges

281 1083 109 30 Radio
408 1083 178 40 angående
602 1084 289 40 radioföretagets
908 1086 389 39 programverksamhet
1315 1087 110 39 skapa
1442 1086 325 30 tillfredsställande

280 1138 175 38 garantier
481 1138 55 29 för
562 1140 50 28 att
639 1139 338 39 sedlighetssårande
1002 1140 302 39 framställningar
1331 1141 81 29 eHer
1440 1141 189 29 sadistiska
1654 1140 113 30 vålds-

282 1192 211 39 skildringar
512 1192 73 29 inte
604 1193 117 39 släpps
741 1193 92 29 fram
852 1193 11 29 i
883 1193 98 30 radio
1001 1194 82 29 eller
1101 1194 69 30 TV.
1191 1194 12 29 I
1224 1194 99 39 fråga
1343 1203 56 21 om
1419 1196 109 28 teater
1548 1195 65 29 och
1632 1194 135 30 närstå-

282 1246 86 29 ende
385 1246 115 30 media
518 1246 65 30 har
600 1247 280 30 hittillsvarande
899 1247 237 30 erfarenheter
1154 1248 72 30 inte
1245 1250 70 37 gett
1333 1248 57 31 vid
1409 1249 140 29 handen
1569 1251 49 27 att
1637 1249 56 29 det
1713 1249 53 29 för

281 1300 101 30 dessa
400 1300 133 30 medias
552 1301 273 30 vidkommande
843 1301 97 30 finns
958 1302 112 30 behov
1090 1311 42 21 av
1151 1302 131 30 sådana
1302 1302 369 30 straffbestämmelser
1692 1312 73 21 som

280 1354 64 28 här
362 1355 38 28 är
419 1355 163 29 aktuella.
602 1355 102 29 Detta
722 1355 99 29 torde
839 1355 212 30 åtminstone
1069 1356 108 29 delvis
1197 1356 278 39 sammanhänga
1492 1357 79 29 med
1591 1358 49 27 att
1659 1357 107 29 redan

280 1408 462 40 framställningsformerna
757 1409 11 29 i
785 1408 102 30 dessa
902 1409 63 30 fall
979 1409 190 40 begränsar
1185 1410 270 39 möjligheterna
1472 1412 49 27 att
1539 1410 132 30 skildra
1687 1410 79 30 våld

281 1462 82 29 eller
378 1462 153 29 sexuella
544 1462 246 30 förhållanden
803 1462 44 40 på
862 1464 47 28 ett
924 1463 68 29 sätt
1007 1472 75 21 som
1095 1464 80 39 idag
1188 1464 72 29 inte
1275 1472 101 21 anses
1392 1465 188 29 tolerabelt.

326 1515 47 30 På
388 1516 171 39 grundval
574 1525 41 21 av
629 1516 102 30 dessa
745 1517 263 39 överväganden
1023 1517 160 30 förordar
1197 1517 69 40 jag,
1283 1519 49 28 att
1347 1518 67 29 den
1429 1518 203 29 nuvarande
1648 1517 119 30 straff-

281 1570 268 29 bestämmelsen
566 1570 11 29 i
597 1570 39 30 16
653 1570 80 40 kap.
753 1570 37 30 11
812 1570 15 37 8
847 1571 73 29 BrB
936 1571 11 29 i
964 1571 67 30 vad
1049 1571 66 30 den
1132 1571 146 30 innebär
1296 1580 42 21 en
1354 1572 235 39 begränsning
1606 1572 10 29 i
1634 1574 133 37 yttran-

281 1624 56 29 de-
359 1624 65 29 och
445 1624 254 39 tryckfriheten
722 1624 127 30 liksom
870 1624 288 30 bestämmelsens
1180 1625 249 39 motsvarighet
1451 1626 11 29 i
1486 1626 16 29 7
1526 1626 79 39 kap.
1628 1625 19 29 4
1672 1626 14 37 $
1710 1626 56 29 TF

281 1678 71 29 helt
369 1678 169 40 upphävs.
555 1678 68 29 Till
640 1678 124 40 frågan
781 1687 57 21 om
854 1679 111 29 behov
982 1679 184 40 föreligger
1183 1688 42 21 av
1240 1679 300 40 inskränkningar
1557 1680 10 29 i
1584 1680 115 30 rätten
1717 1681 49 28 att

282 1732 118 39 sprida
414 1732 301 39 framställningar
730 1741 41 21 av
785 1732 95 30 detta
894 1733 73 39 slag
981 1733 90 29 skall
1083 1733 60 39 jag
1157 1733 242 30 återkomma
1380 1728 16 49 i
1414 1734 56 29 det
1484 1734 167 39 följande.

326 1786 67 30 Om
412 1786 122 30 endast
553 1786 116 30 denna
686 1786 149 40 ändring
852 1787 12 29 i
886 1786 38 30 16
944 1786 79 41 kap.
1046 1786 36 30 11
1106 1786 15 38 8
1142 1787 73 29 BrB
1235 1787 88 40 görs,
1344 1788 158 29 kommer
1520 1788 94 30 vissa
1631 1788 136 30 beteen-

282 1840 66 29 den
372 1849 75 20 som
469 1841 72 29 inte
564 1840 192 30 innefattar
778 1841 90 29 bruk
893 1849 42 21 av
956 1841 178 38 yttrande-
1157 1841 83 30 eller
1262 1841 255 40 tryckfriheten
1542 1843 49 28 att
1615 1842 152 40 alltjämt

281 1903 84 20 vara
384 1894 192 29 straffbara
596 1903 74 21 som
691 1894 148 29 sårande
859 1904 41 20 av
919 1895 79 29 tukt
1019 1895 64 29 och
1104 1895 179 39 sedlighet.
1306 1895 79 30 Som
1406 1897 154 38 exempel
1581 1896 69 29 kan
1671 1896 97 29 näm-

281 1958 64 20 nas
367 1948 124 30 sådant
512 1948 174 30 utövande
708 1957 42 21 av
771 1949 81 29 eller
875 1948 108 30 sådan
1004 1948 173 37 inbjudan
1199 1949 53 29 till
1273 1949 264 40 könsumgänge
1559 1959 74 20 som
1656 1951 79 29 sker
1756 1950 11 29 i

280 2003 88 38 park
383 2002 81 29 eller
478 2002 45 39 på
537 2011 117 20 annan
669 2002 129 29 allmän
813 2003 101 38 plats.

327 2055 215 30 Kommittén
559 2056 66 29 har
642 2055 188 40 föreslagit,
850 2058 50 27 att
917 2056 191 30 beteenden
1127 2066 41 19 av
1187 2057 94 29 detta
1300 2057 73 39 slag
1392 2057 89 29 skall
1500 2057 268 40 straffbeläggas

281 2118 123 31 genom
427 2118 43 21 en
493 2109 151 30 särskild
665 2110 245 29 bestämmelse
932 2110 11 29 i
969 2110 39 29 16
1031 2110 79 39 kap.
1135 2110 84 30 BrB.
1243 2111 117 29 Under
1384 2112 382 39 remissbehandlingen

281 2164 64 29 har
367 2163 109 39 några
496 2164 313 34 remissinstanser,
832 2164 106 29 bland
962 2164 78 29 dem
1063 2163 56 30 RÅ
1143 2164 65 29 och
1232 2164 154 39 Sveriges
1409 2164 357 40 författareförening,

283 2219 113 28 ansett
416 2218 49 29 att
487 2217 39 30 16
545 2217 79 40 kap.
648 2217 36 29 11
708 2216 15 38 8
744 2217 74 30 BrB
836 2217 63 30 bör
918 2217 182 40 upphävas
1119 2217 12 30 i
1151 2217 54 30 sin
1224 2218 116 30 helhet
1361 2220 84 28 utan
1467 2220 49 28 att
1536 2219 10 29 i
1567 2228 45 20 nu
1635 2218 133 30 föreva-

281 2272 108 29 rande
409 2272 169 29 avseende
597 2271 36 29 få
651 2271 114 39 någon
784 2272 250 39 motsvarighet
1053 2271 45 40 på
1116 2273 107 28 annat
1242 2272 72 29 håll
1333 2273 10 28 i
1363 2272 275 40 lagstiftningen.
1659 2273 109 29 Dessa

282 2326 234 38 remissorgan
535 2325 65 29 har
620 2325 204 34 framhållit,
846 2327 49 27 att
916 2325 67 29 den
1004 2325 156 29 enskilde
1180 2325 156 36 åtnjuter
1357 2326 203 39 tillräckligt
1581 2326 112 39 skydd
1714 2334 53 32 ge-

282 2389 81 20 nom
382 2379 269 30 bestämmelsen
669 2379 11 29 i
700 2378 18 31 6
737 2379 79 39 kap.
837 2379 18 30 6
876 2378 15 38 8
912 2379 73 29 BrB
1005 2388 56 21 om
1081 2379 105 30 straff
1204 2379 55 30 för
1279 2380 151 39 otuktigt
1449 2380 165 30 beteende
1634 2380 64 30 och
1718 2383 49 27 att

281 2434 94 30 vissa
395 2443 40 20 av
455 2434 42 29 de
518 2433 187 40 gärningar
727 2442 74 21 som
820 2442 50 21 nu
891 2433 167 30 omfattas
1079 2442 42 21 av
1144 2433 39 30 16
1204 2434 79 39 kap.
1307 2433 36 30 11
1368 2433 15 38 8
1407 2434 110 29 andra
1539 2434 134 40 stycket
1693 2434 73 30 BrB

282 2488 159 29 kommer
455 2489 49 27 att
518 2487 122 29 kunna
652 2486 190 29 bestraffas
858 2495 74 20 som
947 2486 370 40 förargelseväckande
1330 2487 176 29 beteende.
