1868 2848
268 134 40 30 46
703 141 276 30 Statsutskottets
1005 141 175 30 utlåtande
1205 142 49 30 Nr
1280 143 68 30 181.

273 223 189 36 ferietiden,
495 224 5 29 i
526 225 65 29 den
616 224 83 31 mån
723 226 203 30 densamma
952 226 75 30 icke
1051 226 186 31 innefattas
1264 227 10 29 i
1299 226 92 30 tiden
1417 227 56 30 för
1496 226 280 36 tjänstemannen

272 275 183 29 meddelad
475 274 267 37 tjänstledighet.

65 324 177 40 Tjänstledig-
318 325 48 29 11.
399 324 13 30 I
434 324 114 30 stället
568 324 54 30 för
642 325 68 30 vad
733 325 11 29 i
767 326 38 29 16
827 326 18 36 $
868 326 33 37 b)
932 327 77 34 sägs
1029 326 114 36 gäller,
1165 329 50 27 att
1238 327 111 30 lärare
1371 327 89 30 skall
1483 327 58 30 vid
1561 327 213 37 tjänstledig-

54 358 111 64 ere
271 373 57 31 het
347 373 54 30 för
418 374 137 30 enskild
577 376 246 34 angelägenhet
843 376 195 30 vidkännas
1058 376 172 36 B-avdrag
1250 377 54 29 för
1324 377 58 35 tid,
1404 377 173 31 varunder
1596 378 70 30 han

314 423 101 31 idkar
436 423 130 31 studier
588 424 54 30 för
663 425 175 31 vinnande
859 435 42 21 av
923 426 106 35 högre
1053 426 291 31 lärdomsmeriter
1366 428 10 29 i
1397 428 84 30 visst
1504 428 101 30 ämne
1628 429 82 29 eller

315 473 99 31 idkar
440 474 130 31 studier
593 476 81 29 eller
697 475 158 31 bedriver
878 476 127 36 arbete,
1031 486 74 21 som
1129 487 42 20 av
1197 477 122 36 Kungl.
1346 477 102 37 Maj:t
1471 479 124 36 prövas
1622 489 84 21 vara
1731 488 42 22 av

270 523 173 38 betydelse
464 524 56 30 för
541 525 440 37 undervisningsväsendet,
1007 528 80 29 eller

313 574 101 30 idkar
437 575 131 30 studier
592 576 79 30 eller
695 576 157 30 bedriver
875 577 127 35 arbete,
1027 587 74 20 som
1125 587 41 20 av
1190 578 328 36 skolöverstyrelsen
1542 580 124 35 prövas
1690 589 83 22 vara

270 634 42 21 av
335 625 174 36 betydelse
535 625 53 30 för
612 626 154 30 lärarens
793 627 203 36 kompetens
1021 628 53 29 för
1099 628 67 30 viss
1191 628 137 37 uppgift
1355 629 81 29 eller
1461 629 192 36 befattning
1677 630 95 30 inom

270 673 66 31 den
357 675 181 36 skolform,
560 676 56 29 vid
637 676 116 30 vilken
774 677 134 30 läraren
928 678 39 29 är
990 678 157 30 anställd.

313 725 74 30 Vad
410 724 149 32 sålunda
580 727 153 35 stadgats
757 728 104 35 gäller
887 727 55 30 för
966 729 230 35 sammanlagt
1220 729 100 36 högst
1346 730 61 29 180
1434 729 108 36 dagar
1565 740 42 20 av
1631 730 67 30 den
1722 730 50 31 tid

268 775 135 30 läraren
424 776 148 30 innehar
591 776 194 37 befattning
805 777 93 30 inom
919 788 43 20 en
983 779 64 29 och
1067 788 134 21 samma
1221 780 174 35 lönegrad.

73 823 128 58 Avlöning
217 825 15 56 I
317 827 47 29 12.
411 824 32 39 a)
478 823 240 35 Ämneslärare
745 828 81 30 eller
851 829 337 35 övningsskollärare
1217 830 57 29 vid
1302 830 9 29 i
1338 831 94 29 detta
1460 834 154 27 moment
1643 831 130 30 avsedd

59 869 81 45 under
157 892 98 31 tjänst-
269 876 212 36 läroanstalt,
502 877 113 30 vilken
634 878 137 30 erhållit
790 878 258 37 tjänstledighet
1066 879 54 30 för
1140 883 49 27 att
1209 880 151 31 bestrida
1381 881 65 30 full
1466 881 228 36 tjänstgöring
1716 881 57 30 vid

78 925 89 30 göring
183 925 49 40 vid
269 936 115 21 annan
406 927 10 29 i
439 931 188 27 momentet
648 929 83 29 eller
753 929 10 29 i
785 930 40 29 56
848 929 18 37 8
899 930 8 29 3
930 939 105 22 mom.
1058 930 211 30 omförmäld
1291 931 213 35 läroanstalt,
1527 932 87 29 skall
1636 931 137 36 åtnjuta

63 965 86 51 annan
168 959 70 57 läror
268 977 58 30 lön
348 978 78 29 med
450 978 57 30 det
527 978 135 37 belopp,
689 989 75 20 som
787 980 109 30 skulle
917 980 93 35 utgå,
1034 981 112 30 därest
1169 981 71 30 han
1263 981 11 29 i
1296 981 242 30 innehavande
1560 981 107 37 tjänst
1691 991 82 22 vore

268 1027 172 31 ordinarie
459 1028 111 31 lärare
587 1029 57 30 vid
663 1029 68 30 den
749 1030 212 36 läroanstalt,
983 1030 57 31 vid
1058 1031 113 29 vilken
1191 1031 71 30 han
1282 1031 179 36 tjänstgör.
1494 1032 121 30 Därest
1635 1033 137 29 läraren

266 1078 66 30 har
355 1078 52 30 sin
431 1079 173 30 ordinarie
628 1079 109 36 tjänst
760 1080 57 30 vid
842 1079 125 32 sådant
991 1081 143 30 allmänt
1159 1082 159 29 läroverk
1343 1082 82 30 eller
1449 1082 322 31 folkskolesemina-

267 1128 100 36 rium,
393 1128 58 31 vid
478 1129 105 30 vilket
607 1129 229 36 provårskurs
860 1131 40 29 är
924 1131 190 36 anordnad,
1141 1132 90 29 skall
1255 1132 70 30 han
1349 1133 178 29 dessutom
1552 1142 82 21 vara
1659 1133 112 30 berät-

266 1178 93 36 tigad
377 1182 48 27 att
444 1178 136 37 åtnjuta
598 1181 65 29 den
680 1180 11 30 i
713 1182 39 29 16
770 1181 155 36 punkten
943 1178 34 39 d)
1002 1191 42 20 av
1061 1182 91 30 detta
1172 1185 155 27 moment
1346 1182 235 31 omförmälda
1600 1183 172 30 särskilda

266 1229 243 36 ersättningen.

310 1279 105 30 Avser
437 1279 303 37 tjänstledigheten
765 1281 144 30 allenast
932 1282 136 35 partiell
1093 1281 229 37 tjänstgöring
1346 1283 57 30 vid
1428 1293 117 20 annan
1568 1284 204 30 läroanstalt

267 1339 42 20 av
333 1331 207 34 nyssnämnt
565 1331 80 35 slag,
672 1331 89 29 skall
785 1331 136 30 läraren
946 1332 57 29 för
1030 1332 106 30 sådan
1162 1332 230 37 tjänstgöring
1419 1333 136 36 åtnjuta
1582 1334 190 36 ersättning

266 1380 104 35 enligt
395 1381 42 29 de
461 1380 57 30 för
541 1380 176 31 timlärare
741 1381 195 30 fastställda
962 1382 205 35 grunderna.

310 1427 33 39 b)
376 1430 128 30 Lärare
531 1431 10 29 i
567 1431 249 35 övningsämne
840 1431 57 30 vid
923 1431 11 29 i
962 1432 93 29 detta
1081 1435 154 27 moment
1261 1433 128 29 avsedd
1415 1433 212 36 läroanstalt,
1655 1434 115 30 vilken

266 1480 135 31 erhållit
427 1480 259 36 tjänstledighet
713 1481 56 30 för
794 1484 48 27 att
868 1481 193 36 tjänstgöra
1087 1482 55 31 vid
1167 1491 117 22 annan
1309 1482 10 30 i
1345 1486 190 27 momentet
1559 1484 212 30 omförmäld

266 1531 212 35 läroanstalt,
504 1531 87 30 skall
614 1530 137 37 åtnjuta
775 1531 57 30 lön
854 1531 87 30 efter
964 1532 41 29 de
1028 1541 88 20 ovan
1138 1532 112 30 under
1272 1529 31 40 a)
1333 1532 110 31 första
1465 1534 133 35 stycket
1621 1534 150 36 angivna

266 1582 206 35 grunderna.
525 1581 130 30 Härvid
685 1582 82 35 äger
795 1582 324 35 skolöverstyrelsen
1149 1582 194 31 bestämma
1371 1584 57 29 det
1458 1584 95 30 antal
1583 1585 186 30 veckotim-

266 1641 85 26 mar,
372 1641 75 21 som
466 1632 81 29 med
567 1632 136 35 hänsyn
725 1631 51 30 till
797 1631 267 31 förhållandena
1083 1632 10 29 i
1115 1631 96 37 varje
1231 1633 137 30 särskilt
1387 1633 64 30 fall
1472 1634 87 30 skall
1581 1635 117 36 läggas
1719 1636 51 29 till

265 1683 111 35 grund
403 1682 57 31 för
488 1682 176 30 årslönens
691 1682 273 30 bestämmande.

64 1731 177 40 Kallortstill-
313 1733 48 29 13.
409 1732 269 36 Kallortstillägg
709 1732 88 30 skall
825 1731 56 30 för
912 1731 110 31 sådan
1051 1733 110 30 lärare
1192 1733 11 29 i
1234 1733 260 37 övningsämne,
1526 1744 74 20 som
1630 1745 98 21 avses
1759 1737 11 30 i

49 1765 104 57 ae
165 1772 85 51 arere
265 1782 18 30 5
305 1783 155 36 punkten
482 1782 65 29 här
568 1791 98 26 ovan,
689 1781 181 31 reduceras
892 1782 51 30 till
965 1782 132 30 hälften
1120 1792 42 20 av
1183 1782 97 37 eljest
1301 1782 171 37 utgående
1492 1784 135 37 belopp,
1653 1785 114 33 därest

74 1832 9 23 i
102 1832 123 40 övnings-
264 1832 152 31 lärarens
441 1831 463 37 undervisningsskyldighet
927 1832 214 36 understiger
1170 1833 39 29 16
1236 1834 260 31 veckotimmar.

107 1869 81 52 Amne:
310 1883 63 29 Vid
398 1881 160 37 förening
581 1889 41 22 av
642 1889 118 22 annan
783 1879 107 37 tjänst
914 1882 80 30 med
1019 1881 433 39 övningslärarbefattning
1478 1883 57 31 må
1560 1884 208 31 kallortstill-

264 1933 75 36 lägg
359 1933 75 30 icke
453 1931 83 37 utgå
554 1932 77 30 med
653 1932 106 36 högre
780 1933 231 35 sammanlagt
1030 1933 123 36 belopp
1174 1933 56 30 för
1251 1933 39 30 år
1310 1935 44 29 än
1375 1935 57 30 det
1452 1945 75 20 som
1547 1935 11 30 i
1580 1935 40 30 20
1640 1937 18 36 $
1679 1946 85 28 upp-

263 1983 101 35 tagits
382 1982 55 30 för
452 1982 68 30 den
537 1983 249 34 kallortsklass,
807 1982 339 36 stationeringsorten
1165 1983 127 31 tillhör.

74 2034 153 39 Ersättning
308 2034 49 29 14.
405 2033 74 30 Har
503 2034 109 29 lärare
636 2032 199 31 förordnats
860 2035 49 27 att
934 2032 115 31 såsom
1074 2033 130 30 vikarie
1229 2034 186 36 uppehålla
1440 2036 326 38 rektorsbefattning

69 2069 164 56 rt
266 2084 54 30 vid
342 2084 11 30 i
375 2084 93 30 detta
490 2086 153 27 moment
666 2083 82 31 eller
770 2084 10 29 i
803 2084 40 29 56
867 2083 18 37 $
909 2084 19 29 3
952 2092 105 21 mom.
1081 2084 128 30 avsedd
1232 2085 213 37 läroanstalt,
1469 2087 88 29 skall
1580 2088 186 36 ersättning

69 2135 158 30 befattning.
265 2135 81 36 utgå
368 2135 88 30 efter
478 2144 43 21 av
545 2134 120 36 Kungl.
692 2134 102 36 Maj:t
816 2134 182 31 bestämda
1020 2135 157 36 grunder.

72 2185 157 40 Ersättning
310 2186 48 30 15.
405 2185 139 36 Lärare,
569 2185 113 29 vilken
707 2185 197 30 förordnats
930 2187 50 28 att
1003 2183 106 37 jämte
1132 2193 84 28 egen
1240 2185 107 36 tjänst
1371 2187 153 30 bestrida
1547 2187 76 30 med
1646 2198 117 23 annan

47 2219 80 58 gard
164 2220 84 58 tra
263 2236 192 36 befattning
482 2236 145 29 förenad
653 2235 258 36 undervisning,
940 2234 152 37 åtnjuter
1118 2235 55 31 för
1200 2236 215 32 sistnämnda
1443 2238 243 38 undervisning
1713 2249 50 21 er-

47 2293 87 17 annan
151 2287 99 25 befatt-
263 2287 149 36 sättning
431 2287 105 35 enligt
556 2287 41 29 de
616 2286 54 30 för
689 2286 176 30 timlärare
883 2285 197 31 fastställda
1097 2287 207 34 grunderna.

56 2319 63 31 ning
131 2321 110 25 förenad

52 2354 196 32 undervisning.

81 2404 62 59 ef
173 2406 47 38 ldE
308 2408 47 29 16.
403 2408 66 30 Till
493 2407 155 37 följande
670 2408 343 37 befattningshavare
1036 2409 79 36 utgå
1138 2409 171 31 särskilda
1332 2411 228 35 ersättningar
1583 2411 99 36 enligt
1704 2418 56 21 ne-

58 2444 12 17 e
421 2458 6 6 -

72 2445 175 25 TSAFENINBAT:
260 2458 68 30 dan
351 2466 149 28 angivna
522 2459 157 36 grunder.
