1930 2794
290 137 18 29 8
700 142 120 30 Första
839 143 238 35 lagutskottets
1098 142 176 31 utlåtande
1293 153 41 20 nr
1362 144 27 29 2.

296 224 107 36 jämte
421 234 42 21 av
481 235 41 21 en
540 225 380 37 byggnadssakkunnig
938 226 131 31 officer.
1090 226 69 30 För
1176 227 254 36 granskningen
1449 237 42 20 av
1512 227 90 31 vissa
1621 228 174 31 kassaför-

296 275 209 36 valtningars
531 275 426 37 räkenskapshandlingar
980 277 65 29 har
1069 276 423 32 militieombudsmannen
1521 277 114 32 såsom
1662 279 134 31 biträde

296 325 121 30 anlitat
434 335 41 21 en
493 325 354 31 intendenturofficer.
866 326 65 31 Vid
948 326 241 36 inspektionen
1205 336 42 21 av
1266 328 255 35 truppförband
1538 329 46 30 ha
1601 328 194 37 krigsrätts-

294 376 225 36 protokollen,
547 376 218 35 protokollen
788 375 177 37 angående
990 376 221 36 disciplinära
1234 377 270 37 bestraffningar
1529 379 65 30 och
1619 378 178 37 angående

296 425 151 30 ärenden
467 427 147 29 rörande
634 426 124 31 förlust
777 437 42 21 av
837 427 84 30 eller
941 427 107 30 skada
1069 426 20 31 å
1107 427 254 36 krigsmaktens
1382 430 176 35 egendom,
1582 430 40 30 de
1644 429 152 31 militära

295 475 277 37 straffregistren,
592 476 402 36 anteckningsböckerna
1011 479 81 29 över
1108 478 202 30 meddelade
1328 478 328 37 tillrättavisningar,
1677 480 117 30 kassa-

295 525 313 37 förvaltningarnas
636 527 424 36 räkenskapshandlingar
1085 532 91 26 samt
1202 528 208 36 handlingar
1434 530 149 30 rörande
1611 531 183 35 upphand-

294 575 72 37 ling
384 577 65 29 och
470 576 219 37 redovisning
710 587 42 20 av
772 577 156 30 materiel
948 587 41 20 av
1009 577 92 31 olika
1126 578 74 36 slag
1222 579 163 30 ävensom
1406 580 390 31 marketenterirörelser

294 626 191 35 granskats.
505 624 126 33 Tillika
647 627 66 30 har
729 627 311 35 uppmärksamhet
1058 629 120 35 ägnats
1196 627 35 32 åt
1248 627 128 32 vården
1394 639 41 20 av
1455 630 165 31 kaserner
1639 631 65 29 och
1723 641 71 20 ma-

294 676 105 38 teriel,
424 675 35 32 åt
480 676 204 36 hygieniska
708 676 253 38 förhållanden,
988 678 195 37 utspisning
1207 679 65 29 och
1296 680 367 31 omhänderhavandet
1687 691 43 20 av
1755 682 41 30 de

295 726 245 36 värnpliktigas
561 727 323 36 ransoneringskort
906 731 89 27 samt
1016 727 35 31 åt
1069 728 245 31 socialvården.
1336 729 14 30 I
1370 730 169 31 samband
1560 732 80 30 med
1658 731 136 36 inspek-

295 775 156 32 tionerna
468 786 41 21 av
527 777 258 36 truppförband
803 778 47 30 ha
869 778 86 31 även
974 779 287 30 arrestlokalerna
1278 780 147 30 besökts.

338 846 91 36 Över
449 853 42 29 de
509 853 110 30 under
639 851 73 32 året
731 852 198 37 handlagda
951 854 171 30 ärendena
1143 854 175 31 meddelas
1338 855 10 29 i
1370 856 339 31 ämbetsberättelsen
1732 857 62 30 föl-

292 900 106 39 jande
418 902 161 31 översikt:

341 959 67 30 »På
432 961 66 29 sätt
525 960 441 32 militieombudsmannens
994 962 315 32 ämbetsberättelse
1333 964 50 29 till
1411 965 83 30 1946
1520 964 55 32 års
1603 967 69 34 lag-

291 1008 83 31 tima
399 1009 138 37 riksdag
562 1011 132 30 utvisar
719 1011 186 30 kvarstodo
933 1011 57 30 vid
1016 1011 124 36 början
1167 1022 43 20 av
1235 1012 38 32 år
1299 1015 83 29 1946
1410 1013 78 32 från
1512 1014 40 30 år
1578 1016 83 30 1945

290 1058 224 32 balanserade
538 1061 153 29 ärenden
716 1061 50 31 till
790 1065 46 27 ett
861 1063 95 29 antal
980 1071 42 21 aV
1054 1087 602 9 ......sssssosssesssssssso
1602 1054 56 49 rna
1720 1067 63 29 236

334 1110 116 31 Under
469 1110 38 31 år
531 1112 84 30 1946
636 1111 193 32 tillkommo
853 1113 151 30 ärenden
1026 1113 50 30 till
1096 1113 157 36 följande
1274 1115 106 30 antal:

288 1161 103 35 enligt
407 1162 175 29 allmänna
598 1162 124 30 diariet
745 1187 911 9 .........s.sseoseeeressrrsss
1296 1157 35 46 sr
1342 1157 35 46 rr
1385 1157 35 46 ss
1428 1157 35 46 ss
1474 1157 32 46 ss
1517 1157 35 46 ss
1560 1157 35 46 ss
1606 1157 53 46 sa
1720 1168 61 29 312

288 1210 103 36 enligt
413 1211 121 31 diariet
554 1213 82 29 över
657 1212 149 37 hemliga
831 1214 150 29 ärendeN
1011 1237 645 10 ......sssosssessrsses
1475 1206 74 49 esse
1558 1206 102 49 ess
1764 1219 18 29 d

334 1261 267 37 Sammanlagda
624 1264 129 30 antalet
775 1264 161 36 ärenden,
961 1274 73 20 som
1059 1264 166 37 förelegat
1248 1265 109 30 under
1379 1265 38 31 år
1445 1268 93 34 1946,
1564 1269 99 34 utgör

283 1307 31 49 [25
309 1311 77 31 LEE
1689 1319 93 30 1053

334 1362 49 30 De
404 1363 159 36 ärenden,
584 1373 75 20 som
679 1364 199 32 tillkommit
897 1365 108 30 under
1024 1364 39 31 år
1084 1367 94 35 1946,
1199 1367 138 35 utgöras
1357 1376 55 21 av:

288 1412 152 31 ärenden
458 1413 167 31 inkomna
644 1413 79 31 från
739 1414 203 37 myndighet
965 1439 690 10 .............sssssesssssssrs
1535 1408 57 48 rss
1604 1408 54 48 ss
1741 1421 41 29 29

288 1462 174 36 klagomål
486 1464 80 30 eller
589 1464 296 37 framställningar
908 1464 79 31 från
1009 1466 157 31 enskilda
1189 1491 469 8 ......................
1722 1471 61 29 217

288 1513 152 30 ärenden
460 1515 204 36 uppkomna
686 1515 111 30 under
817 1515 235 37 inspektioner
1074 1517 81 31 eller
1180 1517 96 37 eljest
1299 1518 56 30 vid
1378 1518 283 32 militieombuds-

332 1573 152 21 mannen
508 1564 183 37 åliggande
717 1567 216 36 granskning
966 1591 689 9 .......ossssssssssseesrss
1471 1560 57 48 ss
1561 1560 30 48 rs
1603 1560 54 48 ss
1719 1572 63 29 546

289 1613 440 33 militieombudsmannens
745 1616 265 36 organisations-
1026 1618 65 29 och
1107 1618 381 36 förvaltningsärenden
1503 1630 45 20 m.
1565 1631 44 19 m.
1627 1644 28 6 ..
1741 1622 41 29 20

1518 1668 142 49 Summa
1719 1689 61 29 817

332 1765 50 31 Av
401 1766 41 30 de
460 1765 79 31 från
558 1766 38 31 år
619 1767 83 30 1945
721 1767 226 31 balanserade
965 1769 63 30 236
1047 1769 174 31 ärendena
1242 1770 46 30 ha
1310 1771 60 30 133
1391 1770 145 37 utgjorts
1556 1781 42 21 av
1616 1771 176 37 klagomål

288 1816 81 30 eller
389 1816 297 37 framställningar
707 1817 78 31 från
805 1818 157 31 enskilda
981 1823 89 26 samt
1088 1820 41 30 85
1151 1829 43 22 av
1213 1820 160 36 ärenden,
1393 1830 74 22 som
1486 1822 222 36 uppkommit
1729 1832 61 21 un-

290 1866 59 31 der
370 1866 235 37 inspektioner
626 1868 80 30 eller
731 1868 97 36 eljest
852 1869 58 30 vid
931 1868 422 34 militieombudsmannen
1379 1870 179 38 åliggande
1579 1873 213 37 granskning

289 1926 43 21 m.
361 1927 44 20 m.
433 1918 56 31 Ett
513 1918 127 32 ärende
664 1918 160 31 tillhörde
851 1927 156 29 gruppen
1039 1920 457 33 »militieombudsmannens
1525 1924 266 36 organisations-

288 1967 64 29 och
371 1967 382 36 förvaltningsärenden
771 1978 44 21 m.
838 1979 79 21 m.».
941 1971 37 29 17
1000 1970 150 30 ärenden
1169 1971 90 30 hade
1277 1971 184 32 inkommit
1480 1972 80 31 från
1579 1974 212 37 myndighet.

332 2017 65 30 Till
417 2017 209 37 behandling
646 2019 111 30 under
775 2018 40 31 år
836 2021 84 29 1946
940 2021 46 29 ha
1007 2019 98 31 alltså
1128 2021 165 36 förelegat
1315 2023 41 29 46
1378 2023 159 37 ärenden,
1560 2033 74 21 som
1657 2024 134 30 inkom-

288 2066 62 31 mit
376 2067 78 31 från
481 2069 211 36 myndighet,
719 2071 61 29 350
806 2070 175 36 klagomål
1007 2071 80 30 eller
1111 2071 295 38 framställningar
1431 2073 79 30 från
1535 2074 167 36 enskilda,
1729 2076 60 29 631

287 2117 160 38 ärenden,
472 2128 73 21 som
568 2120 221 36 uppkommit
811 2120 112 32 under
946 2121 235 36 inspektioner
1204 2123 81 29 eller
1305 2123 98 37 eljest
1427 2124 57 29 vid
1507 2124 284 32 militieombuds-

288 2178 151 21 mannen
462 2169 180 37 åliggande
667 2171 254 36 granskningar
945 2182 45 21 m.
1016 2183 44 20 m.
1087 2176 91 27 samt
1203 2174 40 30 26
1270 2174 264 37 organisations-
1560 2176 65 29 och
1650 2175 140 31 förvalt-

286 2219 262 37 ningsärenden,
571 2220 147 37 tillhopa
743 2222 94 30 1053
859 2222 160 30 ärenden.

331 2312 50 30 Av
403 2313 97 30 dessa
522 2313 151 31 ärenden
692 2314 46 30 ha

287 2362 49 30 till
356 2372 116 21 annan
490 2364 202 36 myndighet
711 2364 178 31 hänvisats
916 2390 734 9 ........ssssssseressssssss
1489 2358 56 49 ses
1557 2358 31 49 ss
1596 2358 56 49 sea
1737 2369 41 30 30

284 2415 85 27 utan
390 2412 120 36 åtgärd
530 2414 183 30 avskrivils
742 2439 50 5 :s:
810 2439 25 6 ss
854 2439 26 6 ss
898 2408 70 48 sosse
987 2440 25 5 sd
1031 2440 25 5 så
1074 2440 70 6 same
1163 2441 4 5 a
1177 2408 12 48 sn
1207 2441 26 5 «a
1251 2441 26 5 se
1315 2441 50 6 me
1390 2442 42 5 är
1447 2442 5 6 a
1465 2408 10 48 J6
1501 2442 39 6 RR
1559 2443 49 5 RR
1623 2443 29 5 RR
1740 2420 40 29 78
