1930 2794
288 142 38 30 10
700 142 120 30 Första
839 141 238 37 lagutskottets
1097 138 175 32 utlåtande
1290 149 43 20 nr
1361 140 28 30 2.

288 229 103 37 förlig
414 228 137 37 åtgärd»
579 228 47 31 ha
649 226 277 37 huvudsakligen
947 224 180 38 medtagits
1150 223 131 32 sådana
1306 223 160 36 ärenden,
1490 222 94 32 vilka
1608 221 46 38 på
1676 222 112 37 grund

287 290 43 21 av
359 280 42 31 de
426 280 75 30 däri
527 277 233 38 föreliggande
785 276 215 38 spörsmålen
1025 279 128 28 ansetts
1178 276 46 30 ha
1250 274 142 33 intresse
1417 274 120 31 utöver
1562 273 41 30 de
1631 272 157 32 enskilda

288 331 117 31 fallen.

334 382 118 31 Under
487 381 166 31 rubriken
693 379 244 37 »Redogörelse
975 378 55 31 för
1055 377 91 32 vissa
1172 376 298 36 framställningar
1496 375 51 31 till
1576 375 208 36 Konungen»

292 431 225 31 omförmälas
539 430 78 40 fyra
640 440 45 21 av
705 429 423 31 militieombudsmannen
1148 428 110 30 under
1278 426 39 32 år
1342 428 82 29 1946
1446 426 49 31 till
1519 426 192 37 Konungen
1734 435 56 21 av-

289 482 95 31 låtna
407 482 189 36 skrivelser,
619 481 174 36 nämligen

334 534 67 30 den
424 534 41 30 28
486 542 91 22 mars
603 531 176 37 angående
799 530 211 31 tillsättande
1031 540 41 20 av
1095 529 107 36 tjänst
1224 529 11 30 i
1257 527 194 32 succession
1472 527 87 31 efter
1579 526 209 31 innehavare

289 594 42 20 av
348 583 236 31 förordnande
602 586 48 28 att
669 582 67 31 tills
754 581 117 32 vidare
889 590 82 21 vara
989 579 166 38 byråchef
1174 580 63 30 hos
1256 577 433 39 justitieombudsmannen
1706 576 82 31 eller

288 635 64 30 hos
371 633 436 35 militieombudsmannen;

337 684 68 30 den
426 686 17 29 2
466 683 87 37 april
572 682 180 38 angående
770 683 59 30 det
851 682 150 30 militära
1023 680 378 37 utredningsväsendet;

336 734 67 31 den
425 735 38 30 19
483 734 193 36 september
696 732 179 37 angående
894 731 287 32 beskaffenheten
1201 740 42 21 av
1264 730 246 36 militärhäkte;
1532 733 89 27 samt

337 785 67 30 den
422 786 39 29 24
483 784 193 36 september
693 782 176 38 angående
887 782 320 37 tillgodoräknande
1225 791 74 21 som
1317 780 166 37 fullgjord
1501 779 227 37 tjänstgöring
1748 789 42 21 av

292 835 50 31 tid
362 834 59 31 för
443 835 255 30 verkställande
722 843 43 22 av
789 832 274 38 disciplinstraff.

336 885 179 39 Därjämte
532 884 168 37 återgivas
719 885 111 30 under
849 884 215 31 sistnämnda
1084 882 183 37 avdelning
1285 881 57 31 två
1358 892 44 21 av
1423 881 366 31 militieombudsman-

291 945 69 21 nen
376 936 111 31 under
503 935 39 31 år
561 936 84 30 1946
663 935 146 37 avgivna
826 935 194 37 yttranden,
1042 933 175 37 nämligen

335 987 67 31 den
425 988 41 29 30
488 985 138 37 januari
654 985 50 31 till
725 984 186 32 statsrådet
935 985 65 30 och
1023 984 124 31 chefen
1170 983 55 31 för
1248 983 424 36 försvarsdepartementet
1694 982 12 30 i
1731 991 58 21 an-

291 1037 141 37 ledning
458 1046 41 21 av
525 1036 119 31 remiss
671 1046 41 21 av
741 1035 256 37 framställning
1029 1044 49 21 om
1093 1034 243 41 upphävande
1365 1044 42 20 av
1433 1034 65 30 den
1523 1034 11 29 i
1558 1032 231 40 tjänsteregle-

291 1091 130 27 mentet
446 1087 55 31 för
525 1086 236 37 krigsmakten
786 1086 142 37 intagna
955 1084 225 32 föreskriften
1207 1083 178 38 angående
1408 1083 289 37 bestraffningars
1724 1083 66 30 och

291 1137 337 36 tillrättavisningars
648 1136 227 37 kungörande
898 1135 45 38 på
964 1136 113 36 order;

336 1189 68 30 den
431 1189 38 30 16
494 1197 93 21 mars
610 1187 53 31 till
687 1187 193 36 Konungen
901 1187 12 30 i
940 1185 186 38 anledning
1150 1196 42 21 av
1218 1185 124 31 remiss
1365 1195 43 21 av
1433 1187 47 29 ett
1504 1193 123 29 genom
1652 1184 136 31 överbe-

288 1239 221 30 fälhavarens
540 1238 135 36 försorg
705 1238 177 36 upprättat
911 1236 128 37 förslag
1071 1236 50 31 till
1150 1236 260 30 bestämmelser
1440 1234 177 37 angående
1646 1233 143 31 militärt

291 1288 246 38 straffregister
560 1298 46 22 m.
635 1298 45 21 m.

335 1382 67 31 Vid
422 1383 67 30 den
507 1380 215 38 granskning
740 1390 42 21 av
804 1379 441 31 militieombudsmannens
1265 1377 354 37 ämbetsförvaltning,
1642 1387 74 21 som
1740 1381 50 26 ut-

292 1432 126 31 skottet
442 1431 292 37 grundlagsenligt
759 1430 161 37 förehaft,
945 1430 66 31 har
1033 1429 115 37 någon
1171 1429 188 36 anledning
1382 1429 50 30 till
1460 1428 233 36 anmärkning
1716 1428 76 30 icke

292 1482 231 36 förekommit,
546 1482 105 30 vilket
671 1482 164 30 utskottet
856 1481 146 30 härmed
1025 1481 55 30 för
1105 1480 182 37 riksdagen

907 1565 164 31 anmäler.

334 1652 200 31 Stockholm
559 1651 65 30 den
648 1651 19 29 4
691 1650 153 31 februari
869 1649 93 31 1947.

746 1733 48 32 På
814 1734 109 30 första
940 1733 237 37 lagutskottets
1194 1734 142 35 vägnar:

839 1818 122 31 OLOV
991 1818 248 30 RYLANDER.

633 1979 63 30 Vid
715 1979 92 30 detta
827 1977 143 31 ärendes
994 1977 208 37 behandling
1223 1977 46 31 ha
1288 1977 155 31 närvarit

334 2047 81 31 från
448 2047 163 30 första
645 2047 217 29 kammaren:
885 2045 121 31 herrar
1025 2044 202 36 Wagnsson,
1249 2044 190 36 Westman,
1462 2043 167 37 Ahlkvist,
1651 2043 138 30 Ekströ-

291 2099 83 27 mer,
396 2090 134 35 Kriägel,
552 2088 182 35 Lodenius,
754 2087 155 30 William
931 2086 148 30 Ohlsson
1098 2087 65 29 och
1183 2086 146 36 Arrhén;

334 2148 80 31 från
447 2148 153 30 andra
632 2148 218 29 kammaren:
873 2146 121 30 herrar
1016 2145 181 37 Rylander,
1220 2144 125 31 Olsson
1367 2145 10 30 i
1400 2143 174 37 Mellerud,
1597 2144 192 37 Landgren,

291 2189 197 31 Andersson
502 2189 10 30 i
530 2188 154 31 Mölndal
701 2189 65 30 och
783 2188 194 30 Pettersson
993 2188 11 30 i
1019 2187 209 36 Ersbacken,
1244 2187 125 31 fröken
1387 2183 121 40 Öberg,
1527 2187 121 32 herrar
1662 2188 125 37 Ljung-

291 2232 89 36 qvist
397 2232 65 30 och
481 2231 148 31 Jonsson
648 2230 11 30 i
680 2230 177 31 Skutskär.

507 2466 108 22 477217.
653 2464 176 29 Stockholm,
850 2463 80 25 Isaac
950 2464 112 24 Marcus
1081 2463 375 32 Boktryckeri-Aktiebolag,
1478 2463 73 24 1947.
