2242 2630
737 199 253 33 Statsutskottelts
1013 199 168 33 Memorial
1203 199 64 32 N:o
1290 201 53 30 33.
1776 199 15 34 1

961 723 73 37 N:o
1063 724 59 36 33.

833 879 83 32 Ank.
940 879 49 31 till
1012 879 108 32 Riksd.
1143 878 102 32 kansli
1267 878 58 31 den
1352 879 38 30 16
1414 888 80 21 mars
1520 879 94 40 1897,
1638 877 43 31 kl.
1707 879 18 29 2
1749 888 25 21 e.
1799 888 39 21 m.

571 1027 207 49 Memorial,
808 1028 14 36 i
849 1028 198 49 anledning
1075 1029 46 49 af
1132 1028 213 36 kamrarnes
1360 1026 215 49 skiljaktiga
1591 1026 109 36 beslut
1716 1025 13 36 i
1743 1026 97 35 vissa

641 1096 128 50 frågor
788 1098 157 36 rörande
965 1098 174 48 anslagen
1155 1098 116 35 under
1285 1095 214 38 riksstatens
1536 1095 132 47 sjunde
1681 1094 158 47 hufvud-

644 1166 83 36 titel.

1403 1266 75 51 (2:a
1505 1267 46 38 U.
1580 1266 61 50 A.)

375 1371 299 49 Statsutskottet,
704 1370 80 39 som
814 1371 146 38 erhållit
987 1371 61 37 del
1076 1371 41 37 af
1141 1371 220 37 kamrarnes
1388 1370 124 37 beslut
1538 1370 13 37 i
1579 1369 205 49 anledning
1803 1369 41 37 af

243 1425 203 37 utskottets
475 1423 189 37 utlåtande
691 1438 62 23 n:o
782 1425 22 36 8
833 1423 196 49 angående
1057 1423 240 49 regleringen
1324 1423 41 37 af
1384 1422 207 49 utgifterna
1610 1421 118 38 under
1742 1421 97 37 riks-

244 1483 142 32 statens
429 1475 135 50 sjunde
597 1475 237 52 hufvudtitel,
867 1476 58 36 får
951 1476 69 36 här
1047 1475 122 37 nedan
1198 1475 206 37 framställa
1431 1474 46 37 de
1505 1474 158 49 förslag,
1692 1472 147 38 hvartill

245 1543 144 24 samma
417 1527 124 39 beslut
569 1527 144 38 funnits
741 1527 206 38 föranleda.

1010 1651 70 35 1:0.

374 1735 124 38 Sedan
522 1735 138 49 Kongl.
692 1736 108 48 Maj:t
826 1734 200 49 föreslagit
1053 1733 220 49 Riksdagen
1301 1738 53 31 att
1381 1735 21 34 å
1430 1737 122 32 staten
1581 1732 58 37 för
1652 1732 187 37 kammar-

243 1793 124 31 rätten
406 1788 159 49 uppföra
597 1787 65 37 lön
690 1788 69 36 och
786 1785 492 51 tjenstgöringspenningar
1309 1784 59 37 för
1394 1784 220 50 ytterligare
1642 1787 64 34 två
1734 1784 105 37 kam-

247 1839 239 37 marrättsråd
528 1839 85 37 med
654 1839 157 49 tillhopa
856 1840 136 46 12,800
1035 1838 137 36 kronor
1200 1837 69 36 och
1296 1836 59 37 för
1377 1836 219 50 ytterligare
1624 1849 46 24 en
1697 1836 143 37 notarie

246 1892 84 36 med
374 1893 112 46 3,000
528 1892 153 47 kronor,
715 1891 85 36 med
828 1895 75 32 rätt
929 1890 59 37 för
1015 1889 163 37 nämnda
1206 1888 279 49 befattningars
1513 1888 243 37 innehafvare
1783 1888 57 36 till

245 1943 260 49 ålderstillägg
534 1943 94 37 efter
654 1943 102 36 vissa
784 1946 39 33 år
851 1943 11 36 i
881 1942 120 37 likhet
1016 1941 84 37 med
1115 1940 125 49 öfriga
1254 1941 224 48 tjenstemän
1495 1940 11 36 i
1522 1953 143 23 samma
1682 1940 157 48 tjenste-

244 1995 107 48 grad,
393 1995 194 36 äfvensom
628 1995 89 48 höja
750 1994 63 36 det
839 2008 50 22 nu
919 1997 20 33 å
967 1994 311 36 kammarrättens
1307 1997 74 31 stat
1408 1991 188 49 uppförda
1624 1992 132 48 anslag
1783 1991 57 36 till

245 2046 408 48 vikariatsersättning,
683 2046 179 36 arfvoden
891 2048 37 33 åt
957 2050 105 31 extra
1081 2044 184 47 biträden,
1285 2043 267 49 flitpenningar
1571 2043 70 36 och
1660 2043 179 36 renskrif-

244 2097 290 48 ningskostnad,
576 2098 139 46 28,400
755 2097 148 47 kronor,
946 2095 84 37 med
1072 2097 113 46 2,900
1226 2095 139 36 kronor
1405 2093 58 37 till
1504 2096 140 45 31,300
1686 2094 152 45 kronor;

245 2149 243 48 hvarigenom
523 2148 172 48 anslaget
727 2148 56 36 till
812 2148 292 36 kammarrätten
1134 2146 120 37 skulle
1282 2145 109 49 höjas
1420 2145 85 36 med
1537 2147 137 46 18,700
1702 2145 138 37 kronor

245 2200 89 38 eller
361 2201 81 36 från
474 2201 163 47 169,600
666 2200 136 36 kronor
828 2199 57 37 till
917 2200 162 46 188,300
1107 2198 149 47 kronor,

375 2251 95 38 hade
504 2251 183 37 utskottet
713 2251 12 37 i
747 2252 165 48 punkten
941 2253 25 34 2
995 2250 41 36 af
1066 2249 64 37 sitt
1156 2249 163 36 nämnda
1346 2248 193 37 utlåtande
1568 2247 188 48 hemstält,
1785 2253 56 31 att

246 2304 216 49 Riksdagen
504 2306 116 34 måtte
661 2306 47 46 på
740 2303 63 36 det
831 2307 74 32 sätt
932 2301 129 37 bifalla
1089 2301 137 49 Kongl.
1257 2300 126 49 Maj:ts
1411 2299 285 50 ifrågavarande
1724 2300 115 36 fram-

355 2363 71 33 Bih.
451 2362 51 32 till
525 2362 110 32 Riksd.
659 2363 87 31 Prot.
774 2364 86 30 1897.
907 2364 19 29 4
952 2360 98 33 Saml.
1083 2364 9 28 1
1116 2360 81 40 Afd.
1244 2362 44 29 22
1313 2359 93 40 Häft.
1442 2359 81 43 (N:o
1546 2361 67 38 33)
1779 2361 14 29 1
