1921 2817
464 167 113 31 Andra
595 167 218 39 lagutskottets
832 166 159 32 utlåtande
1011 176 37 22 nr
1065 166 43 30 35
1128 166 35 31 år
1183 165 87 31 1970
1594 169 17 28 3

125 251 194 30 hämmande
335 250 108 30 effekt.
464 250 68 30 Där
550 253 148 35 systemet
715 250 128 39 prövats
861 249 57 30 har
935 248 107 39 någon
1059 246 368 40 konsumtionsnedgång
1445 246 26 40 ej
1492 246 121 31 kunnat

125 296 124 31 iakttas.
271 296 105 30 Större
395 294 161 40 betydelse
575 294 11 31 i
604 294 54 31 det
677 293 260 40 sammanhanget
956 293 91 31 torde
1065 293 145 30 däremot
1229 292 80 31 böra
1327 292 149 30 tillmätas
1496 291 39 31 de
1555 299 57 22 un-

126 340 229 41 dersökningar
375 350 40 21 av
435 340 73 40 tjär-
529 340 62 31 och
612 339 229 31 nikotinhalten
861 339 10 30 i
893 338 179 40 cigarretter
1093 347 38 21 av
1153 337 85 31 olika
1258 336 141 38 märken,
1422 345 70 22 som
1512 335 101 31 under

126 386 194 32 medverkan
339 395 39 21 av
396 385 243 39 tobaksbolaget
657 384 205 40 regelbundet
881 385 73 39 äger
973 393 79 21 rum.
1073 382 177 31 Resultatet
1269 392 39 21 av
1327 382 92 30 dessa
1438 379 175 33 undersök-

127 431 111 40 ningar
253 431 180 40 publiceras
447 431 11 30 i
474 439 139 32 pressen.

172 511 64 31 Vid
254 511 88 31 1967
359 510 52 32 års
427 511 127 38 riksdag
572 511 213 31 behandlades
804 509 156 32 motioner
978 519 38 21 av
1033 509 10 30 i
1061 512 78 28 stort
1156 512 59 27 sett
1233 517 122 21 samma
1371 506 155 31 innebörd
1544 516 70 21 som

127 566 39 31 de
188 575 43 22 nu
252 565 220 31 förevarande.
497 565 14 30 I
534 565 52 31 sitt
609 574 38 21 av
669 564 168 40 riksdagen
860 563 169 41 godkända
1052 561 160 32 utlåtande
1237 560 154 32 1967:52
1416 561 199 30 konstaterar

127 619 100 31 andra
252 619 203 38 lagutskottet
480 618 224 40 inledningsvis
730 622 44 26 att
799 617 87 31 olika
910 616 237 39 vetenskapliga
1172 615 272 39 undersökningar
1469 614 75 39 givit
1567 614 48 29 till

126 673 130 31 resultat
283 676 44 27 att
354 672 229 39 sammanhang
608 671 168 40 föreligger
801 671 117 30 mellan
944 669 250 39 tobaksrökning
1221 668 61 31 och
1308 668 84 31 vissa
1416 666 196 41 sjukdomar,

127 726 160 40 nämligen
305 726 84 31 vissa
407 725 120 31 former
545 734 39 22 av
601 734 115 22 cancer
735 729 81 27 samt
835 723 130 32 kronisk
983 722 128 32 bronkit
1129 722 62 31 och
1211 721 162 40 emfysem.
1395 721 77 31 Med
1492 721 124 39 hänsyn

128 780 104 31 därtill
251 779 98 40 ansåg
366 779 152 31 utskottet
537 783 44 26 att
598 778 249 39 förbrukningen
867 787 38 21 av
924 777 98 31 tobak
1040 776 100 31 borde
1157 775 102 32 hållas
1277 785 83 21 nere.
1381 775 163 30 Utskottet
1562 783 52 21 av-

129 833 117 40 styrkte
262 832 176 32 emellertid
452 832 200 31 motionerna
666 832 63 30 och
744 831 139 31 uttalade
899 830 111 31 därvid
1025 830 41 31 bl.
1082 839 27 21 a.
1128 833 44 27 att
1187 838 76 21 man
1265 823 18 54 i
1304 828 103 31 stället
1421 827 102 32 borde
1537 827 78 39 följa

128 897 66 30 upp
220 887 41 31 de
286 887 237 39 vetenskapliga
548 885 274 40 undersökningar
848 895 70 21 som
945 886 73 38 görs
1044 883 162 40 angående
1235 881 379 40 tobaksförbrukningens

128 940 197 32 medicinska
350 939 189 41 verkningar
565 943 81 27 samt
672 948 115 31 genom
813 938 206 31 information
1044 937 62 31 och
1132 936 225 39 undervisning
1382 935 132 31 försöka
1539 934 76 32 ned-

129 994 112 40 bringa
263 994 252 39 förbrukningen
539 1002 39 22 av
601 992 107 32 tobak.
734 992 122 31 Därvid
879 992 101 30 borde
1004 1000 75 22 man
1103 990 125 31 särskilt
1252 991 105 29 sträva
1380 989 79 30 efter
1484 993 44 26 att
1551 989 64 30 för-

129 1048 114 31 hindra
261 1048 75 31 eller
353 1048 156 39 begränsa
526 1046 229 32 tobaksbruket
772 1046 97 31 bland
887 1045 80 31 barn
984 1045 63 31 och
1064 1043 213 41 uppväxande
1293 1042 151 41 ungdom.

175 1101 64 32 Vid
258 1100 212 32 innevarande
490 1100 52 31 års
559 1099 128 39 riksdag
705 1100 57 30 har
780 1099 110 31 väckts
908 1099 167 36 motioner,
1095 1098 68 30 vari
1181 1098 162 31 framförts
1361 1097 119 40 förslag
1499 1106 54 21 om
1573 1099 44 27 att

129 1165 116 31 genom
267 1155 86 31 olika
373 1155 120 30 former
514 1163 39 21 av
574 1153 189 32 motreklam
786 1152 164 32 motverka
972 1152 329 39 skadeverkningarna
1323 1161 39 21 av
1383 1151 163 31 reklamen
1567 1150 50 30 för

130 1209 99 32 tobak
248 1209 64 31 och
334 1208 137 31 alkohol.
495 1208 205 31 Motionerna
722 1207 57 30 har
801 1206 154 40 avstyrkts
978 1216 39 20 av
1038 1205 168 40 riksdagen
1227 1205 42 41 på
1290 1205 189 31 hemställan
1501 1214 38 21 av
1561 1203 55 31 all-

131 1265 119 28 männa
267 1261 340 39 beredningsutskottet
624 1261 11 30 i
652 1261 71 31 dess
742 1259 159 32 utlåtande
921 1259 100 30 1970:
1035 1259 51 31 10.
1107 1259 170 36 Utskottet,
1297 1268 69 21 som
1385 1258 97 39 ansåg
1500 1258 62 31 den
1580 1267 38 21 av

131 1317 236 31 motionärerna
390 1315 181 40 föreslagna
594 1314 150 31 metoden
767 1314 51 30 för
841 1313 193 31 bedrivande
1060 1323 38 21 av
1122 1312 190 31 motreklam
1336 1312 64 31 inte
1423 1321 77 21 vara
1524 1311 93 40 prak-

131 1370 74 31 tiskt
228 1369 234 41 genomförbar,
486 1368 145 31 erinrade
652 1368 10 30 i
684 1367 176 32 utlåtandet
882 1376 53 22 om
959 1371 43 27 att
1026 1366 155 40 spörsmål
1204 1365 163 41 angående
1391 1365 142 31 alkohol-
1556 1364 62 32 och

132 1423 238 32 tobaksreklam
387 1424 34 29 är
437 1422 101 31 under
554 1421 156 41 prövning
726 1421 10 30 i
753 1421 85 30 olika
855 1420 237 40 sammanhang.

178 1506 69 30 Här
261 1505 53 31 må
328 1505 146 40 slutligen
487 1506 132 29 nämnas
635 1508 44 26 att
693 1514 62 29 nya
768 1503 101 40 regler
881 1503 52 31 för
946 1502 236 31 tobaksreklam
1196 1502 182 31 tillkommit
1393 1501 100 31 under
1507 1502 112 29 hösten

133 1559 80 31 efter
242 1559 179 31 samarbete
450 1558 118 31 mellan
596 1557 328 39 tobaksaktiebolaget
954 1556 62 31 och
1046 1556 109 39 övriga
1184 1556 208 30 medlemmar
1422 1565 40 21 av
1490 1555 129 30 tobaks-

133 1613 332 39 branschföreningen.
487 1612 50 30 De
556 1621 63 30 nya
637 1611 143 40 reglerna
798 1611 133 30 innebär
948 1610 106 40 någon
1072 1609 173 40 skärpning
1264 1619 39 21 av
1323 1609 41 31 de
1382 1609 101 40 regler
1501 1609 10 30 i
1530 1608 89 40 fråga

134 1676 55 21 om
205 1667 178 30 reklamens
399 1665 140 31 innehåll
556 1674 70 22 som
642 1664 132 40 tidigare
791 1664 83 40 gällt.
893 1664 63 30 Det
972 1665 105 38 utsägs
1095 1663 41 31 bl.
1152 1673 27 21 a.
1199 1667 44 26 att
1258 1672 77 21 man
1351 1663 10 30 i
1377 1663 163 30 reklamen
1557 1662 63 30 inte

134 1720 50 32 får
205 1724 33 27 ta
259 1720 33 30 in
313 1719 124 40 uttryck
458 1719 77 31 eller
556 1718 243 40 formuleringar
820 1718 76 30 eller
918 1717 101 31 bilder
1041 1727 39 21 av
1103 1716 185 31 situationer
1309 1716 62 31 och
1393 1716 133 40 miljöer,
1551 1725 69 22 som

134 1774 65 31 kan
216 1778 89 26 antas
321 1773 126 31 särskilt
463 1772 94 40 vädja
573 1772 46 31 till
635 1771 189 40 tonåringar.

567 1946 87 30 1968
673 1944 51 32 års
742 1944 337 40 riksdagsbehandling
1098 1953 42 21 m.
1153 1953 43 21 m.

182 2031 64 31 Vid
270 2031 83 31 1968
375 2031 50 31 års
444 2030 127 40 riksdag
589 2030 128 31 väcktes
737 2034 43 26 ett
800 2030 84 30 antal
903 2029 158 31 motioner
1078 2029 75 30 med
1171 2028 119 39 förslag
1308 2028 46 30 till
1372 2027 87 31 olika
1479 2027 143 40 åtgärder

135 2085 52 30 för
207 2088 44 27 att
270 2084 126 31 minska
416 2083 369 32 tobakskonsumtionen.
808 2083 14 30 I
842 2087 45 26 ett
906 2092 58 30 par
982 2082 158 31 motioner
1159 2081 204 31 hemställdes
1382 2090 54 22 om
1456 2080 168 39 utredning

137 2138 74 30 med
228 2138 124 40 uppgift
368 2142 45 26 att
427 2137 175 39 framlägga
617 2137 120 39 förslag
752 2136 46 30 till
813 2136 133 39 vidgade
962 2135 125 40 statliga
1103 2134 144 40 åtgärder
1263 2135 10 30 i
1288 2135 141 30 nämnda
1445 2134 89 39 syfte.
1552 2135 15 29 I
1584 2143 39 21 en

136 2191 123 31 motion
279 2191 211 31 framställdes
512 2189 223 32 motsvarande
756 2189 163 40 yrkanden
940 2199 70 21 som
1030 2189 41 31 de
1092 2188 11 31 i
1123 2189 86 30 detta
1229 2187 163 32 utlåtande
1412 2187 208 31 behandlade.

138 2244 205 31 Motionerna
371 2244 216 31 remitterades
616 2243 45 31 till
690 2242 259 40 socialstyrelsen,
980 2245 117 28 statens
1125 2241 121 31 institut
1273 2241 51 31 för
1353 2241 181 31 folkhälsan
1562 2241 60 30 och

138 2298 141 31 Svenska
300 2298 114 30 tobaks
435 2297 210 39 aktiebolaget
665 2297 61 30 och
747 2296 217 31 behandlades
984 2295 138 31 därefter
1143 2304 38 21 av
1202 2295 100 30 andra
1323 2294 201 38 lagutskottet
1545 2295 10 30 i
1577 2299 47 26 ut-

138 2351 140 31 låtandet
297 2350 166 32 1968:48.
483 2350 205 31 Motionerna
707 2349 178 40 tillstyrktes
905 2359 39 21 av
961 2348 251 40 socialstyrelsen
1230 2348 63 31 och
1311 2347 314 32 folkhälsoinstitutet

138 2415 74 21 men
229 2405 173 40 avstyrktes
421 2414 39 22 av
477 2404 135 40 bolaget.
631 2405 49 30 En
699 2403 129 40 utförlig
844 2402 200 41 redogörelse
1061 2402 51 31 för
1130 2402 298 39 remissyttrandena
1446 2401 150 32 återfinns
1614 2402 11 30 i

138 2459 184 31 utlåtandet.

184 2513 15 31 I
224 2513 52 31 sitt
303 2512 144 40 yttrande
474 2511 120 32 erinrar
621 2511 150 31 utskottet
800 2510 222 40 inledningsvis
1051 2519 54 22 om
1133 2509 51 31 sitt
1212 2509 161 31 uttalande
1401 2509 11 31 i
1439 2508 175 32 utlåtandet
