1896 2818
288 192 40 30 36

721 198 306 33 Bankoutskottets
1051 200 177 32 utlåtande
1250 212 40 20 nr
1320 204 49 30 12.

434 277 228 32 Beträffande
684 279 220 32 bibliotekets
925 282 296 40 tjänstepersonal
1244 285 38 29 är
1306 285 157 39 följande
1486 288 50 28 att
1559 287 135 30 anföra.

390 328 120 30 Förste
534 330 347 38 expeditionsvakten
925 332 125 30 John
1094 334 255 31 Fransson
1392 336 64 30 har
1480 337 66 29 den
1570 337 42 30 29
1636 339 59 28 ok-

391 378 96 30 tober
505 387 126 30 genom
646 381 112 30 döden
774 382 127 38 avgått.
919 383 177 30 Fransson
1113 385 189 30 anställdes
1318 387 12 28 i
1346 386 220 31 bibliotekets
1583 388 111 39 tjänst

391 429 66 30 den
480 429 14 29 1
517 430 157 30 februari
697 431 81 30 1913
799 433 66 29 och
885 434 212 30 utnämndes
1118 435 66 29 den
1207 436 14 28 1
1243 436 143 39 januari
1409 437 82 29 1919
1512 438 52 29 till
1586 439 108 29 förste

389 480 312 39 expeditionsvakt.
726 482 95 31 Hans
845 483 111 31 insats
977 485 11 28 i
1011 484 221 31 bibliotekets
1253 487 223 30 verksamhet
1499 489 112 29 under
1634 489 61 30 nå-

390 532 57 37 got
472 539 73 21 mer
572 532 46 29 än
644 532 40 29 35
711 533 37 31 år
773 543 62 20 var
862 543 42 21 av
928 534 196 40 betydande
1150 537 114 29 värde.
1292 537 79 29 Med
1397 539 48 29 ett
1471 538 145 31 levande
1642 540 52 29 in-

384 581 108 29 tresse
512 581 55 30 för
590 581 77 31 sina
684 582 127 40 många
831 583 295 41 arbetsuppgifter
1147 584 165 31 förenade
1326 586 70 29 han
1411 596 41 20 en
1467 597 42 20 av
1522 587 69 30 alla
1604 588 82 38 högt

389 631 138 30 skattad
553 632 270 40 ljänstvillighet
848 634 110 39 jämte
984 637 48 28 ett
1058 637 154 38 ovanligt
1238 638 89 29 mått
1355 648 41 21 av
1422 639 178 39 duglighet
1627 640 65 30 och

387 681 201 31 kunnande.
614 683 222 40 Personligen
860 686 162 30 älskvärd
1045 687 227 30 efterlämnar
1294 688 178 31 Fransson
1492 691 137 29 minnet
1652 700 41 20 av

388 741 42 20 en
460 733 106 29 aktad
597 734 66 29 och
692 735 161 30 avhållen
882 737 250 30 medarbetare.
1164 738 74 29 Den
1268 738 41 30 22
1340 740 144 30 oktober
1514 741 177 30 tilldelade

388 782 39 30 K.
452 783 66 29 M:t
543 783 132 30 honom
699 785 12 29 i
735 785 109 30 nåder
869 787 175 39 medaljen
1073 788 88 29 >För
1186 789 50 29 nit
1262 790 65 29 och
1351 790 170 39 redlighet
1546 791 11 29 i
1582 792 109 29 rikets

385 833 143 39 tjänst».
550 833 271 32 Bibliotekarien
861 836 110 30 Ivar
1009 838 203 30 Beskow
1249 840 64 29 har
1335 840 81 30 från
1437 841 64 29 och
1522 842 80 29 med
1624 843 67 29 den

388 886 12 26 1
431 883 143 40 januari
599 885 54 30 till
680 886 63 30 och
769 887 80 29 med
877 888 65 29 den
972 888 37 29 17
1038 889 187 30 november
1252 890 147 39 åtnjutit
1425 891 265 40 tjänstledighet

385 934 81 30 från
493 935 54 30 sin
574 935 197 41 befattning
797 937 66 30 och
890 938 190 39 beviljades
1108 939 119 39 begärt
1254 941 130 30 avsked
1411 942 80 29 från
1517 943 66 29 och
1610 944 79 29 med

384 985 68 29 den
474 984 39 30 18
534 986 220 31 sistnämnda
772 988 141 30 månad.
933 989 116 30 Under
1069 990 80 30 hela
1168 990 72 30 året
1262 991 84 29 1948
1365 992 64 30 har
1449 994 241 37 nyssnämnda

383 1035 198 40 befattning
605 1037 212 40 uppehållits
843 1047 42 22 av
908 1039 267 31 bibliotekarien
1220 1041 191 35 Anders
1457 1043 232 31 Lindber-

384 1093 80 31 ger
498 1087 64 29 och
588 1087 131 31 dennes
742 1088 199 41 befattning
964 1100 41 20 av
1028 1091 266 31 bibliotekarien
1342 1092 189 31 Gunnel
1578 1094 112 30 Boh-

382 1145 105 21 man
521 1138 113 29 under
657 1139 94 29 tiden
776 1139 15 29 1
815 1139 229 39 januari-—-17
1069 1151 96 21 mars
1189 1144 89 28 samt
1302 1153 43 20 av
1367 1144 107 31 förste
1498 1154 192 21 amanuen-

383 1196 61 21 sen
467 1188 56 29 vid
547 1188 165 32 tekniska
734 1190 214 39 högskolans
970 1191 178 35 bibliotek,
1172 1193 147 30 friherre
1364 1194 116 30 Axel
1525 1195 164 30 Axels-

383 1247 85 20 son
515 1238 358 40 Liljencecrantz
920 1242 111 29 under
1055 1245 117 27 resten
1197 1252 42 21 av
1263 1244 84 30 året.
1374 1245 159 31 Friherre
1558 1246 131 39 Liljen-

381 1291 118 27 crantz
522 1289 164 32 lämnade
710 1290 202 31 biblioteket
935 1293 79 29 med
1038 1293 176 39 utgången
1239 1303 41 21 av
1304 1294 38 30 år
1370 1294 92 30 1948.
1488 1295 200 31 Amanuen-

382 1348 111 26 serna,
512 1340 155 30 filosofie
685 1341 243 31 licentiaterna
961 1343 112 29 Elin
1108 1343 191 34 Ekman,
1335 1345 96 30 Eva
1464 1346 222 31 Eneblad

381 1390 65 29 och
491 1390 119 30 Erik
656 1391 277 31 Mesterton
977 1393 46 31 ha
1047 1394 113 30 under
1185 1394 72 30 året
1280 1396 212 39 uppflyttats
1516 1397 53 29 till
1594 1398 93 29 löne-

381 1440 170 38 graderna
572 1441 45 30 Ce
639 1441 51 35 23,
712 1442 42 30 Ce
776 1442 41 30 22
839 1444 195 39 respektive
1056 1444 44 30 Ce
1124 1444 51 30 22.
1198 1445 341 32 Biblioteksbiträdet
1572 1447 63 30 Gu
1650 1458 36 19 n-

380 1492 78 29 nel
491 1491 225 31 Frostell
748 1493 64 30 har
834 1494 112 30 under
967 1495 96 30 tiden
1086 1495 67 30 den
1178 1495 100 30 1—31
1304 1497 71 39 maj
1400 1497 206 40 tjänstgjort
1628 1499 57 29 vid

379 1541 213 31 biblioteket.

423 1592 67 30 Till
528 1593 68 30 den
635 1593 293 40 ledigförklarade
965 1596 109 30 förste
1113 1597 479 40 expeditionsvaktstjänsten
1632 1601 53 28 ut-

379 1643 170 30 nämndes
568 1644 83 30 från
669 1645 64 29 och
750 1646 80 29 med
849 1646 67 29 den
936 1646 15 29 1
972 1647 182 29 december
1172 1648 344 39 expeditionsvakten
1535 1650 59 30 vid
1612 1650 73 29 bib-

379 1692 141 32 lioteket
557 1693 95 31 Åke
688 1695 265 31 Fransson.

422 1853 13 29 I
453 1855 176 39 egenskap
647 1864 42 21 av
705 1855 152 31 ledamot
875 1856 11 30 i
904 1857 322 30 underkommittén
1244 1858 54 30 för
1315 1859 212 38 behandling
1545 1870 43 20 av
1604 1869 78 31 par-

376 1904 459 41 lamentsbiblioteksfrågor
866 1907 114 41 deltog
1009 1908 348 31 överbibliotekarien
1388 1910 11 29 i
1429 1910 252 30 International

376 1954 195 31 federation
602 1956 37 29 of
668 1956 130 39 library
828 1958 240 30 associations”
1100 1958 267 40 förhandlingar
1396 1960 12 30 i
1437 1960 145 31 London
1613 1961 68 30 den

376 2004 129 31 20—24
545 2006 204 40 september.
788 2007 14 30 I
841 2008 203 39 anslutning
1083 2008 52 30 till
1175 2009 313 40 förhandlingarna
1526 2012 154 29 träffade

375 2056 349 31 överbibliotekarien
751 2058 89 30 efter
867 2059 288 39 överläggningar
1183 2060 78 30 med
1289 2062 164 37 engelska
1479 2062 202 30 biblioteks-

375 2106 118 31 chefer
517 2108 226 38 preliminära
769 2109 360 31 överenskommelser
1154 2111 78 29 med
1257 2111 89 30 flera
1372 2112 163 38 engelska
1559 2112 122 30 biblio-

374 2157 59 29 tek
455 2167 56 20 om
532 2157 81 40 byte
636 2168 42 20 av
699 2159 160 30 officiellt
881 2160 63 29 och
967 2161 255 39 vetenskapligt
1244 2162 112 39 tryck.
