1880 2808
263 132 18 29 4
708 139 273 30 Statsutskottets
1006 140 176 30 utlåtande
1207 150 41 21 nr
1264 142 69 29 181.

267 221 10 29 i
297 221 174 30 bokförda
490 222 118 29 värdet
629 222 20 30 å
670 226 128 28 statens
815 223 161 36 samtliga
997 224 108 30 aktier
1126 224 11 30 i
1158 225 91 30 detta
1270 225 110 36 bolag.
1403 225 133 31 Statens
1557 225 151 31 innehav
1729 236 41 21 av

267 263 107 29 aktier
402 263 10 29 i
439 263 144 36 bolaget,
610 266 121 28 utöver
758 266 41 29 de
825 267 236 34 nyssnämnda
1088 266 116 31 såsom
1231 266 106 31 likvid
1364 268 56 29 för
1446 267 325 31 Kinnekulleverket

266 303 165 36 erhållna,
458 309 253 31 representerar
735 309 46 27 ett
805 307 180 30 nominellt
1011 309 65 29 och
1101 308 131 36 jämväl
1256 310 11 29 i
1291 310 371 35 statsräkenskaperna
1688 310 82 30 bok-

267 346 67 31 fört
357 348 105 29 värde
485 356 41 21 av
550 348 41 29 25
605 348 64 30 999
684 349 63 29 400
771 349 137 30 kronor.
933 350 49 30 Av
1005 350 152 35 bolagets
1182 351 76 31 hela
1281 351 226 36 aktiekapital
1530 351 21 31 å
1573 352 41 29 29
1630 353 63 29 200
1707 352 63 30 000

266 389 127 29 kronor
411 390 79 34 äger
508 392 108 28 staten
635 390 100 31 alltså
754 391 39 29 29
810 391 60 29 199
885 392 63 29 400
967 392 129 30 kronor
1112 394 79 29 med
1209 395 46 27 ett
1271 394 10 29 i
1300 394 371 36 statsräkenskaperna
1687 395 82 29 bok-

267 432 67 28 fört
352 432 105 29 värde
476 441 41 20 av
535 432 40 29 29
590 432 64 30 238
672 433 64 29 459
756 432 127 31 kronor
901 434 42 29 95
963 435 65 28 öre.

310 473 77 30 Med
409 473 174 30 anlitande
605 484 42 20 av
670 475 41 29 de
734 475 165 30 kontanta
922 476 120 35 medel,
1064 476 94 31 vilka
1181 484 120 28 genom
1324 480 128 28 statens
1475 477 295 37 aktieteckningar

266 514 137 30 tillförts
424 515 143 36 bolaget,
589 516 64 29 har
673 516 133 36 bolaget
827 517 58 31 vid
905 517 193 36 Kvarntorp
1119 519 10 29 i
1152 519 112 29 Närke
1284 519 143 36 uppfört
1448 519 248 37 anläggningar
1717 522 55 28 för

266 557 254 36 framställning
543 567 42 20 av
610 558 73 36 olja
706 568 42 20 ur
771 558 132 31 skiffer.
932 559 118 31 Såsom
1075 560 155 36 framgår
1253 571 41 20 av
1319 562 66 30 den
1410 561 142 37 tidigare
1578 562 191 36 redogörel-

266 608 57 21 sen
348 600 46 29 ha
419 600 233 31 kostnaderna
678 601 119 30 härför
821 601 146 36 uppgått
992 602 50 30 till
1066 604 157 29 avsevärt
1247 604 104 34 högre
1376 603 125 37 belopp
1527 613 79 21 men
1632 604 137 36 anlägg-

265 641 169 35 ningarna
455 641 130 36 jämväl
607 642 137 30 erhållit
765 653 42 20 en
827 645 109 28 större
959 645 402 35 produktionskapacitet
1382 647 45 29 än
1448 656 76 20 som
1545 646 58 30 vid
1625 647 143 29 medels-

265 683 267 36 anvisningarna
554 685 196 30 beräknats.
774 685 61 36 Jag
857 685 115 30 finner
994 686 73 30 icke
1091 687 186 36 anledning
1298 691 50 26 att
1369 686 10 30 i
1402 688 93 30 detta
1514 689 256 35 sammanhang

265 727 159 28 närmare
448 726 79 35 ingå
552 726 44 36 på
621 726 123 36 frågan
769 737 56 20 om
850 728 99 30 dessa
975 728 191 31 avvikelser
1191 728 77 31 från
1293 730 40 29 de
1357 730 243 36 ursprungliga
1625 731 142 35 utbygg-

268 767 269 35 nadsplanerna,
568 767 95 31 vilka
695 769 189 29 avvikelser
917 778 102 27 synas
1051 770 276 37 huvudsakligen
1360 772 46 29 ha
1440 771 178 31 föranletts
1652 782 42 20 av
1728 772 39 29 de

267 810 104 29 under
391 810 246 35 utbyggnaden
655 809 153 32 rådande
827 811 265 32 förhållandena
1112 814 65 29 och
1198 812 214 36 svårigheten
1433 816 48 28 att
1500 814 53 30 för
1573 815 115 29 denna
1707 814 62 31 dit-

264 852 65 30 tills
350 853 65 29 här
435 853 10 29 i
464 852 116 30 landet
599 852 81 36 föga
702 854 113 29 kända
836 853 219 36 tillverkning
1075 856 157 34 uppgöra
1250 855 159 31 hållbara
1429 856 339 35 förhandskalkyler.

265 893 198 30 Emellertid
494 894 56 31 må
580 895 157 35 nämnas,
770 898 47 27 att
847 895 105 36 enligt
981 897 152 35 bolagets
1165 897 184 36 bokföring
1380 898 101 29 dessa
1509 897 259 37 anläggningar,

264 935 73 30 däri
361 935 192 31 inräknade
580 937 91 30 vissa
697 937 113 30 såsom
834 938 259 36 rörelsekapital
1119 939 200 30 redovisade
1346 939 191 36 tillgångar,
1564 941 115 29 kostat
1705 940 62 29 till-

263 978 91 35 hopa
379 978 42 30 36
435 979 63 29 003
513 979 62 29 239
600 979 130 29 kronor
755 980 40 29 84
820 981 57 28 öre
901 981 66 29 och
992 980 103 36 enligt
1120 981 151 35 bolagets
1296 982 141 29 bokslut
1461 982 54 30 för
1538 982 229 35 räkenskaps-

263 1019 70 30 året
355 1021 14 28 1
391 1019 63 36 juli
478 1020 171 30 1942—30
666 1020 77 36 juni
764 1022 82 29 1943
865 1031 145 21 numera
1028 1022 206 31 nedskrivits
1254 1023 49 30 till
1321 1026 47 28 ett
1386 1024 106 29 värde
1510 1033 41 20 av
1571 1024 40 29 28
1628 1025 63 28 778
1708 1024 60 29 180

263 1062 126 29 kronor
419 1063 40 29 78
485 1064 66 28 öre.
578 1062 108 32 Dessa
712 1063 286 36 nedskrivningar
1023 1065 44 29 ha
1094 1064 227 36 möjliggjorts
1345 1074 125 26 genom
1496 1066 65 29 den
1587 1066 179 29 hittillsva-

262 1104 105 29 rande
390 1104 267 36 prissättningen
680 1105 19 31 å
720 1105 150 36 bolagets
893 1107 196 34 produkter,
1114 1107 94 29 vilka
1228 1107 274 36 huvudsakligen
1522 1107 82 30 sålts
1626 1107 51 30 till
1699 1107 67 30 för-

262 1147 248 29 svarsmakten.

307 1188 111 30 Sedan
437 1188 184 36 riksdagen
638 1188 38 31 år
698 1190 81 29 1943
797 1189 49 30 till
865 1188 59 32 lån
943 1189 34 31 åt
994 1190 135 36 bolaget
1147 1191 55 30 för
1219 1191 194 35 ytterligare
1431 1192 200 34 utbyggnad
1650 1201 41 20 av
1709 1193 57 28 bo-

263 1230 103 35 lagets
392 1230 248 37 anläggningar
666 1230 134 31 anvisat
822 1234 47 27 ett
894 1232 118 35 anslag
1037 1243 42 20 av
1104 1233 42 29 25
1161 1232 62 30 600
1238 1233 62 29 000
1326 1233 139 35 kronor,
1492 1234 38 29 är
1553 1234 137 35 bolaget
1714 1234 54 29 för

262 1273 214 29 närvarande
495 1272 11 29 i
524 1272 78 31 färd
621 1274 79 29 med
719 1276 48 27 att
785 1274 185 30 verkställa
987 1275 115 30 denna
1119 1275 209 35 utbyggnad,
1346 1275 117 30 vilken
1482 1276 172 29 beräknas
1672 1278 96 27 snart

262 1324 80 20 vara
361 1314 159 30 slutförd.

304 1355 64 31 Vid
393 1356 67 29 den
485 1356 184 36 utredning
692 1358 148 29 rörande
863 1357 107 30 bland
995 1360 105 27 annat
1125 1357 267 36 prissättningen
1416 1358 20 30 å
1461 1358 206 36 skifferolja,
1693 1368 74 21 som

261 1407 143 21 numera
425 1398 194 30 verkställts
640 1408 44 20 av
705 1398 136 31 särskilt
862 1399 210 30 förordnade
1092 1399 296 36 utredningsmän,
1410 1400 47 30 ha
1477 1401 99 29 dessa
1597 1402 170 28 beräknat

262 1440 151 35 bolagets
445 1439 284 36 driftkostnader,
762 1440 175 30 exklusive
967 1442 118 28 räntor
1119 1442 65 29 och
1217 1441 272 36 avskrivningar,
1522 1451 59 26 per
1614 1439 48 33 m”
1697 1442 70 36 olja

260 1482 50 29 till
331 1482 64 29 250
416 1482 138 30 kronor.
575 1482 159 35 Bolagets
756 1483 138 35 styrelse
915 1484 66 29 har
999 1482 116 31 funnit
1135 1483 113 31 denna
1268 1484 250 35 uppskattning
1539 1484 226 36 välgrundad.

261 1523 51 31 Då
338 1523 105 36 enligt
470 1523 118 31 hittills
616 1523 200 37 tillämpade
843 1524 111 36 priser
978 1525 135 35 bolaget
1140 1526 54 29 för
1221 1526 50 29 sin
1299 1525 70 36 olja
1395 1525 148 31 erhåller
1568 1527 10 29 i
1605 1526 161 30 medeltal

261 1565 159 37 omkring
444 1566 64 30 500
530 1567 129 29 kronor
681 1575 62 27 per
765 1563 58 38 m”,
846 1567 46 29 ha
914 1566 354 36 utredningsmännen
1292 1566 118 30 vidare
1433 1567 179 36 beräknat,
1638 1570 50 27 att
1711 1567 57 30 vid

260 1607 185 31 bibehållet
477 1608 68 36 pris
575 1609 68 29 den
676 1608 226 32 kvarstående
933 1609 419 36 anläggningskostnaden
1383 1609 58 31 vid
1473 1610 196 37 Kvarntorp
1701 1611 64 30 och

261 1650 205 30 Kinnekulle
481 1654 90 27 samt
587 1651 66 29 den
669 1661 48 20 nu
734 1650 174 36 pågående
924 1652 244 35 utbyggnaden
1184 1652 57 30 vid
1258 1651 196 37 Kvarntorp
1470 1653 110 30 skulle
1597 1662 83 22 vara
1696 1652 69 30 helt

260 1693 185 29 avskrivna
468 1693 109 29 under
600 1692 289 36 räkenskapsåret
916 1688 147 40 1947/48.

303 1734 52 30 Då
382 1734 58 31 det
466 1734 76 30 icke
568 1735 70 29 kan
666 1738 151 32 antagas,
846 1737 48 28 att
922 1735 134 36 bolaget
1082 1736 112 30 under
1221 1736 156 30 normala
1405 1735 247 31 förhållanden
1679 1737 85 29 skall

260 1777 118 29 kunna
401 1793 46 3 —-—
469 1777 12 29 i
505 1777 218 30 konkurrens
749 1778 76 28 med
850 1778 186 29 utländska
1060 1777 230 30 leverantörer
1313 1795 45 3 —
1383 1778 57 30 för
1461 1778 55 29 sin
1539 1778 71 36 olja
1634 1778 131 31 erhålla

258 1821 46 26 ett
327 1818 69 35 pris
420 1828 76 21 som
517 1828 58 20 ens
598 1817 127 31 förslår
747 1821 56 33 att,
827 1819 108 35 jämte
958 1819 163 35 täckning
1144 1830 42 20 av
1208 1819 151 36 bolagets
1383 1819 135 32 direkta
1540 1820 223 31 driftkostna-

259 1861 68 34 der,
350 1861 128 29 bereda
501 1859 179 37 möjlighet
702 1861 50 30 till
775 1860 271 36 avskrivningar,
1070 1861 95 35 långt
1188 1861 133 31 mindre
1344 1862 118 30 lämna
1485 1861 113 37 någon
1621 1865 99 28 ränta
1744 1863 20 30 å

259 1902 55 29 det
334 1902 10 29 i
365 1902 152 35 bolagets
538 1902 247 36 anläggningar
805 1903 171 35 nedlagda
997 1903 174 35 kapitalet,
1194 1913 98 20 anser
1312 1903 59 36 jag
1391 1904 8 29 i
1422 1904 109 31 likhet
1550 1906 81 29 med
1650 1906 113 29 utred-

259 1944 252 35 ningsmännen
538 1954 43 20 en
610 1945 171 29 snabbare
807 1945 222 35 avskrivning
1057 1954 42 21 av
1128 1945 152 36 bolagets
1306 1946 184 36 tillgångar
1517 1948 85 29 böra
1630 1948 62 29 ske
1720 1949 44 28 än

259 1995 73 20 som
353 1987 39 29 är
412 1985 121 36 möjlig
553 1986 58 30 vid
631 1988 201 29 nuvarande
853 1987 223 35 prissättning
1096 1986 20 31 å
1138 1988 150 35 bolagets
1310 1988 199 35 produkter.
1532 1989 65 35 Jag
1617 1990 38 29 är
1676 1989 86 35 jäm-

257 2028 54 29 väl
334 2029 78 29 med
434 2027 354 37 utredningsmännen
811 2038 79 21 ense
911 2030 133 34 därom,
1067 2032 49 27 att
1139 2030 66 30 den
1228 2029 144 32 sålunda
1395 2031 198 30 önskvärda
1615 2031 147 30 förkort-

257 2069 125 36 ningen
404 2079 42 21 av
467 2070 334 36 avskrivningstiden
820 2071 75 30 icke
915 2071 184 36 lämpligen
1121 2073 63 29 bör
1203 2071 259 31 åstadkommas
1483 2080 122 28 genom
1624 2082 43 20 en
1688 2073 74 35 höj-

258 2112 81 35 ning
357 2122 43 20 av
420 2111 183 36 oljepriset.

302 2154 92 30 Enär
416 2153 145 32 sålunda
583 2155 40 29 de
644 2154 11 30 i
676 2155 150 35 bolagets
848 2155 126 30 rörelse
995 2155 195 35 inflytande
1209 2156 135 30 medlen
1365 2156 75 30 icke
1462 2157 141 29 komma
1624 2159 49 29 att
1694 2158 67 29 för-

257 2195 49 31 slå
325 2196 50 30 till
391 2196 69 30 den
476 2196 171 30 snabbare
666 2196 230 36 avskrivning,
916 2207 75 20 som
1007 2197 57 36 jag
1081 2207 81 26 nyss
1182 2198 163 35 förordat,
1364 2197 110 32 måste
1492 2198 55 30 för
1563 2199 200 30 ändamålet

257 2238 108 30 andra
388 2239 113 29 medel
523 2238 134 31 anlitas.
684 2238 357 36 Utredningsmännen
1064 2240 46 28 ha
1134 2239 211 30 härutinnan
1369 2240 185 36 föreslagit,
1580 2243 49 27 att
1651 2244 112 27 staten

257 2279 238 30 efterskänker
523 2280 54 30 sitt
606 2279 51 30 till
685 2280 133 36 bolaget
847 2281 161 30 lämnade
1036 2281 56 30 lån
1121 2280 21 31 å
1170 2282 41 29 25
1225 2282 62 29 600
1301 2282 63 29 000
1394 2283 139 34 kronor,
1562 2282 200 36 varigenom

256 2321 135 35 bolaget
410 2322 140 30 beredes
571 2322 181 36 möjlighet
772 2326 48 26 att
838 2323 186 30 verkställa
1044 2323 222 36 avskrivning
1285 2325 80 29 med
1386 2334 134 21 samma
1539 2325 137 36 belopp.
1699 2325 63 36 Jag

256 2363 112 30 finner
389 2364 72 35 mig
482 2365 85 30 böra
586 2364 137 31 biträda
746 2364 90 30 detta
858 2364 129 36 förslag
1009 2366 64 29 och
1095 2365 160 30 förordar
1275 2364 131 32 således
1428 2366 120 35 tillika,
1571 2369 49 27 att
1642 2367 119 36 anslag

256 2405 53 30 för
334 2415 42 20 en
403 2408 73 27 mot
500 2406 306 30 efterskänkandet
833 2407 168 30 svarande
1027 2407 222 36 avskrivning
1274 2408 9 29 i
1311 2408 366 37 statsräkenskaperna
1705 2410 54 29 be-

256 2449 95 33 gäres
370 2456 42 21 av
431 2446 192 37 riksdagen.
