2228 2616
682 145 400 34 Konstitutionsutskottete
1105 145 169 34 utlåtande
1297 143 53 33 Nr
1374 145 51 32 18.
1837 144 13 31 1

966 615 70 43 Nr
1078 615 75 42 18.

858 723 110 26 Ankom
990 723 42 26 till
1052 723 179 32 Riksdagens
1252 723 92 26 kansli
1363 722 55 27 den
1438 722 35 28 30
1494 730 75 19 mars
1591 722 66 27 1911
1679 722 38 27 kl.
1738 722 16 27 3
1774 731 23 18 e.
1819 731 36 18 m.

577 814 436 54 Konstitutionsutskottets
1032 814 190 44 utlåtande,
1250 814 13 35 i
1283 813 185 46 anledning
1488 813 49 44 af
1549 815 122 35 väckta
1690 814 166 36 motioner

684 889 52 23 om
765 878 113 35 sådan
907 878 150 44 ändring
1087 877 47 43 af
1156 877 25 46 $
1209 878 72 33 114
1310 875 323 47 regeringsformen,
1656 880 51 32 att
1724 877 131 35 ridder-

683 941 137 45 skapets
848 940 57 35 och
936 939 120 37 adelns
1069 943 72 32 rätt
1155 939 53 36 till
1218 943 71 32 veto
1303 940 14 34 i
1326 939 308 45 privilegiefrågor
1648 939 206 46 upphäfves.

364 1101 18 35 I
411 1113 45 23 en
485 1100 96 37 inom
612 1101 127 36 Första
768 1100 208 37 kammaren
1004 1100 118 46 väckt,
1153 1101 56 36 till
1225 1100 439 37 konstitutionsutskottet
1680 1100 175 37 hänvisad

259 1153 145 46 motion,
436 1167 43 23 nr
510 1157 60 42 97,
602 1155 64 35 har
695 1155 83 35 herr
815 1154 161 46 Hellberg
1005 1155 192 44 hewmställt,
1229 1158 52 32 att
1316 1154 231 47 »Riksdagen
1577 1157 109 34 måtte
1716 1155 140 36 besluta

259 1208 111 36 sådan
399 1208 154 47 ändring
582 1208 40 35 af
647 1209 21 45 8
702 1211 72 32 114
804 1208 336 47 regeringsformen,
1171 1211 52 33 att
1252 1207 251 48 ridderskapet
1538 1209 65 35 och
1633 1209 124 35 adelns
1786 1208 69 48 pri-

259 1261 160 47 vilegier,
463 1261 191 45 förmåner,
698 1261 214 47 rättigheter
953 1262 69 35 och
1060 1261 150 36 friheter
1239 1262 125 35 kunna
1393 1265 84 32 utan
1509 1261 252 48 ridderskapet
1789 1262 66 35 och

258 1315 125 36 adelns
411 1314 104 37 bifall
544 1316 130 35 ändras
702 1315 87 36 eller
816 1315 204 47 upphäfvas
1042 1329 13 19 »

365 1368 227 37 Motionären
622 1369 63 35 har
714 1368 174 49 därjämte
918 1368 160 45 anhållit,
1109 1372 53 33 att
1181 1368 442 37 konstitutionsutskottet
1642 1370 110 35 måtte
1769 1369 87 35 före-

258 1423 53 36 slå
340 1423 69 35 den
437 1422 55 36 för
521 1423 61 35 det
612 1422 147 48 angifna
788 1422 110 48 syftet
927 1422 236 48 erforderliga
1191 1421 201 48 ändringen
1419 1422 13 36 i
1461 1422 233 48 paragrafens
1724 1422 131 37 formu-

259 1476 128 48 lering.

365 1530 70 36 Till
464 1531 81 35 stöd
574 1530 55 37 för
657 1530 64 37 sitt
750 1530 134 47 förslag
912 1531 65 35 har
1006 1529 223 37 motionären
1259 1529 119 37 anfört
1406 1530 174 49 följande:

373 1584 116 48 »Fyra
530 1586 136 46 gånger
707 1584 94 36 efter
847 1586 98 34 1865
989 1586 58 34 års
1085 1583 436 48 representationsreform
1552 1585 66 35 har
1646 1583 209 48 Riksdagen

260 1637 176 47 enhälligt
465 1637 168 45 beslutat,
664 1641 52 33 att
744 1637 271 48 ridderskapets
1044 1638 66 35 och
1139 1637 123 36 adelns
1292 1637 403 48 domstolsprivilegium
1722 1637 11 36 i
1756 1637 97 44 arfs-,

260 1694 224 33 testaments-
526 1691 66 35 och
635 1691 393 48 förmynderskapsmål
1070 1691 91 35 skall
1202 1691 175 47 upphöra.
1434 1690 92 36 Lika
1567 1693 126 45 många
1721 1693 136 45 gånger

261 1745 65 35 har
369 1745 79 35 dess
490 1744 123 36 beslut
654 1744 195 36 förkastats
891 1745 39 34 af
968 1744 220 36 adelsmötet.
1246 1744 78 36 Och
1355 1744 11 34 i
1395 1746 39 33 år
1476 1744 65 35 har
1574 1743 209 48 Riksdagen
1812 1746 44 45 på

256 1797 473 48 justitieombudsmannens
772 1798 133 47 förslag
946 1797 154 48 nödgats
1142 1798 117 35 vända
1301 1796 55 48 sig
1393 1797 55 36 till
1476 1797 134 47 Kungl.
1642 1796 106 49 Maj:t
1777 1798 80 35 med

260 1852 158 46 begäran
446 1864 55 23 om
532 1851 99 48 hjälp
661 1852 54 36 för
744 1855 53 32 att
826 1852 36 35 få
890 1852 60 35 det
978 1851 157 35 nämnda
1163 1850 206 48 privilegiet
1396 1851 214 47 upphäfdt.

367 1905 71 36 Det
476 1905 241 47 privilegium,
749 1917 73 24 som
856 1904 412 48 folkrepresentationen
1296 1904 94 48 gjort
1418 1904 56 47 sig
1503 1906 39 34 så
1570 1904 154 48 mycken
1754 1905 102 35 möda

259 1962 55 32 att
344 1958 36 36 få
409 1958 207 45 afskaffadt,
648 1964 49 39 är,
727 1971 56 24 om
814 1964 45 30 än
880 1959 60 35 det
960 1958 196 47 viktigaste
1175 1959 66 34 och
1262 1960 91 34 mest
1372 1958 375 47 uppmärksammade,
1765 1958 91 35 dock

258 2011 76 37 inte
363 2012 61 35 det
451 2012 93 36 enda
573 2011 340 48 adelsprivilegium,
944 2024 74 23 som
1049 2013 162 34 återstår.

367 2064 11 34 I
422 2066 69 34 den
540 2065 217 47 >»utredning
799 2066 150 34 rörande
991 2064 253 47 ridderskapet
1281 2065 67 34 och
1387 2064 123 35 adelns
1540 2063 218 48 privilegier,
1791 2064 65 35 för-

260 2119 134 42 måner,
425 2117 214 47 rättigheter
667 2119 66 34 och
763 2117 160 45 friheter,
955 2117 126 36 hvilka
1109 2117 87 35 böra
1225 2128 105 24 anses
1350 2122 66 41 äga
1435 2117 167 46 gällande
1623 2116 136 44 kraft»,
1782 2128 73 24 som

259 2173 44 45 på
346 2171 167 47 uppdrag
555 2171 40 35 af
620 2170 424 37 riddarhusdirektionen
1073 2170 65 36 har
1167 2169 123 36 blifvit
1319 2169 196 37 verkställd
1544 2170 40 35 af
1608 2170 103 35 Hans
1740 2170 117 35 H:son

261 2223 278 37 Wachtmeister
568 2225 67 34 och
669 2227 97 32 1886
798 2223 166 47 utgifvits
993 2224 40 35 af
1058 2223 152 47 trycket,
1234 2222 273 37 sammanfattas
1528 2223 103 36 dessa
1651 2222 206 48 privilegier

259 2278 11 35 i
300 2282 54 32 tre
383 2289 175 36 grupper:

303 2338 76 33 Bih.
395 2338 48 33 till
453 2337 115 33 Riked.
579 2341 84 38 prot.
683 2341 95 30 1911,
816 2341 21 29 3
862 2338 98 33 Saml,
999 2340 18 30 1
1032 2337 78 41 Afd.
1145 2340 41 29 15
1201 2336 94 40 Häft.
1337 2337 67 41 (Nr
1427 2338 69 41 19).
1796 2338 15 30 1
