2271 2771
491 233 19 30 2
666 234 114 32 Andra
805 234 206 33 Kammarens
1039 237 166 43 Tillfälliga
1233 239 128 32 Utskotts
1385 240 74 42 (N:o
1483 242 29 42 1)
1542 242 162 34 Utlåtande
1726 245 63 32 N:o
1812 247 52 32 40.

600 311 160 33 Likasom
783 313 312 43 läkarebildningen
1119 316 60 32 har
1203 318 49 30 sin
1275 322 90 37 spets
1382 319 48 31 uti
1446 320 256 35 läkarekonstens
1717 325 176 40 praktiska
1909 329 163 42 utöfning,

441 358 43 30 så
518 358 105 29 måste
657 356 148 33 lärarens
829 358 159 42 bildning,
1013 359 102 32 innan
1138 360 66 31 han
1231 365 97 38 utgår
1349 363 11 30 i
1383 363 105 38 lifvet,
1514 376 79 21 vara
1615 366 249 42 kompletterad
1887 382 117 30 genom
2031 384 39 20 en

447 398 171 33 inhemtad
640 399 155 42 kunskap
820 401 60 32 och
904 402 115 42 öfning
1041 403 12 30 i
1076 403 415 43 undervisningskonsten.
1536 408 53 32 En
1612 410 294 43 bildningsanstalt
1934 415 50 32 för
2008 416 62 32 den

447 442 139 32 sednare
610 448 37 26 är
670 443 98 32 alltså
790 444 70 32 lika
882 445 193 43 nödvändig
1097 458 71 20 som
1192 459 40 20 en
1257 449 102 31 sådan
1383 451 124 31 anstalt
1530 452 51 31 för
1605 453 63 32 den
1691 454 96 33 förre.

598 486 131 42 Frågan
764 493 37 26 är
835 488 100 32 dock:
970 490 81 30 huru
1085 491 60 31 bör
1179 502 40 20 en
1254 493 293 42 bildningsanstalt
1580 496 51 32 för
1664 498 107 32 lärare
1796 511 78 20 vara
1899 501 170 33 inrättad?

446 529 68 31 Bör
549 529 64 32 den
636 530 94 32 bestå
753 532 48 31 uti
825 543 41 20 en
888 533 205 42 pedagogisk
1116 535 186 40 profession
1325 538 57 31 vid
1406 538 124 41 Upsala
1564 541 207 39 universitet,
1803 547 110 28 såsom
1946 541 123 51 Kongl.

445 572 95 42 Maj:t
562 573 57 32 vid
642 574 88 31 förra
753 577 88 29 årets
865 576 137 42 riksdag
1024 577 153 42 föreslog,
1203 579 81 32 eller
1307 581 59 31 bör
1391 581 63 32 den
1477 582 95 33 bestå
1593 584 11 30 i
1628 595 39 20 en
1692 587 236 39 normalskola,
1962 592 107 30 såsom

445 615 91 32 Herr
557 616 126 33 Leffler
705 629 45 20 nu
773 618 193 43 föreslagit?

597 660 177 33 Utskottet
806 662 68 37 har,
909 664 106 31 under
1049 665 197 41 pröfningen
1270 667 35 31 af
1325 667 91 32 detta
1440 670 132 38 ärende,
1598 671 142 32 kommit
1763 673 51 31 till
1837 674 63 31 den
1923 677 145 41 mening,

444 707 50 27 att
521 703 165 33 hvardera
720 705 36 31 af
786 705 96 33 dessa
914 707 229 33 institutioner
1176 714 98 36 utgör
1307 711 86 32 blott
1426 724 35 20 en
1495 714 49 31 del
1572 714 36 31 af
1627 715 64 31 den
1714 717 123 31 anstalt
1858 729 77 20 man
1959 716 108 49 söker,

444 748 296 39 representerande
765 749 85 32 blott
872 750 83 32 hvar
979 752 51 30 sin
1054 752 70 31 sida
1148 753 35 30 af
1203 753 62 31 den
1289 755 158 41 bildning,
1473 757 139 31 hvarom
1636 764 37 25 är
1694 759 100 41 fråga,
1820 761 60 31 och
1898 762 58 31 bör
1971 763 99 33 alltså

444 800 41 19 en
518 790 198 41 fullständig
749 792 294 40 bildningsanstalt
1072 795 51 30 för
1145 796 107 30 lärare
1276 803 145 35 upptaga
1444 800 81 29 båda
1549 800 39 30 de
1613 807 155 32 moment,
1805 814 70 20 som
1898 804 61 31 här
1981 806 87 30 före-

442 831 97 43 ligga,
564 832 82 32 eller
669 833 93 32 såväl
786 834 63 32 den
872 835 206 34 theoretiska
1100 838 249 43 undervisning,
1374 840 139 33 hvilken
1537 843 126 42 åsyftas
1679 845 75 31 med
1772 845 63 32 den
1851 846 217 34 akademiska

443 875 189 39 lärostolen,
658 888 71 20 som
753 877 63 32 den
839 880 176 39 praktiska
1039 881 121 42 öfning,
1186 882 138 32 hvilken
1347 884 239 34 företrädesvis
1610 888 85 31 afses
1715 889 76 31 med
1808 891 256 32 normalskolan.

594 919 120 32 Denna
746 922 133 40 uppgift
912 923 119 38 skulle,
1067 935 100 29 synes
1203 925 63 38 det,
1302 927 133 32 enklast
1468 929 87 31 lösas
1589 930 145 38 dermed,
1765 936 49 27 att
1837 933 57 31 vid
1918 934 93 32 sidan
2034 936 37 30 af

441 961 230 42 professionen
706 963 61 32 och
801 965 107 31 under
938 966 74 32 dess
1035 967 137 42 ledning
1195 969 136 32 ställdes
1355 982 41 20 en
1420 972 145 32 särskild
1589 974 103 36 skola,
1716 975 137 32 hvarest
1875 977 190 32 lärarekan-

442 1005 172 32 didaterna
651 1007 89 41 finge
774 1008 172 40 praktiskt
986 1010 151 42 tillämpa
1178 1011 39 32 de
1257 1013 212 33 föreskrifter
1508 1016 192 40 professorn
1737 1018 135 32 lemnat.
1929 1020 45 33 Så
2007 1021 59 32 har

441 1049 101 32 också
575 1050 104 31 saken
713 1051 111 32 blifvit
858 1053 126 32 ordnad
1017 1054 11 31 i
1062 1055 81 31 flera
1165 1055 207 34 främmande
1396 1058 125 39 länder,
1559 1060 99 32 bland
1688 1061 117 32 hvilka
1828 1066 54 29 må
1906 1065 160 31 särskildt

441 1097 140 27 nämnas
604 1093 154 32 Finland.

593 1136 176 32 Utskottet
803 1137 60 32 har
887 1138 85 32 dock
996 1139 111 33 funnit
1128 1144 120 39 många
1271 1143 272 42 betänkligheter
1567 1151 88 27 emot
1679 1158 41 21 en
1744 1149 102 31 sådan
1869 1151 194 41 anordning,

440 1178 27 41 ej
504 1178 85 32 blott
621 1180 76 31 med
731 1180 155 33 afseende
921 1185 19 28 å
973 1182 39 32 de
1041 1188 89 27 stora
1153 1185 190 40 kostnader,
1369 1198 71 21 som
1463 1194 58 26 äro
1545 1189 139 33 härmed
1707 1191 165 38 förenade,
1897 1199 81 26 utan
2003 1196 62 31 ock

439 1227 89 25 emot
557 1222 98 32 saken
678 1224 11 30 i
713 1224 60 31 och
796 1224 50 31 för
871 1226 58 40 sig.
967 1226 52 31 En
1044 1227 84 32 enda
1148 1229 168 40 professor
1335 1231 10 30 i
1361 1231 231 41 pedagogiken
1609 1234 108 31 skulle
1734 1237 200 40 näppeligen
1951 1238 114 32 kunna

439 1264 152 42 bibringa
624 1266 353 33 lärarckandidaterna
1006 1269 63 32 den
1103 1272 143 39 spociela
1269 1273 102 40 insigt
1393 1274 11 30 i
1428 1274 113 40 hvarje
1565 1276 188 32 läroämnes
1776 1279 214 32 methodiska
2012 1286 52 26 ut-

439 1307 121 42 öfning,
586 1319 70 21 som
680 1309 61 31 här
764 1310 175 39 erfordras,
963 1316 81 28 utan
1066 1317 105 28 måste
1195 1315 83 32 hans
1301 1316 242 42 undervisning
1565 1319 134 31 komma
1716 1325 48 26 att
1780 1321 284 43 hufvudsakligen

439 1350 116 32 beröra
584 1351 63 32 den
671 1352 226 42 pedagogiska
923 1356 226 41 vetenskapen
1171 1358 11 31 i
1206 1358 75 32 dess
1304 1359 238 42 allmänlighet.
1580 1362 74 31 Här
1677 1363 108 32 skulle
1811 1365 62 31 ock
1894 1368 170 30 sannolikt

436 1393 107 32 under
576 1398 97 28 årens
707 1396 78 40 lopp
821 1397 126 32 utbilda
977 1399 50 41 sig
1061 1399 195 33 doktrinära
1278 1402 321 43 föreställmingssätt
1622 1406 60 30 och
1705 1417 41 20 en
1770 1408 194 41 ensidighet,
1992 1421 69 20 som

437 1447 72 21 mer
543 1443 41 25 än
618 1439 221 40 någonstädes
873 1444 43 37 på
949 1441 90 32 detta
1073 1444 132 31 område
1241 1445 59 31 bör
1330 1446 175 32 undvikas.
1531 1467 41 3 —
1594 1448 276 34 Normalskolans
1893 1452 170 42 lärjungar

438 1479 108 33 blefve
571 1482 342 40 experimentalfältet
935 1484 52 32 för
1003 1484 39 32 de
1058 1497 96 30 unga,
1180 1488 150 42 ständigt
1344 1490 166 31 vexlande
1527 1491 292 40 lärarekrafterna,
1845 1494 217 42 hvarigenom

438 1534 41 20 en
502 1524 102 31 sådan
628 1525 95 31 skola
745 1525 111 32 blefve
880 1527 59 31 allt
962 1534 101 26 annat
1086 1535 41 26 än
1151 1533 263 30 mönsterbilden
1435 1534 51 30 för
1510 1545 41 20 en
1573 1535 65 40 god
1660 1536 206 39 läroanstalt,
1892 1549 79 21 vore
1996 1539 66 31 hon

437 1566 100 32 också
560 1567 130 32 försedd
716 1568 77 31 med
817 1569 39 32 de
880 1570 95 32 bästa
994 1583 83 29 egna
1097 1573 117 32 lärare.
1253 1574 387 35 Lärarekandidaternas
1667 1578 225 43 pedagogiska
1915 1582 148 41 uppfatt-

435 1609 81 41 ning
546 1610 110 31 blefve
681 1611 133 32 bunden
837 1613 58 31 vid
926 1614 107 32 denna
1056 1616 84 31 enda
1161 1617 111 32 skolas
1297 1620 222 39 organisation
1545 1621 60 31 och
1628 1622 337 42 undervisningssätt,
2002 1627 60 30 och

434 1651 74 32 från
543 1653 107 31 denna
684 1665 42 20 en
759 1658 87 39 gång
879 1657 91 40 gifna
992 1669 95 20 norm
1111 1659 109 32 skulle
1245 1661 38 31 de
1308 1662 117 32 endast
1458 1663 77 31 med
1568 1665 170 41 svårighet
1763 1666 125 41 frigöra
1912 1668 57 41 sig.
2017 1668 46 33 Så

434 1695 110 32 blefve
578 1696 174 42 lätteligen
786 1699 95 32 öfver
913 1700 76 32 hela
1016 1702 105 31 rikets
1144 1703 363 43 undervisningsväsen
1543 1707 76 42 lagd
1643 1719 41 21 en
1707 1709 167 42 blytyngd
1897 1711 36 31 af
1952 1712 109 32 enfor-

433 1739 135 40 mighet,
594 1751 70 20 som
689 1746 93 27 snart
804 1743 109 31 blefve
937 1745 187 41 ensidighet
1147 1747 59 30 och
1237 1748 169 38 slentrian,
1439 1749 116 32 hvilka
1589 1752 109 31 skulle
1732 1753 124 40 qväfva
1885 1754 174 33 undervis-

434 1781 140 42 ningens
598 1783 114 36 friska,
749 1785 154 33 lefvande
939 1788 60 31 och
1032 1789 208 41 mångsidiga
1262 1788 205 49 utveckling.

585 1825 78 32 Med
688 1828 44 30 all
756 1828 141 42 aktning
919 1829 52 32 för
994 1830 39 32 de
1056 1831 207 33 främmande
1287 1834 214 33 föredömena
1535 1836 60 32 har
1617 1837 178 33 Utskottet
1817 1840 28 40 ej
1869 1840 91 32 velat
1982 1841 77 41 följa

434 1866 76 33 dem
545 1868 10 31 i
591 1869 90 31 detta
716 1871 178 38 hänsende,
930 1876 36 29 så
999 1875 137 40 mycket
1169 1876 129 32 mindre
1334 1889 70 20 som
1436 1878 176 33 Utskottet
1635 1881 189 33 föreställer
1848 1883 58 41 sig,
1932 1888 48 27 att
2004 1885 55 31 det

433 1910 97 32 sökta
552 1913 102 31 målet
677 1913 67 32 kan
769 1915 118 32 vinnas
911 1919 41 38 på
976 1921 48 27 ctt
1047 1922 100 27 annat
1171 1924 67 27 sätt
1260 1920 83 32 både
1367 1922 109 31 bättre
1501 1923 60 31 och
1585 1924 160 42 billigare.

584 1955 77 31 Den
695 1957 88 40 plan,
818 1969 70 20 som
923 1960 10 30 i
968 1960 60 41 thy
1052 1961 57 31 fall
1131 1962 207 33 föresväfvat
1360 1965 184 38 Utskottet,
1569 1967 120 37 består,
1714 1969 50 30 uti
1787 1969 167 32 allmänna
1979 1970 80 42 drag

431 1996 152 38 tecknad,
611 1998 117 37 deruti,
754 2005 49 27 att
826 2001 64 32 den
914 2003 97 31 sökta
1036 2004 336 42 bildningsanstalten
1395 2009 244 42 (seminarium)
1664 2011 51 31 för
1737 2012 107 31 rikets
1862 2013 196 32 elementar-

430 2039 117 39 lärare,
573 2051 69 21 som
667 2042 59 31 bör
750 2043 99 32 hafva
871 2045 59 31 sitt
953 2051 71 26 säte
1048 2047 10 30 i
1081 2047 255 39 hufvudstaden,
1361 2051 92 32 ledes
1476 2052 127 32 öfverst
1626 2054 36 30 af
1679 2065 41 20 en
1737 2054 156 40 direktor,
1918 2056 139 32 hvilken

432 2082 111 32 dertill
565 2084 173 33 förordnas
762 2088 36 29 af
816 2087 121 42 Kongl.
962 2089 93 41 Maj:t
1077 2090 51 31 för
1151 2103 41 19 en
1216 2092 48 31 tid
1288 2094 35 30 af
1343 2094 97 41 högst
1462 2096 18 30 5
1505 2099 36 28 år
1563 2096 12 30 i
1598 2097 128 31 sender.
1765 2098 117 31 Denne
1908 2099 151 32 direktor

431 2125 161 33 föreläser
625 2128 60 31 och
720 2130 211 32 examinerar
955 2132 39 32 de
1017 2133 58 32 vid
1098 2144 41 21 en
1161 2135 69 31 viss
1254 2136 152 32 bestämd
1428 2137 49 32 tid
1499 2138 170 33 inskrifna
1705 2140 354 34 lärarekandidaterna

430 2168 49 31 uti
502 2169 248 42 pedagogikens
773 2173 207 33 theoretiska
1008 2176 61 31 och
1092 2176 182 33 historiska
1291 2179 99 38 delar,
1417 2181 84 31 efter
1517 2192 41 20 en
1574 2183 344 41 undervisningskurs
1935 2186 120 30 beräk-

431 2211 62 32 nad
526 2212 52 32 för
601 2218 48 27 ett
672 2217 43 29 år.
762 2215 163 34 Direktor
949 2218 105 32 vakar
1075 2219 12 31 i
1111 2221 102 41 öfrigt
1236 2222 95 32 öfver
1354 2223 260 33 kandidaternas
1639 2226 226 42 ordentlighet
1887 2228 12 31 i
1923 2228 134 41 uppfyl-

429 2254 113 32 landet
575 2256 36 31 af
630 2257 95 32 deras
749 2259 122 41 pligter
895 2266 87 27 samt
1005 2273 102 31 egnar
1132 2263 74 32 dem
1231 2264 64 33 den
1318 2267 155 40 gonerela
1499 2267 179 43 ledningen
1701 2270 11 31 i
1735 2270 155 32 afseende
1915 2273 19 30 å
1958 2271 98 32 deras

429 2298 176 39 praktiska
628 2301 160 41 öfningur.

579 2341 109 34 Dessa
711 2344 160 43 öfningar,
903 2347 156 33 förenade
1087 2349 75 32 med
1187 2349 64 33 den
1273 2352 143 40 speciela
1440 2353 217 34 methodiken
1680 2355 52 32 för
1755 2355 114 42 hvarje
1894 2357 163 32 särskildt

427 2384 189 38 läroämnes
639 2387 203 43 behandling
864 2391 7 29 i
898 2391 294 43 undervisningen,
1218 2394 146 42 försiggå
1386 2396 58 31 vid
1467 2396 264 34 hufvudstadens
1756 2399 122 39 skolor,
1902 2410 79 22 vare
2006 2401 51 41 sig
