1926 2864
495 180 396 32 Jordbruksutskottets
925 181 187 31 utlåtande
1145 181 50 31 Nr
1220 182 52 29 22.
1568 183 16 29 7

121 265 109 31 under
255 265 39 30 de
320 265 8 29 i
356 266 122 36 kungl.
506 266 117 30 brevet
648 266 63 30 den
740 267 39 29 29
805 267 70 35 maj
903 267 80 30 1874
1008 267 167 35 stadgade
1201 267 132 31 villkor
1357 270 90 29 samt
1470 269 74 30 med
1564 269 63 30 för-

123 316 112 31 behåll
271 326 55 21 om
363 319 70 29 rätt
468 318 52 29 för
558 318 213 30 innehavare
795 328 44 20 av
865 318 205 35 lägenheten
1100 316 221 38 Ängelsberg
1345 320 54 30 till
1428 320 199 35 utfartsväg

119 370 82 28 över
227 368 266 36 huvudgården.

161 437 121 31 Såsom
312 447 44 20 av
381 438 380 36 statsrådsprotokollet
787 439 155 35 framgår
967 439 92 30 hava
1084 440 430 35 uppskattningsmännen
1541 441 84 30 före-

118 488 118 36 slagit,
272 490 52 29 att
359 489 212 35 egendomen
606 489 117 30 skulle
758 490 86 30 efter
880 490 194 31 verkställd
1110 490 191 37 styckning
1325 491 163 36 försäljas
1513 492 11 29 i
1549 492 78 36 fyra

118 540 114 35 lotter,
268 540 181 36 nämligen
485 538 32 35 1)
546 540 265 36 huvudgården,
847 538 31 35 2)
903 541 209 36 lägenheten
1147 541 166 37 Svedjan,
1350 539 31 36 3)
1417 542 209 36 lägenheten

118 588 223 39 Ängelsberg
365 593 91 29 samt
480 589 33 35 4)
536 591 176 36 utskiftet,
739 592 111 31 vilket
875 592 131 36 förslag
1032 593 141 30 biträtts
1191 603 45 20 av
1253 593 262 36 länsstyrelsen.
1561 594 64 31 Do-

119 643 256 36 mänstyrelsen
408 644 74 29 åter
517 643 73 35 har,
627 643 77 31 med
741 643 257 31 instämmande
1033 654 45 20 av
1115 644 367 36 kammarkollegium,
1511 647 114 29 ansett

117 693 257 37 huvudgården
408 694 63 31 och
506 694 165 31 utskiftet
706 695 81 30 böra
823 695 162 36 försäljas
1020 696 113 30 såsom
1169 706 42 20 en
1236 696 75 30 lott.
1359 696 123 36 Kungl
1506 697 119 36 Maj:ts

117 745 131 37 förslag
271 745 160 32 ansluter
453 746 54 37 sig
530 746 58 32 till
613 746 209 32 sistberörda
845 747 240 36 uppfattning.

159 797 54 31 Då
246 798 195 31 emellertid
476 798 175 36 utskiftet,
687 808 74 21 som
794 801 38 28 är
867 799 138 36 beläget
1035 800 44 35 på
1103 800 18 30 5
1146 800 202 31 kilometers
1371 800 150 31 avstånd
1545 801 79 30 från

116 849 266 36 huvudgården,
419 850 62 30 har
515 860 42 21 en
592 850 94 30 areal
722 860 43 20 av
791 851 92 30 12.15
911 851 134 35 hektar,
1070 851 114 30 finner
1208 852 173 30 utskottet
1404 852 218 36 lämpligare,

115 902 53 29 att
207 900 193 31 detsamma
440 902 8 28 i
491 901 156 36 enlighet
692 902 76 30 med
805 902 449 35 uppskattningsmännens
1294 903 131 35 förslag
1464 903 159 36 försäljes

116 952 55 30 för
194 952 67 36 sig.

158 1004 17 29 I
198 1004 210 35 anslutning
433 1004 123 31 härtill
582 1005 203 30 hemställer
809 1005 180 35 utskottet,

559 1093 52 29 att
651 1091 188 37 riksdagen
878 1093 58 29 må
971 1092 174 36 medgiva,
1181 1092 74 31 dels
1289 1093 51 30 att
1375 1093 247 35 lägenheterna

514 1142 154 37 Svedjan
703 1143 63 31 och
800 1141 220 39 Ängelsberg
1051 1145 58 29 må
1132 1153 64 21 var
1220 1144 55 31 för
1298 1144 53 36 sig
1384 1144 78 31 med
1486 1145 13 30 i
1522 1146 101 30 stats-

515 1194 292 37 rådsprotokollet
841 1195 144 36 angivet
1020 1195 140 32 område
1197 1196 81 30 från
1301 1196 321 36 kronoegendomen

515 1245 39 43 >/s
579 1247 135 31 mantal
751 1247 155 32 Ulvared
936 1257 42 21 nr
1002 1249 18 28 1
1046 1247 13 30 i
1082 1247 195 32 Grovareds
1301 1248 127 31 socken
1451 1259 44 20 av
1520 1246 102 34 Älvs-

513 1300 103 34 borgs
655 1299 60 30 län
750 1299 163 36 försäljas
948 1299 112 36 enligt
1094 1299 163 36 gällande
1281 1299 155 36 grunder
1461 1300 54 31 för
1538 1310 83 27 upp-

514 1350 140 32 låtande
690 1360 44 21 av
769 1351 391 35 egnahemslägenheter
1188 1351 80 30 från
1291 1351 329 37 kronoegendomar,

556 1402 73 31 dels
666 1402 65 31 ock
765 1403 52 30 att
852 1402 166 31 utskiftet
1041 1404 166 29 ävensom
1231 1396 211 42 egendomen
1467 1403 13 31 i
1502 1404 119 36 övrigt

513 1455 58 30 må
605 1464 63 20 var
702 1454 54 31 för
791 1454 55 36 sig
869 1455 21 30 å
913 1454 162 36 offentlig
1095 1454 149 31 auktion
1268 1454 58 31 till
1350 1454 67 32 den
1440 1455 181 36 högstbju-

513 1506 111 31 dande
660 1506 163 36 försäljas
847 1506 112 31 under
980 1505 41 32 de
1038 1506 13 30 i
1067 1506 124 37 kungl.
1216 1507 121 31 brevet
1372 1506 66 32 den
1473 1507 40 31 29
1548 1508 71 36 maj

512 1559 83 30 1874
630 1557 165 37 stadgade
819 1558 133 31 villkor
975 1560 92 29 samt
1091 1558 79 31 med
1194 1558 173 31 förbehåll
1391 1568 56 22 om
1471 1560 71 30 rätt
1565 1559 55 31 för

513 1610 214 31 innehavare
763 1620 44 20 av
842 1610 206 36 lägenheten
1085 1608 216 38 Ängelsberg
1337 1610 56 31 till
1418 1611 200 36 utfartsväg

513 1664 83 28 över
621 1662 265 35 huvudgården.

154 1782 104 32 Emot
292 1783 41 31 de
368 1783 110 32 under
513 1784 200 36 punkterna
748 1784 83 30 3—9
866 1784 182 35 upptagna
1083 1784 357 36 framställningarna
1474 1785 63 29 har
1566 1786 52 29 ut-

111 1834 129 31 skottet
265 1834 76 31 icke
365 1835 76 31 haft
465 1836 108 36 något
597 1837 51 29 att
672 1835 126 36 erinra,
824 1835 119 31 varför
967 1836 171 30 utskottet
1162 1835 213 36 hemställer,

554 1924 52 29 att
630 1922 187 36 riksdagen
841 1923 57 29 må
921 1921 174 37 medgiva,

556 1971 32 37 3)
604 1975 52 30 att
668 1974 72 31 dels
753 1974 56 36 sju
821 1974 12 30 i
846 1973 384 37 statsrådsprotokollet
1242 1974 231 31 omförmälda
1484 1975 135 35 tomter,

511 2026 73 31 dels
607 2026 63 31 ock
693 2027 62 30 två
779 2026 12 30 i
815 2036 132 21 samma
971 2026 173 36 protokoll
1166 2027 160 35 angivna
1349 2026 200 37 lägenheter
1564 2036 56 21 om

511 2078 195 36 respektive
741 2079 93 31 6.233
870 2078 122 30 hektar
1015 2078 63 31 och
1102 2079 92 30 2.737
1233 2078 123 38 hektar
1391 2092 38 3 —
1455 2078 66 31 den
1543 2078 76 31 sist-

511 2130 155 31 nämnda
689 2130 77 31 med
791 2130 136 31 kronan
950 2129 161 37 tillhörig
1135 2131 105 35 stuga
1265 2144 38 3 —
1328 2131 59 30 må
1410 2130 208 36 kronoegen-

511 2182 124 31 domen
658 2182 19 30 8
701 2182 134 31 mantal
859 2181 191 37 Kungsbro
1067 2191 42 21 nr
1125 2183 19 30 1
1168 2182 13 30 i
1197 2181 108 32 Vreta
1320 2182 159 31 Klosters
1494 2182 124 31 socken

510 2244 44 20 av
578 2231 259 39 Östergötlands
861 2233 60 31 län
945 2233 207 37 frånskiljas
1168 2234 64 31 och
1244 2244 64 21 var
1320 2234 54 31 för
1386 2234 53 36 sig
1456 2233 161 37 försäljas

510 2285 111 37 enligt
656 2285 164 37 gällande
855 2285 155 37 grunder
1034 2286 54 30 för
1110 2285 215 37 upplåtande
1348 2296 45 21 av
1416 2285 201 37 egnahems-

509 2338 203 36 lägenheter
735 2338 81 31 från
840 2337 321 37 kronoegendomar
1184 2338 78 31 med
1279 2338 171 31 förbehåll
1471 2347 56 22 om
1548 2339 70 30 rätt

509 2390 55 31 till
594 2392 111 35 vägar
732 2391 45 35 på
805 2391 70 30 sätt
899 2390 299 37 domänstyrelsen
1223 2390 181 37 föreslagit
1427 2391 90 30 samt
1540 2390 77 31 med

510 2441 240 32 hembudsrätt
773 2442 53 31 för
849 2441 42 31 A.
909 2442 37 30 L.
959 2441 151 37 Ingvald
1125 2442 11 30 i
1150 2442 102 37 fråga
1269 2452 54 21 om
1340 2442 207 36 lägenheten
1563 2452 55 21 om

1686 441 130 24 Utskottet.

1716 1974 51 42 [3.]
