2210 2634
432 189 19 31 2
811 189 402 33 Konstitutionsutskottets
1242 188 169 33 Utlåtande
1435 190 61 32 N:o
1519 192 31 31 8.

391 267 86 36 III:s
520 267 384 48 konungaförsäkran
946 267 40 36 af
1024 267 73 37 den
1134 270 22 33 4
1193 280 102 23 mars
1333 269 107 35 1772.
1497 267 90 37 Men
1627 269 96 35 1809
1754 270 60 34 års
1842 269 142 48 grund-

390 318 236 49 lagsstiftare
672 318 120 37 funno
833 319 83 36 icke
957 319 176 49 lämpligt
1173 323 56 32 att
1269 321 120 46 något
1418 319 137 48 stadga
1587 332 62 23 om
1680 319 168 49 prinsars
1881 320 102 48 skyl-

391 370 133 48 dighet
566 375 54 31 att
659 370 76 36 låta
778 370 61 49 sig
871 371 193 36 användas
1097 371 12 35 i
1150 371 119 36 rikets
1310 371 129 48 tjänst,
1482 376 92 31 utan
1602 371 147 36 införde
1778 371 13 36 1
1819 372 125 36 stället
1972 371 12 36 i

391 422 71 36 den
490 435 77 36 nya
607 422 350 49 regeringsformen
998 422 136 37 förbud
1176 423 59 36 för
1272 422 85 37 dem
1385 427 54 32 att
1467 422 159 37 bekläda
1655 423 112 36 civila
1795 423 187 37 ämbeten.

391 473 131 37 Såsom
566 474 82 36 skäl
688 474 131 36 härför
860 474 187 47 anfördes,
1090 479 53 31 att
1184 487 47 23 en
1273 474 106 49 prins
1419 474 131 47 skulle,
1589 474 128 37 därest
1751 475 96 36 hans
1875 475 109 36 verk-

390 525 148 36 samhet
566 525 243 37 inskränktes
836 525 57 37 till
920 529 128 45 någon
1077 526 159 36 särskild
1267 526 86 36 civil
1376 526 229 48 befattning,
1625 526 200 48 lätteligen
1845 526 138 36 förlora

390 577 72 36 den
491 577 59 36 för
577 577 139 36 honom
745 576 149 50 viktiga
920 578 264 36 kännedomen
1214 591 58 23 om
1304 577 69 37 och
1402 578 233 36 öfversikten
1664 578 40 35 af
1735 578 250 36 statsförvalt-

390 629 146 48 ningen
565 629 11 35 i
604 629 85 36 dess
717 629 130 36 helhet
874 634 98 31 samt
1001 634 55 31 att
1083 629 298 37 innehafvandet
1409 630 41 35 af
1474 634 55 31 ett
1558 629 105 37 civilt
1687 629 151 37 ämbete
1865 629 120 37 skulle

390 681 130 36 kunna
547 680 137 50 bringa
712 681 139 36 honom
880 681 12 36 i
920 681 174 36 kollision
1122 681 85 36 med
1236 681 170 37 enskilde
1434 681 259 48 medborgare.

519 732 61 36 Nu
621 733 68 36 har
726 732 11 36 i
766 746 48 23 en
854 732 99 37 inom
996 733 127 36 Andra
1161 733 227 36 Kammaren
1418 733 122 47 väckt,
1570 733 56 36 till
1653 732 332 37 konstitutionsut-

390 784 145 36 skottet
576 784 184 37 hänvisad
801 785 156 44 motion,
994 798 60 23 n:o
1094 786 82 46 177,
1210 785 89 36 herr
1327 786 45 34 ÅA.
1403 786 123 35 Hedin
1555 784 209 49 föreslagit,
1795 788 55 32 att
1876 783 109 37 Riks-

390 836 127 48 dagen
559 838 116 34 måtte
715 839 126 33 såsom
883 836 175 36 hvilande
1100 841 141 44 antaga
1274 837 72 36 den
1379 836 164 48 ändring
1577 837 41 35 af
1641 841 19 39 8
1689 837 47 35 45
1766 835 219 48 regerings-

389 887 162 47 formen,
595 892 54 32 att
689 902 44 22 ur
771 888 164 36 nämnda
963 888 182 49 paragraf
1169 888 185 36 uteslutes
1382 888 108 36 ordet
1517 887 148 37 »civilt»
1696 887 158 37 framför
1882 887 105 36 ordet

389 935 207 52 »ämbete».
854 981 2 2 |

517 991 75 36 Till
633 991 84 36 stöd
759 991 60 37 för
859 991 65 37 sitt
958 991 155 49 förslag,
1148 996 55 32 att
1230 992 262 48 grundlagens
1521 991 211 48 stadgande
1761 1003 60 24 om
1850 990 135 37 förbud

389 1042 58 37 för
487 1042 106 49 prins
636 1047 54 32 att
734 1042 204 36 innehafva
980 1042 111 36 civila
1131 1043 174 36 ämbeten
1351 1046 117 33 måtte
1500 1043 213 36 utsträckas
1755 1042 145 49 jämväl
1927 1041 58 36 till

389 1094 164 36 militära
601 1093 272 48 befattningar,
919 1094 68 35 har
1032 1093 237 37 motionären
1316 1094 12 35 i
1369 1107 47 23 en
1460 1093 182 49 vidlyftig
1688 1094 243 48 motivering,
1974 1093 11 36 i

389 1145 180 37 afseende
611 1148 19 33 å
671 1144 157 36 hvilken
870 1144 186 37 utskottet
1101 1145 181 36 hänvisar
1323 1145 57 36 till
1421 1145 203 47 motionen,
1663 1144 323 48 hufvudsakligen

390 1198 103 36 velat
530 1202 94 44 göra
660 1196 190 49 gällande,
893 1196 79 37 dels
1010 1201 55 31 att
1093 1196 72 37 den
1193 1196 149 49 prinsar
1370 1196 122 49 enligt
1519 1196 243 49 grundiagen
1790 1196 196 49 medgifna

388 1254 75 31 rätt
505 1253 56 32 att
602 1248 160 37 bekläda
803 1248 161 36 militära
1009 1248 176 37 ämbeten
1225 1247 70 37 lätt
1322 1248 126 36 kunde
1476 1248 85 36 leda
1588 1248 138 47 därtill,
1757 1253 54 31 att
1839 1248 148 48 prinsar

389 1300 228 37 utnämndes
659 1300 56 36 till
750 1300 102 48 höga
879 1300 264 49 befälsplatser
1170 1305 93 31 utan
1293 1304 55 32 att
1376 1304 72 44 äga
1476 1299 128 37 därför
1632 1300 141 49 nödiga
1791 1299 195 49 -betingel-

390 1365 71 35 ser,
504 1352 148 36 hvilket
679 1351 12 36 i
719 1352 182 36 händelse
947 1352 39 36 af
1026 1351 88 49 krig
1151 1351 127 37 kunde
1312 1351 135 49 bringa
1476 1351 108 36 ofärd
1609 1351 105 36 öfver
1737 1351 141 47 landet,
1907 1351 80 36 dels

389 1404 70 36 ock
501 1408 55 32 att
597 1403 84 37 dem
722 1403 229 37 närstående
992 1416 182 36 personer
1215 1403 157 36 framför
1404 1403 114 36 andra
1560 1416 101 23 mera
1689 1403 181 48 förtjänte
1898 1407 87 31 män

390 1455 247 37 befordrades
664 1455 57 36 till
750 1455 164 37 militära
942 1455 270 48 befattningar.

519 1558 208 48 Utskottet,
758 1571 80 23 som
868 1558 113 49 lifligt.
1008 1558 193 49 behjärtar
1230 1558 255 37 motionärens
1511 1558 281 38 fosterländska
1812 1558 99 49 syfte
1932 1563 55 31 att

388 1613 38 34 åt
467 1610 228 49 förtjänsten
738 1610 123 36 allena
902 1610 138 37 bevara
1081 1610 72 36 den
1194 1610 122 48 högre
1353 1610 207 48 ledningen
1588 1610 41 36 af
1653 1609 147 37 landets
1828 1610 158 47 försvar,

389 1662 75 36 kan
492 1662 116 36 likväl
636 1662 83 36 icke
748 1661 193 49 tillstyrka
968 1662 250 37 förevarande
1246 1662 158 49 förslag,
1433 1662 159 36 framför
1621 1662 66 36 allt
1715 1662 160 36 emedan
1898 1662 87 36 ifrå-

389 1714 219 47 gavarande
648 1712 426 51 grundlagsstadgande
1116 1727 59 23 om
1216 1718 77 31 rätt
1334 1714 59 36 för
1427 1713 105 50 prins
1560 1719 55 31 att
1642 1713 162 36 bekläda
1831 1713 156 37 militärt

389 1765 149 37 ämbete
575 1768 77 34 står
679 1765 11 36 i
719 1769 93 32 nära
840 1765 70 36 och
938 1765 233 50 oupplösligt
1199 1765 182 37 samband
1411 1765 86 36 med
1525 1765 295 37 bestämmelsen
1847 1765 13 36 i
1884 1765 24 47 $
1941 1767 45 34 14

389 1817 366 49 regeringsformen,
793 1821 56 32 att
877 1817 218 49 Konungen
1124 1822 93 43 äger
1245 1817 139 49 högsta
1412 1817 142 36 befälet
1582 1817 108 36 öfver
1718 1817 119 36 rikets
1865 1817 123 48 krigs-

389 1869 105 36 makt
527 1869 60 36 till
613 1868 107 37 lands
749 1868 71 37 och
849 1869 86 48 sjös.
992 1869 58 49 Ty
1079 1869 46 36 då
1152 1869 241 48 grundlagen
1421 1869 137 48 lägger
1590 1869 12 36 i
1625 1869 240 48 Konungens
1889 1868 99 36 hand

389 1933 47 24 en
465 1923 41 34 så
535 1919 227 38 ansvarsfull
791 1920 164 49 uppgift,
985 1921 69 37 bör
1082 1920 68 37 ock
1178 1920 196 49 själffallet
1403 1920 148 37 tillfälle
1580 1921 158 37 beredas
1764 1920 139 36 honom
1933 1925 56 32 att

391 1975 123 34 såsom
558 1972 204 49 kronprins
804 1971 93 37 eller
929 1973 178 36 arffurste
1140 1972 132 37 utöfva
1306 1972 164 36 militära
1499 1972 263 48 befattningar
1790 1972 71 36 och
1889 1972 98 36 däri-

389 2036 137 36 genom
557 2023 180 38 förskaffa
766 2023 64 49 sig
857 2023 73 38 den
958 2024 197 49 praktiska
1181 2023 222 48 utbildning
1421 2023 101 37 inom
1545 2024 64 36 det
1627 2024 164 36 militära
1805 2024 183 47 området,

388 2074 159 37 hvilken
575 2075 57 37 för
658 2075 247 49 uppbärande
934 2077 40 36 af
985 2076 65 37 det
1065 2075 260 49 konungsliga
1341 2074 116 37 kallet
1473 2078 121 34 såsom
1612 2075 376 37 försvarsväsendets

390 2126 137 48 högste
571 2127 88 36 chef
696 2129 123 34 måste
863 2140 109 24 anses
1005 2126 316 50 oundgängligen
1352 2126 228 49 nödvändig.
1636 2127 141 37 Härtill
1806 2127 182 47 kommer,

389 2182 55 31 att
487 2178 65 36 det
579 2178 13 37 i
620 2178 20 50 $
672 2179 43 35 15
759 2178 351 49 regeringsformen
1147 2178 230 37 föreskrifna
1405 2183 72 31 sätt
1507 2179 60 36 för
1595 2178 295 49 handläggning
1919 2179 69 36 och

391 2229 210 48 afgörande
638 2230 40 36 af
703 2229 320 49 kommandomil,
1053 2231 34 36 d.
1118 2244 33 22 v.
1183 2243 27 23 8.
1242 2230 142 36 sådana
1412 2230 180 46 ärenden,
1617 2229 132 37 hvilka
1768 2230 221 48 Konungen

389 2280 11 35 i
429 2281 196 49 egenskap
654 2281 40 37 af
718 2281 139 48 högste
886 2281 256 38 befälbafvare
1171 2282 106 36 öfver
1296 2281 264 48 krigsmakten
1583 2280 327 49 omedelbarligen
1925 2281 64 36 be-
