1924 2814
547 144 395 38 Bevillningsutskottets
967 143 219 31 betänkande
1209 143 48 30 Nr
1286 144 28 30 9.
1645 137 35 30 1

174 233 123 35 ningar
324 231 80 31 från
432 230 369 37 medicinalstyrelsens
829 227 232 38 apoteksbyrå
1089 230 90 28 samt
1207 227 367 36 apotekarsocietetens
1604 226 77 30 ord-

175 282 155 31 förande.

219 331 368 37 Medicinalstyrelsens
608 330 232 38 apoteksbyrå
861 330 65 30 har
946 330 104 30 bland
1074 332 107 27 annat
1203 327 201 36 framhållit,
1428 330 48 27 att
1498 327 74 29 skäl
1595 326 86 30 kun-

176 385 42 29 de
237 383 141 30 anföras
399 383 53 29 för
471 381 92 31 såväl
583 381 99 30 bifall
702 381 49 30 till
771 390 74 20 som
865 380 117 36 avslag
1000 379 20 30 å
1039 379 227 30 motionerna.
1288 378 98 29 Inom
1407 377 164 37 styrelsen
1591 376 90 30 hade

176 435 43 29 de
241 433 92 31 olika
357 433 120 30 skälen
499 434 95 35 vägts
617 435 74 27 mot
714 432 181 36 varandra,
920 431 65 30 och
1007 440 82 20 man
1113 430 91 30 hade
1227 429 121 30 därvid
1372 427 146 31 kommit
1542 427 50 30 till
1616 427 67 30 den

177 485 192 34 slutsatsen,
394 486 49 28 att
468 484 41 30 de
532 483 170 30 starkaste
725 482 120 30 skälen
869 481 114 30 talade
1006 480 56 30 för
1085 480 127 35 avslag.
1239 479 55 30 Ett
1317 478 100 31 bifall
1440 477 49 31 till
1513 477 169 30 motionä-

178 544 118 21 rernas
323 535 129 36 förslag
479 534 118 34 skulle,
625 533 80 29 med
731 531 260 37 utgångspunkt
1018 529 79 31 från
1127 530 83 29 1939
1237 528 55 31 års
1320 527 361 37 omsättningssiffror,

179 585 157 31 medföra
363 594 42 22 en
432 583 313 37 skatteminskning
770 583 80 30 med
876 583 11 29 i
914 585 81 27 runt
1018 582 47 30 tal
1092 581 107 29 minst
1227 580 139 35 700,000
1393 580 128 29 kronor
1546 588 62 26 per
1634 576 49 32 år.

177 636 75 29 Den
281 635 196 36 föreslagna
507 634 289 31 skattelättnaden
828 633 112 30 skulle
968 632 76 30 icke
1073 632 143 29 komma
1246 631 41 30 de
1317 629 136 31 mindre
1482 628 202 31 bemedlade

177 686 51 29 till
250 686 88 35 godo
360 688 84 27 utan
467 685 11 29 i
500 687 70 28 stor
591 683 240 36 utsträckning
854 690 115 29 gynna
993 681 130 31 sådana
1145 690 172 28 personer,
1343 689 74 21 som
1439 679 89 30 hade
1550 677 63 31 råd
1636 680 50 28 att

176 736 128 30 besöka
326 736 119 29 läkare
464 735 64 30 och
549 744 75 21 som
646 733 121 31 därvid
789 733 130 30 erhölle
938 735 113 33 recept
1072 730 21 31 å
1114 731 257 36 apoteksvaror.
1395 729 73 30 Vad
1489 728 197 30 beträffade

177 786 185 31 medellösa
386 794 162 28 personer
569 785 119 29 kunde
711 784 98 30 dessa
833 782 243 31 kostnadsfritt
1099 780 132 32 erhålla
1253 780 149 30 medicin
1427 787 121 29 genom
1571 778 113 36 fattig-

179 835 148 31 vårdens
352 835 148 36 försorg.
526 834 47 30 Ur
598 837 79 27 rent
700 833 200 37 principiell
926 832 179 36 synpunkt
1130 831 119 30 kunde
1275 831 57 29 det
1356 829 120 30 vidare
1500 837 103 22 anses
1628 828 57 30 be-

179 886 146 37 tänkligt
344 889 49 27 att
412 894 123 29 genom
556 895 42 20 en
617 884 122 37 åtgärd
760 883 109 31 sådan
889 893 75 21 som
985 884 64 29 den
1070 882 197 36 föreslagna
1287 882 214 35 uppmuntra
1521 880 164 29 konsum-

179 937 116 30 tionen
319 946 42 21 av
386 936 256 36 apoteksvaror,
669 935 116 30 vilken
808 934 109 30 redan
941 933 56 30 för
1020 932 219 31 närvarande
1262 933 115 35 syntes
1402 940 82 20 vara
1509 930 108 30 större
1641 929 45 29 än

179 988 56 29 det
259 987 151 36 verkliga
432 986 155 30 behovet.
613 985 166 35 Slutligen
801 993 81 21 vore
907 984 56 29 det
985 982 11 30 i
1018 982 203 30 nuvarande
1243 982 73 35 läge
1341 980 77 30 icke
1439 980 174 34 önskvärt,
1638 981 50 28 att

179 1036 276 36 förbrukningen
477 1046 41 20 av
539 1035 91 31 vissa
652 1034 215 30 medicinska
888 1036 163 34 preparat
1072 1033 99 30 bleve
1194 1032 55 30 för
1270 1034 79 32 stor,
1374 1029 45 31 då
1440 1030 84 30 brist
1546 1028 108 31 rådde
1667 1027 21 31 å

180 1087 116 36 dylika
319 1096 102 21 varor
443 1086 65 30 och
530 1086 55 30 det
609 1084 151 37 förelåge
783 1083 212 37 svårigheter
1016 1086 48 27 att
1086 1081 165 32 anskaffa
1273 1082 79 29 dem
1375 1079 80 32 från
1476 1080 165 29 utlandet.

223 1137 374 36 Apotekarsocietetens
624 1135 211 37 ordförande
860 1135 66 29 har
950 1133 106 30 bland
1083 1135 108 27 annat
1216 1130 202 36 framhållit,
1446 1133 48 27 att
1518 1128 169 31 motionä-

180 1197 117 20 rernas
320 1187 129 36 förslag
471 1195 80 21 vore
572 1185 219 37 synnerligen
813 1184 289 36 behjärtansvärt.
1126 1181 53 31 Då
1201 1192 42 20 en
1265 1181 121 37 åtgärd
1409 1181 10 29 i
1443 1181 65 29 den
1531 1179 11 30 i
1565 1179 122 30 motio-

180 1247 106 21 nerna
305 1236 159 38 åsyftade
482 1236 197 36 riktningen
699 1239 114 33 syntes
833 1235 121 30 kunna
971 1233 222 38 genomföras
1214 1235 83 28 utan
1317 1234 49 28 att
1386 1230 180 31 föranleda
1585 1229 102 37 prak-

180 1286 90 32 tiska
290 1286 210 38 svårigheter
520 1286 55 31 för
595 1286 189 36 apotekens
805 1285 172 37 personal,
998 1284 114 31 talade
1133 1283 117 30 starka
1271 1282 75 30 skäl
1368 1281 56 30 för
1445 1284 45 27 ett
1512 1280 176 30 tillmötes-

179 1337 132 38 gående
329 1348 42 20 av
391 1337 172 37 förslaget.
583 1337 122 30 Redan
722 1336 55 30 för
797 1335 217 31 närvarande
1031 1333 190 31 bokfördes
1242 1332 137 31 särskilt
1399 1332 67 29 alla
1486 1330 202 34 läkemedel,

182 1398 74 20 som
281 1398 41 20 av
349 1388 171 36 apoteken
545 1387 200 36 expedieras
772 1386 105 36 enligt
901 1387 115 33 recept
1043 1394 42 20 av
1111 1384 128 34 läkare,
1266 1382 172 30 veterinär
1463 1381 65 30 och
1554 1380 134 30 tandlä-

182 1440 92 29 kare.
298 1438 74 30 Vad
396 1447 74 21 som
494 1446 80 21 vore
595 1440 49 26 att
669 1445 81 22 anse
774 1435 115 31 såsom
913 1437 114 33 recept
1048 1433 128 30 funnes
1200 1435 167 34 noggrant
1391 1431 134 36 angivet
1549 1430 10 29 i
1582 1429 107 30 medi-

181 1489 275 36 cinalstyrelsens
479 1487 205 36 kungörelse
704 1487 66 30 den
792 1486 42 29 28
856 1485 181 31 december
1061 1484 83 29 1925
1168 1482 177 36 angående
1367 1480 236 31 förordnande
1625 1479 65 30 och

181 1539 225 29 utlämnande
434 1548 42 20 av
504 1537 191 30 läkemedel
723 1536 103 36 enligt
854 1538 115 33 recept
997 1537 88 27 samt
1114 1532 178 37 angående
1317 1531 122 37 giftiga
1465 1532 144 28 ämnens
1638 1532 51 27 ut-

181 1589 186 30 lämnande
393 1587 80 31 från
500 1586 344 37 apoteksinrättning.
873 1586 50 29 Av
950 1585 154 30 nämnda
1132 1583 204 36 kungörelse
1365 1581 192 36 framginge
1583 1580 107 29 bland

184 1642 116 32 annat,
326 1642 48 27 att
398 1648 42 20 en
465 1637 200 30 rekvisition
690 1646 41 20 av
756 1645 102 21 varor
882 1634 80 31 från
985 1637 46 27 ett
1056 1634 126 36 apotek
1208 1633 74 30 icke
1306 1632 99 30 alltid
1428 1640 80 21 vore
1533 1632 49 28 att
1607 1638 82 21 anse

183 1689 114 31 såsom
322 1692 114 33 recept
463 1689 120 30 endast
610 1687 129 37 därför,
767 1690 49 27 att
842 1696 41 20 en
912 1686 126 35 läkare,
1066 1683 172 32 veterinär
1263 1684 81 29 eller
1371 1682 203 30 tandläkare
1600 1680 91 30 hade

183 1740 250 30 undertecknat
456 1739 212 30 densamma.
693 1732 26 35 Å
742 1737 110 30 andra
876 1736 99 30 sidan
997 1735 116 30 kunde
1136 1735 11 29 i
1171 1734 90 30 vissa
1283 1733 62 30 fall
1369 1742 42 21 av
1435 1741 115 22 annan
1574 1732 45 28 än
1643 1730 47 30 lä-

184 1791 91 34 kare,
301 1789 171 31 veterinär
496 1789 80 30 eller
602 1788 205 30 tandläkare
831 1787 100 36 gjord
956 1785 202 31 rekvisition
1184 1793 98 21 anses
1308 1782 114 31 såsom
1453 1782 96 29 »med
1577 1783 115 33 recept

184 1841 176 35 jämförlig
380 1839 368 31 läkemedelsformel>.
773 1833 93 34 Även
888 1847 57 19 om
966 1836 275 30 motionärernas
1265 1834 130 35 förslag
1418 1832 11 31 1
1452 1832 133 36 princip
1609 1840 80 21 vore

186 1891 144 36 förtjänt
352 1900 41 21 av
414 1890 204 34 beaktande,
641 1898 80 20 vore
745 1889 88 29 dock
855 1887 158 35 lämpligt
1034 1887 78 28 med
1135 1895 42 20 en
1199 1885 102 35 något
1323 1893 117 21 annan
1463 1882 226 35 formulering

185 1952 42 20 av
255 1941 203 36 stadgandet
486 1941 43 29 än
558 1940 105 35 enligt
691 1939 153 29 nämnda
872 1937 139 35 förslag.
1041 1936 211 35 Stadgandet
1280 1935 107 29 borde
1419 1933 145 30 sålunda
1595 1932 94 36 givas

185 1994 66 28 den
275 1992 162 36 lydelsen,
462 1993 48 28 att
539 1989 220 35 »läkemedel,
783 1988 94 30 vilka
900 1987 138 36 jämlikt
1062 1996 42 20 av
1128 1984 352 36 medicinalstyrelsen
1505 1983 185 30 utfärdade

186 2043 258 30 bestämmelser
468 2051 56 20 om
550 2040 236 30 förordnande
814 2040 66 29 och
905 2038 227 30 utlämnande
1157 2046 43 20 av
1225 2035 191 31 läkemedel
1443 2034 103 35 enligt
1575 2036 114 32 recept

188 2093 159 36 försäljas
370 2092 79 31 från
471 2090 367 38 apoteksinrättning»,
861 2089 111 30 skulle
994 2098 80 20 vara
1098 2088 225 34 undantagna
1346 2085 79 31 från
1448 2084 241 35 omsättnings-

187 2145 100 29 skatt.
313 2144 72 29 Den
410 2143 194 35 föreslagna
628 2140 272 36 formuleringen
924 2139 165 30 innebure
1112 2137 39 31 så
1176 2135 51 32 till
1251 2137 78 29 vida
1352 2146 43 20 en
1420 2135 202 35 utvidgning
1648 2143 41 20 av

188 2195 274 29 motionärernas
485 2193 167 35 yrkande,
678 2194 48 27 atl
751 2192 86 28 även
865 2200 42 20 av
933 2189 170 29 veterinär
1127 2188 66 29 och
1218 2187 204 30 tandläkare
1446 2185 103 35 enligt
1576 2186 116 33 recept

187 2245 204 29 ordinerade
412 2243 189 30 läkemedel
622 2242 112 29 skulle
754 2241 92 29 bliva
867 2239 157 30 befriade
1047 2238 78 30 från
1149 2238 152 30 nämnda
1323 2237 101 29 skatt.
1447 2236 51 28 En
1523 2235 95 35 dylik
1639 2237 51 26 ut-

189 2294 160 36 vidgning
376 2303 79 20 vore
481 2292 212 34 erforderlig,
721 2292 113 28 därest
861 2290 75 29 icke
963 2288 264 34 redovisningen
1255 2297 42 20 av
1323 2283 366 37 omsättningsskatten

191 2345 75 31 från
285 2345 169 36 apoteken
473 2343 109 29 skulle
603 2343 9 28 i
632 2341 166 34 väsentlig
816 2341 84 34 grad
920 2338 174 31 försvåras
1113 2346 123 27 genom
1258 2337 65 29 den
1344 2335 200 36 ifrågasatta
1566 2335 124 28 skatte-

190 2396 190 30 befrielsen.
