2244 2612
462 137 118 31 Andra
605 138 206 32 kammarens
829 140 146 37 fjärde
998 140 175 43 tillfälliga
1197 145 137 30 utskotts
1356 144 173 32 utlåtande
1554 145 51 31 Nr
1628 149 49 28 10.
1816 148 17 29 3

1597 363 138 39 Bilaga.

388 496 76 29 Till
500 497 240 38 Riksdagens
776 499 123 30 andra
934 501 210 32 kammares
1177 504 126 39 fjärde
1337 505 207 37 tillfälliga
1578 506 161 29 utskott.

392 587 123 30 Genom
549 588 96 37 nådig
668 589 113 30 remiss
811 590 62 29 den
899 591 38 28 18
960 591 145 31 sistlidne
1129 594 141 29 februari
1294 595 56 29 har
1373 596 258 38 socialstyrelsen
1656 596 95 30 blivit
1774 597 92 29 anbe-

257 628 79 30 falld
371 632 46 26 att
451 629 49 29 till
531 629 186 38 riksdagens
751 631 99 30 andra
876 633 180 30 kammares
1079 635 103 38 fjärde
1206 636 161 38 tillfälliga
1390 637 124 30 utskott
1536 637 194 39 skyndsamt
1756 639 112 36 avgiva

258 670 151 39 yttrande
443 673 75 27 över
552 681 39 20 en
630 682 37 20 av
701 673 108 30 herrar
839 674 153 30 Starbäck
1015 677 60 29 och
1100 677 98 30 Block
1221 679 10 28 i
1255 679 143 29 nämnda
1421 680 165 29 kammare
1609 680 95 29 väckt
1731 681 136 35 motion,

258 722 36 19 nr
319 712 69 35 242,
423 722 51 20 om
498 714 153 30 skrivelse
676 714 47 30 till
748 715 119 39 Kungl.
894 717 92 40 Maj:t
1008 719 9 28 i
1042 719 87 38 fråga
1152 729 53 20 om
1229 720 260 31 tillförsäkrande
1512 731 39 20 av
1574 722 294 39 förhandlingsrätt

256 755 33 28 åt
322 754 316 39 befattningshavare
671 757 53 30 vid
760 759 84 29 vissa
885 759 127 39 företag.
1058 762 74 29 Med
1166 762 174 39 anledning
1374 764 98 31 härav
1495 765 49 29 får
1571 764 158 39 styrelsen
1755 765 112 30 anföra

256 795 153 39 följande.

390 839 160 38 Styrelsen
574 849 91 21 anser
688 841 47 38 sig
757 842 50 29 till
830 852 39 20 en
894 844 110 38 början
1029 845 75 29 böra
1128 846 135 38 påpeka,
1287 851 47 26 att
1357 848 53 29 det
1432 848 75 30 med
1535 849 164 29 motionen
1723 852 140 37 angivna

254 881 107 37 syftet,
386 884 45 26 att
454 881 194 30 tillförsäkra
670 883 241 37 ifrågavarande
935 886 315 39 befattningshavare
1274 889 295 39 förhandlingsrätt,
1593 890 69 30 icke
1685 892 90 30 torde
1800 893 64 30 låta

255 923 47 36 sig
326 923 72 29 med
423 923 95 36 något
541 924 160 37 praktiskt
724 926 133 29 resultat
879 927 191 39 förverkliga
1093 932 78 27 utan
1194 931 10 28 i
1228 932 158 29 samband
1408 932 73 29 med
1505 941 39 20 en
1561 932 213 40 lagstiftning,
1792 944 70 20 som

255 965 104 29 direkt
382 964 76 30 eller
480 964 141 31 indirekt
644 967 140 38 ingriper
807 968 183 38 reglerande
1015 971 40 37 på
1078 971 92 30 dessa
1194 972 333 40 befattningshavares
1551 974 205 32 arbetsavtal.
1803 977 61 29 En-

254 1007 70 29 bart
346 1016 39 20 en
410 1007 126 29 formell
561 1010 62 27 rätt
646 1009 48 29 för
719 1009 341 40 befattningshavarna
1083 1016 46 27 att
1153 1014 104 37 nödga
1280 1017 48 28 sin
1354 1016 212 38 arbetsgivare
1588 1016 50 30 till
1655 1017 208 40 förbandling

253 1048 113 36 skulle,
400 1049 96 29 såvitt
529 1050 156 38 styrelsen
721 1051 62 30 kan
818 1053 98 36 finna,
950 1055 28 37 ej
1015 1055 144 30 medföra
1182 1057 104 36 någon
1311 1057 154 31 avsevärd
1489 1058 192 39 förbättring
1704 1060 49 30 för
1777 1061 84 29 dem.

252 1090 245 38 Arbetsgivaren
522 1092 104 29 skulle
649 1093 162 38 nämligen
835 1095 197 31 fortfarande
1056 1097 110 30 kunna
1189 1098 93 32 ställa
1305 1101 47 38 sig
1374 1100 201 39 fullkomligt
1598 1102 173 31 avvisande
1787 1106 76 35 gent

254 1135 85 28 emot
363 1133 358 38 befattningshavarnas
745 1136 87 30 krav.

387 1176 46 29 De
455 1176 10 28 i
489 1176 164 31 motionen
688 1178 134 30 anförda
857 1181 170 37 exemplen
1052 1183 41 37 på
1115 1183 203 39 lagstiftning
1342 1185 135 30 rörande
1499 1186 289 39 förhandlingsrätt
1810 1188 51 30 för

253 1217 165 38 offentliga
441 1219 194 37 tjänstemän
659 1221 76 37 jäva
758 1223 29 36 ej
813 1222 99 29 heller
928 1223 170 38 styrelsens
1115 1234 45 20 nu
1177 1228 137 36 angivna
1329 1228 220 38 uppfattning,
1566 1227 40 30 då
1622 1228 91 43 dessa
1730 1231 133 36 tjänste-

253 1261 92 28 mäns
369 1260 310 31 arbetsförhållande
701 1263 37 38 ju
762 1263 91 30 alltid
876 1267 34 27 är
933 1265 133 31 föremål
1089 1267 48 29 för
1160 1268 273 40 offentligrättslig
1459 1270 165 37 reglering.
1671 1272 91 30 Även
1787 1273 9 28 i
1821 1272 39 30 de

254 1301 67 35 fall,
356 1301 56 30 där
445 1302 38 29 de
507 1302 135 31 anförda
665 1305 171 38 exemplen
860 1307 105 38 åsyfta
987 1308 126 30 enskild
1136 1311 215 36 verksamhet,
1376 1312 90 30 torde
1489 1312 371 40 förhandlingsreglerna

251 1344 107 29 såsom
392 1346 44 27 ett
470 1345 222 37 komplement
726 1347 127 30 ansluta
876 1350 47 36 sig
945 1349 48 29 till
1017 1360 38 19 en
1079 1351 174 40 förefintlig
1275 1354 105 30 ehuru
1402 1364 115 28 genom
1542 1355 83 29 avtal
1649 1356 120 30 mellan
1794 1367 67 28 par-

252 1389 89 25 terna
364 1387 191 37 åvägabragt
576 1388 155 38 reglering
755 1399 38 20 av
816 1390 332 33 arbetsförhållandet.

387 1427 110 30 Skulle
531 1430 248 30 statsmakterna
813 1431 88 30 finna
934 1433 69 29 skäl
1037 1438 46 26 att
1118 1435 134 30 komma
1273 1437 242 37 ifrågavarande
1539 1439 319 38 befattningshavare

251 1469 49 29 till
324 1469 90 39 hjälp
438 1470 58 29 och
521 1470 179 40 undanröja
722 1472 39 30 de
784 1474 313 38 missförhållanden,
1114 1486 70 22 som
1201 1478 221 39 otvivelaktigt
1438 1480 71 30 icke
1524 1480 101 30 sällan
1642 1483 55 28 äro
1714 1482 144 30 rådande

250 1511 10 29 i
283 1510 39 31 de
345 1521 39 20 av
407 1513 236 30 motionärerna
665 1515 148 38 åsyftade
837 1517 212 37 hänseenden,
1074 1519 91 31 torde
1190 1520 53 30 det
1265 1521 136 30 sålunda
1424 1521 86 31 bliva
1533 1523 198 38 nödvändigt
1754 1528 47 27 att
1818 1526 40 37 på

250 1556 46 27 ett
328 1563 69 21 mer
429 1554 91 30 reellt
554 1558 63 27 sätt
647 1557 125 38 ingripa
805 1558 184 38 reglerande
1012 1562 41 36 på
1080 1562 335 31 arbetsförhållandet.
1462 1564 154 40 Möjligen
1640 1566 105 31 skulle
1769 1567 54 30 det
1847 1567 10 30 i

249 1595 115 31 sådant
397 1596 57 30 fall
477 1597 112 30 kunna
611 1599 235 37 ifrågakomma
869 1604 46 27 att
938 1602 111 30 endast
1072 1604 160 39 offentligt
1254 1605 182 31 fastställda
1459 1606 258 40 minimigränser
1742 1610 116 30 beträf-

248 1637 97 30 fande
379 1638 52 30 det
454 1639 48 29 för
525 1640 238 39 arbetstagarna
786 1643 168 37 viktigaste
982 1650 178 26 momentet
1182 1647 10 29 i
1216 1648 324 31 arbetsförhållandet
1563 1650 76 30 eller
1662 1647 193 47 avlöningen

250 1697 36 3 —
311 1683 45 27 ett
379 1681 146 38 exempel
548 1682 101 39 härpå
672 1683 87 38 giver
782 1685 62 29 den
868 1686 115 30 norska
1006 1687 241 40 lagstiftningen
1272 1700 53 20 om
1342 1691 187 30 minimilön
1546 1692 49 30 för
1607 1692 249 32 underordnade

248 1722 291 31 handelsbiträden.

382 1765 110 30 Ehuru
516 1766 165 38 styrelsen,
705 1768 105 30 såsom
834 1769 86 31 förut
943 1770 131 37 berörts,
1098 1772 177 38 ingalunda
1298 1774 224 30 underskattar
1544 1776 39 29 de
1599 1777 254 30 missförhållan-

247 1806 72 35 den,
342 1816 69 21 som
434 1807 79 38 givit
535 1808 174 39 anledning
732 1810 49 30 till
806 1812 173 36 motionen,
1003 1823 93 20 anser
1118 1815 48 38 sig
1189 1816 156 38 styrelsen
1369 1817 19 29 å
1411 1817 99 30 andra
1533 1818 91 30 sidan
1648 1819 70 30 icke
1742 1820 112 30 kunna

247 1849 150 36 vitsorda,
421 1853 46 26 att
490 1851 305 31 missförhållanden
820 1863 41 20 av
883 1854 241 38 ifrågavarande
1147 1860 95 27 natur
1265 1860 54 28 äro
1342 1859 130 30 särskilt
1499 1860 182 30 svårartade
1704 1862 76 30 eller
1801 1863 52 29 all-

246 1893 91 27 mänt
359 1891 265 32 förekommande
646 1895 89 29 inom
759 1895 38 29 de
820 1896 343 40 verksamhetsgrenar,
1187 1909 69 20 som
1281 1900 165 31 motionen
1469 1911 99 27 avser,
1592 1902 30 30 d.
1641 1912 27 20 v.
1693 1913 24 20 s.
1742 1905 47 29 uti
1815 1914 38 20 av

246 1932 118 39 Kungl.
390 1933 92 39 Maj:t
505 1935 283 32 koncessionerade
811 1937 76 30 eller
910 1939 202 40 oktrojerade
1135 1942 131 37 företag.
1313 1943 117 38 Dylika
1453 1944 309 32 missförhållanden
1786 1947 67 29 lära

246 1977 73 35 göra
342 1976 47 37 sig
411 1986 67 20 mer
501 1977 77 30 eller
601 1978 126 30 mindre
750 1980 149 37 gällande
922 1982 122 38 jämväl
1067 1983 49 30 för
1139 1985 107 38 övriga
1269 1984 294 33 kontorsanställda
1585 1988 10 28 i
1615 1988 132 30 enskild
1764 1989 88 30 verk-

245 2017 135 36 samhet,
404 2019 59 29 och
487 2020 186 30 osannolikt
694 2022 90 29 torde
807 2024 28 36 ej
861 2033 85 26 vara,
970 2026 46 27 att
1038 2025 168 30 desamma
1229 2028 10 28 i
1263 2027 157 31 avseende
1442 2029 19 29 å
1483 2029 223 38 nyssnämnda
1728 2031 124 38 företag

243 2059 75 30 med
340 2061 9 28 i
367 2061 81 37 regel
482 2062 203 37 organiserad
719 2065 147 37 personal
901 2068 55 27 äro
988 2067 129 30 relativt
1148 2068 127 30 mindre
1306 2070 250 30 framträdande.
1603 2071 110 31 Under
1735 2073 117 30 sådant

243 2102 201 30 förhållande
477 2104 108 29 ställer
618 2105 54 30 det
708 2106 47 38 sig
778 2107 133 37 givetvis
934 2108 85 30 svårt
1042 2109 49 30 för
1113 2110 156 39 styrelsen
1294 2114 46 27 att
1362 2112 128 30 förorda
1512 2116 46 27 ett
1581 2110 271 49 statsingripande

244 2145 112 29 enbart
378 2145 49 29 till
451 2146 125 30 förmån
600 2147 48 30 för
672 2148 375 39 befattningshavarna
1039 2141 20 52 i
1071 2152 214 30 omförmälda
1308 2154 285 31 koncessionerade
1616 2155 76 31 eller
1716 2153 135 47 oktroje-

242 2186 74 30 rade
339 2187 128 39 företag.
514 2190 56 28 Att
603 2190 68 30 åter
704 2190 48 30 för
776 2190 91 31 dessa
891 2192 333 40 befattningshavares
1247 2195 87 30 skull
1358 2196 128 38 påkalla
1510 2200 45 27 ett
1578 2194 273 49 statsingripande
