1878 2806
301 191 38 29 10
776 194 229 29 Statsutskottets
1024 196 150 28 utlåtande
1190 206 37 18 nr
1244 199 66 26 206.

342 265 90 36 Över
455 270 220 40 föreningens
701 272 255 42 framställning
980 274 92 32 hava
1097 274 203 34 utlåtanden
1324 276 144 39 avgivits
1494 289 43 21 av
1562 276 226 49 socialstyrel-

296 331 71 30 sen,
390 327 127 28 statens
540 325 543 42 arbetsmarknadskommission,
1105 330 256 39 statskontoret,
1385 333 247 38 överstyrelsen
1656 334 55 37 för
1734 344 54 29 yr-

296 377 257 40 kesutbildning
576 380 66 29 och
664 380 374 40 kommerskollegium.

341 431 14 29 I
375 429 182 33 skrivelser
575 432 66 31 den
663 434 38 30 18
723 433 178 32 december
925 436 83 29 1944
1029 436 65 30 och
1116 437 65 30 den
1204 438 41 30 28
1267 436 153 33 februari
1444 439 83 31 1945
1549 439 65 31 har
1636 441 151 30 utlands-

296 485 230 30 svenskarnas
545 486 158 39 förening
721 488 174 30 hemställt
912 498 58 21 om
987 489 208 40 statsbidrag
1213 492 79 29 med
1313 492 39 30 10
1366 492 63 30 000
1448 493 131 30 kronor
1597 494 190 39 respektive

299 538 38 29 15
352 537 63 31 000
433 538 131 31 kronor
583 540 10 29 i
612 540 188 39 ersättning
818 541 55 30 för
890 542 188 31 kostnader
1096 543 55 31 för
1169 544 78 30 livs-
1268 545 65 30 och
1352 546 191 30 läkemedel
1563 547 50 29 till
1633 548 152 30 utlands-

295 590 166 31 svenskar
484 593 66 29 och
575 593 233 32 svenskfödda
832 595 11 29 i
867 594 189 38 Tyskland.

341 644 123 31 Vidare
490 646 66 30 har
581 646 203 40 föreningen
809 648 11 30 i
845 657 43 21 en
912 650 233 38 promemoria
1173 651 67 30 den
1267 652 42 30 29
1335 661 93 21 mars
1459 653 82 30 1945
1569 654 139 36 anmält,
1737 658 49 27 att

294 695 204 41 föreningen
523 698 76 31 icke
625 700 119 38 längre
770 701 116 31 kunde
914 708 126 31 genom
1068 703 66 30 den
1161 704 242 39 svensk-tyska
1431 706 196 39 clearingen
1654 706 132 31 erhålla

294 749 175 41 betalning
495 751 56 31 för
575 753 41 30 de
642 752 418 41 livsmedelssändningar,
1089 766 75 20 som
1191 757 145 39 avginge
1363 758 50 30 till
1440 759 308 32 utlandssvenskar
1774 761 11 29 i

293 811 44 22 av
362 805 41 29 de
429 804 163 32 allierade
618 805 217 39 ockuperade
862 806 168 33 områden
1056 819 43 21 av
1124 810 188 38 Tyskland.
1341 809 216 41 Föreningen
1583 811 203 32 framhåller

294 858 279 31 önskvärdheten
590 869 43 20 av
652 864 48 26 att
717 862 146 30 svenska
881 862 240 39 myndigheter
1138 864 122 30 ställde
1278 864 122 31 härför
1417 865 225 40 erforderliga
1659 867 124 39 belopp

294 909 50 31 till
362 910 217 40 förfogande.

338 964 166 39 Slutligen
521 966 65 30 har
603 966 204 40 föreningen
823 968 12 29 i
853 968 164 31 skrivelse
1036 969 67 31 den
1121 971 41 29 28
1181 970 89 39 april
1292 972 81 30 1945
1393 971 146 32 anhållit
1557 977 49 27 att
1625 983 42 21 av
1685 978 98 26 stats-

293 1016 110 31 medel
426 1017 132 32 erhålla
581 1023 46 27 ett
649 1018 125 41 belopp
798 1030 43 21 av
863 1021 40 29 22
918 1021 64 31 500
1002 1021 131 32 kronor
1154 1021 56 33 för
1232 1023 176 41 betalning
1432 1035 43 21 av
1498 1024 186 39 livsmedel,
1709 1035 75 22 som

292 1069 204 40 föreningen
514 1072 92 31 ställt
623 1073 50 30 till
690 1074 147 31 svenska
854 1074 287 40 beskickningens
1160 1076 11 31 i
1189 1077 116 30 Berlin
1323 1078 204 39 disposition
1544 1079 56 31 för
1618 1081 166 30 svenskar

292 1124 66 30 och
379 1124 235 32 svenskfödda
635 1126 11 30 i
668 1125 187 39 Tyskland.

336 1229 386 41 Departementschefen
746 1234 65 29 har
834 1233 55 31 för
909 1241 85 32 egen
1018 1234 55 31 del
1097 1236 117 31 anfört
1238 1235 165 40 följande.

335 1299 50 32 De
408 1301 147 31 svenska
580 1302 234 39 medborgare,
839 1313 75 21 som
937 1305 111 30 under
1071 1305 118 38 längre
1213 1307 83 30 eller
1318 1307 139 31 kortare
1480 1309 50 30 tid
1555 1309 117 31 vistats
1696 1311 10 29 i
1731 1314 50 26 ut-

291 1345 116 31 landet
426 1347 66 29 och
512 1347 51 29 till
582 1346 89 40 följd
690 1357 43 20 av
754 1348 325 38 krigshändelserna
1100 1349 156 32 återvänt
1276 1352 51 30 till
1348 1352 145 39 Sverige,
1515 1355 62 29 äro
1597 1354 75 30 icke
1692 1355 89 38 flyk-

290 1388 114 39 tingar
424 1391 11 30 i
455 1391 137 31 teknisk
615 1391 147 39 mening.
789 1393 81 30 Ofta
893 1395 61 28 äro
977 1394 189 31 emellertid
1189 1396 100 31 dessa
1313 1396 308 33 utlandssvenskar
1642 1400 58 29 vid
1722 1408 59 21 an-

289 1433 159 32 komsten
470 1436 51 29 till
545 1434 136 41 Sverige
703 1436 218 32 ekonomiskt
943 1437 71 32 lika
1036 1438 213 33 blottställda
1272 1450 75 21 som
1370 1441 150 32 flertalet
1543 1443 198 39 flyktingar.
1767 1444 14 29 I

289 1479 42 30 de
355 1479 62 31 fall
441 1480 45 30 då
511 1480 132 31 sådana
667 1481 302 40 hjälpbehövande
993 1483 307 32 utlandssvenskar
1323 1485 76 31 icke
1423 1486 291 40 omhändertagas
1738 1498 43 21 av

290 1522 224 33 anförvanter
535 1524 81 31 eller
638 1525 108 32 andra
770 1525 206 32 närstående
998 1528 101 30 faller
1121 1530 55 29 det
1198 1529 50 39 sig
1270 1529 165 38 naturligt
1454 1535 50 27 att
1526 1533 56 29 det
1604 1532 177 30 allmänna

289 1567 115 32 träder
424 1569 190 39 hjälpande
635 1570 155 31 emellan.
814 1572 128 30 Hittills
963 1573 65 30 har
1048 1573 112 31 denna
1182 1572 321 40 hjälpverksamhet
1524 1577 11 29 i
1556 1575 108 32 första
1685 1577 96 30 hand

289 1612 135 32 utövats
450 1621 125 31 genom
599 1614 370 33 utlandssvenskarnas
995 1617 169 39 förening.
1192 1618 50 30 De
1269 1619 197 31 statsmedel
1492 1630 76 21 som
1594 1621 55 30 för
1674 1621 106 31 ända-

290 1656 103 32 målet
419 1659 110 30 ställts
556 1659 50 30 till
633 1658 206 40 förfogande
862 1661 45 30 ha
936 1661 88 31 varit
1050 1662 134 31 relativt
1209 1662 223 39 begränsade.
1474 1665 216 39 Föreningen
1716 1667 65 29 har

289 1701 120 32 därför
428 1703 147 39 nödgats
594 1702 191 33 inskränka
806 1706 264 30 verksamheten
1091 1707 49 30 till
1160 1710 50 27 att
1236 1708 4 29 i
1260 1708 185 31 huvudsak
1466 1719 81 21 avse
1567 1710 213 30 blottställda

288 1746 324 33 utlandssvenskars
634 1748 341 39 omhändertagande
998 1750 81 31 från
1101 1751 207 31 ankomsten
1331 1753 50 30 till
1405 1753 76 31 dess
1504 1755 42 30 de
1569 1753 136 33 erhållit
1727 1754 53 31 sin

288 1789 109 33 första
417 1792 210 40 anställning
649 1793 65 30 här
735 1794 11 29 i
768 1794 125 30 landet.
917 1795 50 30 De
989 1805 43 20 av
1054 1795 92 31 olika
1166 1795 228 39 anledningar
1415 1798 10 30 i
1448 1797 116 32 arbete
1588 1797 190 40 svårplace-

288 1835 82 31 rade
392 1837 65 29 och
479 1837 42 30 de
542 1836 321 40 arbetsoförmögna
884 1839 46 30 ha
953 1839 86 31 efter
1061 1840 67 30 viss
1150 1841 50 30 tid
1222 1839 90 33 måst
1333 1841 164 32 hänvisas
1520 1843 50 30 till
1594 1844 41 29 de
1659 1843 119 31 social-

288 1878 175 33 vårdande
488 1881 294 38 myndigheterna.

331 1925 15 29 I
366 1925 54 30 sin
439 1926 11 29 i
472 1926 56 30 det
549 1925 207 40 föregående
775 1926 193 32 refererade
990 1928 257 40 framställning
1269 1929 167 32 skisserar
1456 1931 320 31 utlandssvenskar-

286 1978 64 22 nas
368 1969 159 40 förening
546 1980 43 20 en
607 1972 63 29 rad
687 1971 168 39 åtgärder,
876 1973 93 30 vilka
988 1973 92 39 syfta
1098 1974 50 29 till
1167 1978 49 26 att
1234 1974 46 39 på
1299 1978 46 27 ett
1363 1984 95 22 mera
1475 1976 218 39 fullständigt
1711 1978 67 30 sätt

286 2013 46 30 än
351 2014 119 31 hittills
493 2015 272 39 omhändertaga
786 2017 42 30 de
848 2017 51 30 till
920 2016 137 40 Sverige
1077 2017 199 38 återvända,
1299 2019 303 40 hjälpbehövande
1624 2022 152 30 utlands-

285 2054 223 47 svenskarna.
1617 2083 5 3 5

330 2102 115 39 Enligt
463 2104 73 29 min
555 2104 137 39 mening
711 2106 39 29 är
768 2105 56 30 det
842 2106 125 39 sakligt
986 2106 189 37 motiverat,
1197 2111 50 27 att
1265 2109 241 37 systematiska
1526 2109 160 39 åtgärder
1705 2110 71 30 vid-

285 2150 96 35 tagas
399 2157 43 21 av
460 2148 11 30 i
489 2149 185 30 huvudsak
693 2150 66 29 den
777 2154 53 26 art
848 2150 204 40 föreningen
1069 2151 154 31 föreslår.
1244 2153 530 32 Arbetsmarknadskommissio-

285 2201 68 21 nen
380 2192 162 31 förordar
565 2193 11 30 i
602 2193 178 31 utlåtande
806 2195 81 30 över
913 2195 220 39 föreningens
1162 2196 266 40 framställning,
1458 2202 50 26 att
1534 2199 42 30 de
1603 2199 56 30 för
1685 2199 90 39 flyk-

284 2234 113 39 tingar
419 2235 164 40 vidtagna
607 2238 244 39 mottagnings-
876 2240 66 29 och
964 2239 307 39 hjälpåtgärderna
1295 2242 110 30 skulle
1429 2242 105 31 vinna
1558 2243 217 39 tillämpning

283 2280 88 31 även
390 2280 220 33 beträffande
631 2281 187 33 återvända
838 2284 315 32 utlandssvenskar.
1176 2286 101 30 Detta
1298 2286 110 31 skulle
1427 2287 168 30 innebära
1617 2297 42 20 en
1680 2289 94 28 över-

283 2323 164 41 flyttning
471 2336 43 20 av
538 2327 67 30 den
628 2327 50 30 till
700 2326 140 32 förmån
863 2328 56 30 för
943 2328 354 33 utlandssvenskarna
1321 2329 166 33 bedrivna
1512 2331 263 30 verksamheten

282 2368 81 30 från
396 2370 371 32 utlandssvenskarnas
799 2371 159 40 förening
992 2374 51 29 till
1078 2374 41 30 de
1154 2374 137 39 statliga
1325 2374 448 39 flyktingmyndigheterna.

283 2409 95 35 Även
395 2415 245 31 statskontoret
658 2417 128 30 uttalar
803 2426 43 21 en
863 2417 165 31 liknande
1047 2418 232 39 uppfattning.
1301 2420 166 30 Häremot
1485 2420 59 29 vill
1563 2420 57 38 jag
1639 2420 133 37 anföra,

282 2461 50 27 att
353 2459 370 32 utlandssvenskarnas
746 2460 159 40 förening
927 2463 81 37 äger
1029 2462 168 39 ingående
1219 2463 200 31 kännedom
1442 2474 58 20 om
1523 2464 42 30 de
1586 2463 188 32 återvända

283 2503 370 32 utlandssvenskarnas
681 2505 143 39 tidigare
851 2505 253 38 förhållanden,
1133 2511 50 27 att
1209 2509 355 30 utlandssvenskarna
1593 2508 97 32 finna
1718 2510 56 30 det
