1860 2788
470 146 118 30 Andra
615 146 245 39 lagutskottets
887 145 179 29 utlåtande
1091 154 43 20 nr
1156 147 51 29 32.
1579 142 20 30 9

561 273 572 44 Nyetableringssakkunniga.

137 371 76 29 Med
234 371 75 30 stöd
329 380 42 20 av
390 370 124 38 Kungl.
535 369 124 39 Maj:ts
679 368 276 40 bemyndigande
975 368 66 29 den
1063 367 39 30 14
1121 368 79 38 juni
1223 367 83 29 1946
1326 367 192 29 tillkallade
1539 367 59 29 då-

92 423 152 29 varande
275 422 123 29 chefen
429 421 54 29 för
513 419 435 40 handelsdepartementet,
980 418 187 30 statsrådet
1198 418 145 39 Myrdal,
1376 417 221 39 sakkunniga

94 473 54 29 för
165 474 50 28 att
231 473 122 29 utreda
370 472 122 38 frågan
510 480 55 20 om
583 470 146 30 behovet
746 471 50 29 att
812 469 198 39 undanröja
1029 469 138 30 enskild
1185 468 412 40 nyetableringskontroll

93 524 95 29 inom
216 523 225 38 näringslivet
469 522 63 29 och
560 522 93 29 vissa
681 520 187 40 olämpliga
896 519 380 31 konkurrensmetoder
1307 519 113 30 såsom
1448 518 149 39 bojkott,

93 573 252 30 exklusivavtal
370 573 64 29 och
459 571 365 41 prisdifferentiering.
851 571 366 38 Utredningsmännen
1243 571 105 37 antog
1372 569 227 39 benämning-

93 633 42 21 en
152 623 493 39 nyetableringssakkunniga.
663 622 109 29 Deras
790 622 158 39 uppdrag
966 621 204 38 utvidgades
1189 629 122 31 genom
1330 620 125 38 Kungl.
1473 619 126 39 Maj:ts

93 675 113 29 beslut
223 675 66 28 den
310 675 38 28 12
367 674 184 29 november
571 672 84 30 1948
673 673 51 28 till
743 674 49 28 att
809 681 80 21 avse
907 673 85 28 även
1011 672 123 38 frågan
1153 681 56 19 om
1228 671 145 29 behovet
1391 680 42 21 av
1450 670 148 38 lagstift-

94 726 83 38 ning
196 725 54 29 för
269 726 49 27 att
337 725 179 28 motverka
534 732 42 21 ur
596 723 217 38 samhällelig
833 722 179 40 synpunkt
1032 722 158 38 skadliga
1209 721 220 29 kartellavtal
1448 730 45 20 m.
1513 730 45 21 m.

137 776 49 30 De
205 775 220 39 sakkunniga
443 775 63 29 har
524 775 66 28 den
609 773 40 30 20
669 773 194 40 september
884 773 80 29 1951
986 772 127 39 avgivit
1131 772 219 29 betänkande
1375 771 100 33 (SOU
1497 771 99 29 1951:

94 826 39 29 27
153 826 64 29 och
236 825 58 34 28)
317 826 79 29 med
415 825 130 39 förslag
562 825 44 29 bl.
627 834 29 20 a.
676 824 52 29 till
747 824 54 39 lag
820 833 56 20 om
896 823 111 39 skydd
1026 825 73 27 mot
1118 821 306 41 samhällsskadlig
1443 822 156 29 konkur-

94 877 316 38 rensbegränsning
431 877 95 29 inom
549 875 238 39 näringslivet.

137 927 241 29 Betänkandet
399 928 38 29 är
457 926 255 29 undertecknat
733 935 42 20 av
796 925 197 31 dåvarande
1015 925 339 32 statssekreteraren,
1377 932 146 21 numera
1545 931 54 31 ge-

94 977 299 30 neraldirektören
420 977 50 29 fil.
500 977 39 28 dr
568 976 152 29 Richard
749 976 148 33 Sterner,
926 975 222 33 ordförande,
1177 973 382 39 organisationschefen
1588 973 10 29 i

95 1027 229 40 Kooperativa
352 1027 196 34 förbundet,
576 1026 50 30 fil.
654 1026 54 30 lic.
735 1025 148 31 Mauritz
910 1026 138 33 Bonow,
1075 1025 258 29 verkställande
1362 1024 199 29 direktören
1587 1024 12 29 i

95 1079 154 38 Sveriges
284 1077 356 41 köpmannaförbund
676 1076 124 30 Gustaf
835 1076 211 39 Borgström,
1082 1075 258 30 verkställande
1364 1075 200 29 direktören
1588 1075 10 28 i

95 1129 155 39 Sveriges
271 1128 299 40 grossistförbund
593 1128 107 29 Einar
721 1127 138 36 Kördel,
882 1126 107 30 andre
1011 1126 237 30 ordföranden
1271 1126 10 29 i
1304 1125 296 39 Landsorganisa-

95 1179 117 29 tionen
239 1179 11 28 i
277 1179 137 38 Sverige
440 1179 106 29 Einar
573 1178 184 33 Norrman,
786 1177 107 29 andre
922 1176 199 30 direktören
1150 1176 10 29 i
1188 1175 154 40 Sveriges
1371 1175 224 30 industriför-

92 1231 96 29 bund
215 1231 88 30 Kurt
330 1230 189 39 Söderberg
546 1231 90 28 samt
663 1230 237 29 ordföranden
926 1229 10 29 i
964 1228 130 30 Skånes
1122 1228 147 40 speceri-
1294 1228 64 29 och
1385 1228 213 30 livsmedels-

94 1280 334 33 handlareförbund,
454 1279 226 30 handlanden
706 1279 143 29 Gunnar
874 1278 198 38 Wahlberg.
1120 1278 12 29 I
1157 1276 334 40 överläggningarna
1516 1276 79 29 med

95 1331 360 39 utredningsmännen
490 1330 63 29 har
591 1330 116 29 såsom
744 1329 173 29 särskilda
955 1329 222 38 sakkunniga
1215 1327 143 39 deltagit
1395 1327 201 30 direktören

94 1384 9 28 i
125 1382 322 29 Kemisk-tekniska
468 1382 64 28 och
553 1379 437 31 livsmedelsfabrikanters
1011 1379 162 39 förening
1199 1378 174 35 (KeLiFa)
1400 1379 38 29 K.
1460 1378 37 29 E.
1519 1378 81 29 Gill-

95 1433 90 38 berg,
211 1433 92 28 förre
328 1431 257 30 verkställande
611 1430 199 30 direktören
836 1431 11 28 i
872 1429 301 39 Mjölkeentralen,
1200 1429 247 29 lantmännens
1472 1428 128 39 mjölk-

95 1482 393 39 försäljningsförening
506 1490 32 20 u.
557 1491 32 29 p.
609 1491 40 23 a.,
669 1480 77 30 Carl
764 1480 210 29 Utterström
995 1481 89 29 samt
1103 1479 249 30 förutvarande
1372 1479 228 29 verkställan-

95 1535 40 28 de
164 1532 199 30 direktören
392 1534 10 28 i
433 1531 154 39 Sveriges
616 1531 206 30 hantverks-
850 1531 64 29 och
944 1529 479 39 småindustriorganisation,
1453 1538 146 20 numera

95 1583 257 30 verkställande
375 1583 199 28 direktören
599 1582 9 29 i
635 1582 153 29 Svenska
813 1580 523 39 tidningsutgivareföreningen
1360 1580 87 29 J.-O.
1473 1579 127 39 Modig.

139 1634 49 29 De
209 1633 239 39 sakkunnigas
467 1633 131 38 förslag
618 1634 37 27 är
675 1632 75 31 icke
770 1632 178 38 enhälligt.
969 1631 225 29 Reservation
1214 1631 63 29 har
1297 1630 145 39 avgivits
1463 1639 42 21 av
1524 1630 77 29 her-

95 1694 57 20 rar
172 1685 211 38 Borgström,
404 1683 126 30 Kördel
550 1684 64 28 och
637 1683 199 38 Söderberg,
857 1683 10 28 i
887 1682 116 29 vilken
1024 1682 213 29 reservation
1258 1682 121 29 herrar
1400 1680 115 39 Modig
1535 1681 65 29 och

96 1735 208 29 Utterström
329 1735 154 29 instämt.
508 1734 109 29 Dessa
642 1742 165 31 personer
832 1733 64 29 har
921 1733 157 38 avstyrkt
1103 1732 185 31 införande
1314 1741 41 20 av
1381 1731 220 39 lagstiftning

95 1786 44 39 på
159 1786 166 29 området.
348 1785 147 29 Särskilt
514 1784 162 39 yttrande
697 1784 63 30 har
780 1783 174 39 därjämte
975 1782 145 40 avgivits
1141 1792 42 20 av
1203 1782 79 29 herr
1304 1782 159 38 Gillberg,
1483 1781 117 30 vilken

96 1836 157 29 förordat
273 1845 41 21 en
336 1835 219 39 lagstiftning
575 1845 42 19 av
638 1843 116 20 annan
777 1836 52 27 art
850 1835 43 28 än
915 1834 65 29 den
1002 1843 41 20 av
1063 1833 223 38 majoriteten
1308 1833 207 37 föreslagna.

140 1885 87 30 Över
249 1886 235 29 betänkandet
508 1885 62 29 har
594 1885 205 29 utlåtanden
822 1883 187 30 inkommit
1032 1883 80 29 från
1137 1884 84 28 Svea
1245 1883 147 33 hovrätt,
1416 1883 185 28 hovrätten

96 1936 54 28 för
174 1935 124 29 Västra
323 1935 146 38 Sverige,
496 1934 290 38 socialstyrelsen,
812 1933 493 38 arbetsmarknadsstyrelsen,
1331 1931 266 39 bostadsstyrel-

97 1996 69 26 sen,
194 1987 259 32 statskontoret,
479 1986 108 28 bank-
613 1985 64 29 och
704 1984 343 40 fondinspektionen,
1074 1983 367 39 lantbruksstyrelsen,
1470 1984 131 27 statens

95 2037 335 38 jordbruksnämnd,
461 2035 380 39 kommerskollegium,
871 2036 134 38 patent-
1034 2035 64 29 och
1129 2034 372 38 registreringsverket,
1532 2034 70 28 för-

98 2087 417 39 säkringsinspektionen,
536 2088 132 28 statens
687 2086 161 29 handels-
866 2086 64 28 och
949 2084 395 36 industrikommission,
1365 2085 131 28 statens
1515 2084 87 39 pris-

97 2137 296 33 kontrollnämnd,
417 2137 154 38 Sveriges
594 2136 317 33 industriförbund,
936 2135 154 38 Sveriges
1113 2134 309 39 grossistförbund,
1446 2133 156 39 Sveriges

98 2188 365 39 köpmannaförbund,
490 2187 155 38 Sveriges
669 2187 204 28 hantverks-
898 2186 63 29 och
987 2184 478 39 småindustriorganisation,
1493 2184 109 29 Sveri-

98 2246 56 29 ges
174 2237 348 33 lantbruksförbund,
542 2237 230 38 Kooperativa
792 2236 198 33 förbundet,
1011 2235 155 38 Sveriges
1185 2234 293 38 redareförening,
1500 2235 102 28 Sven-

99 2288 60 29 ska
189 2287 311 38 bankföreningen,
533 2287 153 29 Svenska
718 2285 338 38 försäkringsbolags
1087 2284 239 33 riksförbund,
1358 2284 154 38 Sveriges
1542 2284 61 28 all-

99 2339 128 27 männa
259 2336 293 40 exportförening,
586 2337 130 28 Svensk
751 2335 325 37 industriförening,
1110 2334 153 30 Svenska
1296 2333 307 38 arbetsgivareför-

98 2387 157 38 eningen,
287 2386 401 38 Landsorganisationen
722 2387 8 27 i
764 2386 146 37 Sverige,
941 2385 320 38 Tjänstemännens
1292 2384 311 36 centralorganisa-

99 2436 71 29 tion
214 2436 134 34 (TCO),
388 2436 154 37 Sveriges
580 2435 430 37 husmodersföreningars
1047 2434 241 35 riksförbund,
1327 2433 275 30 Riksförbundet
